3950 6312
166 357 316 416 1οΞ5

814 356 1096 418 HETERII
1132 359 1224 419 ET
1267 361 1324 418 s.
1364 359 1569 418 BEATI
1606 361 1701 418 AD
1736 358 2133 422 ELIPANDUM
2169 363 2386 421 EPIST.
2424 351 2496 409 ς
2532 368 2659 425 LIB.
2699 370 2762 426 ιι.

3292 379 3432 444 1026

161 479 399 548 generat
446 473 514 528 ad
560 479 809 528 mortem.
878 471 1006 529 Haec
1061 490 1186 546 pars
1233 491 1354 545 qute
1403 482 1628 548 generat
1682 475 1750 530 ad
1777 476 1978 538 Aoum
2010 479 2191 535 verbis
2235 482 2399 536 corda
2433 483 2699 549 inﬁciunt,
2753 485 2810 540 in
2853 501 3018 556 opere
3069 463 3431 556 innocentiam

163 572 441 627 mortem,
504 577 611 616 nox
660 561 877 617 dicitur.
929 562 1093 617 Fiunt
1146 572 1202 619 et
1250 565 1338 620 hic
1384 566 1650 634 baptisma
1700 571 1756 619 et

164 656 354 711 omnia
405 653 772 710 ecclesiastica
815 663 1187 722 sacramenta;
1245 657 1339 712 sed
1381 658 1510 727 quia
1545 665 1601 712 et
1646 658 1757 713 hae-

164 745 327 801 retici
370 743 550 810 ﬁdem,
593 751 648 798 et
700 743 900 799 subditi
931 759 1139 811 eorum,
1183 761 1318 815 quos
1352 754 1562 818 regunt,
1589 761 1756 817 opere

163 822 294 894 a'se
317 835 559 890 dividunt
591 833 890 901 Christum,
921 843 977 890 et
1003 852 1168 891 unum
1193 835 1444 892 videntur
1473 837 1753 894 nobiscum

164 940 460 985 commune
511 925 715 981 habere
762 926 949 980 altare.
997 926 1068 982 Et
1113 927 1237 982 inde
1281 943 1476 985 nomen
1517 929 1754 998 paterni-

164 1019 302 1074 tatis
343 1023 641 1081 assumunt,
687 1031 786 1086 per
827 1032 989 1086 quam
1017 1018 1095 1072 'et
1125 1027 1458 1073 sacramenta
1500 1019 1753 1076 Ecclesiae

163 1123 436 1178 usurpare
470 1117 824 1178 praasumunt.
856 1106 1128 1164 Generant
1169 1109 1386 1179 quidem
1431 1109 1602 1177 ﬁlios,
1657 1110 1752 1166 sed

163 1214 300 1269 quia
340 1197 509 1253 Adam
550 1207 704 1254 vetus
748 1207 847 1264 est,
878 1214 988 1254 non
1031 1198 1100 1253 ad
1137 1200 1306 1254 vitam
1341 1209 1616 1271 generant,
1657 1203 1752 1258 sed

163 1290 239 1344 ad
265 1297 496 1344 mortem
528 1302 544 1342 :
576 1290 771 1358 'patres
805 1289 872 1344 ab
906 1289 1169 1360 imperitis
1208 1299 1492 1357 vocantur,
1531 1291 1625 1346 sed
1652 1305 1752 1361 pro

162 1394 236 1434 eo
260 1378 407 1449 quod
431 1387 576 1434 recta
598 1394 706 1434 non
732 1379 1044 1451 loquuntur,
1072 1397 1233 1436 canes
1257 1382 1391 1437 muti
1424 1397 1452 1436 a
1485 1383 1748 1453 propheta

163 1478 565 1540 nuncupantur,
611 1471 704 1542 qui
753 1471 831 1527 ait
874 1485 890 1527 :
941 1471 1108 1528 Canes
1158 1475 1328 1541 muti,
1375 1491 1480 1530 non
1519 1475 1747 1532 valentes

162 1558 393 1614 latrare.

239 1651 424 1706 XCIV.
464 1652 652 1708 Patres
680 1667 808 1708 vero
836 1653 1218 1710 haereticorum
1250 1655 1481 1712 dicimus
1508 1670 1624 1722 eos,
1667 1657 1749 1712 vi-

163 1741 384 1808 delicet,
439 1757 576 1812 quos
624 1743 1012 1800 haeresiarchas
1064 1760 1341 1801 vocamus.
1388 1747 1465 1803 De
1513 1762 1744 1818 quorum

1856 566 2164 623 ostendunt.
2191 569 2377 640 Neque
2405 571 2553 627 enim
2586 573 2653 628 ad
2682 589 2741 630 se
2768 576 2941 633 bonos
2961 584 3312 649 persuasione
3334 604 3432 645 sua

1853 656 2150 723 traherent,
2171 658 2218 714 si
2243 674 2301 714 se
2321 660 2442 715 etin
2457 663 2759 719 actionibus
2778 681 3064 736 perversos
3086 673 3429 734 exhiberent.

1857 766 1864 770 κ
1924 747 2126 804 Χαγιι.
2168 749 2273 806 Sed
2296 752 2420 821 quia
2462 761 2624 810 testes
2650 755 2807 825 hujus
2833 760 3075 830 perplexi
3111 765 3293 822 nervis
3322 767 3428 824 illi-

1854 848 2069 910 gantur,
2093 849 2149 896 et
2173 851 2352 898 rectos
2374 857 2432 897 se
2458 852 2736 904 ostentant
2750 859 2809 904 ut
2835 850 3065 918 lateant,
3093 863 3146 909 et
3176 872 3431 926 perversa

1851 933 2148 1002 corripiant
2176 943 2235 989 ut
2284 948 2662 1008 corrumpant,
2712 940 2888 1010 ipsum
2932 943 3051 1000 sine
3085 947 3248 1002 dubio
3275 965 3429 1005 suum

1851 1030 2013 1092 caput
2055 1023 2349 1093 imitantes,
2382 1028 2472 1096 qui
2512 1029 2668 1099 quasi
2714 1030 2798 1087 leo
2829 1034 2980 1089 sedet
3021 1035 3078 1090 in
3117 1037 3345 1106 insidiis,
3376 1049 3431 1095 et

1852 1114 2003 1170 saevit
2046 1129 2143 1184 per
2165 1117 2465 1186 potentiam
2510 1121 2713 1176 terreni
2745 1122 3014 1192 culminis,
3053 1133 3110 1181 et
3153 1128 3430 1186 blanditur

1850 1218 1947 1275 per
1992 1206 2228 1275 speciem
2276 1210 2602 1267 sanctitatis.
2654 1213 2760 1270 Sed
2813 1215 3177 1276 Antichristus
3220 1221 3428 1277 utinam

1851 1303 1980 1351 tunc
2010 1296 2182 1352 solum
2210 1299 2338 1354 talia
2386 1309 2571 1372 ageret
2615 1319 2712 1359 suo
2738 1313 3021 1377 tempore,
3053 1315 3106 1364 et
3135 1325 3277 1364 nunc
3299 1325 3428 1381 quo-

1849 1402 1954 1458 que
1985 1389 2052 1444 ad
2079 1392 2525 1459 corrumpendam
2551 1392 2710 1449 ﬁdem
2739 1405 2794 1450 et
2821 1396 3057 1452 ﬁdelium
3086 1399 3298 1456 viscera
3327 1401 3426 1458 hos

1847 1478 2142 1568 haereticos.
2163 1481 2389 1538 luxuria:
2416 1485 2694 1542 testiculos
2719 1502 2826 1542 non
2852 1487 3116 1544 haberet!

1917 1573 2142 1630 XCVIII.
2180 1574 2362 1646 Neque
2393 1577 2540 1632 enim
2572 1578 2774 1634 malum
2804 1579 2916 1634 sola
2944 1580 3174 1638 lectione
3197 1582 3308 1639 oris
3336 1582 3412 1638 in-

1847 1663 2108 1733 funditur,
2134 1667 2227 1722 sed
2251 1665 2404 1738 pejus
2433 1677 2488 1724 et
2518 1685 2549 1724 a
2570 1670 2816 1741 pluribus
2838 1672 3018 1742 operis
3041 1675 3285 1746 exempla
3305 1690 3426 1746 pro-

1846 1758 2084 1831 pinatur.
2118 1758 2290 1828 Quam
2330 1761 2487 1816 multi
2530 1763 2672 1819 enim
2714 1764 3108 1822 Antichristum
3144 1784 3252 1823 non
3278 1769 3426 1825 vide—

160 1843 424 1898 perversa
447 1831 859 1902 praedicatione,
890 1833 945 1888 id
973 1842 1056 1889 est
1080 1835 1366 1892 locutionis
1386 1836 1625 1905 fsemine,
1664 1853 1744 1894 se-

1847 1859 2003 1917 runt,
2033 1852 2127 1907 sed
2153 1860 2333 1906 tamen
2356 1853 2592 1908 testiculi
2613 1855 2901 1923 ejus.sunt,
2929 1858 3055 1927 quia
3079 1847 3423 1913 corda'iuno-

163 1931 396 1991 quentes
425 1932 548 1979 sunt
572 1923 756 1995 populi
785 1925 842 1980 in
868 1941 1054 1982 errore
1083 1929 1342 1999 generati.
1376 1928 1574 1986 Sancta
1614 1946 1744 1986 vero

164 2013 413 2069 Ecclesia
441 2031 563 2070 cum
589 2017 815 2071 canibus
836 2018 1037 2089 gregis,
1075 2019 1169 2088 qui
1211 2029 1337 2075 sunt
1365 2021 1744 2078 haereticorum

162 2112 388 2174 patres,
434 2119 636 2176 ponere
683 2106 1035 2178 dedignatur,
1077 2109 1202 2179 quia
1243 2110 1551 2166 inventores
1588 2126 1744 2168 erro-

162 2211 293 2249 rum
311 2195 604 2265 judicando
652 2199 877 2268 respuit,
919 2214 1119 2270 eosque
1167 2201 1311 2258 inter
1347 2219 1507 2258 veros
1554 2203 1746 2260 Patres

157 2302 464 2343 numerare
490 2289 800 2345 contemnit.
829 2289 934 2345 Pro
964 2307 1028 2346 eo
1057 2299 1236 2348 tamen
1257 2294 1400 2362 quod
1427 2295 1494 2349 de
1519 2295 1746 2352 Domino

157 2386 366 2432 nostro
390 2378 519 2434 Jesu
547 2378 759 2436 Christo
792 2397 901 2437 non
928 2388 1076 2437 recta
1105 2383 1364 2450 sentiunt,
1390 2399 1483 2440 eos
1508 2401 1630 2440 cum
1655 2400 1746 2440 ca-

159 2469 334 2523 nibus
382 2470 561 2541 gregis
595 2470 677 2525 sui
709 2486 816 2527 non
866 2482 1058 2543 ponet,
1109 2475 1235 2543 quia
1279 2489 1373 2530 eos
1423 2491 1546 2531 cum
1583 2477 1746 2531 rectis

158 2562 616 2633 prmdicatoribus
662 2579 770 2619 non
828 2565 1067 2621 ascribit.
1119 2566 1350 2636 Liquido
1402 2567 1547 2622 enim
1596 2577 1746 2640 patet

160 2653 316 2723 quod
343 2654 526 2720 Arius,
558 2654 836 2722 Photinus,
865 2656 1124 2722 Bonosus,
1158 2657 1520 2723 Macedonius,
1557 2658 1748 2716 Nesto-

161 2746 302 2810 rins,
350 2746 668 2818 Eutychius,
713 2748 1024 2814 Dioscorus,
1055 2751 1307 2818 Severus,
1345 2759 1401 2808 et
1430 2753 1519 2808 hic
1544 2753 1746 2808 nostris

161 2839 336 2894 modo
364 2842 701 2910 temporibus
725 2842 1039 2912 Elipandus,
1087 2844 1348 2914 multique
1373 2846 1566 2901 horum
1596 2846 1747 2901 simi-

161 2930 275 2995 Ics,
338 2929 581 2987 docendo
619 2941 782 3002 atque
832 2935 1107 2990 suadendo
1163 2936 1342 2991 conati
1383 2945 1507 2992 sunt
1564 2937 1746 2992 Eccle-

161 3022 311 3076 siam
359 3023 586 3079 illudere
619 3031 674 3079 et
705 3032 888 3094 patres
926 3025 1118 3082 videri.
1175 3025 1373 3082 Sancta
1424 3028 1747 3083 universalis

160 3115 411 3170 Ecclesia
441 3117 687 3172 districta
720 3117 948 3172 veritate
987 3117 1318 3188 dijudicans,
1347 3135 1441 3175 eos
1475 3121 1614 3174 inter
1653 3136 1747 3175 eu-

161 3205 354 3260 stodes
383 3207 561 3277 gregis
585 3207 666 3262 sui
693 3223 800 3262 non
825 3217 1104 3277 numerat,
1135 3226 1269 3280 quos
1297 3208 1534 3279 ejusdem
1568 3213 1745 3284 gregis

159 3300 434 3353 unitatem
461 3299 783 3370 dissipantes
805 3302 1044 3356 damnat.
1085 3302 1164 3358 De
1190 3303 1385 3373 quibus
1435 3319 1565 3361 voce
1591 3304 1744 3360 Pauli

160 3391 422 3459 Ephesiis
463 3390 660 3445 dicitur
698 3409 713 3446 :
758 3390 882 3447 Scio
927 3394 1051 3464 quia
1075 3403 1191 3464 post
1234 3394 1519 3449 discessum
1569 3412 1743 3450 meum

156 3481 526 3550 ingredientur
554 3482 623 3536 ad
649 3499 735 3538 vos
766 3483 875 3555 lupi
903 3501 1083 3556 graves
1112 3501 1218 3540 non
1241 3496 1507 3558 parcentes
1531 3489 1693 3558 gregi.

243 3571 402 3626 XCV.
443 3559 511 3627 Et
547 3574 674 3645 quia
725 3576 1013 3646 aliquando
1060 3578 1301 3634 haeretici
1330 3587 1530 3650 quanto
1572 3579 1744 3650 magis

158 3662 223 3718 in
257 3660 498 3731 perﬁdiae
529 3678 715 3720 errore
751 3665 1115 3733 blandiuntur,
1153 3675 1305 3724 tanto
1338 3671 1512 3741 magis
1545 3673 1744 3726 sancti-

157 3760 334 3810 tatem
365 3754 656 3823 simulant;
686 3766 742 3813 et
766 3760 920 3827 quasi
945 3767 1095 3816 tanta
1124 3762 1352 3832 amplius
1377 3763 1434 3818 in
1457 3765 1744 3824 exterioris

153 3858 291 3899 esse
315 3845 649 3914 operatione,
679 3845 756 3901 ita
785 3856 844 3903 ut
865 3864 1026 3919 agere
1049 3865 1161 3920 pra:
1191 3853 1404 3908 caeteris
1432 3868 1624 3925 magna
1661 3856 1742 3909 vi-

153 3938 388 3992 dentur.
440 3937 642 3993 Sancta
681 3938 1000 3997 universalis
1043 3942 1285 3999 Ecclesia
1325 3953 1520 4001 cuncta
1554 3962 1742 4003 eorum

149 4040 334 4096 opera
370 4028 616 4098 despicit,
647 4021 774 4100 quia
798 4045 862 4086 ea
887 4047 954 4086 ex
979 4035 1271 4091 autoritate
1295 4045 1456 4093 recta:
1488 4037 1611 4095 ﬁdei
1635 4030 1750 4096 non.

152 4118 394 4187 prodire
418 4121 705 4189 cognoscit.
727 4120 832 4176 Per
852 4124 953 4178 hos
976 4124 1344 4184 Antichristus
1365 4129 1467 4186 sibi
1491 4129 1630 4186 ﬁlios
1651 4118 1744 4202 έδ-

150 4216 353 4274 nerat,
385 4224 520 4278 quos
549 4212 603 4267 in
632 4212 864 4270 adventu
895 4230 994 4272 suo
1020 4214 1318 4275 foedissimo
1343 4228 1508 4277 testes
1536 4223 1592 4277 in
1633 4204 1752 4279 Ec;

149 4299 334 4354 elesia
367 4299 578 4357 habeat.

237 4409 422 4466 XCVI.
452 4411 520 4468 Ili
549 4416 786 4472 testiculi
811 4417 1130 4476 Antichristi
1145 4431 1289 4489 sunt,
1316 4424 1382 4479 de
1404 4442 1635 4496 quorum
1659 4443 1740 4484 se-

150 4501 314 4556 mine
340 4515 593 4571 perversa
611 4508 790 4576 proles
814 4509 1065 4581 gignitur,
1086 4528 1205 4582 quae
1230 4514 1285 4569 in
1302 4515 1622 4574 Antichristi
1643 4535 1737 4577 ore

148 4590 472 4660 copulatur.
505 4593 658 4650 Unde
691 4606 741 4653 et
764 4614 862 4668 per
887 4599 987 4657 Job
1010 4617 1080 4657 ex
1104 4618 1234 4659 voce
1262 4605 1584 4664 Antichristi
1610 4611 1742 4668 dicin

147 4691 294 4736 tur:
333 4680 498 4736 Nerei
527 4686 882 4742 testiculorum
932 4692 1046 4760 ejus
1078 4694 1309 4764 perplexi
1335 4705 1456 4750 sunt
1479 4697 1622 4771 (Job.
1647 4717 1738 4770 XL,

146 4776 277 4845 12).
313 4776 517 4832 Tantos
561 4779 664 4836 iste
691 4779 1056 4841 Antichristus
1096 4795 1260 4844 testes
1299 4790 1478 4859 habet,
1510 4802 1743 4864 quantos

147 4868 471 4937 iniquitatis
498 4887 607 4925 sua:
635 4873 1016 4941 praedicatores
1037 4879 1293 4948 possidet.
1321 4882 1404 4938 An
1431 4883 1548 4953 ejus
1575 4895 1743 4943 testes

145 4976 272 5015 non
298 4969 450 5026 sunt,
478 4962 568 5030 qui
597 4965 779 5032 pravis
806 4970 1248 5046 persuasionibus
1270 4976 1434 5030 corda
1465 4976 1740 5034 hominum

144 5050 434 5105 virulenta
450 5055 652 5109 erroris
680 5057 886 5114 semina
913 5058 1183 5118 fundendo
1197 5070 1582 5136 corrumpunt?
1605 5071 1744 5140 Apte

139 5149 346 5197 autem
377 5143 574 5198 dicitur
611 5149 751 5216 quod
780 5150 1139 5206 testiculorum
1179 5156 1294 5225 ejus
1336 5160 1476 5211 nerei
1514 5160 1742 5231 perplexi

137 5241 301 5296 sunt,
328 5234 458 5302 quia
499 5236 749 5294 videlicet
783 5241 1201 5310 praedicatorum
1238 5246 1382 5302 illius
1427 5259 1744 5319 argumenta

137 5325 368 5382 dolosis
401 5328 788 5385 assertionibus
831 5332 1180 5403 innodantur,
1217 5327 1292 5392 ut.
1314 5348 1461 5395 recta
1513 5356 1632 5397 esse
1670 5344 1747 5398 si-

133 5418 374 5475 mulent
402 5433 522 5488 quae
571 5437 828 5491 perversa
873 5431 1239 5498 persuadent;
1270 5441 1330 5487 ut
1371 5435 1742 5506 alligationum
1785 5454 1798 5468 ι

132 5510 492 5581 implicatio,
535 5517 687 5583 quasi
729 5533 1018 5574 nervorum
1063 5521 1328 5590 plexibus,
1374 5536 1432 5580 ut
1480 5528 1538 5594 si
1573 5529 1742 5584 videri

132 5601 351 5674 possit,
392 5601 527 5656 solvi
577 5619 682 5659 non
723 5609 912 5678 possit.
943 5609 1017 5664 De
1046 5625 1144 5666 suo
1187 5611 1306 5680 ejus
1354 5615 1588 5671 testiculi
1617 5613 1742 5687 per-

129 5695 348 5767 plexos
375 5694 592 5761 habent,
611 5698 738 5767 quia
765 5701 1012 5758 acumine
1037 5703 1449 5772 praadieatorum
1478 5708 1620 5764 illius
1641 5711 1742 5766 sub

129 5787 496 5860 argumentis
541 5789 842 5863 duplicibus
890 5794 1077 5886 latent.
1133 5796 1462 5889 Plerumque
1524 5812 1738 5873 autem,

1769 3187 1818 3253 Β

1846 1942 2085 1998 centium
2124 1943 2355 1998 actionis
2402 1960 2512 1999 sure
2557 1947 2804 2017 exemplo
2833 1951 3225 2020 corrumpunt?
3269 1949 3426 2017 Quis-

1846 2035 1968 2106 quis
2003 2050 2236 2105 namque
2263 2035 2319 2090 in
2349 2037 2657 2106 superbiam
2683 2040 2980 2107 extollitur,
3027 2043 3271 2111 quisquis
3300 2058 3426 2097 ava—
3505 2031 3508 2035 ’

1845 2127 1984 2181 ritia:
2035 2125 2301 2182 desiderio
2353 2129 2625 2184 cruciatur
2652 2171 2667 2196 ,
2731 2132 2973 2203 quisquis
3034 2134 3260 2188 luxuria:
3324 2150 3421 2188 vo.-

1843 2217 2136 2287 luptatibus
2179 2219 2432 2284 solvitur,
2479 2210 2722 2292 quisquis
2762 2211 2974 2292 injusta:
3037 2234 3092 2279 et
3149 2226 3417 2280 immode-

1845 2316 1975 2362 ratte
2002 2309 2096 2363 irae
2120 2309 2301 2380 ﬂagris
2345 2309 2611 2377 innititur,
2641 2313 2768 2382 quid
2789 2313 2935 2368 aliud
2970 2313 3076 2370 nisi
3096 2313 3423 2370 Antichristi

1845 2404 1998 2458 testis
2026 2405 2140 2459 est?
2172 2405 2263 2474 qui
2289 2406 2416 2461 dum
2437 2422 2495 2462 se
2536 2407 2765 2464 libenter
2809 2409 2925 2480 ejus
2946 2412 3134 2468 usibus
3159 2412 3417 2482 implicat,

1845 2495 2092 2564 exemplo
2124 2511 2222 2551 suo
2248 2497 2368 2552 aliis
2394 2499 2597 2554 erroris
2623 2498 2765 2556 fetus
2791 2502 3082 2558 ministrat.
3121 2504 3214 2560 Ille
3255 2523 3418 2576 prava

1846 2586 1984 2654 agit,
2013 2586 2104 2640 ille
2129 2602 2294 2656 prava
2322 2590 2604 2658 agentibus
2648 2592 2801 2646 adest
2823 2601 2877 2648 et
2907 2595 3165 2650 adlmret.
3217 2597 3283 2651 Et
3318 2614 3425 2653 non

1844 2675 2018 2730 solum
2058 2692 2165 2731 non
2211 2678 2474 2748 increpat,
2523 2682 2618 2736 sed
2672 2683 2836 2737 etiam
2880 2684 3042 2740 favet.
3108 2686 3246 2754 Quid
3298 2705 3427 2760 ergo

1846 2765 1993 2821 aliud
2019 2782 2180 2835 quam
2209 2767 2530 2824 Antichristi
2559 2784 2746 2827 servus
2772 2781 2883 2839 cst,
2932 2775 3024 2843 qui
3058 2777 3290 2845 perdidit
3331 2771 3426 2830 au-

1846 2859 2152 2914 ctoritatcm
2183 2861 2463 2930 promissae
2505 2863 2616 2917 Deo
2648 2863 2770 2918 ﬁdei
2818 2866 3141 2922 testimoniis
3176 2871 3428 2925 erroris?

1847 2949 1992 3017 Quos
2021 2958 2199 3005 tamen
2242 2951 2286 3005 si
2317 2953 2437 3021 quis
2481 2952 2744 3022 increpet,
2792 2949 2918 3010 mo'x
2949 2971 3006 3012 se
3058 2959 3160 3014 sub
3191 2961 3422 3034 quodam

1847 3039 2112 3094 velamine
2130 3039 2459 3097 defensionis
2481 3043 2774 3098 occultant.
2800 3044 2936 3112 Quia
2961 3047 3211 3104 videlicet
3235 3066 3422 3107 eorum

1849 3131 1999 3185 nervi
2014 3131 2254 3202 perplexi
2280 3142 2425 3200 sunt,
2453 3143 2507 3190 et
2524 3136 2662 3191 male
2685 3122 2949 3207 impliciti,
2967 3141 3059 3209 qui
3081 3145 3426 3213 corruptione

1850 3220 1982 3277 solvi
2007 3237 2347 3292 nequaquam
2373 3226 2598 3292 possint.
2638 3227 2706 3282 Et
2735 3239 2955 3296 apparet
2985 3233 3239 3302 quiddam
3262 3236 3316 3290 in
3344 3238 3425 3293 eis

1847 3313 1989 3382 quod
2027 3311 2224 3377 doleat,
2261 3314 2354 3368 sed
2383 3314 2514 3370 latet
2536 3318 2929 3389 quod'pungat.
2971 3320 3189 3379 Amaris
3212 3325 3419 3395 dulcia,

1845 3403 2024 3458 noxiis
2053 3404 2248 3458 blanda
2292 3407 2650 3476 permiscent;
2691 3417 2745 3464 et
2778 3418 3047 3478 potestate
3073 3415 3288 3482 quidem
3331 3418 3426 3472 ad-

1845 3492 2077 3547 mirandi
2107 3494 2276 3549 videri
2309 3505 2586 3566 appetunt,
2634 3500 2728 3554 sed
2757 3500 2944 3556 fallent
2970 3511 3104 3567 arte,
3143 3508 3422 3574 praemissa

1844 3583 2111 3654 colloquia
2140 3585 2388 3640 similiter
2416 3588 2860 3658 substernuntur,
2894 3600 2948 3646 et
2975 3608 3071 3663 per
3114 3610 3419 3651 sermonem

1841 3675 1910 3730 de
1934 3690 1992 3730 se
2020 3676 2294 3732 insinuant
2321 3678 2464 3748 quod
2483 3693 2583 3750 per
2607 3682 2997 3738 exhibitionem
3021 3693 3236 3755 negant.
3270 3686 3423 3743 Unde

1842 3779 1898 3829 et
1919 3780 2066 3829 recte
2092 3773 2235 3829 idem
2264 3775 2637 3831 sanctissimus
2663 3777 2792 3832 dicit
2815 3792 2830 3832 :
2863 3777 2996 3833 Ossa
3017 3780 3132 3850 ejus
3150 3820 3164 3846 ,
3192 3781 3328 3835 velut
3358 3782 3423 3849 ﬁ-

1841 3867 1995 3924 stula:
2037 3868 2157 3922 teris
2188 3867 2354 3939 (Ibid.
2401 3887 2531 3924 vers.
2582 3871 2691 3941 l5).
2736 3870 2870 3926 Ossa
2915 3871 3030 3940 ejus
3069 3889 3193 3928 teris
3229 3873 3422 3929 ﬁstula:

1841 3970 2244 4032 comparantur,
2277 3963 2404 4032 quia
2431 3963 2687 4019 nimirum
2711 3980 2862 4020 more
2893 3967 3169 4021 aeramenti
3194 3968 3419 4023 insensi-

1842 4053 1967 4110 bilis
1995 4070 2187 4109 sonum
2217 4055 2354 4110 bene
2379 4054 2631 4126 loquendi
2653 4055 2874 4123 habent,
2907 4059 3001 4113 sed
3028 4073 3245 4113 sensum
3273 4058 3425 4113 intel-

1841 4144 2042 4216 ligendi
2077 4160 2186 4200 non
2226 4145 2444 4202 habent.
2491 4146 2609 4203 Hoc
2661 4161 2892 4216 namque
2943 4147 3096 4216 quasi
3144 4149 3422 4203 humiliter

1841 4242 2091 4290 asserunt
2111 4239 2254 4304 quod
2287 4236 2426 4291 elate
2458 4238 2685 4292 vivendo
2716 4247 3085 4293 contemnunt.
3114 4238 3265 4294 Unde
3280 4241 3415 4295 bene

1747 4355 1752 4361 ι
1841 4339 1939 4393 per
1983 4324 2207 4378 Paulum
2239 4326 2438 4380 dicitur
2476 4345 2489 4381 :
2526 4327 2587 4383 Si
2609 4328 2802 4399 linguis
2848 4330 3113 4383 hominum
3146 4329 3332 4400 loquar
3369 4339 3418 4383 et

1843 4416 2168 4487 angelorum,
2190 4418 2496 4472 charitatem
2521 4429 2696 4474 autem
2722 4437 2827 4476 non
2849 4423 3086 4488 habeam,
3106 4422 3278 4492 factus
3303 4438 3422 4477 sum

1844 4507 1976 4561 velut
2000 4516 2340 4562 (crumentum
2357 4525 2550 4566 sonans
2572 4521 2661 4566 aut
2685 4512 2978 4583 cymbalum
3005 4513 3250 4567 tinniens.
3267 4513 3414 4570 Bona

1847 4599 2044 4669 quippe
2088 4599 2336 4668 loquens,
2383 4602 2476 4656 sed
2505 4617 2602 4672 per
2638 4619 2877 4658 amorem
2901 4604 3090 4658 eadem
3132 4605 3272 4660 bona
3314 4619 3423 4660 non

1845 4707 2096 4762 sequens.
2129 4692 2285 4748 Velut
2328 4709 2403 4749 tes
2445 4704 2537 4749 aut
2578 4695 2885 4766 cymbalum
2934 4690 3420 4765 sonitum'reddit,

1847 4785 1972 4856 quia
2002 4786 2116 4855 ipse
2144 4802 2252 4841 non
2277 4789 2438 4841 sentit
2467 4789 2629 4843 verba
2658 4802 2778 4857 quae
2807 4789 2923 4858 ipse
2949 4787 3098 4841 dicit.
3401 4799 3412 4808 ‘

1915 4878 2100 4934 XCIX.
2138 4879 2220 4932 An
2253 4896 2359 4935 non
2403 4880 2691 4951 Elipandus
2721 4895 2870 4935 more
2899 4878 3131 4950 cymbali
3177 4894 3208 4933 a
3235 4877 3423 4938 Toleto

1845 4973 2081 5027 sonitum
2106 4973 2271 5027 mittit
2297 4981 2351 5028 et
2377 4973 2681 5028 insensatus
2707 4983 2810 5036 est,
2841 4971 2964 5041 quia
2989 4973 3101 5040 ipse
3128 4987 3235 5026 non
3258 4970 3422 5027 sentit

1839 5064 2009 5118 verba
2051 5080 2186 5118 nova
2215 5079 2334 5132 qua:
2377 5065 2538 5119 dicit?
2570 5063 2639 5118 Ut
2685 5064 2826 5117 enim
2855 5063 2985 5118 ﬁdes
3020 5062 3176 5117 ﬁrma
3201 5063 3423 5118 daretur

1845 5153 2114 5218 Ecclesite,
2155 5154 2434 5209 duodecim
2484 5155 2711 5224 apostoli
2741 5161 2866 5208 sunt
2913 5169 2942 5207 a
2967 5153 3186 5208 Christo
3217 5153 3417 5209 electi:

1845 5260 2074 5314 quorum
2100 5246 2320 5307 Petrus,
2351 5261 2475 5300 eum
2495 5255 2641 5301 esset
2669 5261 2855 5300 eorum
2882 5246 3119 5314 primus,
3148 5245 3296 5299 solus
3315 5260 3421 5299 non

1843 5345 1930 5392 est
1977 5351 2141 5391 ausus
2187 5352 2510 5407 componere
2561 5336 2903 5408 Symbolum,
2951 5339 3045 5392 sed
3089 5335 3420 5392 duodenario

1844 5443 2071 5485 numero
2117 5428 2478 5499 apostolorum
2508 5445 2630 5483 cum
2677 5445 2868 5498 magna
2895 5439 2976 5485 est
3007 5429 3216 5483 cautela
3245 5427 3413 5482 colle-

1844 5531 1990 5578 ctum
2045 5532 2100 5576 et
2143 5521 2488 5576 credentibus
2531 5522 2882 5590 assignatum.
2935 5523 3162 5590 Ideoque
3213 5520 3304 5589 qui
3361 5519 3415 5570 in

1845 5613 1937 5668 tali
1982 5613 2318 5668 confessione
2358 5615 2748 5682 permanserit,
2805 5631 2836 5668 a
2876 5613 3290 5684 superveniente
3339 5610 3418 5667 ira

1843 5707 2038 5760 timere
2064 5721 2171 5759 non
2206 5706 2425 5775 poterit.
2467 5705 2759 5761 Duodecim
2785 5706 2997 5759 luerunt
3035 5702 3237 5758 Christi
3263 5701 3415 5754 disci-

1799 5881 1802 5883 λ
1841 5801 1952 5872 puli
1982 5799 2367 5874 praedicatores
2387 5799 2514 5857 ﬁdei
2538 5807 2592 5855 et
2617 5801 2866 5860 doctores
2889 5792 3275 5865 gentium._Qui
3297 5804 3418 5847 cum
