3950 6312
516 345 660 430 ωδε

1523 349 1982 435 ’ᾹΝΟΕΕΒΑΜΝΙ
2027 351 2365 410 METENSIS
2408 350 2712 416 EPISCOPI

3637 358 3773 414 1655

533 437 542 442 ³
593 439 772 522 Ὴηῐὶί
797 458 1079 531 presbyter
1101 475 1322 514 uxorem
1350 475 1500 514 suam
1528 477 1557 514 a
1585 462 1971 532 gubernatione
1990 476 2086 517 sua
2115 463 2160 520 Α
2189 459 2325 527 lens,
2355 464 2872 519 excommunicetur.
2903 463 3037 520 Item
3075 463 3272 532 clerici,
3303 465 3352 522 si
3375 467 3644 539 populum
3671 487 3775 526 non

515 539 623 618 non
645 547 882 618 abjiciat,
912 552 1005 606 sed
1034 561 1181 608 caste
1207 558 1375 622 regat.

528 679 535 690 .
584 639 694 693 VII.
725 639 969 695 Ordinati
997 641 1342 696 saecularibus
1377 641 1523 695 curis
1559 640 1722 695 dediti
1745 638 2083 708 dejieiantur.

582 730 714 786 VIII.
746 731 815 788 Ut
860 731 1064 787 Pascha
1111 740 1234 786 ante
1281 732 1663 801 aequinoctium
1707 731 1926 786 vernale
1979 746 2086 784 non

516 823 831 880 celebretur.

537 899 540 906 ’
586 916 674 970 ΙΧ.
723 916 792 970 Ut
834 895 1065 970 ministri
1114 915 1303 969 altaris
1350 915 1490 969 facta
1537 915 1806 970 oblatione
1849 929 2088 968 commu-

514 1009 713 1062 nicent.

529 1159 537 1170 η
583 1097 651 1151 X.
680 1097 750 1153 Ut
771 1105 826 1152 et
853 1097 974 1152 laici
1000 1097 1283 1152 ecclesiam
1311 1097 1537 1166 ingressi
1564 1098 1979 1152 communicent.

581 1187 673 1243 XI.
703 1188 759 1242 Si
802 1188 923 1257 quis
957 1203 1078 1242 cum
1117 1188 1583 1243 excommunicato
1611 1187 1800 1242 saltem
1836 1188 1889 1242 in
1927 1188 2088 1243 domo

510 1278 765 1343 oraverit,
796 1279 1314 1334 excommunicetur.
1384 1327 1387 1331 .

531 1368 533 1370 ’
578 1369 690 1425 XII.
722 1369 780 1425 Si
807 1371 929 1440 quis
961 1386 1082 1426 eum
1115 1371 1368 1426 damnato
1394 1369 1590 1425 clerico
1618 1369 1784 1424 veluti
1829 1384 1952 1423 cum
1976 1367 2088 1424 cle-

508 1462 622 1526 rico
647 1464 904 1525 oraverit,
933 1462 1238 1517 damnetur.
2075 1512 2077 1514 .

534 1583 536 1586 τ
580 1553 712 1607 XIII.
739 1553 810 1610 Ut
829 1553 1007 1608 nullus
1027 1563 1225 1622 przeter
1246 1554 1716 1610 commendatitias
1736 1554 1944 1608 litteras
1969 1569 2088 1608 sus-

510 1643 757 1712 cipiatur.

537 1734 540 1738 ’
579 1732 716 1788 XIV.
757 1731 836 1788 Ne
863 1733 1097 1803 episcopi
1123 1733 1354 1787 alienam
1385 1735 1698 1805 parochiam
1722 1735 1994 1790 invadant.

2188 553 2520 619 erudierunt,
2545 563 2606 608 ut
2639 553 2878 623 legitimo
2904 557 3156 625 episeopo
3178 557 3458 621 obediant,
3489 559 3539 613 si
3571 558 3643 613 ad
3664 559 3775 615 illos

2186 643 2371 698 venire
2393 645 2701 713 noluerint;
2739 655 2794 702 et
2824 647 2908 702 bis
2955 648 3010 702 in
3049 663 3188 703 anno
3221 650 3453 705 concilia
3495 651 3775 722 episcopo-

2187 748 2305 786 rum
2338 735 2700 790 celebrentur.

2258 828 2472 884 XXXV.
2507 829 2575 885 Ut
2601 832 2886 900 episcopus
2905 847 3094 889 omnes
3121 834 3526 893 ecclesiasticas
3553 853 3651 894 res
3678 839 3776 895 dis—

2184 927 2402 988 penset,
2445 935 2546 975 nec
2572 921 2695 974 inde
2723 922 2925 991 aliquid
2949 924 3063 979 suis
3097 926 3412 995 parentibus
3441 943 3554 982 non
3584 942 3775 1002 paupe

2188 1010 2336 1064 ribus
2362 1011 2760 1066 subministrari
2791 1015 3046 1082 patiatur.

2258 1100 2494 1155 XXXVI.
2523 1102 2592 1158 Ut
2629 1104 2931 1174 presbyteri
2959 1112 3015 1160 et
3039 1105 3293 1163 diacones
3324 1117 3524 1177 praeter
3573 1109 3773 1182 episeo-

2185 1207 2312 1260 pum
2339 1193 2470 1246 nihil
2499 1203 2659 1264 agant
2683 1209 2699 1248 :
2739 1196 2820 1250 sin
2857 1205 3037 1252 autem
3068 1199 3368 1255 abinvicem
3395 1211 3676 1272 separatae
3699 1221 3774 1261 res

2185 1280 2646 1340 ecclesiasticae'et
2678 1302 2768 1342 res
2792 1287 3028 1358 episcopi
3057 1292 3308 1361 propriae,
3354 1308 3490 1363 quas
3524 1293 3635 1349 ille
3661 1296 3775 1351 dare

2184 1376 2352 1447 possit
2368 1378 2565 1446 quibus
2581 1379 2831 1446 voluerit,
2856 1397 2943 1447 ne,
2963 1397 3027 1438 eo
3050 1384 3333 1451 moriente,
3350 1388 3654 1459 propinqui
3673 1390 3776 1460 ejus

2185 1469 2591 1537 proscribantur
2625 1473 2726 1528 sub
2751 1473 2973 1529 obtentu
3007 1475 3272 1532 ecclesiae.

2257 1558 2517 1615 XXXVII.
2551 1561 2753 1616 Omnes
2775 1578 2863 1618 res
2894 1565 3134 1620 ecclesiae
3163 1567 3215 1621 in
3241 1561 3506 1638 polcstate
3531 1572 3661 1627 sint
3679 1577 3774 1645 epi-

2186 1649 2333 1720 sc0pi
2368 1651 2435 1705 ad
2466 1651 2917 1723 dispensationem
2947 1671 3266 1726 pauperum.
3307 1660 3634 1734 Episcopus,
3664 1681 3776 1736 pre-

2186 1741 2390 1811 sbyter,
2439 1743 2698 1798 diaconus
2741 1743 2945 1800 aleator
2973 1755 3068 1800 aut
3102 1748 3366 1815 ebriosus,
3397 1759 3490 1806 aut
3527 1753 3772 1820 desinat,

580 1823 698 1878 XV.
728 1823 808 1878 Ne
837 1824 1019 1878 clerici
1059 1839 1213 1878 suam
1241 1825 1522 1881 ecclesiam
1568 1826 1868 1895 relinquant
1891 1835 2088 1896 pneter
2118 1815 2164 1875 Β
2191 1840 2283 1886 aut
2309 1833 2625 1902 damnetur;
2666 1834 3039 1906 delinquentes
3066 1839 3270 1908 Clerici,
3297 1842 3409 1898 sive
3431 1843 3544 1899 laici
3571 1815 3770 1902 eadem

510 1914 747 1981 episcopi
773 1913 1070 1968 licentiam.

581 2001 718 2057 XVI.
747 2001 816 2056 Ut
838 2002 1116 2072 episcopus
1141 2002 1422 2073 fugitivum
1451 2005 1676 2060 alterius
1711 2006 1944 2075 episcopi
1977 2007 2086 2061 cle-

513 2095 683 2149 ricum
708 2097 946 2149 retinens
970 2097 1484 2152 excommunicetur.
1524 2099 1526 2101 ’

578 2183 737 2240 XVII.
767 2183 846 2239 Nc
886 2185 1148 2256 bigamus,
1177 2186 1260 2242 vel
1289 2188 1642 2243 concubinam
1683 2189 1908 2254 habens,
1946 2189 2088 2243 ordi-

510 2257 686 2333 netur.

578 2371 758 2444 XVIII.
789 2371 867 2426 Ne
893 2381 1269 2444 corruptarum
1304 2374 1486 2441 mariti
1511 2376 1849 2430 ordinentur.

577 2461 720 2516 XIX.
768 2462 839 2519 Ut
873 2463 1080 2518 duabus
1110 2464 1403 2528 sororibus,
1452 2465 1536 2518 vel
1580 2465 1705 2519 lilia:
1743 2465 1924 2519 fratris
1969 2479 2087 2520 cor-

507 2557 722 2624 ritp.....
751 2553 818 2609 ad
846 2554 1050 2609 clerum
1074 2569 1181 2608 non
1212 2555 1527 2610 admittatur
1549 2569 1597 2609 θ.

578 2643 695 2700 XX.
728 2644 968 2700 Clericus
993 2643 1276 2714 ﬁdejussor
1303 2644 1603 2714 abjiciatur.

579 2736 719 2792 XXI.
749 2736 854 2792 Per
884 2738 990 2791 vim
1015 2739 1401 2794 eunuchizatus
1429 2741 1598 2810 possit
1635 2739 1751 2795 ﬁeri
1781 2741 2081 2812 episcopus.

506 2827 575 2883 Et
599 2829 691 2898 qui
718 2826 1178 2891 eunuchizaverit,
1217 2844 1323 2883 non
1348 2830 1645 2885 ordinetur.
1685 2830 1742 2885 Si
1769 2831 1998 2888 clericus
2027 2849 2085 2888 se

505 2919 966 2986 eunuchizaverit,
993 2919 1311 2990 deponatur.

577 3010 739 3066 XXII.
768 3012 964 3066 Laicus
989 3013 1336 3083 semetipsum
1373 3015 1692 3072 abscindens
1719 3017 1890 3073 tribus
1927 3019 2085 3074 annis

507 3103 1020 3158 excommunicetur.

2188 1921 2468 1989 facientes,
2496 1925 3051 1983 excommunicentur.

2260 2013 2542 2071 XXXVIII.
2589 2017 2906 2090 EpiscOpus,
2952 2023 3266 2094 presbyter,
3311 2024 3608 2096 diaconus,
3654 2046 3772 2086 nsu-

2189 2105 2342 2170 rarii,
2370 2114 2464 2160 aut
2491 2107 2758 2175 desinant,
2787 2117 2880 2164 aut
2901 2110 3226 2168 damnentur

2261 2196 2501 2252 XXXIX.
2538 2199 2854 2272 Episcopus,
2885 2205 3186 2275 presbyter,
3216 2206 3495 2276 diaconus,
3517 2224 3650 2266 cum
3675 2213 3770 2267 hm-

2187 2288 2372 2344 reticis
2392 2297 2601 2346 tantum
2627 2302 2866 2359 orantes,
2893 2297 3449 2354 exeommunicentur.

2260 2378 2372 2433 XL.
2403 2379 2460 2434 Si
2487 2395 2615 2436 vero
2639 2397 2732 2438 eos
2758 2383 2825 2438 ad
2862 2384 3114 2441 clericale
3153 2386 3392 2444 ofﬁcium
3426 2391 3640 2448 hortati
3666 2393 3768 2450 fue-

2189 2472 2318 2535 rint,
2347 2473 2691 2530 damnentur.

2259 2561 2394 2616 XLI.
2423 2563 2736 2634 Episcopus,
2771 2569 3073 2640 presby-ter,
3103 2571 3371 2640 baptisma
3397 2575 3766 2636 haereticorum

2189 2669 2294 2709 non
2326 2655 2380 2709 in
2418 2657 2635 2712 nomine
2683 2658 2963 2716 Trinitatis
3005 2663 3392 2732 baptizantium
3439 2668 3766 2740 suscipiens,

2189 2743 2528 2799 damnentur.

2258 2833 2414 2888 XLII.
2447 2835 2759 2908 Episcopus,
2789 2841 3086 2911 presbyter,
3120 2845 3210 2913 qui
3255 2855 3403 2904 recte
3445 2850 3766 2922 baptizatum

2188 2925 2620 2993 rebaptizaverit,
2650 2927 2734 2982 vel
2767 2943 2874 2983 non
2916 2939 3062 2986 recte
3096 2933 3428 3004 baptizatum
3456 2955 3565 2995 non
3597 2942 3772 3012 bapti~

2188 3016 2410 3080 zaverit,
2437 3018 2752 3087 deponatur.

2257 3107 2436 3161 XLIII.
2464 3109 2521 3162 Si
2548 3110 2715 3167 laicus
2753 3129 2975 3170 uxorem
3013 3131 3164 3172 suam
3189 3120 3404 3190 pellens,
3427 3121 3649 3180 alterm
3670 3127 3763 3181 vel

575 3191 763 3246 XXIII.
793 3192 1108 3264 Episcopus,
1152 3195 1236 3250 vel
1263 3198 1562 3268 presbyter,
1611 3199 1693 3253 vel
1739 3199 1994 3256 diaconus
2030 3201 2084 3255 in
2105 3174 2156 3238 ο
2189 3198 2256 3253 ab
2281 3198 2389 3252 alio
2411 3200 2688 3256 dimissam
2710 3204 2943 3270 duxerit,
2971 3174 3456 3268 excommunicet'u.

508 3280 882 3347 fornicatione,
911 3281 1168 3353 periurio,
1213 3286 1297 3341 vel
1336 3285 1477 3344 furto
1523 3290 1694 3360 capti,
1727 3290 2081 3362 deponantur,

506 3387 613 3428 ron
643 3381 822 3429 tamen
846 3379 1394 3434 excommunicentur.

549 3519 554 3524 ,
579 3463 764 3521 XXIV.
793 3464 1053 3523 Similiter
1081 3468 1273 3539 reliqui
1302 3471 1480 3528 clerici
1503 3470 1828 3542 judicentur.

575 3557 740 3613 XXV.
767 3556 923 3625 Quod
954 3558 1245 3616 lectoribus
1267 3569 1473 3616 tantum
1494 3563 1653 3620 liceat
1682 3569 2084 3624 matrimonium

504 3648 844 3704 contrahere.
889 3647 1042 3712 Quod
1083 3650 1393 3720 episcopus,
1433 3655 1748 3725 presbyter,
1795 3659 2081 3724 diaconus,

505 3746 791 3805 peccantes
822 3736 1006 3792 ﬁdeles
1034 3740 1319 3794 verberare
1344 3757 1452 3797 non
1479 3744 1727 3800 debeant.

576 3823 764 3879 XXVI.
796 3825 867 3880 Ut
902 3825 1140 3881 damnati
1186 3829 1472 3896 pristinum
1501 3834 1732 3890 cilicium
1765 3848 2084 3908 usurpantes

506 3911 574 3967 de
608 3913 850 3977 Emlesia
873 3916 1086 3985 penitus
1112 3918 1516 3975 abscindantur.

575 4000 788 4056 XXVII.
829 4003 1144 4074 Episcopus,
1174 4009 1473 4077 presbyter,
1508 4010 1762 4070 diaconus
1803 4031 1899 4084 per
1923 4033 2084 4087 pecu-

505 4091 650 4146 niam
675 4093 975 4160 ordinatus,
1017 4111 1140 4150 cum
1185 4097 1491 4156 ordinatore
1526 4118 1625 4158 suo
1669 4105 1980 4175 deponatur,
2030 4120 2084 4165 et

504 4186 1002 4241 excommunicetur
1028 4195 1087 4242 ut
1113 4189 1300 4246 Simon
1325 4191 1512 4265 Magus
1539 4210 1568 4249 a
1596 4195 1774 4252 Petro.

575 4273 806 4329 XXVIII.
863 4276 934 4332 Ut
965 4279 1248 4349 episcopus
1287 4280 1429 4358 [per]
1474 4287 1756 4344 saeculares
1790 4296 2084 4362 potestates

502 4365 786 4421 ecclesiam
808 4368 1057 4427 obtinens
1082 4375 1396 4444 deponatur.

575 4454 764 4510 XXIX.
795 4456 867 4513 Ut
895 4461 1180 4531 presbyter
1218 4466 1310 4534 qui
1339 4475 1644 4542 contempto
1685 4475 1934 4548 episcopo
1982 4495 2079 4537 suo

502 4557 748 4599 seorsum
777 4559 1071 4604 conventus
1103 4549 1307 4619 fecerit,
1339 4556 1654 4626 deponatur.

573 4631 742 4724 XXX.
787 4633 939 4701 Quod
967 4637 1149 4694 clerici
1193 4642 1261 4697 ab
1287 4643 1537 4716 episcopo
1565 4665 1664 4706 suo
1708 4654 1975 4724 damnati,
2009 4659 2076 4715 ab

502 4721 622 4778 aliis
652 4740 759 4777 non
797 4727 1024 4781 debeant
1048 4730 1235 4801 recipi.
1620 4775 1622 4780 .

572 4812 761 4868 XXXI.
791 4815 1058 4887 Episcopi,
1089 4823 1407 4894 presbyteri,
1437 4825 1666 4895 diaconi,
1694 4835 1960 4905 peregrini
1980 4853 2076 4907 per

502 4900 648 4984 “reg.
687 4914 907 4974 praeter.
935 4907 1131 4982 [lant]
1169 4916 1632 4974 commendatitias
1670 4900 1876 4984 litteras
1905 4900 2074 4984 susci-

500 4975 716 5059 piantur
741 4995 993 5065 hospitio,
1017 5015 1124 5055 non
1149 5000 1215 5055 ad
1244 5007 1692 5064 communionem.

571 5079 781 5137 XXXII.
811 5085 875 5141 Ut
902 5088 1137 5159 episcopi
1165 5092 1282 5150 sine
1309 5095 1540 5164 primate
1574 5115 1688 5164 suo,
1727 5104 1928 5171 primas
1954 5109 2076 5164 abs-

499 5184 604 5238 que
635 5173 746 5226 suis
771 5175 1135 5247 sull‘raganeis,
1168 5182 1243 5236 nil
1267 5184 1569 5256 disponant,
1602 5206 1701 5246 nec
1743 5193 1798 5248 in
1841 5200 2074 5268 propriis

502 5259 648 5331 μεθ.
673 5262 776 5316 nisi
807 5264 859 5319 in
887 5270 1138 5336 propriis.
1178 5271 1377 5347 Hard.]
1403 5280 1694 5346 parochiis.

569 5350 803 5407 XXXIII.
835 5355 904 5410 Ut
938 5361 1219 5431 episcopus
1245 5365 1336 5434 qui
1362 5367 1417 5422 in
1445 5369 1620 5424 aliena
1640 5375 1894 5442 parochia
1921 5377 2072 5433 cleri-

499 5458 592 5498 cos
620 5446 892 5502 nesciente
923 5465 1106 5506 corum
1128 5456 1379 5527 episcopo
1401 5463 1745 5532 ordinaverit,
1779 5469 2075 5540 deponatur

483 5550 622 5588 tcum
659 5536 743 5593 his
768 5553 902 5606 quos
924 5541 1212 5598 ordinavit.

559 5625 790 5683 XXXIV.
824 5631 892 5686 Ut
919 5633 1199 5705 cpiscopus
1225 5655 1408 5697 curam
1450 5650 1631 5718 populi
1671 5655 1942 5725 suscipere
1978 5674 2072 5714 no-

2255 3290 2438 3348 XLIV.
2471 3292 2527 3348 Si
2556 3295 2676 3363 quis
2704 3299 2986 3369 episcopus
3011 3301 3096 3357 vel
3131 3307 3419 3376 presbyter
3455 3323 3566 3364 non
3597 3310 3770 3382 bapti-

2186 3383 2390 3437 zaverit
2417 3383 2470 3437 in
2492 3387 2709 3442 nomine
2733 3400 2932 3446 sancta:
2960 3392 3260 3458 Trinitatis,
3296 3397 3607 3467 abjiciatur.

2256 3477 2416 3533 XLV.
2447 3477 2503 3532 Si
2529 3481 2649 3548 quis
2675 3482 2958 3551 episcopus
2979 3483 3062 3538 vel
3096 3487 3386 3559 presbyter
3425 3506 3536 3547 non
3564 3508 3657 3564 per
3673 3495 3765 3549 tri-

2185 3583 2310 3623 nam
2347 3571 2667 3627 mersionem
2692 3574 3068 3643 baptizaverit,
3097 3579 3404 3649 deponatur

2185 3740 2682 3828 Regulteéncyrgni
2710 3746 2917 3828 concilii
2944 3764 3309 3828 nantem-on
3334 3770 3548 3823 priores
3572 3758 3761 3828 quidc-

2251 3822 2371 3865 sunt
2399 3812 2450 3865 Ν
2457 3812 2633 3867 smn
2643 3830 2666 3896 ί
2701 3815 2790 3869 sed
2814 3815 2930 3896 ideo
2963 3818 3196 3896 Nic-renis
3225 3812 3344 3876 ista-
3361 3812 3762 3896 postponam",

2251 3891 2462 3951 prapter
2487 3885 2654 3964 sancti
2676 3895 2723 3939 et
2746 3887 2922 3955 magni
2948 3889 3152 3944 concilii
3181 3885 3561 3951 auctoﬁtaténs
3585 3885 3765 3952 Niceti

2255 3963 2574 4023 congregati.

2253 4105 2292 4160 I.
2323 4107 2391 4162 Ut
2419 4108 2719 4179 presbyteri
2743 4110 2834 4180 qui
2861 4111 3274 4171 immolaverunt
3297 4117 3483 4183 inviti,
3505 4128 3569 4175 et
3591 4129 3763 4190 postea

2180 4199 2402 4268 paganis
2441 4201 2688 4267 reluctati
2717 4211 2860 4267 sunt,
2899 4203 3142 4273 deposito
3172 4207 3396 4277 quidem
3428 4210 3634 4277 cilicio,
3676 4215 3762 4268 bo-

2182 4302 2366 4343 norem
2394 4292 2625 4361 propriae
2652 4293 2792 4348 sedis
2823 4295 3107 4352 retineant.

2251 4379 2312 4433 Il.
2337 4380 2467 4434 ltcm
2495 4383 2560 4437 de
2582 4383 2897 4440 diaeonibus
2925 4386 3035 4451 ﬁat,
3063 4389 3107 4442 si
3136 4388 3386 4445 similiter
3402 4394 3759 4461 peccaverint.

2183 4469 2261 4524 sic
2293 4479 2353 4524 ut
2380 4471 2538 4541 digne
2561 4475 2944 4542 paenitentibus
2977 4493 3202 4548 parcere
3229 4483 3464 4551 possint.

2249 4561 2334 4616 III.
2370 4561 2440 4617 Ut
2490 4563 2545 4617 hi
2593 4564 2686 4633 qui
2727 4567 2794 4621 ad
2843 4568 3256 4624 sacriﬁcandum
3303 4572 3470 4630 idolis
3508 4576 3765 4632 violenter

2181 4655 2393 4708 attracti
2427 4663 2569 4720 sunt,
2587 4672 2636 4726 pa
2661 4659 3034 4715 communione
3071 4677 3177 4717 non
3206 4675 3558 4733 separentur,
3599 4671 3688 4739 qui
3715 4670 3763 4723 in

2179 4745 2403 4799 arbitrio
2428 4754 2606 4801 tamen
2633 4748 3004 4818 episcoporum
3031 4752 3269 4808 ordinari
3297 4768 3538 4822 possunt

2247 4840 2334 4895 IV.
2375 4841 2446 4896 Ut
2468 4841 2524 4897 hi
2545 4843 2637 4911 qui
2662 4856 2993 4912 paganorum
3019 4846 3157 4899 ritus
3180 4845 3336 4899 inviti
3360 4845 3638 4916 fecerunt,
3661 4861 3764 4906 tan-

2178 4931 2268 4987 diu
2297 4947 2354 4987 se
2380 4933 2697 5002 pteniteant,
2731 4934 2966 5004 quandiu
3001 4950 3060 4990 se
3085 4936 3580 5005 paganizaverunt.

2249 5022 2314 5078 V.
2341 5021 2412 5078 Ut
2433 5023 2490 5078 hi
2515 5024 2608 5092 qui
2635 5038 2744 5078 non
2771 5025 3055 5080 tormentis
3084 5027 3314 5082 summis
3343 5031 3667 5089 sacriﬁcam
3685 5047 3764 5088 eo-

2174 5112 2280 5166 acti
2304 5120 2449 5179 sunt,
2477 5112 2618 5168 inter
2660 5114 2943 5170 audientes
2983 5130 3154 5186 usque
3199 5117 3269 5172 ad
3314 5133 3588 5191 magnum
3631 5121 3760 5177 diem

2173 5202 2352 5259 Creusa
2384 5205 2596 5260 Domini
2645 5205 3027 5276 suscipiantur,
3076 5207 3270 5265 deinde
3311 5223 3411 5265 sex
3449 5213 3620 5269 annis
3652 5228 3758 5284 po:-

2173 5295 2402 5352 niteant.

2245 5386 2332 5442 Ἦ.
2358 5386 2429 5442 Ut
2450 5387 2504 5442 hi
2524 5387 2614 5457 qui
2643 5387 2697 5443 in
2725 5387 2858 5444 locis
2882 5388 3144 5446 idolorum
3165 5390 3421 5464 proprios
3441 5391 3606 5452 cibos
3625 5408 3765 5451 Dal-

2173 5477 2522 5544 ducaverunt,
2547 5479 2767 5536 biennio
2794 5483 3112 5551 pceniteant.

2247 5570 2350 5624 VII.
2381 5570 2452 5626 Ut
2480 5571 2570 5640 qui
2601 5570 2909 5641 frequenter
2945 5574 3117 5632 coacti
3152 5585 3279 5631 sunt
3316 5575 3658 5645 sacriﬁcare,
3681 5590 3764 5637 se-

2171 5661 2391 5730 ptennio
2414 5661 2729 5730 pcnniteant.

561 5756 593 5782 λ
626 5746 727 5812 Qui
755 5743 886 5804 duas
907 5764 1118 5808 sorores
1137 5751 1289 5808 duxit
1312 5766 1405 5811 aut
1424 5765 1821 5836 consobrinam.
1837 5769 2064 5829 clericus
2101 5789 2219 5830 esse
2248 5789 2354 5828 non
2384 5759 2577 5844 potest.
