3950 6312
199 367 346 429 £037

1447 356 1832 429 ροηδε-[ιθ
1868 353 2199 436 cassoth

3311 404 3448 463 ωδε

275 454 415 542 VIII;
436 483 509 542 Ut
533 482 626 553 qui
671 488 728 540 et
758 481 894 540 alios
919 475 1225 541 sacrificare
1265 485 1652 556 compulerunt,
1685 486 2043 550 de-Atalem
2103 491 2348 561 copulam
2405 509 2510 548 non
2560 497 2874 556 itera:uram
2927 505 2970 560 si
3027 507 3133 564 vita
3186 518 3452 572 conceda-

190 577 396 635 eennio
432 574 748 646 poeniteant.

263 667 363 726 IX.
392 667 463 724 Ut
487 666 701 722 diaconi
726 666 1119 722 incontinentes
1149 666 1499 736 deponantur.

265 758 339 816 X.
374 758 443 816 Ut
469 754 680 829 sponsa;
707 773 739 813 a
768 759 1094 827 raptoribus,
1133 757 1259 813 licet
1288 758 1452 813 etiam
1487 766 1772 827 corruptae,

183 853 413 924 sponsis
433 851 547 907 suis
573 850 946 906 restituantur.

260 943 356 998 XI.
384 941 535 1008 Quod
562 941 876 996 ordinandis
901 953 1008 997 non
1030 947 1220 995 noceat
1248 940 1392 1012 quod
1427 946 1552 995 ante
1577 941 1776 1010 baptis-

183 1051 342 1090 mum
370 1033 828 1091 sacrificaverunt.

261 1127 378 1180 XII.
426 1126 495 1182 Ut
543 1125 775 1195 correpti
817 1122 1239 1197 [chorepiscopi]
1287 1126 1659 1196 presbyterum
1689 1126 1770 1180 vel

177 1219 477 1274 diaconum
505 1232 612 1272 non
631 1217 914 1281 ordinent,
954 1232 1053 1271 nee
1078 1217 1362 1287 presbyter
1403 1217 1606 1287 aliquid
1645 1225 1771 1288 agat

180 1311 242 1365 in
269 1310 527 1382 parochia
556 1309 672 1364 sine
700 1317 970 1378 praecepto
995 1308 1251 1378 episcopi.

256 1400 397 1456 XIII.
435 1399 506 1456 Ut
525 1399 708 1455 clerici
730 1412 884 1454 esum
915 1398 1161 1453 carnium
1200 1398 1574 1454 abominantes
1610 1398 1768 1469 depo-

173 1500 405 1638 nam:
427 1580 496 1636 Et
528 1579 770 1637 ecclesiae
795 1579 1124 1636 restituatur
1161 1577 1420 1650 quidquid
1455 1577 1762 1649 presbyteri

174 1675 253 1732 de
282 1676 444 1731 rebus
466 1673 851 1730 ecclesiasticis
879 1673 1082 1743 absque
1115 1673 1366 1743 episcopo
1387 1673 1757 1728 vendiderunt.

254 1765 390 1820 XV-
426 1765 492 1822 Ut
542 1763 902 1820 masculorum
953 1773 1008 1820 et
1048 1779 1302 1835 pecorum
1352 1765 1755 1828 concubitores,

1877 583 1987 632 tur.

1945 671 2032 727 IV.
2063 673 2215 740 Quod
2241 675 2526 734 multinuhi
2548 683 2808 750 pmnitcre
2834 685 3065 747 debeant

1946 765 2009 820 V.
2045 765 2114 821 Ut
2143 768 2329 837 gratim
2355 768 2548 826 divina:
2577 790 2681 829 non
2714 777 3025 850 imputetur,
3068 785 3114 841 si
3145 785 3479 862 desiderau‘

1873 851 2039 909 libith
2067 871 2173 910 non
2203 859 2384 928 perlici
2393 868 2498 916 tur.

1943 945 2029 999 VI.
2062 946 2131 1003 Ut
2157 951 2576 1010 catechumenus
2613 958 2931 1028 expellatur,
2980 965 3025 1020 si
3051 978 3174 1036 post
3197 972 3447 1029 admoni-

1869 1034 2072 1090 tionem
2105 1051 2336 1106 peccans
2359 1040 2508 1110 jussa
2538 1049 2943 1114 prmvaricatur.
3051 1034 3068 1036 —
3108 1041 3111 1044 ’
3220 1045 3223 1048 ’

1941 1127 2049 1182 VII.
2080 1129 2149 1184 Ut
2173 1133 2391 1200 gravida
2419 1139 2802 1194 catechumena
2835 1143 3156 1210 haptizetur.

1938 1216 2069 1273 VIII.
2101 1219 2178 1274 Ne
2202 1223 2498 1293 presbyteri
2538 1228 2739 1296 nuptiis
2765 1217 2964 1301 bigami
3010 1234 3280 1306 intersint,
3316 1244 3442 1312 quia

1865 1305 2099 1376 bigamia
2121 1320 2240 1381 eget
2265 1315 2598 1380 pmnitentia.
3016 1315 3025 1320 ’
3266 1305 3271 1306 7
3331 1305 3351 1312 ’
3430 1313 3435 1324 ’

1928 1396 2024 1451 IX.
2056 1397 2126 1454 Ut
2152 1401 2320 1456 laicus
2347 1405 2498 1472 cujus
2521 1423 2660 1461 uxor
2688 1409 2989 1466 adulterata
3011 1422 3112 1482 est,
3155 1433 3262 1474 non
3289 1397 3437 1477 ordi-

1861 1494 2041 1542 netur.
2073 1489 2140 1543 Et
2168 1491 2399 1549 clericus
2440 1511 2563 1551 cum
2607 1487 2858 1572 adultera
2892 1497 3058 1560 uxore
3099 1508 3283 1566 vivens
3308 1514 3441 1581 deji-

1861 1578 2053 1633 ciatur.
2121 1579 2123 1582 ’

1930 1667 1999 1721 X.
2029 1667 2316 1742 Presbyter
2356 1675 2635 1735 confessus
2679 1699 2738 1739 se
2775 1695 2900 1744 ante
2941 1693 3187 1749 ordinem
3227 1697 3434 1756 crimen

1859 1768 2198 1832 perpetrasse
2221 1805 2237 1830 ,
2286 1767 2465 1824 oblata
2501 1788 2606 1828 non
2642 1775 2955 1848 consecret,
2993 1784 3046 1839 in
3079 1787 3300 1858 reliquis
3325 1777 3437 1846 ma-

165 1857 419 1913 nendum
443 1857 716 1921 vicennes,
734 1863 867 1925 post
914 1870 983 1909 xv
1019 1871 1188 1911 annos
1231 1855 1284 1910 in
1321 1856 1637 1925 paenitentia
1665 1872 1750 1912 ex-

2944 1837 2955 1848 ,
3079 1837 3298 1858 αη-.-
3325 1837 3410 1846 --...

1898 1867 1994 1907 ens
2019 1851 2227 1910 ciliciis.
2271 1857 2387 1913 Non
2414 1864 2693 1921 confessus
2716 1877 2921 1939 autem,
2954 1873 2999 1928 si
3034 1865 3282 1933 convinci
3327 1896 3435 1937 non

172 1956 359 2013 actos,
408 1948 715 2004 orationum
745 1946 1176 2002 communionem
1226 1947 1508 2016 recipiant.
1555 1946 1758 2002 Deinde

165 2046 304 2108 post
323 2037 745 2108 quinquennium
769 2036 1199 2092 communionem
1226 2035 1413 2091 altaris
1439 2037 1752 2108 percipiant.

167 2128 386 2196 Quibus
414 2129 575 2184 etiam
597 2127 855 2199 prolixius
872 2133 1094 2197 tempus
1120 2129 1187 2183 ad
1211 2130 1472 2200 agendam
1493 2129 1757 2199 paeniten-

170 2215 315 2272 tiam
341 2217 717 2288 imponendum
743 2223 845 2281 est,
874 2216 919 2271 si
942 2216 1047 2270 tale
1079 2215 1256 2271 scelus
1278 2216 1752 2285 frequentaverint.

165 2307 286 2374 Qui
316 2317 495 2363 autem
515 2305 624 2375 jam
649 2305 948 2362 vicennarii
979 2315 1032 2362 et
1061 2307 1273 2362 uxorati
1300 2307 1372 2362 ita
1392 2309 1751 2378 peccaverint,

163 2413 311 2454 xxvi
357 2401 513 2453 annis
551 2399 863 2468 paenitentia
909 2399 1116 2455 exactis
1162 2400 1376 2456 tandem
1412 2401 1468 2456 in
1513 2402 1754 2458 oratione

164 2489 596 2554 communicent,
624 2489 814 2545 deinde
860 2498 981 2560 post
1017 2491 1438 2561 quinquennium
1467 2493 1754 2550 oblationis

163 2589 515 2637 sacramenta
545 2582 864 2652 percipiant.
909 2581 1012 2650 Qui
1057 2599 1186 2639 vero
1227 2587 1671 2658 quinquagenarii
1701 2597 1755 2642 et

164 2672 389 2727 uxorati
436 2672 510 2726 ita
553 2681 941 2742 peccaverunt,
995 2675 1212 2730 tandem
1258 2676 1326 2731 ad
1375 2677 1578 2732 exitum
1629 2677 1753 2733 vita:

157 2765 605 2820 communionem
639 2766 920 2835 recipiant.

244 2848 383 2910 XVI.
430 2854 497 2911 Ut
539 2857 900 2913 masculorum
926 2858 1012 2915 vel
1054 2875 1309 2930 pecorum
1352 2863 1760 2931 concubitores,

161 2945 323 3002 inter
348 2945 702 3002 dmmoniacos
729 2955 938 3003 tantum
964 2960 1140 3005 orent.

241 3034 401 3093 XVII.
432 3035 489 3092 Si
518 3037 763 3108 episcopi
797 3039 1048 3106 ordinati,
1088 3056 1187 3097 nec
1227 3043 1448 3112 recepti,
1492 3042 1612 3099 aliis
1645 3046 1751 3114 epi-

157 3129 348 3200 scopis
370 3129 479 3184 vim
515 3131 792 3187 seditionis
820 3132 1068 3199 inferant,
1096 3134 1436 3204 abjiciantur.

239 3223 425 3279 XVIII.
455 3224 524 3282 Ut
547 3225 824 3296 virginalis
851 3229 1110 3302 propositi
1133 3231 1577 3299 praevaricatores
1600 3232 1742 3287 inter

156 3315 414 3386 bigamos
441 3324 840 3387 computentur,
879 3326 935 3373 et
967 3333 1035 3374 ne
1077 3321 1314 3392 virgines
1342 3323 1587 3379 habitent
1623 3339 1744 3380 cum

156 3407 437 3476 aliquibus
457 3408 612 3476 quasi
638 3423 874 3465 sorores.

236 3499 378 3555 XIX.
409 3500 467 3555 Si
495 3499 648 3571 cujus
674 3504 1075 3561 uxor’adultera
1100 3503 1283 3574 fuerit,
1310 3508 1394 3564 vel
1424 3507 1471 3565 si
1492 3510 1576 3564 vir
1595 3509 1746 3564 adul-

156 3592 365 3647 terium
394 3594 746 3660 commiserit,
773 3598 1053 3666 septennio
1083 3599 1360 3669 pmniteat.

233 3679 355 3738 XX.
386 3683 458 3739 Ut
487 3682 701 3740 feminae
733 3701 852 3756 quae
888 3698 1078 3758 partus
1120 3705 1246 3747 suos
1287 3705 1354 3747 ex
1393 3689 1744 3748 fornicatione

151 3782 382 3838 necum.
405 3773 668 3832 decennio
686 3777 1006 3846 paeniteant.

230 3863 375 3918 XXI.
409 3863 477 3922 Ut
503 3867 780 3936 spontanei
811 3869 1096 3926 homicida:
1131 3879 1254 3940 post
1271 3870 1451 3943 jugem
1475 3873 1741 3943 pmniten-

150 3955 296 4008 tiam
324 3956 380 4009 in
404 3957 551 4011 exitu
584 3955 706 4012 vitae
735 3961 1170 4017 communionem
1192 3963 1474 4034 recipiant.

229 4043 401 4099 XXII.
433 4045 506 4102 Ut
543 4062 650 4102 non
675 4057 1026 4118 spontaneum
1068 4053 1416 4110 homicidium
1461 4055 1742 4126 septennia

144 4133 252 4190 vel
278 4133 641 4204 quinquennio
665 4141 1003 4196 emendetur.

229 4223 423 4280 XXIII.
453 4226 550 4293 Qui
575 4229 934 4287 divinationes
967 4240 1222 4302 expetunt
1262 4250 1412 4291 more
1439 4235 1737 4305 gentilium,

144 4315 402 4388 quinque
426 4319 580 4373 annis
606 4319 922 4388 pteniteant.

226 4406 424 4464 XXIV.
456 4407 684 4476 Quidam
715 4428 924 4484 Sponsa:
954 4431 1064 4470 suae
1089 4431 1331 4471 sororem
1361 4417 1734 4486 ingravidavit.

1853 1942 2070 2011 poterit,
2097 1959 2195 2000 suo
2215 1945 2421 2014 judicio
2445 1952 2801 2024 relinquatur.
3242 1976 3244 1978 '

1925 2032 2016 2122 XI.
2041 2035 2310 2092 Diaconus
2337 2041 2501 2096 simili
2523 2047 2687 2101 modo
2715 2047 2895 2118 lapsus
2921 2053 3241 2122 deponatur.

1924 2121 2036 2178 Xll.
2065 2123 2354 2197 Presbyter
2379 2138 2505 2184 ante
2532 2148 2637 2186 xxx
2662 2151 2833 2193 annos
2850 2155 2956 2195 non
2980 2121 3277 2202 ordinetur.
3361 2173 3366 2218 ξ

1923 2212 2060 2309 XIII.
2090 2215 2178 2309 Ut
2206 2218 2260 2271 in
2294 2221 2612 2290 aegritudine
2644 2225 2948 2297 baptizatus
2991 2238 3276 2309 presbyter
3323 2212 3432 2296 non

1854 2305 1968 2372 llat,
1998 2307 2103 2362 nisi
2133 2313 2474 2368 necessitate.

1922 2396 2062 2454 XIV.
2109 2399 2186 2454 Ne
2211 2405 2514 2476 presbyteri
2559 2409 2703 2466 ruris
2743 2412 2797 2467 in
2841 2415 3059 2473 civitate
3103 2435 3286 2478 coram
3315 2425 3430 2494 epi-

1853 2502 2015 2558 scopo
2061 2489 2145 2543 vel
2171 2494 2503 2564 presbyteris
2540 2501 2690 2556 urbis
2722 2502 2982 2574 oll‘erant,
3028 2509 3130 2565 nisi
3156 2511 3297 2568 forte
3322 2489 3428 2570 illis

1852 2579 2165 2636 absentibus
2197 2583 2546 2641 advocentur.

1921 2667 2036 2724 XV.
2068 2669 2138 2725 Ut
2167 2669 2224 2725 in
2257 2672 2476 2731 civitate
2501 2694 2574 2732 vtt
2617 2680 2725 2735 sint
2753 2682 2986 2752 diaconi,
3018 2689 3158 2746 sicut
3192 2692 3426 2750 Actuum

1850 2761 2218 2831 apostolorum
2244 2765 2381 2820 liber
2404 2770 2668 2840 prmcipit.

1921 2852 1989 2907 Et
2022 2855 2476 2926 subscripserunt,
2509 2861 2702 2918 Vitalis
2738 2864 3092 2935 Salaminius,
3136 2874 3422 2944 Amphion,

1850 2949 1905 2998 et
1930 2944 2140 3014 reliqui,
2189 2948 2280 3017 qui
2316 2948 2371 3003 in
2404 2949 2647 3009 Caesarea
2683 2954 2862 3030 [Leg.,
2899 2959 3268 3040 Neocaesarea}
3297 2985 3427 3025 con-

1850 3043 2113 3089 venerunt
2133 3053 2226 3091 xix
2253 3039 2511 3110 episcopi.

1769 3179 1815 3242 Ε
1854 3186 2048 3260 Viginti
2075 3208 2300 3247 canones
2337 3193 2655 3279 Gangrepsis
2696 3204 2934 3279 concilii,
2991 3219 3108 3279 post
3147 3211 3420 3269 Nicwnum

2367 3269 2646 3324 concilium
2674 3276 2913 3342 expositi.

1875 3475 1878 3478 Q
1912 3415 1954 3469 I.
1993 3414 2050 3471 Si
2079 3419 2207 3488 quis.
2224 3419 2533 3494 conjugium
2559 3439 2660 3495 pro
2687 3428 2910 3490 crimine
2935 3433 3253 3504 detestatur,
3293 3455 3423 3495 ana-

1843 3504 2024 3561 thema
2049 3509 2137 3563 sit.

1870 3676 1872 3678 ,
1912 3597 1974 3652 II.
2001 3597 2058 3652 Si
2103 3601 2226 3669 quis
2269 3603 2517 3675 religiose
2559 3624 2753 3667 carnes
2787 3613 3032 3674 edentem
3076 3630 3411 3689 exsecratur,

1843 3692 2128 3747 anathema
2151 3696 2242 3749 sit.

1911 3781 1994 3837 III.
2027 3782 2086 3839 Si
2111 3787 2232 3856 quis
2273 3802 2486 3845 servum
2522 3807 2623 3863 pro
2664 3795 2923 3868 religione
2956 3801 3232 3860 dominum
3255 3823 3416 3866 suum

1839 3882 2185 3929 contemnere
2212 3877 2386 3945 docet,
2413 3883 2696 3939 anathema
2723 3887 2815 3941 sit.
3055 3884 3065 3892 ”

1908 3965 1998 4062 IV.
2031 3965 2088 4024 Si
2125 3970 2246 4062 quis
2279 3974 2484 4044 spernit
2511 3979 2886 4048 presbyterum
2921 3998 2988 4038 eo
3011 3987 3155 4055 quod
3181 3987 3419 4062 legitime

1839 4055 2157 4128 coniugatus
2181 4059 2362 4128 fuerit,
2395 4068 2680 4123 anathema
2701 4070 2789 4124 sit.

1917 4148 1975 4203 V.
2010 4149 2067 4202 Si
2091 4149 2212 4219 quis
2232 4152 2449 4209 domum
2475 4157 2571 4212 Dei
2594 4163 3052 4232 contemptibilem
3082 4168 3256 4236 docet,
3289 4186 3419 4224 ana-

1841 4238 2023 4294 thema
2052 4239 2142 4294 sit.

1915 4329 1998 4383 VI.
2024 4327 2082 4384 Si
2105 4329 2227 4400 quis
2247 4332 2617 4394 ecclesiastica
2637 4341 2935 4401 ministeria
2955 4355 3109 4402 extra
3130 4350 3412 4405 ecclesiam

1817 4402 2044 4475 temere
2066 4425 2425 4492 usurpaverit,
2452 4431 2737 4492 anathema
2763 4435 2852 4488 sit.

145 4501 366 4558 Deinde
400 4518 616 4574 sponsa,
648 4507 715 4562 ab
745 4524 809 4564 eo
839 4509 892 4564 in
928 4527 1152 4567 uxorem
1196 4513 1376 4578 ducta,
1423 4528 1579 4568 soror
1621 4513 1737 4583 ejus
1765 4525 1818 4586 ι)
1909 4510 2018 4566 VII.
2050 4512 2119 4567 Ut
2145 4514 2324 4570 nullus
2342 4518 2642 4578 oblationes
2671 4524 2911 4583 ecclesiae
2933 4536 3081 4584 extra
3106 4533 3412 4600 ecclesiam,

144 4601 448 4664 corrupta,
479 4595 673 4666 laqueo
715 4613 774 4654 se
818 4603 1113 4672 suspendit.
1145 4602 1212 4660 Ili
1247 4604 1339 4674 qui
1363 4605 1580 4660 fuerunt
1605 4617 1737 4660 con—

142 4685 279 4749 scii,
307 4685 567 4744 decennio
595 4691 911 4758 pmniteant.
960 4707 962 4710 ·

226 4776 300 4831 Et
337 4775 769 4852 subacripserunt
816 4801 948 4840 xvm
1000 4785 1274 4857 episcopi:
1315 4789 1505 4845 Vitalis
1550 4788 1738 4846 Antio-
1774 4780 1778 4784 ’

141 4870 388 4935 cbenus,
419 4869 702 4930 llarcellus
724 4875 1063 4948 Aneyranus,
1089 4879 1406 4948 Agricolaus
1441 4881 1738 4937 Cmsarien-

139 4963 254 5024 sis,
285 4967 342 5013 et
368 4961 559 5033 reliqui
585 4979 653 5018 xv
677 4965 933 5036 episcopi.

143 5069 378 5151 Regulae
406 5072 462 5124 in
505 5072 1156 5151 Negcwsariensi__synodo
1195 5079 1412 5151 prolattc
1459 5081 1738 5136 Anciranis

218 5140 442 5220 quidem
483 5142 562 5220 vel
590 5140 1025 5220 Cesarreensibu's
1057 5140 1369 5220 temporibus
1403 5152 1733 5220 posteriores,

217 5209 321 5265 sed
355 5209 408 5263 Ν
411 5211 589 5267 iam
619 5217 926 5271 anteriores.

216 5319 268 5375 I.
297 5319 586 5394 Presbyter
633 5327 680 5381 si
738 5343 964 5384 uxorem
1007 5331 1259 5397 duxerit,
1303 5332 1638 5402 deponatur;
1692 5336 1737 5389 si

138 5423 289 5467 vero
337 5409 396 5466 in
443 5411 798 5472 fornicatione
839 5417 924 5474 vel
971 5411 1235 5476 adulterio
1275 5424 1618 5492 peccaverit,
1671 5427 1739 5479 ad

134 5501 425 5561 seriorem
450 5506 822 5573 paenitentiam
857 5511 1228 5580 compellatur.

215 5590 291 5645 Il.
332 5591 404 5647 Ut
435 5594 630 5650 mulier
669 5598 876 5654 duobus
911 5599 1166 5657 fratribus
1203 5612 1365 5673 nupta
1387 5646 1401 5670 ,
1454 5623 1623 5677 usque
1671 5610 1736 5662 ad

134 5688 393 5738 mortem
421 5681 722 5751 abjiciatur.

217 5771 316 5827 Ill.
358 5773 558 5831 Verum
591 5779 647 5832 in
689 5779 838 5836 exitu
873 5781 1227 5852 suscipiatur,
1273 5786 1317 5841 si
1342 5784 1652 5856 promiserit
1677 5805 1734 5844 se

1839 4613 2036 4674 praeter
2059 4609 2444 4667 conscientiam
2484 4616 2721 4688 episcopi
2747 4619 2832 4675 vel
2858 4621 3047 4677 vicarii
3083 4623 3200 4694 ejus
3244 4629 3415 4682 susci-

1839 4697 1974 4768 piat.

1912 4786 2043 4843 Vlll.
2074 4788 2144 4845 Ut
2176 4791 2354 4850 nullus
2398 4795 2629 4866 accipiat
2675 4800 2758 4853 vel
2785 4801 3070 4858 distrtouat
3114 4805 3415 4864 oblationes

1839 4883 2187 4952 pauperibus,
2215 4898 2413 4956 praeter
2441 4893 2751 4962 episcopum
2775 4897 2859 4950 vel
2883 4895 3000 4964 ejus
3025 4901 3285 4956 vicarium

1909 4973 2000 5028 IX.
2035 4976 2104 5031 Ut
2131 4978 2308 5032 nullus
2333 4996 2432 5050 pro
2461 4983 2769 5052 virginitate
2802 4998 3112 5046 exsecretur
3140 4995 3372 5066 nuptias.

1911 5067 1979 5122 X.
2041 5069 2110 5124 Ut
2153 5072 2331 5130 nullus
2383 5074 2748 5145 virginitatem
2797 5083 3106 5140 custodiens
3156 5088 3415 5144 adversus

1839 5157 1956 5226 conj
1965 5170 2152 5230 ugatos
2184 5165 2478 5232 superbiat.
2871 5188 2874 5190 ·

1860 5241 1880 5310 ί
1910 5248 2000 5305 XI.
2025 5251 2097 5307 Ut
2142 5253 2320 5310 nullus
2363 5265 2648 5314 exercetur
2672 5273 2870 5330 agapas
2893 5302 2907 5317 .
2951 5263 3005 5318 id
3038 5273 3121 5320 est
3165 5268 3413 5325 convivia

1839 5341 2163 5409 pauperibus
2191 5345 2451 5399 exhibita.

1911 5427 2025 5482 Xll.
2056 5429 2126 5485 Ut
2140 5431 2316 5487 nullus
2341 5433 2580 5490 virorum
2609 5436 2664 5491 in
2691 5439 2903 5510 signum
2925 5444 3271 5502 continentiae
3295 5446 3410 5516 pal-

1840 5519 1912 5575 lio
1939 5529 2149 5588 utatur,
2203 5523 2502 5594 despiciens
2525 5540 2618 5583 eos
2652 5530 2743 5599 qui
2782 5531 2956 5588 solitis
2987 5537 3226 5592 vestibus
3249 5547 3411 5593 utun—

1841 5619 1947 5664 tur.

1911 5699 2044 5754 XIII.
2079 5701 2147 5757 Ut
2169 5703 2310 5758 nulla
2337 5704 2535 5762 femina
2558 5710 2770 5768 virilem
2795 5713 3034 5779 habitum
3060 5725 3232 5770 sumat
3254 5717 3409 5785 quasi

1839 5807 1939 5860 pro
1968 5793 2314 5848 continentia.
