3950 6312
1545 321 1985 388 ᾹΝΕΕῙΒΑΜΝΙ
2023 335 2361 396 METENSIS
2396 339 2706 399 EHSCOPI

598 426 733 487 XIV.
765 432 834 488 Ut
861 433 1002 488 nulla
1030 431 1224 490 femina
1245 433 1416 489 virum
1438 436 1703 508 relinquat
1725 457 1823 512 pro
1847 459 2094 501 exsecra-
2124 456 2172 513 Α
2198 453 2343 508 tione
2386 457 2546 512 unius
2592 459 2992 528 consenserint,
3026 445 3168 519 hunc
3192 467 3336 537 apud
3375 466 3517 524 alios
3539 469 3797 542 judicare

523 523 673 580 tione
707 523 1038 594 nuptiarum.
2200 559 2306 598 non
2332 548 2621 615 oportebit.

594 613 712 672 XV.
741 615 813 671 Ut
852 615 1030 671 nullus
1053 614 1192 672 ﬁlios
1216 631 1343 672 suos
1366 617 1595 690 negligat
1621 637 1720 691 per
1758 627 2102 684 occasionem
2268 613 2383 691 xv:
2415 639 2757 696 Desideramr
2775 659 2796 697 ε

523 705 889 764 continentiae.
1443 733 1449 740 ·
2267 730 2403 785 XVI.
2442 733 2510 788 Ut
2531 735 2814 806 episcopus
2847 740 3088 796 vacantis
3121 743 3368 802 ecclesiae
3412 747 3644 804 invaser
3668 751 3790 819 abji-

593 795 715 819 νπ.
788 796 861 819 η,
898 796 990 819 ωε
1036 806 1284 819 --μ-,μ
1501 803 1513 814 -
1603 818 1612 819 κ
1675 806 1727 819 η.
1952 812 1962 819 -
2055 812 2067 819 -

593 795 734 852 XVI.
785 796 862 852 Ne
898 796 993 852 ﬁlii
1035 806 1288 869 parentes
1336 803 1621 859 occasione
1671 806 2101 870 Christianitatis
2195 819 2391 875 ciatur.

524 887 840 957 despiciant.
951 949 954 951 ἓ
2265 907 2426 964 XVII.
2454 909 2512 966 Si
2539 913 2661 981 quis
2689 926 3004 987 susceptum
3035 922 3409 995 episcopatum
3435 930 3599 988 adire
3623 939 3678 987 et
3703 947 3792 1004 gu-

591 975 732 1004 “m
786 975 861 1004 κη
892 978 1141 1004 __._..,._--
1181 980 1327 1004 -_---=
1360 997 1450 1004 ,μ
1630 1002 1673 1004 ,-
1746 1003 1749 1004 γ
1798 989 1832 1004 ε.
1955 999 1990 1004 --
2194 1001 2208 1004 -

591 975 753 1035 XVII.
783 975 862 1032 Ne
892 978 1143 1036 mulieres
1177 980 1329 1051 quasi
1358 997 1457 1052 pro
1501 985 1683 1044 divino
1728 989 1875 1046 cultu
1917 999 2100 1048 atton-
2194 1001 2423 1057 bernare
2450 975 2852 1077 contempserit,
2881 975 3378 1074 excommunicetur

524 1067 769 1122 deantur.

2263 1093 2446 1149 XVIII.
2476 1094 2534 1150 Si
2556 1098 2678 1166 quis
2702 1111 3010 1170 susceptum
3031 1107 3404 1178 episcopatum
3433 1129 3548 1170 non
3571 1132 3677 1174 suo
3701 1123 3783 1177 sed

2194 1183 2424 1239 aliorum
2449 1185 2578 1242 vitio
2598 1187 2934 1260 devitaverit,
2964 1195 3223 1253 honorem
3247 1215 3407 1258 suum
3433 1207 3688 1269 retinere
3703 1213 3784 1267 de-

2194 1273 2360 1329 bcbit.

2263 1365 2404 1420 XIX.
2436 1367 2509 1424 Ut
2531 1331 2975 1442 metropolitanus
2996 1393 3104 1433 non
3123 1380 3229 1437 nisi
3249 1397 3371 1440 cum
3398 1386 3666 1458 pluribus
3680 1397 3782 1465 epi-

590 1158 775 1222 XVIII.
802 1157 880 1213 Ne
903 1159 1025 1230 quis
1066 1159 1122 1215 in
1161 1160 1248 1219 die
1292 1163 1571 1223 Dominica
1609 1169 1764 1240 quasi
1791 1187 1890 1242 pro
1920 1176 2098 1230 conti-

519 1249 700 1304 nentia
719 1247 948 1318 jejunet.

587 1338 730 1393 XIX.
757 1339 828 1395 Ut
850 1340 1025 1398 nullus
1043 1343 1410 1402 ecclesiastica
1434 1345 1644 1418 jejunia
1677 1352 1881 1424 absque
1907 1370 2094 1412 neces-

518 1428 678 1482 sitate
716 1430 994 1486 dissolvat.

590 1518 710 1573 XX.
760 1519 830 1576 Ut
868 1521 1047 1578 nullus
1094 1524 1348 1581 collectas
1387 1537 1699 1589 exsecretur
1727 1548 1846 1603 quae
1881 1543 2007 1592 sunt
2035 1536 2093 1593 in

517 1613 1034 1669 commemoratione
1055 1623 1377 1687 martyrum.

589 1705 658 1759 Et
696 1707 1169 1777 subscripserunt,
1211 1704 1458 1767 JEIianus
1480 1752 1497 1777 ,
1527 1711 1810 1783 Eusebius,
1840 1717 2092 1788 Basilius,

517 1793 697 1862 Osius,
724 1794 1034 1866 Gregorius,
1070 1805 1125 1853 et
1155 1799 1345 1870 reliqui
1369 1800 1607 1874 episcopi
1641 1819 1867 1862 numero
1891 1824 1947 1862 χ.

527 1941 724 2016 Viginti
749 1945 976 2019 quinque
1004 1949 1197 2020 regulae
1223 1953 1366 2034 apud
1389 1952 1719 2013 Antiochiam
1760 1961 1819 2016 in
1843 1966 2090 2022 encwniis

500 2026 503 2030 ·
1169 2026 1438 2092 experitur.

584 2142 626 2198 I.
655 2143 970 2220 Quicunque
1005 2163 1128 2206 cum
1168 2147 1368 2208 Iudaeis
1411 2164 1598 2212 contra
1644 2166 1844 2216 statuta
1886 2163 2089 2223 Nicaeni

514 2236 728 2291 concilii
779 2237 986 2297 Pascha
1045 2241 1398 2300 celebraverit
1447 2255 1962 2311 excommunicetur.
2023 2259 2092 2315 Et

516 2329 800 2386 damnatus
845 2330 1074 2387 clericus
1120 2335 1267 2389 omni
1315 2351 1530 2407 quoque
1579 2341 1782 2398 honore
1822 2349 2089 2406 extrinse-

514 2431 627 2482 cus,
665 2430 824 2488 quem
852 2428 1036 2484 sancta
1065 2422 1249 2496 regula
1274 2425 1358 2482 vel
1377 2427 1732 2487 sacerdotium
1769 2438 2086 2509 promeruit,

514 2507 775 2576 privetur.

581 2598 646 2654 II.
693 2600 764 2657 Ut
807 2602 1114 2675 quicunque
1153 2622 1212 2663 se
1251 2623 1281 2662 a
1331 2617 1521 2667 sancta
1573 2615 1950 2674 communione
1986 2634 2088 2690 pro

513 2693 744 2760 quadam
772 2695 1186 2766 intemperantia
1223 2704 1518 2772 suspendit,
1559 2703 1646 2762 vel
1670 2707 1762 2776 qui
1783 2722 2091 2768 excommu-

513 2785 692 2841 nicato
719 2790 1219 2860 communicaverit,
1248 2798 1763 2854 excommunicetur.

581 2874 667 2930 ill.
709 2874 778 2932 Ut
802 2877 1031 2934 clericus
1058 2881 1151 2950 qui
1178 2883 1243 2936 ad
1268 2885 1542 2955 propriam
1570 2890 1882 2960 parochiam
1912 2895 2091 2954 redire

511 2970 915 3038 contempserit,
944 2971 1288 3043 degradetur.

604 3058 667 3112 V.
708 3056 779 3114 Ut
800 3061 1101 3132 episcopus,
1147 3066 1448 3138 presbyter,
1489 3069 1750 3129 diaconus
1779 3074 2086 3147 damnatus,

511 3148 555 3201 si
582 3148 870 3218 pristinum
897 3151 1130 3210 cilicium
1156 3162 1512 3230 usurpaverit,
1541 3180 1816 3236 nunquam
1837 3171 2086 3227 restitua-
2107 3144 2157 3210 θ

513 3244 616 3299 tur,
647 3245 703 3291 et
732 3252 920 3295 omnes
945 3242 994 3297 ei
1014 3250 1137 3313 post
1159 3246 1557 3308 damnationem
1577 3253 1816 3311 scienter
1841 3272 2081 3317 commu-

511 3327 772 3392 nicantes,
797 3335 1350 3392 excommunicentur.

582 3418 646 3474 V.
680 3417 738 3474 Si
789 3419 1019 3482 clericus
1058 3429 1334 3497 proprium
1385 3433 1694 3506 episcopum
1735 3446 2081 3498 contemnens

509 3509 735 3564 seorsim
771 3511 997 3582 colligit,
1046 3515 1468 3576 irrevocabiliter
1504 3523 1810 3581 damnetur.
1856 3528 1998 3584 Idem
2033 3529 2080 3586 si

509 3599 790 3655 ecclesiam
819 3603 1041 3659 turbare
1059 3621 1164 3662 non
1185 3608 1402 3679 desinit,
1425 3626 1524 3682 per
1544 3623 1769 3673 catteras
1788 3625 2081 3687 potestates

508 3689 866 3758 opprimatur.

579 3777 668 3834 VI.
698 3779 771 3837 Ut
801 3787 1298 3848 excommunicatus
1334 3809 1365 3849 a
1395 3808 1492 3851 suo
1519 3797 1771 3870 episcopo
1807 3815 1914 3857 non
1944 3804 2080 3860 reci-

508 3869 707 3939 piatur.

579 3960 688 4016 VII.
720 3958 792 4018 Ut
826 3966 1093 4036 peregrini
1133 3969 1251 4027 sine
1277 3976 1730 4037 commendatitiis
1755 3981 1951 4042 litteris
1970 4001 2079 4044 non

507 4051 868 4121 suscipiantur.
893 4056 966 4111 ab
983 4056 1111 4114 alio.

576 4140 707 4196 VIII.
742 4142 1050 4216 Presbyteri
1082 4163 1336 4221 agrorum
1366 4171 1472 4212 non
1498 4169 1724 4230 possunt
1764 4165 1896 4225 dare
1921 4181 2080 4224 cano-

504 4230 655 4286 nicas
682 4233 958 4302 epistolas,
985 4237 1079 4292 sed
1106 4241 1496 4317 chorepiscopi.

570 4321 662 4376 IX.
713 4321 783 4378 Ut
831 4327 1312 4398 metropolitanus,
1360 4334 1488 4393 licet
1537 4344 2076 4412 comprovincialibus

502 4413 768 4484 episcopis
797 4417 1087 4487 praelatus,
1122 4423 1198 4476 nil
1237 4433 1416 4484 tamen
1456 4442 1655 4502 prmter
1692 4435 1812 4494 illos
1834 4478 1850 4504 ,
1888 4440 1990 4496 nisi
2019 4442 2073 4497 in

499 4783 696 4843 praeter
732 4777 942 4834 litteras
969 4785 1498 4853 comprovincialium
1539 4793 1933 4865 episcoporum,
1973 4777 2072 4869 pro

501 4865 852 4933 querimoniis
872 4870 1068 4926 adierit
1096 4873 1501 4948 imperatorem,
1530 4882 1732 4941 honore
1755 4895 1810 4942 et
1833 4903 2073 4947 commu-

503 4954 662 5008 nione
684 4957 945 5024 privetur.

572 5042 662 5096 XI.
692 5044 763 5099 Ut
805 5047 987 5104 clerici
1025 5050 1286 5124 damnati,
1331 5057 1378 5113 si
1418 5057 1797 5132 imperatorem
1821 5067 2070 5140 adierint,

498 5147 773 5202 nunquam
813 5140 1181 5199 restituantur.

573 5223 684 5278 XII.
718 5225 784 5281 Ut
807 5228 1020 5286 irritum
1063 5235 1135 5290 sit
1167 5239 1426 5310 quidquid
1457 5245 1739 5319 episcopus
1767 5266 1874 5308 non
1919 5271 2073 5326 roga-

502 5328 589 5372 tus
615 5319 670 5372 in
696 5319 867 5375 aliena
892 5330 1147 5393 parochia
1170 5334 1517 5394 ordinaverit.

574 5407 705 5463 XIII.
737 5407 794 5464 Si
837 5411 892 5466 in
931 5415 1268 5478 damnatione
1294 5429 1530 5500 episcopi
1561 5437 1917 5503 provinciales
1959 5445 2072 5512 epi-

499 5499 646 5568 scopi
677 5500 1028 5561 dissenserint
1051 5523 1082 5562 a
1114 5521 1541 5590 metropolitano,
1591 5528 1778 5586 vicinis
1804 5533 2070 5606 episcOpis

498 5590 792 5658 advocatis,
824 5609 982 5650 causa
1015 5601 1345 5661 terminetur.

572 5681 707 5739 XIV.
735 5682 800 5740 Si
839 5700 1031 5745 omnes
1067 5692 1426 5760 provinciales
1467 5705 1704 5779 episcopi
1747 5712 1801 5768 in
1847 5717 2068 5774 damna-

2085 5800 2145 5820 κ.

2193 1457 2370 1524 scopis
2395 1460 2607 1516 ordinet
2630 1463 2930 1534 episcopos.

2263 1544 2382 1601 XX.
2417 1548 2488 1604 Ut
2511 1550 2566 1605 in
2602 1555 2878 1622 provincia
2904 1558 3278 1632 episcoporum
3313 1571 3543 1628 concilia
3601 1577 3693 1632 bis
3730 1580 3777 1634 in

2193 1648 2334 1688 anno
2360 1635 2511 1691 ﬁant.

2263 1727 2403 1782 XXI.
2442 1729 2512 1786 Ut
2549 1733 2832 1806 episcopus
2876 1739 2943 1796 de
2991 1757 3090 1799 sua
3139 1750 3397 1817 parocbia
3439 1754 3494 1809 in
3533 1757 3775 1817 alienam

2119 1801 2168 1864 Β
2193 1818 2337 1876 nullo
2361 1823 2519 1880 modo
2544 1801 2917 1902 transmigret.

2260 1910 2423 1968 XXII.
2451 1913 2601 1982 Quod
2637 1919 2789 1974 irrita
2816 1923 2888 1978 sit
2909 1927 3178 1986 ordinatio
3207 1948 3368 2002 quam
3392 1940 3688 2013 episcopus

2190 2000 2361 2056 aliena
2383 2007 2640 2073 parochia
2667 2009 2721 2065 in
2746 2011 2936 2071 alienis
2962 2017 3176 2078 clericis
3199 2000 3546 2097 usurpaverit

2258 2092 2444 2149 XXIII.
2475 2095 2546 2152 Ut
2582 2098 2801 2158 irritum
2833 2105 2922 2173 sit,
2970 2108 3018 2164 si
3042 2092 3462 2186 episcopus—sibi
3489 2139 3770 2186 successo-

2189 2195 2302 2236 rem
2325 2182 2565 2254 elegerit.

2257 2273 2446 2330 XXIV.
2475 2277 2546 2334 Ut
2571 2294 2662 2336 res
2687 2283 2928 2374 ecclesia:
2946 2286 3156 2356 judicio
3177 2295 3412 2369 episcopi
3453 2303 3764 2374 dispensen-

2189 2371 2296 2430 tur,
2337 2377 2597 2437 separataa
2635 2373 2855 2442 quidem
2898 2380 2966 2435 ab
2993 2379 3110 2450 ejus
3140 2388 3378 2457 propriis
3401 2371 3592 2462 rebus,
3643 2415 3762 2468 quas

2187 2455 2277 2512 ille
2309 2457 2438 2514 dare
2471 2464 2643 2531 possit
2669 2468 2865 2536 quibus
2893 2472 3141 2542 voluerit,
3167 2455 3260 2544 ne,
3279 2495 3346 2539 eo
3371 2455 3763 2556 moriente-in-

2186 2549 2448 2608 vadantur
2475 2567 2565 2611 res
2584 2555 2701 2626 ejus
2723 2563 2960 2632 propria:
2988 2580 3110 2621 cum
3135 2571 3298 2627 rebus
3324 2576 3592 2634 ecclesia.

2187 2730 2307 2787 aliis
2332 2733 2644 2806 dispensare
2670 2719 2860 2810 possit,
2892 2762 2997 2802 non
3028 2757 3206 2806 tamen

2187 2822 2280 2877 sed
2300 2823 2366 2878 ad
2389 2825 2743 2900 indigentium
2763 2839 3161 2898 necessitatem.

2255 2911 2324 2966 Et
2363 2917 2799 2989 subscripserunt
2839 2942 2988 2984 xxx:
3029 2930 3295 2991 Eusebius
3338 2938 3756 3015 Paiatinensis,

2187 3001 2494 3065 Theodotus
2528 3010 3043 3090 Mesopotamiensis,
3073 3023 3387 3087 Theodorus
3409 3001 3751 3107 Isauriensis,

2187 3103 2244 3150 et
2267 3098 2484 3170 reliqui.

2253 3459 2295 3514 I.
2330 3461 2386 3518 Si
2409 3467 2516 3571 jqui
2550 3477 2785 3531 secundo
2812 3476 3050 3550 legitime
3075 3501 3413 3559 nupserunt,
3453 3506 3575 3564 post
3605 3498 3755 3571 [Lege

2180 3553 2428 3644 postque]
2448 3557 2540 3625 qui
2572 3574 2739 3629 parvo
2763 3575 3000 3636 tempore
3021 3553 3290 3634 transacto
3305 3553 3650 3644 orationibus
3675 3553 3753 3643 v2-

2181 3641 2447 3708 caverint,
2477 3646 2543 3700 ad
2573 3655 3000 3714 communionem
3033 3665 3386 3734 recipiantur.

2247 3727 2314 3785 II.
2361 3731 2433 3790 Ut
2467 3737 2701 3808 perfecte
2737 3748 3122 3815 paenitentibus
3145 3727 3473 3819 communio
3503 3769 3752 3824 conceda-

2183 3827 2292 3874 tur.

2249 3910 2333 3967 III.
2368 3914 2438 3972 Ut
2465 3919 2673 3976 noviter
2697 3923 2953 3995 baptizati
2981 3949 3088 3990 non
3117 3936 3248 3995 ﬁant
3276 3943 3492 4001 clerici.

2246 4002 2336 4059 lV.
2368 4005 2447 4063 Ne
2474 4011 2841 4075 ordinationes
2880 4020 3012 4078 liant
3046 4029 3146 4084 sub
3197 4045 3501 4104 Conspectu
3545 4039 3752 4098 audien-

2180 4089 2332 4159 tium,
2363 4095 2416 4151 id
2443 4107 2524 4152 est
2549 4105 3077 4170 catechumenorum.

2249 4183 2313 4238 V.
2344 4184 2422 4240 Ne
2447 4189 2627 4246 clerici
2651 4195 2834 4266 aliquo
2862 4204 3021 4259 modo
3047 4206 3158 4262 sint
3183 4215 3446 4270 usurarii.

2246 4271 2332 4327 VI.
2382 4275 2461 4332 Ne
2487 4294 2862 4349 permanentes
2900 4291 2956 4346 in
3004 4294 3198 4354 hmresi
3242 4307 3646 4371 permittantur
3684 4314 3755 4368 in-

2178 4369 2322 4419 trare
2342 4364 2561 4424 domum
2591 4371 2705 4428 Dei.

2246 4819 2376 4874 VIII.
2411 4823 2483 4879 Ut
2517 4842 2584 4882 ex
2632 4831 2822 4889 haeresi
2869 4835 3331 4918 Cataphrygarum
3373 4859 3636 4914 conversi
3668 4861 3756 4914 hn-

2169 4911 2462 4979 ptizentur.

2239 5002 2329 5056 IX.
2356 5004 2427 5060 Ut
2449 5009 2699 5066 catholici
2744 5015 2811 5068 ad
2859 5018 3236 5083 haereticorum
3284 5039 3614 5095 cmmeteria
3640 5057 3756 5096 ora-

2172 5099 2284 5146 tum
2309 5103 2497 5152 euntes
2522 5107 3072 5166 excommunicentur.

2241 5184 2309 5239 X.
2339 5186 2415 5242 Ne
2453 5191 2702 5248 catholici
2738 5212 2862 5252 cum
2900 5202 3168 5264 haereticis
3207 5210 3591 5274 indiderenter
3634 5236 3757 5275 con—

2165 5272 2374 5346 iugium
2413 5281 2612 5338 ineant.

2241 5366 2330 5421 XI.
2351 5370 2559 5467 .Ut-illa:
2581 5392 2700 5446 quae
2737 5381 2988 5440 dicuntur
3011 5393 3360 5463 presbyterze,
3392 5402 3760 5467 prasidentes

2170 5454 2223 5508 in
2255 5458 2496 5517 ecclesiis
2525 5481 2629 5520 non
2661 5470 2998 5529 ordinentur.

2240 5548 2351 5602 XII.
2388 5552 2458 5606 Ut
2493 5556 2726 5627 episcopi
2751 5577 2872 5616 cum
2885 5564 3090 5631 judicio
3110 5576 3511 5644 metropolitani
3535 5590 3599 5637 et
3619 5583 3760 5639 alio-

2166 5652 2287 5692 rum
2311 5642 2679 5713 episcoporum
2697 5657 3081 5719 provehantur.

2238 5727 2368 5784 XIII.
2396 5729 2474 5787 Ne
2496 5732 2698 5804 judicio
2725 5742 3078 5806 multitudinis
3099 5753 3467 5816 ordinationes
3492 5761 3672 5819 ﬁant.

3479 5978 3527 6010 r
