  <div class='ocr_page' id='page_1' title='image "/cluster/home/n/w/nwhite01/storage/ocr_20150623/96/hvd.32044015471204/526.png"; bbox 0 0 3950 6312; ppageno 0'>
   <div class='ocr_carea' id='block_1_1' title="bbox 164 411 308 469">
    <p class='ocr_par' dir='ltr' id='par_1_1' title="bbox 164 411 308 469">
     <span class='ocr_line' id='line_1_1' title="bbox 164 411 308 469; baseline -0.014 1"><span class='ocrx_word' id='word_1_1' title='bbox 164 411 308 469; x_wconf 70' lang='lat' dir='ltr'><strong>m1</strong></span> 
     </span>
    </p>
   </div>
   <div class='ocr_carea' id='block_1_2' title="bbox 1393 401 2166 462">
    <p class='ocr_par' dir='ltr' id='par_1_2' title="bbox 1393 401 2166 462">
     <span class='ocr_line' id='line_1_2' title="bbox 1393 401 2166 462; baseline -0.008 0"><span class='ocrx_word' id='word_1_2' title='bbox 1393 403 1773 462; x_wconf 86' lang='lat' dir='ltr'><strong>COLLECTIO</strong></span> <span class='ocrx_word' id='word_1_3' title='bbox 1807 401 2166 461; x_wconf 84' lang='lat' dir='ltr'><strong>CANONUM.</strong></span> 
     </span>
    </p>
   </div>
   <div class='ocr_carea' id='block_1_3' title="bbox 3295 406 3436 464">
    <p class='ocr_par' dir='ltr' id='par_1_3' title="bbox 3295 406 3436 464">
     <span class='ocr_line' id='line_1_3' title="bbox 3295 406 3436 464; baseline 0.021 -3"><span class='ocrx_word' id='word_1_4' title='bbox 3295 406 3436 464; x_wconf 62' lang='lat' dir='ltr'><strong>IOH</strong></span> 
     </span>
    </p>
   </div>
   <div class='ocr_carea' id='block_1_4' title="bbox 240 515 3436 593">
    <p class='ocr_par' dir='ltr' id='par_1_4' title="bbox 240 515 3436 593">
     <span class='ocr_line' id='line_1_4' title="bbox 240 515 3436 593; baseline 0 -11"><span class='ocrx_word' id='word_1_5' title='bbox 240 523 387 582; x_wconf 98' lang='lat' dir='ltr'><strong>XIV.</strong></span> <span class='ocrx_word' id='word_1_6' title='bbox 418 521 498 579; x_wconf 80' lang='lat' dir='ltr'><strong>Ne</strong></span> <span class='ocrx_word' id='word_1_7' title='bbox 518 520 764 592; x_wconf 80' lang='lat' dir='ltr'><strong>eulogizc,</strong></span> <span class='ocrx_word' id='word_1_8' title='bbox 786 520 841 578; x_wconf 94' lang='lat' dir='ltr'><strong>id</strong></span> <span class='ocrx_word' id='word_1_9' title='bbox 866 529 952 578; x_wconf 91' lang='lat' dir='ltr'><strong>est</strong></span> <span class='ocrx_word' id='word_1_10' title='bbox 973 520 1182 587; x_wconf 57' lang='lat' dir='ltr'><strong>oblata},</strong></span> <span class='ocrx_word' id='word_1_11' title='bbox 1215 521 1282 576; x_wconf 89' lang='lat' dir='ltr'><strong>ad</strong></span> <span class='ocrx_word' id='word_1_12' title='bbox 1309 517 1442 575; x_wconf 91' lang='lat' dir='ltr'><strong>alias</strong></span> <span class='ocrx_word' id='word_1_13' title='bbox 1469 519 1754 591; x_wconf 82' lang='lat' dir='ltr'><strong>parochias</strong></span> <span class='ocrx_word' id='word_1_14' title='bbox 1779 522 1835 582; x_wconf 76' lang='grc' dir='ltr'>Α</span> <span class='ocrx_word' id='word_1_15' title='bbox 1929 517 2170 574; x_wconf 87' lang='lat' dir='ltr'><strong>XXXIX.</strong></span> <span class='ocrx_word' id='word_1_16' title='bbox 2210 515 2289 572; x_wconf 87' lang='lat' dir='ltr'><strong>Ne</strong></span> <span class='ocrx_word' id='word_1_17' title='bbox 2332 517 2568 588; x_wconf 87' lang='lat' dir='ltr'><strong>episcopi</strong></span> <span class='ocrx_word' id='word_1_18' title='bbox 2610 518 2786 574; x_wconf 90' lang='lat' dir='ltr'><strong>vocati</strong></span> <span class='ocrx_word' id='word_1_19' title='bbox 2829 518 2898 576; x_wconf 91' lang='lat' dir='ltr'><strong>ad</strong></span> <span class='ocrx_word' id='word_1_20' title='bbox 2939 521 3205 593; x_wconf 87' lang='lat' dir='ltr'><strong>synodum</strong></span> <span class='ocrx_word' id='word_1_21' title='bbox 3249 526 3436 583; x_wconf 84' lang='lat' dir='ltr'><strong>venire</strong></span> 
     </span>
    </p>
   </div>
   <div class='ocr_carea' id='block_1_5' title="bbox 164 616 536 674">
    <p class='ocr_par' dir='ltr' id='par_1_5' title="bbox 164 616 536 674">
     <span class='ocr_line' id='line_1_5' title="bbox 164 616 536 674; baseline -0.022 1"><span class='ocrx_word' id='word_1_22' title='bbox 164 616 536 674; x_wconf 83' lang='lat' dir='ltr'><strong>destinentur.</strong></span> 
     </span>
    </p>
   </div>
   <div class='ocr_carea' id='block_1_6' title="bbox 239 698 1758 775">
    <p class='ocr_par' dir='ltr' id='par_1_6' title="bbox 239 698 1758 775">
     <span class='ocr_line' id='line_1_6' title="bbox 239 698 1758 775; baseline -0.005 -11"><span class='ocrx_word' id='word_1_23' title='bbox 239 707 363 764; x_wconf 89' lang='lat' dir='ltr'><strong>XV.</strong></span> <span class='ocrx_word' id='word_1_24' title='bbox 396 705 468 763; x_wconf 90' lang='lat' dir='ltr'><strong>Ut</strong></span> <span class='ocrx_word' id='word_1_25' title='bbox 491 703 670 760; x_wconf 92' lang='lat' dir='ltr'><strong>nullus</strong></span> <span class='ocrx_word' id='word_1_26' title='bbox 687 711 887 775; x_wconf 67' lang='lat' dir='ltr'><strong>praater</strong></span> <span class='ocrx_word' id='word_1_27' title='bbox 905 702 1181 774; x_wconf 72' lang='lat' dir='ltr'><strong>regulares</strong></span> <span class='ocrx_word' id='word_1_28' title='bbox 1207 708 1457 758; x_wconf 89' lang='lat' dir='ltr'><strong>cantores</strong></span> <span class='ocrx_word' id='word_1_29' title='bbox 1481 700 1535 755; x_wconf 89' lang='lat' dir='ltr'><strong>in</strong></span> <span class='ocrx_word' id='word_1_30' title='bbox 1550 698 1758 771; x_wconf 90' lang='lat' dir='ltr'><strong>pulpito</strong></span> 
     </span>
    </p>
   </div>
   <div class='ocr_carea' id='block_1_7' title="bbox 165 803 1758 955">
    <p class='ocr_par' dir='ltr' id='par_1_7' title="bbox 165 803 1758 955">
     <span class='ocr_line' id='line_1_7' title="bbox 165 803 1758 955; baseline -0.001 -15"><span class='ocrx_word' id='word_1_31' title='bbox 165 803 386 941; x_wconf 50' lang='grc' dir='ltr'><strong>ωῐέξῗ.</strong></span> <span class='ocrx_word' id='word_1_32' title='bbox 418 884 490 942; x_wconf 92' lang='lat' dir='ltr'><strong>Ut</strong></span> <span class='ocrx_word' id='word_1_33' title='bbox 515 884 572 940; x_wconf 91' lang='lat' dir='ltr'><strong>in</strong></span> <span class='ocrx_word' id='word_1_34' title='bbox 605 883 830 941; x_wconf 88' lang='lat' dir='ltr'><strong>sabbato</strong></span> <span class='ocrx_word' id='word_1_35' title='bbox 856 880 1131 955; x_wconf 90' lang='lat' dir='ltr'><strong>evangelia</strong></span> <span class='ocrx_word' id='word_1_36' title='bbox 1157 897 1281 938; x_wconf 91' lang='lat' dir='ltr'><strong>cum</strong></span> <span class='ocrx_word' id='word_1_37' title='bbox 1307 881 1426 939; x_wconf 88' lang='lat' dir='ltr'><strong>aliis</strong></span> <span class='ocrx_word' id='word_1_38' title='bbox 1463 881 1758 954; x_wconf 89' lang='lat' dir='ltr'><strong>Scripturis</strong></span> 
     </span>
    </p>
   </div>
   <div class='ocr_carea' id='block_1_8' title="bbox 166 976 445 1047">
    <p class='ocr_par' dir='ltr' id='par_1_8' title="bbox 166 976 445 1047">
     <span class='ocr_line' id='line_1_8' title="bbox 166 976 445 1047; baseline -0.011 -16"><span class='ocrx_word' id='word_1_39' title='bbox 166 976 445 1047; x_wconf 77' lang='lat' dir='ltr'><strong>legantur.</strong></span> 
     </span>
    </p>
   </div>
   <div class='ocr_carea' id='block_1_9' title="bbox 239 1066 1759 1142">
    <p class='ocr_par' dir='ltr' id='par_1_9' title="bbox 239 1066 1759 1142">
     <span class='ocr_line' id='line_1_9' title="bbox 239 1066 1759 1142; baseline 0 -17"><span class='ocrx_word' id='word_1_40' title='bbox 239 1069 405 1125; x_wconf 87' lang='lat' dir='ltr'><strong>XVII.</strong></span> <span class='ocrx_word' id='word_1_41' title='bbox 433 1066 512 1125; x_wconf 82' lang='lat' dir='ltr'><strong>Ne</strong></span> <span class='ocrx_word' id='word_1_42' title='bbox 536 1068 592 1124; x_wconf 89' lang='lat' dir='ltr'><strong>in</strong></span> <span class='ocrx_word' id='word_1_43' title='bbox 621 1068 849 1126; x_wconf 78' lang='lat' dir='ltr'><strong>ecclesia</strong></span> <span class='ocrx_word' id='word_1_44' title='bbox 873 1069 1066 1142; x_wconf 84' lang='lat' dir='ltr'><strong>psalmi</strong></span> <span class='ocrx_word' id='word_1_45' title='bbox 1094 1069 1494 1137; x_wconf 76' lang='lat' dir='ltr'><strong>continuentur,</strong></span> <span class='ocrx_word' id='word_1_46' title='bbox 1523 1070 1620 1126; x_wconf 89' lang='lat' dir='ltr'><strong>sed</strong></span> <span class='ocrx_word' id='word_1_47' title='bbox 1661 1085 1759 1142; x_wconf 89' lang='lat' dir='ltr'><strong>per</strong></span> 
     </span>
    </p>
   </div>
   <div class='ocr_carea' id='block_1_10' title="bbox 164 1159 1380 1233">
    <p class='ocr_par' dir='ltr' id='par_1_10' title="bbox 164 1159 1380 1233">
     <span class='ocr_line' id='line_1_10' title="bbox 164 1159 1380 1233; baseline -0.002 -13"><span class='ocrx_word' id='word_1_48' title='bbox 164 1162 412 1233; x_wconf 85' lang='lat' dir='ltr'><strong>singulos</strong></span> <span class='ocrx_word' id='word_1_49' title='bbox 435 1161 671 1232; x_wconf 85' lang='lat' dir='ltr'><strong>psalmos</strong></span> <span class='ocrx_word' id='word_1_50' title='bbox 695 1159 954 1219; x_wconf 89' lang='lat' dir='ltr'><strong>lectiones</strong></span> <span class='ocrx_word' id='word_1_51' title='bbox 975 1172 1380 1219; x_wconf 89' lang='lat' dir='ltr'><strong>recenseantur.</strong></span> 
     </span>
    </p>
   </div>
   <div class='ocr_carea' id='block_1_11' title="bbox 240 1251 1759 1328">
    <p class='ocr_par' dir='ltr' id='par_1_11' title="bbox 240 1251 1759 1328">
     <span class='ocr_line' id='line_1_11' title="bbox 240 1251 1759 1328; baseline 0.003 -21"><span class='ocrx_word' id='word_1_52' title='bbox 240 1251 429 1307; x_wconf 89' lang='lat' dir='ltr'><strong>XVIII.</strong></span> <span class='ocrx_word' id='word_1_53' title='bbox 461 1251 535 1308; x_wconf 95' lang='lat' dir='ltr'><strong>Ut</strong></span> <span class='ocrx_word' id='word_1_54' title='bbox 553 1251 785 1323; x_wconf 77' lang='lat' dir='ltr'><strong>idipsum</strong></span> <span class='ocrx_word' id='word_1_55' title='bbox 812 1251 1046 1310; x_wconf 86' lang='lat' dir='ltr'><strong>olllcium</strong></span> <span class='ocrx_word' id='word_1_56' title='bbox 1075 1268 1314 1328; x_wconf 84' lang='lat' dir='ltr'><strong>precum,</strong></span> <span class='ocrx_word' id='word_1_57' title='bbox 1341 1263 1398 1310; x_wconf 89' lang='lat' dir='ltr'><strong>et</strong></span> <span class='ocrx_word' id='word_1_58' title='bbox 1423 1270 1563 1313; x_wconf 89' lang='lat' dir='ltr'><strong>nona</strong></span> <span class='ocrx_word' id='word_1_59' title='bbox 1593 1263 1650 1310; x_wconf 90' lang='lat' dir='ltr'><strong>et</strong></span> <span class='ocrx_word' id='word_1_60' title='bbox 1671 1271 1759 1312; x_wconf 89' lang='lat' dir='ltr'><strong>ve-</strong></span> 
     </span>
    </p>
   </div>
   <div class='ocr_carea' id='block_1_12' title="bbox 164 1344 718 1424">
    <p class='ocr_par' dir='ltr' id='par_1_12' title="bbox 164 1344 718 1424">
     <span class='ocr_line' id='line_1_12' title="bbox 164 1344 718 1424; baseline -0.002 -24"><span class='ocrx_word' id='word_1_61' title='bbox 164 1357 334 1424; x_wconf 85' lang='lat' dir='ltr'><strong>spera</strong></span> <span class='ocrx_word' id='word_1_62' title='bbox 361 1344 718 1401; x_wconf 81' lang='lat' dir='ltr'><strong>celebrentur.</strong></span> 
     </span>
    </p>
   </div>
   <div class='ocr_carea' id='block_1_13' title="bbox 242 1457 1760 1532">
    <p class='ocr_par' dir='ltr' id='par_1_13' title="bbox 242 1457 1760 1532">
     <span class='ocr_line' id='line_1_13' title="bbox 242 1457 1760 1532; baseline 0.004 -19"><span class='ocrx_word' id='word_1_63' title='bbox 242 1458 390 1514; x_wconf 86' lang='lat' dir='ltr'><strong>XIX.</strong></span> <span class='ocrx_word' id='word_1_64' title='bbox 419 1457 490 1519; x_wconf 90' lang='lat' dir='ltr'><strong>Ut</strong></span> <span class='ocrx_word' id='word_1_65' title='bbox 507 1467 630 1529; x_wconf 86' lang='lat' dir='ltr'><strong>post</strong></span> <span class='ocrx_word' id='word_1_66' title='bbox 651 1457 1087 1529; x_wconf 63' lang='lat' dir='ltr'><strong>praedicationem</strong></span> <span class='ocrx_word' id='word_1_67' title='bbox 1106 1461 1503 1532; x_wconf 89' lang='lat' dir='ltr'><strong>episcoporum,</strong></span> <span class='ocrx_word' id='word_1_68' title='bbox 1527 1463 1623 1518; x_wconf 83' lang='lat' dir='ltr'><strong>ﬁat</strong></span> <span class='ocrx_word' id='word_1_69' title='bbox 1640 1479 1760 1520; x_wconf 88' lang='lat' dir='ltr'><strong>ora-</strong></span> 
     </span>
    </p>
   </div>
   <div class='ocr_carea' id='block_1_14' title="bbox 166 1549 1761 1622">
    <p class='ocr_par' dir='ltr' id='par_1_14' title="bbox 166 1549 1761 1622">
     <span class='ocr_line' id='line_1_14' title="bbox 166 1549 1761 1622; baseline 0.007 -22"><span class='ocrx_word' id='word_1_70' title='bbox 166 1549 254 1603; x_wconf 84' lang='lat' dir='ltr'><strong>tio</strong></span> <span class='ocrx_word' id='word_1_71' title='bbox 283 1563 446 1618; x_wconf 89' lang='lat' dir='ltr'><strong>super</strong></span> <span class='ocrx_word' id='word_1_72' title='bbox 468 1549 924 1606; x_wconf 87' lang='lat' dir='ltr'><strong>catechumenos:</strong></span> <span class='ocrx_word' id='word_1_73' title='bbox 957 1551 1152 1620; x_wconf 88' lang='lat' dir='ltr'><strong>quibus</strong></span> <span class='ocrx_word' id='word_1_74' title='bbox 1185 1553 1438 1622; x_wconf 77' lang='lat' dir='ltr'><strong>egressis,</strong></span> <span class='ocrx_word' id='word_1_75' title='bbox 1466 1555 1641 1610; x_wconf 85' lang='lat' dir='ltr'><strong>oratio</strong></span> <span class='ocrx_word' id='word_1_76' title='bbox 1666 1555 1761 1611; x_wconf 81' lang='lat' dir='ltr'><strong>ﬂat</strong></span> 
     </span>
    </p>
   </div>
   <div class='ocr_carea' id='block_1_15' title="bbox 163 1639 1760 1710">
    <p class='ocr_par' dir='ltr' id='par_1_15' title="bbox 163 1639 1760 1710">
     <span class='ocr_line' id='line_1_15' title="bbox 163 1639 1760 1710; baseline 0.006 -16"><span class='ocrx_word' id='word_1_77' title='bbox 163 1654 338 1708; x_wconf 84' lang='lat' dir='ltr'><strong>super</strong></span> <span class='ocrx_word' id='word_1_78' title='bbox 364 1639 687 1710; x_wconf 57' lang='lat' dir='ltr'><strong>praenitentes</strong></span> <span class='ocrx_word' id='word_1_79' title='bbox 735 1650 861 1697; x_wconf 91' lang='lat' dir='ltr'><strong>tunc</strong></span> <span class='ocrx_word' id='word_1_80' title='bbox 905 1642 975 1697; x_wconf 89' lang='lat' dir='ltr'><strong>ad</strong></span> <span class='ocrx_word' id='word_1_81' title='bbox 1010 1657 1230 1698; x_wconf 88' lang='lat' dir='ltr'><strong>manum</strong></span> <span class='ocrx_word' id='word_1_82' title='bbox 1281 1645 1760 1703; x_wconf 85' lang='lat' dir='ltr'><strong>sacerdotis&#39;acce—</strong></span> 
     </span>
    </p>
   </div>
   <div class='ocr_carea' id='block_1_16' title="bbox 161 1730 1761 1798">
    <p class='ocr_par' dir='ltr' id='par_1_16' title="bbox 161 1730 1761 1798">
     <span class='ocr_line' id='line_1_16' title="bbox 161 1730 1761 1798; baseline 0.004 -12"><span class='ocrx_word' id='word_1_83' title='bbox 161 1732 382 1786; x_wconf 87' lang='lat' dir='ltr'><strong>dentes.</strong></span> <span class='ocrx_word' id='word_1_84' title='bbox 431 1730 526 1786; x_wconf 87' lang='lat' dir='ltr'><strong>IIis</strong></span> <span class='ocrx_word' id='word_1_85' title='bbox 567 1731 998 1798; x_wconf 84' lang='lat' dir='ltr'><strong>discedentibus,</strong></span> <span class='ocrx_word' id='word_1_86' title='bbox 1024 1744 1464 1790; x_wconf 87' lang='lat' dir='ltr'><strong>consummantur</strong></span> <span class='ocrx_word' id='word_1_87' title='bbox 1485 1744 1598 1792; x_wconf 89' lang='lat' dir='ltr'><strong>tres</strong></span> <span class='ocrx_word' id='word_1_88' title='bbox 1637 1751 1761 1792; x_wconf 90' lang='lat' dir='ltr'><strong>ora-</strong></span> 
     </span>
    </p>
   </div>
   <div class='ocr_carea' id='block_1_17' title="bbox 165 1820 1758 1894">
    <p class='ocr_par' dir='ltr' id='par_1_17' title="bbox 165 1820 1758 1894">
     <span class='ocr_line' id='line_1_17' title="bbox 165 1820 1758 1894; baseline 0.004 -18"><span class='ocrx_word' id='word_1_89' title='bbox 165 1821 350 1878; x_wconf 79' lang='lat' dir='ltr'><strong>tiones</strong></span> <span class='ocrx_word' id='word_1_90' title='bbox 375 1820 632 1877; x_wconf 85' lang='lat' dir='ltr'><strong>lidelium.</strong></span> <span class='ocrx_word' id='word_1_91' title='bbox 681 1821 864 1878; x_wconf 87' lang='lat' dir='ltr'><strong>Prima</strong></span> <span class='ocrx_word' id='word_1_92' title='bbox 891 1823 1109 1894; x_wconf 86' lang='lat' dir='ltr'><strong>quidem</strong></span> <span class='ocrx_word' id='word_1_93' title='bbox 1135 1826 1235 1880; x_wconf 91' lang='lat' dir='ltr'><strong>sub</strong></span> <span class='ocrx_word' id='word_1_94' title='bbox 1266 1826 1499 1892; x_wconf 90' lang='lat' dir='ltr'><strong>silentio,</strong></span> <span class='ocrx_word' id='word_1_95' title='bbox 1523 1828 1758 1883; x_wconf 86' lang='lat' dir='ltr'><strong>secunda</strong></span> 
     </span>
    </p>
   </div>
   <div class='ocr_carea' id='block_1_18' title="bbox 1857 617 2222 681">
    <p class='ocr_par' dir='ltr' id='par_1_18' title="bbox 1857 617 2222 681">
     <span class='ocr_line' id='line_1_18' title="bbox 1857 617 2222 681; baseline -0.011 -16"><span class='ocrx_word' id='word_1_96' title='bbox 1857 617 2222 681; x_wconf 80' lang='lat' dir='ltr'><strong>contemnant.</strong></span> 
     </span>
    </p>
   </div>
   <div class='ocr_carea' id='block_1_19' title="bbox 1925 699 3441 774">
    <p class='ocr_par' dir='ltr' id='par_1_19' title="bbox 1925 699 3441 774">
     <span class='ocr_line' id='line_1_19' title="bbox 1925 699 3441 774; baseline 0.005 -18"><span class='ocrx_word' id='word_1_97' title='bbox 1925 701 2040 756; x_wconf 93' lang='lat' dir='ltr'><strong>XL.</strong></span> <span class='ocrx_word' id='word_1_98' title='bbox 2080 700 2160 756; x_wconf 81' lang='lat' dir='ltr'><strong>Ne</strong></span> <span class='ocrx_word' id='word_1_99' title='bbox 2184 701 2307 771; x_wconf 85' lang='lat' dir='ltr'><strong>quis</strong></span> <span class='ocrx_word' id='word_1_100' title='bbox 2327 699 2560 757; x_wconf 90' lang='lat' dir='ltr'><strong>clericus</strong></span> <span class='ocrx_word' id='word_1_101' title='bbox 2585 703 2702 758; x_wconf 91' lang='lat' dir='ltr'><strong>sine</strong></span> <span class='ocrx_word' id='word_1_102' title='bbox 2727 703 3003 762; x_wconf 89' lang='lat' dir='ltr'><strong>canonicis</strong></span> <span class='ocrx_word' id='word_1_103' title='bbox 3029 705 3248 774; x_wconf 85' lang='lat' dir='ltr'><strong>litteris,</strong></span> <span class='ocrx_word' id='word_1_104' title='bbox 3276 705 3330 763; x_wconf 92' lang='lat' dir='ltr'><strong>id</strong></span> <span class='ocrx_word' id='word_1_105' title='bbox 3353 718 3441 764; x_wconf 87' lang='lat' dir='ltr'><strong>est</strong></span> 
     </span>
    </p>
   </div>
   <div class='ocr_carea' id='block_1_20' title="bbox 1856 790 2531 862">
    <p class='ocr_par' dir='ltr' id='par_1_20' title="bbox 1856 790 2531 862">
     <span class='ocr_line' id='line_1_20' title="bbox 1856 790 2531 862; baseline -0.003 -14"><span class='ocrx_word' id='word_1_106' title='bbox 1856 792 2104 849; x_wconf 81' lang='lat' dir='ltr'><strong>formatis</strong></span> <span class='ocrx_word' id='word_1_107' title='bbox 2135 790 2531 862; x_wconf 82' lang='lat' dir='ltr'><strong>proﬁciscatur.</strong></span> 
     </span>
    </p>
   </div>
   <div class='ocr_carea' id='block_1_21' title="bbox 1926 884 3438 959">
    <p class='ocr_par' dir='ltr' id='par_1_21' title="bbox 1926 884 3438 959">
     <span class='ocr_line' id='line_1_21' title="bbox 1926 884 3438 959; baseline 0.003 -19"><span class='ocrx_word' id='word_1_108' title='bbox 1926 885 2063 941; x_wconf 89' lang='lat' dir='ltr'><strong>XLI.</strong></span> <span class='ocrx_word' id='word_1_109' title='bbox 2103 884 2181 940; x_wconf 86' lang='lat' dir='ltr'><strong>Ne</strong></span> <span class='ocrx_word' id='word_1_110' title='bbox 2217 884 2532 941; x_wconf 89' lang='lat' dir='ltr'><strong>subdiaconi</strong></span> <span class='ocrx_word' id='word_1_111' title='bbox 2562 885 2646 942; x_wconf 85' lang='lat' dir='ltr'><strong>vel</strong></span> <span class='ocrx_word' id='word_1_112' title='bbox 2669 885 3155 959; x_wconf 86' lang='lat' dir='ltr'><strong>paululumianuas</strong></span> <span class='ocrx_word' id='word_1_113' title='bbox 3193 887 3438 946; x_wconf 61' lang='lat' dir='ltr'><strong>ecclesia:</strong></span> 
     </span>
    </p>
   </div>
   <div class='ocr_carea' id='block_1_22' title="bbox 1856 978 2128 1034">
    <p class='ocr_par' dir='ltr' id='par_1_22' title="bbox 1856 978 2128 1034">
     <span class='ocr_line' id='line_1_22' title="bbox 1856 978 2128 1034; baseline -0.011 0"><span class='ocrx_word' id='word_1_114' title='bbox 1856 978 2128 1034; x_wconf 86' lang='lat' dir='ltr'><strong>deserant.</strong></span> 
     </span>
    </p>
   </div>
   <div class='ocr_carea' id='block_1_23' title="bbox 1927 1067 3439 1142">
    <p class='ocr_par' dir='ltr' id='par_1_23' title="bbox 1927 1067 3439 1142">
     <span class='ocr_line' id='line_1_23' title="bbox 1927 1067 3439 1142; baseline -0.001 -16"><span class='ocrx_word' id='word_1_115' title='bbox 1927 1070 2085 1126; x_wconf 82' lang='lat' dir='ltr'><strong>XLII.</strong></span> <span class='ocrx_word' id='word_1_116' title='bbox 2134 1069 2213 1126; x_wconf 90' lang='lat' dir='ltr'><strong>Ne</strong></span> <span class='ocrx_word' id='word_1_117' title='bbox 2252 1069 2438 1126; x_wconf 88' lang='lat' dir='ltr'><strong>clerici</strong></span> <span class='ocrx_word' id='word_1_118' title='bbox 2497 1070 2614 1126; x_wconf 88' lang='lat' dir='ltr'><strong>sine</strong></span> <span class='ocrx_word' id='word_1_119' title='bbox 2658 1067 2903 1142; x_wconf 77' lang='lat' dir='ltr'><strong>iussione</strong></span> <span class='ocrx_word' id='word_1_120' title='bbox 2940 1069 3180 1141; x_wconf 87' lang='lat' dir='ltr'><strong>episcopi</strong></span> <span class='ocrx_word' id='word_1_121' title='bbox 3223 1069 3439 1140; x_wconf 87' lang='lat' dir='ltr'><strong>prolici-</strong></span> 
     </span>
    </p>
   </div>
   <div class='ocr_carea' id='block_1_24' title="bbox 1859 1170 2100 1219">
    <p class='ocr_par' dir='ltr' id='par_1_24' title="bbox 1859 1170 2100 1219">
     <span class='ocr_line' id='line_1_24' title="bbox 1859 1170 2100 1219; baseline -0.008 -1"><span class='ocrx_word' id='word_1_122' title='bbox 1859 1170 2100 1219; x_wconf 70' lang='grc' dir='ltr'><strong>εωηιιιτ.</strong></span> 
     </span>
    </p>
   </div>
   <div class='ocr_carea' id='block_1_25' title="bbox 1928 1251 3180 1325">
    <p class='ocr_par' dir='ltr' id='par_1_25' title="bbox 1928 1251 3180 1325">
     <span class='ocr_line' id='line_1_25' title="bbox 1928 1251 3180 1325; baseline 0 -17"><span class='ocrx_word' id='word_1_123' title='bbox 1928 1253 2108 1309; x_wconf 85' lang='lat' dir='ltr'><strong>XLIII.</strong></span> <span class='ocrx_word' id='word_1_124' title='bbox 2147 1253 2226 1309; x_wconf 88' lang='lat' dir='ltr'><strong>Ne</strong></span> <span class='ocrx_word' id='word_1_125' title='bbox 2256 1251 2471 1309; x_wconf 68' lang='lat' dir='ltr'><strong>feminae</strong></span> <span class='ocrx_word' id='word_1_126' title='bbox 2493 1252 2868 1325; x_wconf 75' lang='lat' dir='ltr'><strong>ingrediantur</strong></span> <span class='ocrx_word' id='word_1_127' title='bbox 2889 1253 2958 1310; x_wconf 89' lang='lat' dir='ltr'><strong>ad</strong></span> <span class='ocrx_word' id='word_1_128' title='bbox 2987 1252 3180 1309; x_wconf 83' lang='lat' dir='ltr'><strong>altare.</strong></span> 
     </span>
    </p>
   </div>
   <div class='ocr_carea' id='block_1_26' title="bbox 1927 1343 3437 1416">
    <p class='ocr_par' dir='ltr' id='par_1_26' title="bbox 1927 1343 3437 1416">
     <span class='ocr_line' id='line_1_26' title="bbox 1927 1343 3437 1416; baseline -0.001 -16"><span class='ocrx_word' id='word_1_129' title='bbox 1927 1344 2110 1400; x_wconf 89' lang='lat' dir='ltr'><strong>XLIV.</strong></span> <span class='ocrx_word' id='word_1_130' title='bbox 2154 1343 2225 1401; x_wconf 88' lang='lat' dir='ltr'><strong>Ut</strong></span> <span class='ocrx_word' id='word_1_131' title='bbox 2251 1343 2429 1399; x_wconf 90' lang='lat' dir='ltr'><strong>nullus</strong></span> <span class='ocrx_word' id='word_1_132' title='bbox 2450 1353 2573 1416; x_wconf 91' lang='lat' dir='ltr'><strong>post</strong></span> <span class='ocrx_word' id='word_1_133' title='bbox 2605 1344 2738 1401; x_wconf 90' lang='lat' dir='ltr'><strong>duas</strong></span> <span class='ocrx_word' id='word_1_134' title='bbox 2773 1345 3199 1416; x_wconf 61' lang='lat' dir='ltr'><strong>quadragesima:</strong></span> <span class='ocrx_word' id='word_1_135' title='bbox 3232 1343 3437 1400; x_wconf 91' lang='lat' dir='ltr'><strong>hebdo-</strong></span> 
     </span>
    </p>
   </div>
   <div class='ocr_carea' id='block_1_27' title="bbox 1859 1434 2404 1506">
    <p class='ocr_par' dir='ltr' id='par_1_27' title="bbox 1859 1434 2404 1506">
     <span class='ocr_line' id='line_1_27' title="bbox 1859 1434 2404 1506; baseline -0.002 -15"><span class='ocrx_word' id='word_1_136' title='bbox 1859 1436 2046 1491; x_wconf 88' lang='lat' dir='ltr'><strong>madas</strong></span> <span class='ocrx_word' id='word_1_137' title='bbox 2076 1434 2404 1506; x_wconf 86' lang='lat' dir='ltr'><strong>naptizetur.</strong></span> 
     </span>
    </p>
   </div>
   <div class='ocr_carea' id='block_1_28' title="bbox 1929 1525 3438 1598">
    <p class='ocr_par' dir='ltr' id='par_1_28' title="bbox 1929 1525 3438 1598">
     <span class='ocr_line' id='line_1_28' title="bbox 1929 1525 3438 1598; baseline -0.001 -16"><span class='ocrx_word' id='word_1_138' title='bbox 1929 1527 2089 1582; x_wconf 91' lang='lat' dir='ltr'><strong>XLV.</strong></span> <span class='ocrx_word' id='word_1_139' title='bbox 2133 1525 2206 1584; x_wconf 89' lang='lat' dir='ltr'><strong>Ut</strong></span> <span class='ocrx_word' id='word_1_140' title='bbox 2231 1525 2540 1597; x_wconf 88' lang='lat' dir='ltr'><strong>baptizandi</strong></span> <span class='ocrx_word' id='word_1_141' title='bbox 2579 1526 2884 1598; x_wconf 83' lang='lat' dir='ltr'><strong>symbolum</strong></span> <span class='ocrx_word' id='word_1_142' title='bbox 2924 1526 3157 1591; x_wconf 88' lang='lat' dir='ltr'><strong>discant,</strong></span> <span class='ocrx_word' id='word_1_143' title='bbox 3199 1527 3340 1597; x_wconf 91' lang='lat' dir='ltr'><strong>quod</strong></span> <span class='ocrx_word' id='word_1_144' title='bbox 3385 1527 3438 1581; x_wconf 90' lang='lat' dir='ltr'><strong>in</strong></span> 
     </span>
    </p>
   </div>
   <div class='ocr_carea' id='block_1_29' title="bbox 1859 1617 3440 1692">
    <p class='ocr_par' dir='ltr' id='par_1_29' title="bbox 1859 1617 3440 1692">
     <span class='ocr_line' id='line_1_29' title="bbox 1859 1617 3440 1692; baseline -0.001 -19"><span class='ocrx_word' id='word_1_145' title='bbox 1859 1620 2046 1690; x_wconf 91' lang='lat' dir='ltr'><strong>quinta</strong></span> <span class='ocrx_word' id='word_1_146' title='bbox 2079 1617 2215 1674; x_wconf 81' lang='lat' dir='ltr'><strong>feria</strong></span> <span class='ocrx_word' id='word_1_147' title='bbox 2241 1617 2464 1689; x_wconf 87' lang='lat' dir='ltr'><strong>majoris</strong></span> <span class='ocrx_word' id='word_1_148' title='bbox 2488 1618 2800 1689; x_wconf 75' lang='lat' dir='ltr'><strong>septimana:</strong></span> <span class='ocrx_word' id='word_1_149' title='bbox 2827 1617 3079 1692; x_wconf 87' lang='lat' dir='ltr'><strong>episcopo</strong></span> <span class='ocrx_word' id='word_1_150' title='bbox 3102 1617 3190 1673; x_wconf 90' lang='lat' dir='ltr'><strong>vel</strong></span> <span class='ocrx_word' id='word_1_151' title='bbox 3216 1619 3440 1688; x_wconf 84' lang='lat' dir='ltr'><strong>presby—</strong></span> 
     </span>
    </p>
   </div>
   <div class='ocr_carea' id='block_1_30' title="bbox 1859 1711 2243 1767">
    <p class='ocr_par' dir='ltr' id='par_1_30' title="bbox 1859 1711 2243 1767">
     <span class='ocr_line' id='line_1_30' title="bbox 1859 1711 2243 1767; baseline -0.008 -1"><span class='ocrx_word' id='word_1_152' title='bbox 1859 1719 1975 1767; x_wconf 88' lang='lat' dir='ltr'><strong>tero</strong></span> <span class='ocrx_word' id='word_1_153' title='bbox 1999 1711 2243 1766; x_wconf 89' lang='lat' dir='ltr'><strong>reddant.</strong></span> 
     </span>
    </p>
   </div>
   <div class='ocr_carea' id='block_1_31' title="bbox 1930 1799 3441 1874">
    <p class='ocr_par' dir='ltr' id='par_1_31' title="bbox 1930 1799 3441 1874">
     <span class='ocr_line' id='line_1_31' title="bbox 1930 1799 3441 1874; baseline -0.001 -15"><span class='ocrx_word' id='word_1_154' title='bbox 1930 1801 2114 1859; x_wconf 89' lang='lat' dir='ltr'><strong>XLVI.</strong></span> <span class='ocrx_word' id='word_1_155' title='bbox 2154 1801 2227 1858; x_wconf 90' lang='lat' dir='ltr'><strong>Ut</strong></span> <span class='ocrx_word' id='word_1_156' title='bbox 2252 1801 2310 1856; x_wconf 92' lang='lat' dir='ltr'><strong>in</strong></span> <span class='ocrx_word' id='word_1_157' title='bbox 2337 1799 2656 1874; x_wconf 72' lang='lat' dir='ltr'><strong>aegritudine</strong></span> <span class='ocrx_word' id='word_1_158' title='bbox 2676 1800 2932 1872; x_wconf 85' lang='lat' dir='ltr'><strong>baptizati</strong></span> <span class='ocrx_word' id='word_1_159' title='bbox 2955 1799 3116 1858; x_wconf 83' lang='lat' dir='ltr'><strong>ﬁdem</strong></span> <span class='ocrx_word' id='word_1_160' title='bbox 3137 1808 3327 1872; x_wconf 87' lang='lat' dir='ltr'><strong>postea</strong></span> <span class='ocrx_word' id='word_1_161' title='bbox 3346 1800 3441 1857; x_wconf 88' lang='lat' dir='ltr'><strong>ad-</strong></span> 
     </span>
    </p>
   </div>
   <div class='ocr_carea' id='block_1_32' title="bbox 163 1881 2092 1990">
    <p class='ocr_par' dir='ltr' id='par_1_32' title="bbox 163 1881 2092 1990">
     <span class='ocr_line' id='line_1_32' title="bbox 163 1881 2092 1990; baseline 0.008 -24"><span class='ocrx_word' id='word_1_162' title='bbox 163 1928 305 1971; x_wconf 73' lang='grc' dir='ltr'><strong>νει-ο</strong></span> <span class='ocrx_word' id='word_1_163' title='bbox 329 1923 383 1969; x_wconf 87' lang='lat' dir='ltr'><strong>et</strong></span> <span class='ocrx_word' id='word_1_164' title='bbox 412 1916 568 1971; x_wconf 87' lang='lat' dir='ltr'><strong>tertia</strong></span> <span class='ocrx_word' id='word_1_165' title='bbox 597 1930 697 1986; x_wconf 92' lang='lat' dir='ltr'><strong>per</strong></span> <span class='ocrx_word' id='word_1_166' title='bbox 720 1881 1363 1975; x_wconf 48' lang='lat' dir='ltr'><strong>solitas.exclamationes.</strong></span> <span class='ocrx_word' id='word_1_167' title='bbox 1388 1919 1456 1974; x_wconf 89' lang='lat' dir='ltr'><strong>Et</strong></span> <span class='ocrx_word' id='word_1_168' title='bbox 1477 1935 1610 1990; x_wconf 89' lang='lat' dir='ltr'><strong>pace</strong></span> <span class='ocrx_word' id='word_1_169' title='bbox 1632 1921 1757 1978; x_wconf 88' lang='lat' dir='ltr'><strong>data</strong></span> <span class='ocrx_word' id='word_1_170' title='bbox 1790 1881 1834 1942; x_wconf 69' lang='grc' dir='ltr'><strong><em>Β</em></strong></span> <span class='ocrx_word' id='word_1_171' title='bbox 1861 1897 2092 1990; x_wconf 57' lang='grc' dir='ltr'><strong>θῖδὲῗᾝς</strong></span> 
     </span>
    </p>
   </div>
   <div class='ocr_carea' id='block_1_33' title="bbox 161 2005 1760 2085">
    <p class='ocr_par' dir='ltr' id='par_1_33' title="bbox 161 2005 1760 2085">
     <span class='ocr_line' id='line_1_33' title="bbox 161 2005 1760 2085; baseline 0.004 -22"><span class='ocrx_word' id='word_1_172' title='bbox 161 2006 480 2063; x_wconf 86' lang='lat' dir='ltr'><strong>celebretur</strong></span> <span class='ocrx_word' id='word_1_173' title='bbox 505 2005 726 2063; x_wconf 89' lang='lat' dir='ltr'><strong>oblatio.</strong></span> <span class='ocrx_word' id='word_1_174' title='bbox 762 2006 903 2063; x_wconf 89' lang='lat' dir='ltr'><strong>Solis</strong></span> <span class='ocrx_word' id='word_1_175' title='bbox 922 2016 1102 2064; x_wconf 87' lang='lat' dir='ltr'><strong>autem</strong></span> <span class='ocrx_word' id='word_1_176' title='bbox 1124 2011 1295 2066; x_wconf 84' lang='lat' dir='ltr'><strong>sacris</strong></span> <span class='ocrx_word' id='word_1_177' title='bbox 1315 2010 1580 2082; x_wconf 83' lang='lat' dir='ltr'><strong>ministris</strong></span> <span class='ocrx_word' id='word_1_178' title='bbox 1601 2011 1760 2085; x_wconf 79' lang='lat' dir='ltr'><strong>iuxta</strong></span> 
     </span>
    </p>
   </div>
   <div class='ocr_carea' id='block_1_34' title="bbox 163 2097 994 2158">
    <p class='ocr_par' dir='ltr' id='par_1_34' title="bbox 163 2097 994 2158">
     <span class='ocr_line' id='line_1_34' title="bbox 163 2097 994 2158; baseline 0.007 -9"><span class='ocrx_word' id='word_1_179' title='bbox 163 2097 348 2157; x_wconf 83' lang='lat' dir='ltr'><strong>altare</strong></span> <span class='ocrx_word' id='word_1_180' title='bbox 377 2097 535 2154; x_wconf 89' lang='lat' dir='ltr'><strong>liceat</strong></span> <span class='ocrx_word' id='word_1_181' title='bbox 567 2099 994 2158; x_wconf 73' lang='lat' dir='ltr'><strong>communicem.</strong></span> 
     </span>
    </p>
   </div>
   <div class='ocr_carea' id='block_1_35' title="bbox 247 2209 1762 2284">
    <p class='ocr_par' dir='ltr' id='par_1_35' title="bbox 247 2209 1762 2284">
     <span class='ocr_line' id='line_1_35' title="bbox 247 2209 1762 2284; baseline 0.004 -20"><span class='ocrx_word' id='word_1_182' title='bbox 247 2211 371 2272; x_wconf 88' lang='lat' dir='ltr'><strong>XX.</strong></span> <span class='ocrx_word' id='word_1_183' title='bbox 411 2209 488 2271; x_wconf 82' lang='lat' dir='ltr'><strong>Ne</strong></span> <span class='ocrx_word' id='word_1_184' title='bbox 517 2210 733 2268; x_wconf 87' lang='lat' dir='ltr'><strong>diaconi</strong></span> <span class='ocrx_word' id='word_1_185' title='bbox 777 2227 965 2268; x_wconf 84' lang='lat' dir='ltr'><strong>coram</strong></span> <span class='ocrx_word' id='word_1_186' title='bbox 1003 2213 1325 2284; x_wconf 80' lang='lat' dir='ltr'><strong>presbytero</strong></span> <span class='ocrx_word' id='word_1_187' title='bbox 1363 2212 1606 2280; x_wconf 84' lang='lat' dir='ltr'><strong>sedeant,</strong></span> <span class='ocrx_word' id='word_1_188' title='bbox 1654 2215 1762 2271; x_wconf 88' lang='lat' dir='ltr'><strong>nisi</strong></span> 
     </span>
    </p>
   </div>
   <div class='ocr_carea' id='block_1_36' title="bbox 160 2301 1764 2372">
    <p class='ocr_par' dir='ltr' id='par_1_36' title="bbox 160 2301 1764 2372">
     <span class='ocr_line' id='line_1_36' title="bbox 160 2301 1764 2372; baseline 0.001 -10"><span class='ocrx_word' id='word_1_189' title='bbox 160 2319 244 2362; x_wconf 78' lang='lat' dir='ltr'><strong>eo</strong></span> <span class='ocrx_word' id='word_1_190' title='bbox 268 2302 514 2372; x_wconf 88' lang='lat' dir='ltr'><strong>iubente.</strong></span> <span class='ocrx_word' id='word_1_191' title='bbox 550 2301 817 2358; x_wconf 85' lang='lat' dir='ltr'><strong>Similiter</strong></span> <span class='ocrx_word' id='word_1_192' title='bbox 857 2303 1071 2360; x_wconf 87' lang='lat' dir='ltr'><strong>diaconi</strong></span> <span class='ocrx_word' id='word_1_193' title='bbox 1113 2303 1183 2360; x_wconf 89' lang='lat' dir='ltr'><strong>ab</strong></span> <span class='ocrx_word' id='word_1_194' title='bbox 1219 2301 1566 2364; x_wconf 80' lang='lat' dir='ltr'><strong>inferioribus</strong></span> <span class='ocrx_word' id='word_1_195' title='bbox 1591 2305 1764 2363; x_wconf 80' lang='lat' dir='ltr'><strong>hono-</strong></span> 
     </span>
    </p>
   </div>
   <div class='ocr_carea' id='block_1_37' title="bbox 161 2401 394 2448">
    <p class='ocr_par' dir='ltr' id='par_1_37' title="bbox 161 2401 394 2448">
     <span class='ocr_line' id='line_1_37' title="bbox 161 2401 394 2448; baseline -0.009 0"><span class='ocrx_word' id='word_1_196' title='bbox 161 2408 278 2448; x_wconf 71' lang='lat' dir='ltr'><strong>l‘en</strong></span> <span class='ocrx_word' id='word_1_197' title='bbox 284 2401 340 2447; x_wconf 82' lang='grc' dir='ltr'><strong>ιυ</strong></span> <span class='ocrx_word' id='word_1_198' title='bbox 347 2409 394 2446; x_wconf 76' lang='grc' dir='ltr'><strong>Γ.</strong></span> 
     </span>
    </p>
   </div>
   <div class='ocr_carea' id='block_1_38' title="bbox 248 2484 1765 2553">
    <p class='ocr_par' dir='ltr' id='par_1_38' title="bbox 248 2484 1765 2553">
     <span class='ocr_line' id='line_1_38' title="bbox 248 2484 1765 2553; baseline 0.003 -13"><span class='ocrx_word' id='word_1_199' title='bbox 248 2484 396 2544; x_wconf 84' lang='lat' dir='ltr'><strong>XXI.</strong></span> <span class='ocrx_word' id='word_1_200' title='bbox 451 2484 520 2541; x_wconf 88' lang='lat' dir='ltr'><strong>Ut</strong></span> <span class='ocrx_word' id='word_1_201' title='bbox 545 2485 862 2542; x_wconf 88' lang='lat' dir='ltr'><strong>subdiaconi</strong></span> <span class='ocrx_word' id='word_1_202' title='bbox 884 2485 1081 2542; x_wconf 87' lang='lat' dir='ltr'><strong>remoti</strong></span> <span class='ocrx_word' id='word_1_203' title='bbox 1103 2485 1216 2542; x_wconf 81' lang='lat' dir='ltr'><strong>sint</strong></span> <span class='ocrx_word' id='word_1_204' title='bbox 1243 2501 1276 2542; x_wconf 88' lang='lat' dir='ltr'><strong>a</strong></span> <span class='ocrx_word' id='word_1_205' title='bbox 1300 2487 1571 2553; x_wconf 87' lang='lat' dir='ltr'><strong>diaconio,</strong></span> <span class='ocrx_word' id='word_1_206' title='bbox 1600 2485 1655 2543; x_wconf 90' lang='lat' dir='ltr'><strong>id</strong></span> <span class='ocrx_word' id='word_1_207' title='bbox 1679 2496 1765 2544; x_wconf 84' lang='lat' dir='ltr'><strong>est</strong></span> 
     </span>
    </p>
   </div>
   <div class='ocr_carea' id='block_1_39' title="bbox 164 2577 1478 2648">
    <p class='ocr_par' dir='ltr' id='par_1_39' title="bbox 164 2577 1478 2648">
     <span class='ocr_line' id='line_1_39' title="bbox 164 2577 1478 2648; baseline -0.001 -12"><span class='ocrx_word' id='word_1_208' title='bbox 164 2577 496 2644; x_wconf 79' lang='lat' dir='ltr'><strong>secretario,</strong></span> <span class='ocrx_word' id='word_1_209' title='bbox 529 2592 629 2633; x_wconf 91' lang='lat' dir='ltr'><strong>nec</strong></span> <span class='ocrx_word' id='word_1_210' title='bbox 657 2578 944 2634; x_wconf 84' lang='lat' dir='ltr'><strong>Dominica</strong></span> <span class='ocrx_word' id='word_1_211' title='bbox 970 2593 1102 2634; x_wconf 88' lang='lat' dir='ltr'><strong>vasa</strong></span> <span class='ocrx_word' id='word_1_212' title='bbox 1138 2579 1478 2648; x_wconf 88' lang='lat' dir='ltr'><strong>contingant.</strong></span> 
     </span>
    </p>
   </div>
   <div class='ocr_carea' id='block_1_40' title="bbox 247 2669 1762 2737">
    <p class='ocr_par' dir='ltr' id='par_1_40' title="bbox 247 2669 1762 2737">
     <span class='ocr_line' id='line_1_40' title="bbox 247 2669 1762 2737; baseline 0.001 -12"><span class='ocrx_word' id='word_1_213' title='bbox 247 2670 415 2726; x_wconf 81' lang='lat' dir='ltr'><strong>XXII.</strong></span> <span class='ocrx_word' id='word_1_214' title='bbox 477 2669 558 2727; x_wconf 82' lang='lat' dir='ltr'><strong>Ne</strong></span> <span class='ocrx_word' id='word_1_215' title='bbox 588 2670 952 2727; x_wconf 79' lang='lat' dir='ltr'><strong>subdiaconus</strong></span> <span class='ocrx_word' id='word_1_216' title='bbox 999 2670 1182 2727; x_wconf 86' lang='lat' dir='ltr'><strong>orario</strong></span> <span class='ocrx_word' id='word_1_217' title='bbox 1227 2678 1435 2737; x_wconf 88' lang='lat' dir='ltr'><strong>utatur,</strong></span> <span class='ocrx_word' id='word_1_218' title='bbox 1481 2686 1583 2728; x_wconf 89' lang='lat' dir='ltr'><strong>nec</strong></span> <span class='ocrx_word' id='word_1_219' title='bbox 1624 2672 1762 2728; x_wconf 88' lang='lat' dir='ltr'><strong>ostia</strong></span> 
     </span>
    </p>
   </div>
   <div class='ocr_carea' id='block_1_41' title="bbox 171 2763 473 2820">
    <p class='ocr_par' dir='ltr' id='par_1_41' title="bbox 171 2763 473 2820">
     <span class='ocr_line' id='line_1_41' title="bbox 171 2763 473 2820; baseline -0.013 0"><span class='ocrx_word' id='word_1_220' title='bbox 171 2763 473 2820; x_wconf 80' lang='lat' dir='ltr'><strong>relinquat.</strong></span> 
     </span>
    </p>
   </div>
   <div class='ocr_carea' id='block_1_42' title="bbox 249 2870 1766 2949">
    <p class='ocr_par' dir='ltr' id='par_1_42' title="bbox 249 2870 1766 2949">
     <span class='ocr_line' id='line_1_42' title="bbox 249 2870 1766 2949; baseline 0.002 -20"><span class='ocrx_word' id='word_1_221' title='bbox 249 2870 438 2929; x_wconf 76' lang='lat' dir='ltr'><strong>XXIII.</strong></span> <span class='ocrx_word' id='word_1_222' title='bbox 477 2873 555 2930; x_wconf 83' lang='lat' dir='ltr'><strong>Ne</strong></span> <span class='ocrx_word' id='word_1_223' title='bbox 577 2873 809 2932; x_wconf 89' lang='lat' dir='ltr'><strong>lectores</strong></span> <span class='ocrx_word' id='word_1_224' title='bbox 829 2873 916 2931; x_wconf 93' lang='lat' dir='ltr'><strong>vel</strong></span> <span class='ocrx_word' id='word_1_225' title='bbox 939 2883 1192 2933; x_wconf 87' lang='lat' dir='ltr'><strong>cantores</strong></span> <span class='ocrx_word' id='word_1_226' title='bbox 1214 2891 1339 2932; x_wconf 90' lang='lat' dir='ltr'><strong>cum</strong></span> <span class='ocrx_word' id='word_1_227' title='bbox 1363 2878 1561 2934; x_wconf 88' lang='lat' dir='ltr'><strong>orariis</strong></span> <span class='ocrx_word' id='word_1_228' title='bbox 1582 2877 1766 2949; x_wconf 82' lang='lat' dir='ltr'><strong>legant</strong></span> 
     </span>
    </p>
   </div>
   <div class='ocr_carea' id='block_1_43' title="bbox 169 2963 542 3034">
    <p class='ocr_par' dir='ltr' id='par_1_43' title="bbox 169 2963 542 3034">
     <span class='ocr_line' id='line_1_43' title="bbox 169 2963 542 3034; baseline -0.008 -13"><span class='ocrx_word' id='word_1_229' title='bbox 169 2963 268 3021; x_wconf 71' lang='lat' dir='ltr'><strong>vel</strong></span> <span class='ocrx_word' id='word_1_230' title='bbox 294 2964 542 3034; x_wconf 80' lang='lat' dir='ltr'><strong>psallam.</strong></span> 
     </span>
    </p>
   </div>
   <div class='ocr_carea' id='block_1_44' title="bbox 251 3053 1764 3124">
    <p class='ocr_par' dir='ltr' id='par_1_44' title="bbox 251 3053 1764 3124">
     <span class='ocr_line' id='line_1_44' title="bbox 251 3053 1764 3124; baseline 0.006 -16"><span class='ocrx_word' id='word_1_231' title='bbox 251 3053 443 3110; x_wconf 89' lang='lat' dir='ltr'><strong>XXIV.</strong></span> <span class='ocrx_word' id='word_1_232' title='bbox 483 3053 562 3112; x_wconf 85' lang='lat' dir='ltr'><strong>Ne</strong></span> <span class='ocrx_word' id='word_1_233' title='bbox 603 3053 808 3124; x_wconf 90' lang='lat' dir='ltr'><strong>clerici,</strong></span> <span class='ocrx_word' id='word_1_234' title='bbox 853 3055 1344 3124; x_wconf 72' lang='lat' dir='ltr'><strong>vel‘continentes,</strong></span> <span class='ocrx_word' id='word_1_235' title='bbox 1391 3057 1479 3114; x_wconf 83' lang='lat' dir='ltr'><strong>vel</strong></span> <span class='ocrx_word' id='word_1_236' title='bbox 1512 3059 1764 3117; x_wconf 84' lang='lat' dir='ltr'><strong>monachi</strong></span> 
     </span>
    </p>
   </div>
   <div class='ocr_carea' id='block_1_45' title="bbox 167 3145 844 3204">
    <p class='ocr_par' dir='ltr' id='par_1_45' title="bbox 167 3145 844 3204">
     <span class='ocr_line' id='line_1_45' title="bbox 167 3145 844 3204; baseline -0.001 -1"><span class='ocrx_word' id='word_1_237' title='bbox 167 3145 471 3203; x_wconf 73' lang='lat' dir='ltr'><strong>comedam</strong></span> <span class='ocrx_word' id='word_1_238' title='bbox 495 3146 551 3202; x_wconf 93' lang='lat' dir='ltr'><strong>in</strong></span> <span class='ocrx_word' id='word_1_239' title='bbox 582 3148 844 3204; x_wconf 78' lang='lat' dir='ltr'><strong>tabernis.</strong></span> 
     </span>
    </p>
   </div>
   <div class='ocr_carea' id='block_1_46' title="bbox 1932 1964 3296 2036">
    <p class='ocr_par' dir='ltr' id='par_1_46' title="bbox 1932 1964 3296 2036">
     <span class='ocr_line' id='line_1_46' title="bbox 1932 1964 3296 2036; baseline -0.003 -13"><span class='ocrx_word' id='word_1_240' title='bbox 1932 1965 2139 2023; x_wconf 86' lang='lat' dir='ltr'><strong>XLVII.</strong></span> <span class='ocrx_word' id='word_1_241' title='bbox 2180 1964 2252 2023; x_wconf 90' lang='lat' dir='ltr'><strong>Ut</strong></span> <span class='ocrx_word' id='word_1_242' title='bbox 2276 1965 2534 2036; x_wconf 80' lang='lat' dir='ltr'><strong>baptizati</strong></span> <span class='ocrx_word' id='word_1_243' title='bbox 2563 1965 2858 2022; x_wconf 86' lang='lat' dir='ltr'><strong>chrismate</strong></span> <span class='ocrx_word' id='word_1_244' title='bbox 2883 1967 3296 2023; x_wconf 78' lang='lat' dir='ltr'><strong>continuentur.</strong></span> 
     </span>
    </p>
   </div>
   <div class='ocr_carea' id='block_1_47' title="bbox 1929 2057 3437 2130">
    <p class='ocr_par' dir='ltr' id='par_1_47' title="bbox 1929 2057 3437 2130">
     <span class='ocr_line' id='line_1_47' title="bbox 1929 2057 3437 2130; baseline -0.001 -14"><span class='ocrx_word' id='word_1_245' title='bbox 1929 2059 2158 2116; x_wconf 88' lang='lat' dir='ltr'><strong>XLVIII.</strong></span> <span class='ocrx_word' id='word_1_246' title='bbox 2200 2059 2273 2116; x_wconf 92' lang='lat' dir='ltr'><strong>Ut</strong></span> <span class='ocrx_word' id='word_1_247' title='bbox 2295 2058 2454 2130; x_wconf 89' lang='lat' dir='ltr'><strong>panis</strong></span> <span class='ocrx_word' id='word_1_248' title='bbox 2485 2059 2878 2116; x_wconf 79' lang='lat' dir='ltr'><strong>benedictionis</strong></span> <span class='ocrx_word' id='word_1_249' title='bbox 2919 2058 2976 2113; x_wconf 92' lang='lat' dir='ltr'><strong>in</strong></span> <span class='ocrx_word' id='word_1_250' title='bbox 3027 2057 3437 2130; x_wconf 76' lang='lat' dir='ltr'><strong>quadragesima</strong></span> 
     </span>
    </p>
   </div>
   <div class='ocr_carea' id='block_1_48' title="bbox 1859 2148 3156 2216">
    <p class='ocr_par' dir='ltr' id='par_1_48' title="bbox 1859 2148 3156 2216">
     <span class='ocr_line' id='line_1_48' title="bbox 1859 2148 3156 2216; baseline -0.005 -8"><span class='ocrx_word' id='word_1_251' title='bbox 1859 2167 1966 2208; x_wconf 88' lang='lat' dir='ltr'><strong>non</strong></span> <span class='ocrx_word' id='word_1_252' title='bbox 1989 2150 2267 2216; x_wconf 87' lang='lat' dir='ltr'><strong>oll‘eratur,</strong></span> <span class='ocrx_word' id='word_1_253' title='bbox 2292 2149 2399 2205; x_wconf 88' lang='lat' dir='ltr'><strong>nisi</strong></span> <span class='ocrx_word' id='word_1_254' title='bbox 2423 2149 2479 2206; x_wconf 90' lang='lat' dir='ltr'><strong>in</strong></span> <span class='ocrx_word' id='word_1_255' title='bbox 2500 2149 2724 2205; x_wconf 87' lang='lat' dir='ltr'><strong>sabbato</strong></span> <span class='ocrx_word' id='word_1_256' title='bbox 2745 2149 2830 2204; x_wconf 91' lang='lat' dir='ltr'><strong>vel</strong></span> <span class='ocrx_word' id='word_1_257' title='bbox 2855 2148 3156 2204; x_wconf 83' lang='lat' dir='ltr'><strong>Dominiea.</strong></span> 
     </span>
    </p>
   </div>
   <div class='ocr_carea' id='block_1_49' title="bbox 1931 2239 3444 2311">
    <p class='ocr_par' dir='ltr' id='par_1_49' title="bbox 1931 2239 3444 2311">
     <span class='ocr_line' id='line_1_49' title="bbox 1931 2239 3444 2311; baseline -0.002 -12"><span class='ocrx_word' id='word_1_258' title='bbox 1931 2242 2120 2299; x_wconf 79' lang='lat' dir='ltr'><strong>XLIX.</strong></span> <span class='ocrx_word' id='word_1_259' title='bbox 2161 2241 2234 2301; x_wconf 85' lang='lat' dir='ltr'><strong>Ut</strong></span> <span class='ocrx_word' id='word_1_260' title='bbox 2261 2241 2441 2298; x_wconf 83' lang='lat' dir='ltr'><strong>nullus</strong></span> <span class='ocrx_word' id='word_1_261' title='bbox 2489 2241 2544 2296; x_wconf 89' lang='lat' dir='ltr'><strong>in</strong></span> <span class='ocrx_word' id='word_1_262' title='bbox 2580 2239 2748 2297; x_wconf 66' lang='lat' dir='ltr'><strong>Cana</strong></span> <span class='ocrx_word' id='word_1_263' title='bbox 2788 2239 3000 2298; x_wconf 85' lang='lat' dir='ltr'><strong>Domini</strong></span> <span class='ocrx_word' id='word_1_264' title='bbox 3019 2239 3284 2311; x_wconf 78' lang='lat' dir='ltr'><strong>jejunium</strong></span> <span class='ocrx_word' id='word_1_265' title='bbox 3309 2253 3444 2311; x_wconf 78' lang='lat' dir='ltr'><strong>qna-</strong></span> 
     </span>
    </p>
   </div>
   <div class='ocr_carea' id='block_1_50' title="bbox 1861 2332 2437 2405">
    <p class='ocr_par' dir='ltr' id='par_1_50' title="bbox 1861 2332 2437 2405">
     <span class='ocr_line' id='line_1_50' title="bbox 1861 2332 2437 2405; baseline -0.009 -14"><span class='ocrx_word' id='word_1_266' title='bbox 1861 2332 2215 2405; x_wconf 79' lang='lat' dir='ltr'><strong>dragesimale</strong></span> <span class='ocrx_word' id='word_1_267' title='bbox 2243 2332 2437 2388; x_wconf 86' lang='lat' dir='ltr'><strong>solvat.</strong></span> 
     </span>
    </p>
   </div>
   <div class='ocr_carea' id='block_1_51' title="bbox 1931 2421 3447 2495">
    <p class='ocr_par' dir='ltr' id='par_1_51' title="bbox 1931 2421 3447 2495">
     <span class='ocr_line' id='line_1_51' title="bbox 1931 2421 3447 2495; baseline 0 -17"><span class='ocrx_word' id='word_1_268' title='bbox 1931 2422 1996 2478; x_wconf 94' lang='lat' dir='ltr'><strong>L.</strong></span> <span class='ocrx_word' id='word_1_269' title='bbox 2031 2421 2112 2479; x_wconf 86' lang='lat' dir='ltr'><strong>Ne</strong></span> <span class='ocrx_word' id='word_1_270' title='bbox 2152 2421 2355 2478; x_wconf 84' lang='lat' dir='ltr'><strong>natalia</strong></span> <span class='ocrx_word' id='word_1_271' title='bbox 2394 2429 2698 2494; x_wconf 83' lang='lat' dir='ltr'><strong>martyrum</strong></span> <span class='ocrx_word' id='word_1_272' title='bbox 2749 2421 2805 2477; x_wconf 90' lang='lat' dir='ltr'><strong>in</strong></span> <span class='ocrx_word' id='word_1_273' title='bbox 2852 2423 3265 2495; x_wconf 82' lang='lat' dir='ltr'><strong>quadragesima</strong></span> <span class='ocrx_word' id='word_1_274' title='bbox 3309 2422 3447 2478; x_wconf 87' lang='lat' dir='ltr'><strong>cele-</strong></span> 
     </span>
    </p>
   </div>
   <div class='ocr_carea' id='block_1_52' title="bbox 1861 2513 3447 2580">
    <p class='ocr_par' dir='ltr' id='par_1_52' title="bbox 1861 2513 3447 2580">
     <span class='ocr_line' id='line_1_52' title="bbox 1861 2513 3447 2580; baseline -0.003 -9"><span class='ocrx_word' id='word_1_275' title='bbox 1861 2515 2107 2580; x_wconf 89' lang='lat' dir='ltr'><strong>brentur,</strong></span> <span class='ocrx_word' id='word_1_276' title='bbox 2150 2513 2246 2570; x_wconf 90' lang='lat' dir='ltr'><strong>sed</strong></span> <span class='ocrx_word' id='word_1_277' title='bbox 2285 2528 2475 2570; x_wconf 88' lang='lat' dir='ltr'><strong>eorum</strong></span> <span class='ocrx_word' id='word_1_278' title='bbox 2522 2514 2968 2571; x_wconf 89' lang='lat' dir='ltr'><strong>commemoratio</strong></span> <span class='ocrx_word' id='word_1_279' title='bbox 3003 2515 3057 2570; x_wconf 91' lang='lat' dir='ltr'><strong>in</strong></span> <span class='ocrx_word' id='word_1_280' title='bbox 3093 2514 3333 2572; x_wconf 76' lang='lat' dir='ltr'><strong>sabbatis</strong></span> <span class='ocrx_word' id='word_1_281' title='bbox 3361 2513 3447 2569; x_wconf 86' lang='lat' dir='ltr'><strong>vel</strong></span> 
     </span>
    </p>
   </div>
   <div class='ocr_carea' id='block_1_53' title="bbox 1861 2603 2295 2663">
    <p class='ocr_par' dir='ltr' id='par_1_53' title="bbox 1861 2603 2295 2663">
     <span class='ocr_line' id='line_1_53' title="bbox 1861 2603 2295 2663; baseline -0.007 0"><span class='ocrx_word' id='word_1_282' title='bbox 1861 2605 2156 2663; x_wconf 88' lang='lat' dir='ltr'><strong>Dominicis</strong></span> <span class='ocrx_word' id='word_1_283' title='bbox 2180 2603 2295 2660; x_wconf 82' lang='lat' dir='ltr'><strong>ﬂat.</strong></span> 
     </span>
    </p>
   </div>
   <div class='ocr_carea' id='block_1_54' title="bbox 1932 2701 3450 2772">
    <p class='ocr_par' dir='ltr' id='par_1_54' title="bbox 1932 2701 3450 2772">
     <span class='ocr_line' id='line_1_54' title="bbox 1932 2701 3450 2772; baseline -0.001 -15"><span class='ocrx_word' id='word_1_284' title='bbox 1932 2701 2019 2757; x_wconf 91' lang='lat' dir='ltr'><strong>LI.</strong></span> <span class='ocrx_word' id='word_1_285' title='bbox 2069 2701 2150 2758; x_wconf 84' lang='lat' dir='ltr'><strong>Ne</strong></span> <span class='ocrx_word' id='word_1_286' title='bbox 2180 2701 2382 2772; x_wconf 68' lang='lat' dir='ltr'><strong>nuptiae</strong></span> <span class='ocrx_word' id='word_1_287' title='bbox 2408 2701 2497 2758; x_wconf 87' lang='lat' dir='ltr'><strong>vel</strong></span> <span class='ocrx_word' id='word_1_288' title='bbox 2519 2702 2801 2758; x_wconf 81' lang='lat' dir='ltr'><strong>hominum</strong></span> <span class='ocrx_word' id='word_1_289' title='bbox 2836 2701 3081 2758; x_wconf 83' lang='lat' dir='ltr'><strong>natalitia</strong></span> <span class='ocrx_word' id='word_1_290' title='bbox 3106 2701 3450 2759; x_wconf 80' lang='lat' dir='ltr'><strong>celebrentur</strong></span> 
     </span>
    </p>
   </div>
   <div class='ocr_carea' id='block_1_55' title="bbox 1863 2789 2377 2861">
    <p class='ocr_par' dir='ltr' id='par_1_55' title="bbox 1863 2789 2377 2861">
     <span class='ocr_line' id='line_1_55' title="bbox 1863 2789 2377 2861; baseline -0.006 -15"><span class='ocrx_word' id='word_1_291' title='bbox 1863 2791 1919 2847; x_wconf 90' lang='lat' dir='ltr'><strong>in</strong></span> <span class='ocrx_word' id='word_1_292' title='bbox 1942 2789 2377 2861; x_wconf 87' lang='lat' dir='ltr'><strong>quadragesima.</strong></span> 
     </span>
    </p>
   </div>
   <div class='ocr_carea' id='block_1_56' title="bbox 1935 2877 3450 2952">
    <p class='ocr_par' dir='ltr' id='par_1_56' title="bbox 1935 2877 3450 2952">
     <span class='ocr_line' id='line_1_56' title="bbox 1935 2877 3450 2952; baseline -0.001 -16"><span class='ocrx_word' id='word_1_293' title='bbox 1935 2880 2043 2939; x_wconf 88' lang='lat' dir='ltr'><strong>LII.</strong></span> <span class='ocrx_word' id='word_1_294' title='bbox 2077 2879 2157 2937; x_wconf 83' lang='lat' dir='ltr'><strong>Ne</strong></span> <span class='ocrx_word' id='word_1_295' title='bbox 2179 2878 2473 2937; x_wconf 89' lang='lat' dir='ltr'><strong>Christiani</strong></span> <span class='ocrx_word' id='word_1_296' title='bbox 2497 2879 2700 2950; x_wconf 90' lang='lat' dir='ltr'><strong>nuptiis</strong></span> <span class='ocrx_word' id='word_1_297' title='bbox 2717 2879 2978 2952; x_wconf 88' lang='lat' dir='ltr'><strong>plaudant</strong></span> <span class='ocrx_word' id='word_1_298' title='bbox 3002 2879 3087 2937; x_wconf 90' lang='lat' dir='ltr'><strong>vel</strong></span> <span class='ocrx_word' id='word_1_299' title='bbox 3107 2877 3324 2946; x_wconf 87' lang='lat' dir='ltr'><strong>saltent,</strong></span> <span class='ocrx_word' id='word_1_300' title='bbox 3353 2879 3450 2935; x_wconf 89' lang='lat' dir='ltr'><strong>sed</strong></span> 
     </span>
    </p>
   </div>
   <div class='ocr_carea' id='block_1_57' title="bbox 1865 2972 2516 3030">
    <p class='ocr_par' dir='ltr' id='par_1_57' title="bbox 1865 2972 2516 3030">
     <span class='ocr_line' id='line_1_57' title="bbox 1865 2972 2516 3030; baseline -0.003 0"><span class='ocrx_word' id='word_1_301' title='bbox 1865 2972 2251 3030; x_wconf 85' lang='lat' dir='ltr'><strong>venerabiliter</strong></span> <span class='ocrx_word' id='word_1_302' title='bbox 2274 2979 2516 3028; x_wconf 74' lang='lat' dir='ltr'><strong>coenent.</strong></span> 
     </span>
    </p>
   </div>
   <div class='ocr_carea' id='block_1_58' title="bbox 1935 3061 3448 3132">
    <p class='ocr_par' dir='ltr' id='par_1_58' title="bbox 1935 3061 3448 3132">
     <span class='ocr_line' id='line_1_58' title="bbox 1935 3061 3448 3132; baseline -0.001 -13"><span class='ocrx_word' id='word_1_303' title='bbox 1935 3062 2066 3119; x_wconf 90' lang='lat' dir='ltr'><strong>LIII.</strong></span> <span class='ocrx_word' id='word_1_304' title='bbox 2102 3062 2181 3119; x_wconf 84' lang='lat' dir='ltr'><strong>Ne</strong></span> <span class='ocrx_word' id='word_1_305' title='bbox 2197 3061 2385 3120; x_wconf 89' lang='lat' dir='ltr'><strong>clerici</strong></span> <span class='ocrx_word' id='word_1_306' title='bbox 2405 3061 2629 3118; x_wconf 88' lang='lat' dir='ltr'><strong>ludicris</strong></span> <span class='ocrx_word' id='word_1_307' title='bbox 2645 3061 2968 3132; x_wconf 87' lang='lat' dir='ltr'><strong>spectaculis</strong></span> <span class='ocrx_word' id='word_1_308' title='bbox 2989 3061 3242 3118; x_wconf 88' lang='lat' dir='ltr'><strong>intersint</strong></span> <span class='ocrx_word' id='word_1_309' title='bbox 3262 3061 3318 3117; x_wconf 94' lang='lat' dir='ltr'><strong>in</strong></span> <span class='ocrx_word' id='word_1_310' title='bbox 3342 3074 3448 3117; x_wconf 66' lang='lat' dir='ltr'><strong>caa-</strong></span> 
     </span>
    </p>
   </div>
   <div class='ocr_carea' id='block_1_59' title="bbox 1868 3153 3451 3229">
    <p class='ocr_par' dir='ltr' id='par_1_59' title="bbox 1868 3153 3451 3229">
     <span class='ocr_line' id='line_1_59' title="bbox 1868 3153 3451 3229; baseline -0.001 -18"><span class='ocrx_word' id='word_1_311' title='bbox 1868 3158 1956 3212; x_wconf 92' lang='lat' dir='ltr'><strong>nis</strong></span> <span class='ocrx_word' id='word_1_312' title='bbox 1980 3156 2065 3213; x_wconf 88' lang='lat' dir='ltr'><strong>vel</strong></span> <span class='ocrx_word' id='word_1_313' title='bbox 2088 3157 2309 3229; x_wconf 89' lang='lat' dir='ltr'><strong>nuptiis,</strong></span> <span class='ocrx_word' id='word_1_314' title='bbox 2363 3157 2459 3213; x_wconf 87' lang='lat' dir='ltr'><strong>sed</strong></span> <span class='ocrx_word' id='word_1_315' title='bbox 2483 3163 2609 3211; x_wconf 90' lang='lat' dir='ltr'><strong>ante</strong></span> <span class='ocrx_word' id='word_1_316' title='bbox 2651 3155 2930 3212; x_wconf 88' lang='lat' dir='ltr'><strong>discedant</strong></span> <span class='ocrx_word' id='word_1_317' title='bbox 2970 3169 3134 3224; x_wconf 91' lang='lat' dir='ltr'><strong>quam</strong></span> <span class='ocrx_word' id='word_1_318' title='bbox 3174 3153 3451 3227; x_wconf 81' lang='lat' dir='ltr'><strong>thymelici</strong></span> 
     </span>
    </p>
   </div>
   <div class='ocr_carea' id='block_1_60' title="bbox 253 3235 2104 3312">
    <p class='ocr_par' dir='ltr' id='par_1_60' title="bbox 253 3235 2104 3312">
     <span class='ocr_line' id='line_1_60' title="bbox 253 3235 2104 3312; baseline 0.006 -20"><span class='ocrx_word' id='word_1_319' title='bbox 253 3236 426 3294; x_wconf 90' lang='lat' dir='ltr'><strong>XXV.</strong></span> <span class='ocrx_word' id='word_1_320' title='bbox 463 3235 542 3294; x_wconf 84' lang='lat' dir='ltr'><strong>Ne</strong></span> <span class='ocrx_word' id='word_1_321' title='bbox 570 3238 887 3296; x_wconf 82' lang='lat' dir='ltr'><strong>subdiaconi</strong></span> <span class='ocrx_word' id='word_1_322' title='bbox 919 3254 1114 3312; x_wconf 90' lang='lat' dir='ltr'><strong>panem</strong></span> <span class='ocrx_word' id='word_1_323' title='bbox 1144 3241 1274 3299; x_wconf 82' lang='lat' dir='ltr'><strong>dent</strong></span> <span class='ocrx_word' id='word_1_324' title='bbox 1303 3243 1390 3299; x_wconf 92' lang='lat' dir='ltr'><strong>vel</strong></span> <span class='ocrx_word' id='word_1_325' title='bbox 1417 3242 1641 3300; x_wconf 89' lang='lat' dir='ltr'><strong>calicem</strong></span> <span class='ocrx_word' id='word_1_326' title='bbox 1667 3245 1761 3301; x_wconf 89' lang='lat' dir='ltr'><strong>be-</strong></span> <span class='ocrx_word' id='word_1_327' title='bbox 1789 3238 1836 3302; x_wconf 88' lang='lat' dir='ltr'>C</span> <span class='ocrx_word' id='word_1_328' title='bbox 1867 3249 2104 3304; x_wconf 87' lang='lat' dir='ltr'><strong>veniant.</strong></span> 
     </span>
    </p>
   </div>
   <div class='ocr_carea' id='block_1_61' title="bbox 170 3329 1766 3510">
    <p class='ocr_par' dir='ltr' id='par_1_61' title="bbox 170 3329 1766 3510">
     <span class='ocr_line' id='line_1_61' title="bbox 289 3344 414 3383; baseline -0.008 0"><span class='ocrx_word' id='word_1_329' title='bbox 289 3345 308 3383; x_wconf 83' lang='grc' dir='ltr'><strong><em>ι</em></strong></span> <span class='ocrx_word' id='word_1_330' title='bbox 379 3344 414 3382; x_wconf 81' lang='grc' dir='ltr'><strong><em>η</em></strong></span> 
     </span>
     <span class='ocr_line' id='line_1_62' title="bbox 170 3329 1766 3510; baseline 0.006 -34"><span class='ocrx_word' id='word_1_331' title='bbox 487 3420 643 3489; x_wconf 85' lang='lat' dir='ltr'><strong>Quod</strong></span> <span class='ocrx_word' id='word_1_332' title='bbox 659 3436 928 3510; x_wconf 79' lang='lat' dir='ltr'><strong>nusquam</strong></span> <span class='ocrx_word' id='word_1_333' title='bbox 950 3425 1259 3482; x_wconf 76' lang='lat' dir='ltr'><strong>exorcizare</strong></span> <span class='ocrx_word' id='word_1_334' title='bbox 1279 3427 1487 3496; x_wconf 88' lang='lat' dir='ltr'><strong>possint</strong></span> <span class='ocrx_word' id='word_1_335' title='bbox 1507 3428 1562 3484; x_wconf 92' lang='lat' dir='ltr'><strong>hi</strong></span> <span class='ocrx_word' id='word_1_336' title='bbox 1583 3429 1676 3500; x_wconf 92' lang='lat' dir='ltr'><strong>qui</strong></span> <span class='ocrx_word' id='word_1_337' title='bbox 1699 3429 1766 3487; x_wconf 86' lang='lat' dir='ltr'><strong>ab</strong></span> 
     </span>
    </p>
   </div>
   <div class='ocr_carea' id='block_1_62' title="bbox 170 3509 1214 3580">
    <p class='ocr_par' dir='ltr' id='par_1_62' title="bbox 170 3509 1214 3580">
     <span class='ocr_line' id='line_1_63' title="bbox 170 3509 1214 3580; baseline 0.005 -17"><span class='ocrx_word' id='word_1_338' title='bbox 170 3509 440 3580; x_wconf 77' lang='lat' dir='ltr'><strong>episcopo</strong></span> <span class='ocrx_word' id='word_1_339' title='bbox 461 3511 530 3565; x_wconf 90' lang='lat' dir='ltr'><strong>ad</strong></span> <span class='ocrx_word' id='word_1_340' title='bbox 552 3511 658 3568; x_wconf 84' lang='lat' dir='ltr'><strong>hoc</strong></span> <span class='ocrx_word' id='word_1_341' title='bbox 681 3527 789 3566; x_wconf 89' lang='lat' dir='ltr'><strong>non</strong></span> <span class='ocrx_word' id='word_1_342' title='bbox 809 3509 938 3567; x_wconf 88' lang='lat' dir='ltr'><strong>sunt</strong></span> <span class='ocrx_word' id='word_1_343' title='bbox 959 3514 1214 3570; x_wconf 89' lang='lat' dir='ltr'><strong>ordinati.</strong></span> 
     </span>
    </p>
   </div>
   <div class='ocr_carea' id='block_1_63' title="bbox 256 3599 1768 3680">
    <p class='ocr_par' dir='ltr' id='par_1_63' title="bbox 256 3599 1768 3680">
     <span class='ocr_line' id='line_1_64' title="bbox 256 3599 1768 3680; baseline 0.009 -25"><span class='ocrx_word' id='word_1_344' title='bbox 256 3599 472 3656; x_wconf 87' lang='lat' dir='ltr'><strong>XXVII.</strong></span> <span class='ocrx_word' id='word_1_345' title='bbox 513 3601 594 3658; x_wconf 88' lang='lat' dir='ltr'><strong>Ne</strong></span> <span class='ocrx_word' id='word_1_346' title='bbox 617 3602 801 3660; x_wconf 89' lang='lat' dir='ltr'><strong>clerici</strong></span> <span class='ocrx_word' id='word_1_347' title='bbox 824 3604 894 3661; x_wconf 88' lang='lat' dir='ltr'><strong>ad</strong></span> <span class='ocrx_word' id='word_1_348' title='bbox 919 3619 1127 3678; x_wconf 89' lang='lat' dir='ltr'><strong>agapen</strong></span> <span class='ocrx_word' id='word_1_349' title='bbox 1161 3609 1339 3664; x_wconf 89' lang='lat' dir='ltr'><strong>vocati</strong></span> <span class='ocrx_word' id='word_1_350' title='bbox 1371 3618 1556 3680; x_wconf 90' lang='lat' dir='ltr'><strong>partes</strong></span> <span class='ocrx_word' id='word_1_351' title='bbox 1593 3611 1768 3668; x_wconf 90' lang='lat' dir='ltr'><strong>eccle-</strong></span> 
     </span>
    </p>
   </div>
   <div class='ocr_carea' id='block_1_64' title="bbox 171 3693 706 3765">
    <p class='ocr_par' dir='ltr' id='par_1_64' title="bbox 171 3693 706 3765">
     <span class='ocr_line' id='line_1_65' title="bbox 171 3693 706 3765; baseline 0 -15"><span class='ocrx_word' id='word_1_352' title='bbox 171 3693 389 3750; x_wconf 80' lang='lat' dir='ltr'><strong>siarum</strong></span> <span class='ocrx_word' id='word_1_353' title='bbox 419 3694 706 3765; x_wconf 86' lang='lat' dir='ltr'><strong>accipiant.</strong></span> 
     </span>
    </p>
   </div>
   <div class='ocr_carea' id='block_1_65' title="bbox 255 3805 1765 3890">
    <p class='ocr_par' dir='ltr' id='par_1_65' title="bbox 255 3805 1765 3890">
     <span class='ocr_line' id='line_1_66' title="bbox 255 3805 1765 3890; baseline 0.009 -29"><span class='ocrx_word' id='word_1_354' title='bbox 255 3805 493 3862; x_wconf 86' lang='lat' dir='ltr'><strong>XXVIII.</strong></span> <span class='ocrx_word' id='word_1_355' title='bbox 533 3806 686 3874; x_wconf 85' lang='lat' dir='ltr'><strong>Quod</strong></span> <span class='ocrx_word' id='word_1_356' title='bbox 714 3825 821 3865; x_wconf 92' lang='lat' dir='ltr'><strong>non</strong></span> <span class='ocrx_word' id='word_1_357' title='bbox 846 3811 1009 3867; x_wconf 90' lang='lat' dir='ltr'><strong>liceat</strong></span> <span class='ocrx_word' id='word_1_358' title='bbox 1039 3812 1094 3868; x_wconf 92' lang='lat' dir='ltr'><strong>in</strong></span> <span class='ocrx_word' id='word_1_359' title='bbox 1124 3815 1371 3874; x_wconf 90' lang='lat' dir='ltr'><strong>ecclesiis</strong></span> <span class='ocrx_word' id='word_1_360' title='bbox 1399 3831 1607 3890; x_wconf 88' lang='lat' dir='ltr'><strong>agapen</strong></span> <span class='ocrx_word' id='word_1_361' title='bbox 1632 3819 1765 3886; x_wconf 84' lang='lat' dir='ltr'><strong>ﬁeri,</strong></span> 
     </span>
    </p>
   </div>
   <div class='ocr_carea' id='block_1_66' title="bbox 172 3899 1292 3968">
    <p class='ocr_par' dir='ltr' id='par_1_66' title="bbox 172 3899 1292 3968">
     <span class='ocr_line' id='line_1_67' title="bbox 172 3899 1292 3968; baseline 0.006 -11"><span class='ocrx_word' id='word_1_362' title='bbox 172 3901 271 3957; x_wconf 59' lang='lat' dir='ltr'><strong>vel</strong></span> <span class='ocrx_word' id='word_1_363' title='bbox 308 3899 648 3968; x_wconf 84' lang='lat' dir='ltr'><strong>manducari,</strong></span> <span class='ocrx_word' id='word_1_364' title='bbox 675 3902 760 3957; x_wconf 90' lang='lat' dir='ltr'><strong>vel</strong></span> <span class='ocrx_word' id='word_1_365' title='bbox 789 3905 1072 3962; x_wconf 87' lang='lat' dir='ltr'><strong>accubitus</strong></span> <span class='ocrx_word' id='word_1_366' title='bbox 1102 3909 1292 3964; x_wconf 89' lang='lat' dir='ltr'><strong>sterni.</strong></span> 
     </span>
    </p>
   </div>
   <div class='ocr_carea' id='block_1_67' title="bbox 259 3993 1696 4069">
    <p class='ocr_par' dir='ltr' id='par_1_67' title="bbox 259 3993 1696 4069">
     <span class='ocr_line' id='line_1_68' title="bbox 259 3993 1696 4069; baseline 0.009 -21"><span class='ocrx_word' id='word_1_367' title='bbox 259 3993 456 4049; x_wconf 86' lang='lat' dir='ltr'><strong>XXIX.</strong></span> <span class='ocrx_word' id='word_1_368' title='bbox 490 3994 561 4051; x_wconf 91' lang='lat' dir='ltr'><strong>Ut</strong></span> <span class='ocrx_word' id='word_1_369' title='bbox 589 3995 769 4052; x_wconf 92' lang='lat' dir='ltr'><strong>nullus</strong></span> <span class='ocrx_word' id='word_1_370' title='bbox 793 3998 846 4052; x_wconf 92' lang='lat' dir='ltr'><strong>in</strong></span> <span class='ocrx_word' id='word_1_371' title='bbox 872 3999 1098 4055; x_wconf 87' lang='lat' dir='ltr'><strong>sabbato</strong></span> <span class='ocrx_word' id='word_1_372' title='bbox 1117 3999 1446 4069; x_wconf 86' lang='lat' dir='ltr'><strong>iudaizando</strong></span> <span class='ocrx_word' id='word_1_373' title='bbox 1475 4004 1696 4061; x_wconf 91' lang='lat' dir='ltr'><strong>otietur.</strong></span> 
     </span>
    </p>
   </div>
   <div class='ocr_carea' id='block_1_68' title="bbox 166 4086 1596 4153">
    <p class='ocr_par' dir='ltr' id='par_1_68' title="bbox 166 4086 1596 4153">
     <span class='ocr_line' id='line_1_69' title="bbox 166 4086 1596 4153; baseline 0.009 -13"><span class='ocrx_word' id='word_1_374' title='bbox 166 4106 170 4116; x_wconf 90' lang='grc'><strong>·</strong></span> <span class='ocrx_word' id='word_1_375' title='bbox 260 4086 439 4141; x_wconf 86' lang='lat' dir='ltr'><strong>XXX.</strong></span> <span class='ocrx_word' id='word_1_376' title='bbox 477 4087 547 4144; x_wconf 93' lang='lat' dir='ltr'><strong>Ut</strong></span> <span class='ocrx_word' id='word_1_377' title='bbox 570 4088 674 4144; x_wconf 93' lang='lat' dir='ltr'><strong>viri</strong></span> <span class='ocrx_word' id='word_1_378' title='bbox 697 4106 822 4146; x_wconf 91' lang='lat' dir='ltr'><strong>cum</strong></span> <span class='ocrx_word' id='word_1_379' title='bbox 851 4093 1170 4150; x_wconf 87' lang='lat' dir='ltr'><strong>mulieribus</strong></span> <span class='ocrx_word' id='word_1_380' title='bbox 1197 4110 1304 4151; x_wconf 91' lang='lat' dir='ltr'><strong>non</strong></span> <span class='ocrx_word' id='word_1_381' title='bbox 1327 4096 1596 4153; x_wconf 89' lang='lat' dir='ltr'><strong>laventur.</strong></span> 
     </span>
    </p>
   </div>
   <div class='ocr_carea' id='block_1_69' title="bbox 265 4177 1774 4248">
    <p class='ocr_par' dir='ltr' id='par_1_69' title="bbox 265 4177 1774 4248">
     <span class='ocr_line' id='line_1_70' title="bbox 265 4177 1774 4248; baseline 0.01 -17"><span class='ocrx_word' id='word_1_382' title='bbox 265 4177 463 4233; x_wconf 87' lang='lat' dir='ltr'><strong>XXXI.</strong></span> <span class='ocrx_word' id='word_1_383' title='bbox 501 4179 580 4236; x_wconf 80' lang='lat' dir='ltr'><strong>Ne</strong></span> <span class='ocrx_word' id='word_1_384' title='bbox 613 4183 864 4239; x_wconf 86' lang='lat' dir='ltr'><strong>catholici</strong></span> <span class='ocrx_word' id='word_1_385' title='bbox 900 4183 1042 4241; x_wconf 86' lang='lat' dir='ltr'><strong>Illios</strong></span> <span class='ocrx_word' id='word_1_386' title='bbox 1073 4201 1201 4244; x_wconf 91' lang='lat' dir='ltr'><strong>suos</strong></span> <span class='ocrx_word' id='word_1_387' title='bbox 1230 4189 1314 4243; x_wconf 91' lang='lat' dir='ltr'><strong>vel</strong></span> <span class='ocrx_word' id='word_1_388' title='bbox 1342 4188 1480 4248; x_wconf 84' lang='lat' dir='ltr'><strong>ﬁlias</strong></span> <span class='ocrx_word' id='word_1_389' title='bbox 1506 4191 1774 4246; x_wconf 65' lang='lat' dir='ltr'><strong>haereticis</strong></span> 
     </span>
    </p>
   </div>
   <div class='ocr_carea' id='block_1_70' title="bbox 173 4269 1775 4349">
    <p class='ocr_par' dir='ltr' id='par_1_70' title="bbox 173 4269 1775 4349">
     <span class='ocr_line' id='line_1_71' title="bbox 173 4269 1775 4349; baseline 0.007 -25"><span class='ocrx_word' id='word_1_390' title='bbox 173 4269 325 4325; x_wconf 83' lang='lat' dir='ltr'><strong>dent</strong></span> <span class='ocrx_word' id='word_1_391' title='bbox 351 4269 406 4324; x_wconf 92' lang='lat' dir='ltr'><strong>in</strong></span> <span class='ocrx_word' id='word_1_392' title='bbox 435 4270 760 4347; x_wconf 79' lang='lat' dir='ltr'><strong>coniugium,</strong></span> <span class='ocrx_word' id='word_1_393' title='bbox 807 4275 905 4330; x_wconf 89' lang='lat' dir='ltr'><strong>sed</strong></span> <span class='ocrx_word' id='word_1_394' title='bbox 951 4276 1123 4346; x_wconf 85' lang='lat' dir='ltr'><strong>magis</strong></span> <span class='ocrx_word' id='word_1_395' title='bbox 1173 4277 1460 4349; x_wconf 89' lang='lat' dir='ltr'><strong>accipiant,</strong></span> <span class='ocrx_word' id='word_1_396' title='bbox 1502 4281 1550 4339; x_wconf 87' lang='lat' dir='ltr'><strong>si</strong></span> <span class='ocrx_word' id='word_1_397' title='bbox 1594 4289 1775 4336; x_wconf 87' lang='lat' dir='ltr'><strong>tamen</strong></span> 
     </span>
    </p>
   </div>
   <div class='ocr_carea' id='block_1_71' title="bbox 177 4363 1516 4436">
    <p class='ocr_par' dir='ltr' id='par_1_71' title="bbox 177 4363 1516 4436">
     <span class='ocr_line' id='line_1_72' title="bbox 177 4363 1516 4436; baseline 0.007 -16"><span class='ocrx_word' id='word_1_398' title='bbox 177 4363 268 4420; x_wconf 67' lang='lat' dir='ltr'><strong>illi</strong></span> <span class='ocrx_word' id='word_1_399' title='bbox 297 4377 358 4417; x_wconf 84' lang='lat' dir='ltr'><strong>se</strong></span> <span class='ocrx_word' id='word_1_400' title='bbox 383 4363 677 4420; x_wconf 86' lang='lat' dir='ltr'><strong>catholicos</strong></span> <span class='ocrx_word' id='word_1_401' title='bbox 703 4364 823 4421; x_wconf 81' lang='lat' dir='ltr'><strong>ﬁeri</strong></span> <span class='ocrx_word' id='word_1_402' title='bbox 848 4367 1187 4436; x_wconf 89' lang='lat' dir='ltr'><strong>promittant.</strong></span> <span class='ocrx_word' id='word_1_403' title='bbox 1434 4376 1516 4429; x_wconf 58' lang='grc'><strong>4·</strong></span> 
     </span>
    </p>
   </div>
   <div class='ocr_carea' id='block_1_72' title="bbox 266 4453 1774 4532">
    <p class='ocr_par' dir='ltr' id='par_1_72' title="bbox 266 4453 1774 4532">
     <span class='ocr_line' id='line_1_73' title="bbox 266 4453 1774 4532; baseline 0.005 -24"><span class='ocrx_word' id='word_1_404' title='bbox 266 4453 483 4509; x_wconf 88' lang='lat' dir='ltr'><strong>XXXII.</strong></span> <span class='ocrx_word' id='word_1_405' title='bbox 523 4455 601 4512; x_wconf 87' lang='lat' dir='ltr'><strong>Ne</strong></span> <span class='ocrx_word' id='word_1_406' title='bbox 645 4456 769 4527; x_wconf 90' lang='lat' dir='ltr'><strong>quis</strong></span> <span class='ocrx_word' id='word_1_407' title='bbox 811 4457 1053 4530; x_wconf 88' lang='lat' dir='ltr'><strong>eulogias</strong></span> <span class='ocrx_word' id='word_1_408' title='bbox 1095 4461 1164 4514; x_wconf 91' lang='lat' dir='ltr'><strong>ab</strong></span> <span class='ocrx_word' id='word_1_409' title='bbox 1202 4459 1472 4516; x_wconf 72' lang='lat' dir='ltr'><strong>lucreticis</strong></span> <span class='ocrx_word' id='word_1_410' title='bbox 1497 4461 1774 4532; x_wconf 88' lang='lat' dir='ltr'><strong>suscipiat,</strong></span> 
     </span>
    </p>
   </div>
   <div class='ocr_carea' id='block_1_73' title="bbox 177 4549 1614 4620">
    <p class='ocr_par' dir='ltr' id='par_1_73' title="bbox 177 4549 1614 4620">
     <span class='ocr_line' id='line_1_74' title="bbox 177 4549 1614 4620; baseline 0.004 -19"><span class='ocrx_word' id='word_1_411' title='bbox 177 4563 318 4620; x_wconf 76' lang='lat' dir='ltr'><strong>qua-</strong></span> <span class='ocrx_word' id='word_1_412' title='bbox 348 4562 456 4602; x_wconf 91' lang='lat' dir='ltr'><strong>non</strong></span> <span class='ocrx_word' id='word_1_413' title='bbox 485 4549 890 4606; x_wconf 76' lang='lat' dir='ltr'><strong>benedictiones</strong></span> <span class='ocrx_word' id='word_1_414' title='bbox 915 4560 1041 4607; x_wconf 90' lang='lat' dir='ltr'><strong>sunt</strong></span> <span class='ocrx_word' id='word_1_415' title='bbox 1066 4552 1160 4608; x_wconf 91' lang='lat' dir='ltr'><strong>sed</strong></span> <span class='ocrx_word' id='word_1_416' title='bbox 1191 4553 1614 4609; x_wconf 90' lang='lat' dir='ltr'><strong>maledictiones.</strong></span> 
     </span>
    </p>
   </div>
   <div class='ocr_carea' id='block_1_74' title="bbox 267 4639 1778 4713">
    <p class='ocr_par' dir='ltr' id='par_1_74' title="bbox 267 4639 1778 4713">
     <span class='ocr_line' id='line_1_75' title="bbox 267 4639 1778 4713; baseline 0.005 -17"><span class='ocrx_word' id='word_1_417' title='bbox 267 4639 506 4696; x_wconf 87' lang='lat' dir='ltr'><strong>XXXIII.</strong></span> <span class='ocrx_word' id='word_1_418' title='bbox 543 4640 622 4698; x_wconf 84' lang='lat' dir='ltr'><strong>Ne</strong></span> <span class='ocrx_word' id='word_1_419' title='bbox 662 4642 784 4713; x_wconf 91' lang='lat' dir='ltr'><strong>quis</strong></span> <span class='ocrx_word' id='word_1_420' title='bbox 825 4658 951 4700; x_wconf 91' lang='lat' dir='ltr'><strong>cum</strong></span> <span class='ocrx_word' id='word_1_421' title='bbox 996 4645 1267 4702; x_wconf 82' lang='lat' dir='ltr'><strong>haereticis</strong></span> <span class='ocrx_word' id='word_1_422' title='bbox 1299 4645 1384 4701; x_wconf 91' lang='lat' dir='ltr'><strong>vel</strong></span> <span class='ocrx_word' id='word_1_423' title='bbox 1419 4645 1778 4702; x_wconf 89' lang='lat' dir='ltr'><strong>schismaticis</strong></span> 
     </span>
    </p>
   </div>
   <div class='ocr_carea' id='block_1_75' title="bbox 177 4739 337 4789">
    <p class='ocr_par' dir='ltr' id='par_1_75' title="bbox 177 4739 337 4789">
     <span class='ocr_line' id='line_1_76' title="bbox 177 4739 337 4789; baseline -0.031 0"><span class='ocrx_word' id='word_1_424' title='bbox 177 4739 337 4789; x_wconf 86' lang='lat' dir='ltr'><strong>oret.</strong></span> 
     </span>
    </p>
   </div>
   <div class='ocr_carea' id='block_1_76' title="bbox 267 4823 1782 4902">
    <p class='ocr_par' dir='ltr' id='par_1_76' title="bbox 267 4823 1782 4902">
     <span class='ocr_line' id='line_1_77' title="bbox 267 4823 1782 4902; baseline 0.006 -24"><span class='ocrx_word' id='word_1_425' title='bbox 267 4823 513 4880; x_wconf 85' lang='lat' dir='ltr'><strong>XXXIV.</strong></span> <span class='ocrx_word' id='word_1_426' title='bbox 549 4826 703 4894; x_wconf 85' lang='lat' dir='ltr'><strong>Quod</strong></span> <span class='ocrx_word' id='word_1_427' title='bbox 744 4828 1033 4884; x_wconf 90' lang='lat' dir='ltr'><strong>anathema</strong></span> <span class='ocrx_word' id='word_1_428' title='bbox 1073 4829 1182 4884; x_wconf 90' lang='lat' dir='ltr'><strong>sint</strong></span> <span class='ocrx_word' id='word_1_429' title='bbox 1219 4830 1548 4902; x_wconf 89' lang='lat' dir='ltr'><strong>quicunque,</strong></span> <span class='ocrx_word' id='word_1_430' title='bbox 1573 4831 1642 4886; x_wconf 89' lang='lat' dir='ltr'><strong>ad</strong></span> <span class='ocrx_word' id='word_1_431' title='bbox 1672 4831 1782 4887; x_wconf 71' lang='lat' dir='ltr'><strong>hae-</strong></span> 
     </span>
    </p>
   </div>
   <div class='ocr_carea' id='block_1_77' title="bbox 183 4916 1162 4989">
    <p class='ocr_par' dir='ltr' id='par_1_77' title="bbox 183 4916 1162 4989">
     <span class='ocr_line' id='line_1_78' title="bbox 183 4916 1162 4989; baseline 0.002 -17"><span class='ocrx_word' id='word_1_432' title='bbox 183 4916 494 4972; x_wconf 82' lang='lat' dir='ltr'><strong>reticorum</strong></span> <span class='ocrx_word' id='word_1_433' title='bbox 522 4925 790 4989; x_wconf 84' lang='lat' dir='ltr'><strong>martyres</strong></span> <span class='ocrx_word' id='word_1_434' title='bbox 813 4919 1162 4975; x_wconf 87' lang='lat' dir='ltr'><strong>accesserint.</strong></span> 
     </span>
    </p>
   </div>
   <div class='ocr_carea' id='block_1_78' title="bbox 271 5003 1784 5080">
    <p class='ocr_par' dir='ltr' id='par_1_78' title="bbox 271 5003 1784 5080">
     <span class='ocr_line' id='line_1_79' title="bbox 271 5003 1784 5080; baseline 0.005 -22"><span class='ocrx_word' id='word_1_435' title='bbox 271 5003 496 5060; x_wconf 87' lang='lat' dir='ltr'><strong>XXXV.</strong></span> <span class='ocrx_word' id='word_1_436' title='bbox 542 5005 609 5062; x_wconf 92' lang='lat' dir='ltr'><strong>Ut</strong></span> <span class='ocrx_word' id='word_1_437' title='bbox 629 5008 915 5062; x_wconf 87' lang='lat' dir='ltr'><strong>anathema</strong></span> <span class='ocrx_word' id='word_1_438' title='bbox 946 5009 1035 5074; x_wconf 91' lang='lat' dir='ltr'><strong>sit,</strong></span> <span class='ocrx_word' id='word_1_439' title='bbox 1064 5010 1372 5080; x_wconf 89' lang='lat' dir='ltr'><strong>quicunque</strong></span> <span class='ocrx_word' id='word_1_440' title='bbox 1401 5010 1591 5067; x_wconf 85' lang='lat' dir='ltr'><strong>relicta</strong></span> <span class='ocrx_word' id='word_1_441' title='bbox 1614 5011 1784 5067; x_wconf 88' lang='lat' dir='ltr'><strong>eccle-</strong></span> 
     </span>
    </p>
   </div>
   <div class='ocr_carea' id='block_1_79' title="bbox 181 5097 1786 5173">
    <p class='ocr_par' dir='ltr' id='par_1_79' title="bbox 181 5097 1786 5173">
     <span class='ocr_line' id='line_1_80' title="bbox 181 5097 1786 5173; baseline 0.003 -20"><span class='ocrx_word' id='word_1_442' title='bbox 181 5097 301 5162; x_wconf 82' lang='lat' dir='ltr'><strong>sia,</strong></span> <span class='ocrx_word' id='word_1_443' title='bbox 337 5097 556 5166; x_wconf 79' lang='lat' dir='ltr'><strong>angelos</strong></span> <span class='ocrx_word' id='word_1_444' title='bbox 592 5099 801 5164; x_wconf 90' lang='lat' dir='ltr'><strong>colere,</strong></span> <span class='ocrx_word' id='word_1_445' title='bbox 839 5099 924 5155; x_wconf 90' lang='lat' dir='ltr'><strong>vel</strong></span> <span class='ocrx_word' id='word_1_446' title='bbox 949 5102 1399 5172; x_wconf 88' lang='lat' dir='ltr'><strong>congregationes</strong></span> <span class='ocrx_word' id='word_1_447' title='bbox 1434 5101 1613 5158; x_wconf 87' lang='lat' dir='ltr'><strong>facere</strong></span> <span class='ocrx_word' id='word_1_448' title='bbox 1649 5119 1786 5173; x_wconf 74' lang='lat' dir='ltr'><strong>prze-</strong></span> 
     </span>
    </p>
   </div>
   <div class='ocr_carea' id='block_1_80' title="bbox 183 5190 1788 5268">
    <p class='ocr_par' dir='ltr' id='par_1_80' title="bbox 183 5190 1788 5268">
     <span class='ocr_line' id='line_1_81' title="bbox 183 5190 1788 5268; baseline 0.002 -19"><span class='ocrx_word' id='word_1_449' title='bbox 183 5190 519 5260; x_wconf 84' lang='lat' dir='ltr'><strong>sumpserit.</strong></span> <span class='ocrx_word' id='word_1_450' title='bbox 544 5191 615 5248; x_wconf 90' lang='lat' dir='ltr'><strong>Ut</strong></span> <span class='ocrx_word' id='word_1_451' title='bbox 639 5191 822 5248; x_wconf 91' lang='lat' dir='ltr'><strong>clerici</strong></span> <span class='ocrx_word' id='word_1_452' title='bbox 850 5192 1306 5250; x_wconf 83' lang='lat' dir='ltr'><strong>incantationibus</strong></span> <span class='ocrx_word' id='word_1_453' title='bbox 1330 5194 1413 5250; x_wconf 81' lang='lat' dir='ltr'><strong>vel</strong></span> <span class='ocrx_word' id='word_1_454' title='bbox 1440 5195 1788 5268; x_wconf 89' lang='lat' dir='ltr'><strong>phylacteriis</strong></span> 
     </span>
    </p>
   </div>
   <div class='ocr_carea' id='block_1_81' title="bbox 183 5283 1010 5339">
    <p class='ocr_par' dir='ltr' id='par_1_81' title="bbox 183 5283 1010 5339">
     <span class='ocr_line' id='line_1_82' title="bbox 183 5283 1010 5339; baseline 0 -1"><span class='ocrx_word' id='word_1_455' title='bbox 183 5290 426 5338; x_wconf 83' lang='lat' dir='ltr'><strong>utentes</strong></span> <span class='ocrx_word' id='word_1_456' title='bbox 452 5283 1010 5339; x_wconf 80' lang='lat' dir='ltr'><strong>excommunicentur.</strong></span> 
     </span>
    </p>
   </div>
   <div class='ocr_carea' id='block_1_82' title="bbox 275 5375 1788 5450">
    <p class='ocr_par' dir='ltr' id='par_1_82' title="bbox 275 5375 1788 5450">
     <span class='ocr_line' id='line_1_83' title="bbox 275 5375 1788 5450; baseline 0.004 -19"><span class='ocrx_word' id='word_1_457' title='bbox 275 5375 522 5432; x_wconf 86' lang='lat' dir='ltr'><strong>XXXVI.</strong></span> <span class='ocrx_word' id='word_1_458' title='bbox 563 5377 641 5434; x_wconf 83' lang='lat' dir='ltr'><strong>Ne</strong></span> <span class='ocrx_word' id='word_1_459' title='bbox 668 5379 790 5450; x_wconf 91' lang='lat' dir='ltr'><strong>quis</strong></span> <span class='ocrx_word' id='word_1_460' title='bbox 817 5394 847 5432; x_wconf 90' lang='lat' dir='ltr'><strong>a</strong></span> <span class='ocrx_word' id='word_1_461' title='bbox 869 5377 1070 5437; x_wconf 63' lang='lat' dir='ltr'><strong>Iudaeis</strong></span> <span class='ocrx_word' id='word_1_462' title='bbox 1102 5380 1187 5436; x_wconf 90' lang='lat' dir='ltr'><strong>vel</strong></span> <span class='ocrx_word' id='word_1_463' title='bbox 1229 5380 1297 5437; x_wconf 90' lang='lat' dir='ltr'><strong>ab</strong></span> <span class='ocrx_word' id='word_1_464' title='bbox 1333 5380 1603 5439; x_wconf 71' lang='lat' dir='ltr'><strong>haereticis</strong></span> <span class='ocrx_word' id='word_1_465' title='bbox 1649 5381 1788 5438; x_wconf 87' lang='lat' dir='ltr'><strong>dona</strong></span> 
     </span>
    </p>
   </div>
   <div class='ocr_carea' id='block_1_83' title="bbox 185 5467 1044 5541">
    <p class='ocr_par' dir='ltr' id='par_1_83' title="bbox 185 5467 1044 5541">
     <span class='ocr_line' id='line_1_84' title="bbox 185 5467 1044 5541; baseline 0 -15"><span class='ocrx_word' id='word_1_466' title='bbox 185 5467 523 5526; x_wconf 76' lang='lat' dir='ltr'><strong>festivitatis</strong></span> <span class='ocrx_word' id='word_1_467' title='bbox 543 5484 729 5525; x_wconf 91' lang='lat' dir='ltr'><strong>eorum</strong></span> <span class='ocrx_word' id='word_1_468' title='bbox 761 5471 1044 5541; x_wconf 89' lang='lat' dir='ltr'><strong>suscipiat.</strong></span> 
     </span>
    </p>
   </div>
   <div class='ocr_carea' id='block_1_84' title="bbox 276 5560 1612 5636">
    <p class='ocr_par' dir='ltr' id='par_1_84' title="bbox 276 5560 1612 5636">
     <span class='ocr_line' id='line_1_85' title="bbox 276 5560 1612 5636; baseline 0.003 -22"><span class='ocrx_word' id='word_1_469' title='bbox 276 5560 546 5616; x_wconf 86' lang='lat' dir='ltr'><strong>XXXVII.</strong></span> <span class='ocrx_word' id='word_1_470' title='bbox 585 5561 663 5617; x_wconf 83' lang='lat' dir='ltr'><strong>Ne</strong></span> <span class='ocrx_word' id='word_1_471' title='bbox 688 5563 808 5633; x_wconf 85' lang='lat' dir='ltr'><strong>quis</strong></span> <span class='ocrx_word' id='word_1_472' title='bbox 836 5578 1029 5631; x_wconf 82' lang='lat' dir='ltr'><strong>azyma</strong></span> <span class='ocrx_word' id='word_1_473' title='bbox 1053 5564 1311 5636; x_wconf 88' lang='lat' dir='ltr'><strong>suscipiat</strong></span> <span class='ocrx_word' id='word_1_474' title='bbox 1336 5579 1365 5619; x_wconf 93' lang='lat' dir='ltr'><strong>a</strong></span> <span class='ocrx_word' id='word_1_475' title='bbox 1391 5561 1612 5622; x_wconf 69' lang='lat' dir='ltr'><strong>Iudaeis.</strong></span> 
     </span>
    </p>
   </div>
   <div class='ocr_carea' id='block_1_85' title="bbox 277 5650 1789 5724">
    <p class='ocr_par' dir='ltr' id='par_1_85' title="bbox 277 5650 1789 5724">
     <span class='ocr_line' id='line_1_86' title="bbox 277 5650 1789 5724; baseline -0.001 -16"><span class='ocrx_word' id='word_1_476' title='bbox 277 5650 569 5708; x_wconf 84' lang='lat' dir='ltr'><strong>XXXVIII.</strong></span> <span class='ocrx_word' id='word_1_477' title='bbox 607 5652 685 5710; x_wconf 86' lang='lat' dir='ltr'><strong>Ne</strong></span> <span class='ocrx_word' id='word_1_478' title='bbox 707 5654 830 5724; x_wconf 86' lang='lat' dir='ltr'><strong>quis</strong></span> <span class='ocrx_word' id='word_1_479' title='bbox 862 5670 984 5712; x_wconf 91' lang='lat' dir='ltr'><strong>cum</strong></span> <span class='ocrx_word' id='word_1_480' title='bbox 1021 5655 1311 5724; x_wconf 88' lang='lat' dir='ltr'><strong>gentilibus</strong></span> <span class='ocrx_word' id='word_1_481' title='bbox 1352 5653 1490 5711; x_wconf 82' lang='lat' dir='ltr'><strong>festa</strong></span> <span class='ocrx_word' id='word_1_482' title='bbox 1530 5655 1789 5712; x_wconf 90' lang='lat' dir='ltr'><strong>celebret.</strong></span> 
     </span>
    </p>
   </div>
   <div class='ocr_carea' id='block_1_86' title="bbox 1934 3334 3454 3408">
    <p class='ocr_par' dir='ltr' id='par_1_86' title="bbox 1934 3334 3454 3408">
     <span class='ocr_line' id='line_1_87' title="bbox 1934 3334 3454 3408; baseline -0.004 -12"><span class='ocrx_word' id='word_1_483' title='bbox 1934 3341 2068 3397; x_wconf 89' lang='lat' dir='ltr'><strong>LIV.</strong></span> <span class='ocrx_word' id='word_1_484' title='bbox 2112 3340 2182 3398; x_wconf 89' lang='lat' dir='ltr'><strong>Ut</strong></span> <span class='ocrx_word' id='word_1_485' title='bbox 2223 3340 2402 3396; x_wconf 90' lang='lat' dir='ltr'><strong>nullus</strong></span> <span class='ocrx_word' id='word_1_486' title='bbox 2435 3353 2502 3396; x_wconf 80' lang='lat' dir='ltr'><strong>ex</strong></span> <span class='ocrx_word' id='word_1_487' title='bbox 2527 3378 2542 3394; x_wconf 96' lang='lat'><strong>.</strong></span> <span class='ocrx_word' id='word_1_488' title='bbox 2573 3378 2588 3394; x_wconf 98' lang='lat'><strong>.</strong></span> <span class='ocrx_word' id='word_1_489' title='bbox 2616 3379 2632 3394; x_wconf 96' lang='lat'><strong>.</strong></span> <span class='ocrx_word' id='word_1_490' title='bbox 2655 3337 2741 3394; x_wconf 89' lang='lat' dir='ltr'><strong>vel</strong></span> <span class='ocrx_word' id='word_1_491' title='bbox 2781 3337 3252 3394; x_wconf 84' lang='lat' dir='ltr'><strong>comissationibus</strong></span> <span class='ocrx_word' id='word_1_492' title='bbox 3298 3334 3454 3408; x_wconf 87' lang='lat' dir='ltr'><strong>[col-</strong></span> 
     </span>
    </p>
   </div>
   <div class='ocr_carea' id='block_1_87' title="bbox 1865 3427 3454 3501">
    <p class='ocr_par' dir='ltr' id='par_1_87' title="bbox 1865 3427 3454 3501">
     <span class='ocr_line' id='line_1_88' title="bbox 1865 3427 3454 3501; baseline -0.005 -11"><span class='ocrx_word' id='word_1_493' title='bbox 1865 3435 1992 3492; x_wconf 88' lang='lat' dir='ltr'><strong>latis</strong></span> <span class='ocrx_word' id='word_1_494' title='bbox 2014 3434 2102 3491; x_wconf 93' lang='lat' dir='ltr'><strong>vel</strong></span> <span class='ocrx_word' id='word_1_495' title='bbox 2141 3432 2541 3500; x_wconf 88' lang='lat' dir='ltr'><strong>commissaliis,</strong></span> <span class='ocrx_word' id='word_1_496' title='bbox 2587 3431 2691 3488; x_wconf 88' lang='lat' dir='ltr'><strong>hoc</strong></span> <span class='ocrx_word' id='word_1_497' title='bbox 2728 3439 2814 3489; x_wconf 87' lang='lat' dir='ltr'><strong>est</strong></span> <span class='ocrx_word' id='word_1_498' title='bbox 2852 3445 2920 3488; x_wconf 82' lang='lat' dir='ltr'><strong>ex</strong></span> <span class='ocrx_word' id='word_1_499' title='bbox 2953 3427 3238 3501; x_wconf 87' lang='lat' dir='ltr'><strong>symbolis]</strong></span> <span class='ocrx_word' id='word_1_500' title='bbox 3267 3427 3454 3485; x_wconf 84' lang='lat' dir='ltr'><strong>convi-</strong></span> 
     </span>
    </p>
   </div>
   <div class='ocr_carea' id='block_1_88' title="bbox 1865 3522 2236 3579">
    <p class='ocr_par' dir='ltr' id='par_1_88' title="bbox 1865 3522 2236 3579">
     <span class='ocr_line' id='line_1_89' title="bbox 1865 3522 2236 3579; baseline -0.005 -1"><span class='ocrx_word' id='word_1_501' title='bbox 1865 3523 1953 3578; x_wconf 88' lang='lat' dir='ltr'><strong>via</strong></span> <span class='ocrx_word' id='word_1_502' title='bbox 1978 3522 2236 3579; x_wconf 87' lang='lat' dir='ltr'><strong>celebret.</strong></span> 
     </span>
    </p>
   </div>
   <div class='ocr_carea' id='block_1_89' title="bbox 1935 3609 3449 3684">
    <p class='ocr_par' dir='ltr' id='par_1_89' title="bbox 1935 3609 3449 3684">
     <span class='ocr_line' id='line_1_90' title="bbox 1935 3609 3449 3684; baseline -0.005 -14"><span class='ocrx_word' id='word_1_503' title='bbox 1935 3615 2048 3670; x_wconf 90' lang='lat' dir='ltr'><strong>LV.</strong></span> <span class='ocrx_word' id='word_1_504' title='bbox 2088 3613 2166 3670; x_wconf 83' lang='lat' dir='ltr'><strong>Ne</strong></span> <span class='ocrx_word' id='word_1_505' title='bbox 2203 3612 2508 3684; x_wconf 86' lang='lat' dir='ltr'><strong>presbyteri</strong></span> <span class='ocrx_word' id='word_1_506' title='bbox 2546 3619 2673 3669; x_wconf 88' lang='lat' dir='ltr'><strong>ante</strong></span> <span class='ocrx_word' id='word_1_507' title='bbox 2701 3610 3014 3682; x_wconf 88' lang='lat' dir='ltr'><strong>episcopum</strong></span> <span class='ocrx_word' id='word_1_508' title='bbox 3038 3609 3238 3665; x_wconf 80' lang='lat' dir='ltr'><strong>intrent</strong></span> <span class='ocrx_word' id='word_1_509' title='bbox 3266 3622 3449 3665; x_wconf 82' lang='lat' dir='ltr'><strong>sacra-</strong></span> 
     </span>
    </p>
   </div>
   <div class='ocr_carea' id='block_1_90' title="bbox 1868 3703 2814 3774">
    <p class='ocr_par' dir='ltr' id='par_1_90' title="bbox 1868 3703 2814 3774">
     <span class='ocr_line' id='line_1_91' title="bbox 1868 3703 2814 3774; baseline -0.006 -11"><span class='ocrx_word' id='word_1_510' title='bbox 1868 3708 2009 3763; x_wconf 88' lang='lat' dir='ltr'><strong>rium</strong></span> <span class='ocrx_word' id='word_1_511' title='bbox 2035 3714 2088 3760; x_wconf 92' lang='lat' dir='ltr'><strong>et</strong></span> <span class='ocrx_word' id='word_1_512' title='bbox 2117 3706 2357 3769; x_wconf 86' lang='lat' dir='ltr'><strong>sedeant,</strong></span> <span class='ocrx_word' id='word_1_513' title='bbox 2395 3703 2489 3759; x_wconf 89' lang='lat' dir='ltr'><strong>sed</strong></span> <span class='ocrx_word' id='word_1_514' title='bbox 2516 3719 2640 3760; x_wconf 93' lang='lat' dir='ltr'><strong>cum</strong></span> <span class='ocrx_word' id='word_1_515' title='bbox 2676 3703 2814 3774; x_wconf 90' lang='lat' dir='ltr'><strong>ipso.</strong></span> 
     </span>
    </p>
   </div>
   <div class='ocr_carea' id='block_1_91' title="bbox 1940 3788 3450 3866">
    <p class='ocr_par' dir='ltr' id='par_1_91' title="bbox 1940 3788 3450 3866">
     <span class='ocr_line' id='line_1_92' title="bbox 1940 3788 3450 3866; baseline -0.005 -14"><span class='ocrx_word' id='word_1_516' title='bbox 1940 3796 2073 3853; x_wconf 87' lang='lat' dir='ltr'><strong>LVI.</strong></span> <span class='ocrx_word' id='word_1_517' title='bbox 2117 3795 2188 3854; x_wconf 91' lang='lat' dir='ltr'><strong>Ut</strong></span> <span class='ocrx_word' id='word_1_518' title='bbox 2209 3797 2265 3853; x_wconf 90' lang='lat' dir='ltr'><strong>in</strong></span> <span class='ocrx_word' id='word_1_519' title='bbox 2296 3795 2438 3850; x_wconf 84' lang='lat' dir='ltr'><strong>villis</strong></span> <span class='ocrx_word' id='word_1_520' title='bbox 2459 3794 2545 3851; x_wconf 91' lang='lat' dir='ltr'><strong>vel</strong></span> <span class='ocrx_word' id='word_1_521' title='bbox 2566 3795 2622 3850; x_wconf 92' lang='lat' dir='ltr'><strong>in</strong></span> <span class='ocrx_word' id='word_1_522' title='bbox 2652 3794 2806 3866; x_wconf 87' lang='lat' dir='ltr'><strong>agris</strong></span> <span class='ocrx_word' id='word_1_523' title='bbox 2823 3807 2931 3849; x_wconf 88' lang='lat' dir='ltr'><strong>non</strong></span> <span class='ocrx_word' id='word_1_524' title='bbox 2957 3791 3218 3862; x_wconf 75' lang='lat' dir='ltr'><strong>episcbpi,</strong></span> <span class='ocrx_word' id='word_1_525' title='bbox 3248 3788 3342 3846; x_wconf 89' lang='lat' dir='ltr'><strong>sed</strong></span> <span class='ocrx_word' id='word_1_526' title='bbox 3370 3788 3450 3844; x_wconf 57' lang='lat' dir='ltr'><strong>vi-</strong></span> 
     </span>
    </p>
   </div>
   <div class='ocr_carea' id='block_1_92' title="bbox 1871 3889 2568 3945">
    <p class='ocr_par' dir='ltr' id='par_1_92' title="bbox 1871 3889 2568 3945">
     <span class='ocr_line' id='line_1_93' title="bbox 1871 3889 2568 3945; baseline -0.003 -1"><span class='ocrx_word' id='word_1_527' title='bbox 1871 3890 2130 3945; x_wconf 81' lang='lat' dir='ltr'><strong>sitatores-</strong></span> <span class='ocrx_word' id='word_1_528' title='bbox 2145 3889 2568 3945; x_wconf 87' lang='lat' dir='ltr'><strong>constituantur.</strong></span> 
     </span>
    </p>
   </div>
   <div class='ocr_carea' id='block_1_93' title="bbox 1942 3978 3452 4042">
    <p class='ocr_par' dir='ltr' id='par_1_93' title="bbox 1942 3978 3452 4042">
     <span class='ocr_line' id='line_1_94' title="bbox 1942 3978 3452 4042; baseline -0.004 -2"><span class='ocrx_word' id='word_1_529' title='bbox 1942 3984 2098 4040; x_wconf 87' lang='lat' dir='ltr'><strong>LVII.</strong></span> <span class='ocrx_word' id='word_1_530' title='bbox 2137 3983 2210 4042; x_wconf 94' lang='lat' dir='ltr'><strong>Ut</strong></span> <span class='ocrx_word' id='word_1_531' title='bbox 2251 3985 2308 4040; x_wconf 92' lang='lat' dir='ltr'><strong>in</strong></span> <span class='ocrx_word' id='word_1_532' title='bbox 2348 3983 2598 4040; x_wconf 90' lang='lat' dir='ltr'><strong>domibus</strong></span> <span class='ocrx_word' id='word_1_533' title='bbox 2640 3982 2842 4039; x_wconf 87' lang='lat' dir='ltr'><strong>oblatio</strong></span> <span class='ocrx_word' id='word_1_534' title='bbox 2887 3996 2993 4038; x_wconf 92' lang='lat' dir='ltr'><strong>non</strong></span> <span class='ocrx_word' id='word_1_535' title='bbox 3035 3979 3344 4038; x_wconf 82' lang='lat' dir='ltr'><strong>celebretur</strong></span> <span class='ocrx_word' id='word_1_536' title='bbox 3382 3978 3452 4034; x_wconf 91' lang='lat' dir='ltr'><strong>ab</strong></span> 
     </span>
    </p>
   </div>
   <div class='ocr_carea' id='block_1_94' title="bbox 1872 4076 2590 4148">
    <p class='ocr_par' dir='ltr' id='par_1_94' title="bbox 1872 4076 2590 4148">
     <span class='ocr_line' id='line_1_95' title="bbox 1872 4076 2590 4148; baseline -0.008 -14"><span class='ocrx_word' id='word_1_537' title='bbox 1872 4079 2124 4148; x_wconf 87' lang='lat' dir='ltr'><strong>episcopo</strong></span> <span class='ocrx_word' id='word_1_538' title='bbox 2141 4076 2226 4131; x_wconf 91' lang='lat' dir='ltr'><strong>vel</strong></span> <span class='ocrx_word' id='word_1_539' title='bbox 2254 4077 2590 4147; x_wconf 84' lang='lat' dir='ltr'><strong>presbytero.</strong></span> 
     </span>
    </p>
   </div>
   <div class='ocr_carea' id='block_1_95' title="bbox 1944 4155 3450 4237">
    <p class='ocr_par' dir='ltr' id='par_1_95' title="bbox 1944 4155 3450 4237">
     <span class='ocr_line' id='line_1_96' title="bbox 1944 4155 3450 4237; baseline -0.005 -14"><span class='ocrx_word' id='word_1_540' title='bbox 1944 4168 2120 4223; x_wconf 92' lang='lat' dir='ltr'><strong>LVIII.</strong></span> <span class='ocrx_word' id='word_1_541' title='bbox 2173 4168 2253 4223; x_wconf 85' lang='lat' dir='ltr'><strong>Ne</strong></span> <span class='ocrx_word' id='word_1_542' title='bbox 2292 4167 2485 4237; x_wconf 82' lang='lat' dir='ltr'><strong>plebeii</strong></span> <span class='ocrx_word' id='word_1_543' title='bbox 2525 4155 2719 4236; x_wconf 87' lang='lat' dir='ltr'><strong>psalmi</strong></span> <span class='ocrx_word' id='word_1_544' title='bbox 2766 4166 2822 4221; x_wconf 91' lang='lat' dir='ltr'><strong>in</strong></span> <span class='ocrx_word' id='word_1_545' title='bbox 2865 4164 3095 4222; x_wconf 89' lang='lat' dir='ltr'><strong>ecclesia</strong></span> <span class='ocrx_word' id='word_1_546' title='bbox 3136 4169 3450 4227; x_wconf 88' lang='lat' dir='ltr'><strong>cantentur;</strong></span> 
     </span>
    </p>
   </div>
   <div class='ocr_carea' id='block_1_96' title="bbox 1875 4253 3457 4323">
    <p class='ocr_par' dir='ltr' id='par_1_96' title="bbox 1875 4253 3457 4323">
     <span class='ocr_line' id='line_1_97' title="bbox 1875 4253 3457 4323; baseline -0.004 -10"><span class='ocrx_word' id='word_1_547' title='bbox 1875 4275 1975 4314; x_wconf 90' lang='lat' dir='ltr'><strong>nec</strong></span> <span class='ocrx_word' id='word_1_548' title='bbox 2019 4258 2109 4312; x_wconf 90' lang='lat' dir='ltr'><strong>alii</strong></span> <span class='ocrx_word' id='word_1_549' title='bbox 2143 4258 2287 4323; x_wconf 89' lang='lat' dir='ltr'><strong>libri,</strong></span> <span class='ocrx_word' id='word_1_550' title='bbox 2341 4258 2446 4313; x_wconf 90' lang='lat' dir='ltr'><strong>nisi</strong></span> <span class='ocrx_word' id='word_1_551' title='bbox 2480 4256 2614 4312; x_wconf 85' lang='lat' dir='ltr'><strong>Novi</strong></span> <span class='ocrx_word' id='word_1_552' title='bbox 2643 4264 2698 4310; x_wconf 90' lang='lat' dir='ltr'><strong>et</strong></span> <span class='ocrx_word' id='word_1_553' title='bbox 2728 4257 2938 4312; x_wconf 87' lang='lat' dir='ltr'><strong>Veteris</strong></span> <span class='ocrx_word' id='word_1_554' title='bbox 2979 4253 3312 4311; x_wconf 86' lang='lat' dir='ltr'><strong>Testamenti</strong></span> <span class='ocrx_word' id='word_1_555' title='bbox 3336 4261 3457 4307; x_wconf 85' lang='lat' dir='ltr'><strong>tan-</strong></span> 
     </span>
    </p>
   </div>
   <div class='ocr_carea' id='block_1_97' title="bbox 1877 4346 3463 4420">
    <p class='ocr_par' dir='ltr' id='par_1_97' title="bbox 1877 4346 3463 4420">
     <span class='ocr_line' id='line_1_98' title="bbox 1877 4346 3463 4420; baseline -0.003 -14"><span class='ocrx_word' id='word_1_556' title='bbox 1877 4361 1991 4406; x_wconf 91' lang='lat' dir='ltr'><strong>tum</strong></span> <span class='ocrx_word' id='word_1_557' title='bbox 2039 4351 2096 4405; x_wconf 90' lang='lat' dir='ltr'><strong>in</strong></span> <span class='ocrx_word' id='word_1_558' title='bbox 2143 4348 2374 4406; x_wconf 90' lang='lat' dir='ltr'><strong>ecclesia</strong></span> <span class='ocrx_word' id='word_1_559' title='bbox 2416 4348 2684 4420; x_wconf 89' lang='lat' dir='ltr'><strong>legantur.</strong></span> <span class='ocrx_word' id='word_1_560' title='bbox 2741 4346 2811 4403; x_wconf 88' lang='lat' dir='ltr'><strong>Et</strong></span> <span class='ocrx_word' id='word_1_561' title='bbox 2863 4346 3298 4417; x_wconf 86' lang='lat' dir='ltr'><strong>subscripserunt</strong></span> <span class='ocrx_word' id='word_1_562' title='bbox 3346 4357 3463 4401; x_wconf 81' lang='lat' dir='ltr'><strong>xm</strong></span> 
     </span>
    </p>
   </div>
   <div class='ocr_carea' id='block_1_98' title="bbox 1878 4440 2089 4496">
    <p class='ocr_par' dir='ltr' id='par_1_98' title="bbox 1878 4440 2089 4496">
     <span class='ocr_line' id='line_1_99' title="bbox 1878 4440 2089 4496; baseline 0 0"><span class='ocrx_word' id='word_1_563' title='bbox 1878 4440 2089 4496; x_wconf 83' lang='lat' dir='ltr'><strong>Patres.</strong></span> 
     </span>
    </p>
   </div>
   <div class='ocr_carea' id='block_1_99' title="bbox 1882 4544 3466 4625">
    <p class='ocr_par' dir='ltr' id='par_1_99' title="bbox 1882 4544 3466 4625">
     <span class='ocr_line' id='line_1_100' title="bbox 1882 4544 3466 4625; baseline -0.006 -16"><span class='ocrx_word' id='word_1_564' title='bbox 1882 4552 2138 4625; x_wconf 74' lang='lat' dir='ltr'><strong>Prw[atio</strong></span> <span class='ocrx_word' id='word_1_565' title='bbox 2165 4567 2425 4608; x_wconf 83' lang='lat' dir='ltr'><strong>canonum</strong></span> <span class='ocrx_word' id='word_1_566' title='bbox 2446 4549 2844 4625; x_wconf 66' lang='lat' dir='ltr'><strong>Sardirenaium</strong></span> <span class='ocrx_word' id='word_1_567' title='bbox 2868 4549 3015 4623; x_wconf 79' lang='lat' dir='ltr'><strong>[Ms.,</strong></span> <span class='ocrx_word' id='word_1_568' title='bbox 3045 4544 3466 4618; x_wconf 74' lang='lat' dir='ltr'><strong>Serdiceuaium]</strong></span> 
     </span>
    </p>
   </div>
   <div class='ocr_carea' id='block_1_100' title="bbox 2409 4622 2920 4692">
    <p class='ocr_par' dir='ltr' id='par_1_100' title="bbox 2409 4622 2920 4692">
     <span class='ocr_line' id='line_1_101' title="bbox 2409 4622 2920 4692; baseline 0 -15"><span class='ocrx_word' id='word_1_569' title='bbox 2409 4623 2515 4678; x_wconf 72' lang='lat' dir='ltr'><strong>sive</strong></span> <span class='ocrx_word' id='word_1_570' title='bbox 2546 4622 2920 4692; x_wconf 73' lang='lat' dir='ltr'><strong>Africanorum</strong></span> 
     </span>
    </p>
   </div>
   <div class='ocr_carea' id='block_1_101' title="bbox 1957 4730 3464 4808">
    <p class='ocr_par' dir='ltr' id='par_1_101' title="bbox 1957 4730 3464 4808">
     <span class='ocr_line' id='line_1_102' title="bbox 1957 4730 3464 4808; baseline -0.005 -15"><span class='ocrx_word' id='word_1_571' title='bbox 1957 4739 2094 4794; x_wconf 89' lang='lat' dir='ltr'><strong>Sunt</strong></span> <span class='ocrx_word' id='word_1_572' title='bbox 2123 4737 2287 4795; x_wconf 91' lang='lat' dir='ltr'><strong>etlam</strong></span> <span class='ocrx_word' id='word_1_573' title='bbox 2318 4736 2506 4808; x_wconf 89' lang='lat' dir='ltr'><strong>viginti</strong></span> <span class='ocrx_word' id='word_1_574' title='bbox 2527 4735 2728 4808; x_wconf 75' lang='lat' dir='ltr'><strong>regula:</strong></span> <span class='ocrx_word' id='word_1_575' title='bbox 2764 4750 2885 4807; x_wconf 71' lang='lat' dir='ltr'><strong>quae</strong></span> <span class='ocrx_word' id='word_1_576' title='bbox 2913 4750 3012 4805; x_wconf 91' lang='lat' dir='ltr'><strong>per</strong></span> <span class='ocrx_word' id='word_1_577' title='bbox 3039 4732 3223 4790; x_wconf 91' lang='lat' dir='ltr'><strong>Osium</strong></span> <span class='ocrx_word' id='word_1_578' title='bbox 3258 4730 3464 4792; x_wconf 42' lang='lat' dir='ltr'><strong>Cordus</strong></span> 
     </span>
    </p>
   </div>
   <div class='ocr_carea' id='block_1_102' title="bbox 1883 4824 3462 4899">
    <p class='ocr_par' dir='ltr' id='par_1_102' title="bbox 1883 4824 3462 4899">
     <span class='ocr_line' id='line_1_103' title="bbox 1883 4824 3462 4899; baseline -0.008 -13"><span class='ocrx_word' id='word_1_579' title='bbox 1883 4832 2105 4886; x_wconf 86' lang='lat' dir='ltr'><strong>bcnscm</strong></span> <span class='ocrx_word' id='word_1_580' title='bbox 2128 4829 2438 4899; x_wconf 90' lang='lat' dir='ltr'><strong>episcopum</strong></span> <span class='ocrx_word' id='word_1_581' title='bbox 2463 4835 2710 4893; x_wconf 91' lang='lat' dir='ltr'><strong>currunt,</strong></span> <span class='ocrx_word' id='word_1_582' title='bbox 2740 4841 2860 4896; x_wconf 75' lang='lat' dir='ltr'><strong>quae</strong></span> <span class='ocrx_word' id='word_1_583' title='bbox 2891 4824 3177 4880; x_wconf 88' lang='lat' dir='ltr'><strong>titulantur</strong></span> <span class='ocrx_word' id='word_1_584' title='bbox 3210 4833 3462 4891; x_wconf 89' lang='lat' dir='ltr'><strong>tanquam</strong></span> 
     </span>
    </p>
   </div>
   <div class='ocr_carea' id='block_1_103' title="bbox 1889 4918 3470 4993">
    <p class='ocr_par' dir='ltr' id='par_1_103' title="bbox 1889 4918 3470 4993">
     <span class='ocr_line' id='line_1_104' title="bbox 1889 4918 3470 4993; baseline -0.006 -15"><span class='ocrx_word' id='word_1_585' title='bbox 1889 4937 1914 4965; x_wconf 76' lang='grc' dir='ltr'>α</span> <span class='ocrx_word' id='word_1_586' title='bbox 1947 4939 2014 4978; x_wconf 85' lang='lat' dir='ltr'><strong>XL</strong></span> <span class='ocrx_word' id='word_1_587' title='bbox 2057 4922 2431 4993; x_wconf 90' lang='lat' dir='ltr'><strong>episcoporum</strong></span> <span class='ocrx_word' id='word_1_588' title='bbox 2474 4919 2615 4989; x_wconf 91' lang='lat' dir='ltr'><strong>apud</strong></span> <span class='ocrx_word' id='word_1_589' title='bbox 2661 4918 2960 4982; x_wconf 89' lang='lat' dir='ltr'><strong>Serdicam,</strong></span> <span class='ocrx_word' id='word_1_590' title='bbox 2995 4931 3116 4987; x_wconf 72' lang='lat' dir='ltr'><strong>qua:</strong></span> <span class='ocrx_word' id='word_1_591' title='bbox 3143 4923 3323 4970; x_wconf 89' lang='lat' dir='ltr'><strong>tamen</strong></span> <span class='ocrx_word' id='word_1_592' title='bbox 3358 4930 3470 4975; x_wconf 83' lang='lat' dir='ltr'><strong>non</strong></span> 
     </span>
    </p>
   </div>
   <div class='ocr_carea' id='block_1_104' title="bbox 1887 5007 3466 5085">
    <p class='ocr_par' dir='ltr' id='par_1_104' title="bbox 1887 5007 3466 5085">
     <span class='ocr_line' id='line_1_105' title="bbox 1887 5007 3466 5085; baseline -0.004 -16"><span class='ocrx_word' id='word_1_593' title='bbox 1887 5015 2030 5085; x_wconf 92' lang='lat' dir='ltr'><strong>apud</strong></span> <span class='ocrx_word' id='word_1_594' title='bbox 2051 5013 2289 5079; x_wconf 70' lang='lat' dir='ltr'><strong>Graecos,</strong></span> <span class='ocrx_word' id='word_1_595' title='bbox 2331 5012 2427 5074; x_wconf 84' lang='lat' dir='ltr'><strong>sed</strong></span> <span class='ocrx_word' id='word_1_596' title='bbox 2462 5011 2635 5084; x_wconf 89' lang='lat' dir='ltr'><strong>magis</strong></span> <span class='ocrx_word' id='word_1_597' title='bbox 2670 5009 2811 5084; x_wconf 89' lang='lat' dir='ltr'><strong>apud</strong></span> <span class='ocrx_word' id='word_1_598' title='bbox 2849 5008 3072 5065; x_wconf 90' lang='lat' dir='ltr'><strong>Latinos</strong></span> <span class='ocrx_word' id='word_1_599' title='bbox 3096 5007 3466 5064; x_wconf 83' lang='lat' dir='ltr'><strong>inveniuntur.</strong></span> 
     </span>
    </p>
   </div>
   <div class='ocr_carea' id='block_1_105' title="bbox 1888 5096 3470 5162">
    <p class='ocr_par' dir='ltr' id='par_1_105' title="bbox 1888 5096 3470 5162">
     <span class='ocr_line' id='line_1_106' title="bbox 1888 5096 3470 5162; baseline -0.005 -2"><span class='ocrx_word' id='word_1_600' title='bbox 1888 5104 2187 5162; x_wconf 83' lang='lat' dir='ltr'><strong>Sciendum</strong></span> <span class='ocrx_word' id='word_1_601' title='bbox 2212 5110 2296 5159; x_wconf 91' lang='lat' dir='ltr'><strong>est</strong></span> <span class='ocrx_word' id='word_1_602' title='bbox 2327 5111 2507 5157; x_wconf 90' lang='lat' dir='ltr'><strong>autem</strong></span> <span class='ocrx_word' id='word_1_603' title='bbox 2539 5101 2683 5156; x_wconf 88' lang='lat' dir='ltr'><strong>hunc</strong></span> <span class='ocrx_word' id='word_1_604' title='bbox 2709 5099 2898 5156; x_wconf 91' lang='lat' dir='ltr'><strong>Osium</strong></span> <span class='ocrx_word' id='word_1_605' title='bbox 2930 5097 3074 5153; x_wconf 90' lang='lat' dir='ltr'><strong>inter</strong></span> <span class='ocrx_word' id='word_1_606' title='bbox 3100 5112 3333 5155; x_wconf 79' lang='lat' dir='ltr'><strong>cccxvm</strong></span> <span class='ocrx_word' id='word_1_607' title='bbox 3368 5096 3470 5154; x_wconf 90' lang='lat' dir='ltr'><strong>Pa-</strong></span> 
     </span>
    </p>
   </div>
   <div class='ocr_carea' id='block_1_106' title="bbox 1889 5189 3466 5260">
    <p class='ocr_par' dir='ltr' id='par_1_106' title="bbox 1889 5189 3466 5260">
     <span class='ocr_line' id='line_1_107' title="bbox 1889 5189 3466 5260; baseline -0.004 -8"><span class='ocrx_word' id='word_1_608' title='bbox 1889 5207 2001 5252; x_wconf 89' lang='lat' dir='ltr'><strong>tres</strong></span> <span class='ocrx_word' id='word_1_609' title='bbox 2045 5195 2250 5253; x_wconf 63' lang='lat' dir='ltr'><strong>Nicteni</strong></span> <span class='ocrx_word' id='word_1_610' title='bbox 2294 5193 2508 5252; x_wconf 89' lang='lat' dir='ltr'><strong>concilii</strong></span> <span class='ocrx_word' id='word_1_611' title='bbox 2553 5190 2922 5249; x_wconf 88' lang='lat' dir='ltr'><strong>honorabilem</strong></span> <span class='ocrx_word' id='word_1_612' title='bbox 2953 5189 3139 5256; x_wconf 82' lang='lat' dir='ltr'><strong>fuisse,</strong></span> <span class='ocrx_word' id='word_1_613' title='bbox 3189 5197 3352 5260; x_wconf 85' lang='lat' dir='ltr'><strong>atque</strong></span> <span class='ocrx_word' id='word_1_614' title='bbox 3399 5190 3466 5245; x_wconf 86' lang='lat' dir='ltr'><strong>ab</strong></span> 
     </span>
    </p>
   </div>
   <div class='ocr_carea' id='block_1_107' title="bbox 1888 5280 3470 5359">
    <p class='ocr_par' dir='ltr' id='par_1_107' title="bbox 1888 5280 3470 5359">
     <span class='ocr_line' id='line_1_108' title="bbox 1888 5280 3470 5359; baseline -0.006 -15"><span class='ocrx_word' id='word_1_615' title='bbox 1888 5288 2182 5359; x_wconf 87' lang='lat' dir='ltr'><strong>apostolica</strong></span> <span class='ocrx_word' id='word_1_616' title='bbox 2211 5287 2336 5343; x_wconf 93' lang='lat' dir='ltr'><strong>sede</strong></span> <span class='ocrx_word' id='word_1_617' title='bbox 2363 5301 2487 5342; x_wconf 92' lang='lat' dir='ltr'><strong>cum</strong></span> <span class='ocrx_word' id='word_1_618' title='bbox 2520 5284 2737 5340; x_wconf 90' lang='lat' dir='ltr'><strong>Victore</strong></span> <span class='ocrx_word' id='word_1_619' title='bbox 2763 5291 2819 5339; x_wconf 93' lang='lat' dir='ltr'><strong>et</strong></span> <span class='ocrx_word' id='word_1_620' title='bbox 2836 5283 3118 5338; x_wconf 91' lang='lat' dir='ltr'><strong>Vincentio</strong></span> <span class='ocrx_word' id='word_1_621' title='bbox 3135 5280 3470 5354; x_wconf 81' lang='lat' dir='ltr'><strong>presbyteris</strong></span> 
     </span>
    </p>
   </div>
   <div class='ocr_carea' id='block_1_108' title="bbox 1891 5373 3467 5448">
    <p class='ocr_par' dir='ltr' id='par_1_108' title="bbox 1891 5373 3467 5448">
     <span class='ocr_line' id='line_1_109' title="bbox 1891 5373 3467 5448; baseline -0.008 -10"><span class='ocrx_word' id='word_1_622' title='bbox 1891 5381 2237 5446; x_wconf 88' lang='lat' dir='ltr'><strong>destinatum,</strong></span> <span class='ocrx_word' id='word_1_623' title='bbox 2271 5378 2361 5448; x_wconf 93' lang='lat' dir='ltr'><strong>qui</strong></span> <span class='ocrx_word' id='word_1_624' title='bbox 2399 5385 2456 5434; x_wconf 91' lang='lat' dir='ltr'><strong>et</strong></span> <span class='ocrx_word' id='word_1_625' title='bbox 2491 5376 2762 5446; x_wconf 83' lang='lat' dir='ltr'><strong>Hispanus</strong></span> <span class='ocrx_word' id='word_1_626' title='bbox 2790 5391 2963 5446; x_wconf 90' lang='lat' dir='ltr'><strong>usque</strong></span> <span class='ocrx_word' id='word_1_627' title='bbox 2989 5376 3057 5431; x_wconf 92' lang='lat' dir='ltr'><strong>ad</strong></span> <span class='ocrx_word' id='word_1_628' title='bbox 3083 5383 3298 5446; x_wconf 91' lang='lat' dir='ltr'><strong>tempus</strong></span> <span class='ocrx_word' id='word_1_629' title='bbox 3321 5373 3467 5429; x_wconf 90' lang='lat' dir='ltr'><strong>Con-</strong></span> 
     </span>
    </p>
   </div>
   <div class='ocr_carea' id='block_1_109' title="bbox 1893 5463 3471 5541">
    <p class='ocr_par' dir='ltr' id='par_1_109' title="bbox 1893 5463 3471 5541">
     <span class='ocr_line' id='line_1_110' title="bbox 1893 5463 3471 5541; baseline -0.004 -15"><span class='ocrx_word' id='word_1_630' title='bbox 1893 5469 2076 5527; x_wconf 90' lang='lat' dir='ltr'><strong>stantii</strong></span> <span class='ocrx_word' id='word_1_631' title='bbox 2114 5469 2373 5541; x_wconf 92' lang='lat' dir='ltr'><strong>principis</strong></span> <span class='ocrx_word' id='word_1_632' title='bbox 2399 5468 2455 5524; x_wconf 92' lang='lat' dir='ltr'><strong>in</strong></span> <span class='ocrx_word' id='word_1_633' title='bbox 2481 5483 2706 5539; x_wconf 89' lang='lat' dir='ltr'><strong>corpore</strong></span> <span class='ocrx_word' id='word_1_634' title='bbox 2742 5469 2938 5540; x_wconf 85' lang='lat' dir='ltr'><strong>legitur</strong></span> <span class='ocrx_word' id='word_1_635' title='bbox 2961 5467 3342 5538; x_wconf 91' lang='lat' dir='ltr'><strong>permansisse.</strong></span> <span class='ocrx_word' id='word_1_636' title='bbox 3371 5463 3471 5519; x_wconf 89' lang='lat' dir='ltr'><strong>I-Iic</strong></span> 
     </span>
    </p>
   </div>
   <div class='ocr_carea' id='block_1_110' title="bbox 1895 5556 3472 5632">
    <p class='ocr_par' dir='ltr' id='par_1_110' title="bbox 1895 5556 3472 5632">
     <span class='ocr_line' id='line_1_111' title="bbox 1895 5556 3472 5632; baseline -0.004 -16"><span class='ocrx_word' id='word_1_637' title='bbox 1895 5570 2075 5616; x_wconf 87' lang='lat' dir='ltr'><strong>tamen</strong></span> <span class='ocrx_word' id='word_1_638' title='bbox 2107 5561 2160 5615; x_wconf 93' lang='lat' dir='ltr'><strong>in</strong></span> <span class='ocrx_word' id='word_1_639' title='bbox 2196 5558 2456 5615; x_wconf 84' lang='lat' dir='ltr'><strong>extremis</strong></span> <span class='ocrx_word' id='word_1_640' title='bbox 2501 5559 2613 5614; x_wconf 89' lang='lat' dir='ltr'><strong>suis</strong></span> <span class='ocrx_word' id='word_1_641' title='bbox 2652 5560 2783 5615; x_wconf 90' lang='lat' dir='ltr'><strong>satis</strong></span> <span class='ocrx_word' id='word_1_642' title='bbox 2817 5559 3098 5632; x_wconf 89' lang='lat' dir='ltr'><strong>pueriliter</strong></span> <span class='ocrx_word' id='word_1_643' title='bbox 3130 5556 3378 5627; x_wconf 89' lang='lat' dir='ltr'><strong>desipuit,</strong></span> <span class='ocrx_word' id='word_1_644' title='bbox 3411 5564 3472 5609; x_wconf 90' lang='lat' dir='ltr'><strong>ut</strong></span> 
     </span>
    </p>
   </div>
   <div class='ocr_carea' id='block_1_111' title="bbox 1897 5649 3471 5720">
    <p class='ocr_par' dir='ltr' id='par_1_111' title="bbox 1897 5649 3471 5720">
     <span class='ocr_line' id='line_1_112' title="bbox 1897 5649 3471 5720; baseline -0.004 -13"><span class='ocrx_word' id='word_1_645' title='bbox 1897 5651 2130 5708; x_wconf 80' lang='lat' dir='ltr'><strong>Severus</strong></span> <span class='ocrx_word' id='word_1_646' title='bbox 2175 5649 2534 5720; x_wconf 84' lang='lat' dir='ltr'><strong>Sulpiciusin</strong></span> <span class='ocrx_word' id='word_1_647' title='bbox 2568 5650 2850 5714; x_wconf 86' lang='lat' dir='ltr'><strong>Chronicis</strong></span> <span class='ocrx_word' id='word_1_648' title='bbox 2881 5651 3006 5715; x_wconf 72' lang='lat' dir='ltr'><strong>suis,</strong></span> <span class='ocrx_word' id='word_1_649' title='bbox 3025 5658 3276 5716; x_wconf 79' lang='lat' dir='ltr'><strong>testatur,</strong></span> <span class='ocrx_word' id='word_1_650' title='bbox 3323 5660 3471 5701; x_wconf 84' lang='lat' dir='ltr'><strong>asse-</strong></span> 
     </span>
    </p>
   </div>
   <div class='ocr_carea' id='block_1_112' title="bbox 279 5806 1993 5882">
    <p class='ocr_par' dir='ltr' id='par_1_112' title="bbox 279 5806 1993 5882">
     <span class='ocr_line' id='line_1_113' title="bbox 279 5806 1993 5882; baseline -0.002 -16"><span class='ocrx_word' id='word_1_651' title='bbox 279 5820 308 5851; x_wconf 77' lang='grc' dir='ltr'>ι</span> <span class='ocrx_word' id='word_1_652' title='bbox 345 5806 491 5880; x_wconf 83' lang='lat' dir='ltr'><strong>Lege</strong></span> <span class='ocrx_word' id='word_1_653' title='bbox 536 5823 636 5876; x_wconf 72' lang='grc' dir='ltr'><strong>ιι,</strong></span> <span class='ocrx_word' id='word_1_654' title='bbox 684 5819 743 5866; x_wconf 91' lang='lat' dir='ltr'><strong>ut</strong></span> <span class='ocrx_word' id='word_1_655' title='bbox 791 5810 926 5866; x_wconf 76' lang='lat' dir='ltr'><strong>infra</strong></span> <span class='ocrx_word' id='word_1_656' title='bbox 971 5819 1090 5882; x_wconf 87' lang='lat' dir='ltr'><strong>post</strong></span> <span class='ocrx_word' id='word_1_657' title='bbox 1143 5813 1242 5870; x_wconf 82' lang='lat' dir='ltr'><strong>llos</strong></span> <span class='ocrx_word' id='word_1_658' title='bbox 1286 5827 1521 5870; x_wconf 85' lang='lat' dir='ltr'><strong>canones</strong></span> <span class='ocrx_word' id='word_1_659' title='bbox 1570 5811 1775 5868; x_wconf 88' lang='lat' dir='ltr'><strong>Sardic.</strong></span> <span class='ocrx_word' id='word_1_660' title='bbox 1821 5809 1993 5870; x_wconf 62' lang='lat' dir='ltr'><strong>Hann.</strong></span> 
     </span>
    </p>
   </div>
  </div>
