3950 6312
489 367 635 428 ωῑὸ

1507 363 1967 426 ᾹΝΟΕΒΚᾹΜΝῘ
1995 362 2338 422 METENSIS
2373 361 2690 422 EPISCOPI‘

3604 367 3752 426 ιω

481 501 609 542 rens
642 485 785 555 quod
827 481 1177 540 Constantius
1221 482 1514 552 imperator
1556 482 2056 559 numerosissimum
2162 477 2446 533 anathema
2473 494 2484 530 :
2515 476 2662 569 quod
2690 475 2736 532 si
2767 475 2916 569 quis“
2930 474 3116 569 dicere
3156 477 3476 548 neglexerit,
3513 475 3752 538 catholﬁ

481 577 821 631 Ariminense
844 573 1154 640 concilium,
1172 574 1239 628 ab
1257 589 1322 628 eo
1341 581 1530 628 contra
1553 573 1872 629 catholicam
1901 573 2062 628 fidem

483 675 898 739 congregatum.
922 666 1138 722 Arianae
1170 665 1364 722 haeresi
1392 666 1730 722 subscribere
1767 665 2060 735 compulis-

483 770 588 816 set.
621 746 772 816 Unde
799 743 962 814 etiam
1005 757 1204 828 placuit
1244 766 1322 824 ut,
1367 758 1532 814 missa
1574 759 1866 830 apostolica
1911 760 2059 830 lcga-

482 853 651 918 tione,
680 867 710 906 a
739 851 994 922 prtedicto
1015 850 1142 907 Osio
1173 851 1580 921 perquireretur
1601 868 1668 906 an
1695 851 1909 907 Nicaana
1933 868 2059 924 syn-

483 942 643 1008 odus,
684 945 770 998 cui
806 942 894 997 ille
936 941 1216 1008 interfuit,
1267 941 1464 996 Filium
1507 941 1651 997 Patri
1693 946 2051 1016 συνομούσισν,

480 1032 539 1088 id
573 1041 654 1088 est
679 1031 1213 1095 consubstantialem,
1258 1033 1400 1100 quod
1445 1032 1830 1087 catholicorum
1861 1041 1962 1098 est,
1991 1049 2061 1088 an

482 1125 740 1196 συνὸμιον,
795 1124 849 1179 id
878 1132 977 1186 est,
1024 1123 1361 1178 consimilem
1404 1131 1632 1187 tantum,
1682 1125 1825 1194 quod
1873 1125 2061 1179 Ariani

482 1216 688 1281 dicunt,
735 1215 1098 1296 decrevissent
1139 1214 1523 1271 confitendum.
1572 1215 1684 1296 Sed
1705 1217 1814 1284 ille,
1845 1225 1938 1272 aut
1962 1233 2066 1286 pro

481 1305 641 1378 longa
683 1293 844 1362 aatate
892 1305 1197 1376 desipiens,
1251 1314 1343 1361 aut
1390 1293 1754 1362 assentatione
1801 1307 2061 1378 principis

481 1412 671 1453 verum
698 1397 1062 1462 dissimulans,
1111 1397 1452 1474 respondisse
1476 1399 1810 1467 perhibetur,
1856 1407 2062 1454 utram-

480 1503 588 1560 que
614 1498 824 1559 partem
859 1495 1006 1545 recte
1032 1488 1311 1555 conﬁteri,
1362 1489 1474 1566 sive
1519 1493 1894 1560 συνομούσιον,
1949 1492 2062 1548 sive

483 1586 742 1658 συνόμιοω.
772 1583 924 1652 Quod
954 1599 1270 1654 responsum
1301 1593 1410 1638 tam
1442 1599 1472 1638 a
1502 1585 1781 1641 catholicis
1807 1601 1968 1656 quam
1993 1587 2085 1654 ab,

482 1678 702 1734 Arianis
730 1693 838 1731 uno
864 1692 960 1732 ore
987 1673 1208 1732 irrisum
1243 1684 1326 1732 est
1359 1687 1522 1746 atque
1555 1676 1870 1733 refutatum.
1903 1679 2064 1733 Deni-

483 1783 589 1839 que
610 1777 730 1840 post
752 1770 855 1826 hoc
885 1783 1219 1844 responsum,
1247 1768 1304 1823 in
1337 1768 1557 1824 civitate
1587 1784 1684 1824 sua
1714 1768 1980 1834 Corduba,
2003 1769 2060 1825 in

484 1876 592 1931 qua
631 1860 915 1930 episcopus
949 1858 1068 1925 fuit,
1103 1858 1299 1917 nomen
1340 1862 1480 1917 inter
1524 1863 1820 1919 catholicos
1854 1864 2062 1935 episco-

483 1965 582 2020 pos
611 1951 832 2008 Ininime
878 1951 1165 2006 recitatum
1193 1958 1296 2007 est.

557 2040 697 2096 Sunt
720 2042 883 2098 etiam
905 2042 1284 2098 ecclesiastica;
1313 2042 1532 2115 regulae,
1563 2059 1683 2113 qua:
1710 2045 1764 2099 in
1789 2043 2062 2102 Africanis

485 2132 804 2203 regionibus.
855 2131 1292 2202 frequentissime
1347 2135 1591 2206 synodali
1649 2136 1878 2192 concilio
1932 2153 2063 2194 con-

485 2224 700 2296 scripta:
739 2232 882 2284 sunt.
927 2223 1034 2280 Sed
1064 2225 1119 2280 in
1153 2226 1238 2281 his
1273 2229 1527 2285 ormribus
1570 2228 1660 2284 illa
1700 2229 1851 2299 sequi
1898 2231 2062 2286 debe-

485 2331 609 2372 mus
665 2331 998 2388 qutecunque
1054 2331 1084 2370 a
1133 2315 1350 2374 Nicaano
1406 2318 1635 2374 concilio
1685 2327 1739 2374 et
1788 2335 1820 2375 a
1877 2331 2060 2376 sancta

488 2415 650 2476 atque
675 2406 968 2478 apostolica
983 2407 1225 2465 Ecclesia
1249 2407 1492 2465 Romana
1516 2425 1625 2464 non
1651 2410 1960 2481 discrepare
1980 2413 2060 2466 vi-

485 2497 694 2553 demus.

485 2626 642 2682 Hanc
665 2629 1026 2702 prtefationem
1062 2631 1221 2686 latius
1257 2631 1566 2702 explicatam
1595 2649 1738 2687 eius.
1763 2635 1880 2688 cod.
1918 2633 2064 2690 Vatis

557 2714 688 2776 cuna
723 2717 866 2776 unm.
894 2701 1296 2776 ιόὅῖ-ςίτΙρόεηι
1327 2701 1599 2776 Ballerinii
1623 2704 1676 2776 in
1702 2705 1907 2776 dissert.
1932 2723 2064 2776 pra:-

557 2766 668 2820 lim.
713 2770 795 2845 a_d_
817 2769 1090 2845 tegi;
1133 2769 1567 2845 Operumusancli
1616 2773 1803 2845 Leonis
1847 2766 2060 2845 Mtigm',

556 2854 678 2909 pag.
720 2837 1086 2893 CLXXXVII
1117 2837 1260 2908 είεα)
1288 2841 1473 2912 quibus
1498 2843 1584 2897 hic
1611 2843 1789 2897 datur.
1824 2837 2060 2919 (ΜΑιὶει.)

556 2949 826 3006 Przeterea
849 2959 973 3005 sunt
994 2951 1113 3006 alia:
1129 2967 1180 3005 ιι
1199 2952 1394 3023 regulae
1416 2969 1538 3022 quae
1551 2969 1648 3023 per
1663 2954 1846 3012 Osium
1863 2958 2065 3027 episco-

485 3053 612 3109 pum
625 3040 1024 3098 Cordubensem
1039 3052 1280 3112 curru-nt,
1297 3060 1416 3115 qua:
1431 3045 1712 3105 titulantur
1724 3059 1979 3118 tanquam
1992 3067 2064 3104 xx

2163 583 2259 623 cus
2287 583 2395 622 non
2423 576 2524 621 est.
2552 566 2706 622 Hunc
2732 582 2860 638 ergo
2885 567 3090 634 Osium,
3131 571 3271 626 sicut
3297 574 3601 642 praedictus
3631 574 3758 630 Sui-

2163 659 2338 730 picius
2368 659 2398 698 b
2421 658 2606 723 refert,
2646 659 2701 714 in
2725 657 2884 731 longa
2923 663 3115 732 synodi
3159 664 3573 735 disceptatione,
3623 684 3758 738 quo-

2163 750 2329 814 niam,
2373 757 2434 805 ut
2471 764 2633 820 supra
2671 762 3030 808 memoratum
3077 763 3182 820 est,
3228 757 3404 812 adhuc
3443 758 3757 817 Constantii

2161 851 2497 913 temponous
2516 851 2634 900 erat
2669 843 2726 900 in
2755 860 3006 916 corpore,
3039 847 3241 918 placuit
3259 849 3425 923 missa
3451 851 3754 920 episcopali

2161 937 2428 1006 legatione
2465 938 2658 993 debere
2694 939 2952 1008 perquiri,
2997 949 3178 995 utrum
3211 941 3265 996 in
3291 950 3477 998 sancta
3499 950 3562 998 et
3593 959 3755 1000 vene-

2162 1028 2316 1084 rabili
2361 1027 2578 1083 Nicaena
2604 1031 3037 1101 congregatione,
3069 1030 3124 1086 in
3149 1046 3255 1101 qua
3277 1047 3521 1102 praesens
3551 1032 3751 1099 fuerat,

2162 1119 2454 1185 omousion,
2501 1119 2642 1174 sicut
2672 1135 2772 1174 nos
2810 1121 3065 1176 catholici
3105 1129 3250 1177 recte
3295 1121 3651 1188 conﬁtemur,
3701 1123 3753 1180 id

2163 1213 2245 1261 est
2280 1207 2440 1268 unius
2475 1197 2600 1262 cum
2639 1205 2801 1262 Patre
2851 1208 3166 1264 substantiae
3210 1208 3427 1274 Filium,
3465 1225 3536 1264 an
3578 1219 3753 1277 certe,

2161 1282 2301 1352 sicut
2317 1297 2504 1352 Ariani
2538 1297 2888 1363 contendunt,
2913 1299 3242 1364 memion,
3274 1299 3414 1369 quod
3442 1308 3526 1355 est
3551 1300 3756 1357 similis

2163 1404 2286 1444 cum
2307 1390 2467 1444 Patre
2486 1391 2800 1445 substantize
2814 1389 3031 1455 Filium,
3055 1392 3197 1460 quod
3220 1393 3487 1445 omousion
3500 1407 3747 1448 cccxvnr

2160 1491 2346 1551 patres
2392 1482 2562 1536 nostri
2604 1481 2847 1537 conﬁteri
2889 1481 3274 1537 decrevissent.
3322 1481 3440 1549 Qui,
3486 1484 3614 1538 sive
3660 1499 3756 1556 per

2160 1573 2373 1658 longam
2419 1580 2636 1628 aetatem
2687 1572 2975 1642 desipiens,
3020 1572 3134 1626 sive
3176 1579 3326 1628 certe
3363 1587 3458 1642 per
3487 1585 3748 1630 assenta-

2160 1663 2363 1717 tionem
2402 1662 2663 1734 principis
2695 1661 3000 1731 hujusmodi
3034 1675 3354 1734 responsum
3381 1663 3602 1721 dedisse
3630 1683 3750 1738 per-

2164 1753 2414 1818 hibetur,
2463 1761 2750 1823 utramque
2805 1762 3013 1824 partem
3061 1761 3212 1810 recte
3267 1756 3559 1822 intendere,
3632 1760 3752 1816 sive

2094 1821 2140 1883 Β
2166 1845 2458 1910 omousion,
2495 1845 2608 1900 sive
2642 1836 2964 1900 omoeusion.
2991 1846 3156 1916 Cujus
3190 1849 3452 1904 sententia
3481 1852 3744 1920 quoniam

2165 1936 2329 1990 stulte
2367 1936 2574 2007 prolata
2618 1943 2721 2001 est,
2764 1938 2832 1992 ab
2863 1939 3117 1993 omnibus
3153 1940 3449 2006 catholicis,
3476 1943 3654 1997 etiam
3681 1945 3748 1998 ab

2162 2028 2397 2085 Arianis.
2426 2044 2533 2084 uno
2559 2043 2654 2084 ore
2681 2029 2839 2084 irrisa
2881 2041 3043 2101 atque
3087 2031 3318 2088 refutata
3352 2044 3456 2090 est.
3497 2035 3748 2105 Denique

2164 2116 2218 2170 iu
2249 2117 2464 2172 civitate
2489 2117 2758 2183 Corduba,
2797 2119 2852 2172 in
2881 2135 2986 2189 qua
3012 2121 3378 2191 episcopatum
3400 2125 3599 2190 tenuit,
3631 2137 3744 2196 post

2166 2207 2306 2262 hanc
2349 2208 2827 2276 consultationem,-
2863 2211 2976 2267 sive
3021 2226 3360 2283 responsum,
3385 2231 3587 2272 nomen
3637 2218 3744 2288 ejus

2165 2300 2304 2354 inter
2328 2301 2622 2357 catholicos
2647 2303 2930 2372 episcopos
2953 2312 3346 2372 antecessores,
3381 2307 3467 2363 vel
3491 2309 3742 2365 decesso-

2165 2408 2253 2448 res
2279 2391 2410 2462 ejus,
2439 2394 2662 2449 minime
2692 2395 2971 2449 recitatur.

2236 2485 2375 2542 Sunt
2405 2487 2522 2544 haec
2562 2489 2782 2560 regulae,
2814 2504 2932 2560 qum
2955 2504 3054 2560 per
3085 2492 3453 2562 supradictum
3479 2485 3670 2550 Osium
3693 2507 3741 2551 et

2163 2591 2234 2630 xx
2262 2576 2540 2647 episcopos
2578 2586 2822 2644 currunt,
2866 2579 3013 2634 salva
3043 2587 3098 2635 et
3123 2580 3375 2637 incolumi
3417 2582 3526 2640 ﬁde
3556 2585 3741 2641 estho—

2165 2666 2288 2732 lica,
2311 2682 2432 2736 quae
2454 2669 2594 2736 apud
2618 2668 2859 2723 eamdem
2887 2669 3154 2724 Nicaeuam
3177 2670 3440 2743 Bithyniae
3462 2691 3494 2729 a
3516 2692 3741 2732 cccmn

2165 2759 2416 2816 Patribus
2445 2762 2688 2832 exposita
2713 2770 2818 2827 est,
2847 2771 2900 2816 et
2934 2772 3057 2832 post
3097 2765 3292 2819 iterum
3324 2766 3377 2820 in
3411 2769 3548 2822 urbe
3576 2769 3740 2824 Roma

2169 2865 2190 2892 ε
2220 2852 2480 2908 Silvester
2504 2869 2642 2924 papa
2669 2871 2697 2909 a
2725 2855 2887 2915 Petro
2916 2857 3224 2927 trigesimus
3250 2868 3496 2928 quartus,
3520 2878 3742 2931 magro-

2165 2945 2305 3016 gatis
2328 2960 2448 3000 eum
2474 2946 2698 3001 consilio
2723 2947 3063 3003 Constantini
3091 2947 3318 3020 Augusti
3343 2953 3393 3006 in
3415 2955 3548 3008 urbe
3569 2955 3742 3009 Rana

2164 3036 2268 3090 277
2286 3036 2554 3103 Patribus,
2583 3045 2704 3107 post
2727 3037 3000 3096 Nicaeam
3019 3043 3289 3112 synodum
3313 3043 3572 3099 damnavit
3599 3047 3739 3101 item

487 3134 859 3204 episcoporum
869 3137 1009 3204 apud
1023 3135 1319 3202 Sardicam,
1334 3153 1454 3207 quae
1466 3145 1758 3212 tamennon
1771 3143 1912 3212 apud
1925 3142 2064 3198 Grae-

2169 3126 2356 3181 Arium
2395 3135 2449 3182 et
2486 3137 2711 3183 caeteros
2741 3129 3045 3196 haereticos,
3091 3138 3146 3188 et
3186 3133 3578 3189 constitutiones
3613 3134 3730 3204 ple-

488 3238 600 3289 cos,
617 3225 709 3279 sed
728 3225 870 3294 apud
880 3225 1106 3280 Latinos
1118 3226 1288 3297 magis
1302 3227 1670 3284 inveniuntur.
1690 3231 1793 3285 Sed
1812 3233 2067 3301 quoniam

492 3317 604 3373 Osii
625 3316 832 3386 praefati
851 3318 1052 3374 mentio
1072 3315 1216 3373 facta
1235 3328 1339 3387 est,
1368 3322 1674 3384 necessarie
1707 3324 1958 3382 omnibus
1979 3341 2068 3380 ca-

487 3408 704 3477 tholicis
734 3408 1092 3465 intimandum
1117 3417 1203 3466 est
1224 3411 1368 3467 hunc
1388 3415 1634 3480 eumdem
1663 3416 1808 3485 apud
1832 3415 2080 3480 Nicaeam

486 3499 751 3569 Bithyniae
796 3501 950 3559 inter.
985 3504 1357 3559 sanctissimos
1401 3521 1630 3561 cccxvm
1678 3514 1859 3577 patres
1899 3506 2068 3564 fuisse

487 3590 877 3658 honorabilem,
916 3600 1081 3662 atque
1107 3595 1176 3648 ab
1206 3594 1500 3663 apostolica
1529 3596 1654 3653 sede
1680 3613 1802 3654 cum
1835 3596 2067 3654 Vincen-

488 3683 564 3736 tio
613 3690 667 3735 et
714 3683 930 3737 Victore
977 3686 1311 3755 presbyteris
1361 3686 1708 3755 destinatum,
1762 3691 1962 3759 quique
2010 3690 2080 3753 in,

488 3768 762 3836 Hispaniis
800 3786 974 3849 Iusque
1015 3773 1084 3827 ad
1121 3780 1332 3843 tempus
1379 3774 1677 3831 Constantii
1720 3779 1980 3848 principis
2011 3779 2066 3834 in

486 3869 714 3922 corpore
752 3858 968 3910 mansit.
1007 3859 1141 3913 Nam
1171 3871 1505 3918 memoratus
1530 3865 1879 3927 Constantius
1905 3869 2069 3938 (sicut

487 3942 571 4022 vir
599 3943 997 4003 eruditissimus
1026 3947 1293 4019 Sulpicius
1318 3948 1552 4010 Severus
1573 3955 1624 4010 in
1650 3956 1933 4014 Chronicis
1953 3961 2067 4017 suis

489 4033 695 4101 refert,
750 4036 949 4106 quique
997 4039 1238 4111 diligenti
1286 4058 1415 4097 cura
1459 4047 1819 4115 complectens
1867 4059 2077 4108 nostrze.

490 4125 763 4182 memoria:
786 4127 1088 4201 dereliquit)
1117 4132 1255 4201 apud
1287 4131 1592 4190 Ariminum
1621 4136 1784 4193 Italiae
1809 4155 2066 4199 numero-

487 4231 605 4270 sam
626 4217 907 4288 utriusque
927 4221 1073 4276 orbis
1094 4224 1364 4293 synodum
1378 4225 1733 4296 episcopalem
1753 4231 1988 4302 collegit,
2014 4243 2074 4290 et

488 4310 747 4365 adversus
771 4310 931 4367 ﬁdem
963 4315 1307 4384 catholicam,
1336 4317 1421 4374 vel
1452 4334 1682 4378 cccxvm
1706 4321 1929 4380 Patrum
1959 4325 2066 4386 dif-

407 4397 410 4400 ’
485 4401 783 4457 ﬁnitionem
815 4402 930 4460 Arii
954 4408 1177 4478 cupiens
1201 4425 1404 4466 venena
1442 4414 1733 4479 revolvere,
1767 4417 2065 4474 Ecclesiam

2172 3235 2366 3290 rusque
2388 3220 2644 3278 Ecclesiae
2673 3225 3026 3296 necessarias
3051 3225 3304 3282 ordinare
3345 3227 3563 3282 studuit.
3601 3229 3743 3285 Siri-

2169 3315 2302 3379 cius,
2334 3330 2362 3367 a
2388 3315 2548 3370 Petro
2576 3317 3019 3389 quadragesimus
3046 3319 3261 3390 scripsit
3290 3321 3578 3376 decretalis
3599 3324 3746 3394 capi-

2172 3405 2282 3459 tula
2313 3404 2377 3458 l5
2401 3414 2625 3476 prapter
2649 3408 2909 3478 quasdam
2949 3411 3323 3477 necessitates,
3369 3412 3591 3469 Omerio
3615 3414 3744 3470 Tar-

2169 3498 2453 3552 raconensi
2499 3499 2752 3570 episcopo
2781 3503 3117 3559 consulente.
3155 3504 3510 3573 lnnocensus,
3535 3523 3568 3562 a
3592 3509 3745 3565 Petra

2168 3589 2616 3660 quadragesimus
2646 3594 2930 3663 secundus,
2961 3596 3177 3667 scripsit
3196 3599 3460 3666 quasdam
3495 3602 3746 3672 epistolas

2169 3681 2236 3735 ad
2277 3680 2559 3752 episcopos
2607 3683 2942 3739 diversarum
2986 3688 3426 3756 provinciarum,
3464 3692 3525 3746 in
3561 3694 3747 3763 quibus

2167 3774 2513 3832 continentur
2541 3776 2773 3846 capitula
2799 3777 3089 3833 decretalia
3112 3778 3200 3833 56.
3226 3779 3508 3849 Zonimus,
3537 3799 3573 3839 a
3599 3783 3743 3839 Petro

2169 3864 2614 3937 quadragesimus
2635 3868 2849 3933 tertius,
2876 3870 3093 3940 scripsit
3116 3873 3401 3941 epistolam
3425 3875 3755 3931 decretam

2168 3958 2234 4011 ad
2266 3957 2539 4013 Hesicium
2585 3957 2954 4015 Salonitanum
2996 3963 3304 4034 episcopum
3345 3966 3452 4022 sub
3477 3968 3746 4034 tribusca-

2167 4043 2352 4118 pitulis
2381 4058 2752 4121 pnenotatam.
2784 4050 3129 4118 thlestinus,
3153 4069 3184 4108 a
3211 4055 3374 4128 Petro
3399 4057 3744 4130 quadragesi-

2168 4157 2291 4196 mus
2323 4134 2562 4211 quintus,
2595 4142 2809 4212 scripsit
2844 4143 3125 4213 epistolam
3149 4145 3217 4200 ad
3249 4147 3552 4204 Venerium
3578 4161 3636 4205 et
3656 4165 3747 4204 ca:-

2169 4241 2314 4287 tcros
2354 4233 2647 4289 Galliarum
2690 4234 2989 4304 episcopos,
3042 4235 3097 4290 in
3144 4252 3250 4307 qua
3297 4246 3568 4296 tenentur
3616 4239 3750 4311 capi—

2169 4325 2281 4380 tula
2310 4324 2391 4378 l2.
2405 4325 2534 4390 Leo,
2551 4342 2579 4380 a
2597 4324 2757 4381 Petro
2777 4327 3218 4398 quadragesimus
3231 4331 3528 4402 septimus,
3544 4333 3749 4403 scripsit

2167 4418 2430 4489 quasdam
2465 4417 2719 4486 epistolas
2739 4405 2805 4472 ad
2826 4418 3160 4476 diversarum
3193 4423 3611 4490 provinciarum
3641 4422 3748 4494 epi-

485 4489 584 4544 Dei
613 4493 894 4562 tyrannica
927 4498 1276 4566 usurpatione
1312 4501 1563 4556 turbavit.
1615 4504 1853 4576 Denique
1889 4512 2063 4566 coacti
2090 4527 2142 4586 ι)
2168 4526 2380 4579 scopos,
2418 4511 2470 4565 in
2515 4509 2712 4579 quibus
2740 4511 3086 4567 continentur
3112 4489 3345 4582 capitula
3371 4513 3468 4571 29.
3496 4489 3752 4575 Hilarius,

486 4583 573 4638 vel
598 4591 744 4639 metu
769 4585 1054 4657 principis,
1079 4588 1164 4642 vel
1195 4587 1357 4645 Tauri
1379 4595 1688 4662 praesentia,
1725 4599 1810 4652 cui
1847 4613 2071 4655 exsecu-
2096 4583 2125 4586 ﬂ
2171 4617 2200 4655 a
2237 4602 2394 4657 Petro
2417 4600 2856 4672 quadragesimus
2882 4610 3126 4669 octavus,
3148 4605 3520 4678 prmsentibus
3548 4608 3749 4678 episco-

485 4675 563 4730 tio
597 4676 778 4733 taliter
816 4677 992 4735 fuerat
1031 4681 1292 4753 delegata,
1331 4693 1391 4738 ut
1423 4686 1468 4740 si
1498 4686 1671 4756 major
1695 4704 1823 4759 pars
1851 4694 2066 4750 concilii

486 4763 542 4849 iu
570 4766 891 4823 Arianorum
917 4769 1196 4840 perﬁdiam
1231 4776 1582 4840 consentiret,
1614 4778 1729 4847 ipse
1755 4783 2068 4842 consulatus

487 4855 718 4927 insignia
757 4870 1072 4926 mereretur,
1104 4866 1457 4930 pene'omnes
1484 4866 1580 4936 qui
1607 4867 1806 4924 ibidem
1849 4869 2067 4929 fuerunt

484 4947 722 5015 episcopi
762 4949 1216 5018 subscripserunt.
1253 4952 1361 5008 Sed
1397 4963 1585 5024 postea
1623 4957 1840 5025 iterum,
1887 4961 2066 5018 divino

487 5031 781 5118 inspirante
808 5040 1076 5107 prmsidin,
1105 5057 1262 5118 quam
1292 5043 1510 5114 plurimi
1540 5057 1760 5118 agentes
1794 5052 2063 5119 pteniten-

485 5123 659 5187 tiam,
685 5123 824 5182 datis
868 5144 1079 5200 quoque
1126 5131 1320 5190 libellis
1364 5136 1431 5190 ad
1477 5145 1719 5193 sanctam
1762 5139 2063 5198 Ecclesium

485 5215 828 5285 catholicam,
866 5221 931 5276 de
957 5239 1060 5293 qua
1095 5226 1215 5296 pius
1248 5231 1570 5286 necessitate
1598 5248 1762 5302 quam
1790 5235 2064 5295 voluntate

485 5307 864 5375 discesserant,
893 5315 1187 5372 redierunt.
1230 5318 1381 5375 Unde
1409 5329 1465 5376 et
1486 5323 1538 5377 in
1565 5331 1826 5381 teternum
1858 5329 1928 5383 ab
1953 5345 2064 5385 om-

483 5400 646 5457 nibus
687 5403 970 5460 catholicis
1010 5407 1340 5467 Ariminensi
1395 5416 1625 5471 concilio
1674 5426 1818 5474 recte
1867 5420 2063 5476 dicitur

553 5523 580 5584 ξι
605 5511 923 5584 Patrologiae
947 5523 1097 5571 tomo
1123 5519 1257 5584 LVI,
1284 5522 1388 5578 col.
1412 5524 1500 5578 11.
1525 5524 1685 5580 Enrr.

552 5583 583 5622 b
616 5581 686 5656 At
728 5581 998 5652 Sulpicius
1030 5587 1169 5642 Hist.
1211 5581 1354 5645 Eccl.
1389 5609 1495 5648 non
1522 5597 1702 5650 omnia
1727 5597 1843 5653 haec
1869 5601 2054 5656 tradit.

553 5664 588 5729 ξ,
619 5653 734 5709 Huc
753 5669 924 5729 usque
953 5657 1214 5729 dederunt
1236 5661 1534 5729 Ballerinii,
1557 5680 1624 5719 ex
1655 5667 1919 5724 Vaticano
1937 5653 2055 5726 cod.

481 5721 780 5803 indicantes
809 5721 1015 5803 reliqua
1058 5728 1222 5803 etiam
1259 5746 1379 5800 quae
1423 5721 1722 5803 sequuntur
1771 5721 2056 5797 incudem

481 5794 664 5852 codice
687 5794 1012 5870 continuari,
1041 5794 1292 5860 omisisse
1318 5794 1584 5863 tamen'se
1609 5807 1676 5862 ab
1701 5806 1766 5864 iis
1793 5794 2057 5869 επηοιέιὲ

2165 4692 2249 4760 pis
2295 4699 2352 4746 et
2389 4693 2721 4762 presbyteris
2768 4693 2860 4759 45,
2913 4695 3101 4750 statuit
3147 4695 3379 4764 capitula
3410 4701 3674 4769 synodica
3701 4698 3750 4752 6.

2165 4780 2336 4848 Felix,
2362 4798 2393 4836 a
2424 4782 2586 4839 Petro
2624 4785 3122 4856 quinquagesimus,
3150 4788 3520 4856 praesentibus
3543 4793 3752 4862 episco-

2163 4870 2269 4940 pis,
2307 4879 2362 4926 et
2385 4873 2718 4942 presbyteris
2755 4874 2846 4941 81,
2884 4875 3117 4944 capitula
3157 4893 3430 4933 canonum
3474 4882 3758 4936 constituit

2163 4962 2230 5016 27
2256 4978 2354 5032 pro
2383 4964 2731 5033 rebaptizatis
2757 4965 2812 5019 in
2838 4965 3021 5023 Africa
3049 4969 3339 5039 episcopis,
3394 4972 3754 5044 presbyteris,

2163 5061 2218 5107 et
2258 5055 2591 5109 diaconibus.
2624 5053 2889 5122 Gelasius,
2921 5073 2950 5112 a
2988 5059 3148 5115 Petro
3192 5061 3278 5126 15,
3323 5064 3572 5131 capitula
3599 5065 3670 5120 27
3695 5068 3758 5122 de

2165 5145 2423 5200 institutis
2446 5145 2846 5202 ecclesiasticis.
2868 5149 3204 5216 Anastasius,
3228 5168 3256 5206 a
3274 5152 3440 5209 Petro
3455 5154 3554 5221 5‘2,
3581 5158 3760 5228 capita

2164 5237 2454 5293 decretalia
2498 5238 2532 5293 8
2583 5237 2649 5293 ad
2669 5237 3015 5294 Anastasium
3047 5239 3350 5310 Augustum
3389 5257 3496 5312 pro
3523 5246 3763 5302 diversa

2163 5329 2416 5384 Ecclesiae
2460 5328 2660 5384 causis.
2687 5328 3072 5400 Symmachus,
3103 5348 3134 5387 a
3157 5333 3320 5388 Petro
3358 5335 3454 5400 55,
3497 5353 3616 5392 una
3635 5352 3758 5394 eum

2161 5423 2445 5494 episcopis,
2491 5422 2828 5494 presbyteris
2867 5433 2922 5480 et
2965 5425 3279 5482 diaconibus
3327 5430 3522 5485 statuit
3574 5432 3762 5509 capita

2161 5537 2355 5608 dis,_eo
2371 5538 2512 5608 quod
2536 5552 2663 5606 pars
2681 5551 2870 5608 eorum
2891 5537 3160 5608 vulgasset
3189 5538 3490 5599 Salmonin
3511 5551 3760 5600 tractat!

2161 5607 2223 5684 _de
2268 5606 2461 5684 Peligne
2495 5608 2586 5684 (his
2625 5606 2874 5684 cenciles,
2913 5606 3036 5684 pag.
3073 5611 3214 5684 mihi
3263 5611 3403 5684 177,
3446 5628 3581 5684 pars
3627 5629 3758 5669 vero

2151 5674 2263 5755 jam
2288 5677 2517 5755 dedisset
2540 5677 2841 5755 pacherius
2865 5674 3197 5755 in'Spicileg.
3223 5686 3357 5735 tom.
3383 5674 3424 5746 i,
3446 5674 3584 5755 pag.
3621 5683 3756 5750 ΞΝ,

2160 5747 2288 5803 edit.
2328 5747 2380 5801 in
2414 5746 2505 5803 fol.
2539 5747 2616 5802 Ex
2643 5755 2873 5818 utroque
2898 5746 3027 5821 ergo
3055 5746 3385 5807 hic‘dantur.
