3950 6312
541 301 604 356 10
615 298 678 358 ξεἺ

748 415 995 473 Canones.
1012 414 1343 477 Sardicensis
1370 417 1595 484 concilii,
1622 436 1767 474 num.
1795 420 1885 473 2i.

1588 305 1719 361 ANG
1728 304 2029 365 ELRAMNI
2063 305 2402 367 METENSIS
2435 308 2740 369 EPISCOPI

2128 423 2179 481 Α
2275 423 2415 479 XXI.
2457 426 2527 483 Ut
2552 428 2788 498 episcopi
2832 442 2863 481 a
2910 430 3037 485 sede
3079 428 3415 505 suaexpulsi
3458 445 3575 485 non
3614 433 3777 517 prolis

3647 310 3775 375 1048

604 531 651 585 I.
687 529 759 586 Ut
787 529 1069 599 episcopus
1091 530 1227 585 laica
1249 514 1625 587 communione
1652 532 1912 602 privetur,
1971 533 2104 589 side
2144 524 2147 527 ’
2204 511 2433 567 beam"
2452 514 2507 569 in
2536 515 2707 573 aliena
2747 518 2985 574 (δίνίωιθο

534 637 629 677 sua
659 621 876 676 civitate
901 620 958 679 in
980 619 1143 675 aliam
1193 621 1676 691 transmigraverit.

2274 602 2462 669 Omnis
2498 608 2732 681 synodus
2763 608 2901 666 dixit
2932 627 2944 663 :
2978 609 3244 667 Universa
3299 625 3428 681 quae
3489 611 3769 667 constituta

602 709 665 765 ﬂ.
706 710 777 767 Ut
832 710 1116 781 episcopus
1170 724 1270 765 nec
1321 709 1512 765 laicam
1559 711 1993 769 communionem
2045 712 2121 775 in.
2203 700 2325 747 sunt
2350 694 2610 751 catholica
2635 697 2874 754 Ecclesia
2918 699 2974 755 in
3018 701 3290 759 totoorbe
3313 701 3620 757 custodiat.

530 801 636 855 line
660 800 902 873 recipiat,
941 801 987 856 si
1017 801 1195 856 sedem
1221 801 1507 855 mutaverit
1536 816 1633 872 per
1660 802 2032 858 ambitionem.

2268 782 2335 843 Et
2366 786 2796 859 subscripserunt
2819 789 3055 859 episcopi
3094 789 3443 847 diversarum
3478 791 3763 861 provintia-

600 892 684 946 III.
728 892 798 948 Ut
819 892 965 947 inter
983 891 1261 947 discordes
1293 892 1577 961 episcopos
1616 893 2097 964 comprovinciales
2198 888 2316 964 ΠΨ]
2332 890 2557 931 "umero
2576 894 2679 938 LL.

527 970 762 1053 episcopi
792 981 1028 1037 audiant.
1056 980 1208 1049 Quod
1232 982 1277 1036 si
1301 983 1584 1038 damnatus
1609 984 1954 1059 appellaverit
1984 983 2090 1041 Ro-

528 1089 744 1131 manum
773 1072 1123 1144 pontiﬁcem,
1154 1073 1210 1129 id
1249 1074 1643 1136 observandum
1677 1086 1762 1130 est
1812 1076 1954 1146 quod
1968 1075 2090 1147 ipse

525 1172 818 1317 “$83:
839 1255 1016 1313 nullus
1077 1256 1394 1334 appellantis
1434 1257 1681 1328 episcopi
1714 1259 1896 1314 semm
1924 1272 2084 1314 usur-

518 1363 650 1420 pare
675 1356 984 1420 praesumat.

513 1412 543 1505 ξ
593 1412 765 1475 \l.'Ut
802 1419 859 1473 in
912 1419 1194 1495 provincia.
1232 1419 1337 1479 ubi.
1360 1436 1500 1479 unus
1543 1428 1753 1477 tantum
1795 1421 2080 1497 episcopus

518 1510 862 1579 remanserit,
909 1526 1010 1567 nec
1056 1513 1558 1581 comprovincialem
1616 1514 1722 1569 sibi
1771 1515 2082 1585 episcopum

515 1600 770 1657 ordinare
825 1601 1074 1668 voluerit,
1130 1603 1369 1672 episcopi
1429 1604 1652 1660 alterius
1708 1607 1997 1675 provinciae
2049 1622 2083 1663 a

499 1692 849 1762 presbyteris
872 1693 1047 1751 vocati
1076 1693 1329 1748 ordinent
1355 1694 1687 1766 episcopum,
1742 1696 1955 1752 etiamsi
1984 1696 2075 1752 ille

2266 963 2424 1021 Osius
2450 981 2482 1020 a
2510 965 3139 1037 Spania,Cordubensis.

2263 1053 2576 1112 Vincentius
2625 1058 2692 1114 de
2739 1057 2942 1130 Capua,
3005 1061 3215 1132 legatus
3268 1067 3483 1123 sanctas
3531 1059 3764 1118 Romam

2193 1142 2477 1205 Ecclesiae.
2840 1132 2845 1136 ’

2260 1234 2544 1293 Ianuarius
2572 1238 2638 1295 de
2661 1240 3037 1301 Beneventano
3058 1248 3090 1313 ',,
3112 1242 3324 1314 legatus
3348 1250 3567 1298 sanctzc
3592 1240 3762 1295 Roma-

2191 1340 2275 1379 nte
2295 1325 2571 1383 Ecclesiae.

2259 1415 2566 1475 Calinodius
2603 1419 3005 1502 Neapolitanus,
3067 1425 3279 1501 legatus
3313 1433 3529 1490 sancta:
3585 1425 3762 1487 Roma—

2189 1522 2273 1561 na:
2294 1507 2569 1565 Ecclesiae.

2254 1599 2586 1659 Athanasius
2613 1604 2678 1660 de
2710 1605 3079 1671 Alexandria.

2256 1689 2539 1748 Marcellus
2560 1709 2591 1748 a
2615 1694 2945 1765 Macedonia,
2970 1700 3037 1755 de
3072 1700 3355 1772 Ancyra...

515 1782 664 1839 solus
690 1784 781 1852 qui
809 1784 1070 1839 remansit
1094 1791 1217 1855 post
1239 1784 1661 1841 admonitionem
1688 1787 1767 1842 eis
1796 1787 2081 1857 cooperari
2110 1777 2161 1839 B
2255 1780 2582 1854 Protogenes
2600 1800 2667 1840 ex
2696 1787 2919 1856 Achaia,
2943 1790 3009 1847 de
3039 1791 3289 1848 Sardica.

513 1874 769 1930 noluerit.

584 1965 672 2027 VI.
710 1964 790 2021 Ne
818 1966 1101 2038 episcopus
1126 1967 1406 2025 ordinetur
1429 1970 1486 2027 in
1514 1969 1673 2036 vicis,
1699 1985 1785 2025 vet
1822 1971 1877 2026 in
1906 1972 2081 2033 modi-

512 2055 591 2111 cis
613 2055 957 2120 civitatibus.

580 2145 692 2202 VII.
730 2146 883 2214 Quod
936 2147 1282 2218 provincialis
1308 2150 1544 2221 synodus
1576 2165 1679 2222 per
1701 2151 1932 2208 vicarius
1967 2152 2079 2211 Ru-

509 2239 659 2295 mani
688 2240 958 2310 pontiﬁcis
977 2243 1262 2299 retractari
1282 2243 1474 2314 possit,
1518 2238 1580 2300 'si
1626 2245 1740 2315 ipse
1773 2245 1849 2299 ita
1895 2244 2081 2300 deero»

508 2329 673 2385 verit.

578 2425 713 2481 VIII.
753 2424 825 2483 Ut
847 2426 1082 2497 episcopi
1110 2427 1178 2483 ad
1212 2426 1526 2485 comitatum
1556 2442 1664 2483 non
1693 2427 1918 2493 vadant,
1972 2427 2076 2482 ιιιεί

472 2537 478 2543 ο
507 2518 576 2572 ab
615 2516 942 2587 imperatore
964 2518 1163 2586 vocati,
1214 2525 1309 2573 aut
1342 2519 1755 2574 necessitatibus
1792 2533 2080 2598 oppresso-

507 2623 629 2669 rum
658 2608 993 2676 subventuri.

573 2695 673 2751 IX.
708 2696 780 2753 Ut
819 2697 1055 2768 episcopi
1100 2696 1354 2753 diaconos
1377 2712 1506 2754 suos
1532 2700 1600 2755 ad
1645 2698 1962 2754 comitatum
1992 2699 2077 2760 di-

506 2786 704 2856 rigant.

573 2874 645 2930 X.
695 2874 766 2932 Ut
789 2890 926 2946 papa
960 2877 1213 2933 diaconos
1247 2876 1473 2935 Romam
1524 2879 1591 2934 ad
1639 2880 1952 2935 comitatum
1986 2896 2073 2937 ve-

505 2969 731 3031 nientes,
759 2965 984 3021 sollicite
1005 2967 1287 3037 discutiat,
1306 2969 1351 3025 si
1371 2966 1571 3039 justam
1599 2985 1815 3025 causam
1843 2971 2070 3037 venien—

505 3056 557 3115 di
591 3055 844 3111 habeant.

2257 1873 2592 1931 Gaudentius
2618 1892 2682 1932 ex
2709 1878 2892 1946 Dacia,
2922 1882 2989 1937 de
3007 1881 3194 1940 Naiso.

2258 1963 2519 2022 Similiter
2546 1975 2600 2023 et
2622 1968 2816 2040 reliqui
2868 1972 3041 2033 multi.

2512 2058 2749 2117 Cananes
2776 2060 3201 2139 Carthaginiensis
3224 2070 3473 2126 concilii.
3651 2133 3663 2149 δ

2252 2146 2382 2203 Post
2418 2136 2756 2206 Consulatum
2799 2136 3024 2209 Honorii
3069 2164 3126 2210 et
3158 2157 3466 2217 Theodosii
3510 2136 3749 2236 Augusto-

2181 2252 2324 2303 rum,
2352 2254 2453 2292 vm
2477 2239 2971 2309 KalendasJunias,
2998 2244 3353 2318 Carthagine,
3384 2252 3444 2306 in
3470 2258 3740 2311 secretario

2181 2328 2419 2385 basilica:
2455 2330 2662 2395 Fausti,
2711 2349 2833 2388 cum
2858 2328 3107 2392 Aurelius
3140 2353 3279 2410 papa
3334 2359 3447 2397 una
3482 2348 3742 2417 cumlegav

2181 2418 2251 2475 tis
2276 2419 2531 2476 Romanae
2556 2422 2811 2481 Ecclesiae
2831 2424 3094 2487 Faustino
3115 2431 3375 2503 episcopo
3399 2437 3646 2494 ecclesia
3661 2439 3743 2494 Po-

2182 2511 2401 2567 tentinte
2426 2513 2716 2583 provinciae
2744 2516 2912 2573 Itanite
2938 2516 3144 2585 Piceni,
3168 2530 3225 2577 et
3248 2522 3519 2598 Philippo
3556 2530 3746 2586 etAseI-

2178 2601 2231 2657 lo
2273 2604 2624 2683 presbyteris,
2677 2621 2780 2662 nec
2824 2624 2932 2664 non
2990 2626 3112 2665 cum
3174 2612 3524 2685 Augustinus
3571 2620 3745 2691 Hippo-

2178 2694 2362 2755 nensis
2394 2696 2700 2767 episcopus,
2744 2706 2799 2753 et
2846 2700 3036 2782 reliqui
3072 2718 3249 2759 ccxvu
3300 2707 3547 2783 episcopi
3576 2727 3745 2766 conse-

2178 2785 2403 2853 dissent,
2469 2789 2710 2858 primum
2765 2793 2994 2849 recitato
3031 2799 3451 2855 commonitorio
3491 2805 3633 2871 quod
3656 2804 3746 2857 Ze-

2178 2875 2348 2932 simus
2376 2893 2515 2947 papa
2563 2879 2629 2934 ad
2684 2883 2977 2949 praedictos
3033 2884 3241 2956 legatos
3299 2891 3519 2957 direxit,
3566 2896 3747 2949 deinde

2178 2967 2339 3022 etiam
2376 2985 2447 3023 xx
2473 2971 2720 3041 capitulis
2761 2972 2960 3031 Nicmni
2982 2978 3199 3033 concilii
3230 2982 3491 3045 recitatis,
3554 2993 3609 3037 ut
3652 3002 3746 3040 su-

2176 3062 2357 3129 perius
2403 3063 2674 3134 descripta
2698 3052 3067 3125 'inveniuntur
3095 3082 3147 3137 ο,
3201 3076 3464 3129 communi
3513 3076 3733 3133 decreto

570 3145 662 3200 XI.
704 3145 775 3203 Ut
797 3147 1031 3223 episcopi
1069 3148 1348 3221 episcopos
1412 3151 1480 3206 ad
1517 3151 1832 3214 comitatum
1875 3160 2058 3209 trans-
2092 3137 2143 3203 C
2171 3159 2475 3208 statuerunt
2498 3156 2673 3224 capita
2694 3170 2877 3212 xxxvn
2902 3173 3023 3228 quas
3067 3161 3476 3232 subsequuntur.

499 3248 711 3302 euntes.
747 3240 977 3298 sollicite
1025 3242 1336 3310 discutiant,
1384 3258 1452 3304 ne
1487 3259 1587 3314 pro
1626 3244 1920 3308 ambitione
1966 3260 2066 3300 va-

498 3332 650 3387 dant.

564 3422 678 3477 XII.
718 3422 791 3479 Ut
820 3422 1057 3494 episcopi
1083 3424 1167 3480 ab.
1186 3424 1308 3480 aliis
1334 3425 1689 3491 instruantur,
1738 3425 1785 3482 si
1821 3429 2058 3484 nondum

496 3516 751 3586 synodica
772 3524 973 3571 statuta
1004 3526 1291 3573 noverunt.

563 3606 697 3661 XIII.
741 3607 810 3663 Ut
827 3623 893 3663 ex
917 3608 1067 3664 laicis
1087 3625 1191 3665 non
1217 3609 1349 3665 ﬁant
1377 3611 1630 3682 episcopi;
1659 3625 1685 3653 ει
1716 3611 2059 3684 presbyteri,

490 3693 575 3748 vel
594 3694 825 3758 diaconi,
855 3703 1039 3763 utpote
1061 3712 1156 3765 per
1184 3695 1502 3759 inferiores.

560 3785 702 3841 XIV.
743 3785 822 3841 Ne
845 3787 1079 3855 episcopi
1123 3788 1263 3842 ultra
1287 3799 1400 3855 tres
1439 3792 1777 3860 septimanos.
1803 3793 1857 3847 in
1885 3792 2063 3847 aliena

496 3873 717 3928 civitate
775 3883 1076 3942 morentur,
1125 3879 1378 3946 quoniam
1419 3880 1541 3935 laici
1605 3888 1756 3937 tanto
1812 3890 2058 3951 tempore

490 3971 827 4023 conventum,
867 3966 1108 4023 ecclesia:
1151 3968 1483 4040 negligentes
1511 3980 1647 4035 sunt
1681 3973 2053 4029 excommuni-

488 4057 670 4113 candi.

557 4147 674 4204 XV.
713 4147 793 4205 Ne
812 4149 1095 4218 episcopus
1123 4164 1155 4206 a
1194 4151 1546 4208 suaeeclesia
1577 4153 1706 4223 plus
1725 4157 2054 4226 quamduas

485 4239 855 4301 hebdomadas
882 4238 1045 4294 absit.

556 4352 695 4408 XVI.
738 4351 809 4408 Ut
834 4351 1063 4408 clericus
1087 4367 1119 4407 a
1151 4368 1249 4410 suo
1272 4355 2050 4429 episcopoexcommunicatus

482 4459 592 4500 non
619 4443 911 4513 recipiatur
939 4446 1007 4501 ab
1031 4446 1158 4502 alio.

554 4555 714 4626 XVII.
758 4556 837 4614 Ut.
852 4558 1105 4617 clericum
1124 4561 1237 4619 sive
1257 4559 1425 4632 iuste,
1449 4564 1561 4619 sive
1592 4563 1813 4635 iniuste,
1843 4569 1916 4624 ab
1937 4556 2056 4641 epi-

482 4660 646 4717 scopo
698 4661 797 4704 suo
839 4652 1361 4707 excommunicatum
1409 4652 1629 4711 ﬁnitimi
1670 4658 1908 4728 episcopi
1957 4678 2054 4716 au-

484 4736 672 4805 diant;
707 4738 752 4793 si
776 4745 900 4795 ante
932 4742 1558 4811 excommunicationem,
1587 4746 1735 4802 nullo
1779 4751 1939 4806 modo
1959 4768 2054 4816 ex-

481 4828 883 4884 communicent
908 4837 1019 4886 tam
1043 4830 1136 4886 diu
1168 4834 1367 4888 morari
1392 4833 1443 4887 ι’.

551 4939 734 4995 XVIII.
776 4941 849 4998 Ut
883 4943 1060 4999 nullus
1099 4945 1380 5017 episcopus
1407 4947 1641 5006 alienum
1688 4952 1947 5010 clericum
1992 4957 2049 5012 in

482 5030 734 5100 parocbia
755 5046 848 5090 sua
876 5035 1105 5091 ordinet.

551 5118 695 5175 XIX.
736 5120 809 5177 Ut
855 5125 1123 5187 ordinatio
1167 5128 1331 5189 alieni
1375 5131 1559 5189 clerici
1605 5135 1724 5191 sine
1774 5150 2045 5197 consensu

479 5209 683 5279 proprii
709 5212 943 5283 episcopi
977 5217 1129 5273 irrita
1147 5219 1249 5277 sit.

2240 3244 2280 3300 I'.
2324 3245 2396 3302 Ut
2429 3253 2639 3301 statuta
2668 3245 2870 3305 Nicaeni
2912 3251 3127 3306 concilii
3168 3255 3491 3313 omnimodis
3526 3272 3744 3314 conser-

2168 3344 2380 3391 ventur.

2238 3428 2301 3482 lI.
2355 3428 2427 3485 Ut
2453 3438 2642 3485 sancta
2668 3431 2908 3488 Trinitas
2927 3434 3126 3505 populo
3166 3436 3265 3493 Dei
3288 3439 3636 3508 praedicetur.

2235 3517 2321 3572 III.
2371 3517 2444 3573 Ut
2466 3519 2653 3574 altaris
2683 3520 2916 3589 ministri
2936 3537 2997 3579 se
3020 3526 3244 3580 omnino
3259 3530 3582 3584 contineant
3598 3530 3741 3600 juxta

2165 3610 2528 3679 apostolorum
2558 3612 2880 3667 doctrinam.

2232 3700 2320 3755 IV.
2380 3701 2469 3757 Uti
2500 3702 2789 3772 apropriis
2823 3704 3084 3769 uxoribus
3123 3720 3199 3760 se,
3234 3708 3557 3769 abstineant
3596 3712 3742 3768 mini-

2166 3795 2265 3847 stri
2299 3792 2506 3849 altaris.

2236 3880 2301 3935 V.
2332 3880 2403 3936 Ut
2429 3896 2459 3934 a
2490 3880 2704 3937 clericis
2725 3882 2939 3952 penitus
2963 3883 3191 3940 avaritia
3211 3885 3441 3956 vitetur,
3474 3906 3580 3946 nec
3602 3890 3745 3945 lenus

2164 3973 2230 4031 de.
2253 3973 2491 4042 qualibet
2520 3988 2577 4027 re
2605 3975 2933 4047 accipiatur.
3352 3979 3358 3984 ’

2234 4064 2319 4118 VI.
2360 4064 2439 4119 Ne
2459 4065 2766 4121 chrismatis
2785 4066 3076 4135 confectio,
3117 4070 3201 4126 vel
3223 4071 3536 4141 puellarum
3562 4091 3735 4131 causa

2162 4156 2332 4211 cratio
2356 4196 2387 4221 ,ν
2424 4156 2508 4210 vel
2551 4158 2764 4228 publica
2794 4159 3175 4227 pmnitentium
3220 4164 3610 4221 reconciliatio
3647 4166 3741 4219 ullo

2164 4247 2324 4307 modo
2358 4245 2503 4309 Iiata
2529 4248 2895 4325 prtesbytero.

2231 4338 2342 4394 VII.
2382 4338 2537 4406 Quod
2557 4341 2612 4395 in
2638 4341 2878 4409 periculo
2903 4344 3066 4411 positi
3099 4346 3487 4417 apresbytero
3537 4350 3739 4419 possint

2163 4430 2520 4496 reconciliari,
2549 4431 2594 4487 si
2614 4440 2797 4486 tamen
2831 4434 3151 4502 praeceperit
3166 4434 3485 4505 episcopus.

2086 4493 2142 4554 Β
2240 4522 2365 4578 VIII.
2402 4493 2553 4590 Quod
2603 4493 2880 4580 criminosi
2928 4493 3492 4595 moueant-accusare
3536 4531 3746 4601 episco-

2160 4627 2289 4682 pos,
2311 4628 2489 4683 neque
2524 4612 2759 4683 majores
2784 4623 2937 4669 natu.

2229 4705 2317 4770 1X.
2360 4705 2432 4760 Ut
2458 4705 2763 4776 episcopus,
2804 4708 2888 4762 vel
2908 4708 3191 4778 presbyter
3214 4713 3743 4776 emommunicetut,

2158 4794 2203 4849 si
2225 4795 2447 4850 alterius
2481 4796 2717 4866 episcopi
2754 4798 3277 4867 excommunicatum
3304 4799 3361 4867 in
3396 4804 3744 4867 communio-

2157 4901 2281 4946 nem
2305 4886 2527 4956 recepit.
2684 4868 2693 4877 ”

2225 4976 2293 5035 X.
2331 4975 2403 5033 Ut
2428 4978 2745 5049 presbyter.
2788 4978 2836 5034 si
2877 4986 3067 5035 contra
3094 4979 3409 5050 episcopum
3450 4998 3615 5040 suum
3660 4986 3742 5043 in.-

2154 5070 2314 5126 na‘tus
2340 5072 2574 5126 schisma
2603 5072 2809 5139 fecerit,
2838 5076 3124 5131 anathema
3143 5077 3235 5132 sit.

2212 5163 2312 5218 .Xl.
2355 5165 2426 5221 Ut
2451 5166 2732 5237 episcopus
2746 5167 2947 5238 absque
2975 5170 3163 5240 synodi
3186 5178 3435 5251 tempore
3470 5176 3528 5231 in
3553 5178 3715 5245 crimi

2152 5271 2220 5310 ne
2248 5256 2495 5312 detentus
2520 5255 2582 5316 d.

550 5299 670 5356 XX.
713 5302 786 5360 Ut
803 5307 1100 5376 presbyteri
1124 5318 1278 5364 extra
1300 5325 1453 5367 suam
1472 5315 1910 5383 parochiamnon
1929 5319 2052 5392 plus

554 5347 670 5356 -.η--
720 5347 786 5360 ν-
803 5347 859 5373 ιι.
871 5347 986 5376 νυνι
1001 5347 1100 5363 ιν..
1125 5347 1233 5364 wu-
1247 5347 1278 5364 «ι
1301 5347 1453 5367 ουαιιι
1473 5347 1560 5383 μαι
1572 5347 1910 5379 υωιαιιι,ιιυιι
1932 5347 2052 5392 plus

479 5406 649 5463 quam
674 5408 736 5448 ιιι
756 5394 1083 5465 septimanas
1109 5398 1479 5460 demorentur.

2222 5347 2337 5401 XII.
2375 5347 2756 5429 Utepiscopus
2783 5364 2891 5404 non
2925 5366 2956 5404 a
2991 5351 3340 5422 paucioribus
3362 5370 3534 5425 quam
3558 5359 3742 5416 tribus
3794 5420 3803 5465 ἰ

2211 5438 2435 5465 μη...-

2151 5438 2452 5494 ordinetur.
3796 5434 3813 5479 ⁸

2151 5558 2248 5674 ne
2284 5547 2403 5604 Non
2430 5554 2644 5604 exstant
2669 5549 2730 5605 in
2772 5549 2876 5606 hac
2893 5551 3144 5620 epitome,
3180 5554 3310 5613 hinc
3347 5558 3571 5619 videtur
3613 5530 3751 5619 Inus-

2177 5636 2272 5674 na.

2177 5636 2272 5674 lla.

2217 5688 2423 5767 dAAdde
2443 5705 2509 5745 ex
2536 5689 2957 5767 codice_Canon_._
2973 5693 3166 5750 eccles.
3196 5695 3495 5767 Africanae,
3537 5720 3575 5757 α
3596 5702 3749 5761 duo-

2124 5761 2313 5816 'dccim
2335 5762 2586 5834 episcopis
2609 5762 2876 5819 audiatur.
2912 5763 3084 5819 Hann.

552 5541 582 5571 ι
619 5526 981 5653 δυρὲιθιιᾲιιιιι
1002 5545 1035 5587 e
1056 5530 1233 5593 Gnaei
1251 5540 1473 5599 canonis
1498 5554 1659 5598 sensu
1681 5544 1784 5599 nisi
1809 5562 1902 5616 per
1927 5564 2050 5619 gra-

552 5614 580 5653 8
603 5615 717 5653 ures
754 5608 905 5653 uteri.
933 5609 1039 5653 ειη.

480 5597 580 5671 dus
602 5597 905 5671 presﬁyteri,
933 5609 1041 5657 etc.

552 5669 580 5709 ι)
604 5668 1106 5756 “.Ιλοοιιξ·91)εοιιι·ιιε.
1144 5673 1277 5731 Vide
1314 5693 1435 5735 can.
1487 5681 1553 5737 I7
1596 5683 1652 5740 in
1702 5683 1817 5756 ipso
1862 5685 2047 5747 Sardi-

482 5741 627 5797 ccnsi
653 5742 898 5801 concilio.
