3950 6312
127 320 274 384 1049

1373 311 1750 374 COLLECTIO
1782 310 2145 373 CANONUM.

3239 311 3376 368 I050

197 432 339 488 XIII.
378 431 436 486 Si
471 431 596 502 quis
627 438 816 488 contra
839 429 1230 501 prokssionem
1257 445 1432 496 suam,
1453 430 1538 483 vel
1571 429 1696 483 sub—
1723 422 1782 485 Α
1872 425 2060 482 XXVI.
2123 428 2179 482 Si
2219 429 2340 498 quis
2381 427 2666 499 episcopus
2701 441 2790 482 res
2826 425 3068 483 ecclesia
3109 443 3219 483 sua
3258 429 3377 483 sine

124 522 484 593 scriptionem
503 519 731 588 venerit,
768 519 882 590 ipse
916 535 975 576 se
1004 532 1030 560 ι
1057 520 1260 574 honore
1287 520 1567 588 episcopus
1609 532 1704 570 au-

122 615 340 676 diatur.

118 749 128 764 .
199 703 346 761 XIV.
384 703 455 760 Ut
475 703 616 774 apud
649 701 910 772 Tripolim
952 702 1236 776 presbyter
1273 714 1305 754 a
1343 699 1579 769 quinque
1607 713 1705 752 au-

123 797 316 853 diatur
341 796 624 867 episcopis,
675 803 730 851 et
783 793 1041 849 diaconus
1080 808 1112 848 a
1138 792 1309 848 tribus
1337 800 1557 862 propter
1585 791 1706 845 ino-

120 889 279 959 piam
301 887 612 958 provincia.

200 981 325 1037 XV.
366 979 438 1036 Ut
459 978 642 1034 clerici
691 977 831 1048 apud
865 975 1154 1032 ecclesiam
1183 973 1508 1028 incriminati
1537 971 1707 1026 eccle-

123 1071 688 1142 siasticumjudicium
712 1087 817 1125 non
842 1069 1097 1124 abnuant.
1119 1068 1188 1122 Et
1212 1075 1270 1121 ut
1296 1065 1570 1135 judicibus
1618 1079 1707 1118 ec-

124 1167 454 1224 clesiasticis
475 1165 549 1219 nil
586 1165 747 1227 obsit,
803 1163 850 1218 si
893 1178 1082 1218 eorum
1125 1160 1390 1216 sententia
1443 1159 1702 1219 solvatur,

124 1272 256 1311 cum
286 1255 351 1309 ab
392 1254 497 1308 illis
522 1253 589 1307 ad
619 1253 751 1307 alios
795 1250 1190 1307 ecclesiasticos
1231 1249 1440 1319 judices
1486 1246 1707 1316 majoris

125 1345 475 1402 auctoritatis
511 1350 860 1414 provocatum
902 1339 1086 1405 fuerit,
1144 1341 1191 1396 si
1239 1351 1418 1394 tamen
1457 1336 1708 1393 convinci

126 1455 239 1492 non
293 1436 544 1506 poterint,
595 1434 740 1503 quod
773 1433 954 1503 aliqua
985 1432 1275 1501 cupiditate
1310 1429 1585 1499 depravati
1632 1429 1707 1482 ita
1738 1493 1756 1509 ρ

117 1527 480 1597 judicassent.
528 1524 658 1579 Item
699 1531 758 1577 ut
803 1538 835 1576 a
871 1521 1145 1591 judicibus
1171 1535 1439 1575 consensu
1471 1517 1705 1589 partium

125 1620 322 1674 electis
375 1633 483 1674 non
531 1623 874 1688 provocetur.
933 1614 1068 1672 Item
1116 1629 1184 1669 ne
1242 1613 1336 1670 ﬁlii
1367 1611 1709 1668 sacerdotum

126 1711 429 1775 exhibeant
458 1706 738 1762 sacularia
771 1704 1075 1776 spectacula
1111 1703 1195 1758 vel
1221 1709 1534 1774 exspectent
1557 1701 1608 1767 ὶ),
1648 1707 1710 1754 ut

127 1801 226 1857 ubi
254 1797 599 1868 blasphemia:
623 1795 774 1862 ﬁunt,
804 1811 913 1850 non
945 1793 1224 1849 accedant.

205 1891 346 1946 XVI.
384 1888 462 1943 Ne
499 1887 689 1943 clerici
728 1886 838 1941 sint
882 1885 1238 1940 conductores
1267 1881 1350 1936 vel
1392 1888 1709 1952 procurato-

128 2001 254 2048 res,
301 1998 402 2038 nec
442 1981 552 2036 ullo
595 1981 741 2050 turpi
785 1978 998 2049 negotio
1044 1977 1246 2032 victum
1273 1981 1532 2045 quaram.
1574 1975 1708 2029 Item

126 2087 196 2132 ut
236 2076 466 2132 lectores
501 2082 594 2128 aut
634 2080 900 2143 cogantur
937 2073 1134 2126 dueere
1176 2084 1392 2133 uxores,
1432 2075 1524 2121 aut
1547 2065 1710 2136 proﬁ-

128 2177 354 2224 teantur
390 2165 793 2222 continentiam.
834 2163 967 2218 Item
1009 2169 1070 2216 ut
1104 2161 1332 2216 clericus
1363 2159 1710 2214 commodans

125 2259 424 2332 pecuniam
463 2264 668 2310 tantum
711 2254 938 2324 recipiat
986 2261 1246 2322 quantum
1279 2249 1445 2304 dedit.
1490 2249 1623 2304 Item
1651 2255 1712 2302 ut

125 2361 267 2419 ante
293 2349 607 2422 vigesimum
641 2347 889 2417 quintum
933 2360 1133 2400 annum
1178 2359 1282 2399 nec
1307 2341 1520 2398 diaconi
1566 2340 1712 2396 ordi-

125 2453 359 2504 nentur,
389 2457 491 2497 nec
522 2441 756 2510 virgines
785 2444 1188 2493 consecrentur.

205 2536 370 2590 XVII.
417 2534 487 2590 Ut
528 2545 864 2602 unaquaque
906 2529 1183 2599 provincia
1223 2535 1445 2598 propter
1497 2525 1710 2597 longin-

127 2631 401 2699 quitatem
426 2627 714 2698 primatum
739 2623 1068 2696 [primatem]
1091 2623 1285 2678 habeat
1307 2620 1603 2692 pmprium.

205 2720 392 2787 XVIII.
434 2718 506 2774 Ut
539 2717 753 2773 clericis
777 2717 846 2771 ab
873 2714 1274 2770 ordinatorihus
1319 2713 1432 2769 suis
1475 2727 1714 2769 canones

131 2813 494 2868 iuculccntur.

213 2916 234 2941 ε
280 2903 419 2970 XIX.
460 2901 532 2958 Ut
563 2900 793 2968 mortuis
818 2914 918 2956 nec
944 2898 1271 2958 eucharistia
1297 2913 1397 2953 nec
1415 2896 1715 2968 baptismus

129 3000 321 3054 detur.

212 3091 285 3159 [ft
345 3088 620 3150 annuatim
693 3085 979 3143 concilium
1033 3083 1375 3146 celebretur,
1443 3080 1512 3135 ad
1565 3077 1709 3148 quod
1743 3114 1791 3178 Ο

134 3180 478 3251 singularum
521 3177 918 3248 provinciarum
952 3175 1114 3244 legati
1161 3173 1479 3242 dirigantur.
1519 3171 1590 3226 Ut
1617 3185 1717 3224 nec

135 3280 429 3330 accusatus
466 3270 768 3340 episcopus,
812 3281 912 3321 nec
937 3273 1217 3321 accusator
1257 3262 1394 3332 ejus,
1421 3278 1454 3316 a
1481 3277 1722 3318 commu-

136 3363 308 3417 nione
336 3361 715 3431 suspendatur,
764 3358 865 3412 nisi
894 3356 961 3411 ad
996 3370 1212 3410 causam
1259 3369 1410 3409 suam
1437 3352 1720 3407 dicendam

140 3455 446 3508 electorum
489 3449 730 3518 judicum
777 3448 862 3502 die
897 3454 1096 3501 statuta
1136 3458 1420 3499 occurrere
1462 3441 1716 3496 noluerit.

139 3544 219 3604 Ut
245 3543 528 3614 episcopus
559 3555 664 3594 non
693 3537 1096 3593 communicatis
1128 3548 1230 3590 nec
1258 3535 1313 3588 in
1355 3550 1452 3588 sua
1497 3531 1722 3587 ecclesia

140 3632 531 3690 communicet.
575 3630 647 3686 Ut
691 3643 919 3700 persona
962 3625 1312 3689 accusatoris,
1359 3625 1404 3679 si
1445 3619 1722 3702 culpabilis

140 3729 386 3794 videtur,
431 3724 499 3779 ad
548 3721 878 3793 arguendum
925 3736 1033 3776 non
1076 3719 1409 3783 admittatur,
1455 3715 1561 3771 nisi
1601 3730 1724 3785 pro-

141 3818 299 3889 prias
341 3831 552 3880 causas,
606 3830 714 3870 non
767 3821 948 3868 tamen
995 3811 1394 3868 ecclesiasticas
1418 3849 1433 3875 ,
1483 3821 1724 3863 asserere

142 3908 409 3975 voluerit.

223 3999 347 4054 XX.
388 3997 457 4053 Ut
479 4005 762 4052 accusatus
785 3995 1086 4066 presbyter,
1117 3991 1200 4047 vel
1229 3992 1511 4056 diaconus,
1543 3988 1724 4043 discu-

142 4095 364 4160 tiantur
387 4091 453 4144 ab
482 4089 753 4161 episcopo,
784 4085 1050 4154 adjunctis
1091 4093 1294 4154 septem
1337 4084 1390 4137 in
1426 4077 1726 4153 presbyteri

143 4181 397 4244 nomine,
441 4187 495 4234 et
534 4179 705 4234 tribus
739 4178 794 4232 in
838 4175 1048 4231 diaconi
1073 4175 1306 4238 nomine,
1336 4187 1471 4242 quos
1501 4169 1602 4240 ipsi
1639 4182 1728 4238 pe-

144 4277 381 4331 tierunt.
406 4271 749 4341 Reliquorum
775 4269 1096 4324 clericorum
1125 4281 1318 4322 causas
1342 4265 1486 4320 solus
1515 4263 1727 4334 episco-

144 4386 256 4440 pus
287 4366 388 4421 loci
410 4369 697 4437 cognoscat
721 4369 776 4417 et
801 4362 988 4424 ﬁniat.,

169 4444 172 4446 ’
227 4457 372 4513 XXI.
412 4456 484 4512 Ut
528 4455 624 4509 ﬁlii
670 4452 988 4508 clericorum
1032 4447 1278 4520 paganis,
1305 4444 1594 4510 haereticis,
1644 4440 1727 4496 vel

147 4548 520 4618 scliismaticis
545 4548 600 4602 in
629 4544 972 4601 matrimonio
1002 4557 1109 4597 non
1129 4539 1444 4610 jungantur.

229 4641 396 4713 XXII.
439 4639 511 4696 Ut
555 4636 740 4692 clerici
787 4637 840 4692 in
881 4649 974 4689 eos
1018 4633 1112 4703 qui
1155 4627 1402 4686 catholici
1443 4640 1548 4681 non
1589 4630 1732 4688 sunt,

147 4736 295 4793 nihil
325 4749 419 4804 per
448 4730 765 4786 donationes
790 4740 971 4781 rerum
999 4737 1219 4778 suarum
1258 4718 1557 4774 conferant.

231 4821 421 4876 XXIII.
462 4819 534 4876 Ut
564 4817 800 4890 episcopi
829 4831 933 4875 non
973 4819 1252 4871 transeant
1285 4823 1434 4868 mare
1459 4805 1564 4861 nisi
1605 4818 1734 4859 con-

149 4918 306 4988 sulto
329 4930 516 4970 eorum
539 4913 794 4984 primate.

233 5005 428 5063 XXIV.
469 5003 540 5061 Ut
569 5002 703 5058 nihil
755 5001 807 5055 in
845 4997 1072 5055 ecclesia
1115 4996 1326 5065 legatur
1377 4992 1476 5048 sub
1524 4987 1740 5044 nomine

134 5104 473 5178 divinarum
508 5097 906 5166 Scripturarum
933 5097 1185 5145 testatum
1208 5081 1260 5142 δ’.

234 5192 408 5248 XXV.
428 5190 497 5246 Ut
527 5184 861 5248 subdiaconi,
884 5180 1116 5244 diaconi,
1142 5174 1463 5252 presbyteri,
1483 5169 1737 5244 episeOpi,

1807 518 2030 573 consilio
2066 518 2418 574 ﬁnitimorum
2453 518 2824 588 episcoporum
2860 517 3178 583 vendiderit,
3209 518 3374 588 depo-

1805 617 1984 663 natur.

1877 701 2084 757 XXVII.
2146 701 2218 757 Ut
2261 699 2583 771 presbyteri,
2631 698 2716 754 vel
2772 698 2981 754 diaconi
3040 699 3092 752 in
3145 696 3380 768 graviori

1807 789 1960 860 culpa
1998 790 2245 853 convicti,
2278 805 2470 845 manus
2516 789 2912 860 impositionem
2951 804 3058 842 non
3086 788 3380 858 suscipiant

1807 888 2061 949 tanquam
2087 880 2228 945 laici,
2254 895 2324 936 ne
2352 881 2671 950 rebaptizati
2703 879 2883 934 clerici
2914 878 3044 933 ﬁant

1875 972 2106 1027 XXVIII.
2151 972 2222 1027 Ut
2257 972 2440 1028 clerici
2481 971 2574 1042 qui
2611 971 2678 1024 ad
2718 971 3124 1035 transmarinos,
3167 986 3273 1024 non
3309 971 3378 1025 ad

1807 1064 2065 1134 primates
2103 1079 2230 1118 suos
2273 1062 2678 1134 appellaverint,
2727 1062 2782 1116 in
2816 1061 3244 1116 communionem
3273 1077 3380 1116 non

1808 1155 2150 1224 recipiantur.

1877 1245 2066 1299 XXIX.
2118 1245 2172 1300 Si
2201 1245 2321 1314 quis
2349 1245 2578 1300 clericus
2601 1243 3095 1298 excommunicatus
3124 1251 3248 1296 ante
3287 1256 3381 1294 au-

1809 1338 2066 1393 dientiam
2114 1338 2513 1392 communicare
2559 1335 2988 1407 praesumpserit,
3043 1335 3157 1404 ipse
3210 1333 3264 1387 in
3322 1347 3381 1386 se

1808 1428 2205 1484 damnationem
2245 1429 2487 1498 protulit.

1881 1518 2049 1572 XXX.
2088 1519 2158 1574 Ut
2184 1527 2467 1574 accusatus
2491 1519 2574 1573 vel
2601 1527 2883 1575 accusator
2910 1518 2962 1573 in
2989 1518 3106 1572 loco
3132 1517 3277 1572 unde
3299 1521 3383 1570 est

1809 1608 1898 1664 ille
1927 1609 2020 1679 qui
2062 1618 2346 1664 accusatus
2376 1617 2476 1673 est,
2511 1609 2555 1663 si
2588 1609 2779 1663 metuit
2807 1609 3042 1678 aliquam
3066 1608 3172 1660 vim
3200 1606 3381 1660 multi-

1810 1701 2030 1764 tudinis,
2060 1699 2236 1756 locum
2263 1700 2365 1754 sibi
2391 1700 2554 1770 eligat
2572 1701 2898 1769 proximum.

1735 1764 1782 1824 Β
1881 1791 2074 1846 XXXI.
2114 1791 2184 1846 Ut
2220 1790 2424 1856 clerici,
2455 1764 2501 1844 si
2527 1764 2794 1860 episcopis
2822 1791 2933 1845 suis
2961 1789 3263 1844 volentibus
3288 1801 3383 1840 eos

1806 1897 1906 1954 pro
1943 1881 2296 1936 ecclesiarum
2343 1880 2666 1934 necessitate
2705 1880 2771 1933 ad
2823 1875 3080 1946 majorem
3120 1877 3382 1930 honorem

1807 1985 2146 2043 promovere,
2179 1985 2285 2024 non
2313 1969 2630 2032 obedierint,
2657 1983 2758 2023 nec
2784 1968 2856 2023 ibi
2879 1967 2931 2022 in
2953 1965 3121 2038 gradu
3152 1978 3248 2019 suo
3281 1962 3384 2016 mi-

1811 2062 2040 2116 nisti-ent
2064 2061 2204 2114 unde
2228 2059 2478 2114 recedere
2509 2059 2815 2114 noluerunt.

1878 2151 2093 2207 XXXII.
2151 2149 2222 2206 Ut
2271 2149 2454 2204 clerici
2503 2164 2589 2203 res
2639 2147 2899 2210 ecclesia,
2939 2159 3074 2214 quas
3118 2143 3184 2197 de
3216 2141 3382 2194 rebus

1809 2244 2195 2314 conquisierint
2230 2239 2670 2314 (ecclesiasticis,)
2705 2238 2945 2294 ecclesia
2982 2236 3286 2303 relinquant

1880 2334 2114 2390 XXXIII.
2179 2333 2251 2390 Ut
2299 2331 2601 2402 presbyteri
2657 2345 2770 2384 rem
2827 2327 3066 2382 ecclesia
3115 2341 3225 2380 sua
3278 2338 3382 2378 non

1808 2429 2062 2493 vendant,
2091 2440 2191 2482 nec
2223 2425 2507 2494 episcopus
2533 2437 2646 2478 rem
2677 2419 2817 2475 tituli
2859 2417 3103 2472 matricis
3143 2415 3384 2471 ecclesia

1810 2527 2052 2588 usurpet.

1882 2611 1950 2665 Et
1987 2608 2420 2677 subscripserunt
2449 2623 2462 2658 :

1880 2700 2131 2755 Aurelius
2174 2698 2454 2767 episcopus
2493 2694 2621 2750 huic
2666 2691 2878 2748 scheda
2923 2704 2955 2743 a
2982 2687 3140 2744 nobis
3169 2686 3384 2741 reiecta

1812 2792 2129 2860 subscripsi.

1882 2884 2172 2938 Faustinus
2193 2880 2474 2950 episcopus
2489 2877 2729 2933 ecclesia
2746 2873 3010 2929 Potentia
3032 2867 3378 2944 [Potentina]

1813 2976 2101 3048 prOVincia
2143 2974 2306 3028 Italia
2348 2971 2554 3036 Piceni,
2593 2970 2800 3040 legatus
2825 2965 3078 3021 Ecclesia
3106 2963 3385 3024 Romana,

1819 3070 1945 3125 huic
1974 3066 2183 3122 scheda
2208 3063 2523 3133 subscripsi.

1887 3158 2162 3227 Philippus
2199 3162 2254 3210 et
2279 3152 2490 3208 Asellus
2519 3148 2822 3220 presbyteri
2847 3147 3105 3202 Romana
3133 3142 3388 3199 Ecclesia

1819 3250 1979 3321 legati
2019 3249 2107 3303 his
2147 3245 2314 3316 gestis
2358 3243 2778 3314 subscripsimus
2809 3254 2908 3308 per
2945 3253 3043 3292 nos
3078 3236 3294 3292 relectis
3333 3242 3389 3287 et

1819 3346 2060 3402 directis.

1875 3434 2148 3506 Augustus
2189 3416 2563 3505 [Augustinus]
2609 3425 2893 3496 episcopus
2938 3419 3198 3491 Hipponis
3237 3416 3391 3486 Regii

1820 3527 2027 3598 legatus
2062 3524 2276 3580 concilii
2311 3520 2573 3575 Numidia
2616 3517 2738 3571 huic
2766 3511 3024 3568 chartula
3068 3523 3170 3578 pro
3213 3520 3300 3560 me
3334 3512 3392 3558 et

1821 3621 2008 3675 eodem
2043 3616 2270 3672 concilio
2295 3610 2610 3680 subscripsi.

1890 3710 1958 3764 Et
1980 3707 2172 3776 reliqui
2199 3704 2433 3775 episcopi
2458 3716 2631 3778 ccxm.
2645 3699 2975 3754 diversarum
2994 3689 3394 3762 provinciarum

1821 3800 2276 3869 subscripserunt,
2307 3795 2397 3868 qui
2425 3797 2477 3850 in
2499 3787 2913 3862 Carthaginensi
2939 3783 3168 3841 concilio
3197 3795 3394 3837 come--

1822 3897 2041 3947 nerunt.

1826 4045 2064 4101 Canones
2088 4043 2413 4097 diversorum
2439 4035 2778 4093 conciliorum
2799 4033 3066 4102 Africana:
3096 4024 3400 4099 provincia,

2445 4123 2656 4162 numero
2694 4120 2780 4162 CV.

1896 4250 1940 4305 I.
1991 4247 2145 4315 Quod
2190 4244 2325 4300 nihil
2368 4244 2436 4299 de
2472 4237 2803 4311 Hipponensi
2841 4231 3069 4294 concilio
3111 4228 3289 4299 primo
3327 4226 3400 4280 sit

1829 4340 2241 4397 emendandum.

1751 4465 1803 4525 Β
1899 4435 1962 4489 II.
1993 4433 2063 4488 Ut
2091 4429 2273 4486 clerici
2303 4428 2442 4482 ﬁlios
2469 4441 2594 4482 suos
2625 4441 2656 4480 a
2682 4440 2777 4479 sua
2803 4424 3068 4492 potestate
3095 4429 3199 4467 non
3221 4407 3402 4464 dimit-

2103 4524 2106 4525 ⁷
2674 4515 2689 4525 ⁶
2727 4515 2739 4525 ⁸
3019 4505 3130 4525 Δ-ε-
3179 4503 3402 4525 noun-non

1830 4536 1967 4592 tant,
2011 4524 2113 4579 nisi
2158 4539 2223 4579 ea
2274 4528 2434 4576 atate
2474 4533 2580 4588 qua
2625 4515 2693 4571 ad
2727 4515 2872 4584 ipsos
2918 4505 3136 4581 propria
3179 4503 3405 4571 peccata

1871 4621 2158 4675 ertineant.

1871 4637 2158 4675 eruneant.

1832 4637 1868 4692 Ρ
1903 4709 1990 4764 III.
2034 4707 2105 4762 Ut
2144 4704 2326 4760 clerici
2363 4717 2470 4758 non
2509 4700 2826 4756 Ordinentur
2865 4692 3180 4763 priusquam
3219 4694 3406 4738 omnes

1835 4821 1962 4862 suos
1990 4801 2218 4857 fecerint
2239 4797 2552 4854 catholicos.

1905 4896 1995 4951 IV.
2043 4893 2112 4948 Ut
2142 4890 2292 4953 nihil,
2323 4888 2423 4942 nisi
2450 4885 2606 4956 panis
2632 4889 2688 4937 et
2707 4879 2892 4935 vinum
2915 4888 3054 4944 aqua
3074 4870 3314 4930 mistum,
3351 4865 3406 4918 in

1837 4982 2192 5042 sacramentis
2220 4979 2496 5035 oll‘eratur.

1907 5077 1974 5132 V.
2031 5075 2108 5129 Ne
2151 5070 2356 5133 clerici,
2403 5067 2486 5122 vel
2539 5065 2913 5125 continentes,
2962 5067 3054 5114 aut
3091 5057 3282 5112 viduas
3325 5053 3408 5109 vel

1843 5167 2076 5237 virgines
2116 5161 2393 5225 accedant,
2433 5158 2536 5212 nisi
2569 5155 2725 5224 jussu
2769 5153 2852 5207 vel
2891 5151 3157 5223 permissu
3205 5147 3412 5217 episco-

153 5287 237 5341 ab
265 5281 529 5336 uxoribus
570 5276 886 5333 contineant
922 5288 937 5327 :
969 5267 1110 5341 quod
1144 5234 1258 5321 pisi
1304 5263 1547 5324 fecerint,
1577 5260 1741 5328 depo-
1840 5271 2031 5330 porum
2069 5257 2212 5308 :‘nec
2242 5261 2371 5306 tunc
2406 5248 2526 5314 soli,
2563 5245 2657 5302 sed
2693 5258 2876 5299 coram
2901 5239 3143 5313 probatis
3169 5234 3413 5310 personis

153 5383 398 5435 nantur.
447 5371 684 5426 Cateros
723 5374 903 5421 autem
946 5361 1172 5419 clericos
1202 5359 1270 5412 ad
1315 5358 1417 5411 hoc
1460 5369 1566 5407 non
1601 5349 1742 5420 cogi,
1843 5351 2120 5407 accedant.

309 5417 592 5516 maturiori
617 5464 794 5512 atate.
957 5417 971 5419 ⁷
1673 5417 1694 5420 ν
1914 5441 2002 5496 VI.
2054 5437 2127 5493 Ut
2151 5435 2339 5506 prima
2374 5431 2518 5488 sedis
2560 5429 2845 5500 episcopus
2870 5440 2977 5481 non
3002 5429 3224 5479 vocetur
3259 5417 3412 5490 prin-

1886 5590 1984 5630 uos
2022 5568 2281 5640 distingui
2339 5565 2582 5637 oportuit
2656 5573 2718 5622 ut
2755 5569 2939 5621 essent
2987 5557 3163 5630 capita
3208 5565 3414 5609 xxxv".

1900 5661 2166 5770 Admllocus
2188 5707 2499 5789 mendosus.

243 5613 274 5650 ς
314 5597 498 5660 Forte,
523 5603 768 5666 spectent.
807 5591 983 5650 Hann.

245 5671 275 5708 ι»
314 5669 492 5722 Locus
514 5665 818 5720 mendosus.

248 5752 269 5777 τ
301 5719 419 5796 gub
441 5719 543 5797 hoc
569 5719 794 5793 numero
821 5733 931 5799 'xrx,
955 5727 1299 5790 continentur
1325 5720 1464 5778 tituli
1491 5719 1744 5792 quinque.
