3950 6312
2933 161 2970 176 ον

2880 237 2991 262 .._‘_‘

540 351 673 407 IOSI
937 417 942 421 ,
1491 419 1494 422 _
1566 351 2013 409 ANGELRAMNI
2054 353 2392 412 METENSIS
2430 321 2754 414 5915130111
3668 366 3801 423 ίοεςε

533 481 662 538 ceps
689 466 1051 534 sacerdotum,
1088 466 1171 523 vel
1207 482 1448 523 summus
1476 467 1745 534 sacerdos,
1774 468 1869 523 sed
1893 476 2098 522 tantum
2127 470 2179 530 Α
2251 467 2463 543 XXVI.
2527 470 2842 527 Petendum
2871 473 2939 528 ab
2980 474 3303 547 imperatore
3352 487 3432 533 ut:
3455 495 3796 551 paganorum

530 556 723 627 prima:
748 557 890 612 sedis
919 557 1222 629 episcopus.
2212 559 2428 614 comitia
2457 560 2617 616 faciat
2646 559 2868 618 auferri.
3525 595 3540 601 -

605 647 718 706 VII.
763 649 842 706 Ne
884 651 1067 706 clerici
1117 652 1170 705 in
1198 651 1432 708 tabernis
1455 652 1615 707 edant
1638 651 1722 706 vel
1759 652 1968 719 bibant,
1999 653 2104 707 nisi
2278 647 2488 703 XXVII.
2551 650 2849 708 Petendum
2899 656 2989 719 ab
3014 656 3344 727 imperatore
3393 668 3458 715 ut
3506 650 3792 730 prohibut

533 740 895 810 peregrinatio
913 741 1016 797 hoc
1041 749 1215 811 cogat.
2207 741 2513 816 spectacula
2563 742 2898 800 theatrorum
2940 745 2996 802 in
3036 747 3225 804 diebus
3252 745 3558 808 Dominicis
3603 763 3663 807 et
3682 755 3794 811 aliis

606 832 737 888 VIII.
787 832 856 890 Ut
901 843 1232 891 sacramenta
1279 835 1466 891 altaris
1521 852 1628 892 non
1687 837 1788 892 nisi
1835 851 1865 890 a
1904 835 2105 906 jejunis
2207 839 2514 886 sanctorum
2537 832 2711 892 festis.

533 926 892 983 celebrentur.
2276 921 2510 978 XXVIII.
2560 924 2854 981 Petendum
2901 927 2970 983 ab
3009 928 3336 999 imperatore
3371 941 3435 986 ut
3467 933 3808 1003 interposita

600 1017 692 1079 IX.
740 1018 810 1074 Ut
852 1019 1036 1074 clerici
1083 1019 1140 1075 in
1183 1021 1410 1077 ecclesia
1455 1038 1561 1077 non
1604 1023 1960 1079 conviventur
1997 1023 2092 1079 nisi

2236 1026 2364 1067 uana
2403 1013 2583 1068 damni
2626 1016 2867 1084 pecuniae
2906 1027 3133 1086 statuat,
3181 1035 3250 1076 ne
3293 1023 3423 1093 quis
3469 1023 3785 1079 damnatum

530 1108 869 1163 necessitate.
1934 1157 1940 1161 _
2203 1103 2457 1160 clericum
2487 1105 2770 1162 defendat-

599 1195 668 1252 X.
712 1195 782 1253 Ut
824 1197 1104 1268 episcopus
1149 1201 1524 1269 pcenitentiom
1570 1204 1958 1274 paenitentibus
1998 1205 2092 1261 im-

2273 1195 2463 1251 XXIX.
2523 1198 2817 1254 Petendum
2873 1201 2942 1256 ab
2997 1201 3327 1274 imperatore
3390 1221 3460 1261 ne
3505 1207 3792 1278 permittat

525 1293 690 1356 ponat
710 1285 865 1356 juxta
902 1288 1260 1345 differentiam
1285 1300 1647 1362 peccatorum,
1692 1307 1792 1351 nec
1814 1297 2101 1368 presbyter
2201 1285 2493 1344 histriones
2536 1299 2658 1360 post
2699 1293 3106 1352 conversionem
3151 1296 3220 1351 ad
3251 1298 3562 1369 pristinum
3608 1299 3788 1355 ludum

525 1377 837 1433 reconciliet
879 1380 1206 1449 poenitentcs
1253 1382 1557 1440 inconsulto
1583 1385 1856 1457 episcopo,
1903 1396 1963 1444 ut
1999 1404 2095 1458 pu-
2200 1377 2270 1433 ³1)
2295 1378 2475 1436 alim")
2513 1383 2782 1451 compelli-

521 1467 663 1551 blice
687 1471 1076 1540 pmnitentibus
1103 1490 1295 1530 manus
1333 1483 1459 1532 ante
1483 1477 1725 1535 absidam
1764 1478 2022 1552 imponat.

2269 1469 2438 1524 XXX.
2479 1470 2772 1528 Petendum
2799 1475 2865 1530 ab
2897 1475 3220 1548 imperatore
3242 1487 3302 1533 ut
3323 1481 3794 1538 manumissionis.

595 1559 685 1615 XI.
742 1560 822 1618 Ne
863 1563 1146 1634 episcopus
1189 1565 1274 1620 vel
1313 1567 1598 1640 presbyter
1631 1569 1870 1643 virgines
1909 1587 2092 1630 sacras

2236 1575 2254 1613 ι
2284 1559 2510 1616 ecclesia
2533 1562 2890 1619 celebrentur.

521 1650 726 1718 passim
747 1653 931 1722 vagari
959 1653 1258 1722 permittat.
2268 1651 2458 1708 XXXI.
2532 1651 2603 1708 Ut
2656 1654 2910 1724 Equirius
2957 1657 3242 1716 damnatus
3293 1663 3784 1738 quomodocuan

593 1741 707 1796 XII.
748 1741 820 1799 Ut
846 1743 1045 1799 infirmi
1077 1745 1510 1806 obmutescentes
1542 1751 1902 1820 haptizentur,
1933 1753 1982 1808 si
2009 1762 2092 1810 te-

2236 1741 2573 1814 xpelleretur,
2605 1760 2674 1801 ne
2699 1754 2898 1802 statum
2926 1749 3167 1805 ecclesia:
3207 1751 3550 1821 inquietaret.

523 1831 838 1887 stimonium
881 1848 993 1889 sure
1011 1835 1306 1894 voluntatis
1326 1814 1630 1896 habuerint:
1666 1843 1737 1900 Ut
1760 1814 2008 1912 scenicis,
2039 1855 2094 1902 ct
2123 1814 2170 1876 Β
2265 1854 2480 1910 XXXII.
2533 1855 2604 1912 Ut
2649 1873 2771 1912 cum
2800 1858 3094 1917 Donatistis
3131 1861 3303 1918 levius
3325 1876 3352 1904 ι
3379 1875 3594 1934 agatur,
3625 1875 3687 1920 ut
3716 1868 3771 1922 in

523 1921 899 1992 histrionibus,
923 1932 978 1982 et
997 1925 1119 1984 aliis
1136 1926 1438 1999 huiusmodi
1459 1935 1706 2004 personis
1727 1938 2094 1996 reconciliatio
2192 1936 2602 2009 mansuetudine
2627 1955 2862 2024 correpti
2888 1956 3214 2025 resipiscam
3247 1973 3276 2012 a
3308 1921 3514 2029 laqueis
3544 1921 3770 2018 diaboli.

522 2028 632 2067 non
661 2023 904 2086 negetur.

591 2105 726 2163 Xlll.
769 2107 953 2165 Liceat
991 2109 1095 2183 legi
1122 2113 1402 2182 passiones
1427 2124 1728 2190 martyrum
1757 2134 1880 2176 cum
1904 2136 2092 2180 eorum

518 2197 874 2254 anniversarii
913 2199 1028 2256 dies
1061 2201 1422 2260 celebrantur.

589 2286 727 2343 XIV.
771 2288 842 2345 Ut
861 2291 930 2346 ab
961 2293 1255 2362 apostolica
1294 2296 1421 2352 sede
1446 2295 1773 2369 inquiratur,
1810 2301 1856 2358 si
1881 2303 2093 2373 possint

513 2382 757 2439 ordinari
785 2384 878 2456 qui
922 2387 1064 2457 apud
1093 2388 1377 2448 hazreticos
1407 2390 1464 2448 in
1493 2392 1718 2450 infantia
1764 2405 1890 2453 sunt
1915 2397 2092 2469 bapti-

2259 2062 2497 2118 XXXIII.
2530 2063 2600 2120 Ut
2619 2064 2831 2135 judices
2857 2068 3146 2124 eieculares
3164 2085 3503 2128 communem
3536 2085 3768 2131 matrem

2191 2163 2434 2210 sanctam
2463 2155 2758 2212 Ecclesiam
2789 2158 2844 2213 in
2874 2159 2978 2215 hoc
3002 2160 3274 2230 adiuvent,
3303 2163 3358 2218 in
3386 2179 3496 2234 quo
3523 2168 3766 2237 episcopi

2192 2245 2486 2301 auctoritas
2508 2248 2894 2303 contemnitur.

2259 2356 2494 2414 XXXIV.
2567 2359 2637 2415 Ut
2680 2359 2861 2416 clerici
2897 2360 3294 2420 Donatistarum
3343 2367 3399 2422 in
3437 2369 3759 2426 catholicam

514 2473 645 2527 uti.
800 2448 822 2456 ·
955 2448 976 2457 ·
1609 2448 1616 2449 '
1765 2448 1887 2453 '”"
1916 2448 2063 2469 """
2188 2448 2518 2518 recipiantur
2558 2465 2681 2505 cum
2709 2451 2899 2506 ordine
2937 2466 3036 2522 pro
3065 2462 3308 2526 tempore
3331 2466 3385 2513 et
3410 2462 3776 2516 necessitate-

586 2562 703 2619 XV.
742 2563 821 2620 Ne
867 2566 998 2622 fiant
1047 2570 1517 2641 rebaptizationes,
1553 2578 1998 2649 reordinationes,
2027 2592 2084 2640 et

2257 2565 2472 2622 XXXV.
2504 2567 2574 2625 Ut
2601 2570 2667 2623 ad
2687 2570 2994 2628 Donatistas
3019 2587 3179 2630 causa
3204 2577 3599 2632 componenda:
3624 2580 3780 2649 pacis.

513 2653 896 2713 translationes
921 2658 1312 2730 episcoporum.
1359 2664 1430 2721 Ut
1469 2666 1751 2738 episcopus
1787 2670 1948 2726 alieni
1975 2673 2087 2743 epi-

2238 2657 2381 2726 gatio
2408 2657 2504 2712 ιι...
2537 2658 2590 2713 in
2620 2661 2983 2718 continentes.

510 2753 764 2815 scopatus
810 2747 1029 2805 invasor
1067 2750 1353 2820 judiciaria
1389 2757 1712 2816 auctoritate
1748 2762 2080 2832 excludatur,

2255 2748 2493 2806 XXXVI.
2523 2751 2594 2808 Ut
2619 2754 2875 2824 episcopi,
2898 2756 3222 2828 presbyteri,
3249 2757 3459 2814 diaconi
3488 2761 3766 2832 deponan-

509 2837 556 2893 si
585 2839 940 2896 sacerdotalia
966 2844 1169 2900 monita
1194 2851 1600 2919 contempserit.

2236 2856 2289 2905 ιν,
2319 2841 2364 2897 si
2389 2841 2474 2896 vel
2499 2858 2618 2899 cum
2647 2845 2903 2901 uxoribus
2930 2847 3274 2902 inveniantur

580 2929 720 2987 XVI.
764 2930 835 2988 Ut
859 2933 1140 3006 episcopus
1163 2951 1271 2994 non
1297 2952 1328 2994 a
1357 2941 1700 3009 paucioribus
1723 2960 1886 3016 quam
1910 2949 2082 3006 tribus

2253 2933 2513 2990 XXXVII.
2545 2935 2622 2992 Ne
2643 2937 2925 3009 episcopus
2958 2939 3047 2994 diu
3078 2940 3223 2995 absit
3259 2956 3288 2995 a
3329 2956 3418 2996 sua
3464 2941 3766 3015 principali

508 3019 812 3078 ordinetur.
2183 3027 2458 3083 cathedra.

580 3111 740 3169 XVII.
783 3111 855 3216 Ut
881 3113 1214 3221 ordinandus
1244 3118 1545 3221 episcopus,
1585 3122 1633 3221 si
1668 3123 1718 3180 ei
1756 3127 2080 3185 contradici-
2106 3155 2154 3221 ρ
2182 3208 2196 3221 1
2253 3117 2561 3221 ΧξῑΧνΠξοι
2585 3121 2674 3221 Ili
2709 3122 2942 3181 infantes
2994 3127 3344 3197 baptizentm‘.
3391 3127 3453 3183 de
3503 3142 3756 3198 quorum

510 3210 620 3269 tur,
653 3219 761 3261 non
785 3203 900 3276 jam
947 3223 979 3263 a
1025 3208 1216 3278 tribus,
1255 3212 1350 3268 sed
1394 3228 1426 3268 a
1464 3215 1712 3286 pluribus
1757 3229 2082 3292 expurgatus
2108 3203 2154 3221 υ
2181 3208 2451 3278 baptismo
2475 3211 2768 3266 dubitaui"-

509 3295 808 3353 ordinetur.
2249 3297 2490 3355 XXXIX.
2541 3301 2613 3358 Ut
2655 3303 2770 3360 dies
2797 3303 3017 3361 Paschm
3061 3313 3116 3360 et
3143 3306 3356 3363 concilii
3382 3307 3640 3363 omnibus
3667 3309 3767 3364 de-

581 3391 766 3448 XVIII.
816 3393 887 3450 Ut
923 3395 991 3452 de
1029 3397 1259 3455 ecclesia
1282 3399 1691 3475 Carthaginensi
1717 3405 1833 3463 dies
1858 3406 2080 3466 Pascha:
2177 3391 2475 3446 ηυηίίθιυτ·

507 3479 780 3541 Africanis
806 3486 1049 3545 ecclesiis
1073 3491 1350 3547 nuntietur
1375 3495 1637 3566 episcopis
1660 3504 1715 3553 et
1736 3498 2077 3558 discutiatur.
2247 3481 2359 3538 XL
2399 3481 2477 3538 Νθ
2500 3484 2828 3542 intercessor
2858 3487 3145 3559 episcopus
3172 3486 3489 3544 cathedram
3519 3490 3760 3546 ἀεῖηηειί

510 3569 854 3630 Interlocutio
875 3576 1156 3649 Ilonorati,
1195 3590 1251 3638 et
1285 3582 1490 3641 Urbani
1535 3588 1909 3662 episcoporum
1936 3594 2074 3650 sit...
2175 3574 2414 3658 episcopi
2446 3575 2537 3630 di“
2567 3577 2815 3642 τθιίηθθίν
2849 3581 2945 3635 sed
2976 3579 3113 3634 inf”
3143 3596 3346 3635 ³¹¹¹¹¹¹¹¹¹
3371 3581 3556 3636 eidem
3581 3583 3763 3637 “‘be’

509 3661 844 3722 Mauritaniae
880 3665 997 3724 le...
1722 3661 1734 3662 ί
2178 3665 2287 3721 drm
2310 3667 2616 3737 episcopum
2637 3669 2936 3738 provideat.

577 3754 720 3809 XIX.
754 3755 824 3812 Ut
850 3757 1111 3817 άῑωοθεεε
1131 3763 1366 3833 propriis
1393 3766 1660 3838 episcopis
1689 3745 1938 3828 callentes
1961 3775 2076 3844 cpi-
2177 3782 2187 3805 ι
2248 3755 2384 3810 XLI.
2415 3756 2487 3813 Ut
2511 3757 2820 3818 defensores
2845 3761 3192 3819 ecclesiarum
3228 3764 3295 3819 ab
3336 3765 3758 3837 imperatoribus

505 3855 700 3912 scopos
727 3858 835 3898 non
876 3846 1161 3916 accipiant,
1188 3851 1293 3906 nisi
1335 3869 1402 3909 ex
1430 3870 1695 3913 consensu
1725 3859 1960 3932 episcopi
1981 3865 2074 3932 qui

2236 3847 2533 3903 istulcntur.

503 3931 627 3988 illas
651 3941 874 3991 eatenus
901 3953 1006 3992 non
1034 3943 1262 4010 superbe
1301 3946 1542 4001 retinuit.
1594 3948 1730 4004 Nam
1770 3953 1817 4008 si
1847 3931 2075 4024 superbe
2246 3937 2402 3993 xul-
2436 3939 2506 3996 υἱ
2523 3941 2757 4012 episcopi
2781 3942 2850 3998 ad
2873 3943 3161 4000 concmum
3181 3945 3424 4014 Veniam:
3447 3947 3564 4006 υἱεῖ
3589 3949 3760 4020 ali'I‘”

503 4021 807 4092 retinuerit,
835 4032 890 4080 et
909 4027 1153 4096 plebibus
1175 4031 1432 4090 incubare
1452 4036 1709 4095 affectans
1733 4021 2077 4118 coepiscopos
2175 4033 2323 4103 8mVi
2354 4034 2675 4089 ηεεοεδίιθίθ
2714 4032 3094 4106 impediam“?-

502 4125 630 4168 snos
671 4113 992 4184 despexerit,
1024 4134 1129 4175 non
1167 4121 1342 4178 solum
1397 4139 1428 4181 a
1465 4130 1690 4186 retentis
1735 4113 2073 4207 dimcesibus,

2244 4125 2422 4180 XLIII.
2495 4126 2568 4183 Ut
2618 4128 2902 4202 episcopus
2950 4131 3166 4186 invasor
3209 4131 3376 4188 alieni
3415 4135 3762 4205 episcopatus

501 4202 606 4261 sed'
629 4219 660 4258 a
694 4208 911 4284 propria
945 4209 1172 4268 ecclesia
1207 4217 1527 4276 auctoritate
1553 4219 1838 4290 iudiciaria
1861 4202 2076 4301 ρι-ορθιξ,
2174 4215 2476 4282 damnetur,
2522 4216 2568 4272 si
2612 4226 2836 4272 vocatus
2875 4219 2941 4272 ad
2979 4221 3241 4291 synodum
3280 4202 3476 4280 venire
3517 4202 3757 4282 contem-

501 4293 695 4353 leudus
726 4306 827 4353 est.
1861 4293 1881 4298 ’
1961 4293 1980 4301 ’
2170 4306 2357 4377 pserit,
2384 4306 2628 4376 aliusque
2655 4307 2952 4364 ordinetur.

572 4385 690 4441 xx.
713 4386 790 4444 Ne
812 4388 934 4460 quis
961 4391 1251 4464 episcopus
1264 4395 1497 4457 alienum
1525 4403 1780 4464 clericum
1806 4409 1909 4466 sibi
1934 4427 2066 4470 ven-
2244 4397 2425 4453 XLlV-
2469 4397 2622 4466 Quod
2651 4397 2974 4457 dissidentes
3014 4401 3195 4473 populi
3231 4403 3506 4474 impedire
3535 4424 3650 4464 non
3679 4409 3765 4464 de-

503 4476 664 4543 dicet,
691 4478 794 4533 nisi
823 4482 1150 4540 concedente
1176 4484 1293 4554 ejus
1319 4490 1593 4564 episcOpo.
2095 4506 2147 4569 ι)
2170 4490 2346 4555 beant,
2371 4489 2500 4560 quin
2523 4491 2803 4561 episcOpus
2828 4491 2975 4546 eis...

571 4567 710 4623 χχι.
743 4569 894 4637 Quod
919 4570 1329 4646 Carthaginensi
1353 4581 1874 4653 episcopaliceatex
1897 4593 2068 4662 quali-
2099 4567 2118 4569 ’
2244 4581 2403 4638 XLV'.
2453 4581 2524 4638 Ut
2561 4581 2819 4645 clericus;
2874 4580 2920 4638 si
2966 4589 3088 4652 post
3125 4587 3766 4646 excommunicationem

499 4658 591 4716 bet
635 4660 862 4717 ecclesia
905 4663 1157 4722 ordinare
1201 4672 1534 4741 praepositos,
1584 4658 1946 4750 presbyteros;
1980 4685 2065 4739 νει
2171 4687 2324 4727 suam
2373 4670 2515 4727 infra
2558 4687 2759 4726 annum
2787 4686 3003 4727 causam
3042 4688 3196 4728 suam
3236 4690 3480 4747 purgare
3512 4690 3767 4737 contein.

499 4749 779 4819 episcopos
807 4752 873 4808 ad
899 4753 1036 4811 alias
1063 4757 1340 4816 ecclesias.
1751 4749 1760 4750 ί
2169 4763 2358 4832 pserit,
2389 4763 2601 4832 penitus
2622 4762 2872 4831 deinceps
2900 4777 3006 4816 non
3027 4763 3296 4818 audiatur.

571 4842 732 4899 χχιι.
764 4843 834 4900 Ut
851 4846 1136 4919 episcopus
1159 4851 1655 4912 nullam-dioecesim
1675 4859 1776 4916 sibi
1801 4863 2063 4934 vcndicet,
2243 4853 2424 4908 XLVI-
2467 4853 2524 4908 Si
2565 4853 2688 4924 quis
2713 4855 2996 4923 episcopus
3032 4853 3097 4909 de
3118 4854 3224 4910 alio
3254 4862 3606 4919 monasterio
3653 4880 3770 4920 sus

498 4934 601 4991 uisi
633 4935 698 4991 ad
725 4951 884 5006 quam
913 4940 1193 4998 ordinatus
1217 4952 1319 4999 est.
2172 4955 2386 5016 ceptum
2436 4961 2546 5001 sua:
2596 4946 2837 5002 ecclesiae
2902 4947 3248 5019 prmpositum
3275 4992 3290 5014 ,
3349 4955 3444 5009 vel
3498 4956 3769 5013 clericum

531 5047 538 5050 -
574 5024 754 5083 XXIII.
782 5026 934 5094 Quod
961 5032 1170 5099 parvuli
1211 5049 1242 5088 a
1267 5035 1561 5094 Donatistis
1588 5040 1863 5110 baptizati,
1895 5045 1950 5100 ίιι
1977 5063 2066 5103 ca.
2171 5036 2523 5102 ordinaverit,
2574 5039 3088 5106 excommunicetur,
3117 5055 3219 5094 nec
3248 5040 3339 5097 ille
3368 5044 3620 5104 clericus
3638 5089 3657 5115 ,
3689 5051 3771 5105 vel

498 5113 694 5170 tliolica
718 5118 784 5172 ad
812 5119 1016 5176 clerum
1042 5124 1280 5180 ordinari
1303 5128 1532 5195 possint.
2171 5130 2489 5199 praepositus
2515 5123 2850 5199 perseveret-
3615 5123 3618 5125 λ

570 5201 758 5260 XXIV.
793 5207 860 5264 Ut
880 5210 1140 5267 idolorum
1164 5216 1423 5286 reliquias,
1454 5218 1537 5274 vel
1567 5223 1764 5292 templa
1791 5226 2066 5283 destruan-
2247 5223 2448 5279 XLVII.
2495 5223 2551 5278 Si
2596 5223 2719 5295 quis
2757 5226 3042 5296 episcopus
3068 5228 3312 5285 hzcrcdes
3351 5232 3664 5296 hmreticos
3690 5239 3778 5296 vd

500 5303 610 5350 tur.
1022 5296 1024 5298 ’
2171 5330 2408 5388 paganos
2451 5315 2690 5373 ecclesiae
2733 5313 3051 5387 praetulerit,
3078 5322 3162 5378 vel
3189 5332 3309 5392 post
3339 5338 3584 5385 mortem
3641 5349 3780 5389 ana-

572 5386 735 5443 XXV.
784 5387 1074 5450 Petendum
1113 5397 1182 5452 ab
1204 5398 1547 5469 imperatore,
1587 5409 1646 5458 ut
1675 5411 1962 5473 statuatur,
1992 5426 2065 5481 ne
2174 5386 2573 5474 thematizetur,
2601 5423 2702 5466 nec
2739 5424 2935 5464 nomen
2981 5386 3097 5479 ejus
3133 5386 3274 5468 inter
3302 5416 3400 5472 Dei
3443 5425 3782 5482 sacerdotes

494 5480 678 5536 clerici
719 5482 783 5536 de
805 5480 1100 5564 judiciisui
1143 5481 1464 5560 cognatione
1495 5492 1702 5565 [Forle,
1730 5499 2060 5575 cognitione]
2165 5499 2437 5553 recitem?-

493 5582 754 5646 cogantur
778 5574 834 5630 in
861 5575 1074 5646 publico
1108 5575 1477 5639 testimonium
1507 5585 1708 5642 dicere.
2053 5574 2056 5575 ⁷
2239 5590 2462 5646 XLVIII.
2503 5590 2574 5646 Ut
2619 5590 2809 5645 altaria
2846 5592 2914 5647 ab
2955 5592 3222 5668 episcOpis
3253 5609 3584 5659 evertuntur
3607 5645 3628 5672 ,
3681 5606 3796 5662 ubi.

709 5707 792 5745 ac.
822 5692 1009 5745 lenius.
1045 5693 1216 5745 Iliun.
2003 5739 2008 5745 .

564 5703 596 5805 ἒ
816 5691 1009 5836 ίὲἒίιῗὶϊ
1027 5693 1304 5839 digitium
1329 5767 1532 5826 Deinde
1556 5769 1610 5827 in
1628 5749 1788 5830 titulo
1806 5739 2061 5846 sequente
2097 5788 2256 5831 xxxvi
2283 5773 2302 5828 “;
2332 5772 2385 5827 in
2413 5771 2805 5828 incontinentes.
2837 5770 3008 5828 Hann.
