3950 6312
123 346 281 403 1053

1363 328 1745 412 εοωςετιο
1793 327 2160 388 CANONUM.

3275 324 3414 383 1058

119 461 338 520 nullius
365 425 561 512 sancti
603 465 830 524 corpus,
876 457 972 508 aut
1016 446 1255 520 reliquiae
1305 447 1538 504 condita:
1592 462 1724 518 pro-
1756 447 1798 504 Α
1830 444 2310 505 communicaverit
2337 444 2482 518 apud
2515 443 2928 511 transmarinos,
2959 458 2992 500 a
3014 443 3162 504 clero
3186 443 3411 518 deiicia-

118 559 395 702 ωὲῗῖὶὶ.
435 641 510 698 Ut
550 640 620 695 ab
643 636 895 708 episcopo
943 631 1388 704 Carthaginensi,
1434 645 1560 686 cum
1583 643 1719 698 opus

119 737 331 802 fuerit,
359 731 602 789 omnium
626 728 1002 800 episcoporum
1025 723 1240 779 nomina
1265 721 1536 777 dictentur
1552 759 1566 785 ,
1593 719 1721 774 sub-

120 830 447 886 scribantur
485 820 682 877 litteris
716 818 769 873 in
806 814 1036 872 concilio
1065 812 1303 870 dictatis.

119 940 199 995 In
241 935 602 1005 manuscripto
635 931 814 987 codice
845 929 1030 1054 (exissent
1069 925 1292 992 numeri,
1324 942 1358 981 α
1387 939 1514 980 1tth
1558 935 1724 993 usque

935 1015 1023 1054 1.x.

935 1015 1023 1054 LX.

197 1100 321 1157 LX.
364 1099 436 1156 Ut
466 1095 708 1168 episcopi
743 1093 834 1165 qui
861 1091 1130 1163 posterius
1151 1089 1390 1162 ordinati
1405 1093 1551 1154 sunt,
1574 1087 1724 1158 prio-

123 1193 288 1248 ribus
313 1207 371 1248 se
397 1205 506 1245 non
528 1187 764 1243 audeant
787 1183 1080 1241 anteferre.

201 1285 343 1341 LXI.
374 1281 453 1338 Ne
480 1287 734 1337 accusato
761 1278 1016 1349 episcopo
1072 1274 1412 1347 episcopatus
1429 1270 1720 1336 adimatur,

121 1380 453 1451 priusquam
481 1388 644 1431 causa
668 1371 786 1441 ejus
811 1370 1138 1437 deﬁniatur.

201 1468 362 1526 LXII.
403 1467 476 1524 Ut
499 1465 740 1537 deposito
761 1463 1015 1534 episcopo
1043 1461 1212 1518 libere
1231 1473 1518 1516 successor
1541 1454 1721 1525 requi-

123 1572 308 1616 ratur.

200 1652 387 1708 LXIII.
414 1649 488 1708 Ut
513 1647 751 1720 episcopi
773 1646 865 1717 qui
887 1646 1208 1704 ordinantur
1230 1644 1299 1699 ab
1318 1638 1723 1699 ordinatoribus

122 1744 268 1807 suis,
294 1741 552 1813 epistolas
579 1739 849 1808 accipiant
876 1752 998 1807 qua:
1024 1737 1167 1792 diem
1191 1743 1248 1791 et
1272 1732 1550 1789 consulem
1580 1744 1720 1798 prae-

1829 546 1936 594 tur.

1895 628 2108 686 LXXX.
2149 628 2220 686 Ut
2240 636 2528 701 pergentes
2550 630 2618 686 ad
2641 628 2980 694 comitatum,
3011 646 3234 688 causam
3257 645 3412 686 suam

1823 721 1908 775 vel
1935 720 2348 790 Carthaginensi
2368 719 2449 775 vel
2476 719 2720 777 Romano
2742 721 2986 791 pontiﬁci
3009 722 3303 778 insinuent.

1894 810 2130 865 LXXXI.
2174 810 2243 867 Ut
2272 826 2413 866 unus
2446 811 2732 882 episcopus
2779 826 2888 867 non
2913 811 3015 867 sibi
3045 811 3288 868 vindicet
3313 825 3410 867 co-

1825 903 2119 976 gnitionem
2165 903 2232 959 ab
2273 903 2510 960 Honorio
2545 911 2602 959 et
2642 902 2946 958 Theodosio
2991 902 3412 974 imperatoribus

1825 1001 2015 1050 contra
2039 992 2336 1064 Pelagium,
2361 993 2698 1049 Ctelestium.

1829 1147 1958 1206 Octo
1983 1148 2156 1219 capita
2181 1165 2298 1220 qua:
2339 1157 2629 1220 sequuntur
2655 1148 2709 1204 in
2751 1145 3154 1218 Carthaginensi
3185 1146 3408 1202 concilio

2183 1219 2278 1274 sub
2318 1219 2647 1274 anathemate
2680 1227 2878 1272 statuta
2907 1225 3050 1272 sunt.

1896 1348 2153 1406 LXXXII.
2179 1347 2332 1417 Quod
2357 1349 2530 1404 Adam
2571 1364 2679 1405 non
2711 1348 3032 1405 necessitate
3057 1355 3285 1416 naturae,
3311 1346 3409 1404 sed

1825 1457 1925 1512 pro
1949 1440 2155 1510 peccati
2181 1441 2376 1496 merito
2414 1449 2743 1496 moreretur.

1833 1597 1845 1611 ο
1896 1532 2176 1590 LXXXIII.
2220 1533 2373 1601 Quod
2399 1536 2610 1606 parvuli
2651 1536 2706 1592 in
2746 1535 3122 1592 remissionem
3159 1541 3408 1608 peccato—

1827 1638 1946 1677 rum
1974 1622 2336 1691 baptizentu'r.

1895 1715 2179 1771 LXXXIV.
2221 1715 2376 1783 Quod
2420 1718 2591 1788 gratia
2620 1719 2716 1774 Dei
2739 1734 2845 1773 non
2889 1718 3063 1774 solum
3085 1717 3274 1773 tribuit
3315 1729 3406 1771 re-

122 1798 342 1900 feram,-
359 1848 427 1889 ne
448 1833 702 1902 deinceps
730 1833 794 1888 de
807 1829 1220 1902 posterioribus,
1239 1827 1324 1882 vel
1349 1821 1719 1880 anterioribus

1862 1807 2134 1863 tissionem
2149 1817 2516 1878 peccatorum,
2539 1810 2636 1868 sed
2659 1811 2822 1867 etiam
2840 1818 3061 1882 prmth
3081 1808 3407 1880 adiutorium

122 1925 414 1981 altercatio
451 1924 564 1978 ﬁat.

202 2015 391 2071 LXIV.
447 2014 518 2070 Ut
563 2013 876 2084 quicunque
909 2011 965 2067 in
1000 2009 1232 2076 ecclesia
1259 2008 1346 2066 vel
1369 2006 1536 2066 semel
1569 2005 1722 2076 lege-

122 2111 223 2175 rit,
253 2111 323 2166 ab
352 2110 454 2165 alia
485 2109 713 2165 ecclesia
744 2109 814 2163 ad
832 2106 1149 2163 clericatum
1183 2119 1291 2160 non
1316 2110 1585 2158 teneatur.

204 2201 371 2256 LXV.
400 2201 471 2257 Ut
495 2201 789 2256 Donatistae
821 2199 876 2253 in
903 2197 1129 2269 singulis
1161 2196 1472 2254 civitatibus
1515 2193 1583 2249 ab
1609 2191 1724 2263 epi-

120 2292 320 2361 scopis
349 2292 736 2348 eonveniantur
776 2289 1052 2359 utrinque.

203 2383 395 2438 LXVI.
447 2380 524 2439 Ne
568 2381 772 2456 [Forte,
805 2379 887 2453 ut]
939 2379 1165 2450 quaestio
1189 2394 1309 2450 qua:
1341 2376 1649 2433 Donatistas
1669 2381 1724 2430 et

119 2475 436 2531 catholicos
457 2477 525 2530 ab
553 2475 782 2532 invicem
809 2473 1080 2545 separavit
1099 2472 1324 2543 paciﬁce
1365 2477 1647 2527 tractetur.

203 2565 413 2621 LXVII.
457 2566 526 2623 Ut
570 2566 898 2632 Donatistae,
964 2565 1099 2636 qui,
1154 2563 1378 2634 paciﬁca
1439 2562 1725 2634 praemoni-

124 2659 286 2714 tione
319 2665 658 2728 contempta,
689 2657 989 2714 catholicos
1035 2655 1293 2712 infestare
1332 2670 1440 2710 non
1488 2659 1722 2718 cessant,

123 2747 357 2820 militari
405 2748 606 2803 auxilio
653 2749 1110 2812 submoveantur,
1161 2745 1301 2802 sicut
1347 2752 1403 2800 et
1449 2742 1727 2815 apostolus

123 2841 486 2897 factiosorum
513 2840 969 2910 conspirationem
1004 2839 1295 2895 submovit.

208 2933 436 2988 LXVIII.
469 2933 548 2988 Ne
577 2933 815 3003 episcopi
863 2932 932 2987 ad
976 2931 1336 2988 transmarina
1373 2928 1531 2986 facile
1554 2927 1723 3000 protl-

123 3027 430 3090 ciscantur,
463 3026 508 3080 si
536 3027 873 3096 accipiant...

205 3114 396 3169 LXIX.
452 3115 523 3172 Ut
564 3116 868 3171 universale
891 3114 1180 3172 concilium
1226 3129 1334 3170 non
1363 3113 1458 3169 ﬂat
1489 3111 1594 3168 nisi
1622 3125 1722 3181 pro

123 3193 460 3261 necessitate
489 3207 855 3261 communium
909 3222 1226 3272 causarum;
1261 3213 1322 3260 ut
1373 3219 1570 3270 causae,
1601 3217 1720 3272 quae

124 3314 458 3354 communes
477 3314 584 3354 non
610 3306 756 3364 sunt,
786 3300 838 3354 in
864 3300 976 3356 suis
1004 3299 1297 3369 provinciis
1319 3297 1649 3366 iudicentur.

205 3391 375 3447 LXX.
407 3392 464 3448 Si
489 3403 840 3464 provocatum
870 3394 1053 3459 fuerit,
1082 3395 1244 3466 eligat
1272 3393 1363 3464 qui
1397 3401 1724 3463 provocatur

127 3494 332 3541 contra
365 3498 487 3538 eum
523 3483 614 3553 qui
639 3492 895 3553 provocat
915 3484 1146 3558 judices,
1191 3498 1224 3539 a
1249 3483 1443 3554 quibus
1470 3478 1725 3553 deinceps

130 3589 440 3648 provocare
466 3592 571 3632 non
597 3576 745 3632 licet.

207 3668 396 3724 LXXI.
433 3667 506 3725 Ut
540 3669 608 3724 ab
642 3668 968 3737 imperatore
992 3666 1296 3737 postuletur
1334 3665 1722 3724 advocatorum

131 3761 383 3816 defensio
409 3775 508 3829 pro
533 3759 714 3815 causis
743 3759 1021 3814 Ecclesiae.

210 3852 423 3908 LXXII.
453 3852 520 3908 Ut
548 3851 734 3921 plebes
753 3866 873 3921 qua:
892 3852 1202 3920 episcopum
1227 3865 1502 3922 nunquam
1523 3849 1726 3905 habue-

131 3953 272 4000 runt
295 3983 312 4004 ,
351 3957 459 3996 non
488 3941 758 4010 accipiant
787 3941 1096 4011 episcopum
1139 3943 1243 3998 nisi
1291 3942 1614 3998 destinatum
1660 3957 1728 3997 ex

132 4032 394 4104 plenario
423 4033 651 4088 concilio
677 4034 1078 4103 provinciarum
1106 4042 1161 4088 et
1186 4034 1433 4104 primatis
1461 4047 1727 4090 consensu

129 4124 390 4194 episcopi
412 4124 478 4177 ad
501 4122 652 4192 cuius
671 4125 952 4180 dimcesim
981 4125 1264 4195 pertinuit.

209 4215 451 4270 LXXIII.
507 4216 576 4272 Ut
615 4217 799 4287 plebes
841 4232 872 4272 a
918 4217 1211 4274 Donatistis
1253 4233 1528 4275 conversae
1565 4218 1727 4274 etiam

131 4309 454 4368 inconsulto
486 4310 700 4366 concilii
740 4309 1050 4380 episcOpum
1075 4318 1232 4365 erant
1262 4307 1466 4381 [Forte,
1497 4308 1725 4381 creent].

211 4404 453 4460 LXXIV.
495 4404 649 4472 Quod
675 4406 851 4461 vocati
895 4407 962 4460 ad
983 4404 1266 4476 synodum,
1317 4404 1362 4460 si
1392 4403 1578 4459 venire
1599 4418 1730 4458 con-

133 4495 487 4566 tempserint,
517 4495 760 4550 damnari
791 4495 1001 4565 possint
1025 4503 1083 4549 ut
1112 4503 1480 4550 contumaces.

1824 1915 1892 1955 ne
1914 1907 2187 1970 peccetur.

1893 1991 2156 2046 LXXXV.
2185 1991 2340 2058 Quod
2360 1991 2534 2063 gratia
2556 1991 2759 2048 Christi
2787 2007 2896 2046 non
2923 1991 3098 2045 solum
3124 1988 3411 2045 scientiam

1823 2085 2014 2140 tribuit
2048 2086 2176 2156 quid
2223 2100 2476 2156 agamus,
2526 2086 2622 2140 sed
2657 2085 2820 2140 etiam
2862 2082 3204 2138 dilectionem
3255 2079 3412 2136 nobis

1823 2173 2072 2245 inspirat,
2103 2184 2164 2230 ut
2203 2175 2347 2246 quod
2387 2175 2588 2230 scimus
2617 2174 2840 2244 implere
2865 2173 3160 2228 valeamus.

1893 2271 2176 2327 LXXXVI.
2207 2271 2361 2340 Quod
2391 2271 2508 2327 sine
2543 2272 2715 2341 gratia
2737 2271 2833 2327 Dei
2871 2270 3003 2325 nihil
3032 2268 3158 2326 boni
3187 2267 3431 2340 implere.

1821 2378 2202 2490 poianX‘XVll.
2242 2431 2395 2500 Quod
2440 2432 2614 2490 sancti
2657 2447 2779 2488 cum
2821 2439 3011 2488 sancto
3042 2431 3250 2488 Joanne
3300 2445 3409 2486 non

1822 2526 1995 2581 solum
2025 2542 2124 2596 pro
2151 2526 2474 2592 humilitate,
2503 2527 2596 2584 sed
2625 2525 2786 2582 etiam
2813 2541 2910 2596 pro
2935 2525 3229 2581 veritate...
3429 2597 3432 2600 Ι

1895 2615 2222 2672 LXXXVIII.
2265 2617 2417 2684 Quod
2447 2618 2502 2672 in
2530 2618 2772 2674 oratione
2803 2616 3082 2672 Dominica
3110 2614 3282 2670 sancti
3307 2629 3406 2685 pro

1824 2722 1884 2763 se
1913 2707 2116 2772 dicant,
2145 2707 2361 2762 Dimitte
2388 2706 2534 2762 nobis
2562 2707 2736 2762 debita
2759 2716 2958 2761 nostra.

1893 2798 2185 2854 LXXXIX.
2226 2799 2381 2867 Quod
2419 2799 2686 2855 veraciter
2729 2798 2942 2854 dicatur
2979 2813 3011 2853 a
3047 2795 3278 2864 sanctis,
3321 2793 3431 2875 Βί-¹

1823 2889 1970 2944 mitte
1996 2891 2143 2944 nobis
2164 2891 2339 2944 debita
2365 2902 2566 2945 nostra.

1894 2980 2006 3036 XC.
2048 2981 2120 3038 Ut
2144 2981 2395 3038 catholici
2426 2991 2481 3037 et
2501 2981 2795 3038 Donatistae
2829 2981 2883 3036 in
2910 2998 3015 3037 una
3043 2980 3263 3038 dioecesi
3293 2995 3411 3034 ma-

1825 3080 2033 3135 nentes,
2065 3072 2111 3127 si
2133 3073 2393 3128 adversus
2419 3072 2625 3146 [Forte,
2659 3082 2713 3129 et
2736 3075 2804 3129 ad
2837 3072 3099 3145 diversas]
3126 3057 3434 3127 cathedras,

1748 3153 1798 3218 C
1823 3164 2158 3235 pertinentes
2206 3173 2331 3235 post
2385 3167 2791 3222 conversionem
2815 3156 3242 3221 Donatistarum
3268 3205 3283 3229 ,
3339 3164 3409 3218 ad

1823 3257 1969 3312 illam
1996 3257 2304 3313 cathedram
2329 3258 2490 3313 simul
2514 3259 2839 3322 pertineant,
2870 3257 2936 3312 ad
2965 3273 3136 3328 quam.
3153 3256 3408 3314 catholici

1819 3348 1946 3420 jam.
1963 3358 2089 3406 ante
2111 3351 2477 3420 pertinebant.
3395 3371 3397 3374 ·

1894 3463 2028 3519 XCI.
2071 3464 2143 3521 Ut
2173 3464 2425 3522 catholici
2452 3464 2691 3535 episcopi
2728 3472 2784 3520 et
2822 3478 2889 3518 ex
2933 3462 3231 3519 Donatistis
3258 3476 3412 3516 .con-

1823 3559 1992 3624 versi,
2044 3559 2306 3614 dioeceses
2344 3558 2467 3623 illas
2494 3558 2777 3629 aequaliter
2821 3557 3080 3621 dividant,
3133 3555 3191 3610 in
3214 3553 3435 3624 quibus.

1825 3657 1934 3704 tam
1978 3651 2271 3707 Donatista:
2313 3666 2474 3722 quam
2522 3650 2773 3706 catholici
2825 3648 2933 3704 iam
2977 3655 3104 3702 ante
3136 3661 3414 3703 comman-

1825 3751 2028 3800 serant.

1897 3833 2052 3889 XCII.
2087 3833 2158 3890 Ut
2181 3833 2358 3888 nullus
2386 3833 2676 3903 episcopus
2693 3831 2968 3888 dioecesim
2998 3837 3228 3900 repetat,
3249 3843 3417 3899 quam

1826 3923 1964 3980 alius
1984 3925 2266 3996 cpiscopus
2307 3925 2376 3980 ab
2405 3925 2596 3980 haeresi
2623 3925 2859 3981 liberans
2879 3921 2992 3992 jam
3021 3922 3253 3978 triennio
3284 3920 3409 3976 abs.-

1827 4032 1932 4087 que
1957 4016 2048 4071 lite
2073 4015 2408 4087 possederat.

1899 4107 2080 4163 XCIII.
2116 4107 2194 4163 Ne
2222 4108 2462 4180 episcopi
2508 4107 2715 4178 plebes,
2765 4122 2902 4178 quas
2945 4106 3012 4161 ad
3039 4120 3098 4160 se
3141 4105 3414 4174 pertinere

1827 4207 2040 4268 putant,
2084 4200 2401 4256 inconsultis
2441 4199 2706 4271 episcopis
2749 4215 2781 4254 a
2842 4199 3037 4270 quibus
3084 4195 3411 4260 detinentur,

1829 4289 2058 4344 irruant.

1899 4381 2082 4437 XCIV.
2122 4380 2181 4438 Si
2225 4376 2512 4454 episcopus
2554 4399 2648 4440 sex
2674 4396 2918 4447 menses,
2944 4387 3070 4450 post
3091 4376 3416 4434 admonitio-

1753 4490 1952 4571 Dnem
2001 4491 2210 4533 memor
2251 4490 2277 4519 II
2307 4476 2680 4549 episcoporum
2705 4518 2720 4544 ,
2767 4475 3066 4548 neglexerit
3118 4471 3414 4528 catholicas

212 4565 431 4643 LXXV.
472 4589 677 4644 Placuit
706 4596 765 4642 ut
785 4583 1043 4643 Romana
1084 4595 1139 4643 et
1164 4585 1525 4642 Alexandrina
1552 4583 1721 4641 eccle-

1866 4567 2044 4626 Ilicere
2097 4569 2282 4640 plebes
2346 4569 2415 4624 ad
2472 4586 2624 4627 suam
2676 4570 2986 4627 cathedram
3038 4565 3412 4638 pertinentes,

131 4681 224 4736 sia
249 4679 480 4732 invicem
517 4679 886 4748 paciﬁcentur.

216 4767 454 4824 LXXVI.
487 4769 553 4824 Ut
571 4770 876 4825 desertores
887 4783 1131 4834 uxorum,
1157 4769 1238 4825 vel
1267 4769 1589 4826 desertrices
1613 4783 1730 4824 ma-

132 4863 378 4916 ritorum
405 4867 496 4913 aut
522 4860 596 4914 ita
628 4868 1008 4930 permaneant,
1047 4869 1140 4915 aut
1184 4861 1287 4916 sibi
1314 4860 1731 4917 reconcilientur

125 4954 295 5024 juxta
319 4953 682 5023 evangelicam
701 4963 756 5008 et
775 4954 1123 5022 apostolicam
1161 4953 1482 5010 doctrinam.

215 5044 480 5100 LXXVII.
515 5045 584 5102 Ut
609 5045 712 5100 illae
742 5053 951 5101 tantum
973 5061 1180 5116 preces,
1201 5030 1732 5117 praefationes,com-

1830 4649 2126 4728 quamlibet
2164 4675 2260 4716 eos
2300 4661 2573 4730 obtineat,
2600 4661 2693 4732 qui
2723 4660 2842 4714 illas
2884 4661 2952 4714 ab
2989 4657 3181 4713 hteresi
3215 4656 3416 4712 libera-

1830 4753 1989 4808 verit.

1902 4849 2061 4905 XCV.
2103 4847 2177 4906 Ut
2196 4847 2478 4919 episcopus
2501 4862 2532 4901 a
2549 4843 2824 4915 iudicibus
2843 4841 3202 4899 communiter
3227 4839 3416 4896 electis

1831 4956 2154 5011 provocasse
2173 4940 2416 4996 detectus
2433 4979 2449 5004 ,
2475 4936 2867 4992 contumaciter
2893 4935 2972 4990 eis
2995 4933 3188 4988 nolens
3206 4933 3416 4987 obtem—

1832 5048 2044 5103 perare,
2073 5030 2612 5088 excommunicetura
2634 5029 2864 5100 primate
2892 5040 3061 5096 usque
3081 5023 3188 5080 illis
3205 5023 3412 5080 obtem-

135 5135 558 5204 mendationes,
607 5137 693 5191 vel
723 5153 916 5193 manus
969 5138 1341 5208 impositiones
1373 5138 1441 5194 ab
1483 5137 1735 5193 omnibus
1832 5134 2004 5208 “9291-.

135 5227 524 5294 celebrentur,
561 5243 698 5298 quas
730 5231 1040 5299 probaverit
1067 5230 1375 5285 concilium.

217 5317 507 5372 LXXVIII.
558 5318 624 5375 Ut
666 5320 760 5390 qui
808 5321 1146 5390 publicorum
1191 5319 1517 5390 iudiciorum
1554 5319 1738 5392 cogni-

134 5412 363 5467 tionem
391 5410 457 5465 ab
490 5410 812 5481 imperatore
847 5411 1218 5482 postulaverit,
1247 5412 1452 5467 honore
1475 5410 1734 5481 privetur.

131 5501 236 5560 Nil
286 5509 472 5555 autem
502 5502 673 5568 obsit,
699 5502 746 5558 si
783 5503 906 5574 quis
932 5503 1233 5577 episcopale
1252 5501 1515 5574 judicium
1541 5503 1610 5558 ab
1639 5503 1740 5559 im-

128 5593 662 5665 persisteretigril-

1908 5193 2086 5251 XCVI.
2129 5193 2202 5250 Ut
2227 5191 2510 5263 episcopus
2533 5205 2686 5246 suam
2721 5186 3000 5244 dioecesim
3031 5185 3100 5242 ab
3132 5183 3326 5242 haeresi
3348 5183 3416 5240 li-

1835 5286 2028 5344 berare
2052 5283 2241 5341 nolens
2271 5294 2326 5340 et
2350 5284 2654 5356 negligens,
2679 5281 3197 5337 excomm‘unicetur.

1907 5379 2110 5435 XCVII.
2155 5378 2224 5435 Ut
2242 5377 2479 5448 episcopi
2500 5375 2835 5431 Donastistas
2857 5373 2960 5430 sibi
2988 5369 3416 5453 communicasse
3439 5394 3444 5398 ·

1837 5471 2050 5527 mentiti
2079 5471 2437 5538 deponantur.
2623 5495 2627 5498 -
3335 5521 3338 5524 .
3446 5483 3453 5491 '

1908 5562 2133 5620 XCVIII.
2181 5562 2252 5619 Ut
2280 5559 2463 5617 clerici
2507 5575 2614 5616 non
2643 5559 2710 5616 ad
2755 5557 3010 5617 Africana
3030 5555 3292 5621 concilia,
3318 5551 3415 5609 sed

217 5647 466 5718 LXXIX.
518 5647 582 5718 Si
606 5647 865 5723 “clericus
915 5662 1412 5724 excommunicatus
1454 5662 1512 5721 in
1555 5661 1740 5720 Africa
1838 5658 1905 5717 ad
1943 5655 2301 5713 transmarina
2331 5660 2688 5726 provocantes
2713 5652 2782 5710 ab
2809 5650 3078 5711 Africanis
3097 5647 3154 5705 in
3177 5655 3414 5704 commu-

219 5790 252 5818 ιι
285 5775 466 5834 locus
489 5776 799 5834 mendosus.
