3950 6312
493 345 628 402 1055

1507 332 1956 392 ANGELRAMNI
1994 326 2330 386 METENSIS
2369 325 2682 384 EPISCOPI‘

3603 322 3761 378 i056

491 459 706 514 nionem
733 470 841 512 non
871 451 1224 524 recipiantur,
1259 449 1408 521 (nisi)
1431 448 1725 504 necessitas
1746 444 1957 518 [Forte,
1990 444 2056 498 ad
2086 447 2134 504 Α
2228 440 2478 496 Aurelius
2499 440 2782 509 episcopus
2811 435 2895 491 his
2918 434 3084 506 gestis
3110 443 3439 491 statutorum
3465 436 3609 506 apud
3645 451 3764 493 nos

492 547 620 620 hoc]
735 547 992 617 coegerit.

560 637 745 694 XCIX.
773 634 925 706 Quod
959 633 1194 702 virgines
1221 630 1384 686 etiam
1412 636 1537 683 ante
1565 642 1675 683 xxv
1701 639 1870 680 annos
1897 623 2064 679 velari

495 729 721 800 possint,
755 727 868 782 si...
899 726 1074 794 aliqua
1096 721 1207 796 jam
1235 737 1342 776 non
1367 718 1678 775 admittant.

564 817 625 872 C.
665 816 734 871 Ut
775 829 843 868 ex
891 812 1114 882 singulis
1159 809 1454 874 provinciis
1503 807 1643 863 terni
1683 803 1895 875 judices
1942 802 2068 858 seli-

495 916 721 974 gantur,
765 919 834 958 ne
879 902 1080 958 diutius
1118 901 1172 956 in
1207 898 1436 956 concilio
1479 910 1668 954 omnes
1703 893 1943 965 episcopi
1990 899 2070 946 te-

495 1005 745 1050 ncantur.

565 1088 650 1143 Cl.
707 1084 860 1152 Quod
899 1082 1350 1142 exeommunicati
1395 1081 1464 1142 ad
1510 1078 1914 1136 accusationem
1957 1092 2067 1132 non

497 1187 624 1235 sunt
651 1175 988 1234 admittendi.

564 1266 672 1320 Cll.
716 1265 785 1321 Ut
831 1265 1010 1319 nullus
1053 1278 1268 1329 servus,
1303 1263 1387 1318 vel
1425 1263 1684 1328 libertus,
1712 1260 1796 1317 vel
1827 1258 2067 1323 infamis,

497 1353 580 1408 vel
608 1353 912 1420 htereticus,
933 1352 1017 1406 vel
1050 1367 1317 1422 paganus,
1343 1351 1427 1406 vel
1454 1350 1688 1416 Judaeus,
1712 1349 1797 1405 vel
1825 1348 1900 1403 illi
1931 1361 2069 1418 quos

497 1444 724 1515 publicae
745 1443 892 1514 leges
937 1459 1044 1499 non
1074 1443 1392 1507 admittunt,
1425 1441 1494 1497 ad
1531 1440 1930 1498 accusationem
1979 1438 2074 1492 ad-

499 1535 784 1589 mittantur
815 1551 829 1587 :
861 1533 1057 1603 quibus
1105 1542 1216 1588 tam
1260 1533 1514 1588 omnibus
1539 1533 1593 1586 iu
1632 1531 1867 1603 propriis
1894 1529 2103 1586 causis.

499 1622 718 1679 licentia
745 1623 1032 1678 accusandi
1066 1638 1175 1679 non
1195 1630 1421 1692 negatur
1570 1677 1572 1679 .

571 1712 700 1769 Clll.
741 1713 812 1769 Ut
841 1720 1181 1768 accusatores
1211 1712 1422 1767 clericis
1446 1711 1675 1782 plurima
1697 1709 1923 1766 crimina
1945 1707 2075 1776 obji-

2163 531 2362 586 habitis
2385 526 2704 596 subscripsi.

2234 619 2562 689 Augustinus
2587 613 2920 688 [Faustinus]
2951 614 3233 686 episcopus
3269 615 3518 671 ecclesire
3548 615 3762 671 Poten-

2164 712 2252 766 tiae
2279 709 2568 780 provinciae
2589 705 2754 761 Italizn
2774 705 2956 761 Piceni
2978 705 3184 778 legatus
3205 705 3466 762 Ecclesiae
3487 706 3760 762 Romam:

2166 803 2252 858 his
2287 801 2451 871 gestis
2477 798 2792 867 subscripsi.

2237 893 2516 964 Philippus
2535 898 2591 946 et
2618 889 2831 946 Asellus
2862 889 3184 961 presbyteri,
3209 887 3473 944 Romana:
3493 888 3762 946 Ecclesia:

2167 985 2346 1056 legati,
2373 984 2460 1039 his
2470 982 2637 1054 gestis
2657 980 3095 1050 subscripsimus,
3120 995 3239 1050 qua:
3253 995 3352 1050 per
3371 995 3477 1036 nos
3499 980 3759 1048 Romam,

2169 1077 2377 1132 directa
2405 1082 2550 1129 sunt.

2238 1167 2568 1238 Augustinus
2593 1165 2877 1236 episcopus
2902 1161 3282 1233 Hipponensis,
3303 1161 3520 1235 legatus
3542 1165 3764 1240 provin-

2171 1257 2267 1314 cia:
2291 1255 2573 1321 Numidiae,
2603 1256 2690 1310 his
2710 1254 2876 1326 gestis
2901 1255 3248 1335 subscripsiz.

2241 1347 2373 1403 Item
2402 1353 2458 1402 et
2480 1344 2671 1415 reliqui
2707 1360 2804 1400 cex
2834 1343 3070 1414 episcopi
3095 1346 3562 1415 subscripserunt.

2241 1435 2394 1504 Quod
2414 1436 2670 1506 przedicta
2687 1435 2922 1505 synodus
2940 1434 3189 1490 Africana
3217 1453 3366 1492 ccvn.
3378 1439 3766 1509 episeoponun

2171 1545 2270 1601 per
2308 1529 2625 1585 Faustinum
2656 1527 2984 1598 episcopum,
3009 1538 3065 1583 et
3088 1528 3394 1599 Philippum
3429 1540 3484 1585 et
3517 1532 3761 1587 Asellum

2173 1623 2515 1694 presbyteros
2540 1620 2779 1692 ejusdem
2821 1619 3033 1674 concilii
3077 1627 3277 1675 statuta
3307 1619 3590 1676 Bonifaeio
3613 1638 3765 1692 πτερω

2178 1712 2543 1770 confirmanda
2588 1710 2866 1778 direxerit,
2890 1719 2946 1764 et
2971 1711 3112 1780 quod
3145 1725 3243 1779 per
3276 1713 3528 1766 eumdem
3546 1712 3760 1784 ’papam

501 1803 726 1868 cientes,
757 1804 802 1858 si
829 1805 932 1859 hoc
962 1803 1106 1873 quod
1131 1804 1365 1872 primum
1397 1781 1692 1871 objecerint
1717 1804 1946 1872 probare
1968 1817 2075 1856 non
2107 1781 2155 1841 Β
2181 1805 2284 1863 sibi
2310 1803 2637 1874 exemplaria
2661 1801 2864 1858 Nicaeui
2915 1801 3129 1858 concilii
3156 1818 3224 1857 ex
3256 1781 3608 1859 orientalibus
3631 1781 3768 1874 ἔμε-

501 1895 802 1960 valuerint,
830 1895 899 1950 ad
931 1895 1137 1964 reliqua
1175 1903 1236 1950 ut
1264 1895 1332 1950 ad
1357 1895 1724 1950 testimonium
1753 1909 1861 1950 non
1887 1893 2081 1948 admit-

503 1991 710 2038 tantur.
751 1983 854 2051 Qui
881 1999 981 2039 nec
1005 1999 1261 2040 accusare
1300 1985 1688 2054 permittuntur
1723 1985 1809 2040 vel
1846 1983 1922 2038 illi
1945 1985 2082 2054 quos

505 2082 790 2129 accusator
811 2074 877 2129 de
907 2075 1065 2130 domo
1093 2090 1188 2129 sua
1217 2074 1556 2144 produxerit.

575 2165 706 2221 CIV.
768 2164 957 2221 Nullus
1021 2168 1088 2221 ad
1138 2167 1506 2223 testimonium
1566 2167 1885 2224 exhibeatur
1939 2166 2082 2221 intra

506 2265 718 2313 sextum
745 2272 946 2311 annum
975 2259 1152 2313 aetatis
1188 2271 1336 2314 suae;

575 2347 685 2404 CV.
730 2348 801 2404 Ut
826 2349 872 2404 si
897 2349 1180 2420 episcopus
1209 2349 1444 2418 aliquem
1464 2348 1566 2404 sibi
1591 2347 1692 2404 soli
1720 2347 1926 2403 crimen
1962 2362 2086 2402 con-

507 2441 710 2496 fessum
731 2439 896 2497 fuisse
918 2441 1148 2506 dixerit;
1179 2440 1268 2494 ille
1289 2452 1315 2482 ει
1337 2440 1630 2510 negaverit,
1659 2455 1765 2494 non
1781 2438 2088 2509 indignetur

507 2534 806 2605 episcopus,
839 2534 887 2591 si
923 2534 1025 2589 sibi
1058 2532 1158 2589 soli
1179 2548 1284 2588 non
1314 2532 1570 2588 creditur.

583 2626 652 2681 Ut
692 2627 926 2696 quandiu
969 2625 1250 2697 episcopus
1297 2624 1534 2694 aliquem
1585 2623 1687 2678 sibi
1734 2623 1835 2679 soli
1882 2624 2088 2678 crimen

509 2715 817 2771 confessum
853 2732 952 2788 pro
979 2715 1446 2771 exeommunieato
1472 2715 1751 2778 vitaverit,
1797 2716 1984 2770 tandiu
2012 2716 2090 2770 ei-

510 2808 634 2864 dem
661 2808 914 2878 episcopo
942 2809 1011 2864 ab
1040 2808 1164 2864 aliis
1203 2823 1312 2862 non
1357 2806 1782 2862 communicetur
1803 2807 2087 2878 episcopis.

509 2900 579 2956 Et
602 2901 703 2956 hoc
729 2901 849 2956 ideo
874 2900 1158 2970 episcopus
1185 2907 1393 2965 caveat,
1417 2913 1487 2953 ne
1505 2898 1560 2952 in
1586 2913 1908 2971 quemquam
1923 2899 2086 2967 dicat,

509 2989 654 3060 quod
679 2989 799 3044 aliis
833 2989 1169 3044 documentis
1193 2989 1423 3059 probare
1448 2996 1700 3058 nequeat.

582 3081 650 3136 Et
672 3082 1139 3153 subscripserunt:

582 3231 608 3259 ι
634 3218 824 3285 Forte,
848 3226 903 3274 et
936 3217 1044 3273 ille.
1070 3187 1249 3274 Hann.

1883 3343 2293 3362 ψ

2181 1898 2357 1967 scopis
2384 1895 2617 1952 mutuari
2643 1895 2877 1966 petierit.

2223 1992 2406 2059 'Quod
2441 1997 2672 2046 sanctus
2725 1989 2956 2060 Cyrillus
3006 1988 3318 2059 patriarcha
3363 1989 3763 2046 Alexandrinus

2180 2081 2446 2154 episcopis
2487 2079 2756 2135 Africanae
2790 2079 2980 2150 synodi
3018 2081 3329 2136 antheatica
3375 2081 3586 2138 Niczeni
3639 2099 3757 2138 con-

2183 2175 2290 2231 cilii
2317 2171 2644 2242 exemplaria
2665 2170 2943 2226 direxerit.

2253 2264 2406 2333 Quod
2450 2272 2506 2318 et
2555 2262 2767 2317 Atticus
2809 2260 3433 2331 Constantinopolitanus
3479 2262 3758 2333 episcopus

2183 2355 2451 2412 Africanis
2471 2353 2736 2424 episcopis
2772 2352 3080 2408 authentica
3108 2352 3310 2408 Niczeni
3338 2353 3556 2410 concilii
3586 2369 3757 2409 exera-

2184 2448 2357 2520 plaria
2383 2445 2665 2501 direxerit.

2255 2539 2411 2606 Quod
2446 2535 2772 2606 exemplaria
2803 2533 3006 2590 Nicaeni
3045 2534 3257 2590 concilii
3282 2544 3407 2606 post
3423 2535 3756 2591 consulatum

2187 2629 2408 2687 Honorii
2429 2637 2484 2685 et
2497 2627 2782 2684 Theodosii
2798 2626 3162 2697 Augustorum
3185 2643 3239 2682 vr
3257 2627 3523 2683 Kalendas
3543 2629 3764 2684 Decern-

2187 2720 2301 2776 bris
2327 2721 2394 2775 ad
2419 2717 2752 2774 Bonifacium
2779 2732 2969 2789 papam
2997 2718 3096 2772 sub
3121 2731 3193 2770 xx
3221 2719 3484 2787 capitibus
3511 2733 3765 2788 pervene-

2189 2811 2328 2876 rint,
2352 2812 2490 2866 sicut
2507 2826 2607 2881 per
2630 2810 2811 2865 omnia
2850 2809 2905 2864 in
2927 2810 3296 2880 superioribus
3316 2821 3459 2866 sunt.

2246 2903 2414 2970 Quod
2441 2901 2754 2957 Africanum
2783 2901 3068 2958 concilium
3096 2903 3278 2958 missis
3305 2901 3492 2959 litteris
3517 2901 3765 2957 (Scelesti-

2192 3009 2321 3047 num
2345 3007 2538 3064 papam
2573 2993 2862 3062 rogaverit,
2900 3000 2960 3046 ut
2981 2993 3459 3048 excommunicatos
3476 3007 3543 3045 ex
3566 2991 3762 3045 Africa

2115 3117 2165 3180 α
2193 3084 2459 3156 fugientes
2474 3085 2777 3142 nullatenus
2805 3085 2861 3140 in
2885 3086 3312 3142 communionem
3329 3084 3638 3152 susciperet.

2295 3331 3759 3360 Μ

1466 3365 1848 3509 ᾸΒΒΙΑΝ
1858 3429 1891 3506 Ι
1946 3430 2230 3508 ΡΑΡλἘ
2282 3427 2795 3508 CAPITULA

513 3559 663 3634 Quae
694 3579 771 3620 ex
808 3559 1039 3622 Graecis
1069 3567 1126 3621 et
1158 3560 1405 3622 Latinis
1436 3561 1801 3635 canonibus,
1835 3568 1889 3622 et
1921 3559 2181 3640 synodis
2211 3561 2537 3633 Romanis,
2574 3567 2759 3699 atgue
2792 3555 3053 3619 decretis
3108 3554 3455 3636 prasulum
3493 3575 3568 3617 ac
3598 3557 3765 3636 prin-

593 3640 804 3699 cinum
826 3639 1248 3699 Romanorum
1269 3641 1540 3699 sparsim
1569 3640 1827 3699 collecta
1846 3648 2014 3699 sunt.
2040 3649 2094 3699 et
2121 3639 2510 3699 Inoilramno
2533 3639 2633 3699 Me
2682 3638 3020 3699 iomatricte
3045 3636 3225 3696 urbis
3246 3636 3547 3699 eniscono
3575 3637 3763 3696 Rom

593 3640 804 3719 cipum
826 3639 1248 3719 Romanorum
1269 3641 1540 3719 sparsim
1569 3640 1827 3719 collecta
1846 3639 2014 3719 sunt,
2040 3649 2094 3700 et
2121 3639 2510 3719 Ingilramno
2533 3639 2633 3719 Me

2682 3638 3020 3700 iomatrica'
3045 3636 3225 3696 urbis
3246 3636 3547 3714 episcopo
3575 3637 3763 3714 Rom

595 3713 839 3796 abeato
870 3715 1150 3777 Adriano
1172 3713 1351 3796 ραρα
1383 3717 1645 3794 tradita,
1683 3718 1794 3780 sub
1826 3717 1924 3779 die
1957 3713 2073 3779 xm
2101 3713 2420 3780 Kalendas
2451 3717 2765 3792 Octobres,
2797 3715 3142 3778 indictione
3161 3717 3222 3792 9,
3245 3713 3501 3794 quanio
3520 3734 3645 3796 pro
3677 3713 3763 3777 sui

593 3792 834 3870 negotii
867 3811 1056 3853 causa
1082 3792 1406 3873 agebatur.

1217 3957 1305 4013 DE
1345 3958 1826 4026 SEQUENTIBUS
1863 3959 2226 4018 CAPITULIS
2263 3960 2313 4016 Ι.
2358 3959 2685 4017 SlRMONDl
2723 3957 3056 4017 MONITUM.

583 4063 687 4132 Qui
723 4073 1020 4138 sequuntur
1047 4063 1268 4122 Adriani
1298 4082 1450 4138 papa;
1489 4083 1725 4126 canones
1760 4077 1814 4124 et
1848 4070 2081 4136 decreta,

512 4151 610 4211 seu
649 4135 927 4211 sententia;
958 4135 1102 4207 (nam
1129 4144 1183 4190 et
1205 4135 1525 4211 liis‘quoque
1562 4141 1869 4211 nominibus
1903 4135 2087 4211 appelé-

513 4207 614 4261 lari
642 4205 862 4288 solent),
885 4205 944 4288 in
963 4205 1229 4328 postrema
1268 4205 1520 4276 editione,
1552 4225 1670 4280 qua:
1711 4205 2085 4266 Antonii—Au-

513 4286 711 4328 trusttm
752 4285 894 4328 notrs
931 4277 1194 4328 tlustrata
1221 4286 1323 4328 est.
1353 4280 1426 4328 ita
1464 4281 1730 4328 distinct».
1775 4289 1936 4328 atauo.
1980 4282 2085 4328 dis.

513 4277 711 4352 gustini
752 4277 894 4331 notis
931 4277 1194 4331 illustrata
1221 4286 1323 4344 est,
1353 4277 1730 4352 itaﬂdistinctaa
1775 4289 1936 4352 atque
1980 4282 2088 4337 dis-

513 4349 731 4421 tributa:
777 4355 903 4402 sunt
952 4354 1012 4421 ut
1050 4363 1198 4402 Lxxu
1246 4351 1496 4421 capitulis
1541 4349 2083 4421 comprehendantur.

2189 4073 2500 4128 testimonio
2544 4081 2789 4137 utuntur,
2837 4072 3085 4126 eumdem
3120 4084 3409 4126 numerum
3457 4081 3765 4142 agnoscunt.

2191 4143 2369 4213 Quare
2394 4145 2649 4213 quoniam
2679 4143 2733 4197 in
2762 4142 3156 4213 exemplaribus
3177 4157 3395 4211 quoque
3417 4146 3639 4213 nostris
3657 4159 3763 4197 con-

2192 4212 2296 4266 fusi
2321 4221 2375 4267 et
2405 4211 2520 4290 sine
2553 4227 2899 4268 numerorum
2946 4211 3089 4290 notis
3127 4219 3304 4276 erant,
3339 4212 3643 4290 pristinum
3685 4229 3762 4290 nn-

2193 4298 2420 4364 mcrum,
2560 4282 3097 4364 est_octogenarium,
3128 4296 3195 4364 ex
3247 4282 3576 4364 conjectura
3614 4284 3766 4338 reddi-

2191 4353 2388 4409 dimus.
2459 4353 2694 4424 Singulis
2720 4353 2907 4424 _etiam
2964 4353 3260 4424 canonibus
3316 4353 3543 4424 singula
3603 4369 3764 4424 regum

513 4418 1076 4520 gmteruﬂao‘c’togirtta
1104 4433 1326 4520 pumero
1351 4419 1516 4520 fuisse
1543 4418 1772 4520 cpnstat:
1799 4422 2086 4520 tl‘loerenim
2115 4458 2167 4520 υ
2190 4433 2497 4520 nostrprum
2537 4418 2791 4520 capitula;
2812 4438 2932 4492 qua:
2978 4423 3064 4504 his
3101 4422 3330 4478 Adriani
3359 4418 3766 4481 sententiis're-

512 4496 568 4542 et
591 4489 800 4557 priores
825 4487 1086 4542 editiones
1110 4488 1266 4543 titulo
1284 4505 1381 4546 suo
1408 4499 1690 4558 testantur,
1720 4501 1774 4547 et
1799 4492 2089 4549 Gratianus

513 4559 710 4628 aliique
751 4572 1018 4614 canonum
1061 4558 1398 4628 collectores,
1441 4577 1567 4618 cum
1602 4563 1796 4618 horum
1823 4577 2091 4618 canonum

1272 4716 1317 4772 1.

579 4804 732 4873 Quod
764 4807 855 4878 qui
890 4809 1189 4880 episcopum
1225 4818 1473 4876 accusat,
1511 4809 1610 4866 Dei
1647 4809 2028 4886 ordinationem

1181 4891 1418 4935 accusat.

583 4967 896 5038 (Capitular.
919 4969 1009 5024 lib.
1033 4987 1110 5036 vr,
1139 4988 1186 5025 c.
1209 4971 1331 5027 280.
1359 5003 1431 5012 —
1453 4972 1506 5036 6,
1530 4980 1716 5043 quwst.
1749 4971 1798 5036 1,
1831 4969 2092 5026 Sacerdo-

512 5055 632 5125 tes.)
661 5057 754 5110 Dei
779 5060 1171 5116 ordinationem
1195 5070 1434 5127 accusat,
1464 5062 1518 5116 in
1543 5077 1646 5131 qua
1669 5061 2087 5127 constituuntur,

513 5143 603 5211 qui
649 5145 926 5216 episcopos
967 5159 1186 5206 accusat
1229 5151 1314 5205 vel
1359 5152 1700 5215 condemnat,
1734 5151 1860 5205 dum
1911 5150 2090 5206 minus

512 5234 950 5305 spiritaliaquam
974 5247 1184 5296 terrena
1205 5250 1499 5297 sectantur.
1517 5239 1670 5297 Unde
1683 5239 1951 5309 Propheta
1977 5239 2086 5294 ait:

513 5323 694 5379 Nolite
717 5333 925 5394 tangere
961 5329 1179 5384 christos
1208 5347 1368 5397 meos,
1395 5339 1442 5385 et
1472 5331 1528 5386 in
1553 5329 1817 5400 prophetis
1843 5329 1970 5384 meis
1995 5345 2089 5383 no-

512 5411 602 5468 lite
628 5413 905 5484 malignari
930 5417 983 5488 (Ι
1006 5417 1190 5473 Paral.
1217 5421 1352 5492 xvr).

562 5571 690 5654 _Qui
719 5576 976 5646 negotium
999 5578 1149 5660 habet
1175 5511 1579 5660 cunilmpiscopo
1608 5581 1753 5652 prius
1775 5578 1844 5632 ad
1869 5577 2017 5632 illum

1042 5659 1283 5717 privatim
1310 5661 1562 5704 recurrat.

589 5739 724 5816 (Lib.
753 5759 826 5807 vr,
859 5760 973 5812 cap.
1002 5742 1152 5814 287.)
1178 5742 1384 5798 Placuit
1415 5753 1818 5813 utqutecunquc
1859 5755 2084 5810 persona

2194 4496 2477 4564 spondent,
2513 4493 2827 4565 apponcuda
2852 4493 3180 4548 curavimus.

2189 4715 2380 4767 contra
2400 4707 2708 4779 episc0pum
2726 4749 2742 4776 ,
2770 4707 2855 4764 vel
2877 4716 3091 4766 actores
3113 4707 3381 4774 ecclesiae,
3415 4721 3479 4764 se
3505 4707 3766 4778 proprium

2189 4800 2479 4857 crediderit
2503 4799 2703 4855 habere
2732 4800 3029 4869 negotium,
3061 4799 3214 4868 prius
3255 4798 3327 4852 ad
3362 4811 3495 4852 eum
3545 4806 3767 4854 recurrat

2190 4889 2468 4944 charitatis
2491 4889 2698 4956 studio;
2725 4899 2782 4944 ut
2811 4887 3063 4943 familiari
3089 4888 3363 4958 colloquio
3389 4889 3764 4948 commonitus.

2189 4998 2252 5043 ea
2281 4997 2472 5040 sanare
2500 4983 2694 5040 debeat
2727 4999 2846 5053 qum
2885 4984 2938 5038 in
2969 4983 3366 5054 querimoniam
3416 4985 3764 5041 deducuntur.

2189 5073 2360 5140 Quam
2390 5090 2504 5130 rem
2533 5074 2579 5130 si
2623 5074 2841 5129 differre
2873 5073 3129 5147 [deferre]
3158 5073 3411 5140 voluerit,
3455 5073 3768 5131 sententiam

2189 5165 2450 5234 suscipiat
2473 5165 3066 5222 excommunicationis.

2929 5340 3014 5396 111.

2245 5455 2322 5510 De
2347 5456 2575 5526 primatu
2595 5471 2732 5510 seats
2759 5454 3055 5535 apostolicae
3076 5455 3209 5509 etde
3231 5453 3471 5525 legitima
3500 5455 3727 5525 episcopi

2833 5536 3120 5580 vocatione.

2264 5647 2464 5718 (Addit.
2497 5663 2570 5711 ιν,
2599 5663 2719 5717 τηρ.
2762 5645 2876 5716 12.)
2911 5643 3100 5700 Nullus
3125 5643 3430 5713 episcopus,
3484 5642 3592 5698 nisi
3619 5654 3766 5698 cano—

2192 5742 2310 5795 nice
2359 5747 2598 5803 vocatus,
2652 5749 2704 5793 et
2739 5739 2794 5793 in
2839 5738 3075 5809 legitima
3121 5738 3327 5807 synodo
3375 5752 3478 5792 suo
3529 5745 3767 5804 tempore
