3950 6312
152 312 172 364 1
182 314 286 370 057

944 334 1000 356 χ
1073 304 1413 363 CAPITULA
1448 303 1538 358 AB
1572 297 2093 358 ADﬂlANO-PAPA
2132 298 2458 357 TRADlTA.
2519 319 2603 338 κ

3261 301 3402 361 1058

145 433 441 506 apostolica
484 427 804 486 auctoritate
844 433 1138 482 convocata
1180 424 1290 494 (cui
1329 421 1586 492 jussione‘
1616 417 1722 471 Βο-
1744 413 2161 484 Ajudicandus,
2198 415 2452 470 advenire
2499 421 2690 483 sponte
2733 415 2976 485 elegerit.
3025 415 3137 472 Nec
3181 419 3404 474 omnino

149 523 304 588 mini,
340 530 394 576 et
417 519 627 574 meritis
650 517 796 574 beati
822 515 967 570 Petri
1003 514 1251 584 apostoli,
1278 511 1567 583 singularis
1597 524 1727 565 con-

149 613 545 684 gregandorum
570 607 922 664 conciliorum
962 605 1276 670 auctoritas,
1319 612 1374 659 et
1416 610 1728 658 sanctorum

151 717 416 757 canonum
460 714 524 755 ac
556 697 982 753 venerandorum
1015 695 1244 749 Patrum
1285 693 1517 749 decretis
1549 689 1730 746 multi-

139 795 364 865 .pliciter
399 791 608 862 privata
639 788 837 843 tradita
877 795 961 842 est
999 784 1279 856 potestas),
1321 797 1482 852 super
1511 783 1732 853 quibus-

147 884 288 938 libet
317 879 635 936 criminibus
665 876 908 948 pulsatus
936 874 1184 929 audiatur
1214 873 1300 927 vel
1327 873 1634 942 impetatur.
1672 869 1731 925 Si

154 968 313 1028 aliter
355 975 742 1042 prazsumptum
779 983 810 1021 a
837 964 1164 1036 quibuslibet
1207 962 1390 1031 fuerit,
1438 962 1493 1016 in
1533 975 1731 1016 vanum

155 1061 451 1119 deducatur
475 1061 617 1131 quod
642 1058 872 1130 egerint.
914 1056 1025 1114 Nec
1056 1058 1198 1112 inter
1225 1055 1593 1111 ecclesiastica
1619 1051 1731 1108 ullo

155 1158 318 1212 modo
350 1152 701 1223 reputabitur,
738 1165 837 1205 nec
883 1149 1020 1204 ullas
1061 1148 1280 1205 habebit
1303 1148 1447 1202 vires
1474 1143 1734 1216 quidquid

160 1246 259 1318 [ei]
290 1244 608 1300 obviaverit.
641 1241 903 1308 Quoniam
936 1239 1123 1296 eadem
1155 1239 1331 1305 sedes,
1362 1245 1594 1294 testante
1623 1237 1732 1292 Ve—

158 1337 335 1392 ritatis
363 1349 516 1400 voce,
544 1326 839 1403 primatum
865 1330 1130 1397 obtinuit;
1161 1343 1262 1385 nec
1299 1329 1474 1399 prima
1501 1328 1732 1393 dicetur,

157 1428 206 1482 si
234 1427 392 1481 aliam
417 1439 581 1494 super
606 1439 669 1478 se
694 1423 941 1478 haberet.
972 1421 1107 1488 Qua:
1136 1421 1300 1476 etiam
1325 1427 1486 1489 caput
1512 1427 1596 1474 est
1619 1433 1736 1473 om-

161 1519 310 1572 nium
335 1507 718 1578 Ecclesiarum,
743 1528 776 1568 a
797 1528 903 1583 qua
924 1528 1114 1569 omnes
1144 1526 1423 1582 sumpsere
1445 1509 1732 1581 originem.

161 1607 458 1662 Primatum
485 1604 634 1661 enim
663 1620 773 1660 non
799 1603 1146 1675 synodalibus
1173 1610 1267 1657 aut
1289 1601 1557 1672 aliquibus
1586 1615 1739 1656 com-

165 1701 362 1756 mentis
387 1698 584 1754 meruit
617 1697 896 1762 institutis,
931 1695 1026 1752 sed
1052 1694 1279 1751 Domino
1313 1693 1594 1764 largiente,
1638 1691 1731 1762 qui

163 1793 244 1848 ait
271 1807 287 1846 :
313 1792 388 1846 Tu
426 1809 480 1846 es
510 1790 721 1856 Petrus,
759 1798 808 1844 et
849 1805 1007 1859 super
1028 1788 1162 1842 hanc
1201 1786 1414 1842 Petram
1459 1784 1732 1853 wdiﬁcabo

165 1887 456 1944 Ecclesium
479 1902 648 1940 meam
677 1884 892 1956 (Matth.
919 1883 1066 1955 xvi);
1097 1891 1152 1938 et
1183 1881 1392 1952 reliqua
1421 1881 1550 1935 talia
1570 1887 1626 1935 et
1654 1879 1742 1936 his

159 1978 381 2034 sinilia.
417 1976 622 2044 Quibus
650 1975 696 2030 si
716 1974 912 2045 aliquis
941 1974 1172 2044 superbo
1198 1972 1388 2042 spiritu
1422 1971 1736 2034 obviaverit,

165 2068 616 2141 praaceptionihus
653 2082 761 2122 non
783 2073 940 2122 exeat
965 2065 1277 2135 impunitus,
1311 2063 1405 2120 sed
1432 2063 1629 2134 gradus
1657 2061 1740 2120 sui

153 2164 408 2235 periculo
436 2161 755 2234 subjacebit.

903 2252 994 2310 IV.

442 2347 518 2402 De
545 2343 870 2401 discutienda
897 2341 1218 2398 accusatoris
1237 2358 1479 2413 persona.

241 2438 445 2510 (Addit.
474 2455 548 2503 iv,
577 2455 623 2490 c.
650 2436 762 2509 11.)
788 2435 996 2490 Placuit
1024 2442 1084 2490 ut
1112 2449 1326 2505 semper
1350 2433 1527 2503 primo
1555 2432 1612 2488 in
1655 2446 1745 2486 ac-

163 2531 450 2587 cusatione
494 2529 812 2585 clericorum
847 2526 980 2582 ﬁdes
1028 2534 1084 2581 et
1109 2526 1220 2580 vita
1259 2523 1743 2596 blasphemantium

169 2629 558 2693 pet-scrutetur.
585 2619 722 2675 Nam
752 2619 884 2675 ﬁdes
925 2632 1115 2674 omnes
1143 2625 1296 2673 actus
1323 2617 1557 2672 hominis
1587 2616 1746 2688 debet

170 2711 496 2782 praecedere,
527 2710 652 2780 quia
677 2709 870 2766 dubius
904 2709 960 2764 in
1003 2709 1107 2764 ﬁde
1144 2707 1373 2763 inﬁdelis
1401 2715 1504 2762 est.
1530 2706 1642 2762 Nec
1667 2707 1747 2762 eis

171 2801 391 2856 omnino
409 2814 529 2855 esse
547 2798 893 2864 credendum,
910 2798 1002 2868 qui
1025 2797 1266 2853 veritatis
1290 2799 1449 2853 ﬁdem
1475 2798 1744 2868 ignorant,

169 2898 272 2944 aut
294 2907 394 2944 non
418 2899 579 2945 recta:
597 2889 1023 2944 conversationis
1045 2889 1212 2943 vitam
1244 2887 1465 2954 ducunt,
1492 2888 1749 2957 quoniam

127 3043 135 3047 _
173 2981 314 3036 tales
342 2979 497 3036 facile
523 2987 580 3035 et
618 2977 984 3035 indiﬁ‘erenter
1012 2979 1252 3034 lacerant
1292 2987 1347 3033 et
1394 2978 1750 3033 criminantur

171 3077 324 3126 recte
357 3076 411 3123 et
441 3069 529 3138 pie
557 3069 800 3123 viventes
824 3077 879 3123 et
901 3069 1202 3124 credentes.
1231 3068 1356 3122 Ideo
1388 3068 1622 3139 suspicio
1655 3084 1748 3125 eo-
1773 3102 1819 3166 ο

171 3175 298 3215 rum
327 3159 658 3214 discutienda
683 3165 766 3214 est
789 3158 964 3228 primo
990 3166 1044 3214 et
1069 3158 1404 3230 corrigenda.

929 3249 994 3306 V.

175 3337 419 3406 Qualiter
438 3340 707 3414 episcopus
733 3339 803 3393 ad
839 3340 1095 3414 synodum
1125 3349 1432 3396 convocetur
1449 3349 1499 3397 et
1526 3342 1752 3414 qualiter

668 3411 725 3464 in
747 3427 810 3464 ea
831 3409 894 3464 de
919 3409 1011 3465 illo
1043 3422 1253 3482 agatur.

254 3501 456 3572 (Addit.
488 3519 564 3570 1v,
592 3520 639 3557 c.
670 3502 782 3576 11.)
812 3502 1008 3562 Sancta
1033 3506 1268 3577 synodus
1303 3505 1547 3562 Romana
1570 3505 1706 3561 dixit
1733 3521 1750 3561 :

178 3592 311 3647 Haac
343 3601 468 3647 sunt
501 3609 620 3664 qua:
643 3595 896 3666 deinceps
922 3607 1142 3668 propter
1169 3598 1432 3653 malorum
1475 3598 1752 3654 hominum

171 3682 427 3748 insidias,
457 3685 548 3753 qui
596 3684 650 3738 in
700 3685 996 3741 Ecclesium
1021 3695 1076 3742 et
1104 3688 1498 3742 ecclesiasticos
1547 3687 1755 3744 indiffe-

175 3780 368 3827 renter
393 3775 618 3828 saaviunt
647 3775 814 3842 viros,
845 3777 1151 3833 conservari
1181 3777 1486 3832 ﬁrmissime
1511 3777 1756 3834 volumus

166 3865 238 3920 in
255 3866 471 3920 szecula.
494 3866 553 3921 Si
576 3868 696 3936 quis
721 3869 1002 3940 episcopus
1020 3872 1086 3926 ab
1112 3870 1214 3924 illis
1242 3872 1644 3927 accusatoribus
1662 3873 1754 3941 qui

173 3956 470 4024 recipiendi
501 3965 647 4021 sunt,
686 3956 850 4012 fuerit
881 3969 1187 4026 accusatus,
1217 3967 1501 4030 postquam
1540 3961 1655 4030 ipse
1688 3961 1756 4016 ab

169 4047 264 4102 eis
300 4046 615 4102 charitative
640 4057 937 4104 conventus
980 4049 1163 4116 fuerit,
1211 4060 1271 4106 ut
1318 4052 1490 4121 ipsam
1536 4067 1755 4106 causam

169 4136 481 4192 emendare
520 4139 728 4204 debeat,
778 4147 834 4194 et
872 4154 992 4194 eam
1041 4143 1312 4211 corrigere
1359 4142 1611 4208 noluerit,
1647 4159 1755 4198 non

168 4227 317 4284 olim
344 4227 440 4281 sed
470 4235 593 4284 tunc
614 4231 681 4285 ad
705 4247 945 4286 summos
970 4232 1228 4302 primates
1260 4247 1420 4288 causa
1447 4232 1564 4302 ejus
1589 4249 1755 4288 cano-

168 4320 305 4375 nice
348 4318 641 4377 deferatur.
690 4322 793 4390 Qui
831 4339 1068 4397 congruo
1104 4326 1160 4380 in
1209 4326 1352 4393 loco,
1399 4326 1538 4382 infra
1584 4328 1753 4398 ipsam

165 4413 543 4485 provinciam,
587 4425 827 4486 tempore
854 4433 889 4473 a
913 4419 1209 4475 canonibus
1243 4419 1463 4490 praeﬁxo
1495 4419 1751 4486 Nicatnis,

166 4505 470 4563 concilium
510 4509 770 4565 canonice
812 4525 1109 4566 convocare
1144 4512 1436 4578 debebunt,
1479 4512 1553 4567 ita
1589 4521 1650 4567 ut
1689 4513 1756 4568 ab

166 4599 436 4654 omnibus
467 4599 705 4670 ejusdem
737 4604 1028 4672 provinciae
1055 4605 1319 4675 episcopis
1360 4606 1415 4659 in
1445 4620 1510 4661 eo
1532 4603 1641 4677 [ea]
1665 4621 1760 4660 au-

168 4691 384 4746 diatur.
426 4690 484 4745 ln
515 4707 623 4760 quo
647 4699 703 4748 et
732 4693 844 4762 ipse
876 4695 1136 4750 canonice
1175 4703 1526 4758 convocatus,
1566 4695 1610 4751 si
1637 4711 1761 4751 eum

167 4790 277 4838 aut
307 4782 617 4850 inﬁrmitas,
657 4793 750 4839 aut
785 4786 890 4841 alia
935 4788 1115 4857 gravis
1157 4787 1452 4843 necessitas
1483 4803 1588 4842 non
1626 4788 1764 4843 deti-

168 4877 390 4942 nuerit,
414 4879 604 4934 adesse
625 4879 860 4945 debebit,
883 4882 1008 4949 quia
1027 4881 1165 4935 ultra
1191 4882 1479 4952 provinciae
1502 4883 1762 4938 terminos

169 4968 476 5022 accusandi
505 4977 631 5024 ante
656 4970 870 5026 licentia
896 4987 1002 5026 non
1031 4980 1137 5037 est,
1166 4989 1327 5042 quam
1373 4975 1641 5029 audientia
1675 4990 1765 5029 ro-

167 5070 365 5132 getur.
412 5060 546 5116 Nam
587 5063 632 5117 si
681 5064 793 5118 suis
835 5063 997 5119 fuerit
1046 5067 1206 5121 rebus
1251 5067 1600 5136 exspoliatus,
1648 5076 1762 5132 aut,

167 5152 329 5221 quo’d
353 5153 518 5218 absit,
545 5153 688 5222 quod
711 5154 945 5209 alienum
982 5157 1050 5211 ab
1075 5157 1324 5212 omnibus
1349 5157 1508 5213 debet
1535 5172 1655 5213 esse
1699 5157 1764 5211 ﬁ-

163 5242 419 5306 delibus,
443 5258 475 5296 a
515 5244 639 5298 sede
680 5246 895 5314 propria
933 5245 1158 5314 ejectus,
1204 5255 1297 5301 aut
1348 5248 1404 5301 in
1456 5248 1765 5303 detentione

164 5331 368 5401 aliqua
399 5347 430 5385 a
462 5333 576 5388 suis
593 5335 784 5390 ovibus
805 5333 1516 5412 iueritsequestratus,tunc
1546 5339 1764 5394 canoni-

165 5441 268 5490 ce,
316 5433 610 5494 antequam
660 5427 713 5480 in
740 5428 1030 5496 pristinum
1064 5429 1380 5483 restituatur
1425 5429 1682 5485 honorem
1710 5439 1764 5485 et

164 5532 282 5572 sua
306 5517 492 5570 omnia
521 5533 640 5587 qua:
664 5519 873 5574 insidiis
896 5520 1236 5575 inimicorum
1265 5536 1483 5576 suorum
1511 5521 1561 5576 ei
1587 5521 1762 5576 ablata

160 5608 426 5672 fuerant,
465 5609 918 5681 redintegrentur,
945 5627 1046 5668 nec
1073 5614 1380 5679 convocari,
1410 5629 1507 5668 nec
1529 5613 1761 5682 judicari

149 5698 410 5771 poterit,
435 5698 538 5755 nisi
567 5701 678 5772 ipse
703 5716 800 5771 pro
829 5717 924 5760 sua
961 5703 1306 5772 necessitate,
1336 5704 1555 5761 minimc
1581 5711 1758 5760 tamen

1823 520 1857 559 a
1881 520 2154 575 quoquam
2177 506 2503 575 respondere
2525 512 2771 574 cogatur,
2793 514 3080 574 antequam
3109 508 3290 562 omnia
3319 510 3403 562 in-

1825 596 2113 667 tegerrime
2140 610 2260 666 quae
2281 609 2378 665 per
2403 595 2775 666 suggestiones
2810 596 3152 652 inimicorum
3179 612 3403 653 suorum

1827 686 2082 741 amiserat
2104 684 2355 756 potestati
2389 684 2508 754 ejus
2530 688 2599 742 ab
2635 687 2936 743 honorabili
2957 689 3185 744 concilio
3226 690 3407 746 redin-

1828 785 2127 847 tegrentur,
2157 787 2211 832 et
2234 777 2430 847 praesul
2448 779 2598 848 prius
2622 779 2788 834 statui
2812 779 3043 849 pristino
3065 781 3401 849 restituatur;

1828 879 1884 925 et
1909 869 2022 940 ipse
2047 869 2321 938 dispositis
2345 871 2714 941 ordinatisque
2749 872 2917 928 libere
2951 889 3015 929 ac
3055 889 3243 930 secure
3270 877 3406 942 suis,

1831 970 1960 1017 tunc
1983 963 2240 1017 canonice
2269 972 2618 1028 convocatus,
2650 966 2717 1020 ad
2743 974 2954 1036 tempus
2989 969 3198 1038 synodo
3243 969 3298 1023 in
3332 970 3410 1024 le-

1831 1054 2019 1122 gitima
2046 1062 2100 1110 et
2129 1057 2387 1110 canonica
2431 1057 2612 1111 veniat
2640 1059 2707 1113 ad
2741 1069 2980 1124 causam,
3005 1069 3059 1114 et
3083 1061 3129 1114 si
3159 1061 3233 1114 ita
3266 1059 3413 1130 juste

1832 1143 2065 1209 videtur,
2128 1145 2496 1201 accusantium
2555 1149 3010 1218 propositionibus
3063 1153 3406 1221 respondeat.

1832 1233 1967 1289 Nam
1994 1237 2098 1290 hoc
2127 1251 2466 1308 summopere
2489 1240 2875 1309 providendum
2903 1251 3006 1308 est,
3031 1259 3097 1299 ne
3119 1253 3408 1316 antequam

1833 1325 1950 1381 hac
1974 1327 2152 1380 omnia
2185 1326 2317 1382 ﬁant
2343 1337 2562 1388 coactus
2588 1334 2930 1401 respondeat,
2973 1335 3097 1400 quia
3135 1337 3410 1393 contentio

1834 1427 2048 1486 semper
2069 1416 2288 1472 vitanda
2311 1427 2414 1474 est.
2455 1419 2636 1476 Adimi
2663 1436 2897 1494 namque
2928 1425 3178 1496 episcopo
3203 1429 3414 1497 episco-

1832 1517 2020 1574 patum
2063 1516 2352 1577 antequam
2398 1524 2576 1578 causae
2607 1511 2723 1582 ejus
2763 1515 2941 1570 exitus
2969 1525 3249 1586 appareat,
3278 1515 3413 1575 nulli

1836 1593 2146 1652 Christiano
2182 1597 2354 1653 videri
2383 1597 2507 1668 jure
2547 1609 2742 1672 potest.
2773 1602 2850 1674 (6,
2877 1622 2929 1676 q.
2952 1605 3008 1672 5,
3053 1606 3113 1662 Si
3138 1607 3413 1678 trgi-atus.)

1837 1686 1988 1753 Quod
2029 1688 2073 1743 si
2099 1697 2369 1757 aegrotans
2405 1689 2568 1746 fuerit
2591 1693 2898 1764 episcopus,
2926 1705 3020 1751 aut
3063 1697 3241 1768 aliqua
3288 1709 3414 1754 eum

1841 1778 2020 1845 gravis
2046 1780 2341 1835 necessitas
2365 1780 2675 1849 detinuerit,
2701 1800 2798 1855 pro
2824 1800 2882 1841 se
2922 1785 3156 1856 legatum
3188 1789 3256 1844 ad
3293 1804 3421 1860 syn-

1840 1864 2002 1920 odum
2031 1867 2240 1933 mittat;
2285 1883 2384 1924 nec
2412 1884 2443 1924 a
2484 1873 2861 1928 communione
2899 1877 3275 1946 suspendatur,
3329 1878 3418 1932 cui

1841 1956 2047 2012 crimen
2091 1954 2408 2025 intenditur,
2437 1961 2541 2015 nisi
2580 1964 2650 2017 ad
2697 1979 2918 2019 causam
2956 1982 3110 2021 suam
3135 1967 3421 2023 dicendam

1841 2046 2134 2103 electorum
2172 2046 2417 2117 judicum
2464 2051 2552 2105 die
2588 2061 2787 2124 statuta
2814 2054 3008 2111 litteris
3033 2069 3288 2112 evocatus
3317 2060 3421 2114 mi-

1840 2139 1986 2194 nime
2029 2142 2349 2207 occurrerit,
2387 2143 2490 2198 hoc
2523 2152 2627 2210 est,
2653 2145 2758 2201 nisi
2805 2147 2910 2202 alia
2960 2151 3424 2219 praeoccupaverit

1841 2234 2156 2300 necessitas,
2185 2233 2326 2290 infra
2350 2235 2579 2291 duorum
2601 2238 2686 2293 vel
2708 2238 2870 2294 trium
2896 2240 3162 2295 mensium
3189 2243 3424 2311 spatium

1842 2332 1990 2381 eteo
2031 2326 2280 2396 amplius,
2308 2335 2467 2398 prout
2515 2343 2679 2384 causa
2725 2329 3029 2387 dictaverit.
3058 2331 3212 2399 Quod
3255 2333 3301 2388 si
3353 2349 3423 2388 ex

1841 2426 2072 2488 utraque
2110 2429 2262 2489 parte
2298 2421 2365 2476 ad
2405 2436 2624 2476 causam
2667 2422 2950 2479 dicendam
2993 2425 3258 2489 venerint,
3293 2426 3420 2496 quia

1842 2526 1983 2565 unus
2018 2511 2220 2580 absque
2262 2511 2435 2567 altero
2478 2513 2653 2568 audiri
2702 2531 2811 2570 non
2853 2517 3031 2582 debet,
3076 2520 3425 2588 qumrendum

1843 2609 1928 2656 est
1954 2602 2005 2656 in
2027 2602 2254 2671 judicio,
2280 2603 2433 2673 cujus
2455 2604 2563 2659 sint
2585 2607 3012 2662 conversationis
3035 2618 3090 2662 et
3113 2608 3235 2663 ﬁdei
3263 2617 3426 2679 atque

1845 2691 2165 2761 suspicionis
2193 2702 2559 2759 accusatores,
2600 2704 2696 2752 aut
2727 2713 2834 2768 qua
2880 2698 3178 2754 intentione
3212 2700 3315 2755 hoc
3342 2701 3425 2755 fa-

1845 2792 1991 2838 cnant
2019 2801 2031 2836 :
2061 2783 2186 2854 quia
2220 2785 2287 2840 ad
2321 2786 2424 2842 hoc
2469 2787 2680 2842 admitti
2717 2803 2826 2843 non
2857 2788 3074 2856 debent,
3121 2789 3226 2845 nisi
3272 2791 3429 2847 bona!

1847 2876 2269 2932 conversationis
2315 2886 2370 2932 et
2417 2887 2578 2934 recta:
2622 2879 2746 2935 ﬁdei
2787 2881 2909 2945 viri,
2951 2889 3008 2936 et
3054 2881 3091 2936 ii
3140 2882 3232 2952 qui
3280 2883 3430 2938 omni

1848 2967 2150 3036 suspicione
2177 2979 2402 3024 careant
2427 2978 2482 3024 et
2504 2971 2646 3026 bona
2664 2971 2774 3026 vita
2803 2972 3064 3037 clareant,
3095 2989 3270 3044 neque
3285 2973 3432 3029 infa-

1849 3074 1964 3114 mes
1988 3061 2240 3116 existant.
2259 3061 2409 3128 Quod
2425 3063 2469 3118 si
2492 3072 2866 3119 accusatorum
2888 3080 3130 3134 personae
3160 3067 3212 3121 in
3222 3066 3429 3136 judicio

1851 3150 2223 3221 episcoporum
2260 3153 2555 3223 culpabiles
2599 3157 2967 3225 apparuerint,
3000 3158 3067 3212 ad
3093 3147 3428 3228 arguentium

1849 3254 1957 3295 non
1979 3240 2348 3304 admittantur,
2379 3242 2488 3296 nisi
2507 3245 2752 3312 proprias
2782 3245 3068 3301 habuerint
3085 3263 3293 3313 causas,
3319 3265 3430 3304 non

1850 3336 2034 3383 tamen
2078 3330 2386 3386 criminales
2427 3332 2511 3386 vel
2549 3334 2966 3390 ecclesiasticas.
3000 3337 3230 3393 infamis
3283 3341 3430 3396 enim

1850 3436 2081 3492 persona
2111 3438 2212 3478 nec
2245 3434 2570 3493 procurator
2607 3434 2786 3496 potest
2827 3443 2966 3492 esse,
3013 3443 3116 3484 nec
3160 3431 3427 3501 cognitor.

1850 3511 2089 3569 Absente
2135 3529 2264 3570 vero
2311 3515 2622 3574 adversario
2670 3534 2777 3573 non
2822 3519 3072 3574 audiatur
3122 3532 3428 3588 accusator,

1850 3618 1954 3660 nec
1983 3607 2248 3660 sententia
2273 3608 2496 3664 absente
2525 3619 2678 3680 parte
2702 3611 2806 3665 alia
2836 3627 2866 3666 a
2885 3610 3067 3680 judice
3095 3613 3235 3669 dicta
3265 3615 3428 3670 ullam

1852 3697 2118 3753 obtinebit
2148 3697 2478 3754 ﬁrmitatem.
2505 3700 2688 3772 Neque
2718 3703 2912 3758 absens
2952 3720 3048 3774 per
3076 3705 3238 3759 alium
3268 3723 3429 3761 accu-

1854 3807 1976 3848 sare
1998 3803 2090 3848 aut
2113 3795 2356 3850 accusari
2389 3802 2587 3865 potest.
2630 3797 2741 3853 Nec
2783 3798 2958 3853 allinis
2985 3801 3139 3855 testis
3176 3801 3432 3856 admitta-

1855 3890 1960 3938 tur.
1992 3883 2270 3939 Neminem
2297 3901 2428 3955 ergo
2461 3888 2704 3943 exhiberi
2734 3890 2800 3944 de
2823 3890 3097 3960 provincia
3131 3895 3199 3946 ad
3217 3895 3434 3963 provin-

1854 3978 1994 4033 ciam
2021 3977 2104 4032 vel
2133 3979 2199 4034 ad
2234 3979 2550 4036 comitatum
2589 3990 2819 4051 oportet,
2850 3983 2954 4038 nisi
3000 3984 3069 4039 ad
3115 3984 3432 4041 relationem

1848 4067 2066 4138 judicis,
2095 4070 2162 4124 ad
2207 4085 2366 4140 quem
2414 4071 2575 4127 fuerit
2608 4073 2948 4143 appellatum,
2984 4075 3036 4129 id
3069 4083 3152 4128 est
3182 4085 3241 4128 ut
3283 4086 3439 4132 actor

1856 4177 2068 4230 semper
2106 4162 2184 4217 rei
2226 4162 2402 4218 forum
2445 4176 2720 4234 sequatur.
2754 4167 2810 4221 Si
2845 4167 2966 4236 quis
2989 4175 3167 4221 autem
3193 4166 3432 4238 jutlicem

1855 4253 2140 4307 adversum
2162 4253 2263 4307 sibi
2287 4256 2533 4319 senserit,
2560 4272 2746 4312 vocem
2765 4257 3137 4328 appellationis
3157 4260 3428 4325 exhibeat,

1854 4359 2018 4415 quam
2047 4344 2180 4399 nulli
2208 4353 2419 4414 oportet
2443 4348 2652 4418 negari.

2591 4459 2680 4514 Vl.

1860 4523 1929 4580 Ut
1959 4525 2004 4580 si
2037 4527 2153 4598 quis
2186 4528 2638 4614 metropolitanum
2679 4541 2972 4614 suspectum
3007 4533 3268 4601 habuerit,
3293 4533 3434 4606 apud

2347 4600 2622 4669 primatem
2657 4600 2924 4659 audiatur.

1933 4690 2136 4762 (Addit.
2162 4706 2238 4756 ιν,
2267 4708 2313 4744 c.
2338 4691 2450 4764 15.)
2470 4692 2526 4747 Si
2553 4694 2674 4762 quis
2695 4703 2873 4748 autem
2895 4693 3163 4762 putaverit
3185 4709 3244 4750 se
3267 4710 3296 4748 a
3319 4709 3440 4765 pro-

1860 4781 1978 4853 prio
1989 4783 2404 4851 metropolitano
2421 4784 2654 4853 gravari,
2670 4783 2807 4852 apud
2820 4784 3102 4853 primatem
3120 4785 3435 4851 dioeceseos,

1863 4882 1956 4930 aut
1984 4876 2122 4945 apud
2149 4874 2751 4945 Constantinopolitante
2788 4875 3023 4932 civitatis
3064 4877 3264 4940 sedem,
3314 4884 3438 4946 agat

1855 4964 2136 5036 judicium,
2161 4976 2213 5021 et
2236 4965 2460 5036 reliqua.

2595 5055 2705 5112 ΥΠ.

2163 5148 2240 5203 De
2266 5149 2531 5202 canonica:
2553 5147 2902 5201 accusationis
2932 5149 3132 5204 ordine.

1935 5239 2072 5311 (Lib.
2101 5255 2195 5305 vn,
2222 5258 2268 5294 c.
2296 5241 2382 5305 15,
2405 5239 2555 5312 558.)
2579 5239 2948 5297 Accusationis
2971 5244 3214 5299 ordinem
3235 5245 3435 5302 dudum

1864 5333 2137 5391 canonicis
2167 5333 2468 5388 institutum
2496 5333 2725 5388 decretis
2752 5335 2956 5389 servari
2975 5333 3247 5402 jubemus.
3290 5335 3360 5391 Ut
3389 5335 3436 5392 si

1863 5427 1984 5495 quis
2011 5425 2326 5481 clericorum
2366 5425 2421 5478 in
2460 5424 2805 5481 accusatione
2843 5427 3086 5498 pulsatus
3113 5426 3295 5492 fuerit,
3329 5441 3437 5482 non

1862 5518 2046 5573 statim
2069 5531 2190 5571 reus
2219 5517 2516 5570 azstimctur
2547 5518 2640 5586 qui
2674 5520 2917 5575 accusati
2942 5518 3137 5589 potuit,
3162 5532 3232 5572 ne
3261 5515 3441 5585 subje-

1861 5616 2002 5662 ctam
2034 5607 2398 5663 innocentiam
2437 5605 2717 5663 faciamus.
2753 5607 2858 5664 Sed
2889 5610 3116 5680 quisque
3149 5600 3444 5678 [quisquis]

1862 5699 2062 5756 illc'est
2100 5699 2191 5769 qui
2228 5699 2430 5754 crimen
2461 5698 2710 5766 intendit,
2735 5699 2788 5754 in
2821 5699 3086 5770 judicium
3111 5695 3307 5760 veniat,
3342 5705 3438 5752 no-
