3950 6312
559 330 699 398 1059

1577 329 2028 389 ANGELRAMNI
2066 331 2410 391 METENSIS
2448 333 2753 394 EPISCOPI

3675 351 3813 406 ηοω

553 456 679 500 men
692 441 770 497 rei
783 439 1000 508 indicet,
1016 437 1290 496 vinculum
1305 436 1669 510 inscriptionis
1688 441 1928 511 arripiat,
1951 450 2131 500 cnsto-
2155 447 2205 508 Α
2231 444 2374 502 facto
2396 448 2564 504 dabit.
2593 449 2702 507 Nec
2723 449 3053 521 reliquorum
3076 455 3271 527 aliquis
3292 457 3674 532 episcoporum
3698 480 3813 522 suo-

555 535 658 590 dize
668 529 978 606 [custndiat]
991 529 1416 596 similitudinem,
1436 529 1617 584 habita
1643 537 1824 622 tamen
1848 533 2128 604 dignitatis
2229 553 2348 593 rum
2374 541 2713 597 sacerdotum
2738 557 2930 600 causas
2959 543 3139 602 audiat
3164 529 3369 620 absque
3396 529 3690 622 praesentia
3711 560 3810 616 de.

554 622 932 687 aestimatione,
953 621 1188 690 patiatur
1207 619 1514 693 [potiatur];
1541 635 1641 676 nec
1659 621 1762 676 sibi
1785 622 1899 678 fore
1918 624 2130 680 noverit
2227 628 2462 684 ricorum
2489 646 2731 699 suorum,
2760 635 2885 704 quia
2919 636 3073 692 irrita
3115 639 3220 694 erit
3252 619 3527 700 sententia
3553 648 3804 723 episcopi,

520 757 522 760 -
553 716 830 774 licentiam
857 713 1166 777 mentiendi,
1188 728 1310 768 cum
1335 711 1726 774 calumniantes
1746 713 1816 770 ad
1836 714 2126 772 vindictam

554 815 742 880 poscat
770 805 1067 863 similitudo
1101 803 1385 952 supplipliliﬁ

523 957 526 960 Ι
553 991 624 1048 Ut
658 988 923 1047 accusatio
968 985 1275 1056 clericorum
1308 986 1450 1056 intra
1491 987 1813 1056 prouinciam
1837 985 1956 1056 ﬁat,
1983 995 2032 1041 et
2066 996 2125 1041 ut

917 1103 920 1106 .
974 1055 1194 1128 pulsatis
1223 1054 1686 1126 appellare—liceat.

623 1151 698 1224 (5,
723 1166 776 1221 ᾳ.
806 1147 858 1214 6,
877 1145 937 1203 Si
961 1146 1077 1217 quis
1103 1143 1416 1199 clericus.——
1429 1145 1607 1198 Addit.
1636 1159 1709 1210 tv,
1737 1161 1784 1198 c.
1807 1143 1887 1217 9.)
1917 1143 1975 1200 Si
2001 1148 2123 1217 quis

549 1243 778 1298 clericus
806 1254 967 1310 super
992 1237 1319 1308 quibuslibet
1345 1237 1662 1293 criminibus
1686 1237 1926 1306 pulsatus
1959 1239 2125 1296 fuerit

549 1335 606 1390 in
631 1332 926 1405 provincia,
975 1331 1030 1384 in
1059 1344 1164 1399 qua
1199 1328 1556 1384 consistitille
1591 1328 1682 1399 qui
1707 1329 1970 1398 pulsatur,
1998 1346 2123 1386 suas

546 1430 735 1482 exerat
784 1423 1044 1487 actiones,
1093 1435 1194 1478 nec
1243 1421 1472 1476 aastimet
1521 1434 1647 1474 eum
1687 1429 1971 1478 accusator
1989 1438 2123 1480 suus

517 1497 524 1501 ⁸
545 1522 675 1578 alibi
703 1529 798 1577 aut
823 1518 1035 1591 longius
1055 1519 1474 1588 pertrahendum
1495 1519 1560 1574 ad
1580 1516 1865 1588 judicium.
1888 1519 1967 1575 Illi
1991 1533 2121 1575 vero

546 1625 639 1681 qui
663 1610 908 1680 pulsatus
932 1607 1114 1674 fuerit,
1159 1608 1205 1664 si
1244 1597 1482 1678 judicein
1510 1617 1820 1678 suspectum
1845 1609 2116 1677 habuerit,

545 1702 708 1759 liceat
733 1699 1024 1771 appellare.
1281 1765 1373 1823 IX.

545 1858 705 1915 Salvo
725 1857 860 1914 sedis
884 1856 1182 1934 apostolica:
1206 1858 1452 1934 primatu,
1476 1874 1556 1934 res
1573 1860 1850 1926 provincia:
1865 1861 2116 1934 cujusque

906 1927 1138 1998 synodus
1170 1927 1448 1999 provincia:
1472 1927 1750 2001 dispenset.

614 2018 754 2092 (Lib.
772 2034 848 2085 vt,
879 2035 928 2074 c.
953 2019 1104 2091 587.)
1137 2018 1295 2075 Salvo
1316 2017 1570 2076 Romanae
1593 2021 1847 2079 Ecclesiae
1867 2023 1922 2079 in
1943 2027 2117 2082 omni-

542 2111 643 2167 bus
663 2111 928 2182 primatu,
953 2109 1297 2167 manifestum
1324 2119 1407 2166 est
1432 2115 1574 2182 quod
1602 2112 1692 2170 illa
1724 2131 1842 2186 quae
1876 2130 2001 2173 sunt
2019 2135 2117 2190 per
2219 2122 2227 2130 '

520 2217 978 2274 unamquamque
1018 2203 1369 2274 provinciam,
1404 2205 1534 2276 ipsis
1561 2207 1851 2277 provinciae
1879 2213 2116 2283 synodus

513 2295 830 2370 dispenset,
884 2299 1024 2354 sicut
1071 2298 1126 2354 in
1170 2299 1386 2356 Niczeno
1427 2309 1640 2358 constat
1676 2301 1952 2359 decretum
1995 2320 2115 2361 esse

545 2388 794 2445 concilio.

1291 2461 1356 2516 Χ.

665 2545 850 2602 Omnis
884 2550 1148 2604 accusatio
1181 2551 1321 2605 intra
1345 2553 1666 2623 provinciam
1691 2554 1975 2611 audienda.

609 2637 800 2711 (Ibid)
832 2639 982 2695 Ultra
1011 2641 1302 2711 provinciae
1344 2645 1605 2699 terminos
1631 2647 1916 2702 accusandi
1948 2647 2114 2704 licen-

539 2728 614 2789 tia
643 2743 750 2783 non
775 2731 1172 2799 progrediatur.
1201 2729 1388 2786 Omnis
1423 2734 1694 2789 accusatio
1720 2735 1861 2790 intra
1889 2737 2105 2806 provin-

535 2820 678 2875 ciam
699 2819 968 2887 audiatur,
1000 2829 1056 2876 et
1085 2836 1117 2875 a
1143 2822 1687 2891 comprovincialibus
1713 2827 2052 2884 terminetnr.

1190 2941 1194 2944 ~
1287 2911 1378 2966 XI.

525 2997 669 3065 Quae
697 2997 876 3054 swculi
911 2997 1046 3070 leges
1086 3014 1192 3053 non
1212 2998 1526 3070 admittunt,
1555 3018 1588 3057 a
1609 3001 1913 3059 clericorum
1938 3005 2110 3062 causis

1159 3068 1475 3140 repellenda.

525 3225 527 3228 η
607 3158 745 3230 (Lib.
767 3175 864 3224 vn,
882 3175 929 3214 c.
957 3159 1068 3232 II.)
1087 3159 1472 3217 Accusationes
1489 3170 1544 3218 et
1565 3171 1924 3232 accusatores,
1947 3173 2110 3238 atque

533 3264 598 3304 ea
615 3250 829 3320 negotia
850 3266 969 3320 quae
989 3252 1276 3308 saeculares
1291 3269 1398 3310 non
1417 3255 1721 3312 adsciscunt
1741 3256 1906 3326 leges,
1929 3257 2110 3316 divina

535 3356 600 3396 ac
645 3342 900 3412 synodica
942 3341 1182 3398 funditus
1219 3359 1250 3399 a
1291 3344 1504 3402 clericis
1557 3347 1740 3419 repelli
1792 3352 2113 3408 auctoritate

534 3448 847 3498 censemus,
901 3434 1027 3506 quia
1073 3435 1354 3506 indignum
1403 3446 1488 3493 est
1535 3441 1840 3510 superiores
1887 3444 1997 3514 pati
2041 3446 2109 3502 ab

534 3521 897 3590 inferioribus,
927 3539 1047 3596 qua:
1072 3523 1355 3582 inferiores
1379 3529 1447 3585 ab
1471 3529 1550 3584 eis
1568 3530 1683 3599 pati
1715 3531 2035 3604 despiciunt.

570 3700 779 3778 _Causae
805 3703 894 3756 ubi
921 3713 1049 3758 ortae
1067 3715 1188 3760 sunt
1215 3706 1483 3775 ﬁniendae,
1511 3709 1657 3766 salva
1685 3713 2050 3784 appellatione.

529 3778 534 3782 ”
603 3791 742 3863 (Lib.
772 3808 848 3860 vt,
879 3811 926 3848 c.
957 3794 1110 3868 287.)
1132 3797 1552 3856 Prudentissime
1579 3778 1982 3875 justissimeque
2015 3808 2108 3863 Ni-

529 3897 680 3936 czena
726 3882 838 3937 sive
886 3883 1137 3939 Africana
1180 3887 1394 3942 decreta
1424 3889 1742 3947 deﬁnierunt
1775 3910 2111 3967 quaecunque

531 3971 745 4042 negotia
771 3972 826 4027 in
861 3974 972 4029 suis
991 3974 1143 4042 locis,
1159 3977 1251 4032 ubi
1276 3987 1394 4033 orta
1419 3978 1642 4047 fuerint,
1659 3983 1912 4053 ﬁnienda,
1936 3991 2107 4045 maxi-

533 4080 619 4120 me
647 4066 772 4136 quia
798 4067 1086 4137 unicuique
1110 4084 1423 4126 concessum
1449 4081 1550 4140 est,
1580 4076 1626 4129 si
1647 4074 1852 4145 judicio
1871 4079 2106 4141 oﬁ‘ensus

529 4153 691 4211 fuerit
723 4156 1081 4230 cognitorum,
1112 4160 1180 4216 ad
1223 4162 1514 4220 concilium
1545 4181 1656 4222 sua
1701 4168 1990 4238 provinciae
2017 4173 2102 4231 vel

406 4287 412 4304 ι
528 4249 694 4305 etiam
724 4249 1024 4306 universale
1048 4267 1361 4322 provocare.

1239 4344 1376 4400 XIII.

525 4429 771 4503 Episcopi
806 4433 956 4504 ejecti
984 4443 1033 4489 et
1061 4435 1270 4507 spoliati
1305 4449 1424 4562 oste
1447 4443 1831 4499 accusationem
1872 4447 2096 4503 redinte-

1207 4524 1336 4562 aran
1375 4527 1412 4562 t.

1206 4524 1412 4578 grandi.

594 4584 785 4665 (Ibid)
813 4589 1020 4649 Placuit
1051 4595 1326 4666 episcopos
1353 4597 1553 4666 eiectos
1587 4611 1748 4673 atque
1781 4604 1896 4661 suis
1934 4607 2095 4664 rebus

522 4683 848 4754 exspoliatos
889 4684 1140 4739 ecclesias
1165 4687 1408 4756 pr0prias
1439 4691 1615 4760 primo
1643 4693 1883 4763 recipere
1913 4703 1968 4751 et
1996 4712 2093 4752 sua

523 4774 702 4828 omnia
723 4774 802 4829 eis
820 4774 988 4838 reddi,
1015 4782 1068 4829 et
1088 4784 1272 4844 postea
1297 4778 1342 4832 si
1367 4779 1487 4848 quis
1513 4795 1607 4836 eos
1632 4797 1886 4841 accusare
1909 4788 2088 4855 vellet,

520 4875 675 4936 aequo
703 4865 943 4935 periculo
971 4864 1168 4921 facere.
1197 4865 1410 4924 Judices
1437 4885 1556 4926 esse
1600 4873 1946 4932 decernentes
1985 4881 2096 4950 epi-

521 4957 712 5021 5copos
733 4961 878 5008 recta
902 4954 1187 5024 sapientes,
1213 4957 1264 5012 in
1279 4959 1560 5016 ecclesiam
1582 4965 1986 5032 convenientes,
2003 4971 2098 5026 ubi

523 5049 687 5096 testes
712 5051 895 5098 essent
919 5045 1249 5116 singulorum
1276 5049 1370 5118 qui
1392 5053 1637 5121 oppressi
1661 5053 2002 5111 videbantur.

520 5215 1041 5311 UtAptetropoli‘tanus
1085 5229 1307 5302 episcopi
1343 5249 1571 5311 famam
1615 5237 1726 5292 sine
1765 5243 2088 5311 comprovin-

583 5288 836 5370 cialibu's,‘
851 5303 898 5346 et
926 5288 1194 5376 episcopus
1218 5288 1499 5372 presbyteri
1520 5288 1732 5361 causan:

587 5373 697 5412 suis
724 5374 830 5414 κω
851 5373 1055 5420 audiat.

585 5449 790 5519 (Addit.
820 5467 893 5520 tv,
917 5473 965 5510 c.
991 5459 1100 5531 l0.)
1135 5461 1323 5519 Nullus
1346 5468 1786 5536 metropolitauus
1810 5474 2092 5545 episcopus

516 5543 720 5613 absque
772 5557 1090 5606 ceterorum
1139 5555 1377 5610 omnium
1421 5562 1947 5629 comprovincialium
1973 5543 2088 5637 epi-

516 5650 803 5706 scoparum
829 5638 1105 5703 instantia.
1127 5643 1427 5713 aliquorum
1457 5650 1639 5704 audiat
1665 5667 1857 5735 causas
1878 5670 2084 5726 eorum,

2225 716 2331 772 nisi
2357 715 2640 788 praesentia
2672 723 2991 780 clericorum
3015 727 3366 786 conﬁrmetur

2954 838 3072 896 XV.

2285 900 2655 959 Accusantium
2679 922 2952 976 personam
2986 920 3110 965 ante
3137 915 3312 969 omnia
3337 917 3747 977 discutiendam.

2287 992 2429 1063 (Lib.
2452 1008 2505 1060 v,
2532 1012 2580 1049 c.
2611 996 2759 1068 I39.)
2788 997 2971 1055 Primo
2994 1015 3208 1072 semper
3232 1006 3343 1061 vita
3367 1015 3427 1062 et
3461 1023 3699 1077 persona
3723 1029 3798 1067 ac-

2222 1081 2527 1137 cusantium
2557 1084 2842 1154 diligenter
2861 1088 3184 1160 inquiratnr,
3214 1104 3266 1148 et
3295 1106 3490 1166 postea
3513 1115 3637 1169 qua:
3675 1105 3797 1172 obji-

2221 1171 2439 1228 ciuntur
2474 1173 2704 1230 ﬁdeliter
2723 1187 3147 1248 ,pertractentur,
3175 1185 3302 1254 quia
3325 1187 3465 1241 nihil
3504 1189 3668 1245 aliter
3697 1171 3794 1249 ﬁeri

2223 1263 2399 1332 debet,
2422 1265 2527 1322 nisi
2557 1267 2923 1338 impetitorum
2947 1273 3099 1342 prius
3134 1276 3242 1331 vita
3267 1278 3622 1336 discutiatur.

2945 1383 3085 1440 XVI.

2221 1443 2292 1501 Ut
2315 1447 2398 1503 Itis
2421 1465 2643 1520 quorum
2669 1449 2882 1508 libertas
2918 1459 3162 1532 nescitur,
3199 1475 3542 1532 nequaquam
3569 1477 3792 1521 accusem

2844 1527 3161 1582 sacerdotes.

2281 1606 2426 1681 (Lib.
2453 1625 2527 1676 vt,
2556 1629 2604 1667 c.
2629 1611 2907 1686 276-278.)
2930 1617 2968 1671 li
2993 1618 3085 1687 qui
3111 1633 3216 1675 non
3239 1631 3368 1676 sunt
3395 1624 3557 1681 bona!
3576 1642 3792 1684 conver-

2219 1701 2464 1768 sationis,
2489 1703 2572 1757 vel
2607 1719 2836 1774 quorum
2884 1707 3018 1764 ﬁdes
3042 1719 3098 1766 et
3143 1711 3266 1767 vita
3289 1713 3521 1773 libertas
3541 1722 3786 1785 nescirur,

2145 1791 2190 1855 Β
2217 1807 2324 1848 non
2349 1801 2577 1863 possunt
2619 1797 2928 1854 sacerdotes
2955 1814 3230 1869 accusare,
3253 1819 3357 1860 nec
3391 1808 3522 1863 viles
3551 1825 3789 1880 persona:

2217 1883 2278 1939 in
2303 1887 2700 1945 accusationem
2723 1905 2911 1947 eorum
2933 1891 3311 1951 admittantur.

2357 2069 2427 2125 Ut
2455 2072 2766 2128 criminosus
2795 2004 3284 2139 neggliwa
3313 2098 3418 2138 non
3445 2083 3657 2139 ιωιω..

2287 2163 2423 2234 (Lib.
2452 2180 2547 2233 vn,
2583 2184 2630 2220 ο.
2661 2167 2774 2240 65.)
2803 2169 2843 2223 Ii
2864 2171 2954 2240 qui
2986 2172 3042 2226 in
3070 2173 3340 2244 aliquibus
3366 2179 3688 2238 criminibus
3714 2189 3777 2242 ir-

2215 2255 2362 2311 retiti
2388 2264 2512 2312 sunt
2552 2259 2636 2314 vel
2664 2261 2756 2330 qui
2806 2272 2932 2318 sunt
2973 2267 3279 2335 suspiciosi,
3306 2285 3495 2327 vocem
3537 2275 3776 2332 adv-erm

2214 2345 2446 2413 majores
2467 2356 2596 2403 natu
2622 2365 2730 2406 non
2753 2352 2992 2409 habeant
3015 2359 3325 2427 accusandi,
3356 2363 3451 2417 sed
3471 2363 3508 2418 ii
3528 2365 3632 2434 qui
3649 2371 3774 2422 omni

2213 2436 2518 2506 suspicione
2546 2450 2787 2498 careant.

2467 2552 2630 2609 XVIII
2668 2549 2840 2627 [XVI,
2866 2574 2970 2613 sec.
2998 2559 3122 2615 Ant.
3150 2561 3543 2640 Augustinum].

2215 2639 2410 2696 Nullus
2432 2643 2702 2714 episcopus
2727 2645 3346 2774 alteriusefarochianunt
3382 2639 3630 2728 retineat,
3659 2664 3783 2718 ordi-

2762 2727 2868 2774 net.
2901 2736 2928 2774 v
2985 2759 2988 2762 -
3012 2722 3226 2774 iudicet.

2762 2727 2868 2783 net,
2901 2722 2977 2774 vel
2985 2759 2988 2762 -
3001 2722 3226 2791 judicet.

2283 2803 2420 2875 (Lib.
2449 2821 2568 2873 vm,
2598 2824 2646 2862 c.
2677 2808 2828 2882 229.)
2860 2811 3050 2870 Nullus
3084 2817 3361 2888 episcopus
3381 2820 3610 2878 alterius
3639 2841 3786 2896 paro-

2211 2893 2462 2950 chianum
2489 2908 2783 2966 praesumat
2800 2902 3038 2960 retinere
3058 2916 3152 2962 aut
3176 2910 3420 2968 ordinare
3442 2893 3659 2984 absque
3680 2917 3784 2986 ejus

2211 2984 2506 3053 voluntate,
2539 2989 2624 3044 vel
2645 2989 2911 3060 judicare,
2941 2997 3069 3064 quia
3094 2999 3235 3055 sicut
3262 3001 3402 3058 irrita
3429 3005 3526 3058 erit
3546 3006 3676 3074 ejus
3698 2984 3787 3064 or-

2136 3128 2180 3191 C
2212 3075 2438 3144 dinatio,
2457 3081 2541 3149 ita
2569 3093 2624 3138 et
2641 3082 2906 3153 judicatio
2937 3087 3293 3170 ldijudicatio]
3318 3114 3332 3150 :
3361 3098 3601 3166 quoniam
3637 3119 3777 3158 cen-

2215 3183 2395 3225 semus
2417 3171 2621 3228 nullum
2648 3175 2872 3234 alterius
2909 3177 3128 3249 judicis,
3165 3185 3271 3241 nisi
3299 3187 3372 3241 sui
3398 3193 3676 3248 sententia
3704 3204 3786 3251 te-

2212 3263 2348 3316 neri.
2376 3263 2512 3319 Nam
2537 3267 2627 3334 qui
2650 3283 2773 3323 eum
2799 3272 3053 3329 ordinare
3077 3291 3185 3330 non
3212 3280 3398 3349 potuit,
3420 3295 3522 3337 nec
3536 3281 3784 3352 judicare

2210 3353 2478 3412 ullatenus
2496 3359 2695 3426 poterit

2814 3449 2938 3508 xxx
2978 3452 3189 3530 [xm].

2443 3534 2524 3590 De
2545 3554 2828 3610 peregrinis
2843 3542 3067 3612 judiciis
3096 3564 3199 3602 non
3223 3550 3541 3622 recipiendis

2281 3624 2470 3696 (Ibid.,
2493 3645 2540 3682 ε.
2560 3629 2711 3703 250.)
2731 3632 3022 3704 Peregrina
3035 3637 3235 3707 judicia
3252 3647 3494 3713 generali
3519 3651 3780 3708 sanctione

2206 3717 2573 3788 prohibemus,
2605 3722 2732 3792 quia
2759 3724 3039 3798 indignum
3066 3739 3151 3786 est
3191 3740 3256 3787 ut
3288 3735 3358 3790 ab
3384 3743 3632 3797 extemis
3647 3743 3776 3812 judi-

2206 3817 2380 3876 cetur.
2408 3811 2498 3880 qui
2524 3814 2880 3882 provinciales
2904 3828 2962 3875 et
2987 3835 3020 3876 a
3046 3836 3108 3878 se
3144 3823 3346 3882 electos
3390 3829 3561 3888 debet
3601 3811 3777 3892 nabere

2210 3895 2436 3957 iudices.

2201 3913 2436 3968 judices.

2802 3977 2902 4035 xx
2940 3980 3172 4059 [xvnI].

2206 4062 2568 4150 Ut‘episcopus
2593 4077 2741 4124 extra
2764 4075 3081 4150 provinciam
3107 4080 3178 4133 ad
3206 4081 3477 4150 judicium
3514 4109 3624 4147 non
3648 4112 3774 4149 noce.

2273 4144 2387 4258 Zur}
2409 4137 2558 4207 eique
2581 4137 2861 4208 provocare
2881 4143 3064 4214 liceat,
3095 4150 3141 4203 si
3159 4137 3772 4231 judices

2306 4222 2366 4258 ea
2394 4245 2408 4258 .

2306 4222 2408 4259 εαι.

2269 4293 2406 4368 (Lib.
2432 4312 2536 4364 vu,
2567 4315 2616 4355 c.
2644 4299 2803 4372 254.)
2860 4302 3050 4364 Nullus
3095 4309 3381 4383 episcopus
3425 4329 3592 4379 extra
3641 4341 3773 4382 sum

2199 4389 2531 4456 provinciam
2583 4394 2651 4449 ad
2687 4393 2951 4463 judicium
2999 4401 3315 4476 devocetur;
3343 4414 3443 4471 sed
3481 4431 3681 4477 vocato
3719 4437 3774 4477 eo

2124 4493 2178 4558 υ
2201 4479 2478 4546 canonice,
2525 4482 2581 4538 in
2627 4482 2745 4540 loco
2789 4489 3041 4546 omnibus
3073 4509 3331 4567 congruo,
3379 4511 3633 4577 tempore
3670 4527 3778 4582 syn-

2199 4569 2343 4624 odali
2375 4572 2442 4626 ab
2467 4573 2719 4631 omnibus
2746 4582 3288 4650 comprovincialibus
3313 4569 3596 4670 episcopis
3613 4569 3778 4657 audir-

2493 4942 2698 4996 servari
2745 4949 3035 5004 convenit?
3061 4949 3194 5008 Nam
3233 4957 3280 5011 si
3305 4933 3438 5027 ipse
3468 4933 3776 5038 metrum“-

2197 5031 2384 5079 tanum
2431 5036 2524 5082 aut
2567 5029 2779 5099 judices
2821 5050 3098 5108 suspectos
3134 5043 3405 5114 habuerit,
3437 5062 3536 5108 aut
3565 5029 3780 5112 infestos

2195 5117 2446 5184 senserit,
2477 5121 2616 5190 apud
2638 5122 2926 5191 primatem
2950 5130 3213 5191 dimcesos
3233 5145 3326 5191 aut
3351 5143 3503 5212 apud
3530 5145 3780 5204 Romam

2194 5208 2339 5265 sedis
2366 5212 2674 5280 pontiﬁcem
2691 5214 2985 5286 judicetur.

2229 5391 2424 5458 Quales
2448 5412 2684 5466 persona:
2717 5309 3199 5464 ωῗὲαξὲξὲἐτη
3227 5427 3331 5465 non
3366 5415 3748 5476 admittuntur.

2263 5480 2338 5550 (5,
2370 5500 2421 5553 q.
2460 5501 2495 5548 ι,
2537 5484 2728 5542 Omnes
2777 5507 2893 5546 vero
2926 5493 3169 5564 infames.
3193 5524 3264 5539 -—
3291 5499 3411 5556 Lib.
3447 5520 3550 5572 vn,
3587 5526 3641 5562 c.
3675 5509 3780 5577 76.)

2190 5570 2397 5662 Placuit
2431 5584 2490 5630 ut
2520 5577 2701 5635 nullus
2729 5597 2934 5646 servus,
2967 5587 3144 5644 nullus
3182 5589 3430 5662 libertus,
3465 5570 3622 5654 nulla
3652 5570 3782 5655 ints-

2191 5661 2294 5718 mis
2326 5678 2557 5732 persona
2588 5671 2922 5727 sacerdotem
2968 5687 3204 5734 accuset.
3251 5661 3456 5739 Omnes
3485 5702 3625 5744 vero
3656 5690 3783 5743 inta-

517 5728 643 5796 quia
671 5728 828 5792 irrita
852 5739 1031 5798 erunt,
1063 5732 1170 5790 imo
1217 5735 1382 5791 etiam
1425 5752 1640 5795 causam
1674 5742 1726 5797 in
1757 5728 1961 5816 synodo
1991 5762 2089 5817 pro
2190 5766 2306 5808 mes
2331 5767 2451 5811 esse
2473 5757 2776 5827 didicimus,
2808 5777 2943 5831 quos
2969 5764 3112 5838 leges
3130 5770 3308 5826 saeculi
3337 5773 3572 5831 infames
3599 5777 3778 5847 appel-
