3950 6312
1079 367 1421 428 CAPITULA
1459 367 1553 425 AB
1586 367 1895 428 ADRIANO
1928 367 2105 425 PAPA
2145 367 2472 427 TRADITA.

2413 484 2606 541 XXVII
2645 482 2859 558 [XXV].

1848 573 2025 647 De__iis
2048 576 2151 647 qui
2182 576 2502 647 indiscussos
2535 586 2787 647 potestate
2827 580 3103 647 tyrannica
3129 580 3383 639 damnant
3409 602 3431 641 :

1919 645 2154 726 lit-quod
2178 647 2402 726 episcopi
2428 645 2505 701 uel
2532 645 2816 726 presbyteri
2840 645 2945 726 non
2973 649 3190 705 debeant
3218 653 3283 706 ab
3309 655 3432 711 aliis

1907 715 2167 783 judicari,
2194 715 2296 770 nisi
2325 715 2374 770 et
2397 734 2430 772 α
2461 716 2646 788 quibus
2673 715 2931 773 ordinari.

163 371 303 428 106i

177 490 302 551 lant,
335 492 389 540 et
407 495 597 541 omnes
618 482 708 554 qui
739 482 910 553 culpis
934 483 1272 555 exigentibus
1291 484 1360 538 ad
1384 484 1745 539 sacerdotium
1772 490 1821 548 Α

179 594 280 633 non
302 584 520 647 possunt
546 574 789 644 provehi.
831 573 1112 646 Indignum
1140 581 1224 629 est
1253 574 1398 629 enim
1442 582 1502 629 ut
1548 573 1624 632 illi
1655 589 1750 631 eos

177 674 438 731 accusent,
465 663 703 734 quiesse
740 679 845 720 non
871 671 1101 735 possunt
1128 661 1270 734 quod
1297 661 1397 732 ipsi
1421 670 1584 718 sunt:
1617 677 1750 734 quo-

167 757 317 814 niam
355 757 493 812 sicut
536 753 766 823 majores
795 770 826 808 a
866 753 1166 809 minoribus
1187 768 1292 808 non
1309 750 1640 821 judicantur,
1671 754 1747 808 ita

3292 379 3432 434 1062

176 865 274 905 nec
302 847 572 904 criminari
602 855 853 917 possunt.

774 929 918 985 XXII
957 928 1122 1003 [XX].

157 1021 242 1077 fUt
267 1030 587 1077 accusatores
611 1030 903 1092 prtcsentes
927 1021 1123 1088 adsint,
1156 1033 1203 1076 et
1229 1021 1487 1076 accusatis
1518 1022 1744 1092 spatium

549 1091 703 1145 detur
727 1091 796 1144 ad
819 1091 1080 1144 abluenda
1108 1093 1351 1145 crimina.

226 1184 384 1256 (Lib.
419 1199 530 1250 vn,
575 1201 623 1237 c.
670 1180 830 1253 I30.)
875 1181 1083 1237 Placuit
1131 1192 1191 1236 ut
1239 1182 1419 1236 nullus
1461 1182 1745 1252 episcopus

159 1290 484 1348 quemquam
511 1273 832 1329 clericorum
865 1271 1110 1341 judicare
1134 1281 1226 1326 aut
1265 1273 1521 1327 damnare
1541 1287 1744 1342 prmsu-

171 1377 300 1434 mat,
337 1366 439 1424 nisi
463 1372 752 1421 accusatus
777 1363 1043 1433 legitimos
1068 1372 1415 1418 accusatores
1450 1369 1745 1432 praesentes

163 1463 378 1526 habeat,
415 1459 705 1528 locumque
745 1455 1065 1512 defendendi
1099 1456 1336 1527 accipiat
1367 1455 1436 1510 ad
1479 1454 1743 1510 abluenda

167 1553 410 1609 crimina.

753 1618 919 1675 XXIII
953 1617 1143 1694 [XXI].

165 1715 243 1770 De
269 1713 515 1785 episcopis
553 1712 644 1782 qui
688 1711 758 1765 ad
801 1710 1098 1765 Romanum
1129 1709 1390 1782 appellant
1419 1708 1736 1780 pontiﬁcem.

1918 803 2057 874 (Lib.
2089 821 2190 872 vu,
2222 823 2271 860 c.
2314 806 2466 879 9M.)
2496 807 2636 863 Sunt
2675 809 2917 865 nonnulli
2959 809 3052 879 qui
3101 810 3433 873 indiscussos

1844 904 2112 966 potestate
2152 899 2436 968 tyrannica
2464 915 2570 954 non
2605 901 2869 956 canonica
2915 903 3236 960 auctoritate
3275 905 3432 962 dam-

1846 998 2006 1057 nant;
2033 999 2089 1045 et
2114 991 2254 1046 sicut
2279 993 2566 1049 nonnullos
2589 993 2762 1064 gratia
2783 993 2989 1049 favoris
3007 997 3321 1067 sublimant,
3351 1001 3429 1056 ita

1844 1079 2104 1147 quosdam
2133 1080 2258 1136 odio
2302 1081 2611 1152 invidiaque
2633 1083 2865 1152 permoti
2896 1084 3203 1152 humiliant,
3226 1096 3281 1143 et
3323 1089 3430 1146 levi

1844 1168 2118 1250 opinionis
2152 1185 2283 1224 aura
2327 1173 2708 1238 condemnant,
2759 1189 2990 1244 quorum
3037 1175 3264 1232 crimina
3318 1195 3430 1236 non

1841 1261 2161 1331 approbant.
2207 1263 2439 1334 Ideoque
2483 1266 2757 1321 communi
2802 1267 3019 1323 decreto
3055 1283 3343 1326 censemus
3367 1279 3429 1328 ut

1841 1354 2273 1424 quandocunque
2307 1356 2503 1426 aliquis
2528 1358 2900 1430 episcoporum
2931 1361 3268 1429 criminatur,
3299 1379 3429 1420 con-

1839 1440 2076 1514 gregatis
2099 1446 2348 1502 omnibus
2369 1446 2609 1517 ejusdem
2632 1450 2924 1519 provinciae
2943 1453 3230 1524 episcopis,
3261 1471 3426 1513 causa

1843 1533 1960 1604 ejus
1989 1535 2260 1605 audiatur,
2289 1547 2350 1593 ut
2375 1555 2483 1595 non
2516 1541 2729 1597 occulte
2763 1541 3040 1611 iudicetur
3062 1545 3146 1600 vel
3176 1547 3430 1602 condem-

1840 1631 2023 1688 netur,
2053 1626 2144 1694 qui
2182 1625 2356 1700 [quia]
2380 1629 2448 1684 ab
2490 1629 2612 1685 aliis
2639 1631 2794 1700 prius
2814 1630 3195 1701 judicarinon
3220 1643 3424 1707 potest,

1842 1712 1947 1768 nisi
1981 1715 2050 1771 ab
2095 1716 2162 1771 iis
2205 1732 2234 1771 a
2273 1718 2470 1788 quibus
2499 1720 2736 1776 ordinari
2764 1723 2960 1792 potuit.
3006 1723 3161 1791 Quod
3191 1726 3237 1781 si
3270 1726 3431 1782 aliter

234 1803 419 1874 (Ibid.,
439 1820 488 1857 c.
514 1802 666 1873 9.55.)
700 1801 929 1866 Placuit,
959 1801 1005 1856 si
1029 1804 1312 1871 episcopus
1335 1807 1620 1855 accusatus
1645 1814 1739 1870 ap-
1771 1836 1816 1898 Β
1843 1802 2047 1862 factum
2070 1806 2258 1877 fuerit,
2294 1811 2469 1867 nullas
2500 1811 2643 1868 vires
2669 1814 2908 1870 habebit.

161 1895 435 1966 pellaverit
459 1893 761 1950 Romanum
789 1894 1122 1964 pontiﬁcem,
1154 1895 1207 1950 id
1229 1893 1571 1950 statuendum
1595 1893 1740 1964 quod
1771 1893 1810 1898 “
1863 1957 1868 1962 _

165 1989 278 2056 ipse
302 1985 588 2043 censuerit.
729 2054 900 2110 xx”
937 2053 1129 2128 [XXII]

164 2146 268 2213 Qui
295 2146 535 2202 clericum
561 2156 796 2212 accusat,
817 2139 874 2202 si
901 2147 1122 2218 probare
1153 2162 1254 2202 non
1286 2153 1471 2218 potest,
1501 2144 1738 2218 infamia:

689 2217 963 2288 jacturam
989 2217 1192 2271 subeat.

233 2307 421 2378 (lbid.,
451 2325 500 2362 c.
524 2308 674 2379 540.)
705 2307 764 2363 Si
795 2309 924 2378 quis
975 2308 1277 2379 episcopus,
1323 2309 1608 2380 presbyter
1644 2317 1737 2365 aut

151 2399 440 2466 diaconus,
474 2399 558 2453 vel
592 2399 816 2469 quilibet
849 2399 1055 2464 clerici,
1099 2400 1243 2469 apud
1282 2401 1584 2471 episcopos,
1610 2403 1737 2472 quia

146 2492 288 2548 alibi
313 2507 420 2548 non
443 2501 667 2562 oportet,
695 2507 726 2547 a
753 2493 993 2563 qualibet
1019 2507 1250 2562 persona
1279 2492 1479 2549 fuerint
1500 2495 1736 2550 accusati

153 2583 463 2654 quicunque
485 2582 647 2638 fuerit
689 2583 796 2648 ille,
821 2583 936 2639 sive
969 2583 1215 2639 sublimis
1241 2585 1328 2638 vir
1355 2585 1596 2651 honoris,
1623 2585 1737 2641 sive

139 2677 320 2733 .ullius
360 2676 581 2734 alterius
607 2677 905 2749 dignitatis,
948 2678 1043 2748 qui
1072 2678 1176 2733 hoc
1199 2693 1371 2750 genus
1414 2677 1738 2734 illaudabilis

150 2765 472 2823 intentionis
497 2767 806 2837 arripuerit,
833 2768 1043 2824 noverit
1066 2766 1306 2823 docenda
1328 2767 1737 2838 probationibus

153 2859 508 2915 monstranda
555 2860 892 2916 documentis
937 2875 995 2917 se
1039 2861 1231 2917 debere
1267 2860 1482 2915 inferre.
1523 2859 1581 2915 Si
1613 2861 1738 2930 quis

137 2967 293 3008 vero
323 2953 464 3008 circa
496 2952 803 3021 hujusmodi
838 2967 1097 3022 personas
1125 2967 1232 3005 non
1262 2951 1533 3021 probanda
1582 2951 1737 3005 detu-

137 3042 304 3108 lerit,
330 3043 653 3098 auctoritate
683 3041 844 3113 hujus
868 3042 1164 3098 sanctionis
1193 3041 1458 3112 intelligat
1486 3055 1543 3095 se
1557 3038 1736 3108 jactu-

147 3152 274 3192 ram
300 3135 533 3192 infamia:
574 3137 807 3207 propriae
840 3137 1137 3201 sustinere;
1183 3143 1243 3189 ut
1266 3133 1463 3189 damno
1491 3132 1728 3203 pudoris,

139 3321 364 3378 cundize
391 3322 606 3391 impune
630 3321 873 3376 insidiari
907 3321 1097 3376 saltem
1125 3319 1191 3375 de
1222 3328 1421 3375 caetero
1450 3333 1555 3374 non
1600 3317 1733 3372 lice-

144 3427 231 3477 re,
257 3415 353 3470 sed
382 3413 596 3484 qualem
620 3411 774 3468 fratri
802 3420 1090 3483 paraverat
1122 3411 1542 3477 damnationem,
1568 3409 1732 3465 talem

133 3505 207 3560 in
241 3517 306 3562 se
330 3503 612 3576 suscipiat.

736 3573 883 3631 XXV
923 3572 1157 3647 [XXIII].

260 3667 341 3723 De
364 3668 651 3740 primatum
677 3677 725 3722 et
753 3665 1272 3737 metropolitanorum
1307 3662 1625 3734 differentia.

218 3757 362 3830 (Lib.
395 3773 496 3824 vn,
539 3774 588 3811 e.
616 3756 766 3828 341.)
797 3755 988 3812 Nullus
1036 3755 1586 3826 archiepiscoporum,
1629 3752 1733 3808 nisi

134 3848 238 3920 qui
267 3848 478 3918 primas
503 3846 658 3903 sedes
677 3853 884 3912 tenent,
907 3845 1201 3916 appelletur
1222 3845 1444 3916 primas,
1468 3853 1560 3899 aut
1584 3843 1735 3915 prin-

132 3955 278 4011 ceps
322 3939 686 4004 sacerdotum,
713 3947 808 3992 aut
849 3953 1091 3993 summus
1119 3938 1391 4002 sacerdos,
1418 3937 1502 3992 vel
1532 3936 1734 4006 aliquid

131 4028 458 4102 huiusmodi
489 4029 622 4088 :sed
662 4036 871 4082 tantum
916 4027 1004 4082 ille
1042 4028 1132 4098 qui
1159 4027 1214 4081 in
1244 4025 1528 4097 metropoli
1556 4027 1730 4092 sedet,

128 4129 246 4176 aut
293 4121 755 4190 metropolitanus,
799 4127 893 4174 aut
933 4119 1366 4189 archiepiscopus
1407 4127 1645 4184 vocetur,
1679 4125 1733 4176 et

125 4226 312 4270 suum
358 4211 415 4266 in
457 4211 747 4267 canonibus
772 4209 1052 4280 praefixum
1097 4225 1205 4264 non
1249 4210 1514 4267 excedens
1551 4219 1732 4268 teneat

125 4318 269 4360 cum
302 4301 606 4358 humilitate
634 4303 871 4358 modum.
913 4301 982 4356 Et
1023 4300 1112 4357 ille
1136 4303 1227 4372 qui
1271 4301 1501 4374 primam
1548 4305 1730 4360 sedem

123 4395 365 4459 retinet,
402 4394 773 4448 tantummodo
813 4393 1002 4464 prima:
1025 4393 1169 4448 sedis
1198 4393 1497 4464 appelletur
1523 4395 1732 4464 episco-

119 4502 266 4561 pus,
287 4486 449 4540 salva
475 4500 689 4556 semper
710 4485 764 4540 in
785 4485 1036 4541 omnibus
1065 4485 1387 4540 auctoritate
1407 4485 1547 4541 beati
1581 4487 1725 4542 Petri

116 4575 396 4650 aposwh'
721 4643 890 4700 XXVI
928 4644 1166 4718 [XXIV].

112 4740 324 4798 Iudici
367 4739 544 4795 omnia
589 4741 846 4812 patienter
884 4740 1149 4794 audienda
1191 4755 1308 4812 quae
1351 4751 1724 4812 proponentur,

527 4813 832 4882 priusquam
856 4812 1161 4866 sententiam
1185 4813 1340 4881 ferat.

205 4899 357 4976 (Lib.
381 4915 438 4966 v,
464 4916 510 4953 c.
539 4899 688 4971 246.)
716 4899 1054 4956 Judicantem
1082 4909 1296 4972 oportet
1326 4909 1519 4956 cuncta
1563 4903 1729 4956 rima-

107 4995 201 5062 ri,
244 5004 308 5049 et
351 4993 598 5049 ordinem
644 5009 824 5048 rerum
868 4992 1026 5064 plena
1062 4993 1408 5063 inquisitione
1431 4995 1725 5062 discutere,

105 5086 512 5158 interrogandi
547 5101 612 5142 ac
651 5087 1003 5157 proponendi,
1047 5087 1441 5158 adjiciendique
1468 5089 1729 5157 patientia

102 5178 371 5252 praebita
400 5177 466 5233 ab
490 5192 575 5243 eo,
606 5186 667 5231 ut
700 5177 774 5232 ibi
797 5177 940 5232 actio
968 5177 1201 5248 partium
1243 5177 1468 5232 limitata
1507 5179 1577 5232 sit
1611 5179 1728 5250 ple-

96 5271 310 5334 aliter,
336 5283 440 5324 nec
469 5269 622 5339 prius
658 5267 996 5340 litigantibus
1041 5285 1136 5323 sua
1167 5268 1296 5324 velit
1340 5270 1606 5324 sententia
1633 5271 1730 5325 ob-

98 5363 314 5426 viare,
357 5360 462 5416 nisi
493 5361 709 5432 quando
751 5362 853 5432 ipsi
899 5362 1133 5432 peractis
1170 5359 1548 5430 omnibusjam
1594 5362 1729 5417 nihil

91 5451 436 5509 habuerint
466 5452 520 5506 in
547 5453 843 5522 quaestione
886 5452 1026 5523 quod
1071 5462 1374 5522 proponant
1398 5469 1413 5508 :
1440 5462 1496 5509 et
1543 5454 1730 5511 tandiu
1765 5493 1772 5498 -

95 5544 280 5599 actio
320 5543 634 5611 ventiletur,
665 5559 945 5615 quousque
988 5543 1055 5598 ad
1105 5544 1183 5598 rei
1214 5545 1492 5601 veritatem
1537 5563 1730 5619 perve-

94 5635 349 5691 niatur.
381 5634 717 5706 Frequenter
746 5650 875 5706 ergo
908 5635 1234 5707 interrogari
1269 5645 1503 5706 oportet,
1531 5654 1598 5694 ne
1625 5639 1728 5695 ali-

87 5724 264 5795 quid
299 5722 446 5780 forte
459 5725 883 5798 praetermissum
900 5733 1178 5782 remaneat
1195 5727 1335 5784 ouod
1359 5731 1577 5789 annecti
1600 5747 1730 5790 con-

93 5815 347 5872 veniat.

2400 1929 2618 1986 XXVIII
2658 1931 2894 2006 [XXVI].

1841 2014 1944 2072 Ubi
1961 2017 2202 2088 judicari
2225 2019 2446 2096 debeant
2485 2023 2576 2092 qui
2615 2023 2872 2096 adversus
2888 2024 3185 2096 episcopum
3222 2024 3299 2080 rel
3321 2043 3432 2082 me-

2210 2091 2586 2162 tropolitanum
2607 2110 2824 2148 causam
2853 2091 3064 2148 habent.

1909 2181 2101 2256 (Ibid.,
2129 2199 2176 2237 c.
2209 2182 2362 2254 2H.)
2417 2181 2475 2238 Si
2527 2183 2759 2240 clericus
2820 2185 2905 2240 vel
2957 2185 3129 2243 laicus
3177 2186 3430 2244 habuerit

1839 2287 2059 2329 causam
2097 2271 2357 2330 adversus
2408 2273 2720 2345 episcopum
2749 2278 3050 2347 proprium,
3101 2278 3184 2334 vel
3237 2279 3430 2334 adver-

1838 2383 1931 2423 sus
1951 2366 2206 2432 alterum,
2222 2373 2316 2420 aut
2337 2365 2620 2438 episcopus
2641 2368 2900 2424 adversus
2924 2383 3269 2440 quemquam,
3284 2372 3427 2440 apud

1837 2461 2102 2532 syn‘odum
2151 2457 2443 2528 provincia:
2486 2455 2782 2527 judicetur.
2843 2459 2996 2527 Quod
3067 2462 3112 2516 si
3166 2462 3428 2518 adversus

1836 2549 2078 2619 ejusdem
2123 2548 2416 2619 provincia:
2469 2549 2944 2619 metropolitanum
3001 2553 3287 2623 episcopus
3339 2551 3426 2607 vel

1837 2641 2068 2697 clericus
2112 2640 2366 2697 habuerit
2410 2639 2710 2709 querelam,
2742 2649 2890 2710 petat
2920 2642 3205 2712 primatem
3227 2642 3428 2698 dicace-

1836 2745 1980 2795 seos,
2014 2738 2076 2784 ut
2104 2729 2244 2800 apud
2274 2728 2447 2799 ipsum
2475 2727 2766 2799 iudicetur,
2797 2737 2888 2784 aut
2914 2731 3056 2786 auud
3083 2734 3266 2786 sedem
3295 2745 3428 2802 apo-

1835 2820 2104 2876 stolicam.
2496 2881 2500 2886 .

2393 2906 2567 2963 XXIX
2607 2907 2869 2982 [XXVII].

1836 2998 1906 3055 Ut
1935 3001 2203 3072 episcopus
2227 3009 2504 3056 accusatus
2531 2999 2874 3124 azoznnibus
2902 3002 3422 3074 comprovincialibus

2497 3087 2566 3124 au
2610 3088 2660 3124 Ia
2687 3087 2770 3124 ur.

2497 3087 2770 3124 auatatur.

148 3160 274 3192 ηυι
300 3160 533 3192 unauna:
576 3160 807 3207 propria:
840 3160 1137 3201 BUSLIIICI'C;
1186 3160 1243 3189 ιιι
1266 3160 1463 3189 uatuuu
1491 3160 1728 3203 puuuna,

135 3229 572 3284 existimationis
628 3227 938 3299 dispendio,
985 3227 1156 3283 discat
1194 3226 1297 3281 sibi
1349 3225 1538 3281 aliena:
1581 3240 1733 3280 vere-

1909 3161 2099 3232 (Ibid.,
2125 3177 2173 3216 c.
2198 3161 2312 3233 79.)
2337 3160 2396 3217 Si
2418 3161 2540 3233 quis
2564 3161 2851 3234 episcopus
2877 3179 3040 3234 super
3063 3165 3228 3222 certis
3257 3183 3424 3224 accu-

1850 3261 1987 3299 mtnr
2027 3253 2363 3299 criminibus-
2397 3254 2467 3299 ah
2491 3255 2744 3299 nmnihna
2769 3256 3046 3299 audiatur-
3093 3258 3176 3299 vol
3217 3259 3424 3299 ἰιιιιίριι.

1835 3261 1987 3308 satur
2027 3253 2365 3326 criminibus,
2397 3254 2467 3310 ab
2491 3255 2744 3310 omnibus
2769 3256 3049 3325 audiatur,
3093 3258 3178 3315 vel
3210 3259 3425 3331 judice-

1831 3354 1940 3412 tur,
1962 3346 2055 3416 qui
2073 3355 2198 3402 sunt
2225 3345 2282 3399 in
2307 3345 2608 3416 provincia,
2631 3347 2917 3417 episcopis.

2394 3437 2544 3492 XXX
2580 3437 2865 3512 [XXVIII].

1830 3530 1910 3586 De
1950 3531 2189 3604 episcopo
2246 3530 2337 3603 qui
2385 3529 3026 3656 alteriugpqrochianum
3077 3532 3289 3588 ordinat
3338 3534 3418 3591 vel

2518 3617 2572 3656 tu
2613 3619 2696 3656 ica
2723 3637 2739 3656 .

2507 3617 2739 3671 Juatcat.

1905 3692 1963 3747 Si
1993 3691 2116 3763 quis
2137 3692 2421 3762 episcopus
2444 3689 2769 3761 judicaverit
2797 3691 2883 3748 vel
2915 3693 3247 3751 ordinaverit
3283 3695 3420 3751 alte—

1831 3783 1946 3839 rius
1974 3785 2362 3854 parochianum
2400 3785 2518 3841 sine
2547 3785 2775 3841 consilio
2798 3794 2852 3841 et
2873 3786 3152 3843 voluntate
3177 3788 3416 3859 episcopi
3512 3844 3522 3855 ,

1833 3878 1941 3944 sui,
1977 3886 2190 3948 oportet
2228 3893 2351 3933 eum
2377 3892 2488 3932 non
2525 3877 2640 3934 sine
2670 3877 3038 3948 increpatione
3063 3879 3119 3935 in
3145 3881 3418 3937 communi

1833 3969 2064 4026 concilio
2125 3969 2385 4037 admitti,
2434 3970 2510 4025 ita
2545 3977 2606 4025 ut
2639 3970 3069 4028 ecclesiasticum
3111 3973 3253 4028 ultra
3308 3988 3419 4029 non

1833 4062 2007 4118 solvat
2031 4063 2314 4118 canonem.

2400 4153 2573 4211 XXXI
2612 4151 2850 4228 [XXIX].

1834 4245 1905 4302 Ut
1933 4263 2112 4302 eorum
2137 4247 2193 4301 in
2233 4247 2564 4302 accusatione
2585 4245 2663 4300 vel
2706 4247 2999 4301 testimonio
3037 4262 3135 4300 vos;
3174 4244 3417 4302 obstrua-

2091 4326 2196 4382 tur,
2222 4317 2310 4388 qui
2336 4317 2526 4370 divinis
2549 4315 2756 4370 vocibus
2788 4317 2981 4370 mortui
3005 4325 3147 4370 sunt.

1905 4425 1982 4497 (2,
2013 4441 2067 4496 q.
2097 4427 2154 4492 ,7,
2183 4425 2393 4480 Placuit
2429 4441 2628 4480 eorum.
2665 4456 2734 4466 —
2754 4424 2870 4480 Lib.
2907 4443 3007 4492 VII,
3040 4444 3087 4481 c.
3113 4425 3266 4498 242.)
3289 4424 3416 4482 Pla-

1756 4546 1806 4608 ο
1833 4521 1945 4576 cuit
1977 4535 2164 4575 eorum
2205 4517 2493 4575 accusandi
2538 4519 2869 4585 sacerdotes,
2911 4527 2964 4574 et
2993 4519 3313 4574 testificandi
3359 4519 3416 4576 in

1829 4629 1946 4678 eos,
1983 4627 2169 4668 vocem
2195 4612 2500 4676 obstruere,
2528 4624 2666 4680 quos
2691 4623 2800 4666 non
2830 4611 3081 4666 humanis
3110 4650 3126 4676 ,
3155 4609 3249 4665 sed
3278 4611 3414 4667 divi-

1826 4705 1913 4759 nis
1948 4703 2173 4758 vocibus
2216 4710 2460 4758 mortuos
2494 4717 2615 4758 esse
2666 4702 2868 4758 scimus
2898 4743 2914 4767 ,
2957 4702 3082 4772 quia
3113 4717 3300 4758 vocem
3333 4702 3414 4756 fu.

1827 4803 2037 4854 nestam
2080 4795 2258 4865 potius
2302 4792 2552 4850 intercidi
2598 4790 2938 4865 [interdici]
3010 4805 3174 4863 quam
3235 4792 3411 4851 audiri

1827 4899 2062 4948 ouortet.

2396 4979 2590 5038 XXXII
2625 4978 2818 5054 [XXX]

2041 5095 2120 5152 De
2155 5113 2257 5154 non
2296 5096 2535 5167 neganda
2561 5094 2908 5168 appellatione
2932 5105 3198 5160 accusata.

1898 5186 2084 5260 (lbid.,
2114 5203 2162 5241 c.
2189 5184 2339 5257 245.)
2377 5185 2583 5242 Placuit
2603 5195 2664 5241 ut
2694 5193 2965 5250 accusata,
2996 5184 3290 5256 Sijudicem
3319 5202 3410 5242 suo

1828 5288 2070 5352 spectum
2106 5279 2377 5345 habuerit,
2404 5277 2564 5334 liceat
2593 5278 2881 5349 appellare,
2915 5278 3044 5349 quia
3070 5293 3180 5336 non
3199 5288 3410 5350 oportet

1827 5387 2024 5440 negare
2053 5369 2286 5444 [negari]
2313 5365 2644 5426 audientiam
2675 5371 2912 5442 roganti.

2367 5484 2583 5540 XXXIII
2612 5484 2853 5559 [XXXI].

1831 5576 1984 5644 Quod
2016 5576 2117 5632 reis
2141 5575 2230 5648 qui
2257 5575 2321 5630 de
2345 5593 2400 5631 se
2421 5577 2643 5652 confessi
2657 5587 2808 5652 sunt,
2861 5595 3019 5652 super
3041 5577 3175 5633 alios
3211 5594 3315 5632 non
3337 5578 3411 5634 sit

2441 5648 2778 5704 credendum.
2926 5648 2935 5652 ⁷
3093 5651 3096 5655 ’

1897 5736 1974 5810 (5,
2003 5754 2056 5809 q.
2087 5737 2173 5804 ll,
2204 5737 2329 5794 Non
2363 5750 2438 5815 est
2471 5740 2883 5797 credendum.—
2910 5739 3027 5796 Lib.
3056 5755 3154 5805 vn,
3175 5756 3222 5793 c.
3250 5737 3408 5809 ΞΗ.)

1829 5824 1945 5884 Non
1979 5835 2064 5884 est
2091 5823 2418 5886 credendum
2447 5840 2636 5888 contra
2681 5831 2816 5889 alios
2847 5844 3035 5889 eorum
3075 5827 3402 5886 confessioni
