3950 6312
501 320 666 376 ,1063

1543 309 1992 366 ANGELRAMNI
2032 308 2378 364 METENSIS
2410 310 2716 370 EPISCON

3649 323 3788 384 1064

525 431 617 503 qui
636 427 950 490 criminibus
973 425 1338 498 implicantur,
1363 425 1468 480 nisi
1490 440 1550 480 se
1569 426 1717 495 prius
1750 395 2096 495 probaverim
2123 428 2175 487 Α
2197 433 2252 480 et
2279 434 2336 480 ut
2360 426 2670 498 episcopum
2697 427 2833 485 nulli
2860 429 3152 486 criminoso
3173 443 3335 489 ureat
3360 449 3642 496 accusare.

525 523 859 586 innocentes,
889 518 1014 588 quia
1043 508 1348 588 periculosa
1369 521 1451 570 est
1476 524 1531 570 et
1554 516 1766 570 admitti
1812 531 1918 570 non
1943 515 2104 572 debet

526 615 606 669 rei
639 614 897 668 adversus
921 625 1295 682 quemcunque
1314 609 1603 665 confessio.
1646 685 1662 698 ι

1046 703 1263 758 XXXIV
1305 700 1564 773 [XXXII].

525 797 595 852 Ut
620 797 709 868 qui
721 795 930 868 judices
951 792 1524 916 8u8p66128323’2ze'1‘t53u,
1539 805 1710 845 uocem
1732 790 2100 861 appettationis

597 956 735 1030 (Lib.
765 971 862 1022 VII,
899 951 1120 1023 σ.170.)
1161 951 1360 1021 Siquis
1389 949 1627 1018 judicem
1667 949 1951 1005 adversum
1994 949 2098 1004 sibi

525 1049 774 1114 senserit,
802 1062 987 1103 vocem
1008 1045 1377 1116 appellationis
1398 1044 1668 1108 exhibeat,
1690 1051 1751 1096 ut
1766 1057 1889 1097 cum
1909 1041 1961 1096 ei
1976 1057 2102 1097 con-

524 1154 740 1194 cessum
765 1137 948 1203 fuerit,
980 1137 1190 1208 integro
1217 1135 1434 1206 negotio
1475 1135 1615 1204 apud
1652 1134 1817 1188 alium
1854 1133 2098 1204 iudicem

525 1230 720 1284 amotis
739 1228 1085 1285 dilationibus
1099 1227 1280 1296 possit
1301 1225 1497 1280 audiri.
2035 1221 2066 1252 ἑο

1047 1337 1245 1393 XXXV
1289 1336 1570 1409 [XXXIII].

525 1427 680 1495 Quod
699 1431 937 1483 omnibus
965 1429 1054 1498 qui
1079 1427 1375 1508 lite‘pulsati
1400 1436 1541 1508 sunt,
1561 1425 1818 1508 nonplibi
1844 1442 2000 1498 quam
2035 1426 2094 1481 in

902 1496 1112 1568 proprio
1147 1496 1264 1567 foro
1283 1496 1609 1566 jurgandum
1639 1496 1725 1550 sit.

595 1589 706 1660 (Ii,
737 1604 792 1658 q.
815 1588 870 1670 2,
898 1586 1128 1641 Clericus
1149 1587 1274 1640 sive.
1301 1611 1372 1626 -κ
1390 1585 1505 1640 Lib.
1533 1601 1628 1651 VII,
1654 1602 1702 1638 c.
1733 1585 1885 1657 25L)
1926 1586 2096 1642 Cleri-

523 1694 642 1746 cus,
658 1679 772 1733 sive
788 1679 975 1744 laicus,
992 1677 1038 1732 si
1057 1677 1282 1732 crimine
1305 1685 1397 1730 aut
1411 1675 1503 1731 lite
1514 1675 1758 1747 pulsatus
1779 1677 1959 1744 fuerit,
1988 1693 2094 1734 non

523 1769 688 1824 aliubi
714 1783 874 1839 quam
891 1764 950 1822 lin
974 1767 1091 1822 foro
1125 1783 1222 1822 suo
1257 1776 1578 1836 provocatus
1599 1768 1889 1841 audiatur._
1976 1845 1994 1853 q.
2023 1848 2030 1854 ι

1037 1859 1255 1913 XXXVI
1285 1858 1571 1933 [XXXIV].

701 1945 771 2001 Ut
797 1945 1112 2018 appellantes
1134 1945 1279 2000 nulla
1304 1952 1580 2001 arceantur
1605 1948 1918 2004 detentione.
1978 1965 1998 1976 ··

597 2036 648 2108 (1
655 2037 740 2090 bid
747 2076 782 2100 .,
803 2053 850 2090 c.
868 2034 1016 2107 252.)
1046 2035 1415 2106 Appellantem
1435 2053 1542 2092 non
1562 2038 1720 2094 debet
1740 2039 1956 2096 alllictio
1968 2035 2096 2111 ulla,

523 2138 619 2184 aut
638 2129 891 2195 carceris,
917 2136 1008 2184 aut
1029 2127 1370 2194 detentionis,
1389 2129 1646 2197 injuriare
1667 2132 1938 2199 custodia;
1964 2134 2010 2188 si
2031 2134 2099 2188 li-

524 2226 645 2274 ceat
677 2218 753 2291 [et
782 2218 962 2290 liceat]
1000 2218 1341 2289 appellatoris
1373 2220 1618 2276 vitiatam
1654 2236 1875 2278 causam
1911 2224 2096 2296 appel-

524 2310 737 2366 lationis
757 2310 994 2366 remedio
1022 2311 1322 2366 sublevare.

1044 2401 1286 2458 XXXVII
1310 2401 1573 2475 [XXXV].

525 2494 677 2560 Quod
723 2495 876 2549 etiam
905 2495 960 2549 in
983 2495 1156 2548 causis
1191 2495 1550 2550 criminalibus
1596 2495 1864 2567 appellare
1921 2496 2092 2552 liceat.

592 2588 776 2642 Liceat
796 2587 960 2642 etiam
987 2585 1042 2640 in
1062 2586 1241 2640 causis
1267 2586 1635 2641 criminalibus
1658 2587 1924 2657 appellare
1949 2629 1963 2654 ,
1996 2607 2096 2646 nec

523 2677 821 2748 appellandi
844 2692 947 2730 vox
971 2676 1260 2750 denegetur
1281 2675 1330 2730 ei
1353 2691 1515 2744 quem
1544 2676 1601 2730 in
1624 2676 1943 2747 supplicium
1972 2694 2097 2734 sen-

523 2767 690 2820 tentia
717 2766 1020 2822 destinarit.

1170 2856 1452 2913 XXXVIII.

523 2955 591 3009 In
617 2970 790 3010 causis
815 2952 1124 3024 capitalibus
1149 2953 1332 3006 absens
1347 2971 1609 3026 accusare
1641 2972 1744 3026 non
1765 2965 1949 3026 potest,
2002 2975 2094 3014 nec

888 3032 1162 3077 accusatus
1187 3039 1280 3092 per
1303 3023 1465 3076 alium
1489 3024 1719 3094 defendi.

593 3116 668 3188 (6,
703 3133 755 3187 q.
785 3115 838 3183 3,
884 3114 951 3170 In
975 3115 1352 3170 criminalibus.
1384 3146 1455 3156 ——
1480 3115 1596 3171 Lib.
1631 3134 1726 3183 VII,
1751 3136 1796 3173 c.
1835 3119 1986 3192 271.)
2034 3121 2092 3176 In
2119 3123 2168 3191 ο

519 3207 888 3262 criminalibus
907 3206 1084 3262 causis
1098 3221 1197 3260 nec
1225 3214 1506 3264 accusator
1533 3208 1637 3264 nisi
1647 3224 1746 3279 per
1772 3225 1830 3266 se
1865 3211 2097 3281 aliquem

518 3315 771 3354 accusare
792 3307 986 3369 potest,
1019 3313 1119 3352 nec
1133 3308 1415 3354 accusatus
1434 3315 1531 3370 per
1551 3301 1710 3357 aliam
1735 3317 2025 3372 personam
2039 3319 2099 3361 se

519 3392 802 3449 defensare
824 3393 1177 3464 permittitur.

1033 3482 1256 3538 XXXIX
1289 3482 1575 3557 [XXXVI].

519 3575 595 3630 De
619 3576 1072 3631 constitutionibus
1101 3586 1281 3630 contra
1295 3593 1518 3631 canones
1543 3586 1592 3630 et
1620 3576 1846 3644 decreta,
1874 3577 1950 3633 vel
1974 3595 2099 3632 con-

937 3655 1019 3698 tra
1047 3646 1204 3700 bonos
1235 3662 1404 3701 mores
1426 3647 1672 3701 conditis.

589 3732 726 3804 (Lib.
746 3745 838 3795 VII,
873 3750 920 3785 c.
955 3733 1104 3804 265.)
1144 3735 1569 3792 Constitutiones
1588 3747 1775 3794 contra
1791 3755 2023 3796 canones
2042 3751 2096 3796 et

397 3821 404 3828 ’
519 3821 733 3874 decreta
755 3822 1043 3890 praesulum
1056 3822 1441 3890 Romanorum,
1467 3827 1551 3880 vel
1571 3830 1742 3884 bonos
1764 3845 1962 3895 mores,
1981 3833 2096 3887 uul-

519 3907 623 3963 lius
649 3917 774 3962 sunt
791 3909 1069 3963 momenti.

1081 4000 1512 4079 XL[XXXVH]

518 4088 588 4144 Ut
617 4106 722 4144 non
743 4091 1061 4162 constringat
1077 4089 1322 4217 cleric‘pm
1344 4097 1595 4150 sententia
1627 4113 1732 4152 non
1757 4115 1788 4153 a
1807 4116 1902 4155 suo
1907 4101 2090 4172 judice

1259 4174 1383 4217 Icta.

1259 4174 1383 4217 tcta.

587 4249 700 4321 (II,
731 4267 783 4320 q.
807 4252 860 4315 3,
884 4251 951 4305 In
973 4250 1374 4307 clericorum.—
1396 4252 1512 4308 Lib.
1538 4271 1634 4321 VII,
1658 4273 1704 4312 c.
1731 4257 1878 4332 266.)
1902 4261 1956 4316 In
1979 4263 2091 4320 cle-

515 4341 748 4394 ricorum
772 4355 931 4395 causa
944 4341 1246 4410 hujusmodi
1262 4344 1433 4399 forma
1455 4356 1716 4415 servetur,
1738 4359 1798 4404 ut
1818 4368 1884 4406 ne
1905 4369 2091 4423 quem-

2799 519 2962 575 XLIV
2995 520 3182 595 [XLI].

2203 602 2355 670 Quod
2381 622 2438 684 In
2458 624 2621 694 cqusa
2653 609 2884 694 capitali,
2931 611 3022 693 vel.
3051 613 3106 666 in
3131 630 3291 671 causa
3316 626 3508 694 status,
3565 638 3676 678 nos:
3700 640 3789 694 per

2404 682 2406 684 ’
2435 676 2733 743 advocatos,
2757 680 2846 732 sed
2865 696 2957 750 per
3005 682 3144 751 ipsos
3167 685 3429 754 agendum
3458 676 3553 742 sit.

2271 767 2348 838 (2,
2373 783 2420 838 q.
2454 767 2505 832 6,
2529 767 2590 823 Si
2613 771 2844 840 quando.
2871 802 2942 812 —
2963 771 3194 840 Lib.VII,
3219 793 3267 829 c.
3289 777 3444 848 274.)
3489 780 3549 835 Si
3576 786 3788 852 quando

2201 856 2254 910 in
2288 871 2451 911 causa
2480 858 2718 928 capitali,
2763 860 2844 915 vel
2874 861 2929 915 in
2953 877 3116 917 causa
3151 873 3326 920 status
3384 867 3786 939 interpellatum

2199 947 2363 1004 fuerit
2389 990 2403 1015 ,
2460 967 2568 1006 non
2611 968 2710 1024 per
2752 963 3134 1024 procuratores
3156 999 3174 1022 ,
3212 961 3308 1015 sed
3350 976 3453 1018 uer
3506 965 3658 1035 ipsos
3714 979 3789 1022 est

2199 1043 2463 1114 agendum

2796 1128 2938 1194 'XLV
2967 1139 3174 1213 [XLII].

2200 1224 2449 1282 Utliceat
2473 1227 2699 1298 majores
2718 1228 2928 1311 judices
2953 1232 3236 1312 appellare,
3267 1236 3478 1305 quoties
3515 1241 3782 1294 necessitas

2849 1312 3105 1372 Ingruertt

2268 1385 2406 1456 (Lib.
2431 1401 2482 1451 v,
2515 1403 2563 1440 c.
2590 1386 2741 1458 250.)
2779 1388 2988 1444 Placuit
3014 1400 3074 1444 ut
3090 1401 3128 1445 ‘a
3155 1393 3579 1466 quibuscunque
3595 1397 3784 1467 judici-

2192 1470 2299 1532 bus
2327 1475 2707 1531 ecclesiasticis
2753 1478 2821 1532 ad
2847 1477 2980 1533 alios
2999 1477 3212 1547 judices
3239 1483 3669 1551 ecclesiasticos,
3698 1482 3776 1543 ubi

2197 1565 2372 1635 major
2413 1573 2497 1621 est
2530 1568 2840 1632 auctoritas,
2870 1567 3038 1624 fuerit
3081 1583 3468 1642 provocatum.
3518 1579 3778 1634 audientis

2198 1673 2307 1714 non
2327 1667 2580 1730 negetur.

2192 1733 2196 1737 '
2781 1740 2946 1806 XLVI
2966 1749 3174 1826 [XLIII]

2201 1856 2274 1914 Ut
2298 1859 2685 1941 metmpoluani
2713 1862 3070 1941 episcoporum
3095 1882 3304 1941 causas,
3333 1869 3464 1941 nisi
3508 1885 3777 1941 ρτωεαιια

2273 1945 2447 1983 omnes
2477 1930 2670 1998 fuerint
2688 1930 2911 2004 episcopi
2935 1930 3422 2006 comprovincialcs,
3452 1930 3637 1998 audire
3681 1963 3774 1999 non

2269 2009 2610 2069 praesumant.

2272 2088 2411 2162 (Lib.
2442 2106 2538 2159 VII,
2561 2108 2608 2145 c.
2636 2091 2788 2164 275.)
2849 2084 2907 2148 Si
2938 2096 3057 2164 quis
3095 2099 3552 2169 metropolitanus
3583 2105 3772 2175 episco-

2197 2192 2318 2248 pus,
2347 2179 2450 2234 nisi
2469 2181 2613 2250 quod
2632 2183 2699 2237 ad
2725 2198 2878 2238 suam
2902 2187 3429 2259 perlinetpropriam
3449 2195 3769 2252 solummodo

2195 2269 2528 2338 parochiam,
2581 2271 2703 2328 sine
2723 2275 2948 2331 consilio
2972 2285 3026 2332 et
3051 2277 3328 2338 voiuntate
3362 2287 3614 2342 omnium
3638 2304 3766 2344 ann-

2234 2361 2606 2417 roviucialium
2635 2365 3010 2436 episcoporum
3037 2377 3190 2426 extra
3229 2373 3438 2443 aliquid
3473 2393 3641 2448 agens
3663 2389 3767 2434 ten-—

2197 2454 2412 2521 taverit,
2433 2455 2631 2524 gradus
2648 2458 2730 2512 sui
2749 2460 2989 2527 periculo
3002 2463 3317 2533 subjacebit,
3341 2479 3396 2522 et
3412 2472 3561 2540 quod
3585 2476 3766 2544 egerit,

2197 2543 2411 2598 irritum
2442 2547 2704 2603 habeatur
2727 2561 2784 2605 et
2811 2568 3058 2610 vacuum.
3128 2556 3232 2614 Sed
3272 2562 3532 2632 quidquid
3557 2543 3771 2637 depro-

2196 2638 2506 2695 vincialium
2539 2643 2979 2713 coepiscoporum
3026 2651 3204 2705 causis
3235 2667 3564 2726 suarumque
3597 2658 3774 2714 Ecde-

2193 2729 2397 2784 siarum
2418 2739 2472 2786 et
2499 2732 2838 2802 clericorum,
2874 2747 3038 2808 atque
3062 2743 3398 2800 saacularium
3426 2753 3771 2807 necessitati-

2193 2822 2315 2887 bus,
2367 2838 2526 2894 agere
2565 2835 2658 2880 aut
2711 2829 2997 2898 disponere
3045 2848 3266 2890 necesse
3293 2837 3471 2904 fuerit,
3510 2843 3622 2897 hoc
3651 2861 3774 2899 cum

2193 2912 2434 2966 omnium
2457 2929 2721 2970 consensu
2757 2920 3288 2989 comprovincialium
3338 2939 3517 2996 agatur
3540 2937 3776 2999 pontiﬁ-

2194 3017 2338 3068 cum,
2385 3021 2490 3060 non
2513 3006 2695 3078 aliquo
2720 3009 3100 3068 dominationis
3130 3013 3293 3080 fastu,
3340 3019 3426 3072 sed
3450 3020 3772 3078 builtima

2195 3101 2250 3148 et
2275 3097 2528 3152 concordi
2554 3098 2795 3154 omnium
2820 3100 3298 3170 administratione,
3334 3108 3458 3162 sicut
3484 3109 3771 3171 Dominus

2196 3187 2300 3240 ait:
2342 3187 2466 3242 Non
2491 3189 2604 3242 veni
2632 3191 2944 3258 ministrari,
2971 3194 3061 3247 sed
3083 3197 3372 3252 ministrare
3394 3197 3772 3274 (Iatth.n);

2196 3287 2252 3335 et
2279 3279 2435 3334 alibi:
2478 3279 2581 3345 Qui
2607 3282 2788 3351 major‘
2808 3292 2882 3337 est
2925 3294 3168 3352 vestrum,
3208 3290 3303 3342 erit
3340 3291 3572 3345 minister
3605 3305 3776 3348 vester

2199 3370 2412 3442 (Matth.
2439 3372 2584 3442 XIII),
2607 3382 2663 3428 et
2691 3375 2918 3445 reliqua.
2993 3377 3254 3434 Similiter
3282 3389 3337 3436 et
3385 3382 3489 3452 ipsi
3522 3399 3752 3455 compro

2195 3463 2453 3518 vinciales
2495 3465 2730 3535 episcopi
2769 3482 2892 3522 cum
2922 3467 3038 3537 ejus
3072 3472 3317 3538 consilio,
3369 3475 3476 3529 nisi
3508 3487 3767 3547 quantqu

2195 3553 2263 3608 ad
2287 3554 2534 3624 proprias
2555 3558 2788 3627 pertinet
2819 3561 3124 3628 parochias,
3149 3573 3330 3634 agant,
3373 3565 3529 3634 juxta
3553 3582 3767 3626 sancto-

2196 3659 2316 3698 rum
2337 3646 2628 3702 constituta
2648 3646 2868 3704 Patrum
2901 3669 2915 3705 :
2947 3661 3007 3706 ut
3031 3667 3137 3708 uno
3161 3655 3363 3722 animo,
3392 3674 3505 3714 uno
3533 3675 3630 3717 ore
3653 3678 3767 3718 con-

2195 3741 2430 3798 corditer
2448 3752 2634 3799 sancta
2659 3745 2987 3817 gloriﬁcetur
3011 3749 3248 3806 Trinitas
3273 3752 3327 3806 in
3353 3754 3578 3810 saecula.

2749 3857 2934 3914 XLVII
2965 3858 3194 3933 [XLIV].

2309 3964 2440 4031 Quae
2452 3967 2508 4022 in
2531 3968 2681 4024 laicis
2703 3982 3014 4041 arguuntur,
3038 3991 3071 4028 a
3098 3975 3299 4031 clericis
3330 3995 3657 4050 respuantur

2262 4057 2400 4127 (Lib.
2427 4073 2522 4124 VII,
2547 4076 2594 4112 c.
2618 4059 2768 4132 276.)
2806 4061 2961 4128 Quod
2995 4063 3048 4117 in
3072 4063 3222 4120 laicis
3249 4072 3694 4141 reprehenditur,
3725 4077 3768 4132 id

2192 4148 2360 4204 multo
2385 4151 2556 4220 magis
2579 4151 2736 4208 debet
2757 4152 2813 4209 in
2841 4152 3052 4210 clericis
3078 4157 3471 4225 praedamnari.

2857 4268 3085 4324 XLVIII.

2293 4351 2373 4407 De
2395 4356 2829 4425 contemptoribus
2859 4374 3139 4424 canonum,
3161 4359 3313 4416 laicis
3335 4364 3416 4418 uel
3437 4367 3672 4425 clericis.

514 4449 674 4504 quam
703 4449 888 4487 eorum
925 4437 1189 4491 sententia
1218 4454 1323 4493 non
1347 4454 1378 4492 a
1397 4455 1496 4496 suo
1525 4439 1579 4513 [a
1604 4458 1708 4497 non
1740 4445 1860 4519 suo]
1904 4447 2087 4518 judice

2261 4441 2334 4497 Ut
2361 4441 2483 4497 laici
2502 4453 2898 4516 contemptores
2921 4463 3189 4505 canonum
3209 4459 3770 4524 excommunicentur,

516 4523 658 4576 dicta
683 4525 1032 4594 constringat.

1061 4595 1174 4650 XLI
1199 4596 1531 4672 [XXXVIII].

857 4685 930 4741 De
954 4689 1033 4742 his
1057 4691 1146 4758 qui
1185 4690 1322 4759 falsa
1343 4692 1463 4747 aliis
1485 4695 1745 4766 inrogant.
1777 4696 1795 4712 °

583 4779 656 4851 (5,
683 4797 734 4850 q.
762 4780 812 4843 6,
845 4781 1026 4835 Omnis
1051 4783 1140 4851 qui
1163 4783 1319 4851 falsa.
1345 4815 1416 4825 -
1438 4786 1552 4840 Lib.
1585 4802 1656 4852 VI,
1689 4805 1736 4842 c.
1768 4790 1918 4860 277.)
1954 4791 2084 4847 Om-

513 4873 595 4928 nis
621 4874 708 4941 qui
736 4873 866 4928 lalsa
898 4875 1017 4929 aliis
1043 4875 1300 4941 intulerit,
1329 4878 1600 4947 puniatur,
1645 4890 1700 4934 et
1724 4898 1820 4951 pro
1851 4883 2083 4941 falsitate

510 4962 646 5015 ferat
670 4962 960 5018 infamiam.

1061 5034 1197 5089 XLII
1235 5035 1524 5109 [XXXIX].

514 5117 587 5171 De
609 5112 911 5188 prouinciali
951 5125 1281 5207 retractanda
1332 5143 1424 5207 per
1472 5128 1692 5185 vicarios
1731 5132 1873 5186 urbis
1899 5133 2081 5191 Roma:

1177 5211 1421 5249 ευιεεουι.

581 5254 718 5327 (Lib.
746 5271 842 5324 vn,
876 5261 1086 5333 c.267.)
1105 5213 1545 5333 Utegi‘zcvtiﬁzcialis
1563 5270 1796 5339 synodus
1824 5281 2082 5331 ratracte-

508 5354 597 5401 tur
615 5361 714 5415 per
727 5346 955 5405 vicarius
989 5352 1216 5410 Romani
1259 5357 1527 5426 pontiﬁcis
1553 5359 1724 5429 [urbis
1744 5361 1976 5438 Romaz],
2030 5369 2077 5423 si

507 5436 527 5470 θ
528 5452 622 5508 pse
643 5437 958 5494 decreverit.

1110 5532 1267 5589 XLIu
1315 5536 1472 5612 [XL].

796 5619 874 5676 De
901 5621 966 5676 iis
985 5623 1075 5693 qui
1103 5625 1329 5694 majores
1356 5643 1482 5686 natu
1510 5644 1776 5691 accusant.

575 5710 652 5767 De
681 5710 747 5766 iis
769 5712 860 5781 qui
899 5712 952 5766 in
993 5715 1386 5775 accusationem
1438 5721 1653 5793 majoris
1681 5737 1803 5783 natu
1827 5729 2066 5796 veniunt,

2189 4531 2371 4589 clerici
2397 4549 2526 4589 vero
2561 4536 2765 4592 honore
2794 4538 3096 4606 priventur.

2762 4645 2927 4700 XLIX
2966 4647 3176 4723 [XLV].

2359 4731 2628 4789 Delatores
2658 4737 2745 4805 qui
2769 4738 2893 4803 sint,
2916 4748 2962 4792 et
2988 4757 3091 4810 qua
3112 4758 3264 4812 paena
3299 4746 3602 4804 multandi.

2256 4822 2393 4883 (Lib.
2425 4839 2520 4888 VII,
2556 4841 2603 4878 c.
2640 4826 2788 4897 277.)
2854 4827 3088 4886 Delatori
3117 4842 3209 4888 aut
3251 4833 3439 4906 lingua
3466 4843 3767 4913 capuletur.

2187 4922 2280 4967 aut
2307 4915 2554 4971 convicto
2581 4925 2740 4985 caput
2765 4929 3090 4987 amputetur.
3132 4923 3416 4983 Delatores
3431 4940 3628 4986 autem
3656 4943 3772 4987 sunt

2153 4998 2155 5000 ’
2185 5005 2278 5074 qui
2307 5005 2504 5061 invidia
2532 5008 2764 5075 produnt
2788 5008 2921 5066 alios

2793 5123 2857 5178 .L
2897 5124 3126 5201 [XLVI].

2191 5211 2258 5266 De
2279 5212 2344 5266 iis
2367 5213 2454 5284 qui
2480 5213 2536 5268 in
2557 5212 2772 5269 alterius
2783 5216 2986 5338 {amam
3007 5223 3342 5291 scripturam,
3358 5238 3454 5282 aut
3469 5231 3637 5286 verba
3656 5249 3777 5288 con-

2641 5293 2779 5338 tame
2802 5287 2914 5338 iosa
2936 5289 3301 5338 conﬁnxerit"-

2641 5287 2914 5341 tumeliosa
2936 5287 3302 5357 conﬁulrerint.

2250 5370 2435 5442 (Ibid.,
2466 5389 2514 5426 c.
2543 5372 2694 5444 278.)
2750 5374 2852 5440 Qui
2889 5377 2942 5431 in
2984 5379 3208 5436 alterius
3230 5381 3434 5441 famam
3460 5387 3521 5443 in
3552 5393 3777 5462 publica

2180 5460 2523 5528 scripturam,
2569 5472 2662 5518 aut
2699 5467 2860 5521 verba
2905 5472 3293 5527 contumeliosa
3329 5460 3700 5546 conﬁnxerit,
3729 5495 3778 5538 et

2179 5560 2420 5619 repertus
2441 5553 2641 5621 scripta
2662 5571 2766 5610 non
2793 5559 3120 5627 probaverit,
3146 5561 3476 5633 ﬂagelletur:
3504 5581 3568 5626 et
3590 5577 3694 5644 qui
3715 5591 3776 5628 ea

2177 5641 2623 5710 priusinvenerit,
2651 5659 2884 5721 rumpat,
2908 5651 2951 5707 si
2977 5667 3084 5709 non
3101 5654 3217 5710 vult
3241 5661 3449 5714 auctori
3477 5641 3632 5718 facti
3649 5683 3777 5720 cau-

2177 5747 2289 5792 sam
2305 5749 2600 5791 Incurrere.
