3950 6312
216 454 363 513 {063

828 573 892 632 LI
915 574 1167 654 [XLvn].

239 658 323 717 De
344 677 406 718 eo
427 663 519 736 qui
539 661 708 722 iratus
724 666 922 724 crimen
950 671 1156 742 objecit,
1184 684 1233 730 et
1269 686 1450 749 postea
1477 688 1750 740 retractat.

275 753 465 826 (Ibid.,
496 774 545 812 c.
573 757 726 832 28L)
764 760 823 817 Si
853 763 976 833 quis
1001 765 1170 824 iratus
1189 770 1394 829 crimen
1432 774 1648 845 aliquod
1669 777 1785 834 cui-

195 845 334 907 libet
353 859 561 911 temere
591 854 870 926 obiecerit,
899 861 1204 920 convicium
1241 882 1349 924 non
1382 877 1467 927 est
1490 886 1592 942 pro
1617 887 1781 930 accu-

193 941 408 998 satione
434 943 768 1016 habendum;
824 950 920 1006 sed
950 953 1216 1022 permisso
1266 941 1534 1018 tractandi
1577 963 1777 1033 studio,

191 1028 251 1086 id
276 1031 418 1103 quod
442 1032 614 1092 iratus
653 1038 808 1107 dixit,
837 1055 936 1112 per
961 1046 1289 1117 scripturam
1333 1066 1392 1109 se
1418 1028 1776 1124 probaturum
1856 1117 1872 1124 ,,

187 1138 314 1181 esse
357 1124 618 1196 fateatur,
655 1140 766 1188 aut
814 1134 860 1190 si
890 1135 1030 1194 forte
1051 1141 1377 1212 resipiscens
1408 1155 1530 1217 post
1558 1147 1774 1206 iracun-

185 1212 354 1281 diam,
393 1231 514 1287 quae
537 1218 676 1276 dixit
716 1223 917 1282 iterare
957 1237 1052 1286 aut
1079 1234 1322 1292 scribere
1360 1212 1614 1311 noluerit,
1654 1260 1765 1303 non

179 1310 247 1358 ut
289 1321 413 1364 reus
433 1309 678 1369 criminis
696 1312 962 1374 habeatur
991 1321 1307 1401 [teneatur].

777 1429 867 1486 LII
894 1431 1171 1510 [XLVIII].

178 1508 287 1576 Qui
307 1513 502 1572 crimen
524 1517 738 1614 quicitl,
753 1523 975 1606 probare
1003 1508 1151 1614 debet
1165 1571 1180 1596 ,
1204 1540 1323 1588 etut
1340 1551 1503 1594 causa
1523 1539 1597 1594 ibi
1627 1557 1760 1614 aga-

533 1598 622 1644 tur
647 1592 738 1646 ubi
755 1592 960 1651 crimen
987 1592 1275 1660 admissum
1311 1616 1408 1662 est.

243 1673 320 1748 (5,
341 1694 392 1748 q.
419 1678 473 1746 6,
505 1678 610 1746 Qui
639 1684 856 1742 crimen.
881 1687 1086 1748 --Lib.
1109 1707 1206 1763 VII,
1225 1713 1272 1751 c.
1301 1697 1428 1755 282.
1457 1729 1530 1744 -
1548 1699 1602 1771 2,
1630 1704 1756 1774 (1.5,

172 1763 355 1822 Omnis
382 1771 546 1841 igitur
565 1774 704 1846 qui.)
731 1776 832 1845 Qui
856 1781 1064 1871 crimen
1085 1787 1291 1858 objicit,
1317 1792 1523 1850 scribat
1544 1763 1605 1852 se
1628 1763 1758 1867 ῥινοὶ

169 1855 417 1916 baturum
440 1877 652 1932 revera,
683 1876 739 1923 et
762 1871 835 1927 ibi
878 1866 1042 1932 causa
1079 1855 1284 1951 agatur-
1301 1885 1392 1940 ubi
1424 1855 1754 1946 crimen-ad-

1137 467 1478 532 CAPITULA
1511 463 1603 534 AB
1636 460 1941 556 abitum
1975 478 2154 540 pars
2179 437 2516 551 'TRADITA.

3330 515 3478 586 1066

1818 594 1922 692 Δ-
1973 691 1980 692 ί
2497 599 2655 668 LVIII
2685 609 2867 692 [LIV].

1890 687 2102 761 Injusta
2139 696 2496 771 episcoporum
2523 687 2793 766 damnatio
2819 687 2854 767 ᾖ
2880 715 3080 786 synodo
3108 729 3473 789 retractanda.

1959 781 2072 854 (ll,
2106 803 2159 858 q.
2185 788 2238 855 5,
2266 789 2486 849 Irritam
2505 796 2660 871 esse.)
2693 781 3058 865 lrritam'esse
3085 781 3472 892 injustam

1884 885 2172 945 scoporum
2221 881 2620 945 damnationem
2645 930 2662 958 ,
2719 892 2919 954 idcirco
2966 916 2998 956 a
3040 881 3246 974 synodo
3301 881 3470 969 retra-

1884 967 2156 1023 ctandam.

2534 1071 2647 1131 LIX
2669 1075 2826 1151 [LV].

1963 1145 2118 1214 Quod
2146 1151 2438 1214 Ecclesium
2457 1178 2611 1219 suam
2637 1142 2928 1242 relinquere
2965 1177 3144 1234 nullus
3169 1182 3374 1241 debeat.

1851 1265 1867 1296 έ
1926 1238 2084 1336 (Lib.
2110 1259 2202 1310 VII,
2230 1263 2278 1301 c.
2305 1249 2454 1322 566.)
2520 1255 2590 1311 Ut
2631 1274 2698 1315 ne
2732 1238 2883 1332 quis,
2921 1267 3048 1323 dum
3078 1271 3134 1325 in
3165 1238 3462 1336 eauti—rare

1818 1326 1837 1335 “
1870 1331 2107 1401 poterit,
2145 1338 2385 1406 qualibet
2409 1326 2933 1412 necessitate—suan
2980 1360 3245 1434 relinquat
3271 1367 3460 1426 Ecclco

1871 1433 2028 1478 81am.

2499 1511 2592 1569 LX
2630 1514 2812 1592 [LVI].

1857 1585 1998 1680 :Ante
2021 1591 2259 1662 judicem
2293 1616 2398 1656 non
2423 1620 2580 1694 suum
2599 1585 2842 1694 pulsat-us
2857 1624 3030 1694 taceat
3056 1622 3105 1677 si
3133 1624 3288 1682 velit:
3313 1635 3361 1683 et
3390 1637 3455 1686 ut

1857 1675 1862 1746 ί
2286 1673 2571 1743 appellanti
2590 1673 2819 1739 inducite
2831 1673 3040 1746 dentur.

1934 1751 2073 1826 (Lib.
2089 1761 2420 1837 vn,c.285.)
2460 1766 2712 1830 Pulsatus
2737 1785 2863 1833 ante
2890 1796 3047 1838 suum
3062 1783 3302 1854 judicem
3325 1807 3451 1848 cau-

1860 1855 1980 1898 sam
2006 1846 2176 1916 dicat;
2201 1860 2377 1910 etnon
2397 1867 2524 1914 ante
2549 1877 2702 1918 suum
2713 1865 2951 1936 judicem
2992 1876 3261 1946 pulsatus,
3297 1884 3343 1938 si
3356 1899 3450 1941 vo-

163 1947 426 2007 mittitur:
475 1964 536 2010 ut
560 1959 654 2028 qui
675 1975 782 2016 non
801 1934 1275 2044 probaverituqllod
1303 1934 1753 2051 ὧἠῖιῶ
1781 1963 1833 2028 Β
1858 1934 2264 2051 auiti???“
2298 1956 2356 2004 et
2380 1959 2439 2006 ω
2468 1955 2912 2030 Ρωδθιίᾳυθῑίθδ
2931 1970 3344 2044 appellaverint'
3362 1977 3448 2036 in‘

158 2055 323 2112 quam
349 2045 597 2107 intulerit
616 2050 731 2124 ipse
750 2055 1013 2126 patiatur.

751 2167 863 2226 LIII
901 2171 1136 2250 [XLIX].

154 2245 216 2302 Ν
217 2266 244 2304 c
262 2248 469 2321 judices
489 2271 704 2313 causam
728 2245 953 2319 absentis
973 2245 1209 2337 personae
1220 2287 1319 2329 sua
1329 2277 1586 2334 sententia
1606 2296 1746 2353 prte-

831 2347 1062 2394 sumant.

227 2412 368 2485 (Lib.
395 2431 470 2484 VI,
492 2437 539 2474 c.
557 2419 704 2495 279.)
727 2421 968 2484 Caveant
988 2428 1201 2500 iudices
1228 2434 1503 2508 Ecclesiae,
1533 2458 1623 2511 ne,
1649 2409 1742 2502 ab:

143 2516 305 2565 sente
317 2524 384 2566 eo
405 2512 556 2583 cujus
569 2531 730 2575 causa
747 2523 1060 2594 ventilatur,
1087 2533 1407 2590 sententiam
1419 2536 1698 2608 proferant
1719 2557 1734 2598 :

141 2603 277 2672 quia
305 2604 459 2664 irrita
483 2609 606 2678 erit,
647 2611 760 2672 imo
799 2625 854 2674 et
874 2632 1094 2680 causam
1133 2625 1190 2682 in
1215 2631 1424 2702 synodo
1465 2647 1566 2706 pro
1588 2628 1762 2696 facto
1828 2655 1833 2660 '

141 2693 367 2753 dabunt.

267 2810 270 2813 -
652 2830 654 2834 -
811 2803 926 2863 LIV
952 2806 1062 2884 [L].

135 2881 225 2939 De
243 2903 303 2943 eo
335 2890 421 2961 qui
443 2889 744 2968 frequenter
769 2881 972 2990 litigat;
992 2881 1050 2963 ut
1077 2887 1181 2966 non
1203 2914 1525 2987 suscipiatur
1537 2920 1730 2994 absque
1829 2951 1903 3009 fa]

800 2978 1058 3034 examine.

1855 2029 2032 2089 duciae
2055 2033 2271 2094 dentur.

2457 2137 2596 2209 [LXI
2609 2141 2812 2220 [LVII].

1988 2218 2067 2277 De
2088 2238 2149 2278 eo
2172 2224 2262 2295 qui
2293 2236 2476 2284 contra
2502 2249 2654 2289 suam
2678 2218 3112 2311 subscriptionem
3137 2260 3291 2307 venit.

1918 2310 2150 2384 (Lib.VI,
2175 2335 2221 2372 c.
2246 2319 2399 2394 252.)
2448 2321 2505 2379 Si
2531 2327 2655 2396 quis
2665 2339 2855 2388 contra
2869 2310 3022 2392 suam
3043 2341 3441 2409 professionem

1843 2401 1928 2458 vel
1951 2408 2407 2480 conscriptionem
2427 2419 2658 2487 venerit,
2676 2423 2722 2477 si
2737 2423 2968 2484 clericus
2992 2428 3174 2498 fuerit,
3201 2435 3438 2508 depona-

1843 2498 1960 2564 tur;
1995 2495 2044 2552 si
2072 2497 2267 2570 laicus,
2297 2506 2804 2571 anathematizetur.

2453 2619 2592 2677 LXII
2614 2621 2818 2701 [LVIII]

1835 2694 2062 2756 Falsum
2091 2703 2288 2798 crimen
2299 2708 2557 2792 adversus
2574 2716 2889 2798 episcopum,
2913 2726 3288 2798 presbyterum,
3314 2733 3434 2790 dia-

1941 2788 2124 2828 canem
2151 2776 2417 2847 objicienti
2447 2799 2539 2838 nec
2572 2776 2625 2839 in
2646 2776 2756 2855 ﬁne
2790 2776 2971 2848 danda
2996 2776 3317 2857 communiit.

1825 2857 1830 2862 ’
1906 2861 1964 2919 Si
1977 2867 2100 2935 quis
2111 2869 2443 2942 episcopum,
2466 2886 2560 2933 aut
2582 2883 2982 2957 presbyterum,
3006 2900 3100 2947 aut
3115 2895 3427 2970 diaconum,

1907 2955 1983 3011 sis
2003 2959 2325 3020 criminibus
2349 2969 2658 3039 appetierit,
2694 2985 2748 3031 et
2768 2955 3002 3048 probare
3026 3001 3134 3041 non
3163 2955 3424 3062 potuerit;

208 3050 347 3124 μεθ,
369 3070 419 3122 γ’
445 3074 493 3112 ο.
519 3057 670 3132 2‘5).
711 3063 840 3134 Ejus
865 3068 975 3138 ~qu
999 3067 1313 3145 frequenter
1333 3077 1529 3152 litigat,
1569 3093 1627 3140 et
1657 3087 1727 3144 ad
1826 3060 1930 3103 nec
1950 3049 2008 3152 in
2036 3050 2143 3108 line
2170 3055 2401 3152 dandam
2426 3075 2546 3117 esse
2574 3061 2703 3136 [nisi
2727 3067 2784 3123 in
2825 3070 2934 3128 ﬁne
2959 3049 3193 3135 dandam
3231 3083 3282 3139 ei
3311 3049 3425 3142 non

128 3148 494 3205 accusandum
519 3160 604 3208 est
631 3153 823 3223 facilis,
853 3164 1256 3224 accusationem
1303 3148 1464 3229 nemo
1516 3176 1725 3248 absque

125 3237 322 3306 grandi
355 3242 604 3300 examine
627 3247 878 3318 recipiat.

793 3359 885 3418 LV
921 3363 1055 3440 [LI].

121 3439 284 3507 Quod
302 3445 526 3520 episcopi
547 3449 682 3505 inter
709 3468 763 3508 se
792 3456 1074 3582 czrzigetre,
1103 3460 1152 3516 si
1176 3462 1304 3534 quid
1331 3473 1505 3522 ortum
1527 3467 1711 3540 fuerit,

855 3542 882 3580 e
916 3543 978 3582 en
1008 3568 1023 3582 .

855 3542 1002 3583 event
1008 3568 1023 3582 .

197 3607 334 3680 (Lib.
363 3626 437 3678 VI,
481 3631 528 3668 c.
550 3613 700 3688 501.)
739 3617 817 3674 De
855 3623 1291 3685 accusationibus
1333 3631 1712 3705 episcoporum

110 3697 508 3760 Constantinus
540 3706 836 3776 imperator
859 3711 1002 3769 inter
1030 3723 1226 3772 caetera
1252 3718 1332 3776 sic
1366 3697 1484 3782 ait:
1515 3697 1569 3778 ἰ
1601 3721 1711 3805 Ve:-

103 3798 266 3856 ειη,
310 3792 481 3865 inquit
503 3794 791 3874 [quidem],
816 3806 1186 3865 accusationes
1206 3818 1420 3884 tempus
1434 3792 1715 3876 habebunt

97 3883 418 3954 proprium,
445 3886 500 3943 id
533 3899 639 3957 est,
671 3893 812 3950 diem
839 3899 1020 3968 magni
1038 3897 1260 3968 judicii:
1307 3883 1548 3975 judicem
1577 3924 1711 3968 vero

97 3973 293 4041 illum,
317 3977 409 4046 qui
436 3987 563 4036 tunc
592 3980 803 4041 futurus
847 3996 932 4044 est
959 3992 1212 4049 omnibus
1252 3973 1518 4064 judicare.
1575 4000 1710 4058 Mihi

89 4081 246 4137 ergo
265 4067 494 4136 homini,
518 4075 814 4134 constituto
843 4079 908 4135 de
933 4081 1238 4152 huiusmodi
1273 4088 1435 4146 rebus
1458 4091 1711 4149 nonlicet

84 4160 322 4217 habere
345 4163 687 4236 auditorium,
716 4173 1059 4231 sacerdotum
1091 4177 1300 4234 scilicet
1327 4185 1705 4242 accusantium

84 4249 274 4307 simul
302 4259 357 4308 et
379 4265 774 4316 accusatorum.
856 4263 1001 4331 Quos
1026 4266 1249 4325 minime
1294 4274 1546 4330 convenit
1569 4277 1706 4333 tales

82 4347 307 4402 debere
326 4355 638 4422 monstrari,
664 4356 1074 4426 quijudicentur
1093 4364 1160 4420 ab
1185 4365 1328 4434 aliis,
1349 4383 1473 4424 cum
1495 4372 1564 4426 ab
1585 4372 1706 4443 ipso

81 4437 335 4495 Domino
367 4443 540 4514 magis
567 4446 676 4507 sint
702 4447 802 4518 ipsi
821 4449 1123 4521 judicandi,
1164 4457 1230 4512 de
1255 4459 1452 4528 quibus
1475 4461 1554 4517 ait
1573 4437 1704 4534 pro-

71 4533 264 4604 pheta
303 4548 318 4587 :
345 4533 488 4590 Deus
515 4538 657 4592 stetit
683 4540 740 4594 in
761 4558 1028 4616 synagoga
1051 4547 1268 4602 deorum
1285 4565 1304 4603 :
1326 4551 1384 4605 in
1405 4533 1588 4608 medio
1602 4572 1702 4610 au-

71 4633 200 4678 tem
228 4623 374 4679 Deus
400 4627 650 4683 discernit
671 4629 845 4702 (Psal.
874 4636 1084 4710 LXXXI).
1115 4638 1313 4712 lNeque
1334 4654 1562 4715 possunt
1592 4648 1695 4704 htt-

66 4731 259 4772 mano
299 4720 650 4778 condemnari
703 4729 987 4798 examine,
1027 4748 1164 4804 quos
1214 4737 1358 4794 Deus
1386 4755 1485 4797 suo
1512 4756 1692 4802 reser-
1715 4723 1770 4784 Ῑ)

67 4808 240 4863 vavit
256 4807 486 4880 judicio.
521 4833 540 4866 ι
582 4813 651 4878 Et
677 4817 884 4888 reliqua
911 4823 1061 4892 talia,
1091 4833 1146 4881 et
1169 4827 1256 4884 his
1281 4829 1503 4888 similia.

350 4998 355 5002 _
425 4933 430 4938 γ
627 4988 654 4999 ε
727 4933 840 4990 LVI
894 4933 1052 5010 [LII].
1119 4949 1122 4951 >

335 5014 586 5076 Summus
616 5024 812 5094 prtesul
845 5044 878 5081 a
906 5030 1111 5085 nemine
1136 5031 1436 5102 iudicatur.

145 5106 351 5177 Neque
360 5113 558 5179 praesul
575 5129 818 5175 summus
832 5134 862 5174 a
879 5134 1149 5192 quoquam
1168 5121 1660 5202 judicabitur,quia

47 5199 302 5255 dicente
336 5201 594 5274 Domino,
636 5205 763 5264 Non
782 5221 856 5266 est
876 5211 1165 5285 discipulus
1183 5234 1340 5290 super
1366 5199 1677 5294 magistrum

43 5291 239 5364 (Luc.
268 5292 376 5363 Vl).

712 5394 849 5455 LVII
876 5397 1054 5479 [LIII].

43 5495 129 5553 Ut
150 5496 353 5570 fudere
380 5517 484 5591 rion
513 5513 632 5591 ante
657 5525 804 5591 reum
833 5513 1162 5591 condemnet,
1199 5499 1359 5588 quam
1393 5519 1504 5591 ipse
1550 5537 1677 5581 con-

382 5571 616 5644 ﬁteatur,
640 5589 732 5634 aut
759 5599 852 5652 per
880 5592 1031 5640 testes
1058 5571 1376 5644 revincetur.

125 5661 296 5735 (Lib.
320 5678 378 5730 v,
402 5682 449 5720 c.
478 5666 626 5742 156.)
663 5671 838 5730 iudex
857 5675 1209 5735 criminosum
1237 5679 1537 5744 discutiens
1563 5703 1672 5746 non

43 5764 194 5810 mte
221 5758 559 5814 sententiam
584 5762 828 5832 proferat
851 5769 1158 5839 capitalem,
1199 5788 1362 5844 quam
1398 5785 1493 5834 aut
1515 5794 1672 5837 reum

1742 3341 1796 3408 α

1826 3139 1971 3214 esse]
2005 3147 2465 3207 communionem.

2421 3249 2583 3307 LXIu
2612 3253 2796 3330 [LIX].

1815 3385 1819 3388 ,
2338 3340 2417 3397 De
2437 3341 2626 3402 libellis
2651 3348 2870 3418 famosis

1890 3419 2030 3496 (Lib.
2059 3440 2139 3494 Vt,
2177 3444 2226 3482 c.
2267 3429 2418 3504 245.)
2459 3432 2516 3490 Si
2547 3438 2640 3507 qui
2664 3439 2869 3497 inventi
2898 3443 3100 3505 fuerint
3137 3441 3438 3514 librosfsi

1815 3530 2002 3574 mosos
2021 3517 2204 3592 legere
2226 3523 2311 3578 vel
2325 3536 2574 3596 cantare,
2599 3537 3156 3598 excommunicentur.

2425 3618 2590 3677 LXIV
2634 3623 2796 3698 [LX].

1815 3700 1888 3762 Ut
1913 3704 2096 3762 diebus
2117 3707 2409 3766 Dominicis
2432 3730 2607 3770 causa:
2619 3718 2683 3772 ab
2709 3721 2950 3794 episcopo
2977 3742 3082 3781 non
3097 3729 3409 3790 audiantur.

1825 3849 1829 3852 .
1885 3795 1999 3868 (15,
2020 3816 2074 3870 q.
2101 3799 2156 3867 4,
2183 3798 2380 3858 Nullus
2407 3807 2697 3880 episcopus.
2722 3841 2793 3852 —-
2813 3812 2928 3869 Lib.
2949 3831 3024 3884 VI,
3056 3837 3104 3873 c.
3130 3820 3281 3894 245.)
3335 3824 3409 3881 Ut

1809 3887 1992 3946 nullus
2023 3892 2308 3964 episcopus
2333 3936 2349 3962 ,
2401 3897 2487 3953 vel
2530 3898 2673 3958 infra
2719 3905 2954 3975 positus,
2983 3908 3074 3966 die
3121 3887 3406 3973 Dominico

1809 3996 2005 4042 causas
2020 3983 2270 4055 judicare
2289 4001 2605 4059 praesumat.

2421 4085 2563 4146 LXV
2595 4090 2777 4168 [LXI].

1806 4166 1888 4226 De
1928 4181 2154 4244 potente,
2181 4175 2230 4231 si
2254 4192 2406 4248 quem
2434 4166 2813 4267 erspoliaverit,
2855 4197 2913 4244 ut
2954 4191 3020 4247 ab
3047 4176 3285 4267 episcopo
3311 4213 3405 4254 eu-

2395 4268 2561 4306 comm
2568 4267 2826 4314 unicetur.

1876 4329 2069 4400 (lbid.,
2102 4350 2151 4388 c.
2191 4333 2342 4410 246.)
2376 4339 2508 4396 Utsi
2534 4344 2656 4413 quis
2677 4357 2958 4418 potentum
2985 4356 3279 4424 quemlibet
3307 4374 3402 4417 ex-

1803 4423 2135 4493 spoliaverit,
2188 4436 2245 4483 et
2291 4431 2615 4491 admonente
2657 4441 2912 4514 episcopo
2939 4423 3045 4503 non
3079 4450 3397 4525 reddiderit,

1803 4520 2322 4578 excommunicetur.

2397 4619 2562 4679 LXVI
2585 4625 2794 4702 [LXII].

1979 4706 2048 4763 Ut
2080 4709 2256 4766 nullus
2287 4711 2508 4772 clericus
2536 4735 2570 4772 a
2595 4737 2691 4775 suo
2722 4724 2929 4780 recedat
2949 4729 3210 4802 episcOpo.

1869 4799 2057 4873 (Ibid.,
2097 4820 2144 4859 c.
2174 4804 2326 4880 247.)
2366 4808 2438 4866 Ut
2462 4811 2641 4869 nullus
2661 4815 2892 4875 clericus
2911 4821 2981 4878 ab
3005 4799 3260 4900 episcopo
3288 4844 3390 4888 suo

1797 4894 2040 4963 recedat,
2080 4904 2135 4952 et
2166 4899 2232 4953 ad
2259 4899 2426 4955 alium
2459 4917 2516 4958 se
2540 4906 2854 4965 transferat.

2376 4991 2818 5074 vau[ann.

1707 5135 1710 5138 ,
1804 5075 1875 5136 Ut
1903 5081 2208 5138 criminibus
2232 5083 2485 5165 implicati
2514 5088 2584 5143 ad
2607 5095 2994 5165 accusationem
3021 5113 3114 5157 aut
3149 5109 3384 5165 testimo-

2269 5158 2415 5211 nium
2443 5174 2550 5214 non
2573 5161 2940 5222 admittuntur.

1866 5242 2005 5316 (Lib.
2033 5259 2108 5312 VI,
2135 5263 2183 5302 c.
2212 5246 2364 5320 298.)
2404 5248 2720 5322 Homicida),
2741 5258 2994 5330 maleﬁci,
3020 5263 3190 5336 fures,
3219 5270 3380 5328 sacri-

1790 5337 1920 5408 legi,
1946 5347 2213 5411 raptores,
2241 5342 2488 5411 veneﬁci,
2513 5346 2767 5417 adulteri,
2795 5361 2850 5407 et
2876 5355 2966 5424 qui
2995 5367 3208 5429 raptum
3239 5363 3375 5420 fece~

1788 5429 1922 5497 rint,
1943 5429 2027 5486 vel
2051 5431 2246 5487 falsum
2267 5435 2638 5495 testimonium
2648 5439 2906 5513 dixerint,
2938 5463 3034 5505 seu
3054 5453 3147 5522 qui
3176 5455 3243 5510 ad
3256 5472 3378 5512 sor-

1787 5519 1981 5590 tilegos
2002 5536 2296 5595 magosque
2323 5530 2687 5600 cucurrerint,
2719 5534 3030 5596 nullatenus
3056 5519 3124 5600 ad
3149 5561 3368 5602 accusa-

1785 5612 1990 5671 tionem
2018 5615 2103 5671 vel
2120 5617 2188 5673 ad
2219 5618 2589 5678 testimonium
2613 5635 2775 5684 erunt
2797 5631 3142 5690 admittendi.

2339 5711 2548 5772 LXVIII
2583 5716 2816 5796 [LXIV].

1785 5797 2066 5877 Criminosi
2126 5807 2394 5863 accusatio
2444 5810 2741 5938 peJiZuIIosa
2787 5823 2881 5882 est,
2931 5824 2983 5873 ct
3025 5815 3214 5871 admiti
3262 5833 3376 5874 non!

2530 5900 2558 5937 e
2591 5901 2618 5938 e
2644 5922 2660 5938 .

2530 5900 2660 5939 eaet.

1853 5967 1931 6042 (6,
1960 5969 2082 6046 q._l,
2115 5968 2220 6040 Qui
2235 5973 2430 6033 crimen
2453 5974 2722 6052 intendit.)
2759 5977 2863 6046 Qui
2889 5981 3096 6057 crimen
3117 5978 3375 6054 intendit,

2845 6093 2924 6156 34
