3950 6312
165 396 294 456 1097

1369 383 1804 459 DONATIONES
1839 379 2176 471 summa

3267 398 3409 466 {098

160 509 376 587 capitula
400 507 638 587 Adriano
653 508 832 583 primo
872 509 1164 584 abiudicat,
1205 511 1312 587 vel,
1339 521 1407 587 ut
1455 514 1747 572 existimat
1754 531 1805 586 Α
1830 517 2100 586 descripta
2126 515 2326 570 fuerint
2346 508 2618 586 in'regum
2644 507 2978 572 Francorum
3003 514 3413 587 capitularibus,

158 582 323 640 Mdrca
353 582 620 659 laudatus,
651 582 1015 659 crcerptajst
1041 600 1110 640 ex
1145 585 1394 659 antiquis
1429 588 1727 659 canonibus
1754 582 1805 586 ’“
1830 597 1892 642 ut
1916 582 2027 642 tam
2045 588 2311 642 Antonius
2352 582 2684 659 Augustinus
2731 600 2896 657 quam
2921 582 3101 642 Marcii
3131 582 3415 659 communi

157 665 219 728 et!
252 654 516 728 genuinis
538 654 1572 728 pontiﬁcunLRomanorum'epistolis,
1611 667 1760 717 tum.

155 723 304 781 etiam
313 740 380 780 ex
395 723 604 794 legibus
616 723 816 780 Codice
827 724 1201 782 Theodosiano
1209 723 1630 795 comprehensis,
1643 730 1728 784 vel
1759 781 1764 786 ,

153 797 317 873 potius
337 812 410 873 ei;
428 796 642 873 illarum
667 795 847 873 legum
857 796 1150 873 Breviario.
1178 797 1252 873 ln‘
1271 799 1357 873 hi_s
1378 807 1556 853 autem
1584 801 1730 873 capi-

156 867 271 940 tulis
296 866 562 940 interdum
596 866 1100 940 nonnihilhadditur
1142 868 1381 940 antiquis
1407 866 1725 937 canonibus,

152 936 407 1011 interdum
434 951 565 1011 vero
602 939 787 1011 verba“
809 937 988 1011 aliqua
1019 936 1410 1011 detrahuntur,
1429 1008 1442 1011 4
1472 936 1726 1011 tantaque
1763 990 1767 994 ,

149 1007 332 1066 horum
355 1007 713 1080 capitulorum
737 1007 970 1078 dignitas
1006 1007 1132 1078 fuit,
1159 1011 1398 1067 utetiam
1417 1007 1729 1082 frequenter

1829 672 2096 713 consensu
2121 659 2382 713 scribunt.
2408 658 2673 714 Caeterum
2697 659 2939 729 priorum
2961 658 3274 729 pontiﬁcum
3304 661 3416 715 Ro-

1827 744 2111 784 manorum
2127 729 2760 799 epistolas'supposititias
2773 743 2894 784 esse
2911 746 3018 784 non
3045 739 3251 784 tantum
3271 729 3416 784 Mar-

1829 815 1893 854 ca
1921 809 1978 854 et
2003 800 2270 854 Antonius
2302 800 2648 870 Augustinus,
2680 801 2775 856 sed
2810 801 2972 855 etiam
3001 800 3265 856 Baronius
3312 815 3418 855 an-

1828 884 1900 926 no
1960 870 2065 928 865
2111 873 2420 942 passimque
2477 872 2569 926 alii
2610 871 2713 925 viri
2766 872 2909 942 docti
2959 870 3218 942 fatentur.
3277 871 3417 942 Vide

1830 955 1949 1011 qua:
1975 942 2041 997 de
2064 942 2132 997 iis
2160 940 2402 1013 epistolis
2427 942 2660 998 diximus
2681 956 2823 997 anno
2840 941 3043 997 Christi
3091 941 3217 1009 100,
3247 957 3304 1000 n.
3351 940 3414 1010 4,

1827 1021 1883 1067 et
1901 1027 2053 1084 seqq.

154 1167 3391 1200 mm

841 1297 2235 1414 ANGELRAMNI,DONATIONES
2289 1299 2770 1396 QUEDAM.
2798 1372 2817 1422 η

903 1546 928 1605 Ι

138 1636 514 1712 Angelremnus
551 1632 824 1696 Faltonem
861 1589 1276 1698 etucaudiacum
1309 1638 1582 1700 ϐονιὶεωὶ
1609 1660 1721 1700 mo-

440 1723 448 1732 '
523 1713 751 1768 materia
797 1712 961 1767 donat
987 1712 1150 1785 (anno
1176 1714 1325 1787 770).

509 1800 606 1860 (Ex
634 1801 698 1854 D.
722 1799 930 1864 Calmet,
946 1801 1078 1854 Hist.
1103 1801 1332 1870 Lothar.)

1813 1546 1976 1608 iectet
1995 1563 2096 1625 pro
2114 1549 2274 1609 nobis
2308 1550 2396 1609 vel
2429 1547 2634 1622 inclyte
2658 1558 2790 1622 rege
2827 1555 3036 1618 nostro,
3067 1563 3164 1607 seu
3199 1543 3415 1608 stabilia

1815 1647 1931 1698 tate
1958 1643 2114 1712 regni
2134 1640 2489 1710 Francorum,
2528 1651 2585 1699 et
2605 1641 3014 1699 successoribus
3039 1641 3261 1710 nostris,
3293 1643 3407 1698 Doa

1819 1732 1954 1788 mini
1975 1733 2404 1791 misericordiam
2425 1735 2691 1791 attentius
2717 1749 2965 1800 exorare,
3010 1743 3068 1790 et
3098 1735 3251 1790 illum
3270 1750 3403 1790 ceni-

1821 1839 1942 1880 sum
1966 1840 2129 1894 quem
2169 1841 2343 1896 usque
2389 1842 2534 1882 nunc
2571 1827 2686 1898 ipse
2727 1827 3096 1898 Fredelaigus,
3142 1829 3228 1883 vel
3263 1826 3410 1884 God-

207 1882 614 1989 Ευξηρδτίειυεῖ
641 1884 844 1989 unicus.
871 1885 1040 1942 Filius
1060 1885 1261 1989 lim-i5
1404 1905 1524 1946 (mm
1537 1889 1718 1989 Patf'ev
1746 1897 1798 1962 Β
1824 1882 2000 1973 fridus
2015 1918 2082 1972 ad
2102 1882 2314 1989 partem
2344 1919 2517 1974 sancti
2539 1882 2818 1989 St‘ephani,
2840 1882 2926 1974 vel
2942 1882 3098 1974 nbbis
3123 1882 3412 1986 dederunt,

133 1982 192 2031 et
219 1971 422 2045 Spiritu
468 1982 656 2031 sancto
689 1981 883 2032 cuncta
919 1977 1126 2033 creavit
1151 1992 1219 2032 ex
1249 1980 1441 2048 nihilo,
1486 1997 1596 2038 non
1623 1983 1716 2039 de-

134 2068 384 2140 dignatus
424 2067 496 2124 sit
538 2067 776 2124 animam
823 2084 924 2139 pro
967 2069 1161 2126 ovibus
1209 2072 1323 2128 suis
1375 2087 1597 2143 ponere,
1661 2083 1716 2132 et

134 2161 434 2232 acquisitas
457 2160 678 2231 proprio
713 2176 929 2230 cruore,
965 2178 1122 2220 servo
1149 2164 1254 2221 sibi
1295 2167 1503 2223 credito
1551 2169 1718 2224 tradi-

133 2252 216 2307 dit
267 2253 660 2319 custodiendas,
700 2260 756 2309 et
779 2254 825 2309 si
847 2253 935 2310 cui
967 2256 1398 2324 committantur,
1440 2259 1717 2330 perspice-

127 2358 195 2399 re
219 2357 289 2398 ac
308 2342 491 2398 solerti
519 2344 692 2400 studio
734 2344 1064 2418 pervigilare
1089 2347 1248 2403 debet
1271 2356 1331 2403 ut
1367 2363 1586 2421 gregem
1611 2349 1716 2406 sibi

122 2436 509 2503 commissum,
532 2437 588 2494 in
612 2446 872 2510 quantum
920 2439 1035 2512 ipse
1060 2441 1152 2511 qui
1177 2441 1431 2509 tradidit,
1468 2444 1520 2498 ei
1571 2443 1718 2500 vires

126 2529 378 2585 tribuere
413 2529 754 2602 dignabitur,
785 2547 892 2588 non
915 2531 1233 2603 negligenda
1255 2535 1562 2590 necessaria
1594 2550 1717 2591 om-c

131 2621 233 2677 nia
271 2629 384 2677 tam
423 2623 725 2694 spiritualia
760 2639 923 2695 quam
953 2633 1009 2681 et
1046 2626 1363 2698 temporalia
1410 2628 1721 2697 impendere

124 2713 368 2780 studeat,
410 2721 472 2769 ut
495 2714 757 2772 talentum
786 2717 889 2772 sibi
933 2717 1201 2774 creditum
1245 2733 1370 2774 cum
1405 2719 1587 2775 usuris
1613 2719 1720 2776 Do-

125 2803 289 2860 nino
329 2819 429 2861 suo
457 2813 830 2878 repraesentet.
872 2806 998 2863 Ideo
1021 2822 1122 2880 ego
1144 2808 1202 2862 in
1228 2808 1323 2864 Dei
1355 2810 1575 2865 nomine
1609 2807 1722 2864 An-

126 2897 455 2967 gilramnus,
485 2899 658 2971 gratia
682 2899 777 2956 Dei
815 2899 1071 2957 Metensis
1098 2901 1248 2958 urbis
1288 2902 1595 2974 episcopus,
1620 2918 1722 2974 pro

121 2989 325 3047 (ἱνίηο
351 2991 580 3059 intuitu,
611 2991 699 3048 vel
732 2992 927 3049 animae
962 3001 1162 3048 nostrae
1185 2993 1455 3059 remedio,
1487 3009 1583 3050 seu
1621 3010 1720 3065 pro

115 3089 344 3138 eterna
367 3083 743 3152 retributione,
771 3099 879 3140 una
901 3098 1025 3140 cum
1053 3099 1319 3141 consensu
1349 3085 1480 3141 cleri
1507 3085 1592 3140 vel
1621 3084 1722 3141 lai-

117 3187 331 3230 corum
367 3174 604 3231 fidelium
631 3175 806 3232 sancti
838 3175 1098 3247 Stephani
1125 3177 1541 3248 protomartyris
1562 3191 1720 3248 pecu-
1760 3187 1780 3203 ’

112 3269 550 3341 liariscpatroni
591 3269 783 3336 nostri,
833 3269 922 3326 cui
951 3269 1211 3326 Ecclesiae
1247 3278 1470 3326 auctore
1503 3269 1722 3326 Christo
1747 3273 1798 3341 ο

103 3376 374 3437 ιιι-ωδε
393 3363 774 3434 dignoscimur,
794 3364 1058 3420 donamus
1081 3363 1151 3419 ad
1164 3363 1559 3420 monasterium
1581 3363 1725 3419 Gor-

101 3453 260 3522 κίε,
286 3453 430 3526 quod
441 3453 685 3523 subiacet
703 3455 807 3527 ipsi
822 3455 1066 3513 ecclesia:
1088 3457 1263 3512 sancti
1277 3455 1557 3526 Stephani,
1583 3456 1727 3526 quod

89 3545 508 3619 praedecessor
525 3553 714 3602 noster
730 3546 887 3602 bonae
906 3546 1295 3604 recordationis
1315 3545 1545 3602 domnus
1555 3544 1724 3601 Chro-

92 3636 423 3707 degangns
462 3636 923 3708 archiepiscopus,
970 3636 1025 3692 in
1045 3637 1251 3694 honore
1298 3637 1471 3694 sancti
1497 3636 1643 3694 Petri
1670 3645 1726 3694 et

87 3733 467 3784 caeterorum
497 3735 809 3786 sanctorum
839 3744 870 3784 a
897 3743 1038 3786 novo
1060 3730 1368 3798 aediﬁcavit,
1423 3738 1477 3787 et
1511 3730 1726 3786 turbam

79 3819 536 3877 monachorum
563 3821 664 3876 sub
690 3828 876 3877 sancta
901 3835 1091 3878 norma
1122 3821 1293 3878 vitam
1319 3823 1578 3894 degentes
1602 3836 1729 3878 coa-

67 3911 409 3978 cervavit,
426 3911 512 3967 vel
540 3912 634 3968 ubi
675 3921 896 3968 sanctus
932 3912 1257 3985 Gorgonius,
1297 3913 1593 3985 praeclarus
1645 3911 1724 3966 vi-

59 4003 342 4065 delicet
365 4011 572 4076 martyr
594 4004 650 4059 in
695 4018 921 4076 corpore
943 4005 1188 4076 quiescit,
1229 4013 1286 4062 et
1308 4005 1401 4061 ubi
1445 4003 1719 4061 Theoma-

43 4109 233 4157 rus
269 4094 442 4149 abbas
468 4094 566 4150 sub
588 4109 753 4151 manu
779 4104 964 4152 nostra
989 4104 1168 4152 rector
1200 4111 1321 4154 esse
1360 4096 1590 4161 videtur,
1622 4094 1727 4154 hoc

42 4192 245 4253 est,
272 4197 371 4240 res
408 4184 528 4240 illas
553 4187 618 4243 de
658 4186 871 4243 ratione
911 4187 1087 4242 sancti
1115 4185 1396 4257 Stephani,
1426 4185 1483 4241 id
1518 4193 1620 4250 est,
1669 4184 1726 4240 in

33 4292 281 4358 pago
324 4276 574 4344 Bedinse,
599 4277 783 4334 villam
810 4285 1176 4349 nuncupatam
1201 4276 1369 4342 Faho,
1399 4291 1560 4347 quam
1580 4289 1726 4331 nunc

37 4385 236 4450 per
261 4369 588 4426 beneﬁcium
609 4371 780 4427 sancti
803 4370 1083 4442 Stephani,
1121 4368 1206 4426 vel
1230 4376 1494 4433 nostrum,
1519 4367 1724 4422 Frede-

43 4464 324 4533 [signs
351 4461 554 4518 Vassus
587 4461 790 4518 domini
816 4461 1179 4518 Carolimanni
1215 4461 1357 4532 regis
1397 4474 1496 4532 per
1530 4472 1725 4529 preca-

33 4562 280 4621 riam
305 4562 552 4610 nostram
573 4562 760 4610 tenere
780 4553 1011 4620 videtur,
1038 4567 1248 4610 necnon
1269 4562 1324 4608 et
1347 4552 1530 4608 villam
1562 4551 1725 4606 aliam

1817 2011 1991 2080 ipsum
2009 2010 2076 2064 ad
2095 2019 2303 2081 partem
2321 2011 2488 2080 ipsius
2501 2011 2836 2076 monasterii,
2855 2009 2941 2064 vel
2963 2010 3030 2064 ad
3051 2011 3198 2082 ipsos
3211 2011 3412 2070 fratres

1815 2104 1974 2159 annis
1996 2104 2652 2176 singulis'persolvant.Et
2667 2121 2791 2161 cum
2813 2103 2915 2175 ipsi
2951 2105 3017 2161 dc
3047 2107 3148 2163 hac
3170 2107 3289 2162 luce
3302 2108 3415 2162 dis-

1816 2194 2098 2260 cesserint,
2127 2197 2228 2267 ipsi
2244 2196 2461 2263 fratres,
2477 2197 2622 2268 ipsas
2639 2195 2754 2265 jam
2771 2198 2911 2256 fatas
2931 2198 3102 2262 villas,
3122 2215 3242 2254 cum
3259 2197 3411 2255 omni

1817 2286 2176 2356 superposito,
2207 2287 2411 2357 absque
2453 2288 2599 2343 illius
2621 2291 3048 2346 contradictione
3072 2289 3159 2345 vel
3185 2289 3408 2360 iudicis,

1817 2384 1911 2431 aut
1928 2377 2242 2447 pontificum
2255 2393 2738 2450 successorumque
2753 2390 3082 2446 nostrorum,
3097 2388 3348 2452 exspecta
3355 2388 3415 2434 ta

1818 2469 2371 2525 traditioneineorum
2395 2471 2655 2541 recipiant
2675 2480 3021 2542 potestatem.
3047 2472 3239 2540 Quaeso
3254 2488 3412 2528 nam-

1818 2576 1924 2632 que
1946 2578 2307 2630 successores,
2321 2573 2611 2636 patresque
2627 2581 2778 2623 meos
2798 2568 3101 2640 episcopos,
3150 2577 3204 2624 et
3218 2570 3411 2639 perin-

1818 2656 2174 2726 separabilem
2208 2656 2533 2714 Trinitatem
2579 2659 2829 2729 adiurare
2847 2677 3136 2733 praesumo,
3174 2670 3234 2716 ut
3267 2662 3414 2717 facta

1818 2760 1938 2801 mea
1966 2745 2046 2801 sic
2067 2747 2122 2803 in
2145 2762 2319 2802 aevum
2340 2749 2636 2818 perdurare
2657 2750 2996 2820 permittant,
3022 2751 3164 2807 sicut
3185 2753 3286 2822 ipsi
3313 2754 3414 2807 ha-

1818 2838 1950 2894 bent
1969 2839 2106 2896 velle
2131 2849 2190 2895 ut
2210 2849 2360 2912 gesta
2383 2856 2569 2897 eorum
2583 2857 2682 2912 per
2695 2850 2941 2914 tempora
2962 2845 3174 2915 prolixa
3193 2860 3414 2901 conser-

1820 2941 2045 2989 ventur.
2077 2933 2235 2990 Anno
2287 2935 2356 2990 ab
2391 2934 2770 2990 lncarnatione
2814 2934 3028 2990 Domini
3056 2936 3181 2991 770.
3207 2936 3321 3007 Ego
3355 2937 3413 2992 in

1821 3029 1918 3086 Dei
1947 3032 2166 3087 nomine
2202 3031 2585 3102 Angilramnus
2626 3039 2882 3101 peccator
2929 3030 3234 3102 episcopus,
3265 3031 3410 3085 hanc

1823 3121 2111 3191 epistolam
2140 3122 2402 3178 cessionis
2432 3138 2462 3183 a
2489 3137 2577 3178 me
2603 3120 2807 3178 factam
2837 3121 3002 3193 relegi
3034 3129 3089 3177 et
3140 3121 3415 3192 subscrip-

1825 3214 2150 3291 si.'Signum
2195 3215 2502 3285 Agnardus.
2532 3214 2646 3285 Ego
2676 3213 2952 3285 Optarius,
2982 3229 3048 3269 ac
3069 3213 3116 3269 si
3156 3214 3412 3284 indignus

1824 3309 2126 3381 presbyter.
2150 3307 2467 3364 Heboradus
2489 3309 2680 3364 abbas.
2700 3306 3056 3362 Arthecarius
3077 3306 3418 3362 archidiaco-

1826 3414 1949 3455 nus.
1979 3397 2246 3456 Andreas.
2287 3397 2409 3454 Gilo
2437 3399 2625 3454 abbas.
2669 3395 2919 3468 Sigillum
2947 3397 3250 3454 lluvinodo.
3299 3396 3411 3451 Ha-

1825 3489 2104 3546 rimandus
2153 3489 2417 3546 notarius.
2459 3489 2574 3558 Ego
2605 3489 2816 3544 Ynasco
2865 3488 3089 3543 intimus
3128 3487 3412 3554 diaconus,

1818 3581 2006 3654 jussus
2029 3599 2062 3638 a
2088 3582 2317 3638 Domino
2343 3590 2399 3638 et
2422 3581 2680 3653 pontiﬁce
2703 3595 2826 3637 meo
2867 3580 3219 3653 Angilranno,
3267 3581 3412 3638 hanc

1825 3675 2107 3746 epistolam
2130 3671 2393 3730 cessidnis
2410 3672 2602 3744 scripsi
2625 3679 2680 3729 et
2699 3671 3014 3743 subscripsi.

2572 3764 2638 3821 Π.

1823 3845 2208 3919 Angelramnus
2251 3845 2581 3919 Warangesi‘
2616 3843 3023 3919 Δυἱιιιινῃῲᾴρηιιε
3089 3844 3406 3900 monasterio

2311 3913 2583 3976 Gorzi'ensi
2606 3916 2766 3988 (anno
2794 3915 2942 3987 770).

2339 4007 2434 4067 (Ex
2455 4007 2517 4058 D.
2541 4005 2750 4067 Calmet,
2777 4005 2922 4067 ibid.)
2945 4005 2952 4016 ’

1895 4081 1957 4136 In
1982 4081 2203 4137 nomine
2245 4079 2478 4146 Domini,
2526 4077 2887 4149 Angilrannus
2935 4076 3110 4147 gratia
3151 4077 3248 4131 Dei
3296 4077 3412 4134 Me-

1826 4171 1997 4228 tensis
2025 4171 2176 4226 urbis
2212 4170 2516 4240 episcopus.
2542 4155 2822 4224 Pastoralé
2847 4168 3066 4237 quidem
3087 4180 3406 4224 exercemus

1826 4263 2080 4331 oliicium,
2110 4265 2156 4320 si
2181 4249 2311 4321 oves
2352 4266 2508 4320 nobis
2527 4281 2559 4320 a
2588 4265 2700 4320 Deo
2724 4265 3042 4320 commissas
3068 4265 3122 4319 in
3141 4272 3405 4334 quantum

1824 4369 1924 4427 per
1940 4356 2086 4410 vires
2104 4353 2458 4426 Omnipotens
2478 4356 2733 4427 suppetit,
2757 4356 2997 4426 undique
3019 4354 3402 4426 conspicimus,

1826 4455 1886 4502 ut
1942 4446 2251 4504 alimoniam
2309 4455 2420 4501 tam
2473 4433 2809 4518 Spiritualein
2856 4461 3018 4517 quam
3066 4446 3405 4516 corporalem

1826 4539 2027 4596 habere
2060 4556 2169 4597 non
2214 4539 2498 4609 desinant;
2527 4549 2585 4597 et
2621 4541 2668 4597 si
2702 4541 2769 4596 de
2816 4542 2981 4597 rebus
3019 4540 3262 4598 ecclesiae
3286 4555 3409 4612 quae

42 4654 188 4711 ie
233 4644 453 4700 ratione
473 4643 643 4715 ipsius
663 4644 836 4701 sancti
862 4644 1141 4716 Stephani,
1171 4644 1328 4700 sitam
1349 4644 1403 4700 in
1428 4659 1566 4716 pago
1590 4641 1719 4698 Wa-
1745 4642 1800 4706 Ι)
1822 4636 1976 4692 nobis
2012 4635 2080 4691 ad
2128 4635 2420 4707 regendum
2469 4634 2555 4691 vel
2597 4633 3001 4706 gubernandum
3050 4633 3250 4687 tradita
3296 4639 3406 4701 est,

42 4738 357 4802 prince,
387 4736 820 4808 cognominatam
856 4735 1134 4794 Gaudiaco
1156 4778 1172 4806 ,
1209 4751 1383 4808 quam
1435 4734 1724 4793 Godl‘ridus

38 4839 100 4892 εἰ
121 4827 402 4889 aniliter
439 4829 602 4885 homo
641 4827 943 4885 dominicus
973 4869 989 4896 ,
1041 4843 1140 4901 per
1185 4828 1508 4885 beneﬁcium
1555 4829 1728 4884 sancti

36 4936 140 4989 ξι
153 4921 410 4994 ephani
438 4962 456 4989 ,
506 4920 592 4977 vel
634 4929 881 4978 nostrum
905 4963 922 4991 ,
952 4935 1050 4994 per
1093 4922 1395 4994 precariam
1420 4929 1605 4977 tenere
1638 4921 1725 4976 vi-

61 5026 304 5080 etur
338 5029 357 5079 ;
387 5013 455 5069 ad
480 5013 654 5084 ipsum
671 5011 786 5084 jam
815 5013 986 5070 fatum
1016 5014 1428 5079 monasterium,
1458 5013 1542 5068 vel
1567 5012 1636 5067 ad
1661 5011 1727 5068 il-

36 5140 70 5175 .
89 5124 240 5172 ,τι
276 5112 526 5161 sanctam
551 5106 1022 5178 congregationem
1056 5106 1188 5163 inibi
1214 5107 1384 5161 vitam
1411 5105 1692 5176 degentem
1708 5143 1725 5172 ,

45 5204 400 5268 alamus
427 5210 546 5254 esse
565 5197 860 5254 donatum:
887 5197 992 5254 hoc
1017 5204 1120 5266 est,
1159 5197 1218 5252 in
1240 5196 1419 5259 terris,
1453 5194 1724 5261 domibus,

48 5285 420 5357 diﬁciis',
473 5288 700 5360 campis,
753 5289 953 5360 pratis,
1003 5287 1249 5359 pascuis,
1291 5286 1492 5350 vineis,
1539 5282 1723 5351 silvis,

46 5415 88 5453 ι
109 5390 162 5446 ι
181 5381 305 5438 cis
330 5386 393 5436 et
413 5379 651 5448 incultis,
693 5381 848 5452 aquis
885 5394 1216 5452 aquarumve
1236 5377 1573 5442 decursibus,
1600 5391 1726 5432 mo-

51 5491 104 5548 ι
123 5485 180 5542 ἱ
197 5479 346 5534 bus
374 5481 431 5529 et
478 5473 868 5539 immobilibus,
897 5473 1200 5543 mancipiis,
1245 5471 1391 5538 litis,
1419 5469 1723 5538 accolabus,

43 5580 142 5657 Jj
159 5566 472 5630 acentiis
493 5607 510 5634 ,
573 5568 903 5642 appendiciis
925 5608 940 5634 ,
999 5583 1124 5623 cum
1183 5563 1411 5657 integris
1441 5562 1724 5657 _terminis

57 5653 114 5735 ᾗ
129 5670 186 5728 ἱ
211 5661 437 5729 lisque
461 5659 647 5745 gratis
673 5673 880 5726 earum,
920 5659 988 5714 ad
1011 5657 1227 5714 easdem
1251 5655 1407 5711 villas
1434 5653 1546 5725 jam
1583 5653 1724 5711 falas

53 5794 82 5828 ι
101 5766 226 5823 b
247 5767 295 5810 ο
323 5758 386 5807 et
412 5748 688 5808 Gaudiaco
735 5751 1151 5823 aspicientibus,
1196 5749 1282 5805 vel
1305 5749 1724 5822 pertinentibus,

143 5849 465 5928 Partem
491 5839 664 5897 sancti
709 5838 880 5910 Petri,
909 5841 994 5897 vel
1019 5841 1193 5899 sancti
1217 5838 1475 5911 Gorgonii
1497 5881 1513 5906 ,
1539 5855 1633 5895 seu
1657 5839 1728 5895 ad

47 5926 296 6017 ἰὸς»
320 5926 528 5990 fratres
538 5931 786 6020 proﬁciat
809 5932 863 5988 in
885 5933 1209 6003 augmentis,
1234 5939 1293 5990 ut
1305 5947 1400 5990 eos
1425 5930 1620 5990 melius
1642 5928 1733 5987 de-

595 6027 866 6092 Panon.
897 6025 1148 6110 Χονιη

1830 4728 2072 4785 ecclesiis
2097 4727 2183 4783 vel
2222 4727 2567 4785 monasteriis
2595 4727 2664 4782 ad
2708 4725 2936 4782 eandem
2983 4723 3403 4795 pertinentibus,

1828 4819 1914 4877 vel
1954 4819 2358 4892 aspicientibus,
2396 4834 2496 4890 pro
2525 4816 2925 4889 opportunitate
2960 4830 3239 4872 servorum
3285 4815 3404 4883 Dei,

1827 4912 1913 4970 vel
1936 4929 2253 4986 pauperum,
2291 4912 2495 4983 aliquid
2519 4910 2877 4981 impertimur,
2901 4905 3038 4962 nihil
3058 4914 3245 4961 contra
3271 4920 3402 4962 auc—

1828 5006 2104 5063 toritatem
2149 5004 2464 5062 canonicam
2489 5042 2504 5068 ,
2534 5001 2620 5058 vel
2673 5000 2918 5056 instituta
2971 4997 3191 5053 Patrum
3244 5011 3408 5068 agerc

1827 5097 2176 5154 aestimamus.
2209 5095 2439 5164 ldeoque
2475 5108 2575 5165 pro
2624 5091 2808 5146 divino
2835 5089 3050 5154 intuitu,
3084 5088 3169 5143 vel
3209 5089 3404 5145 animae

1827 5195 2025 5245 nostrae
2055 5187 2293 5244 remedio
2311 5227 2326 5254 ,
2369 5200 2476 5240 una
2496 5199 2618 5240 cum
2642 5195 2905 5240 consensu
2949 5181 3267 5238 clericorum
3317 5183 3406 5237 vel

1827 5279 2089 5335 laicorum
2133 5261 2390 5341 ﬁdelium,
2439 5273 2682 5330 ecclesia:
2730 5272 2903 5328 sancti
2951 5271 3234 5342 Stephani,
3279 5273 3399 5340 cui,

1827 5378 2048 5428 auctore
2070 5368 2200 5433 Deo,
2222 5381 2458 5438 praeesse
2477 5365 2742 5430 videmur,
2765 5365 3027 5420 donamus
3049 5363 3116 5418 ad
3138 5371 3410 5419 monaste-

1827 5462 1968 5517 rium
1993 5459 2165 5516 sancti
2210 5457 2377 5524 Petri,
2409 5457 2463 5511 in
2487 5456 2608 5512 loco
2636 5456 2729 5526 qui
2756 5462 2980 5511 vocatur
2999 5453 3219 5521 Gorzia,
3261 5455 3406 5525 quod

1826 5555 1982 5612 bonae
2014 5552 2287 5608 memoriae
2311 5557 2622 5606 antecessor
2651 5549 2923 5620 quondam
2951 5557 3140 5603 noster
3176 5549 3409 5602 domnus

1827 5643 2247 5716 Chrodegangus
2259 5643 2696 5716 archiepiscopus
2710 5659 2741 5700 a
2766 5658 2908 5700 novo
2919 5639 3224 5705 aediﬁcavit,
3239 5637 3320 5693 vel
3336 5635 3407 5692 ad

1828 5738 1982 5815 illam
1992 5731 2234 5795 sanctam
2246 5738 2722 5810 congregationem
2733 5735 3122 5794 monachorum
3134 5729 3264 5786 inibi
3277 5743 3409 5785 con-

1827 5835 2150 5900 sistentium,
2183 5833 2277 5891 ubi
2302 5832 2534 5905 inclytus
2545 5847 2610 5889 ac
2622 5830 2913 5905 praeclarus
2924 5824 3173 5882 videlicet
3197 5828 3408 5893 martyr

1829 5933 2046 5988 sanctus
2055 5924 2357 5998 Gorgonius
2370 5925 2427 5983 in
2437 5937 2662 5997 corpore
2673 5917 2988 6072 requiesgig,
2999 5913 3085 5971 vel
3097 5912 3188 5970 ubi
3202 5911 3406 5974 Theut:
