3950 6312
554 360 695 429 i099

552 495 738 538 murus
750 472 1133 552 [Theotmum]
1149 474 1320 535 abbas
1358 473 1461 530 sub
1500 487 1664 529 manu
1690 478 1878 526 nostra
1895 483 2130 540 praeesse

470 604 475 613 -
551 574 781 635 videtur,
810 570 1176 638 donatumque
1199 567 1257 622 in
1297 572 1624 636 perpetuam
1641 562 1889 618 veluus
1906 576 2049 627 esse,
2074 570 2131 618 et

548 666 708 740 plena
730 662 895 719 animi
924 659 1206 717 devotione
1220 644 1612 714 conﬁrmamus
1635 672 1653 724 ;
1675 655 1781 711 hoc
1796 661 1898 723 est,
1917 652 1971 709 in
1990 668 2057 726 pa
2065 668 2131 725 go

548 758 997 827 Calvomontense
1016 749 1199 806 villam
1227 754 1590 821 nuncupatam
1624 744 1945 818 Warangesi
1971 743 2123 811 villa,

550 868 675 909 cum
686 844 1105 920 atﬁaoentiismel
1114 842 1621 915 appendicibus,seu
1632 838 2130 911 opportunitatibus

548 942 681 1008 suis,
705 950 816 996 tam
837 938 1011 1001 terris,
1041 934 1266 1006 campis,
1291 932 1491 1003 pratis,
1521 932 1755 1004 pascuis,
1783 930 1974 997 vineis,
2011 929 2129 1002 syl-

548 1036 650 1101 vis,
682 1032 842 1090 cultis
865 1037 921 1087 et
964 1027 1197 1092 incultis,
1226 1024 1406 1097 aquis,
1436 1037 1766 1095 aquarumve
1786 1022 2124 1086 decursibus,

544 1125 839 1183 mobilibus
859 1129 917 1175 et
963 1117 1353 1181 immobilibus,
1385 1113 1688 1183 mancipiis,
1724 1111 1836 1168 litis
1880 1110 2008 1183 (Des
2029 1110 2131 1165 La-

547 1213 820 1286 boureurs)
842 1254 858 1279 ,
882 1209 1169 1268 accolabus
1196 1250 1211 1276 ,
1255 1208 1500 1280 pecuniis
1525 1247 1540 1273 ,
1593 1205 1819 1278 peculiis
1844 1205 2128 1275 utriusque

547 1325 730 1376 sexus,
774 1306 987 1378 generis
1041 1304 1127 1359 vel
1172 1301 1378 1369 aetatis,
1422 1315 1549 1356 cum
1596 1300 1809 1370 integro
1871 1299 2127 1363 termino,

545 1399 823 1470 solidoque
842 1404 1012 1462 statu,
1051 1394 1193 1450 facta
1218 1392 1400 1448 omnia
1425 1398 1482 1447 et
1507 1407 1575 1446 ex
1595 1390 1848 1445 omnibus
1882 1396 2053 1445 totum
2074 1397 2131 1445 et

545 1492 613 1547 ad
636 1490 933 1561 integrum,
963 1492 1425 1556 quatumcumque
1471 1482 1539 1537 ad
1588 1481 1760 1553 ipsam
1808 1479 1991 1536 villam
2039 1478 2130 1535 adp

544 1583 752 1654 spicere
776 1579 863 1636 vel
884 1576 1158 1651 pertinere
1178 1573 1412 1641 videtur,
1441 1570 1508 1629 ad
1528 1571 1703 1642 ipsum
1718 1569 2125 1651 monasterium,

541 1673 631 1727 vel
657 1674 725 1727 ad
753 1671 897 1741 ipsos
944 1666 1141 1722 fratres
1189 1663 1437 1719 volumus
1469 1677 1590 1718 esse
1618 1661 1899 1717 donatum.
1952 1656 2128 1714 Simili

540 1763 703 1821 modo
731 1762 992 1817 donamus
1017 1759 1071 1815 in
1097 1757 1214 1828 ipso
1238 1771 1378 1829 pago
1400 1770 1515 1811 rem
1528 1750 1676 1809 illam
1691 1753 1747 1808 in
1769 1752 2127 1809 Manico—cur—

542 1861 621 1920 te,
652 1868 814 1924 quam
839 1850 1158 1907 Haribertus
1186 1849 1255 1903 ad
1272 1855 1482 1920 partem
1514 1847 1686 1903 sancti
1712 1843 1974 1917 Stephani
1997 1859 2125 1901 cons

542 1945 785 2012 donavit,
807 1952 862 2000 et
890 1944 1049 1999 modo
1098 1950 1244 1997 tenet
1289 1938 1436 1996 ﬁlius
1464 1955 1615 2008 suus,
1638 1936 1858 1994 nomine
1903 1936 2126 1993 Chrote-

541 2039 722 2097 carius
779 2053 876 2110 per
923 2034 1244 2109 precariam.
1297 2032 1559 2089 Similiter
1593 2032 1858 2088 donamus
1906 2028 1963 2085 in
2004 2028 2124 2100 ipso

538 2145 678 2202 pago
701 2142 815 2185 rem
854 2126 1002 2183 illam
1029 2126 1083 2181 in
1103 2116 1355 2182 Rehensa
1391 2122 1756 2193 Coldo-curte,
1790 2135 1955 2191 quam
1991 2119 2124 2175 Beto

541 2220 609 2287 ad
625 2228 835 2292 partem
849 2219 1023 2275 sancti
1048 2214 1311 2288 Stephani
1331 2214 1621 2289 delegavit,
1644 2223 1699 2271 et
1710 2213 1825 2284 ipse
1844 2210 2006 2266 modo
2026 2225 2125 2282 per

536 2311 838 2385 precariam
880 2319 1049 2377 tenet,
1089 2325 1185 2365 seu
1229 2315 1285 2364 et
1321 2314 1525 2364 sortem
1546 2305 1699 2360 illam
1736 2305 1792 2360 in
1815 2304 1933 2374 ipsa
1970 2300 2122 2368 vilia,

547 2419 711 2475 quam
749 2400 1061 2473 Vibollagus
1112 2412 1212 2469 per
1265 2396 1590 2455 beneﬁcium
1639 2395 1816 2450 sancti
1862 2390 2123 2462 Stephani

537 2496 625 2551 vel
663 2501 910 2551 nostrum
936 2498 1125 2547 tenere
1152 2489 1386 2545 videtur.
1417 2487 1593 2543 Simili
1620 2484 1930 2542 conditione
1956 2485 2125 2541 dona-

536 2600 659 2640 mus
683 2584 736 2638 in
756 2584 874 2652 ipso
907 2596 1046 2651 pago
1072 2594 1191 2635 rem
1228 2577 1374 2633 illam
1424 2578 1484 2632 in
1530 2575 1658 2632 villa
1706 2576 1968 2647 Acciago,
2015 2588 2122 2630 una

537 2686 662 2727 cum
687 2670 777 2724 illa
821 2666 1050 2723 ecclesia
1089 2665 1220 2720 inibi
1247 2671 1580 2731 constructa,
1613 2677 1736 2718 cum
1777 2663 2026 2718 omnibus
2052 2660 2123 2716 ad

536 2761 709 2834 ipsam
738 2757 1153 2830 pertinentibus,
1182 2768 1342 2827 quam
1369 2752 1690 2825 Aglebertus
1715 2751 1861 2808 ﬁlius
1882 2750 2121 2808 Marcelli

532 2868 632 2926 per
674 2851 997 2909 beneﬁcium
1047 2848 1221 2909 sancti
1251 2848 1510 2920 Stephani
1561 2848 1647 2904 vel
1691 2856 1941 2904 nostrum
1968 2846 2120 2901 visus

533 2953 618 3003 est
645 2943 865 2999 habere.
897 2943 1170 3011 Donamus
1192 2941 1358 2996 etiam
1390 2955 1506 2994 rem
1556 2939 1706 2995 illam
1734 2940 1789 2994 in
1847 2939 1962 3010 ipso
1981 2954 2121 3010 pago

532 3032 944 3108 cognominante
979 3028 1229 3096 Nodulfo,
1286 3045 1447 3102 quam
1484 3027 1727 3086 llduinus
1764 3043 1862 3100 per
1914 3028 2123 3083 beneﬁ—

532 3130 676 3186 cium
716 3126 889 3183 sancti
912 3116 1172 3197 Stephani
1210 3121 1289 3180 vei
1328 3130 1576 3180 nostrum
1626 3122 1826 3179 habere
1864 3121 2114 3177 videtur:

486 3203 493 3209 ’
531 3232 746 3277 necnon
773 3227 828 3276 et
848 3217 998 3274 illam
1032 3230 1152 3273 rem
1192 3214 1249 3271 in
1291 3215 1418 3271 villa
1448 3212 1732 3283 Buxarias,
1762 3228 1923 3288 quam
1944 3228 2117 3286 usque

529 3325 678 3367 nunc
722 3307 1073 3368 Gondolanus
1118 3322 1219 3379 per
1274 3300 1599 3363 beneﬁcium
1639 3308 1811 3362 sancti
1856 3302 2117 3377 Stephani

530 3403 684 3459 visus
706 3398 810 3459 fuit
838 3409 1048 3469 tenere,
1075 3400 1143 3457 ad
1174 3399 1352 3473 ipsum
1371 3399 1762 3456 monasterium
1778 3398 1849 3455 sit
1876 3398 2117 3467 delegata

532 3495 621 3552 vel
668 3494 814 3550 data.
850 3493 1116 3551 Similiter
1144 3490 1407 3549 donamus
1438 3506 1529 3548 res
1570 3490 1690 3547 illas
1732 3489 1789 3545 in
1814 3490 1931 3561 ipso
1980 3504 2116 3561 pago

533 3586 593 3643 in
613 3586 734 3641 loco
758 3592 1070 3657 nuncupata
1092 3582 1562 3640 Hadulfo-curtem
1582 3624 1597 3651 ,
1623 3590 1679 3637 et
1691 3580 1758 3638 ad
1782 3580 2117 3638 Burtsoloni-

529 3678 735 3742 villam,
783 3692 919 3745 quas
962 3675 1241 3731 Maurotus
1280 3691 1382 3746 per
1428 3690 1587 3731 suum
1634 3681 2022 3731 testamentum
2049 3674 2115 3728 ad

532 3776 743 3842 partem
790 3769 965 3823 sancti
1021 3766 1282 3838 Stephani
1336 3767 1678 3827 condonavit.
1716 3765 1893 3822 Simili
1955 3765 2116 3827 modo

532 3863 799 3918 donamus
820 3875 908 3916 res
937 3859 1056 3915 illas
1079 3859 1136 3915 in
1174 3859 1289 3931 ipso
1313 3874 1455 3931 pago
1479 3858 1945 3923 Calvomontensi,
1977 3870 2115 3927 quas

535 3953 833 4013 Harbertus
878 3961 933 4008 et
960 3950 1255 4008 Warnildis
1276 4004 1279 4009 _
1302 3951 1371 4007 ad
1398 3959 1611 4022 partem
1651 3950 1823 4006 sancti
1855 3948 2114 4020 Stephani

530 4060 629 4118 per
651 4056 807 4101 suum
848 4049 1233 4101 testamentum
1268 4042 1679 4113 delegaverant,
1716 4048 1774 4096 et
1805 4042 1970 4098 modo
1995 4041 2113 4112 ipsa

529 4136 824 4197 Warnildis
868 4151 967 4206 per
1014 4135 1320 4206 precariam
1373 4136 1574 4193 habere
1622 4134 1840 4192 videtur
1879 4136 1936 4192 in
1988 4135 2113 4192 loco
2207 4146 2213 4165 ν

531 4240 874 4303 nuncupante
906 4231 1099 4298 Arcas,
1144 4245 1241 4286 seu
1285 4238 1342 4287 et
1379 4229 1774 4303 Niguiemonte,
1814 4230 1884 4287 ad
1936 4229 2115 4301 ipsam

529 4336 713 4383 casam
729 4322 1557 4393 Deiproﬁciantinaugmentum.
1576 4319 1838 4379 Similiter
1847 4319 2113 4379 donamus

528 4432 619 4473 res
638 4415 757 4472 illas
779 4415 837 4470 in
866 4416 980 4487 ipso
1007 4429 1149 4485 pago
1180 4415 1249 4471 ad
1270 4414 1453 4484 llibas,
1474 4430 1638 4485 super
1664 4413 1888 4470 ﬂuvium
1907 4414 2107 4471 Cerno-

1170 352 1620 418 ANGELRAMNI
1657 352 1999 415 METENSiS
2037 346 2339 415 εΡιθοοΡι
2374 348 2806 412 DONATIONES
2843 347 3180 423 QUAEDAM.

3678 360 3805 417 “00

2158 474 2211 537 Α
2232 467 2523 536 solidisque
2550 467 2706 525 statis
2740 481 2930 523 eorum
2958 468 3031 523 ad
3054 481 3151 525 eas
3178 480 3269 525 res
3296 460 3707 538 pertinentibus
3739 476 3809 530 vel

2228 558 2631 629 inicientibus,
2657 558 2725 612 ad
2750 557 2927 627 ipsum
2951 557 3063 627 jam
3091 557 3263 614 halm
3290 563 3716 629 monasterium,
3737 570 3805 621 vel

2228 651 2375 723 ipsos
2402 649 2599 706 fratres
2624 646 2911 721 proﬁciant
2941 651 2997 706 in
3035 652 3355 723 augmentis,
3388 658 3455 709 ut
3493 670 3602 711 eos
3628 657 3804 714 melius

2208 742 2458 802 delectet
2479 759 2577 815 pro
2596 743 2881 810 nobis,'vel
2902 744 3119 816 inclytis
3140 744 3377 817 Regibus
3400 748 3623 804 nostris
3640 748 3802 807 Carolo

2211 845 2393 907 atque
2418 835 2801 901 Carlemanao,
2833 851 2931 892 seu
2954 836 3248 894 stabilitate
3273 839 3429 911 regni
3458 837 3797 907 Francorum,

2229 938 2285 985 et
2320 929 2720 986 successoribus
2758 930 2987 997 nostris,
3027 929 3245 987 Domini
3278 931 3715 993 misericordiam
3740 945 3805 991 at-

2200 1096 2203 1101 ,
2229 1020 2429 1075 tentius
2454 1034 2702 1075 exorare.
2734 1018 2801 1075 Et
2829 1019 3080 1092 quisquis
3101 1034 3170 1076 ex
3190 1020 3310 1077 istis
3331 1021 3659 1078 hominibus
3677 1040 3801 1094 supr.

2229 1111 2344 1167 rius
2375 1112 2962 1178 nominatis,velniiis
2994 1114 3343 1184 quibuslibet,
3386 1116 3802 1188 denebussuix~

2230 1202 2346 1257 rius
2368 1202 2647 1270 intimatis,
2670 1220 2770 1275 per
2789 1206 3111 1262 beneﬁcium
3126 1206 3300 1263 sancti
3314 1205 3613 1279 Stephani,
3636 1211 3713 1265 vel
3728 1226 3801 1280 ων

2224 1295 2505 1365 precariae
2527 1295 2598 1351 ad
2623 1297 3085 1354 eeasumhnbere
3102 1297 3383 1365 videntur,
3414 1299 3581 1355 illum
3611 1316 3799 1357 censum

2229 1400 2390 1456 quem
2414 1402 2587 1456 usque
2610 1404 2752 1469 nunc
2778 1389 2834 1443 in
2873 1390 3072 1445 donum
3107 1392 3174 1448 ad
3207 1407 3347 1463 opus
3378 1402 3642 1449 nostr-um
3673 1396 3801 1450 dede-

2228 1485 2356 1533 runt
2372 1518 2386 1544 ,
2418 1477 2670 1548 deinceps
2694 1474 2750 1535 in
2776 1488 2935 1537 antea
2960 1480 3137 1552 ipsum
3163 1496 3392 1538 censum
3420 1483 3492 1538 ad
3518 1484 3693 1554 ipsum
3715 1500 3794 1543 sa-

2216 1582 2295 1655 _pe
2320 1569 2525 1647 dictum
2552 1570 2960 1639 monasterium,
2990 1572 3076 1627 vel
3104 1572 3170 1651 ad
3202 1573 3354 1645 ipsos
3378 1573 3590 1637 fratres
3606 1577 3794 1649 penal-

2228 1674 2377 1720 vant.
2422 1664 2491 1721 Et
2517 1680 2641 1721 cum
2669 1664 2738 1720 de
2762 1664 2866 1721 hac
2891 1664 3012 1719 luce
3028 1661 3395 1733 decesserint.
3418 1673 3479 1722 et
3505 1667 3618 1722 dies
3644 1666 3795 1723 obitus

2228 1743 2418 1812 eorum
2459 1756 2769 1823 advenerit,
2808 1764 2933 1825 post
2960 1768 3156 1813 eorum
3201 1754 3511 1812 discessum
3541 1757 3679 1827 ipsas
3720 1773 3797 1815 res

2152 1833 3791 1923 Beumomnisuperposito,absqueuliiusccntradieticne,

2224 1941 2312 1998 vel
2334 1940 2554 2011 judicia,
2590 1943 2672 1998 vel
2711 1941 3046 2012 pontiﬁcum,
3091 1955 3580 2013 successoremque
3605 1950 3798 1999 nonre-

2223 2048 2351 2095 rum
2374 2043 2682 2107 exspectata
2714 2035 3023 2102 traditione,
3050 2036 3153 2106 ipsi
3185 2035 3401 2092 (sanes
3418 2036 3478 2092 in
3504 2052 3649 2093 nam
3678 2038 3792 2094 reci-

2223 2125 2377 2198 piant
2402 2133 2769 2197 potestatem;
2800 2140 3102 2197 precorque
3127 2141 3487 2183 necessest-es
3512 2129 3792 2184 dominosve

2223 2234 2396 2285 meos,
2418 2227 2477 2276 et
2492 2234 2592 2292 per
2617 2226 2865 2276 sanetam
2891 2216 3212 2274 Trinitatem
3239 2216 3505 2286 adiurare
3530 2234 3783 2290 pnsum,

2222 2292 3784 2380 uttmumeastcuammmnmpemmmaax

2222 2402 2330 2474 ipsi
2358 2402 2557 2459 habent
2585 2402 2737 2467 velle,
2773 2409 2835 2458 ut
2860 2409 3014 2474 gesta
3038 2416 3226 2457 eorum
3253 2401 3315 2457 in
3341 2412 3665 2473 νει-νωι-
3690 2418 3788 2474 pcr-

2223 2500 2491 2553 severent.
2517 2492 2716 2549 Actum
2732 2506 2898 2562 super
2918 2490 3138 2547 ﬂuvium
3160 2489 3343 2557 Mosa,
3367 2492 3427 2547 in
3456 2492 3579 2550 loco
3598 2495 3684 2565 qui
3706 2510 3789 2549 vo-

2222 2593 2381 2642 catur
2389 2585 2683 2652 Fontanus,
2706 2599 2853 2641 anno
2866 2584 2940 2640 ab
2958 2583 3337 2641 Iucundum:
3348 2585 3582 2645 Domini
3592 2602 3788 2652 DCCLXI,

2223 2675 2517 2732 indictione
2557 2690 2676 2740 vui,
2722 2681 2912 2744 epacta
2954 2690 3068 2739 xu,
3115 2682 3479 2732 eum
3524 2692 3626 2743 vn,
3670 2691 3794 2733 alue

2221 2766 2399 2836 primo
2428 2766 2579 2836 regni
2609 2764 2954 2822 Carlomanui
2977 2764 3159 2836 Regis.

2293 2857 2409 2929 Ego
2446 2856 2809 2929 Angilraunus
2843 2865 3098 2927 peccator
3140 2842 3458 2928 episcopis,
3492 2859 3600 2916 hoc
3636 2867 3795 2916 rem.

2223 2957 2466 3007 mentum
2494 2965 2525 3004 a
2544 2965 2637 3006 me
2660 2948 2863 3006 factum
2888 2949 3057 3020 relegi
3086 2956 3143 3005 et
3523 2951 3649 3021 Ego
3677 2952 3801 3008 Gri-

2222 3042 2436 3101 mldus
2484 3041 2654 3099 abbas
2697 3039 3011 3110 subscripsi.
3070 3039 3187 3111 Ego
3232 3039 3573 3101 Mardus
3616 3043 3805 3100 Abba

2162 3154 2185 3173 ο
2223 3138 2370 3195 subs.
2418 3135 2531 3207 Ego
2558 3135 2704 3192 Gesn
2740 3136 3088 3192 abbassubs.
3130 3135 3246 3207 Ego
3273 3133 3582 3206 Sigilbenus
3618 3136 3805 3193 abbas

2144 3180 3802 3301 csubsi‘redaliuspeceatorccepiscqussubs.8tqilno

2608 3244 2692 3287 ius
2720 3243 2974 3301 peccator
3003 3243 3351 3301 coepimus
3381 3243 3529 3285 suos.

2222 3340 2324 3381 nus
2350 3324 2635 3395 presbyter
2679 3323 2828 3379 subs.
2875 3322 3118 3379 Andreas
3165 3324 3318 3400 subs.
3367 3321 3612 3377 Donatus
3652 3323 3798 3378 subs.

2221 3414 2335 3486 Ego
2370 3412 2658 3470 Rocfridus
2686 3412 2842 3471 ειώε.
2891 3410 3140 3483 Sagram
3174 3410 3505 3484 Widigangi.
3546 3411 3796 3485 Πεγωιι.

2221 3507 2342 3563 dius
2377 3507 2528 3563 subs.
2566 3505 2826 3563 Dodonus
2852 3505 3009 3562 subs.
3053 3503 3369 3561 Hardouino
3402 3504 3556 3560 subs.
3600 3502 3797 3559 Eadd-

2219 3597 3257 3670 bodosuba.Aduipho.EgoYuaseo
3296 3581 3796 3667 iussisse-nu

2218 3686 3798 3764 etpontiﬁcemeoAngilnnno,hocteatamemI-aai-

2216 3781 2302 3851 psi
2327 3789 2383 3837 et
2411 3781 2725 3853 subscripsi.

2215 3983 2595 4056 Angelmntnu
2634 3983 2836 4056 pretiis
2866 3986 3109 4056 quoidam
3146 3986 3251 4041 sita
3293 3985 3351 4040 in
3380 3985 3597 4043 “satis
3645 3986 3793 4042 tota!

2506 4055 2738 4112 cnaebio
2762 4055 2930 4112 sancti
2952 4055 3141 4113 Aeddi
3180 4057 3346 4127 (anno
3369 4056 3526 4131 πεῖ).

2711 4147 2807 4211 (Ex
2833 4147 3127 4212 Retinet,
3154 4149 3304 4211 ibid.)

2280 4231 2396 4304 Ego
2437 4230 2780 4304 Engilramus
2802 4231 2862 4288 in
2904 4231 3000 4287 Dei
3029 4231 3250 4287 nomine
3276 4233 3534 4301 pontifex
3552 4233 3799 4291 ω

2210 4324 2483 4396 indignus,
2502 4324 2756 4381 omnibus
2790 4323 3033 4383 ecclesiis
3060 4324 3217 4380 nobis
3255 4326 3575 4387 commissis
3621 4327 3797 4396 pravi.

2208 4415 2336 4471 dere
2368 4415 2626 4475 debemus
2662 4413 2909 4480 sollicite,
2937 4422 2994 4472 et
3017 4414 3284 4473 fratribus
3314 4415 3527 4473 ibidem
3567 4417 3683 4475 Dm
3711 4415 3797 4472 de-

526 4520 619 4571 ne,
641 4518 777 4574 quas
795 4503 1106 4597 Halibertus
1128 4503 1195 4558 ad
1233 4513 1444 4597 partem
1470 4504 1642 4597 sancti
1673 4503 1933 4575 Stephani
1964 4504 2109 4597 dele-
2135 4531 2193 4597 Β
2212 4506 2466 4576 gentibus
2489 4520 2678 4575 pacem
2729 4504 2925 4571 facere,
2958 4512 3015 4562 et
3042 4521 3075 4560 a
3108 4506 3291 4576 pravis
3346 4505 3671 4564 hominibus
3706 4508 3801 4574 ,ὼ-

524 4597 694 4668 gavit,
716 4596 954 4653 etmodo
999 4595 1146 4652 ﬁlius
1190 4610 1321 4651 suus
1363 4595 1635 4652 Raboldus
1658 4610 1755 4665 per
1799 4595 2107 4666 precariam
2138 4595 2152 4597 '
2212 4598 2446 4665 fensare,
2478 4611 2674 4668 resque
2697 4611 2886 4654 eorum
2932 4597 3223 4663 custodire,
3276 4606 3337 4653 ut
3386 4600 3649 4655 securius
3698 4599 3799 4654 Dee

524 4696 696 4745 tenet.
729 4684 992 4744 Similiter
1018 4687 1280 4745 donamus
1298 4700 1390 4742 res
1414 4686 1534 4743 illas
1584 4703 1744 4757 super
1791 4687 1967 4756 ipsum
2006 4686 2109 4745 llu-

522 4778 670 4834 viutu
699 4778 945 4836 Cernone
966 4816 984 4847 .
1005 4793 1141 4849 quas
1165 4777 1485 4834 Suitb‘ardus
1515 4777 1583 4833 ad
1614 4785 1858 4833 sanctum
1883 4778 2108 4850 Stepha-

525 4884 655 4924 num
682 4870 853 4926 dedit.

599 4958 772 5015 Simili
791 4961 1101 5018 conditione
1116 4960 1379 5015 donamus
1399 4959 1455 5014 in
1473 4974 1610 5030 pago
1635 4958 1992 5031 Suggentinse
2012 4961 2108 5018 vil-

525 5051 638 5106 lain
662 5062 1023 5125 nuncupatam
1047 5050 1490 5117 Childuto-villa,
1518 5067 1679 5122 quam
1705 5067 1849 5109 nunc
1872 5052 1998 5110 Otto
2016 5069 2106 5111 co-

527 5155 643 5196 mes
663 5156 761 5212 per
789 5144 1108 5200 beneﬁcium
1137 5140 1309 5198 sancti
1337 5139 1597 5213 Stephani
1625 5142 1708 5196 vel
1736 5147 1979 5198 nostrum
2008 5144 2105 5199 ha-

526 5232 655 5288 bere
677 5232 906 5300 Videtur,
936 5250 1043 5291 una
1069 5250 1194 5292 cum
1221 5235 1312 5291 illa
1334 5242 1482 5298 sorte
1509 5249 1671 5306 quam
1696 5234 2011 5292 Gonthadus
2034 5236 2103 5293 ad

526 5330 773 5379 sanctum
801 5322 1131 5394 Stephanum
1158 5326 1323 5394 dedit,
1360 5336 1416 5384 et
1450 5328 1565 5399 ipse
1596 5329 1752 5385 modo
1783 5343 1882 5399 per
1910 5334 2110 5399 preca-i

525 5414 662 5470 riam
688 5421 851 5470 tenet.
882 5414 1011 5472 Haec
1040 5418 1220 5473 omnia
1251 5420 1501 5489 superius
1535 5420 1945 5490 comprehensa,
1987 5431 2101 5477 tam

523 5504 579 5560 in
603 5504 778 5570 terris,
814 5505 1077 5571 domibus,
1113 5506 1375 5575 adiﬁciis,
1412 5510 1636 5581 campis,
1671 5510 1864 5580 pratis,
1904 5512 2110 5578 vineis,

522 5595 706 5667 sylvis,
729 5593 886 5650 cultis
905 5605 961 5650 et
981 5594 1218 5662 incultis,
1239 5602 1392 5670 aquis
1411 5617 1740 5672 aquarumve
1760 5596 2107 5671 decursibus,

520 5686 810 5741 mobilibus
845 5692 901 5741 et
939 5685 1326 5756 immobilibus,
1365 5693 1662 5762 mancipiis,
1703 5693 1834 5760 litis,
1883 5695 2096 5750 accola-

519 5778 636 5843 bus,
675 5777 1007 5851 adjaceutiis,
1045 5783 1385 5853 appenditiis,
1421 5802 1544 5843 cum
1580 5788 1805 5859 integris
1846 5788 2109 5855 terminis

2209 4688 2423 4744 valeant
2455 4687 2679 4744 servire.
2708 4687 2943 4759 Ideoque
2964 4688 3197 4745 emnobii
3223 4688 3369 4745 beati
3400 4688 3653 4749 Naboris
3670 4706 3801 4763 quo-

2205 4776 2429 4832 tidianis
2451 4774 2864 4832 'calamitatibus
2902 4784 2958 4831 et
2993 4775 3341 4846 miseriispie
3364 4785 3535 4848 atque
3584 4779 3799 4834 miseri-

2207 4868 2442 4926 corditer
2488 4868 2837 4927 condolentes
2872 4875 3035 4939 atque
3076 4868 3493 4938 compatieutes,
3521 4884 3677 4940 qua
3704 4871 3803 4926 si

2205 4958 2453 5019 advocati
2480 4966 2536 5014 et
2563 4958 2798 5019 ministri
2827 4958 3044 5017 comitis
3071 4957 3330 5016 Wolmeri
3353 4960 3535 5016 nostri
3563 4962 3806 5017 advoca-

2205 5053 2268 5121 ti,
2296 5060 2405 5109 tam
2441 5053 2496 5110 in
2520 5053 2911 5120 exactionibus,
2942 5068 3105 5124 quam
3132 5052 3187 5108 in
3214 5051 3423 5124 rapinis
3456 5068 3603 5124 quas
3650 5061 3809 5110 nunc

2203 5152 2257 5200 et
2306 5143 2395 5200 die
2436 5142 2801 5199 indesinenter
2852 5141 3091 5199 inferunt
3125 5149 3180 5199 et
3216 5141 3427 5198 facimt
3479 5143 3811 5201 hominibu

2204 5232 2444 5306 ejusdem
2473 5232 2734 5305 ecclesiae,
2762 5248 2965 5305 eosque
3008 5234 3378 5305 opprimentes
3404 5243 3466 5289 et
3490 5233 3815 5308 adligata

2202 5328 2460 5399 quotidie,
2499 5327 2575 5383 ita
2615 5333 2810 5382 utnon
2846 5334 3069 5398 possent
3096 5325 3364 5384 clamores
3400 5342 3603 5384 eorum
3638 5329 3817 5385 susti-

2202 5436 2361 5490 nere;
2390 5422 2476 5477 his
2493 5420 2743 5476 omnibus
2762 5420 3070 5478 coenobium
3093 5420 3224 5477 illud
3243 5422 3315 5479 ad
3339 5430 3552 5479 tantam
3571 5422 3825 5483 dere-1

2203 5499 2436 5582 inopiam
2463 5520 2627 5584 atque
2645 5511 2953 5578 miseriam,
2993 5512 3135 5585 quod
3174 5513 3265 5568 vix
3297 5520 3523 5584 possent
3544 5527 3821 5583 (qu-ue

2200 5605 2397 5661 fratres
2417 5606 2511 5676 qui
2541 5605 2651 5661 Deo
2679 5605 2753 5661 ibi
2779 5613 2836 5660 et
2854 5612 3043 5663 sancto
3072 5604 3274 5663 Nabori
3308 5605 3510 5676 vellent
3552 5606 3827 5672 seruile,

2200 5699 2326 5771 quia
2360 5714 2466 5754 non
2502 5687 2772 5755 habebant
2802 5700 2945 5769 unde
2983 5698 3060 5755 ibi
3096 5699 3281 5755 vivere
3310 5715 3326 5752 :
3362 5687 3593 5753 tandem
3654 5711 3829 5754 ranc-

2187 5800 2290 5862 .pto
2308 5788 2554 5856 consilio,
2579 5786 2809 5845 eundem
2840 5789 3092 5863 comitem
3130 5785 3568 5853 convocavimus,
3610 5799 3693 5846 et
3720 5802 3829 5867 pa
