3950 6312
539 357 676 419 “03

540 545 875 608 Widbaldus,
915 559 1096 616 quem,
1147 553 1285 616 teste
1310 545 1651 616 Astronomo,
1682 547 1822 601 idem
1862 547 2112 616 princeps

536 616 685 686 circa
706 630 905 686 annum
931 614 1032 686 778
1052 614 1293 683 praefecit
1312 614 1683 686 Petragoricis,
1713 617 1824 671 sive
1848 614 2113 686 quispiam

538 683 696 750 alius,
724 699 792 754 ex
830 683 990 739 dictis
1018 694 1327 754 sanctorum
1361 683 1601 751 Patrum,
1654 683 1887 740 maxime
1932 683 2113 754 Afugu-

536 755 689 819 stini,
716 753 978 825 Gregorii,
1034 753 1366 825 Hieronymi,
1418 755 1710 820 Ambrosii,
1757 755 1964 819 Hilarii,
2009 753 2112 809 Isi-

536 824 680 891 dori,
721 823 998 889 Eucherii,
1036 823 1219 879 Junilii
1239 823 1397 893 Vopus
1436 840 1594 880 suum
1637 826 1934 890 contexuit,
1981 840 2114 894 quo-

532 908 661 949 rum
679 894 845 964 verba
870 894 1157 963 aliquando
1183 909 1317 964 pura
1345 901 1401 949 et
1435 896 1579 951 nuda
1616 911 1725 950 uno
1753 905 1941 951 tenore
1962 901 2113 948 tran-

533 963 746 1035 scribit,
782 979 1165 1035 nonnunquam
1185 963 1427 1033 dispersa
1474 965 1639 1020 variis
1662 966 1720 1021 in
1746 965 1881 1021 locis
1909 964 2112 1035 colligit

531 1033 591 1103 in
633 1048 820 1099 unum,
867 1032 1152 1103 aliquoties
1194 1032 1323 1089 vero
1357 1050 1465 1089 non
1498 1036 1685 1102 verba,
1749 1036 1845 1090 sed
1872 1032 2113 1090 mentem

532 1102 747 1157 illorum
798 1102 1084 1174 exprimit.
1108 1103 1246 1159 Hinc
1304 1103 1658 1173 eonjiciebam
1717 1105 2113 1174 conjicientque

531 1186 746 1229 mecum
769 1173 874 1228 viri
897 1173 1095 1229 eruditi
1119 1188 1327 1241 omnes,
1367 1184 1571 1245 quanto
1601 1190 1737 1245 opus
1763 1176 1899 1231 illud
1923 1173 2114 1231 haberi

2034 358 2325 417 WICBODI

541 475 643 531 sub
666 472 864 530 ltherio
887 462 941 529 et
960 454 1693 537 Radonenarchicanecllariis
1713 475 1973 541 notarius,
1996 476 2110 531 sive
2137 484 2185 544 Α
2212 475 2432 530 deberet
2459 472 2514 544 in
2551 470 2745 541 pretio,

3660 341 3796 409 1108

2874 469 2944 528 od
2983 467 3215 540 iubente
3261 475 3373 523 tam
3417 463 3627 523 eximio
3652 467 3796 537 prin-

2217 546 2335 613 cipe
2372 544 2439 597 ad
2459 538 2577 619 ejus
2620 557 2776 619 usum
2809 538 3142 619 descriptum
3191 538 3391 619 fuerat,
3422 544 3629 619 totque.
3644 544 3795 619 atque

2215 609 2501 668 tantorum
2516 612 2768 689 Ecclesiae
2795 609 3070 668 doctorum
3106 609 3477 689 expositiones
3505 609 3795 689 Scriptura

2218 683 2661 753 repraesentabat.
2701 683 2901 738 Verum
2946 696 3068 736 cum
3107 676 3240 753 illud
3286 693 3426 753 non_
3452 676 3794 747 indiligenter

2215 746 2628 828 examinassem,
2662 752 3019 828 animadverti
3064 749 3360 828 maximam
3690 762 3791 828 par-

2215 832 2327 879 tem
2371 822 2584 899 nonnisi
2615 817 2824 899 purum
2882 820 3195 891 Hieronymi
3248 817 3661 899 atquemlsidori
3698 825 3792 870 tex-

2215 892 2475 969 tur_n__fere
2495 887 2853 969 _e_primere,A
2889 887 3195 969 sequentes
3223 887 3354 969 vero
3409 887 3590 969 libros
3625 902 3788 969 Δειιιηιῃ

2216 964 2472 1037 exhibere
2495 960 2776 1037 Isidorum.
2818 960 3158 1037 Quapropter
3180 960 3453 1037 tantinou
3494 960 3786 1037 existimavi

2217 1033 2482 1111 integrum
2519 1034 2609 1111 hic
2637 1048 2776 1111 opus_
2798 1027 2953 1089 dare:
2989 1027 3099 1111 sed
3143 1030 3371 1111 eruditis
3410 1027 3563 1111 forte

2214 1104 2317 1159 bus
2332 1096 2485 1159 haud
2522 1096 2827 1173 injucunda:
2852 1111 3013 1160 erunt
3042 1100 3380 1169 Quaestiones
3422 1098 3483 1154 in
3510 1096 3785 1168 primafe

2215 1174 2363 1229 nesis
2387 1175 2582 1244 capita.
2660 1216 2661 1219 η

1278 1379 1599 1474 CAROLUS
1636 1416 1782 1473 sex
1819 1412 2255 1471 FRANCORUM
2291 1412 2382 1468 ET
2417 1410 3038 1470 LONGOBARDORUM

1682 1511 1771 1567 AC
1810 1506 2180 1567 PATRICIUS
2216 1506 2662 1566 ROMANORUM

1250 1604 1440 1663 HUNC
1477 1603 1777 1661 CODICEM
1815 1604 1908 1659 AD
1947 1600 2129 1659 OPUS
2167 1600 2362 1657 SUUM
2412 1599 2752 1658 SCRIBERE
2788 1599 3040 1659 JUSSI'I'.

1914 1723 2389 1745 μ

1097 1777 1279 1849 LAUS
1313 1780 1536 1838 REGIS.

884 1868 1163 1926 ALLOCU
1172 1869 1296 1925 T10
1335 1870 1432 1926 AD
1456 1867 1767 1925 LIBRUM.

529 1958 661 2031 Quis
685 1962 842 2034 digne
859 1962 1110 2018 indoctus
1141 1969 1433 2018 metrorum
1454 1962 1699 2018 versibus
1723 1975 1961 2033 unquam

527 2053 781 2109 Rusticus
801 2053 1048 2124 explanet
1069 2052 1221 2124 cuius
1247 2056 1518 2125 prteconia
1555 2056 1760 2125 passim

525 2145 692 2201 Latus
714 2146 1054 2201 concelebrat
1074 2147 1174 2202 sub
1197 2147 1318 2203 cteli
1339 2148 1559 2203 cardine
1589 2147 1842 2215 mundus,

527 2235 692 2306 Cujus
721 2238 789 2294 ad
812 2238 1095 2309 imperium
1132 2238 1405 2295 meruistis
1430 2240 1565 2295 ordo
1593 2252 1617 2279 α
1646 2254 1854 2306 carere,

526 2327 595 2381 Et
615 2342 805 2398 capere
835 2329 1060 2385 nitidam
1084 2329 1242 2402 longo
1269 2338 1389 2401 post
1424 2340 1662 2401 tempore
1686 2331 1886 2402 pallam
1910 2348 1926 2399 ;

526 2416 769 2488 Cmperis
787 2426 847 2473 ut
866 2418 1030 2475 limen
1057 2420 1193 2476 aulae
1222 2420 1419 2490 regalis
1446 2421 1613 2487 adire,

524 2509 702 2580 Atque
725 2526 858 2567 auro
882 2512 1047 2567 rutilo
1070 2511 1369 2568 radiantem
1399 2527 1624 2569 cernere
1648 2512 1875 2570 sedem?

522 2601 704 2670 Incipe
724 2604 1120 2671 quamprimum
1149 2602 1326 2674 largas
1347 2604 1657 2672 persolvere
1687 2610 1890 2675 grates,

528 2690 788 2747 Errorum
812 2695 955 2763 quod
977 2695 1121 2750 nube
1144 2709 1318 2761 cares,
1342 2704 1619 2751 correctus
1638 2695 1879 2752 haberis.

523 2782 659 2838 Dein
682 2790 986 2853 prostratus
1009 2783 1222 2839 veniam
1247 2785 1475 2855 deposce
1497 2793 1744 2856 precatu,

524 2871 886 2943 Lautorisque
911 2872 990 2929 tui
1014 2872 1204 2930 sollers
1244 2882 1503 2944 patronus
1539 2875 1747 2933 adesto.

523 2963 554 3006 b

520 3054 715 3127 Asperi
737 3064 831 3113 aut
851 3056 1114 3128 impressa
1138 3072 1331 3115 manus
1352 3059 1623 3140 tenuando
1647 3058 1861 3140 polivit.

521 3147 605 3203 En
626 3149 794 3205 habes
810 3149 866 3205 in
885 3157 1157 3223 promptu,
1182 3165 1216 3206 ο
1244 3166 1361 3218 rex,
1389 3139 1534 3222 quod
1549 3150 1794 3223 iusseras
1813 3153 1965 3222 olim,

522 3236 768 3313 Suscipe,
788 3250 845 3298 et
864 3258 898 3298 ο
921 3242 1049 3298 felix
1068 3242 1266 3327 multos
1281 3245 1455 3300 utaris
1480 3243 1679 3319 [utare]
1702 3261 1800 3317 per
1833 3260 2025 3304 annos.

824 3369 1136 3412 EPIGRAMMA
1161 3371 1347 3413 OPERIS
1373 3372 1778 3422 SUBSEQUENTIS.

520 3467 570 3522 υ
587 3481 749 3538 quam
789 3482 985 3539 magna
1011 3476 1114 3525 tuae
1134 3469 1341 3526 clarent
1366 3472 1636 3541 praeconia
1660 3472 1852 3541 laudis,

518 3555 637 3611 Rex
656 3557 866 3623 Carole,
890 3556 1020 3613 felix
1046 3566 1101 3614 et
1125 3567 1285 3615 notus
1306 3559 1361 3614 in
1382 3561 1632 3617 omnibus
1655 3562 1821 3619 arvis.

518 3648 745 3704 Finibus
764 3651 1024 3705 extremis
1049 3657 1140 3706 tua
1150 3652 1398 3721 imaxime
1424 3651 1598 3721 jussio
1627 3654 1810 3724 pollet.

518 3736 650 3804 Quis
669 3738 813 3792 valet
830 3739 1033 3793 urbane
1054 3739 1237 3796 laudes
1261 3756 1512 3796 sermone
1534 3743 1700 3813 polito

522 3828 672 3895 Fari,
695 3843 909 3900 magne,
932 3837 1073 3895 tuas,
1096 3832 1219 3887 caeli
1240 3834 1339 3888 sub
1366 3833 1600 3889 culmine
1624 3834 1799 3891 claras
1823 3835 1848 3889 ?
1956 3856 1963 3859 ·

521 3918 656 3986 Quis
676 3926 769 3973 tua
792 3920 960 3975 mixta
981 3929 1139 3976 canat
1157 3922 1295 3977 mira
1319 3924 1519 3993 pietate
1547 3934 1769 3996 tropaea,

520 4010 852 4081 Divitiasque
876 4019 994 4067 tuas
1014 4012 1171 4084 longo
1193 4014 1315 4085 quis
1337 4016 1577 4073 carmine
1600 4019 1845 4087 pandat?

518 4101 652 4168 Quis
673 4102 860 4157 saltem
885 4104 1087 4173 poterit
1110 4104 1305 4161 seriem
1328 4121 1643 4164 enumerare
1669 4110 1957 4179 librorum,

516 4190 665 4257 Quos
685 4199 776 4246 tua
799 4194 865 4247 de
884 4193 1068 4249 multis
1092 4195 1309 4265 copulat
1329 4199 1594 4254 sententia
1628 4203 1826 4258 terris?

520 4279 845 4338 Sanctorum
868 4297 1132 4340 renovans
1155 4284 1375 4342 Patrum
1420 4292 1725 4361 conscripta
1748 4280 2016 4364 priorum.

516 4371 652 4429 Nam
673 4373 930 4444 quidquid
951 4389 1163 4431 sacrum
1198 4375 1376 4433 divina
1400 4380 1676 4437 volumina
1701 4386 1900 4453 verbis,

517 4461 743 4533 Eloquio
768 4479 1035 4534 sensuque
1058 4465 1268 4533 docent,
1294 4469 1435 4538 quod
1478 4472 1735 4541 praedicat
1759 4474 1876 4545 ipse

515 4553 782 4623 Antiquus
808 4554 991 4609 mundi
1023 4555 1289 4626 replicans
1315 4560 1537 4615 exordia
1563 4571 1734 4631 vates,
1764 4608 1768 4629 ,

516 4644 625 4699 Seu
648 4644 736 4701 ille
761 4645 1017 4702 historias
1038 4652 1205 4713 texat,
1236 4663 1333 4703 seu
1369 4648 1508 4705 forte
1534 4651 1751 4723 ﬁguras.

515 4738 671 4804 Quod
695 4737 905 4794 diversa
931 4745 1077 4795 retro
1101 4739 1394 4796 multorum
1420 4749 1663 4814 tempora
1689 4759 1878 4817 regum

513 4831 643 4888 Post
668 4833 813 4887 Ruth
837 4835 1091 4891 succiduo
1113 4816 1395 4906 gesserunt
1414 4839 1602 4895 ordine
1631 4855 1908 4913 magnum,

516 4923 613 4978 Vel
634 4925 725 4995 qui
749 4935 871 4995 post
897 4929 1187 4997 reprobum
1208 4928 1466 4985 Davidica
1492 4945 1657 5001 regna
1695 4930 1913 4988 Saulem

517 5012 622 5068 Ter
642 5017 1044 5090 quinquagenos
1063 5019 1394 5091 scripserunt
1414 5022 1655 5077 carmine
1682 5022 1943 5093 psalmos.

514 5102 778 5179 Paeiﬁcus
802 5109 1060 5180 quidquid
1083 5110 1194 5166 lata
1220 5112 1360 5167 inter
1390 5120 1602 5183 sceptra
1629 5112 1909 5182 Salomon,
2022 5160 2023 5163 η

514 5185 818 5251 Obscurum
840 5214 999 5256 sensu
1020 5201 1277 5271 praeclara
1296 5204 1579 5275 proverbia
1618 5205 1788 5273 duxit,

514 5285 772 5356 Quodque
788 5288 873 5343 his
900 5294 1081 5348 octoni
1105 5302 1227 5365 post
1248 5310 1307 5351 se
1329 5295 1511 5352 videre
1535 5298 1835 5370 prophetae,

462 5389 471 5399 '
512 5378 668 5447 Quod
688 5380 930 5438 clausum
953 5382 1053 5441 Job
1079 5388 1226 5443 mitis
1245 5387 1321 5444 ait
1344 5405 1467 5445 cum
1493 5379 1721 5447 vulnere
1737 5399 1951 5462 aperto.

508 5470 709 5527 Esther
729 5472 857 5543 quid
880 5489 1193 5545 memorem,
1217 5487 1272 5535 et
1294 5488 1460 5538 castae
1486 5484 1767 5539 mendacia
1785 5482 2017 5541 Iudith?

509 5563 697 5620 Ornati
722 5581 848 5621 cum
869 5566 1061 5643 fraude
1086 5577 1296 5642 satraps
1322 5573 1636 5630 accenditur
1667 5574 1801 5642 oris,

509 5654 644 5712 Cum
665 5666 847 5714 manet
871 5656 1101 5717 illudens
1119 5661 1411 5721 obscenum
1435 5663 1636 5722 femina
1661 5664 1887 5736 lectum,

579 5781 606 5811 ει
640 5768 802 5829 Forte
827 5773 1066 5831 meruisti
1101 5775 1275 5832 sorde.

2111 4490 2170 4555 D

2137 1781 2189 1846 Β
2216 1778 2555 1849 Desectoque
2580 1777 2728 1835 feros
2757 1776 3053 1851 compescit
3071 1777 3279 1835 vertice
3300 1778 3476 1837 visus.

2216 1868 2372 1936 Quod
2391 1868 2583 1925 melius
2609 1884 2837 1926 cernens
2861 1878 3064 1927 caecato
3084 1869 3140 1925 in
3159 1884 3394 1941 corpore
3426 1870 3577 1935 Tobi,

2207 1959 2339 2028 Quae
2360 1968 2570 2017 secreta
2594 1961 2784 2018 videns
2802 1961 3113 2033 perscripsit
3136 1962 3381 2018 conditor
3417 1961 3604 2028 Ezras,

2208 2048 2478 2120 Quidquid
2502 2059 2627 2122 post
2644 2050 2880 2123 priscam
2907 2052 3204 2109 succedens
3226 2053 3408 2123 gratia
3431 2052 3605 2124 legem

2204 2141 2442 2211 Intonat,
2467 2150 2629 2216 atque
2654 2143 2789 2200 Novi
2813 2143 3075 2201 miracula
3101 2144 3466 2201 Tcstamenti.
3528 2180 3546 2209 ,—

2207 2232 2348 2290 Hine
2373 2234 2608 2290 hominis
2636 2233 2835 2290 clamat
2858 2233 3049 2301 facies,
3076 2234 3175 2301 ait,
3197 2233 3324 2290 inde
3351 2234 3550 2302 leonis,

2205 2323 2275 2379 Et
2290 2325 2483 2395 pernix
2499 2325 2704 2397 aquila,
2725 2333 2780 2380 et
2806 2325 2963 2382 fortis
2995 2325 3294 2383 certamine
3321 2335 3538 2383 taurus.

2205 2412 2335 2470 Inde
2357 2422 2549 2484 quater
2569 2416 2712 2471 terni
2727 2416 2879 2486 puris
2898 2417 3042 2488 quod
3069 2416 3343 2472 mentibus
3374 2418 3501 2489 agni

2206 2506 2469 2578 Egerunt,
2497 2516 2614 2565 loto
2639 2517 2953 2580 spargentes
2976 2508 3188 2565 semina
3214 2510 3441 2565 mundo.

2205 2602 2298 2658 Bis
2321 2611 2542 2674 septena
2563 2604 2638 2676 pii
2664 2605 2808 2675 quod
2836 2604 3040 2677 spargit
3063 2605 3291 2677 epistola
3328 2604 3507 2673 Pauli,

2206 2693 2363 2762 Quod
2380 2694 2574 2751 Petrus
2597 2693 2962 2767 Jacobusque,
2990 2696 3135 2767 quod
3158 2694 3327 2753 ludas
3350 2706 3408 2752 et
3448 2699 3565 2769 ipse

2206 2785 2311 2852 Qui
2331 2795 2618 2858 conspecta
2642 2785 2808 2843 refert
2827 2787 2952 2844 caeli
2971 2794 3179 2845 secreta
3206 2787 3468 2858 Joannes,

2206 2876 2347 2945 Quin
2369 2886 2425 2934 et
2450 2879 2671 2936 veridici
2693 2896 2814 2951 quae
2837 2880 3067 2951 plurima
3086 2888 3411 2938 tractatores

2204 2967 2524 3038 Exposuere
2547 2969 2661 3024 suis
2682 2969 2943 3041 mysteria
2977 2969 3141 3042 digna
3168 2970 3377 3038 libellis,

2204 3056 2332 3113 Haec
2355 3066 2416 3113 tu
2435 3067 2628 3115 cuncta
2654 3067 2842 3116 tenens
2870 3060 3051 3115 animo
3068 3059 3281 3117 sitiente
3299 3060 3494 3116 bibisti.

2102 3136 2178 3209 lC
2203 3146 2314 3204 Nec
2328 3150 2377 3205 si
2400 3149 2531 3220 quid
2557 3163 2774 3206 sacrum
2792 3149 3039 3207 cecinere
3060 3151 3325 3222 propheta

2203 3240 2281 3297 Te
2298 3240 2450 3308 latet,
2473 3242 2721 3314 agnoscis
2742 3241 2907 3314 leges,
2934 3249 2991 3298 et
3019 3252 3289 3298 commata
3320 3257 3521 3299 servas.

2197 3334 2376 3405 Atque
2398 3334 2573 3390 aliena
2597 3345 2692 3392 tuo
2732 3336 3081 3392 commendas
3107 3338 3353 3393 carmina
3386 3345 3568 3394 cantu.

2206 3424 2351 3494 Quid
2373 3432 2548 3483 totum
2570 3426 2871 3497 replicem?
2900 3434 2958 3483 tu
2985 3428 3231 3484 sensibus
3268 3439 3428 3485 utere
3452 3430 3641 3499 doctis,

2207 3513 2276 3569 Et
2296 3529 2417 3584 quae
2441 3522 2569 3571 nota
2590 3515 2688 3572 tibi
2709 3515 2796 3571 vel
2820 3531 2940 3587 quas
2960 3526 3215 3588 percepta
3242 3518 3496 3591 legendo,

2196 3605 2282 3662 Ad
2300 3607 2518 3663 virtutis
2542 3622 2678 3679 opus
2701 3606 2880 3664 studio
2906 3617 3157 3665 converte
3184 3611 3377 3681 regali.

2196 3699 2269 3755 At
2293 3700 2339 3755 si
2366 3699 2433 3755 de
2456 3700 2613 3770 plebe
2637 3700 2925 3772 quisquam
2946 3701 3116 3757 livore
3140 3713 3403 3773 perustus

2194 3789 2423 3856 Dixerit,
2451 3790 2555 3847 iste
2587 3791 2709 3862 quis
2732 3800 2815 3847 est
2834 3799 3077 3849 veterum
3103 3794 3196 3864 qui
3226 3796 3478 3852 carmina
3520 3803 3710 3864 mutat,

2195 3880 2553 3952 Inscrihitque
2574 3883 2710 3940 levis
2734 3885 3119 3954 epigrammata
3145 3902 3286 3942 vana
3306 3887 3556 3946 libellis?

2196 3972 2418 4028 Noverit
2442 3975 2546 4030 hoe
2569 3976 2685 4046 ipse
2705 3977 2850 4047 quod
2870 3994 3134 4049 nusquam
3156 3979 3316 4051 culpa
3339 3992 3602 4049 mutatur,

2195 4065 2330 4124 Cum
2365 4083 2473 4125 non
2502 4068 2639 4125 velle
2662 4070 2805 4124 valet
2831 4077 2885 4124 et
2909 4069 3081 4139 major
3121 4071 3302 4142 jussio
3331 4076 3506 4148 cogit.

2195 4158 2435 4230 Denique
2448 4159 2601 4230 iussa
2621 4161 2763 4216 bona
2783 4177 2908 4217 cum
2930 4162 3345 4234 promulgantur
3367 4167 3609 4238 agenda,

2086 4274 2091 4279 λ
2195 4249 2300 4318 Qui
2325 4251 2556 4321 complet
2578 4252 2812 4323 sapiens,
2833 4252 2928 4323 qui
2952 4253 3066 4307 vult
3093 4262 3451 4313 contemnere
3478 4260 3709 4313 danais.

2194 4340 2349 4408 Quod
2376 4342 2421 4397 si
2446 4342 2718 4415 Virgilius,
2750 4351 2804 4399 et
2824 4351 3007 4420 vatum
3032 4359 3277 4401 summus
3306 4346 3607 4415 Homerus,

2156 4450 2165 4507 ς
2197 4431 2497 4489 Censuram
2516 4447 2763 4490 meruere
2786 4449 2982 4490 novam
3007 4442 3130 4505 post
3153 4435 3266 4491 fata
3291 4438 3505 4507 subire,

2198 4519 2366 4588 Quam
2391 4521 2484 4576 dat
2504 4520 2811 4579 Aristarcus
2853 4531 2969 4589 tua,
2990 4524 3327 4595 Varrusque,
3370 4527 3717 4600 Probusque.

2197 4611 2308 4668 Cur
2334 4612 2812 4684 dedigneturquod
2828 4613 3012 4683 jusSus
3035 4615 3279 4687 principe
3299 4632 3509 4691 magno

2193 4700 2424 4757 Pa'rvula
2447 4705 2665 4775 excerpi
2694 4704 2928 4762 Mosaica
2953 4707 3195 4762 carmina
3226 4707 3359 4764 bibli

2194 4797 2507 4870 Vuigbodus
2529 4800 2745 4858 humilis
2772 4817 3034 4859 nucarum
3061 4802 3204 4860 mole
3230 4804 3405 4876 piavi.

2193 4887 2321 4945 Haec
2349 4889 2446 4946 tibi
2483 4906 2577 4946 rex
2615 4907 2824 4949 summe
2845 4892 3000 4964 jussu
3033 4895 3344 4966 compulsus
3370 4897 3572 4969 herili,

2195 4980 2474 5052 Servulus,
2501 4992 2563 5041 ut
2579 4986 2751 5057 potui,
2772 4987 2963 5043 devota
2988 4995 3167 5045 mente
3192 4989 3394 5046 dicavi.
3576 4986 3585 4991 ’

2575 5095 2731 5152 Ratio
2750 5112 2825 5155 vn
2849 5098 3053 5154 dierum
3080 5100 3383 5157 ordinatur.

2190 5207 2405 5265 Primus
2440 5208 2496 5264 in
2518 5209 2650 5265 orbe
2674 5210 2790 5267 dies
2815 5210 2951 5267 lucis
2972 5212 3269 5282 primordia
3294 5216 3571 5288 sumpsit.

2189 5300 2341 5357 Alter
2366 5301 2694 5372 splendiiluis
2715 5303 2912 5361 coelum
2935 5305 3173 5361 ﬁrmavit
3196 5306 3253 5362 in
3281 5308 3422 5365 oris.

2191 5389 2405 5471 Tertius
2440 5392 2766 5466 undivagum
2803 5410 2954 5452 mare
2974 5396 3068 5453 dat
3090 5411 3214 5453 cum
3243 5400 3499 5470 germine
3523 5410 3728 5462 terra.

2188 5472 2426 5549 Quartus
2444 5484 2609 5541 habet
2628 5486 2885 5557 plumbum
2906 5488 3197 5561 lunamque
3215 5497 3272 5545 et
3293 5490 3478 5548 sidera
3500 5498 3679 5553 celi.

2188 5572 2416 5649 Quintus
2438 5577 2766 5651 plumigeras
2800 5580 3048 5640 volucres
3070 5584 3355 5655 piscesque
3388 5594 3711 5649 natantes.

2189 5665 2385 5725 Sextus
2410 5671 2786 5743 quadrupedes
2804 5683 3027 5747 reptans
3050 5676 3407 5750 hominesque
3428 5680 3719 5754 Aeneas.

2256 5783 2289 5825 ι»
2326 5780 2429 5841 Hic
2463 5793 2548 5844 est
2581 5787 2816 5858 spatium
2848 5786 3013 5849 unius
3033 5804 3226 5853 versus
3248 5807 3489 5851 vacuum
3526 5811 3604 5855 tn
3634 5816 3747 5859 ms.
