3950 6312
100 489 214 548 nos
948 464 1084 541 LIB.
1116 484 1591 554 QUZESTIONUM
1630 486 1859 548 super.
1896 491 2027 548 LIB.
2070 463 2393 548 GENESIS.
3168 473 3306 534 IIoo

98 602 328 673 Septimus
346 606 427 656 est
449 597 676 655 Domino
694 585 928 669 requies,
957 600 1043 656 his
1067 601 1169 655 rite
1187 602 1440 671 peractis.
1649 613 1704 672 Α
1729 606 1888 663 Solus
1923 603 2122 676 ubique
2149 604 2337 659 fovens
2365 601 2422 654 in
2454 612 2512 654 se
2542 596 2880 667 requiescere
2910 592 3074 663 cogit.

96 695 194 751 Non
217 692 326 763 quia
352 690 722 759 cunctipotens
743 690 978 746 humano
1001 705 1151 746 more
1184 691 1410 758 laboret,

1727 700 1838 754 Nec
1865 699 2022 754 datur
2056 695 2164 750 ulla
2197 693 2350 763 quies
2382 690 2616 756 miseris,
2643 688 2749 742 nisi
2778 684 3004 754 suscipit
3028 683 3163 751 ipse.

96 788 288 844 Actibus
303 792 390 839 alli-
405 782 578 838 Ῑθεειιδ
597 783 807 851 finierat
835 784 1113 852 quiescere
1137 783 1352 838 tandem
1728 789 1882 844 Dicta
1905 801 2118 857 quoque
2159 784 2394 854 requies,
2428 781 2697 836 mundana
2727 778 2871 848 quod
2904 776 3044 830 actio
3070 785 3312 843 praesens

96 876 184 942 Qui
202 887 391 942 semper
414 870 688 939 requietus
713 870 841 940 agit,
870 869 1178 939 faciensque
1203 871 1448 940 quiescit.

1728 879 1861 936 Post
1880 894 1974 934 sex
1999 885 2185 932 aetates
2215 892 2350 946 quas
2376 873 2607 930 mundus
2631 872 2688 926 in
2717 869 2906 924 ordine
2932 865 3121 930 currit,

97 965 189 1021 Sed
210 962 336 1034 quod
357 975 510 1016 sacra
531 960 684 1029 quies
704 959 896 1029 typicis
915 967 999 1014 est
1020 969 1208 1029 operta
1241 960 1450 1030 ﬁguris,
1508 986 1518 1002 κ

1287 961 1450 1030 Euris.
1508 986 1518 1002 κ
1731 969 1854 1024 Otia
1876 968 2180 1039 percipiens
2201 975 2402 1022 aeterna
2439 979 2571 1034 pace
2598 961 2847 1032 quiescit.

98 1056 240 1112 Multa
261 1065 398 1126 gerat
418 1053 604 1122 signis,
635 1062 690 1108 et
715 1053 918 1122 pandat
941 1053 1170 1123 mystica
1193 1053 1366 1110 nobis.
1731 1060 1887 1115 Dicta
1911 1071 2122 1127 quoque
2147 1055 2380 1126 requies,
2420 1070 2539 1124 quae
2568 1054 2723 1108 nobis
2748 1050 2937 1105 ultima
2963 1063 3081 1103 sors
3101 1052 3206 1104 est.

95 1149 228 1204 Dicta
245 1146 331 1224 Dei
353 1145 566 1214 requies
584 1143 728 1214 quod
752 1145 911 1200 rebus
934 1144 1054 1213 jure
1079 1145 1328 1200 creandis
1736 1150 1871 1206 Nam
1892 1149 2018 1203 vitae
2037 1163 2247 1212 cursus,
2275 1146 2559 1201 mundana:
2583 1144 2741 1199 molis
2765 1143 2835 1198 ad
2863 1142 3034 1196 instar

97 1238 199 1307 Ipsa
220 1237 393 1292 modus
416 1235 580 1299 fuerit
606 1236 836 1301 cunctis,
861 1243 916 1290 et
954 1236 1190 1290 maxima
1219 1235 1361 1290 linis.

1738 1242 1846 1300 Sex
1884 1249 2010 1297 sunt
2035 1249 2223 1296 aetates
2243 1237 2496 1303 hominis,
2521 1245 2575 1292 et
2602 1236 2831 1305 septima
2866 1247 3013 1288 mors
3032 1241 3133 1287 est.

95 1328 216 1386 Nam
234 1326 617 1397 nova‘quazque
651 1326 806 1393 ﬁunt,
839 1325 953 1396 jam
981 1337 1096 1382 tum
1129 1327 1373 1382 ordinata
1402 1327 1634 1398 proban-
1736 1333 1920 1389 Prima
1956 1340 2102 1386 tenet
2130 1339 2309 1386 ortum
2339 1328 2552 1398 generis
2571 1325 2795 1380 infantia
2822 1322 3070 1394 simplex,

1089 1406 1091 1408 ’
1452 1417 1565 1489 [tur
1739 1424 1925 1478 Altera
1950 1421 2143 1478 deinde
2160 1419 2393 1491 pueritia
2415 1417 2592 1473 mollis
2613 1417 2861 1482 habetur,

98 1509 232 1565 Dicta
255 1509 342 1566 Dei
361 1509 590 1579 requies,
614 1523 719 1578 quo
744 1507 1002 1564 Dominus
1039 1523 1104 1564 ac
1139 1507 1436 1578 redemptio
1471 1506 1632 1563 Chri-
1741 1512 1922 1569 Tertia
1946 1526 2065 1582 qua:
2092 1508 2335 1579 sequitur
2359 1507 2477 1577 ipsa
2495 1506 2762 1562 vocitatur
2790 1503 2992 1568 adulta,

1430 1599 1566 1672 [stus
1741 1602 1945 1670 Quarta
1974 1600 2113 1671 gerit
2147 1599 2363 1654 virtutis
2389 1611 2548 1667 opem
2576 1596 2818 1666 speciosa
2838 1593 3082 1664 juventa,

96 1694 148 1750 ιη
171 1708 322 1750 carne
343 1694 581 1760 veniens,
604 1709 668 1750 ac
688 1694 866 1749 carnis
893 1692 1071 1749 vinela
1105 1692 1396 1758 resolvens,
1743 1693 1940 1760 Quinta
1965 1699 2183 1746 senecta
2218 1689 2397 1760 gravis
2419 1695 2474 1744 et
2491 1687 2680 1742 ultima
2705 1694 2948 1755 tempora
2975 1695 3220 1756 vergens,

99 1786 202 1840 lloc
218 1786 458 1840 redeunte
488 1786 575 1840 die
604 1784 746 1841 felici
776 1793 951 1840 morte
971 1786 1191 1855 quievit,
1747 1784 1914 1842 Sexta
1942 1783 2092 1840 venit
2119 1782 2330 1839 senium
2351 1797 2472 1853 qua:
2492 1782 2616 1837 vitae
2640 1780 2892 1835 terminat
2914 1792 3108 1834 aevum.

95 1874 235 1932 Dicta
259 1875 357 1932 'Dei
380 1875 613 1946 requies,
641 1874 782 1946 quod
806 1889 904 1931 nos
933 1882 1056 1946 post
1082 1875 1229 1932 mille
1250 1875 1483 1943 labores,
1677 1868 1728 1930 Β
2411 1870 2661 1944 Explicit.

95 2014 3300 2043 Μ

1491 2124 1892 2250 INCIPIT

385 2306 724 2461 una
765 2179 1962 2485 tumultuarium
2025 2309 2479 2466 LIBRUM.
2524 2291 2997 2468 GENESIS

117 2556 212 2616 EX
248 2554 464 2614 DICTIS
501 2552 925 2614 SANCTORUM
961 2552 1250 2614 PATRUM
1283 2507 1659 2616 AUGUSTINI
1687 2598 1702 2622 ,
1742 2558 2104 2623 GREGORII,
2148 2560 2563 2630 HIERONYMI,
2601 2562 2947 2629 AMBROSII,
2989 2562 3244 2620 IIILARII
3271 2604 3290 2630 ,
3327 2540 3330 2544 ’

1168 2651 1440 2719 lSIDORJ,
1481 2651 1809 2710 EUCHERII
1847 2653 1937 2710 ET
1977 2652 2236 2712 JUNlLIl.

152 2882 467 2953 Discipulus.
495 2881 677 2940 Primo
697 2881 959 2950 omnium,
998 2886 1298 2954 praeceptor
1325 2885 1419 2952 mi,
1449 2886 1649 2958 inquiri
1759 2901 1972 2958 quoque
1990 2886 2315 2956 linguarum,
2343 2893 2603 2959 gestaque
2624 2887 2868 2943 omnium
2902 2888 3336 2971 patriarcharum

82 2977 220 3033 mihi
245 2989 460 3031 necesse
477 2981 580 3042 est,
619 2974 740 3045 quis
767 2973 926 3044 hujus
961 2976 1104 3045 libri,
1136 2977 1229 3048 qui
1263 2976 1490 3035 Genesis
1516 2977 1658 3050 apud
1761 2993 1933 3050 usque
1961 2978 2031 3033 ad
2055 2977 2442 3049 ingressionem
2467 2977 2632 3034 Israel
2667 2979 2722 3033 in
2754 2977 3070 3051 Egyptum.

77 3085 180 3125 nos
201 3069 414 3134 dicitur,
443 3067 677 3137 scriptor
713 3069 996 3126 habeatur.
1648 3090 1653 3094 -
2415 3085 2669 3126 summus.

151 3158 424 3229 Magister.
449 3157 600 3213 Sicut
625 3173 657 3212 a
687 3157 977 3227 majoribus
1004 3161 1204 3217 nostris
1240 3160 1395 3217 nobis
1415 3160 1658 3216 insinua-
1833 3161 1902 3216 D.
1925 3160 2051 3217 Haec
2076 3159 2372 3231 Scriptura,
2399 3177 2518 3232 quae
2536 3162 2603 3217 de
2625 3161 2878 3232 prasenti
2900 3162 3096 3219 saeculo
3114 3163 3337 3235 loquens

84 3263 205 3309 tum
233 3261 393 3324 atque
422 3253 675 3308 traditum
714 3261 817 3319 est,
856 3252 1074 3324 Moysen
1116 3252 1275 3323 hujus
1313 3256 1491 3325 operis
1527 3255 1661 3312 scri-
1686 3263 1736 3329 ο
1764 3254 2048 3327 signiticet,
2072 3269 2229 3309 nosse
2249 3255 2425 3323 cupio.

80 3357 299 3419 ptorem
324 3345 490 3402 fuisse
515 3354 779 3412 asserunt,
802 3346 858 3402 id
882 3353 965 3402 est
988 3347 1225 3416 quinque
1261 3347 1523 3402 librorum
1549 3347 1660 3418 qui,
1838 3343 1915 3399 Μ.
1956 3345 2202 3413 Quinque
2228 3359 2241 3398 :
2272 3352 2363 3399 aut
2388 3345 2786 3414 generationem
2821 3344 2954 3414 ejus,
2986 3346 3339 3402 idestcrea-

72 3439 239 3508 juxta
279 3437 514 3503 Grtecos,
558 3437 943 3520 Pentateucum
988 3439 1352 3504 nominantur,
1385 3453 1508 3493 cum
1558 3455 1667 3495 non
1767 3437 1984 3501 tionem,
2014 3444 2107 3490 aut
2135 3435 2596 3506 gubernationem,
2644 3445 2736 3492 aut
2778 3438 3071 3493 accidentia
3107 3439 3338 3504 naturis,

74 3529 230 3582 dicat
259 3527 364 3582 hoc
389 3527 594 3593 titulus,
626 3527 720 3582 sed
743 3527 895 3596 quasi
917 3529 981 3583 de
1010 3526 1116 3582 alio
1142 3528 1257 3598 ipse
1284 3526 1452 3582 refert
1478 3546 1490 3582 :
1521 3527 1668 3582 Dixit
1767 3535 1861 3583 aut
1890 3527 2191 3583 evenientia
2217 3526 2598 3595 voluntatibus,
2626 3536 2718 3585 aut
2740 3530 3126 3600 subsequentcs
3154 3529 3342 3585 volun—

73 3619 347 3673 Dominus
369 3619 436 3672 ad
467 3617 704 3688 Moysen.
731 3616 894 3688 Cujus
927 3619 1231 3689 exemplum
1273 3620 1330 3674 in
1354 3619 1521 3687 {Novo
1567 3618 1670 3674 Te-
1768 3621 1897 3677 tatis
1930 3631 2175 3677 eventus.

69 3717 360 3766 stamento
397 3708 631 3764 Joannes
658 3724 886 3779 sequens
926 3711 1569 3790 apostolus,_ubicunque
1604 3711 1670 3766 de
1839 3716 1907 3770 D.
1934 3714 2138 3783 Quibus
2173 3715 2346 3772 modis
2371 3717 2770 3787 generationem
2817 3715 3000 3790 saeculi
3039 3715 3155 3772 haec
3196 3713 3343 3771 Scri-

69 3817 136 3856 se
177 3799 391 3868 aliquid
419 3799 621 3854 referre
646 3800 833 3865 voluit,
884 3817 1079 3856 nomen
1112 3785 1270 3857 suum
1315 3803 1553 3858 studiose
1597 3801 1670 3857 si-
1767 3814 1927 3878 ptura
1952 3806 2218 3876 signavit?

62 3888 200 3951 luit,
234 3888 432 3943 aiendo
464 3906 476 3941 :
507 3887 792 3944 Conversus
821 3888 1008 3945 Petrus
1031 3891 1156 3947 vidit
1180 3891 1329 3946 illum
1356 3893 1669 3964 discipulum
1841 3896 1918 3950 ΙΙ.
1960 3896 2154 3952 Tribus
2183 3914 2195 3950 :
2230 3903 2322 3952 aut
2358 3896 2503 3952 enim
2551 3897 2664 3954 sola
2707 3897 2803 3954 Dei
2838 3895 3113 3952 voluntate
3142 3897 3343 3953 factum

59 3997 240 4052 quem
280 3979 526 4051 diligebat
547 3979 702 4035 Jesus
728 3989 1040 4052 sequentem,
1070 3989 1176 4037 etc.
1209 3983 1388 4054 (Joan.
1413 3999 1526 4052 xxI,
1554 3982 1669 4052 20.)
1770 3983 1970 4054 aliquid
1997 3985 2274 4052 scribitur,
2319 3993 2378 4040 ut
2417 3993 2497 4042 est
2539 4003 2553 4040 :
2601 3985 2668 4040 In
2704 3986 2959 4057 principio
2985 3987 3172 4040 creavit
3204 3985 3346 4041 Deus

143 4093 228 4147 ι),
273 4091 502 4146 Genesis
539 4092 678 4147 unde
699 4094 802 4148 hoc
837 4102 1036 4149 nomen
1066 4095 1309 4164 accepit?
1771 4073 1954 4130 cazlum
1983 4085 2028 4130 et
2058 4085 2251 4130 terram
2279 4075 2431 4147 (Gen.
2468 4076 2620 4147 1,1);
2659 4085 2751 4131 aut
2796 4076 3071 4130 voluntate
3097 4075 3257 4129 simul
3292 4086 3350 4130 et

152 4185 250 4238 Μ,
285 4183 432 4238 LXX
453 4185 642 4240 etenim
664 4185 1009 4257 Imm-praes,
1037 4187 1392 4259 Symmachus
1417 4195 1471 4242 οι
1497 4188 1674 4244 Theo-
1770 4180 1903 4222 voce
1927 4168 2040 4223 sive
2061 4169 2405 4237 pratceptiva,
2430 4177 2490 4222 ut
2512 4177 2594 4224 est
2619 4169 2712 4238 fiat
2740 4168 2833 4222 lux
2857 4175 2910 4224 et
2931 4167 3025 4236 ﬁat
3044 4167 3347 4235 ﬁrmamen-

54 4280 281 4336 dotion
312 4277 370 4330 in
394 4277 644 4348 principio
674 4279 1077 4343 transtulerunt,
1113 4287 1169 4334 et
1208 4279 1263 4334 in
1288 4279 1512 4334 Hebraeo
1543 4278 1677 4333 scri-
1773 4268 1919 4324 mm;
1964 4260 2077 4314 είνθ
2111 4261 2458 4316 deliberativa
2485 4302 2499 4324 ν
2531 4271 2590 4316 ιιι
2618 4270 2701 4317 εει
2728 4279 2741 4315 ε
2774 4260 3060 4316 Fadum!“
3090 4261 3350 4315 hominem

54 4381 242 4442 ptum
267 4377 358 4424 est
391 4367 616 4435 Bresith,
647 4371 788 4440 quod
818 4370 1012 4440 Aquila
1042 4371 1424 4441 interpretatur
1451 4372 1505 4424 in
1535 4388 1614 4440 ca;

1787 4349 1844 4401 ad
1861 4350 2138 4419 imaginem
2163 4360 2208 4404 et
2227 4351 2616 4406 similitudinem
2643 4361 2890 4407 nostram.
2921 4352 3027 4406 Aut
3054 4351 3347 4414 voluntate,

53 4441 219 4519 ξηιο,
255 4462 331 4516 Et
375 4460 496 4515 ideo
531 4463 822 4517 secundum
861 4477 1077 4517 sensum
1105 4463 1276 4533 magis
1299 4479 1462 4532 quam
1488 4476 1678 4516 seum.
1777 4457 1909 4498 voce
1933 4457 1996 4496 ac
2019 4441 2352 4509 dillinitione,
2382 4451 2441 4498 ut
2461 4452 2543 4499 est
2572 4462 2585 4498 :
2615 4444 2839 4500 Crescite
2863 4453 2910 4498 et
2933 4442 3350 4513 multiplicamini

53 4561 215 4614 dum
259 4554 418 4609 verbi
454 4552 876 4618 translationem,
921 4552 987 4607 de
1021 4553 1238 4608 Christo
1280 4552 1448 4621 accipi
1480 4559 1673 4621 potest,
1779 4543 1826 4588 et
1852 4534 2038 4605 replete
2063 4546 2275 4590 terram.
2320 4536 2386 4592 Et
2414 4537 2607 4592 iterum
2638 4556 2651 4592 :
2684 4537 2946 4592 Germinet
2973 4545 3112 4590 terra
3138 4535 3351 4588 herbam

53 4649 165 4718 qui
211 4655 336 4700 tam
365 4646 423 4699 in
453 4645 570 4714 ipso
593 4643 768 4698 fronte
809 4642 1099 4707 Geneseos,
1131 4645 1220 4713 qui
1254 4651 1412 4713 caput
1439 4643 1613 4698 omniu

1795 4626 2021 4680 virentem
2048 4638 2095 4681 et
2122 4629 2366 4698 ferentem
2402 4647 2576 4686 semen
2611 4630 2770 4699 juxta
2806 4645 2964 4699 genus
3009 4644 3182 4692 suum,
3211 4636 3256 4681 et
3289 4626 3355 4678 li-

53 4716 364 4793 librorum
389 4744 493 4802 est,
525 4751 686 4806 quam
709 4735 763 4789 in
783 4734 1046 4806 principio
1071 4734 1291 4790 Joannis
1318 4735 1612 4807 evangelist

1791 4732 1937 4786 gnum
1967 4716 2294 4788 fructiferum
2325 4719 2523 4789 faciens
2549 4722 2749 4791 fructus
2778 4720 2927 4790 cujus
2953 4735 3125 4773 semen
3147 4718 3213 4790 .in
3243 4716 3351 4786 ipso

53 4831 209 4887 caeli
245 4838 310 4883 et
339 4836 501 4884 terra:
524 4826 768 4883 conditor
799 4827 1142 4897 approbatur.
1179 4825 1329 4882 Unde
1354 4834 1409 4880 et
1454 4826 1510 4880 in
1534 4824 1613 4881 Ps:

1793 4808 1866 4861 Iit.
1910 4808 1978 4862 Et
2018 4817 2212 4864 caetera
2256 4826 2375 4880 qua:
2412 4821 2531 4882 post
2574 4811 2861 4881 septimum
2905 4811 3046 4866 diem
3087 4823 3257 4878 usque
3299 4807 3353 4862 in

53 4921 230 4976 ,ρι’ἰο
257 4919 335 4973 de
362 4919 539 4987 seipse
580 4917 656 4971 ait
699 4931 715 4969 :
763 4916 830 4970 In
876 4917 1040 4986 capite
1087 4915 1205 4969 libri
1243 4917 1490 4986 scriptum
1519 4926 1591 4971 est
1620 4915 1684 4970 de
1782 4898 1942 4954 ﬁnem
1979 4901 2159 4956 5330"“
2193 4918 2288 4972 Per
2317 4913 2498 4974 Panes
2521 4909 2878 4973 operatur,“
2919 4902 3009 4958 illa
3049 4901 3194 4956 enim
3219 4901 3352 4958 deli”

54 5029 146 5066 ne
189 5007 391 5080 (Psal.
417 5024 604 5073 χχχιχ,
633 5006 710 5078 8).
738 5007 794 5062 ld
820 5013 902 5062 est
927 5008 980 5061 in
1007 5007 1272 5077 principio
1293 5006 1581 5061 Geneseos.

785 5008 794 5060 l
820 5013 902 5062 est
927 5008 980 5061 in
1007 5007 1272 5077 principio
1293 5006 1581 5061 Geneseos.
1617 5006 1686 5061 Et
1783 4991 1985 5047 υίῑίοηθ
2008 4993 2345 5062 Ρτονθῐιίιιῐιῐ·

55 5121 104 5157 ιι
167 5099 518 5169 Evangelio,
555 5097 746 5153 Omnia
786 5114 876 5168 per
909 5098 1077 5168 ipsum
1129 5098 1271 5166 facta
1305 5100 1444 5163 sunt,
1488 5108 1535 5151 et
1575 5096 1686 5150 sine
1853 5082 1923 5136 λλ
1950 5083 2046 5138 ES‘
2073 5084 2127 5139 in
2157 5085 2241 5140 his
2265 5088 2437 5142 "ibus
2463 5087 2641 5158 aliqua
2670 5087 3003 5143 ἀίπθΐεηῖίθῗ

54 5209 185 5261 pso
227 5190 449 5257 factum
499 5197 573 5240 est
614 5186 742 5240 nihil
788 5186 966 5256 (Joan.
1020 5202 1059 5251 I,
1105 5181 1191 5256 3).
1242 5185 1365 5240 Ideo
1409 5184 1686 5240 sciendum
1859 5174 1937 5230 Μ.
1979 5177 2091 5243 Est,
2117 5179 2239 5247 quia
2260 5195 2322 5233 ea
2351 5195 2472 5249 quae
2495 5180 2607 5235 sola
2633 5180 2908 5235 voluntate
2935 5179 3019 5233 vel
3044 5177 3207 5232 etiam
3228 5191 3359 5232 voce

53 5279 237 5351 [trod
280 5279 429 5332 liber
464 5277 553 5331 hic
578 5277 719 5347 apud
757 5275 1010 5330 Hebraeos
1046 5274 1250 5328 Bresith
1274 5281 1512 5337 vocetur,
1548 5273 1688 5329 hanc
1787 5274 1911 5323 sunt
1939 5265 2099 5333 facta,
2127 5269 2335 5324 noviter
2366 5269 2508 5324 facta
2548 5280 2695 5336 sunt,
2722 5285 2840 5339 qua:
2865 5284 2993 5325 vero
3019 5267 3355 5339 dillinitione,

53 5371 376 5427 tabentes
401 5366 839 5435 consuetudinem
862 5373 922 5420 ut
958 5364 1318 5420 voluminibus
1342 5377 1409 5419 cx
1432 5362 1690 5435 principi-
1789 5355 1894 5411 illis
1916 5357 2109 5411 similia
2131 5355 2242 5425 jam
2263 5374 2381 5426 quae
2403 5359 2545 5414 facta
2564 5361 2773 5416 noviter
2793 5360 3044 5416 diximus.
3077 5359 3145 5414 Et
3172 5373 3361 5420 rursus

54 5479 164 5519 .us
208 5475 432 5516 eorum
459 5458 677 5514 nomina
704 5457 1003 5527 imponant.
1789 5447 1880 5502 illa
1911 5447 2122 5518 quidem
2155 5449 2208 5504 in
2254 5465 2346 5504 sex
2386 5451 2575 5522 primis
2614 5452 2832 5518 diebus;
2875 5453 2990 5508 haec
3027 5465 3156 5506 vero
3192 5450 3358 5504 donec

1791 5540 2047 5596 saeculum
2068 5539 2248 5595 stabit.

1860 5631 1928 5685 Ι).
1960 5631 2035 5684 Da
2064 5633 2307 5687 ordinem
2338 5649 2434 5703 per
2461 5651 2555 5691 sex
2583 5639 2698 5693 dies
2719 5640 2981 5696 factarum
3007 5642 3224 5697 rerum?

111 5737 230 5792 ι)-
280 5731 520 5787 Genesis
537 5731 688 5800 juxta
719 5732 878 5787 ﬁdem
905 5731 1144 5787 historiae
1172 5746 1288 5800 quae
1317 5730 1602 5786 describit?

1863 5720 1940 5775 Μ.
1979 5721 2036 5776 lu
2081 5722 2196 5792 ipso
2249 5725 2465 5793 quidem
2525 5729 2788 5800 principio
2848 5734 3166 5790 conditionis
3220 5730 3362 5790 facta

107 5823 214 5885 Η
228 5863 254 5877 -
290 5822 584 5879 Fabricam
612 5823 865 5879 describit
894 5823 1075 5877 mundi
1104 5831 1157 5876 et
1179 5822 1410 5877 hominis
1435 5821 1696 5878 conditio-
1796 5822 1920 5869 sunt
1947 5813 2161 5880 coelum,
2189 5823 2355 5884 terra,
2384 5822 2577 5891 angeli,
2609 5838 2718 5888 aer,
2749 5839 2904 5894 aqua.

53 5915 680 6004 gmLcataclysmum
707 5923 760 5972 et
789 5913 1104 5971 divisionem
1125 5922 1300 5984 terrae,
1327 5911 1694 5972 confusionem
1865 5909 1932 5966 1).
1961 5909 2132 5969 Proba
2159 5914 2373 5986 angelos
2397 5926 2449 5975 ct
2477 5933 2639 5989 aquas
2674 5926 2727 5976 et
2759 5933 2938 5976 aerem
2963 5917 3183 5974 factum.

3352 5960 3381 5977 .J

3354 5995 3431 6063 χ

579 5595 646 5649 1η
669 5595 799 5650 libro
827 5594 1233 5666 prohemiorum.
