3950 6312
594 539 732 600 1107

663 656 743 712 Η.
767 655 932 715 Facta
953 657 1167 731 quidem
1189 673 1256 713 ex
1278 657 1398 714 aliis
1419 657 1712 729 Scriptura:
1726 655 1860 712 locis
1878 652 2165 710 ostendun-
2189 651 2243 711 Α

590 757 702 818 tur,
745 756 808 804 ut
836 757 964 805 est:
1009 749 1112 816 Qui
1156 749 1283 820 facit
1317 747 1524 822 angelos
1567 765 1688 803 suos
1736 747 1947 817 spiritus
1990 742 2162 816 (Psal.

591 855 713 907 cm,
745 839 834 912 4);
864 847 956 896 et:
989 840 1229 896 Laudate
1259 857 1398 908 eum,
1426 857 1600 896 omnes
1635 838 1804 910 angeli
1847 837 1961 908 ejus
1990 834 2162 907 (Psal.

591 930 848 1003 CXLVIII);
876 937 929 986 et
955 949 967 985 :
999 931 1162 1003 Aqua!
1189 949 1305 1004 qua:
1326 949 1479 1004 super
1504 931 1654 987 caelos
1682 940 1803 986 sunt
1835 929 2048 984 laudent
2074 946 2167 983 no-

592 1039 712 1076 men
739 1023 964 1088 Domini,
997 1023 1242 1095 quoniam
1273 1027 1381 1096 ipse
1408 1025 1538 1078 dixit
1567 1032 1614 1078 et
1643 1023 1784 1092 facta
1829 1030 1946 1075 sunt
1976 1021 2162 1093 (Ibid.,

593 1127 726 1166 vers.
761 1111 847 1184 v);
889 1120 942 1166 et
976 1131 988 1166 :
1028 1113 1289 1179 Quoniam
1320 1116 1485 1185 ipsius
1522 1124 1596 1167 est
1640 1131 1784 1167 mare
1822 1121 1869 1166 et
1904 1111 2011 1182 ipse
2045 1111 2166 1181 fecit

593 1201 726 1256 illud
751 1201 923 1275 (Psal.
951 1216 1095 1269 χειν,
1119 1201 1196 1274 5).
1216 1203 1283 1257 Et
1304 1218 1397 1258 aer
1420 1204 1473 1257 in
1504 1203 1795 1273 Scripturis
1818 1203 2018 1257 sanctis
2043 1202 2166 1258 coeli

595 1297 814 1352 nomine
834 1295 971 1352 solet
989 1295 1218 1363 ostendi,
1249 1304 1308 1353 ut
1335 1302 1454 1352 est:
1486 1295 1716 1352 volucres
1738 1295 1867 1357 caeli,
1898 1311 2020 1350 cum
2051 1297 2168 1351 cer;

595 1395 710 1442 tum
751 1390 822 1444 sit
845 1403 970 1445 aves
994 1388 1051 1444 in
1079 1403 1206 1443 aere
1244 1387 1510 1444 devolare.
1543 1386 1750 1443 Caelum
1787 1394 1966 1441 autem
1992 1395 2168 1441 osten-

597 1482 772 1537 dimus
804 1479 1028 1538 factum.
1059 1479 1213 1548 Quod
1235 1495 1364 1536 vero
1399 1486 1787 1550 praecesserunt
1811 1479 1914 1533 ista
1944 1484 2169 1533 caeteras

597 1581 895 1642 creaturas,
925 1575 979 1629 in
1013 1573 1237 1646 angelis,
1267 1581 1327 1629 ut
1359 1573 1634 1642 Scriptura
1661 1575 2016 1638 demonstrat,
2043 1573 2168 1627 dum

599 1665 653 1718 in
688 1665 932 1722 laudibus
955 1673 1011 1722 et
1035 1665 1494 1722 benedictionibus
1517 1665 1778 1720 creaturis
1803 1664 2012 1719 caeteris
2033 1679 2170 1735 prae-

600 1766 890 1828 ponuntur,
924 1768 1006 1814 est
1036 1758 1172 1814 ratio
1198 1757 1469 1829 ;0portuit
1492 1758 1634 1812 enim
1661 1765 1720 1811 ut
1748 1765 1990 1812 terrenas
2010 1755 2171 1811 coele-

601 1849 700 1902 stis
737 1857 982 1903 creatura
1026 1848 1378 1918 praecesserit.
1412 1849 1486 1902 De
1516 1848 1670 1918 aquis
1702 1862 1828 1901 vero
1871 1847 1985 1916 ipsa
2026 1846 2172 1901 Scri-

600 1945 758 2010 ptura
795 1939 942 2004 dicit,
969 1940 1112 2008 quod
1138 1939 1366 2010 Spiritus
1397 1938 1493 1992 Dei
1523 1939 1785 2008 ferebatur
1804 1954 1958 2006 super
1983 1955 2168 2008 aquas.

671 2031 739 2086 D.
777 2029 1015 2101 Sequere
1037 2032 1278 2086 ordinem
1304 2030 1682 2099 generationis.

671 2120 750 2175 Μ.
777 2121 832 2176 ln
853 2122 1116 2193 principio
1151 2123 1255 2179 diei
1282 2123 1468 2192 prima:
1508 2121 1602 2176 lux
1626 2121 1768 2176 facta
1800 2129 1905 2185 est,
1938 2121 2172 2177 secunda

599 2226 729 2268 vero
760 2213 962 2269 factum
999 2213 1417 2280 ﬁrmamentum,
1448 2213 1608 2268 tertia
1642 2227 1790 2268 mare
1813 2219 1868 2268 et
1891 2221 2051 2268 terrae
2076 2229 2172 2270 na-

601 2306 826 2371 scentia,
863 2315 1057 2376 quarta
1103 2307 1386 2362 luminaria
1423 2306 1568 2372 caeli,
1623 2306 1810 2376 quinta
1853 2307 2092 2361 natantia
2116 2314 2173 2363 et

599 2389 857 2464 velatilia,
885 2407 1038 2454 sexta
1066 2397 1273 2470 reliqua
1297 2397 1548 2454 animalia
1582 2405 1636 2454 et
1661 2397 1844 2456 homo.
1941 2441 1961 2462 Α.

668 2491 736 2546 D.
779 2492 910 2560 Quae.
946 2500 1030 2549 est
1071 2493 1126 2548 in
1167 2492 1404 2563 ipsarum
1449 2499 1817 2548 creaturarum
1861 2491 2172 2561 operatione

599 2583 854 2640 distantia
865 2585 890 2639 ἳ

670 2673 749 2728 Μ.
775 2674 928 2742 Quod
960 2675 1203 2744 quaedam
1225 2690 1291 2730 ex
1319 2675 1488 2730 nihilo
1517 2676 1658 2731 facta
1691 2683 1834 2742 sunt,
1865 2685 1926 2732 ut
1951 2677 2170 2745 oculum,

600 2772 768 2830 terra,
796 2771 926 2827 etc.,
959 2780 1078 2833 quae
1113 2779 1283 2833 usque
1314 2766 1382 2819 ad
1409 2765 1730 2835 completum
1771 2769 2002 2837 primum
2028 2770 2173 2825 diem

598 2853 832 2910 diximus
855 2852 1015 2918 facta,
1042 2855 1285 2925 quaedam
1311 2869 1439 2911 vero
1462 2872 1524 2914 ex
1544 2855 1658 2926 jam
1682 2855 1840 2913 factis
1863 2860 2037 2929 primo
2063 2847 2173 2917 die;

666 2943 736 3000 D.
769 2943 847 3000 Da
867 2945 1060 3000 horum
1088 2946 1454 3016 probationes.

668 3036 748 3092 Μ.
793 3035 1012 3105 Quoties
1056 3036 1334 3107 Scriptura
1383 3054 1448 3094 ex
1489 3037 1667 3108 aliquo
1694 3037 1865 3095 factas
1892 3055 1981 3095 res
2025 3041 2173 3110 cupit

598 3126 900 3196 ostendere,
930 3137 1024 3186 aut
1050 3129 1227 3202 palam
1249 3129 1532 3200 signiﬁcat,
1560 3137 1620 3187 ut
1647 3137 1730 3186 est
1753 3131 2004 3202 producat
2031 3143 2172 3187 terra

597 3227 653 3276 et
694 3221 985 3292 producant
1025 3239 1174 3294 aqua:
1203 3230 1258 3278 et
1303 3221 1498 3277 similia
1529 3239 1542 3275 :
1577 3230 1668 3277 aut
1706 3228 1852 3278 certe
1892 3236 1955 3276 ex
1986 3223 2171 3279 subtili

596 3309 986 3381 signiﬁcatione
1010 3311 1317 3378 verborum,
1345 3319 1406 3367 ut
1425 3327 1547 3366 cum
1569 3311 1716 3378 dicit,
1741 3311 1834 3380 ﬁat
1867 3312 2171 3382 firmamen-

596 3411 726 3470 tum,
751 3403 937 3474 utique
961 3403 1230 3474 signiﬁcat
1249 3394 1414 3459 fuisse
1441 3403 1638 3474 aliquid
1669 3403 1889 3461 ﬂuidum
1924 3422 1986 3462 ac
2011 3405 2170 3477 liqui-

596 3491 747 3560 dum,
776 3491 832 3548 id
858 3499 943 3549 est
976 3508 1165 3564 aquas,
1211 3509 1330 3564 quae
1372 3502 1431 3549 ut
1455 3494 1696 3550 solidatae
1734 3495 2170 3564 ostenderentur,

596 3582 994 3640 ﬁrmamentum
1029 3594 1279 3642 vocatum
1323 3594 1424 3653 est,
1467 3588 1610 3657 quod
1643 3586 1824 3644 ﬁebat.
1872 3590 1938 3644 Et
1985 3607 2172 3648 rursus

596 3674 881 3730 luminaria
901 3677 1194 3733 derivative
1219 3678 1526 3748 appellavit,
1554 3694 1674 3748 qua:
1699 3691 1894 3750 quarta
1923 3682 2010 3738 die
2029 3666 2174 3738 facta

595 3765 833 3831 fuerunt,
855 3774 914 3820 ut
941 3781 1007 3821 ex
1039 3767 1238 3823 lumine
1255 3770 1438 3840 primo
1461 3771 1546 3826 die
1573 3779 1816 3842 operate,
1848 3770 1990 3827 facta
2017 3788 2172 3828 mon-

598 3861 814 3909 straret.
835 3854 894 3909 In
914 3856 998 3911 his
1022 3865 1204 3912 autem
1228 3875 1347 3928 qua:
1364 3860 1538 3929 primo
1564 3862 1649 3917 die
1671 3860 1814 3916 facta
1836 3869 1981 3927 sunt,
1999 3875 2175 3932 neque

598 3954 784 4018 aperte
808 3963 980 4019 neque
1009 3951 1192 4006 subtili
1227 3952 1390 4008 verbo
1419 3953 1620 4009 factum
1646 3955 1847 4024 aliquid
1869 3955 2174 4011 declaratur

597 4052 664 4093 ex
689 4036 878 4095 altero.
916 4038 1060 4094 Nihil
1097 4041 1239 4096 enim
1273 4049 1395 4110 post
1425 4043 1659 4114 primum
1703 4044 1846 4098 diem
1873 4045 2173 4102 ostenditur

595 4145 664 4184 ex
688 4146 796 4186 non
819 4132 1155 4188 exstantibus
1197 4133 1418 4200 factum,
1465 4133 1579 4190 sola
1624 4135 1857 4192 hominis
1887 4137 2086 4203 anima;
2115 4137 2173 4192 in

595 4237 702 4292 quo
721 4229 778 4278 et
797 4223 898 4279 hoc
925 4224 1327 4292 attendendum,
1353 4226 1478 4296 quia
1496 4241 1620 4282 cum
1640 4226 1744 4282 alia
1770 4235 1863 4283 aut
1888 4242 1954 4282 ex
1979 4227 2171 4295 nihilo,

601 4318 693 4366 aut
720 4327 788 4368 ex
809 4310 923 4382 jam
948 4311 1106 4370 factis
1137 4312 1277 4369 facta
1305 4323 1453 4383 sunt,
1493 4315 1638 4373 solus
1663 4317 1822 4374 homo
1845 4333 1910 4374 ex
1942 4325 2172 4388 utroque

593 4401 955 4472 componitur.

669 4493 739 4548 D.
769 4493 914 4562 Quas
947 4493 1081 4552 alias
1105 4497 1370 4554 creaturis
1393 4498 1712 4557 ascribimus
1739 4499 2101 4560 differentias?

669 4580 748 4637 Μ.
777 4582 930 4651 Quod
952 4599 1016 4641 ea
1037 4599 1157 4656 quae
1178 4585 1368 4656 primis
1389 4602 1482 4643 sex
1501 4589 1688 4645 diebus
1709 4588 1850 4645 facta
1882 4599 2028 4658 sunt,
2062 4609 2170 4650 non

592 4673 936 4740 naturaliter,
964 4689 1062 4730 nec
1083 4690 1150 4732 ex
1170 4675 1518 4731 similitudine
1536 4687 1915 4747 provenerunt.
1942 4681 2166 4753 Reliqua

590 4777 719 4820 vero
765 4779 885 4836 qua:
925 4763 1083 4831 ﬁunt,
1149 4766 1466 4823 naturaliter
1513 4783 1581 4823 ex
1632 4768 1810 4824 divina
1849 4769 2167 4832 diﬂinitione

590 4864 908 4923 nascuntur,
936 4858 1176 4929 exceptis
1195 4858 1400 4914 scilicet
1420 4859 1715 4916 miraculis.

660 4944 730 4999 Ι).
756 4945 832 5000 Da
857 4944 1075 5002 tertiam
1103 4945 1483 5005 differentiam.

663 5032 740 5088 Μ.
782 5034 935 5103 Quod
971 5047 1342 5094 creaturarum
1391 5041 1606 5112 aliquae,
1651 5041 1705 5096 id
1750 5051 1835 5099 est
1875 5044 2167 5104 rationales

591 5133 810 5193 propter
823 5129 1027 5198 seipsas
1050 5129 1205 5187 facta:
1229 5140 1375 5199 sunt,
1401 5142 1462 5188 nt
1497 5135 1739 5207 angeliet
1759 5137 2007 5196 homines
2031 5159 2045 5196 :
2080 5158 2168 5198 re-

590 5212 737 5283 liqua
763 5229 892 5272 vero
914 5234 1020 5275 non
1042 5229 1262 5291 propter
1286 5237 1364 5290 se,
1399 5225 1493 5279 sed
1519 5233 1735 5296 prepter
1762 5229 2049 5298 praedictos
2070 5247 2167 5286 an-

591 5303 738 5377 gelos
760 5313 854 5361 aut
890 5308 1134 5367 homines
1169 5311 1310 5368 facta
1344 5328 1464 5371 esse
1491 5325 1817 5373 noscuntur:
1851 5318 2014 5376 homo
2037 5337 2167 5378 vero

589 5395 953 5467 principaliter
983 5403 1273 5459 secundum
1317 5406 1552 5462 animam
1599 5418 1819 5481 propter
1871 5427 1930 5468 se
1967 5412 2167 5469 intelli-

590 5488 794 5559 gendus
819 5496 900 5545 est
925 5488 1120 5559 factus,
1139 5509 1264 5549 nam
1295 5500 1587 5554 secundum
1613 5515 1808 5571 corpus
1827 5518 2166 5576 consequen-

593 5585 697 5636 ter.

516 5725 518 5746 ί
661 5671 730 5727 D.
763 5670 904 5741 Quid
943 5674 1108 5741 enim,
1152 5686 1348 5746 praeter
1395 5683 1612 5752 angelos
1659 5690 1712 5739 et
1756 5684 2000 5744 homines
2044 5690 2162 5746 aliae

592 5772 854 5821 creatum
874 5767 1065 5839 seipsis
1094 5767 1324 5824 invicem
1343 5788 1449 5827 non
1480 5777 1744 5845 egebant?

664 5859 742 5915 M.
783 5861 1028 5933 Egebant
1069 5863 1306 5934 quidem,
1354 5882 1458 5921 non
1499 5869 1564 5922 ad
1593 5871 1913 5950 .utilitatem,
1959 5876 2049 5930 sed
2097 5877 2162 5931 ad

595 5957 858 6019 ornatum,
893 5953 1046 6011 utilia
1091 5956 1237 6013 enim
1285 5971 1394 6013 non
1430 5959 1554 6024 sibi,
1591 5961 1685 6015 scd
1730 5963 1935 6032 angelis
1981 5976 2031 6019 et
2066 5969 2159 6024 ho-

2068 538 2357 594 WICBODI

3712 548 3825 610 HW

2268 648 2500 704 minibus
2546 657 2712 717 sunt,
2760 666 2856 721 pro
2912 652 3106 723 quibus
3156 653 3318 708 etiam
3369 651 3526 707 facta
3584 668 3704 712 esse
3746 674 3824 715 no-

2269 751 2510 797 scuntur.
2563 741 2822 797 Ornatum
2884 759 3014 800 vero
3058 744 3223 800 etiam
3269 744 3510 800 invicem
3580 758 3821 817 praxim,

2267 836 2464 905 quippe
2503 843 2558 890 et
2605 835 2801 890 coelum
2861 836 3169 890 inornatum
3233 836 3350 890 sine
3388 836 3716 895 celestihus
3760 841 3820 896 lu-

2268 927 2564 992 minaribus
2619 925 2738 994 fuit,
2772 935 2826 982 et
2869 927 3156 982 luminaria
3208 925 3324 998 ipsa
3353 943 3422 983 ne
3464 929 3736 999 superﬂue
3758 931 3818 986 ls-

2268 1027 2354 1072 cta
2397 1028 2596 1083 essent,
2648 1017 2944 1072 videntium
2993 1018 3164 1074 oculis
3212 1018 3560 1089 indigebant.
3613 1021 3678 1075 Et
3708 1037 3819 1077 mre

2268 1111 2596 1178 inornatum,
2646 1113 2814 1167 donec
2856 1120 2949 1167 aut
2996 1112 3174 1168 locum
3225 1129 3382 1168 suum
3430 1116 3724 1183 receperit,
3753 1125 3816 1170 aut

2268 1203 2589 1260 animalibus
2617 1203 2952 1274 impleretur.
2987 1205 3057 1259 Et
3097 1215 3242 1260 terra
3269 1205 3644 1276 incomposita
3667 1216 3814 1276 prater

2270 1293 2627 1348 habitantium
2673 1295 2759 1349 vel
2805 1295 3143 1351 nascentium
3184 1310 3364 1363 usum,
3404 1305 3462 1352 et

2270 1385 2518 1440 animalia
2539 1386 2654 1442 sine
2670 1386 2904 1443 hominis
2925 1389 3184 1457 regimine
3201 1389 3404 1459 inepta,
3427 1389 3624 1446 herba:
3641 1392 3814 1446 abscide

2271 1476 2581 1530 animalium
2606 1493 2708 1532 usu
2741 1476 3041 1548 superﬂuae.
3084 1479 3160 1536 lta
3203 1479 3388 1534 omnia
3409 1489 3681 1551 eguerunt
3713 1482 3815 1536 inri-

2271 1581 2412 1634 cem,
2435 1568 2518 1622 vel
2540 1569 2624 1623 bis
2658 1585 2777 1638 quae
2798 1571 3034 1640 quotidie
3053 1569 3207 1625 ﬁunt.
3237 1569 3347 1626 Sed
3376 1581 3438 1626 ut
3456 1570 3582 1640 iam
3605 1573 3814 1637 diximus,

2272 1659 2414 1714 aliud
2439 1670 2664 1716 estesse
2697 1659 3131 1732 incompositum,
3167 1662 3313 1719 aliud
3336 1664 3512 1728 utile;
3539 1665 3813 1738 inculpati-

2274 1762 2387 1808 tum
2415 1755 2561 1808 enim
2594 1754 2792 1823 aliquid
2817 1768 2914 1824 per
2939 1769 2997 1809 se
3023 1754 3152 1810 utile
3177 1755 3336 1810 alteri
3370 1756 3688 1812 declaratur.

2343 1846 2411 1900 D.
2441 1847 2500 1902 In
2533 1855 2849 1901 ornamento
2879 1846 2994 1916 ipso
3023 1847 3200 1916 aliqua
3221 1856 3308 1902 est
3332 1847 3663 1904 differentia!

2344 1937 2422 1990 Μ.
2448 1937 2579 1992 Est:
2609 1952 2731 1992 nam
2754 1938 2932 2008 aliqua
2966 1938 3021 1992 in
3049 1953 3143 1993 sex
3172 1939 3363 1994 diebus
3400 1949 3589 1994 ornata
3610 1948 3742 2004 sunt,
3768 1949 3813 1995 ut

2272 2027 2467 2084 coelum
2487 2027 2857 2092 luminaribus,
2875 2034 2929 2081 et
2950 2014 3093 2082 terra
3115 2029 3318 2095 herbis,
3333 2037 3391 2083 et
3413 2031 3649 2100 piscibus
3663 2048 3807 2087 mare:

2271 2119 2515 2192 quaedam
2535 2135 2664 2174 vero
2689 2119 2857 2174 donec
2881 2119 3111 2174 mundus
3142 2121 3277 2174 vivit
3297 2130 3588 2186 ornantur,
3611 2130 3664 2176 ut
3691 2137 3808 2177 mare

2270 2211 2521 2283 navigiis,
2564 2220 2619 2267 et
2654 2218 2796 2266 terra
2835 2209 3074 2265 aediﬁciis
3116 2218 3172 2264 et
3212 2211 3436 2264 caeteris
3467 2227 3586 2281 qua:
3619 2214 3806 2268 humane

2270 2309 2657 2361 construuntur
2676 2301 2913 2373 ingenio,
2935 2308 2990 2357 et
3007 2299 3167 2356 homo
3188 2301 3302 2372 ipse
3323 2299 3578 2358 scientia.
3599 2303 3805 2371 Quaedam

2270 2412 2400 2454 vero
2435 2395 2681 2453 decorem
2724 2409 2883 2451 suum
2925 2395 2980 2451 in
3023 2389 3205 2449 futuro
3233 2395 3526 2465 recipient,
3559 2406 3614 2451 ut
3655 2412 3806 2466 corpus

2270 2488 2743 2559 incorruptionem,
2788 2495 2843 2543 et
2869 2487 3118 2542 mortalia
3144 2487 3634 2555 immortalitatem,
3656 2498 3704 2543 et
3725 2504 3809 2544 cie-

2268 2582 2403 2637 leste
2449 2597 2673 2652 regnum
2716 2580 3103 2636 habitationem
3155 2589 3497 2634 sanctorum.
3552 2579 3809 2634 Notandum

2270 2681 2450 2727 autem
2476 2673 2530 2726 in
2553 2672 2906 2737 ornamentis,
2943 2671 3085 2741 quod
3129 2685 3320 2725 eorum
3359 2686 3484 2740 qua:
3527 2672 3607 2727 vel
3636 2671 3812 2742 ingenio

2270 2763 2353 2817 vel
2375 2763 2581 2817 artibus
2607 2761 2761 2826 ﬁunt,
2789 2761 2844 2815 in
2871 2760 3177 2816 hominibus
3199 2774 3362 2815 causa
3394 2769 3497 2826 est,
3527 2761 3814 2830 reliquorum

2273 2862 2452 2910 autem
2490 2854 2545 2907 in
2586 2851 2832 2907 Domino.

2341 2939 2410 2994 Β.
2453 2940 2530 2994 Da
2552 2947 2802 3009 quartam
2833 2934 3215 2994 diﬁ‘erentiam.

2342 3033 2420 3087 M.
2461 3031 2616 3099 Quod
2662 3032 2906 3102 quaedam
2945 3030 3104 3087 simul
3147 3040 3203 3087 et
3249 3029 3383 3086 velut
3427 3030 3600 3085 subito
3647 3037 3823 3084 creata

2272 3133 2628 3190 emerserunt,
2659 3134 2719 3180 ut
2741 3125 2941 3191 herbae,
2988 3124 3304 3189 luminaria,
3345 3123 3573 3178 natantia
3600 3131 3657 3178 et
3679 3123 3825 3178 vola-

2275 3218 2387 3274 tilia
2405 3259 2418 3283 ,
2455 3233 2665 3274 necnon
2686 3225 2900 3273 terrena
2928 3217 3182 3272 animalia
3202 3224 3256 3272 et
3285 3215 3652 3287 quadrupedia.
3680 3214 3824 3281 Qua:-

2275 3311 2396 3366 dam
2417 3325 2547 3366 vero
2572 3324 2680 3365 non
2694 3309 2872 3376 simul,
2903 3309 2998 3365 sed
3021 3309 3168 3364 velut
3185 3325 3310 3365 cum
3335 3309 3558 3379 quadam
3585 3322 3753 3370 mora,
3776 3317 3823 3363 ut

2276 3418 2446 3468 mare,
2473 3411 2640 3469 terra,
2659 3403 2852 3468 homo;
2878 3408 2932 3456 et
2951 3401 3064 3472 ipse
3081 3402 3226 3458 enim
3245 3402 3508 3472 paulatim
3529 3401 3701 3457 lactus
3713 3401 3819 3456 scri-

2271 3496 2436 3562 bitur,
2464 3495 2603 3551 sicut
2627 3504 2682 3551 et
2701 3503 2900 3551 cetera.

2343 3589 2412 3643 D.
2450 3589 2528 3644 Da
2553 3590 2797 3660 quintam
2819 3595 3195 3643 creaturarum
3225 3588 3614 3646 diderentiam.

2345 3680 2423 3736 Μ.
2462 3682 2614 3750 Quod
2635 3681 2880 3753 quaedam
2911 3697 3095 3737 eorum
3124 3683 3336 3738 ratione
3369 3683 3573 3738 ceteris
3598 3691 3814 3752 praesunt.

2273 3783 2335 3832 ut
2356 3775 2664 3841 rationalia;
2704 3775 2948 3845 quatdam
2974 3789 3101 3829 vero
3130 3774 3251 3829 usui
3277 3773 3576 3840 habentur,
3605 3784 3660 3828 ut
3685 3772 3814 3827 uele-

2275 3867 2378 3923 stia
2397 3865 2701 3931 luminaria,
2727 3865 2970 3936 quaedam
2984 3870 3190 3920 natura:
3205 3865 3538 3920 necessitate
3554 3865 3813 3932 obsequun-

2273 3964 2381 4024 tur,
2411 3963 2471 4010 ut
2489 3971 2618 4012 aves
2635 3965 2688 4012 et
2716 3956 3087 4027 quadrupedes
3109 3963 3161 4011 et
3188 3957 3272 4011 bis
3295 3956 3522 4012 similia.

2343 4049 2411 4102 D.
2455 4049 2532 4102 Da
2557 4057 2765 4104 sextam
2795 4033 3174 4104 differentiam.

2345 4139 2424 4196 Μ.
2447 4140 2600 4208 Quod
2627 4156 2691 4197 ea
2717 4157 2837 4213 quae
2857 4141 3052 4197 ceteris
3071 4148 3330 4212 praesunt,
3359 4141 3418 4195 id
3441 4150 3524 4197 est
3555 4138 3813 4202 rationalia,

2273 4232 2547 4289 voluntate
2569 4249 2633 4290 ac
2655 4235 2860 4290 ratione
2888 4242 3201 4299 moventur;
3231 4249 3353 4303 qua:
3395 4249 3532 4290 vero

2275 4324 2403 4379 bilia
2429 4332 2573 4392 sunt,
2611 4332 2700 4380 aut
2737 4323 3064 4380 necessitate
3097 4325 3494 4394 obsequuntur,
3542 4336 3643 4381 aut
3665 4335 3814 4379 natura

2275 4421 2578 4467 moventur.

2345 4503 2412 4558 D.
2452 4504 2528 4558 Ea
2557 4521 2676 4575 quae
2710 4518 2777 4560 ex
2802 4504 2982 4576 aliquo
3015 4503 3158 4560 facta
3203 4511 3352 4572 sunt,
3401 4507 3558 4576 quod
3608 4504 3819 4562 mata-ias

2273 4595 2613 4652 habuerunt?

2344 4683 2420 4739 Μ.
2463 4684 2589 4753 Sex,
2639 4693 2856 4754 terram,
2892 4701 3096 4758 aquas,
3127 4701 3310 4744 aerem
3334 4726 3350 4754 ,
3392 4686 3625 4759 ignem,
3653 4687 3816 4746 ιυω,

2271 4783 2496 4828 costam.

2335 4866 2404 4920 D.
2442 4866 2519 4921 Da
2544 4865 2771 4935 singulis
2796 4866 3034 4937 origines
3055 4881 3200 4922 suas.

2337 4955 2414 5010 Μ.
2451 4955 2529 5009 Ex
2553 4964 2695 5010 terra
2731 4956 2960 5011 virentia
2996 4955 3290 5028 plantaria_,
3347 4964 3400 5011 et
3452 4958 3735 5014 animalia.
3762 4955 3819 5009 [ι

2269 5047 2422 5116 aquis
2459 5047 2886 5113 ﬁrmamentum,
2932 5061 3107 5114 mare,
3149 5047 3391 5102 natantia
3417 5088 3434 5111 ,
3491 5058 3551 5103 et
3591 5047 3819 5104 volatilil.

2269 5138 2441 5194 Simul
2463 5145 2639 5192 autem
2663 5152 2731 5193 ex
2747 5144 2912 5204 terra,
2941 5138 3115 5207 aquis,
3147 5138 3269 5207 igne
3296 5145 3351 5192 et
3377 5153 3508 5194 aere
3527 5142 3716 5194 omnia
3732 5152 3821 5206 qu

2267 5244 2363 5300 per
2398 5229 2765 5285 successiones
2788 5238 3089 5300 temporum
3136 5240 3490 5286 renovantur.
3539 5231 3822 5288 Eximit:

2265 5319 2574 5375 luminaria.
2606 5319 2686 5375 Ex
2717 5329 2868 5376 costa
2895 5321 3026 5376 Eva.

2606 5371 2876 5481 quomodo
2895 5371 3158 5483 probatur
3183 5412 3359 5472 factus
3377 5456 3394 5482 ,
3425 5426 3522 5472 aut
3762 5414 3825 5468 vri
3911 5411 3913 5440 '

2266 5503 2480 5571 quando
2496 5503 2518 5555 ?

2244 5660 2252 5670 _
2337 5592 2414 5645 Μ.
2455 5593 2678 5648 Factum
2704 5593 2922 5664 quidem
2953 5610 3020 5650 ex
3072 5597 3309 5666 generali
3351 5599 3629 5670 scriptura
3663 5613 3828 5671 pom-

2265 5701 2386 5740 mus
2410 5687 2708 5758 adprobare
2734 5703 2858 5743 cum
2887 5688 3084 5747 dicitur
3109 5691 3176 5746 de
3196 5690 3340 5746 Deo:
3379 5691 3486 5756 Qui
3507 5693 3642 5762 fecit
3667 5692 3830 5748 σεε-ἰιι

2266 5788 2313 5832 et
2342 5788 2554 5844 terram,
2585 5797 2729 5835 mare
2754 5789 2804 5836 et
2827 5784 3002 5837 omnia
3026 5799 3144 5854 qua
3163 5785 3220 5838 in
3243 5786 3316 5838 eis
3339 5793 3459 5838 sunt
3483 5784 3672 5862 (Psal.
3693 5799 3825 5841 cm".
3897 5813 3900 5862 ι

2266 5872 2351 5942 6);
2383 5873 2506 5942 quia
2539 5874 2721 5945 utique
2751 5875 2913 5929 etiam
2941 5876 3080 5947 ignis
3117 5877 3172 5931 in
3192 5878 3272 5932 eis
3304 5887 3416 5942 est,
3445 5887 3501 5932 et
3521 5890 3589 5932 ex
3624 5861 3835 5949 simtu

2264 5965 2561 6035 prophetia.
2628 5964 3220 6038 Laudate‘Dominum,
3251 5971 3502 6026 dracones
3556 5981 3612 6025 et
3674 5987 3831 6027 om
