3950 6312
119 413 295 497 ito?)

1077 417 1204 506 LIB.
1246 416 1720 486 QUIESTIONUM
1757 415 1984 476 SUPER
2020 416 2148 472 LIB.
2186 415 2493 474 GENESIS.

3261 411 3398 472 1110

120 517 365 614 725935;,-
403 539 556 612 ignis,
587 537 808 608 grando,
840 535 947 600 nix,
977 533 1166 606 glacies
1192 541 1240 589 et
1280 533 1491 603 spiritus
1522 527 1726 601 procel-
1751 526 1807 588 Δ
1829 532 2008 588 subito
2023 530 2202 586 facere
2214 531 2360 600 quod
2375 543 2653 600 nunquam
2690 527 3400 602 antefeceratpertempon

137 634 328 687 larum
353 629 523 704 (Psal.
556 643 788 694 CXLVIII,
816 624 894 699 7).
951 627 1027 681 De
1069 626 1264 696 quibus
1300 630 1422 678 ante
1461 622 1670 676 dixerat
1709 634 1727 673 :

141 723 421 789 Quoniam
446 723 552 791 ipse
578 719 710 773 dixit
740 727 786 773 et
817 717 958 787 facta
986 721 1105 770 sunt
1133 714 1304 787 (Psal.
1327 729 1548 779 CXLVIII,
1566 711 1643 785 5).
1663 711 1730 767 Et

141 829 347 868 rursus
365 829 378 867 τ
397 810 714 875 Benedicite,
739 810 912 864 omnia
933 825 1089 878 opera
1115 807 1348 872 Domini,
1387 805 1648 870 Domino;
1676 811 1732 858 et

133 903 434 969 subjunxit
457 919 470 955 :
494 898 808 964 Benedicite,
824 899 959 969 ignis
982 907 1030 951 et
1059 905 1238 962 wstus,
1261 895 1543 950 Dominum
1560 893 1722 966 (Dan.

141 1008 235 1058 III,
262 992 353 1057 57,
373 991 481 1061 66).
503 989 696 1046 Utrum
726 1002 936 1044 veroex
953 987 1145 1052 nihilo,
1174 986 1314 1042 sicut
1337 994 1391 1041 et
1421 986 1525 1040 alia
1549 975 1729 1059 factus

141 1083 220 1136 sit
240 1123 255 1147 ,
287 1096 358 1136 an
380 1095 448 1137 ex
475 1079 655 1149 aliquo
688 1077 978 1133 dubitatur.
1010 1073 1199 1132 Plures
1242 1076 1386 1131 enim
1407 1075 1594 1131 volunt
1618 1091 1729 1131 cm-

137 1175 370 1229 lestium
423 1173 765 1229 luminarium
804 1187 923 1228 esse
951 1171 1304 1242 particulam,
1335 1170 1532 1242 quippe
1560 1169 1726 1224 etiam

142 1280 298 1320 nunc
319 1263 629 1335 frequenter
650 1264 882 1320 vidimus
907 1263 1153 1319 homines
1174 1270 1324 1318 certo
1356 1261 1515 1318 modo
1546 1260 1728 1332 ignem

142 1370 218 1409 ex
260 1353 390 1410 solis
418 1355 583 1412 radiis
617 1354 852 1410 mutuari
899 1369 914 1409 :
967 1354 1119 1422 Quod
1174 1355 1220 1410 si
1256 1355 1333 1408 ita
1374 1360 1494 1418 est,
1551 1354 1726 1423 primo

1827 615 2029 677 aeterna
2047 621 2071 676 ?
2106 620 2205 677 His
2223 623 2634 692 respondemus.

1899 715 2042 770 Deus
2089 714 2147 769 in
2187 715 2454 786 principio
2481 717 2686 772 creavit
2722 717 2921 774 cmlum
2953 725 3010 774 et
3036 725 3262 785 terrm,
3291 733 3404 776 non

1828 805 1884 861 in
1908 803 2174 875 principio
2202 808 2476 877 temporis,
2525 809 2618 865 sed
2644 809 2702 864 in
2734 810 2953 866 Christo
2975 850 2992 875 ,
3025 825 3151 866 eum
3177 810 3406 866 verbum

1829 907 1971 956 esset
1994 899 2133 969 apud
2155 907 2364 970 patrem
2387 941 2402 968 ,
2437 916 2533 972 per
2565 904 2708 972 quod
2750 903 2894 959 facta
2913 911 2978 968 et
3006 903 3062 960 in
3107 919 3216 974 quo
3261 901 3404 962 facta

1828 998 1954 1046 sunt
1996 991 2195 1045 omnia.
2229 991 2336 1048 Sed
2357 993 2404 1048 si
2445 994 2501 1050 in
2534 994 2801 1066 principio
2831 995 3090 1066 temporis
3124 995 3294 1052 Deum
3319 995 3404 1052 fe-

1824 1080 1969 1138 cisse
1992 1080 2188 1137 cmlum
2231 1091 2286 1138 et
2335 1091 2535 1140 terram
2570 1086 2869 1152 credamus,
2911 1087 3169 1144 debemus
3218 1088 3410 1159 utique

1834 1171 2148 1244 intelligere,
2179 1174 2323 1244 quod
2348 1184 2477 1231 ante
2518 1177 2847 1248 principium
2872 1177 3132 1248 temporis
3151 1192 3261 1234 non
3286 1185 3408 1235 erat

1825 1270 2067 1357 Itempus.
2101 1263 2244 1319 Deus
2273 1266 2418 1320 enim
2442 1264 2572 1322 fecit
2604 1274 2660 1323 et
2692 1275 2956 1340 tempora.
2994 1269 3063 1323 Et
3095 1269 3220 1326 ideo
3247 1277 3404 1326 ante-

1800 1352 1992 1421 "quam
2041 1352 2245 1410 faceret
2295 1364 2532 1427 tempora
2557 1398 2571 1422 ,
2637 1373 2745 1413 non
2789 1366 2943 1414 erant
2973 1367 3238 1430 tempora.
3285 1360 3406 1418 Non

144 1449 241 1503 die
276 1447 450 1503 factus
480 1455 582 1502 est.
625 1443 732 1502 Sed
770 1445 1063 1516 sapientius
1105 1445 1207 1500 hoc
1241 1443 1519 1515 Scriptura
1544 1444 1726 1500 lumen
1802 1441 1973 1500 ienim
2010 1459 2296 1513 possumus
2323 1448 2503 1504 dicere
2526 1447 2694 1506 fuisse
2713 1449 2928 1520 aliquod
2954 1457 3168 1520 tempus
3186 1452 3405 1521 quando

143 1553 317 1608 quam
342 1538 523 1611 ignem
541 1536 772 1604 vocavit,
801 1544 861 1592 ut
890 1551 957 1592 ex
979 1535 1203 1592 meliore
1231 1551 1332 1591 usu
1357 1551 1554 1592 nomen
1584 1537 1730 1593 acci-
1829 1535 1975 1592 Deus
2000 1536 2240 1592 nondum
2270 1537 2473 1608 aliquid
2501 1537 2738 1608 fecerat,
2789 1543 3057 1612 quomodo
3108 1540 3253 1599 enim
3289 1549 3411 1598 erat

141 1637 329 1701 pcret.
1752 1617 1800 1628 ’“
1831 1635 2041 1698 tempus
2078 1629 2222 1698 quod
2251 1629 2393 1685 Deus
2421 1645 2527 1686 non
2566 1630 2799 1697 fecerat,
2840 1647 2964 1688 cum
2998 1634 3242 1691 omnium
3266 1643 3407 1692 tem-

221 1724 292 1778 D.
335 1724 412 1779 Da
434 1723 719 1794 septimam
737 1729 1110 1778 creaturarum
1133 1720 1509 1778 differentiam.
1825 1733 2020 1790 porum
2055 1721 2127 1776 sit
2156 1721 2271 1792 ipse
2299 1720 2612 1778 fabricator.
2655 1724 2723 1778 Et
2767 1725 2814 1779 si
2851 1733 3064 1797 tempus
3103 1739 3229 1780 cum
3269 1726 3422 1782 celo

222 1813 303 1869 Μ.
346 1815 499 1883 Quod
525 1814 711 1870 omnia
734 1828 853 1884 qua:
877 1828 944 1869 ex
964 1812 1142 1885 aliquo
1159 1812 1303 1868 facta
1319 1821 1462 1879 sunt,
1495 1828 1724 1886 corpora
1751 1817 1806 1887 ζ
1833 1817 1889 1866 et
1909 1819 2056 1866 terra
2082 1828 2202 1868 esse
2228 1814 2394 1883 cmpit
2414 1855 2429 1880 ,
2456 1829 2562 1869 non
2589 1823 2767 1886 potest
2793 1815 3023 1871 inveniri
3049 1822 3262 1887 tempus
3301 1829 3410 1886 quo

143 1917 300 1962 sunt.
333 1907 651 1978 lncorporea
679 1913 859 1963 autem
897 1921 1074 1977 neque
1117 1906 1234 1976 ipsa
1273 1920 1339 1962 ex
1381 1907 1563 1978 aliquo
1586 1949 1601 1976 ,
1639 1925 1733 1964 ne-
1837 1903 1977 1959 Deus
2001 1889 2239 1960 nondum
2266 1904 2454 1959 fecerit
2487 1904 2685 1960 cmlum
2709 1913 2765 1962 et
2783 1913 3008 1961 terram.
3045 1904 3181 1961 Cum
3229 1912 3409 1961 autem

142 2016 260 2072 que
282 2016 348 2056 ex
377 1999 509 2072 ipsis
547 1998 690 2055 facta
732 2007 859 2055 sunt
909 1998 1110 2070 aliqua.
1157 1998 1284 2057 Haec
1313 2014 1441 2054 vero
1478 2000 1732 2072 incorpo-
1837 1997 2033 2053 dicitur
2061 2014 2073 2050 :
2105 1996 2247 2064 Quid
2269 1996 2320 2052 ei
2347 1997 2524 2051 subito
2546 1997 2780 2067 placuit?
2810 1999 2890 2054 sic
2908 1999 3109 2054 dicitur
3133 1999 3289 2069 quasi
3315 1996 3413 2055 ali-

141 2108 249 2149 rea
277 2090 585 2161 accipienda
609 2098 751 2155 sunt,
781 2105 887 2145 non
912 2090 1053 2146 sicut
1073 2089 1216 2145 Deus
1234 2091 1584 2162 incorporeus
1606 2093 1734 2148 dici—
1759 2079 1798 2166 ξῗξ
1836 2103 1941 2159 qua
1966 2098 2209 2157 tempora
2230 2087 2568 2153 transierint,
2599 2089 2793 2158 quibus
2837 2089 2980 2144 Deus
2999 2089 3135 2145 nihil
3157 2097 3433 2159 operatus-

138 2193 264 2250 tur,
303 2181 418 2252 ejus
444 2183 587 2237 enim
610 2182 1016 2253 comparatione
1060 2181 1196 2237 nihil
1225 2197 1549 2253 corporeum
1582 2182 1730 2257 [Leg.
1834 2187 1946 2244 est;
1985 2195 2094 2234 non
2122 2179 2266 2234 enim
2289 2179 2521 2235 transire
2560 2186 2772 2250 poterat
2819 2186 3065 2249 tempus,
3089 2181 3238 2261 quod
3269 2194 3410 2234 non-

137 2273 552 2346 incorporeum]
586 2282 669 2329 est
690 2315 704 2340 ,
736 2273 877 2330 sicut
904 2287 1004 2330 nec
1052 2273 1376 2341 immortale,
1411 2291 1512 2331 nec
1544 2276 1733 2332 invisi-
1835 2274 1966 2329 dum
1999 2273 2202 2330 fecerat
2227 2274 2369 2330 Deus
2392 2315 2407 2340 ,
2455 2273 2582 2344 quia
2612 2289 2720 2328 non
2766 2280 2943 2344 potest
2987 2287 3108 2329 esse
3157 2279 3412 2343 operator

137 2368 285 2423 bile.
313 2366 465 2422 Alius
490 2368 628 2422 enim
653 2367 844 2423 modus
862 2374 964 2433 est,
991 2383 1098 2438 quo
1121 2368 1237 2423 haec
1265 2369 1426 2425 verba
1448 2370 1573 2425 sola:
1599 2368 1736 2425 divi-
1774 2393 1779 2402 α

143 2459 312 2513 nitati
344 2458 685 2523 conveniunt,
739 2458 876 2514 alius
923 2473 1030 2529 quo
1060 2460 1126 2515 de
1151 2460 1416 2516 creaturis
1439 2460 1732 2532 loquimur,

144 2551 296 2605 sicut
322 2549 389 2605 de
418 2549 736 2606 animalibus
756 2549 840 2606 vel
860 2549 1086 2622 angelis.

228 2639 294 2694 D.
333 2641 610 2709 Quomodo
631 2641 773 2698 Deus
795 2642 1055 2698 mundum
1078 2638 1268 2698 fecerit
1287 2656 1574 2714 possumus
1594 2658 1737 2715 qua:-

148 2730 316 2786 rere?

227 2823 304 2878 Μ.
345 2823 457 2881 Hoc
489 2824 774 2881 temerarie
817 2825 989 2896 magis
1016 2841 1181 2897 quam
1209 2834 1366 2883 caute
1401 2827 1733 2899 exquiritur.

143 2913 298 2970 Nulli
337 2915 481 2971 enim
518 2915 712 2972 divinae
746 2923 1009 2973 creaturae
1065 2917 1286 2972 modum
1337 2918 1545 2975 homini
1607 2919 1738 2977 licet

142 3021 469 3077 agnoscere.
495 3006 631 3063 Nam
649 3007 694 3064 si
718 3008 884 3063 sciret
902 3007 1023 3077 quis
1046 3006 1314 3077 quomodo
1336 3005 1476 3064 facta
1495 3016 1620 3064 sunt
1639 3009 1736 3066 ali-

141 3116 262 3170 qua
280 3115 346 3154 ex
365 3100 554 3171 nihilo,
578 3102 810 3158 creatori
833 3101 1019 3174 utique
1041 3100 1268 3157 scientia
1291 3116 1354 3158 ac
1372 3102 1618 3174 potentia
1636 3117 1738 3174 par

145 3191 366 3249 fuisset.

773 3300 1122 3344 AUGUSTINUS.

227 3395 300 3451 D.
333 3395 393 3454 Si
413 3397 596 3453 omnia
617 3397 674 3453 in
705 3412 964 3466 numero,
989 3408 1046 3455 et
1090 3413 1366 3468 mensura,
1413 3407 1468 3455 et
1494 3399 1736 3470 pondere

146 3489 299 3543 Deus
348 3485 639 3558 disposuit;
672 3488 851 3559 ipsum
892 3504 1178 3546 numerum
1231 3497 1289 3546 et
1329 3504 1636 3547 mensuram
1679 3498 1736 3546 et

151 3580 366 3651 pondus
393 3581 486 3636 ubi
518 3581 816 3652 disposuit?

233 3669 311 3723 Μ.
343 3669 612 3727 Numerus
645 3679 700 3726 et
724 3687 980 3729 mensura
1007 3680 1062 3729 et
1091 3675 1305 3744 pondus
1329 3675 1444 3745 ipse
1464 3681 1549 3732 est
1569 3675 1734 3733 Deus.

152 3759 276 3830 Ipse
295 3767 377 3814 est
410 3760 553 3814 enim
578 3775 834 3818 numerus
853 3762 972 3818 sine
995 3778 1244 3831 numero,
1269 3779 1301 3819 a
1327 3779 1435 3834 quo
1456 3771 1540 3820 est
1560 3765 1736 3822 omnis

150 3865 435 3907 numerus.
459 3850 578 3920 Ipse
601 3860 685 3907 est
705 3867 957 3908 mensura
981 3853 1100 3910 sine
1126 3871 1399 3921 mensura,
1434 3871 1466 3910 a
1501 3869 1609 3925 quo
1652 3864 1738 3911 est

149 3939 334 3996 omnis
359 3956 631 3997 mensura.
664 3942 784 4014 lpse
805 3953 888 4000 est
911 3948 1120 4016 pondus
1148 3947 1266 4002 sine
1292 3947 1550 4017 pondere,
1581 3962 1613 4002 a
1629 3962 1737 4016 quo

147 4038 246 4086 est
266 4045 423 4086 omne
443 4033 672 4101 pondus.
719 4034 838 4090 Non
867 4035 1012 4090 enim
1039 4047 1347 4093 creaturam
1373 4046 1529 4094 extra
1559 4052 1618 4094 se
1641 4045 1738 4096 aut

146 4121 364 4177 alicubi
381 4123 542 4191 vidit;
576 4133 636 4181 ut
663 4126 804 4180 sicut
837 4126 1103 4200 homines,
1159 4128 1421 4183 memoria
1472 4129 1736 4185 retineret

145 4226 280 4286 qua:
292 4214 510 4271 faceret.
536 4216 728 4274 Omnis
749 4218 914 4292 igitur
937 4225 1185 4274 creatura
1213 4217 1461 4275 voluntas
1483 4226 1567 4276 est
1591 4235 1738 4276 crea-

147 4305 310 4370 toris,
341 4305 590 4362 voluntas
614 4307 798 4378 itaque
829 4309 1093 4364 creatoris
1121 4323 1230 4364 nou
1261 4318 1344 4364 est
1377 4317 1531 4364 extra
1574 4317 1735 4364 uatu-

149 4410 274 4448 ram
298 4396 557 4453 creatoris
576 4435 592 4460 ,
642 4397 746 4453 hoc
771 4406 854 4453 est
878 4398 952 4454 ibi
979 4399 1230 4455 voluntas
1255 4413 1362 4472 quo
1395 4407 1616 4457 natura.
1645 4400 1738 4460 Sic

151 4496 337 4542 tamen
359 4497 563 4544 :eterna
592 4498 676 4545 est
700 4498 915 4566 natura,
936 4491 1078 4546 sicut
1102 4501 1304 4548 interna
1327 4493 1598 4561 voluntas,
1627 4510 1736 4550 non

1761 3219 1812 3288 α

1837 2370 2141 2433 temporum
2172 2404 2187 2431 ,
2227 2363 2332 2418 nisi
2363 2362 2457 2432 qui
2484 2370 2568 2418 est
2597 2371 2724 2419 ante
2749 2371 3008 2433 tempora.
3039 2362 3200 2419 Certe
3221 2372 3277 2418 et
3309 2364 3409 2434 ipsi

1837 2452 2114 2509 Manichaei
2166 2453 2350 2524 legunt
2395 2453 2695 2524 apostolum
2732 2455 2958 2510 Paulum
2994 2462 3050 2510 et
3095 2455 3316 2510 laudant
3356 2464 3413 2510 et

1773 2545 1801 2552 ”’
1836 2545 2138 2610 honorant,
2170 2550 2225 2598 et
2255 2541 2372 2611 ejus
2395 2544 2655 2614 epistolas
2679 2544 2818 2599 male
2844 2544 3249 2614 interpretando
3274 2545 3411 2600 mul-

1836 2643 1922 2689 tos
1945 2633 2237 2704 decipiunt.
2264 2631 2458 2690 Dicant
2476 2649 2605 2707 ergo
2637 2636 2793 2690 nobis
2815 2635 2945 2704 quid
2968 2635 3166 2691 dixerit
3189 2644 3410 2707 aposto-

1745 2755 1748 2758 ι
1835 2724 1922 2781 lus
1955 2725 2153 2781 Paulus
2180 2740 2196 2780 :
2228 2725 2559 2797 Agnitionem
2601 2729 2834 2782 veritatis
2865 2743 2985 2799 quor
3019 2737 3094 2784 est
3128 2728 3412 2783 secundum

1835 2809 2080 2888 pietatem
2107 2817 2206 2872 Dei
2226 2817 2283 2871 in
2309 2835 2398 2888 spe
2422 2819 2541 2873 vita:
2581 2826 2790 2874 «eterna:
2806 2860 2823 2886 ,
2845 2836 3002 2892 quam
3040 2821 3280 2891 promisit
3307 2836 3412 2875 non

1835 2907 2065 2963 mendax
2084 2907 2226 2964 Deus
2243 2916 2363 2964 ante
2379 2918 2612 2980 tempora
2639 2917 2835 2964 (eterna
2859 2909 2984 2982 (Tit.
3010 2926 3052 2977 I,
3077 2909 3154 2982 1).
3181 2908 3410 2965 Eterna

1836 2999 1979 3055 enim
2006 3007 2249 3070 tempora
2279 3000 2410 3070 quid
2451 3009 2576 3055 ante
2601 3015 2659 3056 se
2693 3001 2894 3056 habere
2919 2986 3253 3071 potuerant?
3293 3001 3410 3057 Hoc

1835 3105 1964 3162 ergo
1993 3099 2256 3164 cogantur
2277 3105 2549 3162 exponere
2565 3133 2579 3157 ,
2606 3099 2665 3146 ut
2686 3091 2990 3161 intelligant
3010 3105 3068 3147 se
3088 3107 3196 3148 non
3223 3093 3416 3148 intelli-

1837 3197 1987 3254 gere,
2014 3197 2138 3238 cum
2169 3189 2374 3238 temere
2399 3182 2584 3238 volunt
2613 3181 3011 3252 reprehendere
3024 3182 3168 3253 quod
3187 3182 3414 3255 diligen-

1839 3287 1924 3333 ter
1949 3291 2190 3346 quzerere
2211 3276 2532 3332 debuerunt.

1907 3366 1968 3422 Si
2001 3375 2180 3423 autem
2225 3381 2333 3422 non
2372 3367 2556 3423 dicunt
2601 3384 2616 3423 :
2653 3367 2792 3434 Quid
2843 3367 3045 3436 placuit
3091 3368 3201 3424 Deo
3231 3367 3410 3422 subito

1837 3457 2015 3515 facere
2051 3460 2246 3515 coelum
2283 3467 2340 3515 et
2361 3467 2591 3526 terram;
2619 3459 2712 3515 sed
2753 3459 2950 3516 tollunt
2975 3459 3332 3526 inde,subito,
3356 3467 3413 3515 et

1836 3547 1940 3605 hoc
1967 3558 2176 3604 tantum
2210 3550 2392 3605 dicunt
2419 3568 2431 3604 :
2466 3549 2604 3617 Quid
2639 3549 2842 3619 placuit
2873 3549 2983 3605 Deo
3009 3549 3188 3606 facere
3215 3551 3412 3606 cmlum

1837 3639 1892 3695 et
1930 3641 2165 3695 terram?
2194 3640 2311 3696 Non
2348 3641 2491 3697 enim
2519 3657 2756 3699 coaevum
2786 3642 2896 3698 Deo
2939 3644 3197 3698 mundum
3246 3645 3410 3700 istum

1838 3732 2068 3789 dicimus
2094 3774 2109 3799 ,
2175 3734 2300 3804 quia
2353 3750 2462 3790 non
2508 3734 2623 3805 ejus
2669 3735 2988 3790 aeternitatis
3021 3743 3104 3790 est
3139 3736 3229 3791 hic
3255 3752 3413 3791 mun-

1838 3826 1939 3882 dus
1969 3868 1985 3894 ,
2040 3825 2190 3896 cujus
2247 3829 2566 3884 mternitatis
2615 3837 2697 3884 est
2730 3829 2891 3884 Deus.
2928 3828 3182 3885 Mundum
3217 3830 3414 3900 quippe

1838 3917 1982 3975 Deus
2013 3918 2141 3975 fecit
2168 3961 2182 3986 ,
2223 3928 2277 3976 et
2314 3921 2360 3976 si
2405 3936 2528 3977 cum
2582 3921 2696 3991 ipsa
2735 3929 2983 3976 creatura
3011 3962 3026 3988 ,
3078 3936 3238 3991 quam
3289 3921 3415 3977 fecit

1838 4011 1981 4068 Deus
2032 4022 2276 4083 tempora
2319 4028 2440 4069 esse
2498 4020 2818 4084 coeperunt,
2883 4021 2936 4068 et
2985 4013 3106 4069 ideo
3161 4014 3416 4069 dicuntur

1837 4115 2039 4160 :eterna
2073 4113 2362 4176 tempora;
2405 4120 2512 4162 non
2555 4114 2734 4160 tamen
2778 4106 2857 4160 sic
2902 4113 3026 4160 sunt
3053 4113 3253 4159 aeterna
3281 4120 3414 4174 quo-

1838 4197 1997 4252 modo
2023 4205 2256 4252 aeternus
2286 4197 2429 4252 Deus
2451 4206 2555 4262 est,
2583 4197 2706 4268 quia
2729 4196 2869 4253 Deus
2893 4203 2977 4251 est
3001 4204 3126 4250 ante
3148 4203 3410 4266 tempora,

1837 4286 1930 4356 qui
1955 4285 2250 4341 fabricator
2283 4293 2367 4342 est
2396 4295 2734 4357 temporum,
2766 4285 2906 4342 sicut
2941 4286 3121 4342 omnia
3143 4300 3264 4354 quze
3287 4284 3415 4339 fecit

1839 4374 2002 4441 Deus,
2030 4376 2170 4430 bona
2191 4383 2316 4430 sunt
2343 4375 2521 4443 valde,
2548 4377 2643 4433 sed
2671 4393 2778 4432 non
2807 4377 2888 4433 sic
2924 4377 3064 4432 bona
3097 4383 3245 4439 sunt,
3272 4389 3412 4444 quc-

1836 4466 1996 4522 modo
2019 4466 2192 4522 bonus
2213 4474 2296 4522 est
2321 4466 2485 4533 Deus,
2525 4469 2619 4539 qui
2661 4468 2750 4523 illa
2783 4468 2941 4533 fecit;
2977 4467 3093 4522 haec
3119 4472 3299 4519 autem
3332 4463 3412 4517 fa-

147 4579 300 4633 enim
323 4582 658 4638 acceditDeo
681 4558 1024 4653 aiiquainova
1038 4585 1294 4654 cogitatio
1309 4587 1377 4642 ad
1398 4558 1734 4645 formandam
1758 4576 1814 4639 Ι)
1837 4566 1924 4614 cm
1952 4565 2109 4654 *εἶθ-θίῖ
2141 4573 2242 4614 nec
2287 4559 2565 4654 θδ-ῧθηυξί
2594 4559 2671 4654 ,δί’
2920 4598 2934 4623 ν
2985 4566 3044 4612 ut
3088 4558 3192 4612 hoc
3231 4563 3415 4610 essem

145 4681 478 4728 creaturam.
500 4673 732 4730 Proinde
751 4676 932 4731 omnia
955 4677 1010 4730 in
1032 4691 1090 4731 se
1116 4676 1352 4736 Trinitas
1394 4678 1539 4734 Deus
1557 4678 1736 4750 dispo-

143 4763 280 4828 suit,
303 4764 431 4835 quia
445 4764 506 4838 in.
526 4781 586 4824 se
604 4774 799 4822 cuneta
823 4767 1010 4823 habuit
1028 4783 1148 4839 quat
1171 4766 1317 4824 fecit.
1334 4767 1659 4841 Intelligitur
1678 4776 1735 4826 et

143 4856 330 4921 aliter,
351 4857 534 4912 omnia
555 4856 610 4912 in
633 4871 858 4913 numero
876 4865 930 4912 et
944 4873 1195 4914 mensura
1215 4867 1270 4914 et
1291 4861 1531 4929 pondere
1553 4860 1736 4931 dispo-

142 4946 281 5012 suit,
307 4946 362 5002 id
383 4955 466 5002 est
499 4956 558 5003 ut
583 4949 763 5004 omnia
792 4964 914 5022 quae
932 4948 1083 5016 fecit,
1112 4966 1404 5007 numerum
1427 4959 1482 5008 et
1511 4966 1730 5008 mensu-

142 5053 270 5094 ram
289 5045 344 5093 et
366 5037 578 5108 pondus
591 5040 878 5096 haberent.

272 5169 594 5242 Augustinus
631 5173 687 5227 in
722 5173 856 5228 libro
891 5173 922 5228 1
961 5183 1146 5229 contra
1183 5173 1507 5231 Manichwos
1548 5176 1627 5230 ita

762 5260 979 5304 εωοητιης
1016 5254 1111 5301 εει.

218 5370 371 5430 More
403 5375 817 5435 Manichteorum
854 5380 1006 5435 multi
1043 5379 1276 5450 imperiti
1314 5387 1368 5436 et
1397 5381 1584 5437 rustici
1607 5422 1622 5447 ,
1676 5389 1735 5438 et

135 5483 205 5531 ut
231 5471 312 5526 ita
337 5469 512 5528 dicam
526 5475 960 5544 przesumptuosi,
979 5481 1334 5544 percunctare
1359 5473 1537 5530 solent
1561 5484 1616 5531 et
1636 5477 1734 5532 ob-

127 5565 346 5638 jiciunt
383 5582 397 5618 :
430 5564 489 5621 Si
511 5565 577 5620 in
605 5566 868 5637 principio
901 5565 1082 5635 aliquo
1112 5567 1372 5637 temporis
1413 5567 1544 5624 fecit
1588 5569 1732 5626 Deus

136 5655 353 5713 calum
378 5663 434 5712 et
475 5665 710 5722 terram;
753 5657 882 5727 quid
935 5658 1129 5726 agebat
1179 5667 1473 5729 antequam
1525 5659 1732 5717 faceret

136 5746 350 5807 caelum
377 5754 431 5803 et
477 5755 675 5802 terram
721 5747 772 5820 [α
799 5748 882 5802 vel
907 5749 997 5802 ubi
1024 5748 1160 5820 erat]
1207 5759 1263 5804 et
1287 5749 1416 5820 quid
1444 5751 1495 5807 ei
1530 5751 1731 5822 placuit

169 5839 188 5856 ’
221 5875 253 5903 ι
296 5860 460 5920 chis
488 5863 695 5923 inclusa
724 5879 830 5920 non
860 5864 979 5934 lego
1010 5865 1063 5917 in
1091 5863 1268 5919 editis.

1841 4651 1984 4723 quod
2009 4652 2123 4724 ipse
2149 4658 2261 4719 est;
2292 4652 2387 4707 sed
2416 4667 2482 4707 ea
2507 4649 2636 4707 fecit
2677 4652 2742 4706 de
2765 4649 2934 4706 nihilo
2952 4690 2968 4714 ,
3009 4657 3068 4704 ut
3093 4664 3199 4703 non
3226 4654 3411 4704 essent

1837 4743 2064 4817 aequalia
2090 4785 2106 4812 ,
2146 4759 2250 4799 nec
2271 4743 2323 4799 ei
2343 4759 2375 4798 a
2394 4758 2500 4815 quo
2527 4741 2668 4798 facta
2692 4749 2849 4806 sunt,
2881 4754 2983 4795 nec
3018 4739 3131 4795 ﬁlio
3167 4737 3284 4806 ejus
3315 4752 3410 4808 per

1836 4853 1998 4909 quem
2023 4835 2165 4892 facta
2194 4845 2340 4902 sunt,
2362 4835 2540 4905 justus
2565 4832 2766 4908 [Edit.,
2787 4830 3018 4904 justum]
3049 4837 3131 4886 est
3157 4830 3321 4885 enim.
3351 4827 3410 4883 Si

1835 4928 1980 4984 enim
2012 4925 2207 5000 [Edit.,
2259 4923 2411 4997 ergo]
2460 4924 2552 4980 isti
2595 4922 2871 4978 dixerint:
2907 4921 3048 4989 Quid
3071 4919 3273 4990 placuit
3301 4921 3410 4976 Deo

1835 5015 2016 5074 facere
2073 5015 2281 5072 cmlum
2321 5023 2376 5071 et
2426 5015 2664 5070 terram?
2704 5013 3155 5084 Respondendum
3187 5020 3271 5068 est
3303 5013 3406 5078 eis,

1835 5117 1895 5164 ut
1924 5108 2075 5178 prius
2098 5107 2207 5161 vim
2229 5105 2441 5161 discant
2464 5104 2755 5160 voluntatis
2781 5105 3052 5170 humanae,
3078 5104 3171 5174 qui
3213 5103 3403 5158 volun--

1835 5209 2002 5257 tatem
2028 5201 2124 5256 Dei
2154 5214 2312 5255 nosse
2337 5198 2666 5254 desiderant.
2704 5196 2907 5252 Causas
2927 5197 3071 5253 enim
3099 5196 3194 5251 Dei
3220 5196 3409 5251 volun-

1834 5293 1963 5349 tatis
2045 5290 2352 5348 desiderant
2417 5289 2557 5346 scire
2622 5287 2800 5361 [Edit.
2830 5330 2844 5355 ,
2885 5288 3025 5343 scire
3076 5285 3364 5358 quaerunt]
3391 5326 3408 5351 ,

1835 5401 1958 5444 cum
2035 5383 2281 5439 voluntas
2339 5381 2436 5437 Dei
2500 5381 2740 5436 omnium
2790 5395 2911 5450 quae
2973 5387 3100 5435 sunt
3162 5380 3278 5449 ipsa
3339 5377 3412 5434 sit

1834 5490 2018 5532 causa.
2057 5472 2118 5529 Si
2161 5472 2304 5527 enim
2344 5472 2508 5528 habet
2533 5485 2753 5528 causam
2790 5471 3036 5528 voluntas
3063 5470 3180 5537 Dei,
3208 5478 3292 5526 est
3318 5468 3412 5524 ali-

1835 5570 1963 5640 quid
1984 5567 2127 5638 quod
2157 5565 2440 5621 antecedat
2469 5564 2798 5620 voluntatem
2829 5564 2954 5630 Dei,
2985 5563 3129 5632 quod
3150 5560 3300 5616 nefas
3326 5568 3412 5616 est

1836 5663 2076 5718 credere.
2103 5660 2207 5727 Qui
2235 5673 2364 5729 ergo
2388 5658 2541 5723 dicit,
2568 5673 2738 5728 quare
2763 5654 2909 5735 fecit
2954 5655 3095 5710 Deus
3129 5653 3323 5708 coelum
3351 5659 3409 5706 et

1835 5752 2080 5811 terram?
2118 5749 2568 5829 Respondendum
2596 5757 2680 5807 est
2704 5748 2798 5815 illi,
2832 5749 2957 5818 quia
2981 5744 3169 5803 voluit.
3200 5742 3406 5800 Volun-
