3950 6312
513 397 646 456 HM

1993 398 2281 460 WICBODl

3630 405 3768 464 ωε

508 525 596 576 tas
619 517 764 574 enim
789 516 887 575 Dei
908 499 1070 574 causa
1097 526 1181 574 est
1211 519 1334 576 caeli
1367 527 1423 575 et
1446 525 1634 586 teme;
1672 527 1727 576 ct
1752 519 1874 576 ideo
1885 518 2080 590 "major
2101 521 2158 583 Δ
2181 517 2558 590 temporalium
2580 532 2640 577 se
2663 518 2733 578 ad
2750 518 2867 589 ejus
2897 527 3164 592 praecepta
3186 521 3508 593 complenda
3538 540 3765 584 conver-

508 617 595 666 est
629 609 879 665 voluntas
905 609 1000 665 Dei
1043 625 1204 679 quam
1255 609 1450 666 etelum
1485 617 1540 665 et
1566 619 1732 666 terra.
1763 609 1873 677 Qui
1901 615 2081 665 autem

509 705 676 770 dicit;
714 719 882 774 quare
905 704 1074 759 voluit
1108 704 1288 759 facere
1313 704 1508 760 etelum
1555 711 1610 760 et
1649 711 1880 769 terram;
1913 701 1964 776 [ιι
1991 708 2083 757 aut

509 797 604 853 ubi
651 804 767 851 erat
813 805 1101 866 antequam
1135 795 1380 869 ﬁerent?]
1436 795 1613 865 majus
1657 795 1858 866 aliquid
1888 794 2084 864 quzerit

508 903 676 960 quam
703 897 787 945 est
824 888 1074 945 voluntas
1106 888 1221 946 Dei.
1259 887 1406 943 Nihil
1449 887 1596 943 enim
1629 885 1804 956 majus
1850 886 2082 942 inveniri

507 990 707 1053 potest.
748 982 1070 1054 Compescat
1095 997 1224 1052 ergo
1249 997 1308 1038 se
1335 982 1572 1036 humana
1614 980 1916 1047 temeritas,
1951 987 2007 1035 et
2027 979 2084 1034 id

508 1075 655 1144 quod
678 1089 786 1130 non
815 1083 899 1130 est
934 1090 1042 1130 non
1073 1083 1302 1145 quaerat,
1332 1087 1401 1129 ne
1425 1073 1480 1129 id
1500 1073 1644 1144 quod
1670 1078 1754 1128 est
1780 1087 1889 1128 non
1927 1073 2081 1129 iuve-

506 1170 657 1236 niat;
697 1176 751 1223 et
777 1168 825 1224 si
856 1168 1188 1224 voluntatem
1215 1166 1312 1222 Dei
1342 1180 1504 1222 nosse
1548 1165 1835 1236 quisquam
1863 1165 2080 1222 deside-

508 1270 634 1326 rat,
670 1261 765 1317 llat
791 1261 997 1316 amicus
1044 1260 1174 1316 Deo.
1199 1257 1370 1328 ,Certc
1397 1258 1445 1314 si
1487 1257 1817 1313 voluntatem
1847 1256 2084 1313 hominis

507 1353 631 1424 quis
658 1368 819 1410 nosse
851 1353 1033 1419 vellet,
1085 1351 1239 1422 cujus
1289 1350 1496 1408 amicus
1525 1365 1635 1407 non
1675 1357 1861 1417 esset,
1894 1364 2084 1406 omnes

508 1442 624 1513 ejus
676 1445 1092 1515 imprudentiam
1129 1451 1224 1499 aut
1265 1443 1553 1498 stultitiam
1600 1440 1924 1497 deriderent.
1964 1439 2084 1496 Non

507 1518 654 1589 enim
680 1535 910 1605 quisque
936 1532 1168 1590 efﬁcitur
1188 1533 1392 1588 amicus
1417 1533 1532 1598 Dei,
1566 1532 1668 1587 nisi
1688 1531 2084 1602 purgatissimis

509 1625 771 1690 moribus,
806 1633 860 1680 et
887 1625 979 1680 illo
1005 1623 1111 1679 line
1129 1625 1384 1694 prmeepti
1410 1624 1474 1679 de
1489 1638 1595 1692 quo
1609 1623 1740 1678 dicit
1756 1622 2045 1694 Apostolus
2065 1641 2078 1678 :

507 1714 665 1770 Finis
688 1724 858 1770 autem
884 1716 1126 1786 prtecepti
1146 1724 1222 1769 est
1247 1714 1475 1768 charitas
1503 1713 1566 1767 de
1594 1713 1747 1768 corde
1766 1730 1897 1784 puro
1909 1723 1956 1768 et
1968 1731 2086 1769 con-

2181 616 2321 664 tunt.
2354 608 2508 676 Quod
2533 625 2723 666 omnes
2763 611 3010 667 homines
3047 621 3274 682 possunt
3317 615 3367 669 si
3410 617 3614 683 velint,
3648 622 3763 689 quia

2165 698 2315 756 illud
2342 699 2524 756 lumen
2537 717 2750 757 omnem
2772 702 3036 758 illuminat
3064 705 3341 759 hominem
3364 709 3687 765 venientem
3713 712 3760 767 in

2181 789 2326 846 hunc
2346 791 2632 847 mundum.
2662 790 2806 862 Ergo
2848 793 3082 848 tenebrae
3107 802 3264 848 erant
3310 811 3476 865 super
3509 799 3760 868 abyssum

2181 888 2471 952 antequam
2497 881 2590 938 lux
2629 881 2732 938 ista
2755 883 2928 940 fieret.
2952 883 2980 925 ἀ
3002 884 3413 960 Consequenter
3428 889 3503 945 de
3524 890 3634 946 hoc
3653 891 3758 950 loco

2181 970 2380 1028 dicitur
2393 989 2407 1026 :

2251 1061 2323 1116 Et
2351 1062 2486 1117 dixit
2508 1061 2674 1148 Deus,
2699 1064 2796 1133 ﬁat
2825 1063 2938 1133 lux,
2963 1067 3092 1138 quia
3115 1069 3209 1126 ubi
3228 1069 3320 1126 lux
3348 1087 3460 1128 non
3489 1082 3601 1140 est,
3628 1082 3756 1132 tene-

2181 1150 2294 1207 brat
2329 1159 2484 1218 sunt,
2515 1169 2624 1209 non
2658 1155 2786 1225 quia
2821 1156 3023 1238 aliquid
3054 1168 3180 1215 sunt
3225 1164 3487 1230 tenebrae,
3519 1166 3620 1220 sed
3660 1168 3756 1238 ipsa

2181 1241 2316 1298 lucis
2339 1243 2582 1298 absentia
2610 1234 3145 1317 tenebrae'dicuntur;
3189 1251 3330 1307 sicut
3353 1253 3644 1310 silentium
3666 1234 3756 1312 non

2182 1332 2365 1402 aliqua
2390 1348 2477 1389 res
2505 1341 2607 1401 est,
2635 1337 2728 1392 sed
2755 1338 2847 1392 ubi
2870 1353 3036 1395 sonus
3060 1356 3169 1396 non
3191 1350 3296 1409 est,
3325 1344 3618 1401 silentium
3644 1349 3756 1403 dici-

2182 1429 2293 1478 tur.
2318 1423 2386 1479 Et
2416 1426 2633 1482 nuditas
2666 1443 2774 1484 non
2811 1429 2988 1500 aliqua
3039 1447 3126 1488 res
3161 1445 3262 1498 est,
3295 1436 3393 1490 sed
3435 1437 3492 1492 in
3551 1454 3756 1510 corpore

2182 1515 2273 1570 ubi
2305 1522 2670 1584 tegumentum
2694 1534 2803 1574 non
2825 1530 2926 1588 est,
2957 1523 3172 1579 nuditas
3194 1525 3416 1582 dicitur.
3444 1528 3518 1582 Et
3543 1529 3755 1587 inanitas

2181 1622 2291 1662 non
2319 1615 2401 1662 est
2431 1607 2652 1678 aliquid,
2681 1611 2775 1666 sed
2797 1611 2948 1668 locus
2973 1615 3064 1670 ubi
3087 1630 3284 1686 corpus
3307 1634 3421 1674 non
3455 1627 3566 1687 est,
3596 1623 3753 1679 inanis

2183 1698 2399 1753 dicitur.
2435 1698 2526 1756 Sic
2554 1703 2810 1770 tenebrm,
2840 1715 2864 1742 θ
2894 1712 2954 1759 ιιι
2978 1705 3091 1776 jam
3119 1709 3378 1777 diximus,
3409 1728 3524 1768 non
3570 1715 3754 1784 aliquid

507 1809 728 1862 scientia
754 1809 888 1862 bona
900 1817 948 1861 et
961 1808 1066 1877 ﬁde
1092 1824 1196 1862 non
1216 1807 1342 1877 ﬁcta
1367 1804 1419 1876 (Ι
1441 1805 1727 1878 Tim.t,5),
1752 1809 1894 1878 quod
1920 1808 2009 1864 isti
2034 1808 2083 1864 si
2110 1873 2152 1878 Α-
2184 1797 2342 1856 sum;
2371 1791 2466 1845 sed
2495 1792 2587 1846 “bi
2609 1792 2700 1848 Ῑυι
2745 1809 2853 1850 Ποη
2902 1806 3006 1864 εει,
3031 1800 3268 1856 tenebrat
3315 1803 3586 1860 dicuntur.
3633 1807 3753 1864 Haec

509 1896 788 1962 haberent,
813 1912 920 1952 non
941 1906 1124 1954 essent
1150 1899 1412 1954 haeretici.

583 1988 735 2055 Quod
792 1999 972 2044 autem
1016 1993 1260 2061 sequitur
1285 1992 1339 2047 in
1367 1993 1506 2049 libro
1530 1993 1802 2050 Geneseos
1849 2009 1863 2048 :
1918 1994 2082 2050 Terra

510 2091 684 2135 autem
706 2091 817 2135 erat
837 2082 1107 2137 invisibilis
1128 2093 1175 2138 et
1194 2085 1555 2156 incomposita,
1582 2087 1661 2142 sic
1683 2087 2084 2156 reprehendunt

510 2170 822 2237 Manichaei,
877 2181 939 2228 ut
967 2174 1150 2230 dicant
1197 2192 1209 2230 :
1257 2175 1536 2242 Quomodo
1567 2177 1622 2232 in
1662 2178 1924 2248 principio
1952 2177 2083 2234 fecit

508 2265 652 2321 Deus
675 2265 870 2321 coelum
901 2274 956 2321 et
980 2275 1179 2322 terram
1201 2309 1216 2334 ,
1259 2269 1306 2324 si
1333 2267 1449 2339 jam
1481 2278 1627 2325 terra
1657 2277 1774 2325 erat
1795 2270 2081 2327 invisibilis

508 2368 563 2413 ct
593 2359 980 2430 incomposita?
1005 2361 1188 2432 Itaque
1211 2377 1335 2417 cum
1355 2363 1542 2418 volunt
1559 2363 1768 2419 divinas
1787 2363 2083 2433 scripturas

512 2449 666 2519 prius
693 2450 999 2520 vituperare
1025 2467 1186 2521 quam
1209 2467 1390 2519 nosse,
1414 2453 1579 2508 etiam
1605 2468 1693 2509 res
1715 2453 2083 2524 apertissimas

509 2555 620 2595 non
647 2541 970 2612 intelligunt.
1019 2541 1159 2609 Quid
1188 2544 1332 2598 enim
1378 2543 1716 2600 manifestius
1749 2545 1854 2600 dici
1882 2545 2080 2614 potuit,

507 2648 669 2700 quam
703 2633 805 2688 hoc
832 2632 1037 2687 dictum
1073 2641 1156 2688 est
1185 2651 1198 2686 :
1231 2633 1300 2688 In
1320 2635 1576 2705 principio
1599 2635 1719 2704 fecit
1739 2635 1880 2690 Deus
1895 2635 2082 2690 caelum

507 2733 554 2777 et
577 2733 795 2788 terram,
825 2732 968 2778 terra
991 2731 1169 2778 autem
1192 2725 1308 2793 ipsa
1323 2740 1484 2794 quam
1502 2725 1628 2781 fecit
1649 2726 1811 2792 Deus,
1840 2727 2055 2783 invisibi
2079 2756 2084 2762 ·

509 2814 579 2868 lis
613 2822 730 2866 erat
750 2822 804 2868 et
838 2814 1214 2882 incomposita.
1243 2812 1548 2884 Antequam
1567 2816 1709 2870 Deus
1729 2816 1970 2870 omnium
1995 2831 2084 2870 re-

505 2918 626 2957 rum
654 2901 996 2958 formasloeis
1023 2911 1079 2956 et
1108 2903 1324 2958 sedibus
1339 2904 1452 2959 suis
1473 2904 1718 2959 ordinata
1742 2905 2082 2961 distinctione

507 2993 838 3061 disponeret,
872 3002 1161 3062 antequam
1181 2993 1420 3061 diceret,
1448 2993 1573 3050 Fiat
1609 2995 1702 3050 (ua:
1727 3036 1742 3062 ,
1777 3004 1832 3052 et
1864 2997 1959 3066 ﬁat
1981 2979 2083 3066 ﬁ}-

505 3092 843 3149 mamentum,
872 3091 928 3138 et
951 3093 1324 3155 congregemur
1347 3101 1518 3156 nquw,
1548 3093 1604 3140 et
1629 3094 1877 3157 appareat
1903 3085 2075 3152 arida,

507 3179 612 3227 etc.
635 3213 648 3239 ,
672 3190 792 3243 quae
818 3174 873 3228 in
899 3189 964 3230 eo
1016 3174 1155 3230 libro
1183 3191 1280 3245 per
1328 3176 1572 3230 ordinem
1602 3175 1682 3232 sic
1713 3181 2074 3245 exponuntur,

505 3262 954 3331 quemadmodum
982 3279 1046 3320 ea
1071 3265 1280 3336 parvuli
1309 3273 1531 3335 possent
1559 3280 1770 3335 capere.
1800 3266 1929 3333 Quae
1955 3280 2077 3322 om-

2109 1873 2162 1936 Β
2185 1881 2306 1937 ideo
2333 1882 2585 1950 diximus,
2611 1885 2738 1956 quia
2761 1887 2937 1944 solent
2965 1890 3144 1947 dicere
3178 1907 3195 1947 :
3231 1893 3388 1950 Unde
3442 1905 3590 1953 erant
3631 1901 3750 1970 ipsa:

2183 1974 2418 2030 tenebrae
2443 1991 2606 2046 super
2632 1979 2906 2048 abyssum,
2930 1991 3216 2052 antequam
3247 1985 3396 2043 Deus
3443 1986 3640 2046 faceret
3683 1991 3750 2045 lu-

2182 2065 2336 2120 cem?
2373 2067 2494 2136 quis
2522 2066 2642 2123 illas
2670 2066 2892 2138 fecerat,
2916 2071 3000 2126 vel
3026 2076 3321 2144 genuerat?
3373 2086 3479 2132 aut
3522 2079 3568 2134 si
3609 2095 3746 2135 nemo

2181 2157 2384 2215 fecerat
2435 2161 2521 2215 vel
2569 2171 2828 2231 genuerat
2875 2178 3000 2233 eas,
3027 2176 3246 2222 acterna:
3292 2178 3460 2224 erant
3506 2173 3747 2228 tenebrae?

2181 2253 2335 2322 quasi
2363 2251 2565 2325 aliquid
2590 2255 2699 2309 sint
2730 2257 2984 2313 tenebrae.
3016 2257 3142 2324 Sed,
3165 2267 3227 2314 ut
3263 2260 3480 2316 dictum
3503 2271 3613 2329 est,
3633 2263 3746 2318 lucis

2181 2345 2427 2400 absentia
2456 2345 2561 2402 hoc
2590 2362 2788 2403 nomen
2815 2351 3042 2422 accepit.
3096 2349 3202 2408 Sed
3246 2353 3376 2424 quia
3427 2354 3535 2426 ipsi
3578 2355 3746 2411 fabulis

2180 2437 2295 2494 suis
2324 2438 2532 2508 decepti
2580 2440 2922 2496 crediderunt
2969 2450 3182 2513 gentem
3221 2459 3345 2500 esse
3395 2449 3740 2513 tenebrarum,

2182 2529 2239 2585 in
2266 2543 2371 2599 qua
2399 2536 2454 2584 et
2485 2544 2728 2599 corpora,
2759 2539 2815 2588 et
2851 2530 3071 2601 formas,
3097 2542 3152 2589 et
3180 2535 3394 2592 animas
3426 2537 3486 2591 in
3513 2537 3618 2593 illis
3646 2553 3746 2594 cor-

2180 2623 2404 2692 poribus
2439 2619 2605 2677 fuisse
2633 2623 2993 2690 arbitrantur;
3038 2623 3158 2680 ideo
3185 2634 3382 2697 putant
3428 2629 3576 2698 quod
3619 2639 3746 2684 tene-

2180 2713 2294 2768 brae
2319 2712 2520 2782 aliquid
2547 2713 2674 2777 sint,
2699 2719 2755 2767 et
2780 2729 2887 2769 non
2917 2714 3225 2786 intelligunt
3255 2733 3366 2772 non
3394 2720 3590 2775 sentiri
3622 2730 3748 2774 tene-

2179 2804 2330 2870 bras,
2350 2803 2454 2858 nisi
2486 2804 2699 2874 quando
2733 2821 2841 2860 non
2887 2807 3161 2875 videmus;
3209 2809 3355 2865 sicut
3407 2809 3428 2848 ί
3467 2827 3575 2867 non
3600 2811 3751 2866 scuti-

2180 2911 2302 2951 mus
2363 2895 2668 2960 silentium,
2715 2897 2820 2954 nisi
2865 2899 3079 2967 quando
3124 2914 3236 2956 non
3285 2902 3551 2958 audimus.
3609 2901 3752 2957 Sicut

2180 2997 2361 3045 autem
2385 2989 2658 3046 silentium
2685 2991 2822 3046 nihil
2846 3000 2961 3059 est;
2995 2993 3074 3049 sic
3099 3003 3154 3050 et
3188 2995 3423 3050 tenebrae
3444 2995 3576 3050 nihil
3596 3003 3740 3050 sunt.

2182 3084 2335 3140 Sicut
2365 3091 2545 3138 autem
2585 3082 2674 3138 isti
2697 3082 2884 3139 dicunt
2915 3094 3130 3156 gentem
3178 3087 3505 3143 tenebrarum
3550 3093 3739 3140 contra

2181 3175 2278 3230 Dei
2297 3175 2470 3231 lucem
2495 3191 2792 3246 pugnasse;
2811 3177 2891 3233 sic
2909 3187 3086 3249 potest
3101 3179 3308 3236 etalius
3329 3178 3566 3236 similiter
3577 3193 3751 3235 vanus

2181 3267 2382 3332 dicere,
2424 3276 2638 3336 gentem
2688 3268 3023 3325 silentiorum
3073 3279 3265 3327 contra
3306 3271 3404 3327 Dei
3440 3286 3629 3329 vocem
3653 3288 3750 3343 pu-

504 3353 596 3406 nia
631 3355 906 3410 continent
931 3365 1044 3410 tam
1075 3371 1269 3426 magna
1294 3355 1553 3426 mysteria
1574 3395 1590 3420 ,
1641 3363 1701 3410 ut
1746 3356 1991 3426 quisquis
2014 3371 2080 3412 ea
2180 3372 2396 3430 gnasse.
2413 3357 2521 3414 Sed
2543 3358 2662 3414 illas
2685 3361 2951 3417 vanitates
2971 3362 3129 3417 modo
3149 3377 3257 3418 non
3272 3361 3751 3435 suscipimusrelel-

507 3444 778 3512 didicerit,
799 3449 1042 3503 omnium
1065 3447 1444 3504 haereticorum
1470 3447 1768 3503 vanitatem
1790 3448 1875 3504 vel
1901 3447 2084 3503 doleat
2181 3450 2293 3506 lere
2321 3459 2482 3520 atque
2507 3451 2857 3518 convincere;
2889 3466 3032 3507 nunc
3053 3452 3198 3508 enim
3231 3468 3296 3508 ea
3333 3469 3457 3523 quae
3480 3454 3752 3525 reprehen-

507 3537 633 3606 quia
656 3539 903 3594 homines
929 3546 1090 3606 sunt,
1129 3539 1213 3596 vel
1235 3538 1409 3594 rideat
1437 3537 1564 3608 quia
1589 3537 1806 3610 superbi
1835 3546 1982 3593 sunt.
2183 3541 2316 3596 dunt
2341 3541 2396 3595 in
2420 3542 2588 3596 veteri
2617 3549 2940 3598 testamento
2958 3543 3248 3599 statuimus
3271 3543 3753 3615 defendere,quan-

577 3628 832 3698 Sequitur
867 3630 923 3683 in
966 3629 1059 3684 illo
1097 3630 1236 3686 libro
1288 3646 1303 3684 :
1355 3629 1424 3685 Et
1467 3630 1690 3684 tenebrae
1736 3637 1886 3684 erant
1927 3645 2082 3700 super
2181 3639 2299 3687 tum
2327 3639 2387 3687 ut
2435 3647 2521 3688 res
2570 3632 2829 3688 Dominus
2871 3643 3130 3705 praestare
3169 3635 3448 3707 dignetur,
3480 3619 3542 3692 et
3593 3638 3648 3693 in
3688 3637 3754 3693 eis

505 3719 750 3788 abyssum
778 3718 932 3788 (Gen.
962 3737 1002 3785 ι,
1023 3720 1079 3790 2)
1099 3761 1114 3785 ,
1142 3720 1283 3790 quod
1297 3720 1575 3776 Manichaai
1597 3719 1649 3791 [δ
1673 3719 1756 3773 vel
1784 3726 2081 3774 sectatores
2183 3723 2486 3788 ostendere,
2512 3731 2701 3778 contra
2749 3724 3034 3780 veritatem
3074 3724 3169 3782 Dei
3210 3725 3353 3782 nihil
3385 3727 3577 3784 valere
3601 3727 3753 3784 homi-

505 3809 716 3880 eorum]
749 3811 1148 3876 reprehendunt
1199 3812 1440 3866 dicentes
1493 3829 1506 3864 :
1562 3811 1620 3864 In
1658 3810 1898 3865 tenebris
1951 3822 2114 3880 ergo.
2181 3827 2313 3868 num
2339 3813 2655 3868 caecitatem.
2683 3812 2957 3883 Sequitur.

505 3899 649 3952 Deus
680 3906 796 3951 erat
822 3907 1108 3968 antequam
1129 3899 1331 3956 faceret
1355 3901 1564 3956 lucem?
1592 3901 1730 3955 Vere
1751 3899 1855 3969 ipsi
1878 3909 2004 3955 sunt
2027 3900 2083 3955 in
2254 3901 2406 3969 Quod
2435 3911 2615 3956 autem
2643 3905 2906 3973 scriptum
2931 3911 3015 3960 est
3045 3918 3062 3959 :
3088 3903 3160 3960 Et
3189 3905 3426 3977 Spiritus
3450 3908 3561 3965 Dei
3582 3911 3758 3980 fereba-

507 3988 748 4044 tenebris
778 3989 1120 4058 ignorantize,
1148 3999 1203 4044 et
1231 3991 1354 4047 ideo
1381 4008 1489 4046 non
1538 3991 1844 4061 intelligunt
1868 3990 2043 4045 lucem
2062 4031 2079 4058 ,
2184 4003 2272 4050 tur
2302 4011 2459 4066 super
2483 4012 2674 4066 aquam
2703 3995 2858 4066 (Gen.
2887 4013 2927 4064 ι,
2953 3983 3146 4069 2),sic
3174 3998 3351 4054 solent
3379 3999 3665 4058 Manichaei
3687 4015 3756 4056 re-

508 4084 563 4138 in
590 4098 692 4152 qua
713 4082 852 4137 Deus
874 4091 992 4137 erat
1019 4091 1306 4154 antequam
1337 4082 1539 4139 laceret
1563 4083 1722 4138 istam
1751 4081 2081 4138 lucem.Non
2182 4085 2535 4156 prehendere,
2560 4093 2622 4140 ut
2655 4085 2838 4141 dicant
2872 4101 2888 4140 :
2917 4087 3072 4158 Aqua
3099 4103 3227 4158 ergo
3253 4098 3372 4145 erat
3405 4092 3755 4148 habitaculum

507 4175 651 4229 enim
681 4183 941 4231 noverunt
981 4175 1069 4229 isti
1094 4175 1292 4241 lucem,
1344 4174 1451 4230 nisi
1478 4189 1640 4244 quam
1671 4173 1880 4228 carneis
1912 4172 2082 4229 oculis
2184 4174 2406 4245 spiritus
2431 4175 2557 4242 Dei,
2581 4184 2637 4233 et
2666 4177 2782 4247 ipsa
2803 4177 3113 4234 continebat
3140 4179 3392 4250 spiritum
3418 4180 3562 4238 Dei?
3591 4181 3754 4238 Totum

506 4266 712 4331 vident,
737 4275 792 4322 et
820 4267 938 4320 ideo
964 4267 1127 4321 istum
1165 4266 1334 4321 solem
1357 4279 1519 4335 quem
1539 4265 1743 4334 pariter
1765 4279 1874 4319 non
1908 4263 2081 4319 solum
2182 4277 2450 4323 conantur
2468 4283 2727 4340 perversa
2751 4279 2931 4326 mente
2962 4278 3294 4343 pervertere,
3321 4280 3378 4327 et
3423 4285 3758 4330 excmcantur

507 4377 630 4418 cum
657 4361 846 4417 bestiis
866 4359 1178 4430 majoribus,
1224 4375 1410 4416 verum
1439 4359 1605 4415 etiam
1633 4372 1756 4414 cum
1781 4358 1985 4414 muscis
2026 4364 2083 4412 et
2183 4357 2390 4414 malitia
2442 4375 2560 4414 sua.
2613 4358 2747 4415 Cum
2797 4360 2943 4416 enim
2994 4361 3250 4426 dicimus,
3296 4362 3382 4418 sol
3433 4364 3758 4437 super-fertur

506 4454 817 4509 vermiculis
847 4454 1120 4509 cernimus
1138 4494 1152 4519 ,
1207 4453 1284 4508 illi
1308 4453 1386 4508 sic
1408 4453 1625 4516 colunt,
1654 4459 1714 4506 ut
1755 4449 2083 4521 particulam
2184 4462 2348 4519 super
2374 4455 2599 4516 terram,
2629 4449 2891 4520 numquid
2929 4449 3034 4506 hoc
3077 4450 3305 4523 intelligi
3331 4451 3618 4522 volumus,
3640 4454 3762 4525 quod

509 4547 691 4604 dicant
713 4561 832 4603 esse
857 4547 990 4602 lueis
1017 4547 1159 4602 illius
1184 4547 1238 4600 in
1268 4561 1374 4616 qua
1414 4545 1623 4601 habitat
1651 4545 1814 4600 Deus.
1844 4543 1952 4599 Sed
1980 4557 2081 4599 nos
2108 4591 2164 4616 ,ι
2186 4536 2244 4592 in
2276 4545 2420 4592 terra
2462 4537 2542 4592 sol
2585 4538 2811 4604 habitet,
2837 4545 2894 4594 et
2926 4545 3073 4595 terra
3116 4539 3288 4596 solem
3334 4543 3662 4599 contineat?
3707 4542 3762 4597 Et

509 4591 872 4708 intelligamus
895 4637 1054 4692 aliam
1079 4652 1202 4692 esse
1228 4591 1404 4694 lu‘cem
1433 4638 1488 4692 in
1519 4652 1623 4707 qua
1665 4636 1808 4692 Deus
1827 4636 2038 4691 habitat
2063 4650 2079 4690 :
2107 4591 2165 4655 Β
2187 4634 2368 4683 tamen
2394 4643 2500 4683 non
2527 4628 2607 4683 sic
2633 4627 2867 4698 Spiritus
2887 4629 2984 4685 Dei
3011 4631 3037 4671 ⁸
3063 4629 3341 4687 ferebatur
3362 4647 3543 4703 super
3566 4650 3762 4706 aquam.

509 4730 654 4784 unde
679 4740 763 4785 est
799 4731 929 4785 illud
973 4731 1153 4785 lumen
1199 4729 1266 4785 de
1296 4745 1402 4800 quo
1429 4729 1486 4784 in
1514 4729 1808 4800 Evangelio
1834 4729 2032 4785 dicitur
2065 4746 2079 4783 :
2185 4719 2327 4776 sicut
2371 4716 2708 4788 superfertur
2748 4719 2829 4776 sol
2882 4734 3044 4790 super
3093 4729 3314 4788 terram,
3340 4723 3438 4778 sed
3479 4725 3599 4782 alio
3627 4724 3766 4781 modo

512 4832 536 4860 ο
575 4821 706 4876 Erat
744 4819 836 4875 tua:
881 4837 1000 4875 cera
1042 4837 1159 4892 qm
1182 4820 1446 4877 illuminat
1475 4837 1679 4876 omnem
1715 4821 1975 4875 hominem
2003 4837 2087 4875 ve-
2186 4811 2530 4915 quemnpauci
2559 4809 3026 4915 ἱιιιειιῑειιιιιοᾘοιι
3044 4812 3512 4915 «ξιιξωρεζξρειιίει
3543 4816 3766 4915 ιοοοειιιξ

510 4915 736 4968 nientem
790 4915 846 4967 in
895 4913 1032 4966 hunc
1088 4914 1340 4968 mundum
1368 4915 1551 4986 (Joan.
1586 4929 1639 4978 ι,
1677 4913 1753 4987 9).
1786 4911 1921 4968 Nam
1955 4912 2081 4968 solis

2187 4900 2623 4971 superferebatur
2677 4917 2831 4973 aqua:
2878 4902 2955 4958 illi
3001 4903 3246 4974 spiritus,
3294 4905 3438 4961 sicut
3488 4913 3658 4966 terra:
3684 4900 3767 4964 ἐει

512 5003 671 5060 istius
702 5003 884 5058 lumen
923 5018 1030 5056 non
1080 5004 1346 5059 illuminat
1404 5005 1678 5060 hominem
1707 5045 1722 5071 ,
1759 5005 1854 5059 sed
1891 5019 2081 5074 corpus

2187 4991 2540 5063 superfertur,
2578 4995 2672 5049 sed
2699 5007 2798 5064 per
2829 4994 3123 5064 potentiam
3159 4995 3446 5054 invisibilis
3469 4999 3769 5056 sublimita-

513 5093 774 5159 hominis,
796 5101 851 5149 et
871 5077 1329 5151 mortales'oculos
1348 5095 1545 5164 quibus
1569 5109 1669 5150 nos
1690 5093 1914 5149 vincunt
1935 5093 2090 5161 aqui-
2186 5084 2260 5140 lis
2280 5099 2410 5140 θυεερ
2451 5084 2644 5139 Dicant
2678 5092 2858 5140 autem
2883 5085 3040 5142 nobis
3067 5086 3175 5152 isti,
3202 5089 3473 5158 quomodo
3497 5091 3594 5148 his
3625 5092 3770 5147 rebus

511 5187 688 5244 larum
716 5187 878 5252 oculi,
925 5187 1016 5256 qui
1060 5187 1227 5243 solem
1260 5188 1425 5243 istum
1472 5186 1642 5242 multo
1695 5185 1888 5241 melius
1922 5199 2081 5254 quam

2187 5191 2308 5247 quae
2331 5174 2657 5233 fabricandae
2685 5184 2867 5245 erunt,
2893 5177 3263 5249 superferatur
3303 5181 3568 5240 voluntas
3622 5183 3768 5239 labri.

513 5295 616 5335 nos
637 5278 885 5333 dicuntur
899 5277 1158 5348 aspicere.
1182 5276 1317 5334 Illud
1341 5286 1521 5332 autem
1542 5276 1726 5332 lumen
1744 5290 1851 5330 non
1865 5274 2089 5331 inratio—
2189 5270 2344 5338 Quod
2368 5271 2414 5326 si
2452 5271 2569 5326 haec
2602 5271 2837 5326 humana
2865 5279 2921 5327 et
2951 5273 3260 5342 quotidiana
3284 5289 3395 5330 non
3422 5277 3772 5348 comprehen-

513 5370 722 5425 nalium
765 5369 943 5424 avium
971 5371 1160 5426 oculos
1181 5371 1386 5440 pascit;
1427 5367 1520 5424 sed
1544 5383 1679 5440 pura
1705 5367 1868 5422 corda
1897 5380 2087 5422 eorum
2188 5367 2341 5433 dunt,
2369 5366 2594 5421 timeant
2619 5366 2808 5433 Deum,
2833 5374 2890 5421 et
2913 5366 3142 5438 simplici
3173 5369 3334 5423 corde
3359 5369 3509 5438 quod
3552 5385 3668 5426 non
3697 5369 3770 5424 in-

513 5464 608 5536 qui
644 5464 754 5521 Deo
784 5464 1036 5532 credunt,
1066 5472 1122 5521 et
1145 5465 1214 5520 ab
1249 5477 1433 5519 amore
1466 5461 1761 5518 visibilium
1806 5475 1987 5517 rerum
2031 5467 2088 5515 et
2187 5461 2434 5532 telligunt
2467 5467 2739 5532 quaerant,
2767 5474 2837 5517 ne
2877 5475 3000 5517 eum
3039 5459 3226 5516 volunt
3259 5460 3444 5517 verbis

2266 5630 2289 5658 ο
2316 5619 2374 5674 in
2399 5618 2560 5673 editis
2587 5619 2778 5673 desunt
2807 5618 2924 5674 haec
2957 5618 3141 5686 verba,
3165 5627 3219 5673 ut
3241 5618 3359 5688 jam
3386 5619 3653 5675 diximus.

2265 5689 2289 5770 ξ
2328 5690 2471 5770 Editi
2501 5689 2704 5770 legunt,
2738 5705 2843 5742 non
2878 5690 3119 5770 sentitur.

2264 5763 2289 5802 '5
2325 5759 2457 5817 Cum
2486 5758 2648 5818 editis
2671 5758 2806 5830 lege,
2825 5759 3246 5831 s_uperferebatur
3268 5777 3426 5833 super
3442 5778 3673 5833 aquam.

586 5635 612 5664 α
653 5621 818 5678 Uneis
846 5623 1052 5678 inclusa
1071 5621 1140 5687 [in
1162 5619 1319 5675 editis
1348 5636 1457 5674 non
1490 5619 1759 5687 leguntur.

587 5694 617 5733 ιι
656 5693 819 5759 Uncis
850 5693 1054 5748 inclusa
1079 5691 1133 5744 in
1171 5691 1330 5745 editis
1360 5707 1466 5746 non
1498 5690 1760 5759 leguntur.

590 5775 614 5804 ε
655 5755 713 5816 in
739 5764 896 5818 editis
915 5763 1126 5831 legitur,
1157 5760 1287 5814 Erat
1313 5760 1487 5814 lumen
1509 5755 1682 5831 verum
1703 5757 1860 5831 quod.

588 5834 617 5876 ιι
653 5833 712 5890 ln
738 5834 915 5901 editis,
940 5827 1003 5888 de
1027 5849 1131 5902 qua
1159 5840 1528 5900 consequenter
1566 5830 1661 5887 hoc
1705 5827 1820 5886 loco
1868 5827 2082 5886 dicitur.
