3950 6312
163 409 299 467 1115

1069 415 1200 475 LIB.
1238 413 1717 487 QUIESTIONUM
1757 415 1984 476 SUPER
2018 418 2147 478 LIB.
2191 419 2502 483 GENESlS.

3260 429 3408 490 1116

161 517 438 611 concidere
453 499 768 590 veritatem,
787 536 960 594 quam
986 525 1170 586 videre
1213 544 1323 586 non
1369 535 1608 601 possunt,
1633 543 1720 585 re-
1747 531 1802 594 Α
1825 538 1968 588 terra
1991 534 2257 605 appellata
2281 546 2384 594 est.
2421 539 2530 596 lsto
2559 553 2759 611 genere
2786 521 3076 600 locutionis
3103 523 3268 600 etiam
3297 530 3408 603 Do-

162 611 283 667 deat
307 609 408 666 illis
440 612 648 667 securis
696 612 752 667 in
802 629 980 670 crura.
1031 616 1166 674 Nam
1215 618 1307 674 illa
1359 619 1568 676 concidi
1614 635 1724 676 non

161 711 352 772 potest,
379 719 499 775 qua:
524 703 978 764 incommutabilis
1011 719 1220 778 manet;
1259 711 1354 766 sed
1391 726 1723 782 quaecunque

161 797 326 867 plaga:
370 799 422 854 in
477 796 624 852 illam
679 801 890 858 emissa:
935 803 1155 872 fuerint,
1186 809 1641 878 repercutiuntur,
1667 820 1726 868 et

161 885 346 954 majori
372 887 480 942 ictu
506 888 734 945 redeunt
763 891 818 946 in
844 907 958 959 eos,
985 895 1077 966 qui
1103 897 1308 953 caedere
1346 900 1547 958 audent
1581 906 1726 974 quod

161 980 373 1036 credere
395 981 668 1049 deberent,
690 992 750 1038 ut
772 984 1071 1058 intelligere
1090 999 1446 1048 mererentur.

231 1071 424 1128 Deinde
464 1082 727 1144 quaerunt,
753 1084 808 1132 et
841 1077 1146 1159 insultando
1177 1081 1558 1159 interrogant,
1581 1089 1724 1146 unde

157 1173 272 1220 erat
299 1165 408 1235 ipsa
433 1181 571 1236 aqua
603 1184 767 1239 super
797 1157 965 1240 quam
997 1157 1273 1231 ferebatur
1316 1177 1536 1248 spiritus
1590 1181 1717 1250 Dei;

156 1257 410 1328 numquid
459 1260 604 1314 enim
656 1263 904 1345 superius
954 1264 1212 1334 scriptum
1252 1276 1360 1334 est,
1391 1253 1535 1340 quod
1579 1272 1722 1330 Deus

155 1364 348 1419 aquam
361 1350 548 1406 fecerit
559 1353 582 1406 ?
592 1352 706 1409 Hoc
721 1353 767 1408 si
781 1354 868 1423 pie
882 1366 1205 1426 quaererent,
1222 1359 1522 1418 invenirent
1535 1378 1724 1434 quem-

155 1442 432 1499 admodum
475 1445 877 1516 intelligendum
917 1458 1079 1505 esset.
1122 1450 1240 1508 Non
1283 1453 1427 1508 enim
1454 1469 1594 1524 aqua
1643 1455 1723 1514 sic

154 1537 412 1606 appellata
437 1538 644 1593 esthoc
684 1539 823 1606 loco,
851 1549 910 1595 ut
941 1542 1057 1598 haec
1092 1559 1124 1597 a
1165 1544 1322 1601 nobis
1367 1545 1717 1616 intelligatur,

153 1643 313 1697 quam
343 1627 524 1684 videre
542 1628 655 1697 jam
681 1639 737 1684 et
763 1639 981 1703 tangere
1001 1650 1307 1704 possumus,
1323 1639 1593 1707 quomodo
1619 1655 1721 1696 nec

151 1727 294 1773 terra
314 1734 429 1788 quae
460 1719 741 1776 invisibilis
764 1729 818 1776 et
850 1722 1202 1795 incomposita
1252 1728 1392 1783 dicta
1435 1738 1554 1796 est,
1596 1731 1722 1788 talis

153 1817 294 1873 erat,
327 1809 498 1877 qualis
528 1810 630 1864 ista
674 1826 793 1880 quce
815 1811 926 1881 jam
964 1815 1133 1870 videri
1167 1824 1224 1872 et
1265 1820 1487 1874 tractari
1519 1829 1715 1890 potest.

1824 627 2003 683 minus
2026 627 2284 700 loquitur,
2312 647 2436 688 cum
2459 634 2590 690 dicit
2615 636 2793 690 z'Jam
2817 653 2919 691 non
2949 635 3065 691 dico
3093 653 3180 691 vos
3207 654 3404 705 seruos,

1822 719 1946 788 quia
1971 735 2147 774 servus
2170 723 2329 776 nescit
2345 724 2472 794 quid
2493 725 2657 794 faciat
2676 726 2918 802 dominus
2942 717 3093 796 ejusf
3115 723 3213 781 Vos
3230 737 3405 782 autem

1823 804 1935 860 dixi
1961 809 2314 880 amicos,quia
2333 814 2509 867 omnia
2536 831 2653 885 quae
2682 815 2860 870 audivi
2885 833 2917 870 a
2939 815 3102 870 Patre
3122 832 3260 884 meo,
3283 826 3406 871 nota

1823 898 1924 968 feci
1947 899 2089 954 vobis
2118 897 2300 972 (Joan.
2335 918 2426 969 xv,
2458 904 2566 977 15).
2591 903 2711 961 Non
2744 906 2871 976 quia
2898 905 3100 961 factum
3139 914 3279 971 erat,
3307 906 3405 961 sed

1822 991 1949 1061 quia
1984 993 2284 1050 certissime
2319 993 2561 1053 futurum
2594 1005 2732 1053 erat.
2780 996 2916 1053 Nam
2959 1005 3082 1068 post
3129 997 3410 1066 paululum

1823 1085 1953 1141 dicit
1979 1085 2087 1142 illis
2115 1101 2131 1141 :
2161 1087 2345 1142 Adhuc
2374 1089 2539 1144 multa
2578 1091 2742 1145 habeo
2777 1091 2950 1146 dicere
2982 1091 3155 1156 uobis,
3176 1090 3268 1146 sed
3298 1106 3407 1145 non

1781 1171 1799 1205 '
1820 1178 2032 1248 potestis
2057 1186 2264 1249 portare
2287 1181 2442 1236 modo
2485 1181 2682 1254 (Joan.
2712 1199 2826 1251 xvi,
2843 1183 2911 1238 12
2929 1182 2972 1255 ).
3018 1183 3088 1240 Ut
3115 1182 3244 1254 quid
3269 1196 3407 1252 ergo

1822 1267 2032 1324 dixerat
2055 1287 2068 1324 :
2099 1269 2290 1326 Omnia
2309 1289 2426 1343 qua:
2451 1275 2626 1331 audivi
2657 1293 2689 1330 a
2716 1275 2876 1330 Patre
2897 1292 3010 1330 meo
3036 1285 3158 1330 nota
3187 1276 3287 1345 feci
3315 1291 3404 1330 vo-

1821 1357 1920 1425 bis,
1942 1360 2048 1415 nisi
2075 1361 2199 1432 quia
2223 1362 2427 1419 sciebat
2450 1365 2553 1421 hoc
2578 1381 2637 1421 se
2653 1381 2773 1422 esse
2792 1365 3092 1421 facturum?
3125 1365 3216 1421 Sic
3235 1367 3400 1421 etiam

1822 1451 2020 1508 coelum
2072 1460 2128 1508 et
2161 1460 2308 1509 terra
2347 1456 2522 1524 potuit
2564 1456 2670 1512 dici
2710 1457 2939 1512 materia
2971 1457 3114 1512 unde
3160 1455 3399 1514 nondum

1819 1548 1938 1596 erat
1965 1540 2166 1598 factum
2194 1543 2388 1600 caelum
2421 1552 2475 1603 et
2499 1552 2664 1612 terra,
2692 1546 2788 1601 sed
2809 1554 2993 1602 tamen
3038 1562 3146 1602 non
3183 1545 3400 1602 aliunde

1819 1631 2122 1690 faciendum
2147 1646 2284 1693 erat.
2330 1634 2755 1692 Innumerabiles
2804 1637 2939 1693 tales
2993 1637 3289 1693 locutiones
3338 1637 3397 1692 in

1819 1723 2105 1794 scripturis
2141 1725 2338 1781 divinis
2364 1727 2732 1794 inveniuntur,
2760 1728 2902 1783 sicut
2929 1727 2985 1783 in
3011 1727 3400 1785 consuetudine

1820 1806 2085 1869 sermonis
2131 1816 2324 1882 nostri,
2357 1832 2480 1872 cum
2526 1818 2581 1874 id
2626 1820 2770 1888 quod
2817 1805 3121 1874 certissime
3160 1815 3402 1874 futurum

155 1898 258 1952 Sed
286 1899 409 1958 illud
435 1901 580 1970 quod
608 1900 810 1956 dictum
840 1912 923 1959 est
947 1921 959 1956 :
986 1903 1054 1959 In
1079 1907 1332 1978 principio
1363 1885 1553 1963 creavit
1577 1909 1718 1967 Deus
1745 1885 1796 1947 Β
1821 1919 2120 1976 speramus,
2154 1906 2381 1962 dicimus
2413 1885 2788 1991 :jam-faetum
2808 1919 2959 1983 puto.

153 1987 327 2042 caelum
381 1998 426 2044 et
472 1999 664 2045 terram
713 1991 865 2063 (Gen.
893 2011 929 2060 ι,
963 1995 1036 2066 1),
1065 1995 1185 2052 caeli
1214 2005 1268 2052 ct
1303 2005 1460 2055 terra:
1501 2001 1718 2060 nomine

154 2081 399 2138 universa
423 2091 673 2140 creatura
709 2086 1010 2158 signiﬁcata
1040 2098 1139 2156 est,
1166 2106 1331 2162 quam
1355 2093 1483 2150 fecit
1510 2103 1565 2150 et
1592 2111 1718 2152 con-

153 2172 283 2228 didit
311 2175 468 2231 Deus.
492 2176 614 2232 Ideo
642 2187 821 2234 autem
860 2178 1168 2239 nominibus
1207 2184 1500 2243 visibilium
1535 2205 1717 2245 rerum

147 2261 263 2318 hmo
285 2265 540 2335 appellata
561 2275 702 2335 sunt,
716 2278 936 2339 propter
953 2271 1300 2339 parvulorum
1325 2274 1713 2349 infirmitatem,

144 2357 244 2427 qui
293 2360 465 2415 minus
508 2360 680 2417 idonei
727 2370 852 2417 sunt
897 2364 1187 2420 invisibilia
1240 2370 1713 2438 comprehendere.

144 2447 331 2503 Primo
353 2466 477 2521 ergo
501 2453 720 2508 materia
757 2452 898 2509 facta
947 2454 1029 2510 est
1078 2457 1299 2514 confusa
1346 2466 1400 2515 et
1449 2461 1713 2530 informis,

143 2538 288 2594 unde
331 2543 508 2595 omnia
559 2543 750 2600 fierent
799 2560 918 2616 qua:
970 2546 1223 2604 distincta
1274 2559 1436 2620 atque
1486 2551 1716 2610 formata

143 2640 290 2696 sunt,
323 2632 463 2702 quod
488 2635 648 2689 credo
673 2651 704 2690 a
725 2634 927 2692 Graecis
950 2636 1119 2693 Chaos
1145 2640 1426 2710 appellari.
1456 2641 1546 2698 Sic
1571 2644 1716 2699 enim

141 2733 199 2778 et
226 2724 328 2780 alio
355 2724 470 2781 loco
491 2725 720 2798 legimus
745 2729 947 2784 dictum
971 2731 1027 2786 in
1055 2731 1301 2789 laudibus
1326 2733 1441 2800 Dei,
1491 2733 1594 2800 Qui
1644 2737 1718 2806 fe:

140 2815 260 2869 cisti
288 2817 536 2871 mundum
576 2819 640 2873 de
681 2821 901 2874 materia
957 2820 1194 2892 informi,
1223 2832 1354 2890 etc.,
1382 2826 1526 2895 quod
1551 2805 1716 2897 aliqui

139 2906 353 2962 emices
379 2907 579 2963 habent
605 2910 670 2964 de
692 2912 911 2966 materia
940 2912 1127 2966 invisa.

212 3001 278 3055 Et
302 3001 420 3057 ideo
443 3001 586 3058 Deus
614 3004 915 3059 rectissime
942 3005 1181 3060 creditur
1214 3008 1394 3062 omnia
1439 3009 1505 3064 de
1545 3009 1715 3065 nihilo

137 3089 351 3156 fecisse,
381 3091 505 3161 quia
530 3093 743 3148 etiamsi
773 3094 953 3149 omnia
981 3093 1210 3150 formata
1237 3097 1304 3151 de
1335 3096 1439 3152 ista
1483 3100 1714 3155 materia

1891 1996 2042 2053 lianc
2069 2008 2247 2054 autem
2268 2000 2445 2056 adhuc
2469 2001 2753 2057 informem
2784 2004 3070 2060 materiam
3104 2003 3270 2059 etiam
3296 2010 3406 2058 ter-

1819 2101 1936 2144 ram
1965 2088 2285 2146 invisibilem
2318 2099 2373 2145 et
2398 2091 2807 2162 incompositam
2850 2093 3018 2150 voluit
3040 2093 3069 2134 b
3097 2093 3354 2164 appellari
3378 2110 3400 2160 ;

1819 2180 1947 2252 quia
1971 2180 2113 2237 inter
2135 2181 2316 2237 omnia
2344 2181 2610 2238 elementa
2633 2183 2838 2249 mundi,
2868 2191 3014 2239 terra
3038 2182 3252 2238 videtur
3294 2183 3403 2236 mi-

1817 2287 1921 2328 nus
1945 2273 2189 2344 speciosa
2222 2287 2385 2342 quam
2412 2273 2990 2331 cmteraslnvisibilem
3030 2280 3209 2328 autem
3260 2272 3405 2327 dixit-

1816 2373 2034 2436 propter
2060 2365 2462 2432 obscuritatem,
2493 2374 2548 2422 et
2593 2367 3003 2437 incompositam
3051 2373 3271 2437 propter
3317 2364 3401 2419 in-

1816 2455 2164 2512 formitatem.
2192 2455 2450 2512 Eamdem
2487 2458 2658 2528 ipsam
2694 2459 2978 2514 materiam
3011 2457 3176 2512 etiam
3201 2469 3396 2526 aquam

1817 2548 2126 2620 appellavit,
2149 2562 2311 2619 super
2347 2564 2510 2620 quam
2540 2549 2816 2606 ferebatur
2851 2549 3086 2621 Spiritus
3111 2550 3229 2617 Dei,
3257 2550 3400 2606 sicut

1815 2639 2150 2710 superfertur
2169 2639 2497 2698 fabricandis
2523 2643 2770 2698 voluntas
2789 2643 3044 2710 artificis;
3102 2645 3245 2714 quod
3289 2643 3394 2698 etsi

1814 2746 2109 2804 paucorum
2153 2731 2506 2804 intelligentia
2567 2741 2744 2805 potest
2789 2735 3055 2804 attingere
3080 2775 3096 2800 ,
3144 2733 3399 2789 humanis

1815 2831 1997 2880 tamen
2014 2823 2194 2880 verbis
2215 2824 2398 2880 nescio
2422 2831 2605 2880 utrum
2627 2840 2659 2881 a
2678 2826 2866 2896 paucis
2891 2827 3200 2882 hominibus
3226 2826 3403 2897 possit

1816 2917 2029 2991 exponi.
2074 2915 2366 2987 Propterea
2411 2916 2556 2972 enim
2602 2931 2711 2972 non
2766 2917 2998 2973 absurde
3042 2917 3209 2974 etiam
3255 2930 3399 2986 aqua

1815 3005 1956 3060 dicta
1977 3013 2061 3060 est
2083 3005 2187 3061 ista
2211 3006 2461 3072 materia,
2489 3005 2615 3076 quia
2641 3006 2821 3062 omnia
2856 3022 2977 3077 quae
3014 3007 3070 3062 in
3113 3013 3258 3061 terra
3299 3020 3403 3060 Ita-

1815 3102 2059 3161 scuntur,
2083 3095 2198 3151 sive
2242 3096 2514 3164 animalia,
2540 3097 2653 3152 sive
2693 3097 2905 3162 herbae,
2930 3097 3016 3152 vel
3059 3097 3282 3152 arbores
3301 3137 3317 3163 ,
3341 3104 3398 3152 et

134 3184 278 3241 facta
301 3193 440 3249 sunt,
474 3186 590 3242 haec
613 3186 729 3257 ipsa
761 3194 940 3243 tamen
971 3190 1196 3245 materia
1241 3190 1308 3246 de
1353 3191 1523 3247 nihilo
1571 3192 1712 3249 facta
1742 3235 1786 3257 η
1820 3185 1906 3241 llis
1930 3185 2148 3251 similia.
2176 3185 2245 3240 ab
2271 3186 2497 3241 humore
2531 3175 2794 3254 incipiunt
2828 3184 3054 3240 formari
3095 3195 3258 3256 atque
3295 3200 3399 3240 nu-

131 3289 239 3337 est.
268 3276 382 3332 Non
407 3277 548 3333 enim
578 3278 835 3334 debemus
859 3295 980 3335 esse
1008 3279 1210 3336 similes
1235 3280 1374 3348 istis,
1398 3282 1492 3352 qui
1537 3283 1709 3339 omni-

132 3377 412 3441 potentem
437 3369 607 3423 Deum
632 3383 738 3424 non
767 3369 995 3426 credunt
1018 3370 1220 3441 aliquid
1242 3371 1308 3427 de
1338 3371 1508 3429 nihilo
1534 3372 1713 3430 facere

131 3459 394 3531 potuisse,
410 3475 532 3515 cum
552 3460 894 3517 considerant
908 3460 1091 3517 fabros
1113 3470 1168 3516 ct
1191 3461 1465 3532 quoslibet
1487 3465 1708 3534 opifices

131 3569 245 3608 non
275 3567 432 3624 posse
456 3551 658 3622 aliquid
687 3552 974 3620 fabricare,
1005 3553 1109 3609 nisi
1134 3554 1418 3610 habuerint
1448 3557 1590 3612 unde
1637 3557 1713 3612 fa-

128 3646 364 3700 bricent.
418 3644 486 3699 Et
537 3644 683 3715 ligna
727 3645 871 3700 enim
909 3645 1164 3714 adjuvant
1192 3645 1712 3719 fabrum,etargen-

127 3741 249 3788 tum
291 3733 508 3803 adjuvat
558 3735 942 3805 argentarium,
989 3745 1044 3792 et
1090 3752 1283 3792 aurum
1331 3739 1624 3804 aurificem,
1660 3748 1714 3795 et

125 3833 278 3877 terra
308 3823 530 3894 figulum
556 3823 789 3893 adjuvat,
815 3833 874 3880 ut
901 3826 1073 3896 possit
1100 3827 1362 3897 perﬁcere
1382 3843 1544 3899 opera
1592 3845 1709 3886 sua.

125 3913 188 3968 Si
221 3914 366 3968 enim
397 3930 505 3969 non
524 3913 841 3984 adjuventur
865 3931 929 3971 ea
955 3919 1177 3973 materia
1215 3919 1359 3974 unde
1397 3918 1600 3990 aliquid
1631 3919 1712 3975 fa-

124 4004 311 4069 ciunt,
342 4004 475 4060 nihil
529 4013 756 4076 possunt
781 4005 993 4074 facere,
1024 4023 1148 4063 cum
1198 4008 1481 4064 materiam
1540 4010 1713 4080 ipsam

121 4112 246 4151 non
287 4095 389 4166 ipsi
415 4095 635 4152 faciunt.
684 4097 800 4153 Non
843 4099 987 4154 enim
1022 4098 1176 4156 faber
1204 4100 1335 4157 facit
1361 4101 1588 4173 lignum,
1617 4102 1713 4159 sed

115 4187 194 4242 de
229 4184 382 4256 ligno
409 4185 604 4258 aliquid
648 4186 800 4256 facit,
827 4188 906 4244 sic
935 4197 989 4244 et
1017 4190 1197 4245 caeteri
1240 4205 1429 4246 omnes
1470 4191 1709 4261 opifices.

112 4273 489 4345 Omnipotens
515 4284 696 4332 autem
730 4277 870 4334 Deus
909 4277 1056 4334 nulla
1094 4293 1154 4333 re
1197 4277 1528 4348 adjuvandus
1570 4289 1711 4348 erat,

112 4383 293 4439 quam
322 4367 439 4438 ipse
463 4383 570 4424 non
603 4367 828 4437 fecerat,
858 4378 918 4427 ut
942 4369 1084 4440 quod
1111 4370 1323 4428 volebat
1347 4370 1610 4439 efﬁceret;
1663 4372 1712 4428 si

108 4462 275 4516 enim
302 4459 373 4516 ad
397 4475 490 4518 eas
518 4477 606 4517 res
632 4477 766 4532 quas
796 4462 974 4520 facere
1012 4463 1246 4531 volebat,
1274 4452 1559 4534 adjuvabat
1585 4479 1711 4521 eum

1739 3235 1789 3300 C

1819 3276 1957 3331 triri.
1980 3276 2107 3332 Haec
2126 3291 2252 3346 ergo
2277 3277 2495 3332 nomina
2520 3277 2719 3342 omnia,
2753 3277 2866 3332 sive
2897 3277 3093 3332 coelum
3120 3284 3176 3332 et
3220 3284 3389 3343 terra,

1815 3372 1928 3428 sive
1958 3379 2101 3427 terra
2125 3371 2414 3428 invisibilis
2438 3379 2492 3428 et
2521 3373 2898 3444 incomposita,
2921 3381 2975 3429 et
3002 3374 3233 3446 abyssus
3272 3389 3395 3429 cum

1815 3463 2070 3528 tenebris,
2100 3463 2213 3519 sive
2240 3479 2378 3535 aqua
2423 3480 2584 3534 super
2624 3481 2787 3535 quam
2825 3464 3059 3535 Spiritus
3096 3465 3391 3533 ferebatur,

1813 3554 2030 3610 nomina
2079 3561 2206 3610 sunt
2259 3554 2505 3612 informis
2545 3557 2818 3624 materiae;
2852 3565 2912 3612 ut
2939 3572 3028 3612 res
3048 3557 3232 3629 ignota
3251 3558 3398 3612 notis

1813 3644 2088 3701 vocabulis
2121 3645 2487 3702 insinuaretur
2519 3648 2975 3717 imperitioribus;
3031 3657 3087 3704 et
3131 3663 3239 3704 non
3283 3664 3394 3705 uno

1813 3735 2094 3803 vocabulo,
2124 3737 2221 3794 sed
2255 3736 2469 3803 multis;
2525 3753 2592 3793 ne
2635 3737 2681 3793 si
2724 3752 2892 3793 unum
2929 3746 3103 3803 esset,
3131 3736 3232 3792 hoc
3275 3752 3400 3793 esse

1810 3833 2096 3896 putaretur
2117 3826 2260 3897 quod
2275 3835 2665 3882 consueverant
2682 3825 2929 3882 homines
2947 3825 3004 3881 in
3027 3825 3116 3882 illo
3129 3826 3397 3882 vocabulo

1813 3915 2136 3989 intelligere.
2168 3927 2190 3956 ο
2221 3917 2375 3973 Dicta
2397 3925 2484 3973 est
2503 3916 2700 3973 coelum
2735 3924 2790 3972 et
2813 3923 2981 3982 terra,
3003 3915 3129 3986 quia
3161 3913 3283 3970 inde
3307 3914 3399 3970 fu-

1813 4015 1998 4063 turum
2023 4016 2142 4064 erat
2169 4008 2366 4065 caelum
2383 4015 2438 4064 et
2456 4017 2623 4064 terra.
2647 4007 2801 4064 Dicta
2822 4015 2906 4062 est
2934 4013 3082 4062 terra
3109 4005 3397 4061 invisibilis

1812 4108 1868 4157 et
1891 4102 2265 4173 incomposita,
2291 4110 2346 4158 et
2371 4102 2608 4158 tenebrae
2641 4115 2803 4172 super
2836 4099 3114 4170 abyssum,
3141 4098 3268 4166 quia
3307 4098 3398 4152 in-

1812 4192 2004 4249 formis
2040 4201 2178 4260 erat,
2201 4201 2257 4249 et
2301 4193 2448 4250 nulla
2490 4193 2668 4264 specie
2693 4191 2844 4246 cerni
2865 4197 2959 4246 aut
2985 4187 3211 4244 tractari
3242 4197 3400 4258 pote-

1813 4291 1920 4350 rat,
1945 4283 2158 4339 etiamsi
2185 4292 2328 4340 esset
2353 4285 2516 4342 homo
2541 4287 2636 4357 qui
2668 4284 2877 4342 videret
2907 4291 3071 4356 atque
3111 4290 3393 4338 tractaret.
3421 4355 3426 4360 λ

1815 4371 1968 4429 Dicta
1996 4382 2078 4429 est
2103 4389 2264 4444 aqua,
2277 4375 2404 4445 quia
2429 4375 2607 4432 facilis
2629 4384 2685 4430 et
2706 4374 2920 4432 ductilis
2941 4374 3254 4444 subjacebat
3273 4387 3398 4442 ope-

1813 4466 1977 4531 ranti,
2009 4472 2069 4520 ut
2113 4466 2180 4521 de
2218 4466 2310 4521 illa
2344 4467 2526 4523 omnia
2569 4467 2934 4524 formarentur
2980 4482 2996 4521 :
3035 4466 3131 4522 sed
3171 4465 3272 4521 sub
3308 4464 3397 4520 his

106 4552 310 4622 aliqua
334 4567 424 4608 res
452 4567 612 4622 quam
642 4553 756 4624 ipse
787 4569 895 4610 non
920 4553 1156 4621 fecerat,
1186 4569 1295 4611 non
1321 4563 1441 4612 erat
1464 4538 1713 4628 omnipoQ
1735 4585 1793 4651 Β
1814 4555 2066 4612 omnibus
2095 4556 2406 4613 nominibus
2431 4558 2658 4614 materia
2680 4565 2799 4614 erat
2826 4557 3000 4614 invisa
3032 4564 3089 4611 et
3124 4552 3374 4611 informis

108 4653 277 4709 tens;
310 4641 457 4713 quod
481 4643 802 4716 sacrilegum
830 4654 912 4701 est
939 4647 1182 4703 credere.

186 4734 455 4793 Informis
480 4752 607 4808 ergo
636 4736 728 4792 illa
764 4738 989 4794 materia
1020 4753 1183 4809 quam
1235 4738 1304 4794 de
1353 4739 1521 4796 nihilo
1571 4740 1713 4797 Deus

1817 4648 1883 4705 de
1901 4662 2007 4718 qua
2035 4647 2178 4703 Deus
2213 4648 2452 4704 condidit
2480 4648 2779 4710 mundum“
2835 4659 2890 4682 -~'—

1883 4736 1912 4778 ἀ
1937 4735 2006 4792 1η
2023 4738 2281 4809 principio
2303 4741 2493 4794 creavit
2521 4739 2663 4794 Deus
2688 4737 2874 4794 celum
2897 4747 2945 4793 et
2987 4747 3202 4793 terram.
3246 4736 3396 4793 Istud

1815 4827 2112 4898 capitulum
2138 4826 2400 4886 librorum
2424 4830 2662 4886 omnium
2688 4837 2847 4898 caput
2879 4838 2990 4895 est;
3030 4828 3207 4884 omnis
3243 4843 3388 4883 nam-

1815 4935 1919 4991 que
1932 4919 2208 4990 Scriptura
2224 4921 2401 4976 divina
2420 4922 2674 4991 bipertita
2693 4931 2796 4987 est,
2813 4921 3395 4990 VetusTestamentum

1815 5017 1872 5064 et
1894 5009 2123 5066 Novum.
2147 5010 2266 5066 Alia
2291 5012 2488 5082 quippe
2523 5020 2649 5067 sunt
2671 5011 2761 5066 ubi
2789 5020 2992 5066 aeterna
3043 5010 3387 5078 intimantur,

1815 5107 1877 5155 ut
1897 5108 2019 5155 est:
2053 5100 2122 5155 In
2151 5101 2410 5172 principio
2450 5085 2562 5155 erat
2606 5100 2832 5156 Verbum
2881 5099 3063 5173 (Joan.
3088 5117 3128 5167 ι,
3156 5099 3229 5172 1).
3275 5100 3401 5156 Alia

95 4826 274 4893 fecit,
304 4827 573 4898 appellata
599 4835 683 4883 est
708 4829 884 4898 primo
925 4830 1123 4887 cmlum
1161 4840 1216 4886 et
1258 4839 1425 4898 terra,
1448 4847 1554 4889 non
1583 4833 1710 4903 quia

99 4919 224 4974 hoc
245 4917 370 4988 jam
401 4928 541 4986 erat,
569 4920 662 4977 sed
689 4921 816 4990 quia
865 4922 969 4978 hoc
1014 4937 1136 4979 esse
1178 4931 1410 4993 poterat.
1468 4924 1606 4980 Nam
1659 4931 1714 4979 et

94 5010 326 5066 caelum
360 5020 547 5082 postea
584 5014 842 5070 scribitur
883 5013 1103 5069 factum.
1155 5014 1620 5082 Quemadmodum
1665 5015 1712 5071 si

91 5116 314 5158 semen
355 5104 566 5160 arboris
603 5105 1028 5172 considerantes,
1051 5105 1296 5163 dicamus
1319 5107 1394 5163 ibi
1428 5122 1548 5163 esse
1571 5107 1714 5163 radi-

86 5208 202 5249 ces
233 5202 297 5250 et
329 5195 522 5262 robur,
552 5211 755 5262 ramos,
779 5196 1009 5264 fruetus,
1036 5206 1092 5254 et
1116 5197 1276 5265 folia;
1308 5213 1418 5253 non
1449 5199 1573 5269 quia
1598 5197 1716 5267 jam

85 5294 270 5351 sunt,
303 5287 404 5342 sed
434 5287 560 5358 quia
586 5288 710 5344 inde
749 5287 929 5344 futura
964 5297 1110 5344 sunt.
1166 5287 1259 5344 Sic
1304 5287 1510 5344 dictum
1559 5300 1643 5345 est
1694 5305 1710 5344 :

79 5376 170 5431 In
202 5378 482 5449 principio
511 5379 632 5448 fecit
655 5379 798 5435 Deus
822 5379 1006 5436 acetum
1035 5388 1082 5434 et
1105 5388 1322 5447 terram,
1349 5380 1505 5451 quasi
1529 5395 1714 5437 semen

77 5467 236 5522 coeli
286 5475 349 5524 et
377 5477 558 5535 teme,
590 5483 617 5510 ι
647 5485 769 5526 cum
810 5469 1035 5527 confusa
1074 5471 1250 5527 adhuc
1300 5479 1445 5527 esset
1497 5471 1619 5527 caeli
1663 5479 1717 5528 et

71 5570 278 5615 terra:
309 5541 558 5616 materia.
601 5559 707 5617 Sed
733 5562 860 5634 quia
897 5570 1106 5618 certum
1139 5569 1256 5618 erat
1304 5563 1428 5618 inde
1475 5561 1712 5618 futurum

69 5665 228 5706 esse
261 5651 473 5706 caelum
493 5660 548 5706 et
573 5657 797 5720 terram,
817 5652 928 5724 jam
957 5662 1012 5710 et
1041 5653 1157 5727 ipsa
1185 5653 1410 5710 materia
1436 5655 1631 5712 coelum
1661 5662 1716 5713 et

1815 5195 1964 5251 facta
2004 5204 2316 5261 narrantur,
2345 5204 2406 5250 ut
2439 5203 2562 5250 est:
2593 5195 2662 5250 In
2703 5195 2960 5266 principio
3011 5195 3203 5250 creavit
3227 5247 3231 5250 ,
3254 5193 3397 5250 Deus

1802 5288 2002 5343 caelum
2035 5297 2084 5343 et
2113 5298 2306 5343 terram
2333 5287 2488 5362 (Gen.
2519 5273 2662 5358 ι,’1).
2693 5287 2814 5343 Alia
2839 5287 3020 5343 futura
3043 5288 3396 5359 pronuntian—

1817 5387 1925 5446 tur,
1951 5387 2010 5454 ιιι
2037 5386 2122 5435 est
2150 5397 2163 5432 :
2195 5379 2326 5458 Cum
2366 5380 2559 5433 venerit
2605 5377 2747 5448 ﬁlius
2787 5379 3013 5433 hominis
3042 5379 3099 5432 in
3123 5377 3396 5448 majestate

1816 5488 1915 5526 sua
1953 5470 2104 5541 (Luc.
2131 5485 2205 5537 ix,
2230 5470 2342 5543 26).
2371 5470 2488 5525 Alia
2510 5485 2639 5526 vero
2662 5478 2788 5526 sunt
2816 5485 2937 5541 qua:
2971 5470 3186 5540 agenda.
3202 5467 3395 5538 praeci-

1818 5561 2058 5632 piuntur,
2089 5575 2212 5615 cum
2239 5560 2438 5614 dicitur
2477 5577 2489 5613 :
2525 5559 2721 5631 Diliges
2746 5562 3043 5632 proximum
3087 5568 3235 5612 tuum
3263 5557 3398 5610 sicut

1819 5653 2062 5723 teipsum,
2088 5659 2193 5707 etc.
2213 5651 2428 5722 (Matth.
2455 5667 2588 5718 χχιι,
2609 5653 2720 5725 59).
2738 5650 3253 5724 Βὶρθηίιίιξγετοδοει,
3269 5647 3398 5717 quia

1893 5797 1914 5858 αἶ
1943 5785 2098 5858 Editi
2120 5785 2322 5857 legunt,
2353 5786 2547 5841 dictum
2575 5795 2648 5841 est
2677 5805 2797 5858 ergo
2833 5787 3034 5843 caelum.

164 5797 196 5825 ιι
236 5785 402 5856 Editi
425 5786 625 5859 legunt,
652 5803 770 5840 cum
799 5788 852 5841 in
879 5787 1097 5856 confuso
1129 5788 1300 5844 adhuc
1326 5797 1472 5844 esset.
1503 5785 1508 5788 ’
1893 5797 1913 5824 ε
1957 5785 2098 5839 Editi
2120 5785 2322 5857 legunt,
2353 5786 2547 5841 dictum
2575 5795 2648 5841 est
2677 5805 2797 5858 ergo
2833 5787 3034 5843 cazlum.

167 5856 205 5896 λ»
257 5855 416 5928 Lege
436 5872 557 5914 cum
584 5858 760 5925 editis,
790 5857 1068 5926 appellare.
1667 5882 1672 5886 -
1892 5855 1918 5896 ιι
1941 5855 2021 5912 Ex
2037 5856 2437 5929 Augustino,dc
2451 5858 2646 5916 Genesi
2665 5858 2734 5914 ad
2757 5859 3012 5926 litteram,
3031 5857 3124 5914 lib.
3145 5869 3317 5926 I,cap.
3343 5852 3398 5923 1,

49 5852 64 5859 ’
167 5856 205 5896 λ’
257 5851 416 5928 Lege
436 5851 557 5914 cum
584 5858 760 5925 editis,
790 5851 1068 5926 appellare.
