3950 6312
506 440 658 518 ius

2005 440 2295 515 WICBODI

3637 404 3760 496 lll6

514 574 642 627 sunt
668 564 773 620 alia
798 577 918 635 qum
943 555 1234 622 secundum
1261 554 1489 629 ﬁguram
1530 555 1673 613 dicta
1712 562 1867 621 sunt,
1890 526 1954 610 ἰιι
2000 561 2083 611 est
2105 553 2162 618 Δ
2182 526 2415 610 tantum.
2457 551 2609 609 Sicut
2639 552 2801 609 homo
2831 551 2963 608 duas
3004 549 3289 623 parabolas
3324 552 3582 624 cognitas
3613 554 3758 610 simul

515 658 734 715 Cantica
754 654 1098 719 canticorum,
1122 658 1177 705 et
1208 657 1267 705 ut
1298 657 1380 707 est
1412 664 1427 703 :
1462 648 1671 714 Audiuit
1708 645 1876 701 Adam
1913 662 2086 700 vocem

516 747 727 803 Domini
758 745 852 801 Dei
890 740 1271 799 deambulanti:
1311 741 1368 796 in
1401 739 1649 811 paradiso
1700 732 1853 808 (Gen.
1884 734 2081 806 m,‘8);

514 847 570 897 et
584 837 690 894 alia
715 844 842 894 sunt
866 833 1158 891 secundum
1179 846 1366 887 rerum
1392 837 1665 901 gestarum
1684 824 1865 893 ﬁdem,
1881 834 1940 882 ut
1959 831 2042 881 est
2066 842 2079 878 :

513 929 659 1001 quod
688 926 915 1000 populus
942 924 1126 981 exiens
1171 923 1237 978 de
1275 921 1531 993 Egypto,
1553 936 1652 991 per
1680 934 1828 974 mare
1860 918 2086 989 pedibus

513 1019 825 1080 ambulavit.
869 1015 989 1071 Alia
1030 1029 1159 1070 vero
1203 1019 1328 1070 sunt
1371 1027 1491 1083 qua:
1526 1017 1755 1081 utroque
1784 1008 1928 1063 dicta
1960 1013 2086 1065 sunt

2186 663 2292 704 non
2320 654 2497 720 potest
2521 660 2804 713 enarrare,
2846 645 2921 700 ita
2947 642 3004 702 et
3028 645 3286 701 Dominus
3313 645 3476 711 fecit,
3515 646 3644 718 quia
3670 648 3760 706 hoc

2184 738 2335 810 prius
2362 740 2635 795 etiarravit
2655 737 2797 809 quod
2819 736 3085 809 originem
3106 736 3314 802 habuit,
3340 744 3397 792 et
3419 743 3620 809 postea
3638 738 3761 809 quod

2185 831 2379 887 exinde
2398 830 2600 887 factum
2621 830 2741 901 fuit,
2765 830 3013 902 quamvis
3034 837 3325 901 utrumque
3348 830 3523 886 simul
3544 828 3759 898 fecisset,

2156 930 2161 935 ‘
2185 931 2246 1005 ut
2275 925 2416 995 quod
2443 924 2556 979 sola
2584 924 2792 995 origine
2824 924 2978 995 prius
3008 930 3093 982 est
3128 924 3184 979 in
3219 920 3499 988 faciendo,
3532 924 3674 995 prius
3699 923 3763 979 sit

2184 1031 2251 1072 ex
2281 1025 2521 1087 tempore
2548 1015 2872 1072 enarrando.
2905 1013 3048 1086 Ergo
3079 1013 3209 1071 dum
3239 1014 3541 1084 oportebat
3565 1021 3624 1068 ut
3651 1013 3761 1069 scri-

512 1112 694 1177 modo.
718 1117 779 1165 ut
800 1116 882 1165 est
911 1108 1172 1164 transitus
1195 1105 1363 1161 maris
1391 1103 1582 1171 Rubri,
1609 1110 1662 1160 et
1692 1098 1948 1157 miracula
1988 1098 2078 1155 illa
2181 1092 2343 1180 plura
2382 1115 2569 1164 sancta
2613 1115 2904 1180 uirumque
2941 1114 3270 1174 enarrasset,
3315 1113 3427 1161 iam
3467 1120 3569 1163 nes
3606 1115 3759 1177 gestas

510 1209 631 1275 qua:
658 1202 913 1258 Dominus
946 1200 1002 1257 in
1037 1196 1324 1269 Evangelio
1351 1195 1498 1252 fecit.

580 1292 648 1347 In
667 1291 922 1364 principio
943 1289 1134 1346 creavit
1157 1286 1297 1344 Deus
1319 1285 1502 1343 caelum
1529 1293 1576 1343 et
1607 1290 1821 1340 terram.

579 1385 647 1440 D.
679 1383 1062 1457 lnquirendum
1088 1394 1428 1452 summopere
1453 1385 1553 1445 est,
1579 1377 1633 1434 in
1661 1392 1766 1449 quo
1792 1372 2078 1447 principio,

508 1484 691 1533 utrum
717 1476 772 1531 in
797 1474 1061 1551 principio
1086 1472 1363 1544 temporis,
1393 1487 1463 1526 an
1495 1470 1551 1526 in
1584 1468 1872 1543 principio,
1894 1472 1952 1521 ut
1978 1466 2084 1521 hoc

507 1577 652 1628 esset
691 1569 906 1627 initium
945 1573 1207 1624 creaturae
1249 1563 1364 1637 ejus
1401 1580 1469 1621 ex
1493 1579 1600 1636 quo
1626 1561 1731 1618 alia
1764 1576 1884 1618 esse
1908 1574 2085 1631 cmpe-

511 1672 637 1718 rnnt
653 1701 670 1731 ,
692 1677 802 1718 non
833 1660 979 1717 enim
1002 1666 1275 1717 coaeterna
1300 1657 1413 1714 Deo
1435 1669 1649 1727 semper
1668 1651 1906 1709 fuerunt.

581 1753 661 1809 Μ.
690 1753 943 1810 Dicamus
964 1751 1093 1824 quia
1132 1749 1189 1807 in
1217 1747 1483 1823 principio
1507 1745 1612 1804 sibi
1642 1752 1911 1804 coaeterno
1960 1741 2087 1798 fecit

507 1846 649 1901 Deus
693 1844 889 1901 coelum
932 1850 988 1899 et
1032 1850 1258 1909 terram,
1284 1838 1342 1896 in
1376 1838 1653 1913 unigenito
1677 1836 1829 1903 ,Filio
1867 1835 1959 1906 qui
1997 1846 2085 1893 est

2184 1214 2346 1277 quam
2371 1214 2459 1254 res
2484 1206 2787 1266 enarratas,
2818 1199 2961 1270 quod
2985 1196 3181 1254 exinde
3210 1197 3418 1254 factum
3443 1204 3542 1253 est
3570 1204 3761 1268 propter

2184 1292 2476 1363 tardiorem
2520 1291 2881 1360 intellectum,
2927 1299 2986 1347 ut
3033 1305 3231 1363 capere
3277 1289 3623 1361 potuissent,
3654 1287 3761 1358 quia

2185 1398 2272 1439 res
2301 1398 2576 1456 corporeae
2619 1399 2685 1439 ex
2710 1384 2893 1457 aliquo
2941 1383 3177 1451 ﬁebant;
3213 1382 3341 1453 quia
3385 1381 3536 1437 nihil
3566 1381 3761 1436 interest

2185 1473 2324 1530 inter
2352 1476 2682 1532 creationem
2709 1476 2835 1533 coeli
2858 1482 2914 1532 et
2943 1485 3104 1531 terra:
3130 1481 3186 1530 et
3209 1473 3366 1541 lucis,
3394 1473 3511 1530 nisi
3544 1472 3643 1528 hoc
3663 1480 3760 1526 tan-

2185 1573 2300 1621 tum
2326 1568 2469 1638 quod
2492 1574 2575 1623 est
2598 1569 2739 1623 inter
2761 1567 2987 1623 verbum
3014 1574 3067 1623 et
3090 1580 3303 1623 vocem.

2254 1658 2325 1715 D.
2367 1658 2476 1715 Cur
2505 1674 2612 1716 non
2642 1660 2809 1725 dixit,
2850 1661 2907 1716 in
2939 1658 3207 1733 principio
3236 1657 3367 1718 fecit
3409 1659 3568 1717 Dens
3593 1657 3759 1717 emittm

2184 1752 2243 1805 et
2269 1756 2503 1817 terram,
2533 1749 2628 1806 sed
2656 1749 2899 1806 creavit?

2259 1841 2340 1897 Μ.
2377 1841 2607 1914 Propter
2634 1840 3026 1906 informitatem
3048 1841 3313 1900 materiae.

508 1936 774 2007 sapientia
806 1933 1014 2002 Patris,
1047 1933 1114 1990 de
1147 1946 1252 2004 quo
1293 1932 1424 1990 dicit
1462 1910 1787 2005 Apostolus,
1814 1927 2079 1985 Christum
2105 1910 2162 1991 ,Β
2256 1931 2325 1986 D.
2366 1932 2442 2007 pa
2472 1910 2690 1988 sensum
2721 1933 3042 2005 spiritalem.

507 2028 605 2083 Dei
636 2029 874 2083 virtutem
907 2035 956 2083 et
992 2026 1091 2082 Dei
1125 2026 1433 2098 sapientiam
1474 2022 1531 2099 (Ι
1555 2022 1677 2079 Cor.
1708 2039 1749 2093 1,
1772 2022 1885 2096 24).
1918 2020 1986 2078 Et
2029 2021 2117 2081 in.

506 2118 715 2190 psalmo
737 2117 868 2175 dicit
899 2131 915 2172 :
954 2115 1146 2174 Omnia
1171 2117 1229 2172 in
1255 2115 1513 2188 sapientia
1551 2114 1719 2184 fecisti
1760 2112 1934 2186 (Psal.
1966 2129 2085 2183 cm,

506 2210 634 2283 24);
663 2217 719 2265 et
740 2209 939 2266 iterum
964 2208 1098 2265 dicit
1128 2206 1457 2281 Apostolus:
1485 2206 1624 2274 Quia
1652 2206 1709 2262 in
1733 2207 1846 2277 ipso
1876 2203 2098 2283 condita,

503 2310 625 2359 sunt
648 2301 825 2357 omnia
849 2316 967 2374 qua:
990 2300 1047 2355 in
1075 2298 1202 2357 cwlo
1228 2307 1349 2357 sunt
1369 2306 1419 2355 et
1445 2313 1564 2359 aute
1585 2298 1641 2352 in
1665 2304 1837 2365 terra,
1859 2286 2097 2353 visibilia‘
2128 2356 2133 2361 ,

506 2406 555 2453 et
575 2394 857 2453 inuisibilia
882 2392 1018 2465 (Col.
1051 2408 1090 2461 ι,
1116 2390 1226 2466 16).

579 2490 644 2545 ι).
677 2488 902 2547 Genesis
922 2484 1249 2561 principium
1272 2493 1376 2544 est.
1403 2482 1464 2542 Si
1486 2484 1544 2542 in
1566 2484 1833 2558 principio
1877 2481 2089 2542 creavit

506 2582 647 2641 Deus
676 2579 870 2638 etclam
891 2587 947 2635 et
974 2587 1194 2647 terram,
1216 2578 1394 2651 angeli
1415 2575 1760 2651 postmodum
1783 2574 1912 2631 facti
1933 2582 2088 2655 sunt,

507 2672 566 2728 Si
597 2672 770 2742 angeli
797 2678 925 2729 ante
954 2670 1086 2729 facti
1119 2679 1390 2741 suut,non
1411 2671 1588 2742 primo
1608 2669 1854 2726 omnium
1877 2666 2090 2726 creavit

507 2766 650 2822 Deus
677 2764 877 2825 emlum
901 2774 958 2822 et
984 2774 1205 2824 terram.
2044 2809 2048 2812 .

576 2854 659 2911 Μ.
686 2842 910 2923 Quando
941 2856 1082 2927 facta
1113 2862 1235 2913 sunt
1261 2852 1416 2909 simul
1440 2852 1637 2920 sidera,
1659 2852 1736 2909 ait
1779 2850 2087 2931 Scriptura,

504 2946 848 3005 laudauerunt
888 2963 970 3004 me
994 2946 1165 3019 angeli
1196 2947 1297 3001 mei
1334 2960 1453 3001 voce
1484 2956 1696 3017 magna.
1744 2943 1948 3015 Quarta
1999 2934 2095 3010 die

505 3039 653 3097 facta
679 3048 815 3105 sunt,
844 3039 1039 3106 sidera,
1065 3047 1122 3095 et
1152 3037 1271 3109 jam
1307 3044 1464 3094 erant
1489 3036 1685 3111 angeli.
1727 3037 1912 3110 Neque
1937 3037 2092 3099 enim

507 3133 594 3190 die
621 3134 803 3199 tertio,
825 3147 1003 3204 neque
1032 3130 1272 3191 secundo
1296 3128 1427 3187 tacti
1447 3138 1596 3185 sunt.
1617 3129 1677 3185 In
1701 3129 1787 3186 his
1811 3130 1958 3187 enim
1984 3146 2089 3214 ap—

2262 2021 2340 2077 M.
2382 2022 2713 2081 Princioium
2739 2023 2989 2080 Christus
3012 2029 3115 2090 est,
3142 2023 3285 2080 sicut
3310 2022 3435 2096 ipse
3462 2024 3523 2081 in
3550 2023 3761 2089 Evange-

2187 2114 2356 2196 lio_ait
2376 2133 2388 2169 :
2415 2102 2742 2186 Principium
2762 2117 2851 2189 qui
2872 2125 2922 2171 et
2943 2114 3128 2187 loquor
3148 2116 3292 2171 vobis
3316 2115 3513 2187 (Joan.
3535 2133 3646 2185 vui,
3661 2114 3758 2188 25).

2186 2209 2245 2266 1n
2278 2211 2382 2267 hoc
2412 2210 2568 2282 igitur
2609 2209 2877 2282 principio
2903 2208 3031 2267 fecit
3056 2209 3200 2265 Deus
3228 2209 3471 2277 coelum,
3503 2210 3558 2267 id
3584 2220 3659 2267 est
3680 2210 3757 2280 qui

2187 2303 2429 2359 cmlestia
2455 2301 2784 2359 meditantur
2809 2311 2865 2358 et
2894 2290 3161 2373 quaerunt.
3196 2300 3258 2357 In
3281 2302 3406 2374 ipso
3432 2301 3567 2360 fecit
3584 2311 3635 2360 et
3660 2319 3756 2359 car-

2188 2392 2358 2460 nales,
2398 2394 2491 2465 qui
2519 2402 2795 2449 terrenum
2824 2394 3098 2451 hominem
3126 2394 3366 2451 necdum
3395 2393 3757 2466 deposuerunt.

2258 2484 2327 2540 D.
2372 2484 2535 2540 Terra
2574 2493 2748 2542 autem
2786 2495 2899 2542 erat
2941 2485 3114 2541 inanis
3139 2493 3191 2541 et
3223 2502 3396 2542 vacua
3429 2485 3588 2559 (Gen.
3620 2504 3663 2554 ι,
3689 2486 3757 2559 Ξ).

2188 2574 2298 2632 Cur
2323 2576 2498 2633 inanis
2522 2583 2578 2633 et
2601 2577 2808 2632 vacua?

2260 2668 2343 2725 Η.
2379 2666 2440 2726 Id
2461 2677 2547 2726 est
2573 2670 2701 2743 quia
2732 2684 2844 2727 non
2877 2679 2995 2728 erat
3027 2687 3060 2728 a
3100 2664 3241 2729 mari
3265 2673 3557 2741 distincta;
3592 2688 3761 2739 vacua,

2188 2760 2398 2833 inquit,
2424 2760 2549 2832 quia
2577 2760 2851 2820 littoribus
2873 2779 2982 2821 non
3006 2775 3128 2821 erat
3156 2765 3520 2833 circumdata,
3546 2767 3627 2821 vel
3649 2766 3764 2821 vici-

2187 2852 2291 2908 bus
2318 2851 2433 2908 suis
2460 2854 2672 2927 ornata,
2699 2850 2755 2909 id
2787 2865 2872 2910 est
2896 2855 3184 2914 arboribus
3212 2864 3268 2914 et
3294 2859 3635 2916 animalibus.

2259 2940 2395 2997 ltem
2413 2940 2731 3013 spiritaliter
2745 2961 2758 2997 :
2776 2942 2945 3001 Terra
2959 2944 3165 3002 scilicet
3182 2948 3365 3005 carnis
3384 2957 3582 3005 nostra:
3596 2949 3769 3005 inanis

2190 3038 2248 3091 et
2265 3046 2437 3090 vacua
2459 3039 2599 3101 erat,
2612 3033 2930 3106 priusquam
2950 3036 3214 3095 doctrinm
3233 3039 3489 3109 acceperit
3508 3022 3767 3094 formam.

2261 3122 2332 3177 D.
2371 3123 2551 3195 Quare
2596 3124 2833 3182 tenebrae
2874 3126 3127 3185 dicuntur
3170 3145 3325 3202 super
3359 3127 3547 3186 faciem
3590 3128 3770 3185 fuisse

505 3233 661 3297 paret
700 3240 820 3298 quae
857 3224 1002 3282 facta
1042 3230 1186 3282 sunt.
1234 3221 1418 3279 Tertia
1455 3221 1542 3278 die
1581 3221 1788 3278 scilicet
1823 3230 1969 3279 terra
2015 3222 2090 3294 ab
2117 3272 2167 3298 η
2193 3216 2412 3289 abyssi?

507 3272 663 3392 aquis
945 3324 1059 3385 est;
1082 3315 1316 3375 secunda
1332 3312 1534 3371 factum
1556 3322 1642 3372 est
1660 3280 2091 3387 firmamentqu
2115 3272 2167 3342 α
2232 3286 2235 3289 Α
2386 3313 2525 3383 Quia
2548 3330 2663 3372 non
2679 3322 2800 3372 erat
2825 3315 2916 3374 lux
2944 3332 3065 3388 qum
3090 3316 3605 3390 superfunderetur;
3636 3318 3776 3391 quod

506 3413 599 3470 ubi
631 3412 715 3470 sol
740 3422 796 3471 et
836 3413 966 3469 luna
1001 3410 1314 3468 discuth
1352 3416 1409 3464 et
1450 3407 1647 3466 sidera.
1680 3408 1850 3465 Porro
1878 3409 2094 3482 primus

508 3504 627 3563 dies
652 3505 769 3576 ipse
790 3512 874 3562 est
898 3503 1140 3576 angelica
1164 3510 1377 3570 natura,
1391 3516 1512 3572 qua:
1528 3502 1706 3573 primo
1724 3502 1845 3561 caali
1868 3503 2094 3583 nomine

510 3604 820 3669 nuncupata
848 3604 950 3652 est.
994 3594 1146 3654 Unde
1185 3594 1464 3655 evidenter
1505 3594 1806 3652 ostenditur
1849 3593 2093 3666 primum

512 3685 657 3741 diem
689 3686 990 3757 spiritalem
1016 3684 1239 3755 factum,
1268 3687 1323 3742 id
1358 3694 1442 3744 est
1468 3686 1766 3758 angelicam
1809 3693 2091 3754 naturam,

511 3782 565 3828 et
588 3773 669 3829 sic
700 3775 805 3830 hoc
829 3776 1027 3831 ctelum
1050 3777 1197 3846 quod
1216 3777 1389 3834 oculis
1431 3778 1725 3835 cernimus.
1773 3775 1911 3833 Nam
1944 3768 2097 3849 quod

512 3863 610 3927 ait,
636 3862 706 3917 In
727 3864 983 3934 principio
1010 3866 1201 3923 ereavit
1217 3865 1363 3921 Deus
1380 3865 1566 3922 mlum
1584 3876 1633 3923 et
1651 3876 1847 3933 terram
1868 3866 2023 3939 (Gen.
2046 3885 2093 3937 ν,

514 3953 590 4024 1),
609 3958 717 4009 non
740 3952 1197 4024 pﬁmoouminm,
1220 3956 1362 4015 sicut
1386 3956 1488 4023 ais,
1510 3956 1607 4013 sed
1637 3957 1695 4012 in
1724 3956 2011 4029 principio,
2034 3954 2096 4014 id

511 4054 595 4102 est
646 4046 703 4101 in
745 4046 922 4114 Filio,
968 4047 1079 4106 imo
1122 4063 1220 4120 per
1261 4047 1481 4115 Filium,
1525 4048 1654 4106 fecit
1697 4049 1843 4107 Deus
1871 4065 2099 4107 omnem

512 4138 809 4208 spiritalem
855 4140 1300 4219 cnrporalemque
1344 4150 1686 4211 creaturam,
1713 4156 1839 4215 quae
1875 4141 1996 4199 οωιί
2034 4150 2098 4199 et

517 4240 681 4289 terrae
701 4232 922 4289 nomine
946 4233 1212 4304 appellata
1237 4242 1342 4291 est.
1370 4232 1509 4293 Nam
1533 4233 1681 4305 quod
1705 4233 1824 4305 ipse
1850 4233 1923 4290 sit
1942 4235 2098 4306 prin-

513 4323 736 4393 eipium,
758 4322 828 4380 de
851 4336 910 4380 se
937 4324 1396 4395 interrogantibus
1420 4323 1619 4387 Judaeis
1644 4326 1768 4396 quis
1807 4332 1976 4395 esset,
1999 4342 2093 4385 ro~

513 4416 773 4488 attendit:
814 4414 1260 4495 Principium-qia
1283 4426 1333 4475 et
1365 4415 1548 4490 loquor
1577 4417 1717 4475 vobis
1760 4418 1942 4490 (Joan.
1968 4430 2097 4490 vni)

513 4510 629 4583 25).
649 4511 830 4567 Primo
855 4512 1022 4583 igitur
1041 4512 1210 4569 voluit
1229 4512 1429 4570 calum
1448 4520 1503 4568 et
1520 4521 1722 4573 terram
1740 4512 2100 4585 velutquoru-

2194 3404 2241 3462 si
2265 3413 2433 3473 esset,
2460 3406 2648 3477 utique
2677 3416 3006 3479 superesset.

2212 3566 2215 3567 ν
2263 3497 2421 3565 Item,
2449 3498 2576 3570 quia
2601 3505 2721 3554 erat
2748 3500 2954 3571 spissus
2977 3515 3071 3558 aer
3094 3517 3286 3558 carens
3317 3502 3442 3561 luce
3465 3503 3680 3560 diurna.

2264 3590 2455 3646 Aliter.
2486 3591 2746 3648 Tenebra:
2785 3601 2944 3650 erant
2982 3610 3144 3667 super
3183 3594 3384 3653 faciem
3412 3598 3621 3670 abyssi,
3660 3597 3776 3669 quia

2195 3682 2516 3739 delictorum
2550 3683 2768 3741 caecitas
2799 3694 2854 3741 et
2888 3685 3205 3758 ignorantia:
3237 3688 3516 3761 profunda
3551 3688 3778 3748 obscuri

2195 3782 2281 3830 tas
2303 3774 2466 3830 corda
2492 3784 2676 3832 nostra
2704 3777 2940 3849 tegebat.

2267 3867 2337 3922 D.
2377 3867 2655 3936 Quomodo
2688 3869 2914 3943 spiritus
2946 3871 3044 3929 Dei
3084 3870 3365 3931 ferebatur
3397 3887 3573 3949 super
3601 3888 3781 3947 aquas.

2198 3960 2435 4021 edissere
2448 3961 2471 4016 Ἰ

2785 4071 3122 4114 EMONYIUS
3143 4068 3193 4112 ⁸.

2270 4144 2349 4201 Μ.
2390 4145 2496 4202 Pro
2518 4159 2585 4202 eo
2609 4147 2759 4219 quod
2782 4146 2841 4205 in
2865 4148 3069 4206 nostris
3090 4148 3371 4209 codicibus
3394 4152 3669 4228 scriptum
3687 4160 3779 4218 est,

2199 4236 2495 4306 ferebatur;
2518 4238 2594 4294 in
2638 4238 2864 4295 Hebraeo
2908 4239 3138 4297 habetur
3174 4242 3466 4314 merephet,
3510 4245 3657 4316 quod
3695 4256 3779 4301 nos

2199 4328 2471 4400 appellare
2504 4344 2812 4401 possumus,
2853 4332 3169 4401 incubabat,
3214 4333 3330 4389 sive
3373 4334 3705 4392 confovebat
3734 4335 3783 4390 in

2200 4420 2609 4494 sitnilittidinem
2634 4423 2872 4480 volucris
2893 4438 2995 4479 ova
3016 4423 3197 4481 calore
3222 4424 3550 4483 animantis.
3582 4427 3668 4483 Ex
3690 4440 3783 4496 quo

2199 4510 2571 4582 iutelligimus,
2601 4527 2710 4569 non
2742 4511 2809 4568 de
2841 4513 3037 4585 spiritu
3061 4514 3250 4570 mundi
3273 4514 3384 4572 dici
3401 4555 3421 4581 ,
3461 4525 3527 4572 ut
3554 4517 3787 4573 nonnum

517 4607 642 4661 dam
672 4604 969 4675 spiritalem
1009 4603 1447 4674 corporalemque
1485 4605 1769 4661 materiam
1809 4605 2013 4669 dicere,
2035 4611 2092 4660 et
2117 4618 2175 4685 ι)
2201 4602 2558 4671 arbitrantur,
2599 4604 2695 4660 sed
2723 4606 2790 4661 de
2815 4603 3020 4675 Spiritu
3057 4614 3270 4674 sancto,
3297 4605 3483 4678 quiet
3516 4610 3641 4681 ipse
3669 4609 3788 4664 vivi-

516 4696 597 4751 sic
640 4694 1093 4765 quemadmodum
1136 4693 1447 4765 singillatim
1487 4692 1630 4751 iacta
1670 4700 1802 4755 sunt
1844 4693 2116 4753 ordinem."

517 4792 721 4842 tenere.
751 4785 1076 4853 deenim
1122 4785 1258 4842 dixit
1304 4785 1660 4851 ctelum,boc

518 4878 733 4934 videtur
783 4892 1045 4948 aquarum
1090 4878 1343 4948 abyssum
1391 4878 1756 4945 tenebrosam,
1780 4877 1914 4937 Mm

522 4969 808 5027 dammodo
830 4969 1131 5027 fluitantem
1152 4970 1340 5037 vitam,
1358 4971 1465 5028 nisi
1486 4976 1833 5028 convertatur
1857 4972 1925 5028 ad
1950 4986 2106 5029 crea-i

520 5066 716 5126 torem,
734 5070 792 5116 et
820 5063 916 5117 ﬁat
947 5064 1061 5129 lux,
1082 5072 1139 5119 et
1166 5064 1558 5135 contempletur
1581 5064 1901 5123 Trinitatem
1926 5065 2103 5123 Deum

520 5163 644 5206 esse
668 5149 971 5208 indivisum.
1007 5151 1194 5224 Neque
1214 5154 1360 5210 enim
1386 5155 1462 5210 ita
1490 5154 1742 5220 dicimus,
1766 5163 1828 5210 ut
1851 5156 1956 5213 ista
1984 5172 2112 5215 uias

526 5240 659 5296 teris
685 5245 956 5311 praecedat
980 5245 1210 5303 formam
1237 5262 1393 5306 suam
1410 5289 1427 5314 ,
1443 5249 1585 5304 sicut
1614 5250 1872 5319 praseedit
1895 5250 2114 5333 lian

2198 4696 2390 4754 ﬁcator
2416 4697 2661 4763 omnium
2686 4712 2720 4753 a
2748 4698 3017 4771 principio
3040 4699 3259 4756 dicitur.
3286 4698 3383 4756 Sic
3407 4710 3603 4757 autem
3632 4700 3793 4757 viviti-

2197 4798 2353 4846 cator
2393 4791 2549 4860 quasi
2572 4790 2839 4848 conditor
2873 4791 3017 4849 Deus
3046 4805 3063 4847 :
3095 4790 3323 4858 Emitte,
3368 4792 3488 4861 ait,
3534 4793 3788 4866 Spiritu

2198 4891 2369 4953 tcum,
2397 4892 2445 4941 et
2471 4886 2785 4942 creabantur
2814 4885 2987 4958 (Psal.
3013 4902 3132 4954 ctu,
3152 4885 3266 4959 30)»

2819 4991 3163 5035 ιωυετιιωε.

2256 5066 2339 5122 Ι).
2381 5066 2616 5138 Spiritus
2644 5067 2739 5123 Dei
2772 5065 3049 5125 ferebatur
3080 5080 3242 5140 super
3270 5081 3445 5138 aquas
3476 5085 3493 5124 :
3524 5068 3797 5126 [sialiter

2198 5156 2477 5216 ferebatur
2499 5159 2639 5215 sicut
2667 5158 2749 5214 sol
2775 5166 2830 5214 et
2853 5159 3054 5227 sidera,
3083 5174 3152 5215 an
3180 5159 3379 5216 aliter?

2275 5249 2351 5303 Μ.
2394 5248 2627 5319 Spiritus
2651 5258 2869 5309 sanctus
2902 5251 3044 5308 Deus
3065 5260 3184 5318 est,
3218 5267 3326 5323 qua
3357 5253 3415 5308 in
3443 5269 3509 5309 re
3536 5269 3655 5311 non
3685 5256 3801 5312 tota

521 5345 703 5398 arcas,
729 5340 786 5387 et
833 5334 974 5427 sicut
1006 5339 1271 5427 praecedit
1320 5354 1424 5395 vox
1460 5341 1707 5409 verbum,
1734 5355 1909 5427 neque
1951 5340 2115 5399 enim’
2201 5345 2529 5411 continetur,
2556 5352 2613 5400 et
2637 5344 2983 5413 distenditur,
3014 5361 3115 5405 nec
3136 5355 3445 5419 temporum
3476 5350 3804 5409 mutationi.

522 5432 789 5492 tempore,
817 5424 914 5479 sed
939 5425 1168 5497 origine.
1191 5430 1360 5501 Igitur
1380 5432 1556 5503 prima
1583 5440 1834 5489 creatura
1856 5424 1973 5501 lux,
1992 5450 2104 5492 non
2201 5438 2305 5499 bus
2344 5433 2606 5504 subiacet,
2649 5435 2749 5493 sed
2780 5443 2864 5493 est
2908 5437 3106 5508 ubique
3144 5452 3389 5509 prmscns
3431 5446 3606 5498 totus.
3658 5440 3809 5511 Quc-

528 5513 633 5571 ista
657 5526 778 5585 quae
804 5522 995 5584 quarta
1041 5517 1130 5573 die
1175 5519 1318 5577 facta
1361 5531 1467 5592 est,
1503 5525 1599 5581 sed
1633 5524 1914 5595 spiritalis,
1938 5525 1995 5581 id
2019 5530 2107 5585 est
2204 5528 2364 5585 modo
2405 5542 2534 5584 sane
2563 5529 2862 5584 nominavit
2887 5538 3192 5587 creaturam
3213 5571 3230 5597 ,
3262 5531 3351 5586 cui
3379 5532 3697 5603 superferri
3732 5536 3812 5589 £-

532 5604 773 5677 angelica
798 5612 1013 5660 natura-
1595 5615 1607 5634 '
2107 5611 2114 5635 ¹
2206 5628 2422 5677 ceretur
2446 5619 2680 5691 Spiritus
2703 5628 2946 5689 sanctus,
2977 5637 3084 5678 non
3111 5622 3374 5690 localiter,
3400 5625 3500 5679 sed
3521 5626 3811 5695 potentia-

603 5699 716 5754 lloc
737 5707 918 5754 tamen
947 5699 1350 5772 intelligendum
1383 5709 1524 5778 quod
1565 5710 1724 5766 simul
1756 5713 1959 5767 creavit
1991 5728 2106 5769 cm-

533 5790 643 5846 lum
665 5800 719 5846 et
746 5799 947 5847 terram
967 5800 1022 5847 et
1043 5792 1238 5863 lucem,
1259 5796 1385 5868 quia
1410 5799 1546 5856 nihil
1571 5792 1797 5859 interest
1821 5802 1924 5859 nisi
1951 5784 2107 5876 origo

603 5912 630 5942 ι
669 5900 869 5967 Quaest.
904 5903 1061 5960 Hebr.

2206 5712 2345 5766 liter.
2376 5711 2633 5766 Dominus
2657 5727 2766 5767 non
2793 5728 2859 5766 ex
2884 5713 3177 5783 indigentia
3203 5712 3329 5769 fecit
3352 5728 3519 5785 opera
3542 5730 3682 5781 sua,
3713 5716 3815 5772 sed

2207 5821 2274 5860 ex
2307 5802 2679 5869 beneficentia,
2712 5820 2885 5874 neque
2918 5806 3112 5863 horum
3138 5806 3340 5879 indiget
3368 5821 3490 5879 qua:
3516 5807 3685 5866 fecit.
3723 5809 3815 5867 [I-
