3950 6312
207 528 359 608 'im
1143 539 1271 596 LIB.
1310 532 1787 608 ρυιΕετιοΝυΜ

223 666 374 737 digus
400 659 598 733 quippe
656 666 822 727 atque
860 670 1064 727 egenus
1110 669 1264 711 amor
1301 652 1583 721 subjicitur
1628 653 1791 711 rebus

223 770 354 828 quas
393 751 585 823 diligit.
636 749 759 805 Ideo
805 747 982 804 dictus
1021 752 1107 802 est
1151 742 1443 816 superferri
1486 750 1793 801 creaturam

224 845 446 919 Spiritus
469 848 712 907 sanctus,
738 838 865 910 quia
889 849 1088 893 non-ex
1110 834 1403 906 indigentia
1431 843 1687 906 operatus
1709 840 1794 890 est

221 938 386 1012 ipsam
408 940 736 992 creaturam.

816 1035 1106 1079 AMBROSIUS
1142 1032 1194 1076 ⁸ο

285 1120 353 1176 D.
389 1116 667 1186 Quomodo
696 1112 934 1187 Spiritus
968 1111 1066 1168 Dei
1095 1110 1372 1168 ferebatur
1397 1124 1560 1181 super
1587 1106 1794 1179 aquas?

287 1210 361 1267 Η.
398 1209 551 1267 Sicut
584 1209 663 1273 ait
687 1205 1017 1279 Apostolus:
1049 1203 1554 1276 Superemiuentem,
1584 1202 1793 1272 inquit,

209 1305 479 1362 scientiam
513 1301 787 1362 alacritatis
829 1298 950 1354 Dei.
997 1298 1067 1353 Et
1102 1296 1231 1353 alibi
1272 1297 1392 1353 ait:
1425 1293 1794 1367 Supermltat

214 1406 383 1452 autem
425 1411 629 1452 omnem
670 1391 1007 1448 intellectum.
1054 1391 1197 1462 Ergo
1236 1390 1552 1447 inchoatum
1593 1387 1795 1457 aliquid

214 1489 440 1546 ostendit
468 1501 630 1560 super
656 1484 801 1556 quod
839 1483 1063 1556 spiritus
1087 1476 1182 1539 Dei
1210 1480 1341 1539 ferri
1365 1480 1658 1546 diceretur,
1684 1494 1794 1535 non

214 1578 348 1646 loco,
372 1579 466 1635 sed
492 1576 675 1635 omnia
702 1582 989 1649 superante
1018 1580 1180 1645 amne
1219 1571 1563 1645 praecellente
1600 1576 1795 1643 poten-

213 1671 307 1725 tia.
334 1670 445 1726 Duo
469 1669 820 1740 quippe'snut
843 1673 1069 1737 propter
1094 1680 1216 1736 quae
1241 1672 1388 1722 amat
1408 1664 1553 1723 Deus
1577 1672 1793 1720 creatu-

213 1776 325 1817 ram
352 1747 533 1828 suam;
575 1769 636 1815 ut
665 1760 737 1816 sit
772 1767 829 1814 et
868 1768 931 1814 ut
967 1767 1204 1815 maneat.
1242 1757 1314 1814 Ut
1352 1758 1424 1813 sit
1455 1756 1706 1824 formata,
1738 1765 1794 1814 et

212 1861 418 1910 maneat
447 1853 503 1908 in
525 1858 796 1923 praecepto
821 1849 1146 1907 Conditoris.
1176 1849 1247 1906 Ut
1272 1857 1417 1907 esset
1437 1865 1590 1921 ergo,
1620 1850 1793 1922 Spiri-

212 1954 296 2000 tus
333 1944 424 2001 Dei
457 1944 735 2000 ferebatur
774 1957 936 2014 super
963 1957 1188 2013 aquam;
1228 1950 1289 1997 ut
1314 1948 1497 1997 autem
1521 1949 1789 2007 maneret,

1824 531 2052 592 SUPER
2087 536 2216 594 LIB.
2254 534 2568 594 GENESIS.
3334 541 3470 603 ill8

1813 654 1870 714 Δ
1890 652 2178 708 dictionem
2208 669 2541 725 nuncupare.
2575 654 2645 715 Ut
2678 657 2725 713 si
2751 656 2903 714 verbi
2935 671 3099 714 causa
3133 660 3473 730 requiramus
3504 674 3509 678 ‘

1895 746 2161 814 quomodo
2184 744 2328 802 facta
2353 756 2436 802 est
2468 748 2559 803 lux
2581 789 2594 816 ,
2631 749 2838 816 audies,
2875 749 2931 805 in
2956 752 3124 808 verbo
3147 750 3242 807 Dei
3268 761 3385 807 erat
3413 759 3474 811 ut

1894 834 2070 903 ﬁeret,
2106 839 2373 907 quomodo
2397 848 2451 895 et
2484 851 2678 896 cutura
2714 856 2810 912 per
2833 842 3100 899 ordinem.
3129 842 3189 898 Si
3226 845 3472 915 requiras

1895 929 2163 996 quomodo
2198 929 2337 985 facta
2373 941 2531 999 sunt;
2574 932 2629 988 in
2665 934 2831 989 verbo
2866 935 2960 991 Dei
2994 943 3150 990 erant
3174 942 3234 991 ut
3257 935 3468 992 tierent.
3515 944 3523 948 '

1894 1015 2032 1072 Hinc
2056 1026 2138 1073 est
2162 1020 2304 1074 enim
2325 1061 2339 1087 ,
2373 1021 2506 1076 dixit
2538 1022 2679 1077 Deus
2704 1024 2800 1093 ﬁat
2823 1023 2947 1091 lux,
2975 1039 3149 1095 neque
3181 1027 3325 1082 enim
3354 1041 3475 1083 cor-

1893 1107 2167 1178 poralibus
2190 1110 2366 1167 modis
2392 1112 2628 1183 loquitur
2650 1114 2831 1170 divina
2856 1124 3073 1183 natura,
3098 1129 3200 1172 nec
3223 1116 3472 1187 quotiens

1895 1200 2089 1256 dicitur
2123 1202 2278 1269 dixit,
2318 1203 2516 1260 totiens
2547 1206 2770 1261 verbum
2806 1205 3087 1274 formavit,
3124 1222 3291 1263 unum
3327 1207 3474 1262 enim

1894 1292 2115 1347 verbum
2152 1294 2336 1364 genuit
2372 1302 2699 1351 coaeternum
2728 1303 2785 1352 et
2816 1294 3316 1354 consubstantivum
3342 1294 3471 1364 sibi,

1894 1382 1950 1438 in
1973 1398 2082 1455 quo
2109 1386 2289 1441 omnia
2315 1384 2659 1445 ineffabiliter
2681 1388 2836 1445 dixit.

2218 1504 2223 1509 “
2615 1492 2767 1538 1⁸1⁸81.

1963 1566 2032 1622 D.
2070 1566 2217 1625 Dicit
2243 1587 2445 1643 quoque
2471 1572 2613 1629 Deus
2636 1573 2731 1645 ﬁat
2757 1573 2869 1630 lux.
2900 1573 3019 1633 Lux
3039 1582 3219 1633 autem
3247 1578 3363 1635 hac
3389 1580 3475 1639 εει

1892 1658 2141 1728 visibilis,
2173 1674 2242 1718 an
2272 1658 2594 1720 invisibilis?

1964 1750 2042 1806 Il.
2083 1753 2368 1811 Invisibilis
2404 1757 2549 1812 enim
2583 1756 2802 1825 dicitur,
2840 1757 2966 1828 quia
3002 1759 3219 1818 creatio.
3234 1759 3474 1831 angelica

1835 1836 1866 1908 Ο
1893 1851 2193 1917 est,'quam
2226 1849 2369 1906 oeuli
2405 1852 2577 1907 nostri
2611 1866 2721 1908 non
2743 1854 2923 1909 valent
2959 1855 3285 1926 prospicere.
3316 1854 3475 1911 Baio

1893 1938 2038 1994 enim
2062 1946 2183 1994 erat
2200 1980 2215 2006 ,
2239 1948 2300 1995 ut
2325 1940 2414 1996 die
2437 1949 2633 2013 quarto
2661 1944 2839 1999 sidera
2879 1944 2937 2000 in
2960 1945 3099 2001 cutio
3122 1944 3440 2002 fabricasset
3455 1985 3476 2013 ,

210 2033 338 2089 vidit
378 2034 519 2091 Deus
553 2034 681 2106 quia
714 2009 917 2089 bonum
953 2009 1058 2088 est.
1100 2031 1464 2100 Quamobrem
1502 2031 1655 2103 prius
1695 2046 1787 2090 res
1812 2009 1867 2073 Β
1889 2042 2011 2099 quae
2032 2030 2177 2087 oculi
2202 2033 2372 2087 nostri
2395 2009 2698 2103 potuissent
2724 2034 3053 2105 prospicere.

206 2125 519 2182 informatas
557 2133 613 2182 et
655 2131 841 2196 postea
882 2124 1132 2195 spiritum
1177 2114 1424 2180 sanctum
1466 2122 1788 2191 nominavit,

205 2219 331 2293 quia
357 2219 533 2279 omnis
560 2219 789 2291 exiguus
818 2232 971 2273 amor
1005 2217 1170 2274 rebus
1198 2231 1335 2288 quas
1368 2214 1542 2288 diligit
1578 2216 1789 2274 subter-

203 2310 441 2383 ponitur.
1211 2328 1221 2333 ·

512 2436 645 2481 ιτιι
682 2437 737 2479 ιι(
773 2434 1098 2479 ΠΕΧΔΙΒΒΟΠ
1135 2437 1480 2480 AUGUSTINUS.

278 2515 345 2571 D.
386 2514 464 2573 De
500 2515 833 2572 informitate
855 2514 1116 2589 :materiat
1156 2520 1217 2569 ut
1252 2514 1467 2585 plenius
1492 2521 1549 2572 et
1570 2513 1792 2572 uberius

198 2602 441 2679 exponas
464 2622 649 2679 posco.

276 2698 354 2755 Ι.
396 2700 594 2756 Verum
636 2708 693 2755 et
732 2701 1077 2757 manifestum
1109 2709 1192 2758 est
1230 2715 1391 2757 omne
1431 2701 1690 2758 mutabile
1722 2717 1791 2759 ex

202 2791 382 2862 aliqua
416 2790 749 2848 informitate
780 2792 1028 2859 formari,
1067 2792 1335 2864 simulque
1370 2800 1425 2850 et
1458 2793 1790 2851 manifestis-

202 2880 343 2937 sima
360 2881 499 2937 ratio
522 2882 701 2948 docet,
728 2879 996 2938 nullarum
1017 2891 1335 2939 naturarum
1360 2874 1645 2939 materiam
1671 2898 1793 2941 esse

198 2971 468 3043 potuisse,
498 2971 607 3029 nisi
634 2988 704 3029 ex
731 2973 863 3029 Deo.
896 2974 966 3029 Et
997 2974 1124 3030 licet
1150 2974 1295 3030 dicat
1326 2974 1604 3045 Scriptura
1637 2988 1653 3030 :
1686 2974 1792 3041 Qui

202 3062 370 3133 fecisti
394 3065 647 3120 mundum
670 3082 736 3121 ea:
759 3068 982 3122 materia
1006 3067 1223 3137 informi
1252 3066 1413 3140 (Sap,
1439 3083 1519 3133 ιι,
1546 3065 1659 3139 i5),
1684 3082 1792 3123 non

200 3164 385 3212 tamen
404 3144 654 3213 informis
676 3159 904 3214 materia
925 3158 1173 3215 formatis
1197 3159 1362 3214 rebus
1381 3168 1623 3231 tempore
1643 3159 1793 3230 prior

193 3255 311 3313 est,
338 3259 459 3303 cum
502 3248 575 3304 sit
612 3254 904 3319 utrumque
944 3249 1105 3304 simul
1144 3256 1514 3317 concreatum,
1557 3257 1611 3304 et
1646 3250 1793 3321 quod

195 3336 405 3394 factum
441 3345 526 3395 est
561 3346 617 3394 et
658 3338 802 3395 unde
840 3338 1043 3395 factum
1083 3348 1187 3396 est.
1232 3339 1384 3396 Sicut
1416 3354 1521 3395 vox
1563 3341 1791 3396 materia

193 3431 489 3487 verborum
510 3437 594 3486 est
610 3471 627 3498 ,
650 3432 815 3487 verba
839 3446 971 3488 vero
995 3430 1287 3487 formatam
1312 3446 1500 3488 vocem
1527 3431 1786 3489 indicant.

188 3517 280 3577 Ita
306 3528 521 3578 creator
553 3521 697 3578 Deus
730 3537 837 3578 non
864 3522 1046 3595 priore
1074 3531 1318 3595 tempore
1345 3521 1474 3579 fecit
1500 3522 1789 3582 informem

188 3614 484 3669 materiam
501 3654 516 3681 ,
549 3623 609 3670 et
639 3628 760 3670 eam
788 3625 976 3686 postea
1002 3629 1100 3686 per
1129 3615 1379 3672 ordinem
1406 3630 1790 3685 quarumcum-

184 3720 304 3777 que
332 3716 652 3763 naturarum
676 3708 835 3779 quasi
863 3709 1101 3765 secunda
1129 3706 1561 3765 consideratione
1588 3706 1791 3763 formae

185 3798 298 3866 vit,
322 3801 420 3858 sed
451 3814 561 3857 non
596 3800 773 3876 potuit
809 3815 917 3857 non
951 3800 1192 3857 dividere
1227 3800 1496 3872 scriptura
1532 3799 1788 3870 loquendi

183 3891 538 3962 temporibus
561 3890 705 3961 quod
733 3890 876 3948 Deus
897 3890 1130 3947 faciendi
1160 3891 1497 3963 temporibus
1519 3905 1629 3947 non
1652 3888 1788 3945 divi-

178 3982 289 4041 sit.
314 3983 384 4040 Et
403 3998 505 4040 nos
524 4000 647 4040 cum
667 3985 897 4041 dicimus
916 3986 1202 4041 materiam
1223 3992 1279 4040 et
1302 3983 1556 4050 formam,
1579 3991 1788 4039 utrumé

178 4089 304 4147 que
338 4074 496 4130 simul
529 4075 879 4147 intelligimus
899 4117 915 4143 ,
950 4091 1053 4132 nec
1081 4082 1371 4145 utrumque
1405 4074 1565 4131 simul
1597 4089 1787 4145 possu-

178 4178 323 4221 mus
348 4162 648 4223 enuntiare.
680 4166 836 4234 Quod
862 4167 911 4224 si
939 4166 1201 4239 spiritalis
1225 4166 1316 4221 lux
1345 4165 1487 4221 facta
1510 4171 1593 4220 est
1611 4205 1627 4231 ,
1662 4180 1786 4221 eum

173 4256 336 4315 dixit
360 4257 502 4315 Deus
528 4259 622 4315 fiat
649 4259 740 4315 lux
757 4298 774 4327 ,
808 4274 918 4315 non
948 4258 1038 4314 illa
1071 4273 1203 4314 vera
1227 4257 1371 4329 patri
1395 4265 1663 4313 eoaeterna
1696 4257 1783 4311 in-

175 4350 483 4424 telligenda
514 4359 629 4420 est,
668 4368 766 4424 per
794 4367 960 4424 quam
987 4351 1129 4408 facta
1166 4358 1292 4407 sunt
1319 4350 1522 4417 omnia,
1560 4348 1657 4405 sed
1694 4347 1787 4405 illa

175 4445 257 4501 de
277 4458 393 4516 qua
418 4444 527 4501 dici
566 4445 775 4518 potuit,
817 4445 967 4517 prior
990 4444 1233 4502 omnium
1256 4451 1439 4501 creata
1464 4449 1549 4498 est
1573 4444 1787 4514 sapien-

173 4535 289 4605 tia,
329 4537 460 4609 quia
494 4553 595 4610 per
627 4538 951 4611 sapientiam
983 4554 1091 4595 non
1120 4544 1359 4593 creatam
1384 4535 1527 4592 facta
1549 4542 1634 4592 est
1669 4535 1782 4591 lux.

168 4628 309 4700 Quo
350 4637 534 4687 autem
568 4631 736 4688 modo
761 4630 925 4688 simul
950 4630 1069 4685 ﬁeri
1106 4629 1365 4700 potuerit,
1407 4636 1464 4684 et
1489 4628 1635 4699 quod
1663 4626 1787 4684 illu-

1956 2121 2025 2176 D.
2065 2121 2172 2178 Ista
2205 2124 2408 2179 creatio
2441 2123 2684 2195 angelica
2715 2124 2799 2181 est
2830 2124 3144 2195 temporalis
3176 2140 3246 2180 an
3281 2126 3476 2182 intem-

1887 2214 2088 2285 poralis
2102 2216 2125 2270 ?

1960 2307 2039 2362 ΙΙ.
2080 2307 2415 2380 Temporalis
2434 2316 2554 2364 erat
2575 2308 2629 2363 in
2651 2309 2877 2383 angelis,
2900 2309 3268 2380 intemporalis
3293 2318 3476 2369 autem

1888 2401 1945 2457 in
1973 2401 2102 2457 Deo.
2125 2401 2460 2473 Temporalis
2482 2408 2602 2457 erat
2627 2403 2770 2471 quod
2796 2402 3003 2457 dictum
3034 2401 3383 2475 intelligimus
3408 2404 3476 2461 ab

1887 2500 2090 2548 aeterno
2118 2493 2228 2549 Deo
2267 2508 2585 2564 expressum
2628 2506 2725 2565 per
2759 2494 2984 2549 verbum
3022 2500 3370 2562 coaeternum,
3420 2495 3478 2551 in

1887 2591 2136 2640 creatura
2162 2584 2393 2656 spiritali
2417 2596 2578 2655 quam
2600 2583 2712 2654 jam
2740 2593 2869 2640 tunc
2894 2583 3097 2640 fecerat
3123 2596 3245 2639 cum
3270 2584 3477 2640 dictum

1889 2685 1994 2744 est,
2024 2678 2082 2732 in
2129 2678 2383 2749 principio
2436 2678 2629 2732 ereavit
2656 2676 2799 2732 Deus
2826 2677 3010 2732 emtum
3036 2686 3085 2733 et
3113 2687 3326 2732 terram.
3365 2677 3475 2735 Sed

1890 2773 1993 2827 ista
2020 2771 2221 2827 locutio
2251 2783 2365 2829 non
2402 2777 2614 2825 tantum
2647 2769 2766 2825 sine
2791 2768 2971 2840 aliquo
2994 2784 3151 2834 sono,
3181 2769 3277 2824 sed
3312 2769 3478 2825 etiam

1889 2862 2010 2945 sine
2048 2861 2159 2918 ullo
2202 2858 2469 2933 corporali
2522 2868 2672 2915 motu
2712 2866 2977 2915 creatum
3020 2858 3278 2931 spiritalis
3301 2900 3317 2926 ,
3363 2858 3479 2929 ejus

1890 2958 2061 3015 menti
2089 2965 2251 3028 atque
2278 2956 2477 3014 rationi
2506 2955 2902 3028 quodammodo
2933 2955 3096 3010 infixa
3130 2969 3230 3026 per
3252 2954 3478 3010 verbum

1890 3051 2059 3123 patris
2084 3059 2431 3107 coaeternum.
2447 3048 2554 3106 Sed
2575 3049 2804 3106 multum
2826 3057 2989 3120 atque
3009 3046 3377 3105 difﬁcillimum
3399 3057 3481 3104 est

1892 3154 2085 3213 capere
2129 3142 2399 3211 quomodo
2444 3141 2644 3197 dicitur
2687 3140 2787 3196 deo
2827 3157 2935 3197 non
2984 3138 3353 3211 temporaliter
3392 3139 3481 3210 ju-

1893 3234 2073 3307 benti,
2110 3248 2284 3304 neque
2324 3232 2382 3289 id
2409 3232 2779 3305 temporaliter
2807 3232 3059 3287 audiente
3087 3242 3357 3299 creatura,
3387 3233 3482 3303 qui
3516 3258 3521 3267 -

1814 3364 1868 3432 Ο
1894 3323 2346 3398 contemplatione
2372 3323 2617 3379 veritatis
2644 3323 2827 3389 omnia
2846 3323 3065 3410 excedit
3090 3330 3357 3395 tempora,
3388 3322 3482 3379 sed

1896 3414 2330 3473 intellectualiter
2356 3414 2573 3471 sibimet
2599 3406 2863 3486 impressa
2890 3429 3014 3471 cum
3042 3414 3185 3485 patri
3212 3421 3483 3472 eoaeterna

1894 3511 2159 3582 sapientia
2205 3516 2461 3579 tauquam
2517 3507 2869 3579 intelligibilis
2914 3506 3200 3565 locutionis
3228 3548 3243 3573 ,
3302 3504 3370 3562 ad
3416 3521 3483 3563 ea

1893 3622 2013 3679 quze
2052 3605 2193 3662 infra
2233 3613 2359 3663 sunt
2396 3604 2837 3670 transmittentis,
2877 3610 2937 3658 ut
2978 3602 3132 3658 ﬁeret
3170 3599 3482 3673 temporalis

1892 3708 2073 3757 motus
2100 3701 2158 3754 in
2179 3699 2342 3756 rebus
2369 3696 2756 3768 temporalibus
2781 3695 2894 3751 sive
2928 3688 3224 3751 formandis
3250 3693 3364 3751 sive
3387 3692 3482 3751 ad-

1894 3790 2284 3848 ministrandis.
2830 3796 2833 3799 '

1965 3883 2121 3938 Item.
2176 3882 2342 3938 Facta
2380 3889 2465 3936 est
2496 3879 2673 3952 inquit
2708 3879 2799 3934 lux
2824 3921 2839 3947 ,
2877 3879 2930 3935 id
2965 3886 3049 3935 est
3082 3878 3284 3935 creatio
3321 3893 3483 3950 ange-

1890 3971 2019 4041 lica,
2066 3973 2193 4044 quia
2239 3981 2367 4029 tunc
2412 3978 2689 4043 coeperunt
2733 3985 3024 4043 agnoscere
3054 3968 3140 4026 vel
3184 3970 3483 4041 intelligere

1891 4073 2193 4123 creatorem
2218 4081 2397 4121 suum.

1962 4158 2031 4211 D.
2073 4157 2252 4225 Quare
2280 4159 2476 4213 iterum
2500 4173 2609 4212 non
2633 4156 2851 4228 repetit,
2880 4164 2935 4211 et
2959 4153 3087 4210 fecit
3111 4156 3253 4210 Deus
3279 4155 3479 4224 lucem,

1891 4250 2033 4306 sicut
2073 4257 2351 4305 creaturas
2375 4256 2600 4306 caeteras
2637 4249 2837 4321 repetit
2875 4262 3010 4319 quas
3050 4249 3276 4315 creavit,
3321 4257 3383 4303 ut
3425 4249 3481 4304 in

1891 4342 2233 4397 ﬁrmamento
2272 4340 2406 4397 dicit
2448 4357 2461 4393 :
2512 4339 2637 4394 Fiat
2676 4340 3085 4410 ﬁrmamentum.
3131 4334 3197 4392 Et
3236 4337 3476 4399 iterum:

1890 4430 2042 4487 Fecit
2068 4432 2211 4486 Deus
2238 4430 2625 4501 ﬁrmamentum
2643 4430 2669 4484 .’

1962 4524 2041 4580 Μ.
2081 4524 2313 4582 Necesse
2350 4541 2585 4596 namque
2622 4543 2729 4583 non
2765 4532 2882 4582 erat
2916 4532 2978 4580 ut
3011 4525 3236 4582 dixisset
3273 4543 3286 4579 :
3329 4523 3479 4580 Fecit
3513 4540 3519 4547 '

1889 4624 2032 4681 Deus
2060 4624 2266 4689 lumen,
2298 4624 2424 4695 quia
2457 4623 2835 4682 intellectualis
2866 4628 3115 4679 creatura
3142 4629 3291 4688 erat,
3316 4621 3372 4677 id
3395 4630 3483 4678 est

164 4721 494 4780 minaretur
532 4731 590 4779 et
632 4723 748 4794 ipsa
791 4720 1136 4787 illuminatio,
1179 4736 1245 4777 ac
1285 4720 1501 4778 diverso
1543 4726 1783 4792 tempore
1808 4722 1866 4786 Ι)
1888 4718 2083 4790 angeli.
2117 4715 2345 4785 Quando
2373 4725 2555 4772 autem
2583 4717 2755 4773 dicit:
2792 4713 2917 4770 Fiat
2947 4714 3359 4783 firmamentum,
3394 4711 3481 4767 vel

161 4815 463 4874 ηιξκιε
487 4813 710 4885 fuerint,
736 4814 896 4888 paulo
915 4823 1041 4871 ante
1062 4812 1299 4871 diximus
1318 4828 1443 4871 cum
1468 4814 1535 4870 de
1558 4813 1785 4870 materia

162 4912 579 4965 tractaremus.

819 5012 1165 5056 AUGUSTINUS.

244 5090 329 5147 Β.
371 5089 521 5147 Dicat
563 5106 768 5165 quoque
812 5089 956 5145 Deus
1000 5088 1097 5159 ﬁat
1141 5088 1253 5145 lux.
1295 5087 1357 5143 In
1396 5086 1483 5143 die
1523 5086 1679 5153 dixit,
1718 5102 1789 5143 an

152 5192 314 5242 ante
368 5197 587 5241 omnem
635 5183 821 5240 diem?
867 5182 927 5240 Si
973 5183 1029 5239 in
1073 5183 1159 5239 die
1203 5181 1369 5247 dixit,
1417 5180 1790 5251 temporaliter

150 5275 347 5346 dixit,
391 5277 444 5333 si
470 5259 841 5348 temporaliter
880 5275 1035 5341 dixit,
1067 5290 1164 5346 per
1199 5274 1435 5344 aliquam
1475 5280 1780 5330 creaturam

145 5369 319 5426 dixit
338 5409 359 5438 ,
398 5368 566 5442 igitur
599 5383 708 5425 non
742 5375 828 5425 est
852 5366 1029 5441 prima
1053 5374 1301 5422 creatura
1326 5364 1438 5420 lux.

237 5459 334 5515 Η.
375 5459 490 5517 Nec
524 5460 579 5516 in
614 5460 703 5517 die
736 5459 904 5527 dixit,
942 5474 1045 5515 nec
1078 5456 1446 5528 temporaliter
1479 5455 1649 5525 dixit,
1685 5457 1783 5515 sed

140 5560 302 5610 ante
344 5568 568 5609 omnem
606 5551 851 5624 profecto
885 5558 1191 5607 creaturam
1228 5548 1454 5603 verbum
1492 5563 1650 5604 suum
1689 5563 1783 5621 ge-

134 5645 315 5706 nuit.
362 5646 541 5703 Dictio
578 5648 760 5719 itaque
792 5645 888 5702 Dei
921 5645 1146 5702 verbum
1180 5642 1277 5700 Dei
1312 5651 1413 5699 est.
1456 5641 1563 5699 Sed
1596 5643 1777 5699 divina

134 5735 470 5810 Scriptura
510 5738 749 5810 parvulis
788 5751 1111 5810 congruens,
1152 5744 1207 5792 et
1247 5735 1644 5806 quodammodo
1684 5750 1779 5793 eos

134 5833 420 5900 lactans,
455 5840 514 5889 ut
551 5832 857 5904 proficiant,
897 5831 1169 5888 etacibum
1209 5830 1506 5902 spiritalem
1538 5831 1774 5900 capiant,

128 5922 357 5980 voluit
410 5939 622 5994 semper
674 5939 772 5993 per
818 5938 1033 5979 omnem
1084 5931 1346 5978 creatum
1396 5919 1773 5977 formationem

1888 4817 2083 4865 cattera
2112 4804 2175 4861 in
2210 4800 2330 4861 aliis
2363 4804 2649 4870 creaturis,
2671 4800 2776 4857 hoc
2809 4803 2865 4858 in
2903 4800 3211 4872 cognitione
3239 4796 3483 4871 angelica

1887 4898 2044 4967 dixit,
2077 4896 2202 4969 quia
2244 4913 2345 4954 nec
2390 4897 2588 4951 mirum
2616 4901 2699 4949 est
2744 4893 2792 4948 sl
2836 4891 2979 4948 Deus
3025 4890 3228 4946 sanctis
3270 4887 3480 4962 angelis

1885 4994 2001 5051 suis
2026 4993 2083 5048 in
2109 4992 2287 5063 prima
2316 4990 2453 5045 lucis
2478 4986 2786 5063 conditione
2814 4984 2881 5041 ad
2910 5000 2969 5040 se
2997 4983 3296 5051 conversis,
3328 4981 3482 5054 prius

1886 5086 2057 5142 voluit
2079 5062 2366 5141 ostendere
2387 5080 2516 5152 quid
2544 5062 2661 5135 erat
2687 5078 2941 5150 deinceps
2966 5075 3227 5133 facturus.
3254 5073 3480 5144 Quando

1885 5194 2015 5234 vero
2041 5176 2209 5233 dicit:
2242 5172 2311 5228 Et
2342 5172 2461 5243 fecit
2503 5169 2676 5236 Deus,
2714 5168 2771 5225 id
2806 5176 2890 5224 cst
2934 5168 2989 5224 in
3033 5167 3251 5239 propria
3285 5175 3482 5222 natura

1885 5285 2092 5336 rerum,
2132 5266 2246 5337 jam
2286 5281 2394 5320 non
2440 5270 2560 5319 erat
2603 5263 2706 5317 hoc
2747 5275 2884 5330 opus
2928 5261 2993 5316 de
3036 5258 3240 5330 angelis
3282 5258 3480 5313 iterum

1884 5370 2162 5432 repetere,
2214 5358 2341 5429 quia
2389 5355 2466 5410 illi
2510 5363 2663 5421 tunc,
2717 5353 2857 5408 sicut
2908 5350 3178 5431 diximus,
3230 5348 3478 5407 conversi

1882 5455 2098 5513 fuerant
2148 5451 2217 5507 ad
2266 5448 2702 5523 cognoscendum
2754 5454 3053 5502 creatorem
3106 5459 3283 5499 suum.
3341 5440 3478 5497 Cum

1884 5547 2029 5604 enim
2066 5553 2269 5600 aeterna
2294 5541 2382 5596 illa
2410 5548 2464 5596 et
2486 5537 2861 5605 immutabilis,
2891 5552 3011 5609 qua:
3054 5552 3161 5591 non
3192 5541 3277 5590 est
3311 5533 3476 5597 facta,

1886 5640 1981 5697 sed
2008 5638 2189 5709 genita
2224 5635 2518 5706 sapientia,
2553 5633 2606 5687 in
2634 5631 2929 5703 spiritalem
2962 5639 3123 5699 atque
3158 5623 3479 5681 rationalem

1886 5739 2190 5788 creaturam
2214 5741 2271 5783 se
2296 5725 2591 5792 transfert,
2634 5725 2774 5780 sicut
2807 5723 2862 5778 in
2899 5722 3109 5777 animas
3137 5724 3352 5772 sanctas
3371 5754 3387 5780 ,
3416 5722 3478 5768 ut

1885 5821 2188 5878 inluminati
2212 5821 2391 5876 lucere
2411 5819 2641 5890 possint,
2666 5817 2725 5872 ﬁt
2750 5818 2806 5871 in
2829 5816 2909 5871 eis
2935 5811 3181 5884 quaedam
3205 5807 3479 5863 luculenta

1883 5917 2108 5973 rationis
2156 5914 2388 5982 affectio,
2436 5928 2555 5983 quzr.
2602 5919 2779 5981 potest
2824 5906 3031 5980 accipi,
3057 5903 3200 5958 facta
3236 5909 3320 5957 est
3357 5894 3473 5968 lux,

227 6047 264 6079 α
308 6033 437 6095 lmo
461 6035 819 6109 Augusunus,
856 6035 948 6095 lib.
986 6032 1164 6105 primo
1202 6029 1494 6108 degcenesi
1519 6032 1587 6095 ad
1618 6030 1876 6106 litteram,
1905 6044 2025 6100 cap.
2057 6026 2111 6083 7.
