3950 6312
431 430 571 490 H19

1928 406 2217 466 WICBODI

3554 411 3698 469 1191)

431 557 558 601 cum
595 538 806 597 dixerat
840 533 986 591 Deus
1012 532 1110 603 ﬁat
1136 531 1257 601 lux,
1282 506 1395 601 jam
1420 528 1566 587 enim
1592 531 1709 584 erat
1748 521 2012 596 spiritalis
2035 524 2087 585 Δ
2113 520 2358 579 facienda
2382 522 2667 594 cogitando
2695 523 2975 596 disposuit.
3005 524 3076 581 Et
3113 540 3238 583 cum
3268 527 3378 585 hoc
3417 529 3484 584 in
3522 519 3709 587 homii

434 634 659 699 creatio,
687 646 809 703 quae
836 627 960 686 caeli
984 627 1203 685 nomine
1237 622 1538 695 signiﬁcata
1573 628 1689 686 est,
1724 632 1848 673 cum
1873 615 2007 672 scri—

431 735 586 798 ptum
606 723 716 778 sit:
747 720 817 776 In
833 719 1100 789 principio
1121 716 1311 770 creavit
1333 714 1473 769 Deus
1505 711 1688 767 caelum
1716 717 1765 764 et
1791 717 2003 762 terram.

2114 629 2239 669 nem
2283 615 2476 671 cadere
2511 631 2620 671 non
2645 616 2841 686 possit,
2878 624 2941 671 ut
2987 617 3188 687 aliquid
3213 619 3483 689 ignorans
3512 618 3701 687 faciat,

2114 714 2316 778 quanto
2351 708 2522 778 magis
2554 708 2611 762 in
2635 708 2827 775 Deum,
2855 708 2949 779 qui
2976 710 3160 765 omnia
3188 718 3395 766 aeterno
3422 720 3489 767 et
3520 714 3703 769 stabili

431 788 552 873 lion
574 814 697 871 cali
719 788 985 883 corporei,
1002 788 1098 865 sed
1116 807 1238 864 cmli
1264 804 1588 875 incorporei,
1602 803 1658 858 in
1681 816 1789 874 qua
1811 806 2008 855 natura
2115 800 2342 856 consilio
2367 816 2465 856 suo
2489 788 2759 871 qﬁomodo
2779 801 2949 857 voluit
2982 800 3145 857 fecit?
3171 801 3283 858 Nec
3307 803 3701 874 aliter.etenim

436 905 809 977 intelliguntur
828 915 1017 959 omnes
1041 898 1216 957 sancti
1236 895 1457 967 angelid.

1066 1001 1382 1045 GREGORIUS.

510 1086 668 1142 Tales
697 1094 931 1153 namque
957 1079 1126 1136 creati
1160 1083 1285 1133 sunt
1312 1073 1507 1145 angeli,
1534 1079 1595 1127 ιιι
1625 1070 1672 1126 si
1705 1068 1926 1135 vellent,
1956 1067 2012 1123 in

437 1177 787 1238 hemitudinis
833 1176 953 1230 luce
996 1171 1392 1243 persisterent;
1458 1166 1505 1221 si
1550 1169 1731 1218 autem
1774 1159 2012 1224 nollent,

442 1270 607 1326 etiam
631 1266 738 1323 labi
763 1265 1082 1337 potuissent.
1112 1260 1264 1319 Unde
1288 1266 1343 1314 et
1369 1255 1678 1323 Satan,cum
1699 1249 2020 1319 sequacibus

443 1358 742 1431 legionibus
772 1354 996 1420 cecidit;
1041 1350 1137 1408 sed
1167 1357 1291 1421 post
1318 1346 1435 1416 ejus
1464 1345 1675 1414 lapsum
1709 1341 1787 1396 ita
1816 1337 2018 1431 confir—

2117 892 2262 950 facta
2289 903 2344 950 et
2371 896 2529 952 aliter
2570 896 2816 953 facienda
2842 898 3008 965 vidit;
3061 913 3129 955 eo
3157 898 3340 970 itaque
3372 898 3553 957 modo
3578 901 3703 958 vidit

2118 982 2285 1053 facta,
2315 1002 2423 1056 quo
2441 987 2649 1043 viderat
2672 986 2937 1044 facienda.

2119 1078 2156 1134 ἱο
2190 1076 2261 1131 D.
2301 1077 2372 1133 Et
2400 1078 2524 1134 vidit
2545 1079 2682 1134 Deus
2707 1078 2873 1134 lucem
2888 1080 3031 1151 Quod
3052 1090 3183 1136 esset
3206 1082 3341 1136 bona
3365 1080 3533 1154 (Gen.
3560 1098 3602 1151 l,
3621 1084 3703 1156 4).

2123 1168 2302 1237 Quare
2326 1170 2503 1227 lucem
2530 1179 2743 1226 tantum
2770 1172 3033 1239 laudavit,
3060 1180 3116 1228 et
3142 1188 3252 1229 non
3271 1182 3502 1229 noctem
3518 1175 3545 1229 ἓ

2197 1262 2275 1317 Μ.
2315 1264 2372 1319 ld
2397 1273 2501 1331 est,
2531 1265 2657 1335 quia
2680 1281 2790 1322 nox
2827 1265 3002 1323 adhuc
3043 1283 3145 1324 nec
3173 1268 3289 1323 dies
3330 1268 3498 1326 factae
3536 1282 3704 1338 erant,

2128 1355 2461 1430 sedgtantum
2496 1356 2588 1411 lux
2631 1357 2905 1426 angelica,
2951 1359 3079 1429 quia
3110 1359 3394 1431 indignum
3434 1369 3567 1416 erat
3604 1363 3706 1418 Deo

444 1428 578 1508 mati
604 1457 730 1505 sunt
758 1446 931 1517 angeli
970 1443 1064 1514 qui
1093 1440 1464 1512 perstiterunt,
1488 1442 1548 1490 ut
1572 1432 1766 1489 cadere
1799 1428 2022 1487 omnino
2126 1428 2245 1502 rem
2269 1446 2557 1502 informem
2575 1447 2818 1514 laudare,
2840 1428 3155 1518 (μέθαι,ηο
3180 1428 3555 1507 “unum
3577 1460 3702 1520 em,

443 1558 554 1600 non
589 1541 825 1613 possint.
863 1534 1017 1604 Quod
1049 1535 1188 1590 bene
1234 1532 1292 1587 in
1328 1530 1446 1600 ipso
1488 1525 1712 1582 exordio
1749 1522 2025 1579 Geneseos

444 1633 729 1705 praesentis
775 1630 899 1687 libri
934 1626 1192 1683 historica
1224 1620 1586 1692 descriptione
1610 1618 1879 1689 signatum
1918 1622 2021 1705 est.
2062 1668 2077 1683 κ

449 1704 588 1792 Quia
629 1723 832 1780 creavit
872 1721 1012 1775 Deus
1039 1717 1236 1775 coelum
1273 1711 1415 1782 quod
1441 1710 1785 1781 postmodum
1809 1704 2027 1763 vocavit
2109 1736 2129 1766 η

448 1820 869 1876 ﬁrmamentum.
895 1808 1029 1867 Coeli
1054 1822 1182 1877 ergo
1206 1805 1441 1867 fuerunt,
1478 1809 1539 1857 ut
1568 1801 1816 1863 diximus,
1846 1797 1902 1853 hi
1931 1795 2025 1867 qui

447 1912 601 1986 prius
621 1910 760 1966 bene
783 1913 908 1962 sunt
950 1867 1175 1969 conditi,
1219 1900 1314 1956 sed
1341 1894 1680 1969 postmodum
1719 1892 2029 1947 ﬁrmamen—
2055 1867 2107 1930 Β

2128 1539 2227 1595 sed
2282 1554 2399 1595 rem
2449 1539 2597 1594 illam
2639 1555 2758 1610 qua:
2804 1531 3037 1598 formata
3076 1551 3195 1600 erat
3228 1529 3499 1612 laudavit,
3542 1546 3599 1601 id
3631 1553 3707 1602 est

2131 1626 2306 1685 lucem
2335 1627 2651 1699 angelicam.

2740 1737 3087 1780 AUGUSTINUS.
3560 1758 3567 1765 υ

2202 1813 2272 1869 D.
2311 1813 2385 1869 Et
2424 1814 2599 1869 divisit
2638 1814 2803 1870 lucem
2829 1834 2862 1871 a
2881 1818 3103 1873 tenebris
3131 1818 3347 1892 (Ibid.).
3366 1896 3373 1901 .
3392 1820 3596 1886 Divisit,
3622 1822 3703 1878 in-

2131 1906 2249 1975 quit
2272 1905 2560 1977 scriptum,
2587 1906 2759 1963 lucem
2782 1924 2814 1963 a
2832 1910 3099 1965 tenebris:
3116 1925 3281 1968 omne
3299 1912 3452 1967 enim
3471 1914 3611 1984 quod
3630 1915 3704 1969 di-

452 1984 571 2062 tum
605 1999 854 2074 appellati
898 2005 1042 2064 ειιιιιν
1090 1995 1218 2065 (lilia
1258 1991 1479 2049 οωῐιίιιο
1508 1988 1623 2059 iam
1671 2000 1742 2041 ne
1774 1984 2031 2043 caderent
2129 1996 2354 2063 viditur,
2383 2004 2440 2052 et
2465 2010 2585 2052 esse
2608 2005 2808 2067 potest.
2848 1998 3001 2055 Sicut
3021 2014 3150 2071 ergo
3173 2009 3259 2056 est
3286 2004 3531 2059 essentia
3564 2003 3699 2070 lucis,

454 2096 710 2153 virtutem
735 2086 1291 2149 incommutabilitatis
1320 2087 1664 2153 acceperunt.

993 2195 1123 2238 iri-zu
1162 2174 1492 2245 onsoonws.)

529 2277 674 2339 Dixit
694 2274 836 2331 Deus
859 2288 877 2329 :
900 2271 1026 2326 Fiat
1051 2270 1143 2325 tua:
1166 2279 1215 2325 et
1233 2268 1376 2339 facta
1396 2274 1471 2321 est
1498 2264 1591 2319 lux
1623 2261 1776 2333 (Gen.
1804 2276 1846 2327 ι,
1874 2258 1952 2329 ⁵5),
1979 2262 2035 2311 et

457 2369 617 2451 paulo
639 2372 763 2438 post
801 2383 816 2421 :
859 2362 1087 2418 Factum
1117 2368 1193 2417 est
1226 2373 1447 2429 vespere.
1485 2353 1838 2424 Nequaquam
1863 2350 1943 2406 sic
1978 2348 2035 2402 in

457 2440 562 2521 hac
580 2440 692 2515 vita
720 2471 818 2528 per
843 2451 1290 2509 exercitationem
1308 2446 1536 2518 iustitiae
1571 2450 1856 2515 peccaturo
1883 2440 2037 2496 dese-

456 2556 615 2619 ritur,
662 2558 722 2608 ut
768 2549 823 2604 in
864 2546 1055 2604 eadem
1104 2541 1315 2614 iustitia
1362 2541 1681 2597 inconcusse
1731 2537 2035 2589 maneatur.

387 2646 393 2651 ’
461 2622 598 2714 Quia
621 2642 723 2698 etsi
744 2638 860 2711 jam
888 2653 921 2692 a
957 2633 1136 2692 cordis
1176 2629 1483 2688 habitaculo
1524 2626 1735 2703 culpam
1771 2622 2038 2714 rectitude

459 2709 719 2800 eliminat,
749 2709 873 2803 ipsa
906 2737 1088 2785 tamen
1108 2723 1267 2793 culpa
1290 2735 1411 2792 quae
1435 2717 1731 2788 repellitur,
1755 2709 2039 2783 cogitatio-

459 2829 548 2885 nis
580 2832 778 2881 nostrae
803 2820 1009 2877 foribus
1029 2816 1298 2878 assidens,
1326 2819 1387 2867 ut
1415 2809 1518 2865 sibi
1541 2807 1814 2878 aperiatur
1838 2803 2036 2875 pulsat.

462 2917 618 2986 Quod
640 2914 850 2986 Moyses
877 2904 1192 2982 spiritaliter
1225 2903 1420 2968 innuit,
1459 2916 1584 2958 cum
1609 2898 1752 2955 facta
1782 2910 2038 2967 corpora-

465 3009 590 3078 liter
620 3016 922 3075 temporum
954 3004 1226 3056 momenta
1252 2993 1495 3051 narravit
1533 3006 1549 3045 :
1592 2988 1765 3044 Facta
1804 2996 1880 3044 est
1926 2986 2039 3053 lux,

469 3105 632 3170 atque
680 3093 840 3167 paulo
878 3100 1002 3163 post
1051 3085 1344 3157 subiiciens
1370 3124 1385 3154 ,
1434 3083 1633 3153 factum
1689 3086 1763 3134 est
1816 3092 2040 3148 vespere.

2130 2086 2209 2142 ita
2235 2086 2473 2141 essentia
2497 2075 2864 2144 tianebrarum.
2894 2088 2962 2145 Et
2993 2105 3093 2146 cur
3116 2106 3227 2147 non
3255 2091 3395 2148 dicit
3420 2092 3703 2164 Scriptura,

2131 2177 2266 2233 vidit
2290 2176 2434 2234 Deus
2458 2180 2712 2237 tenebras
2740 2180 2883 2252 quod
2911 2188 3092 2238 essent
3117 2182 3275 2241 home
3294 2224 3311 2251 ,
3339 2182 3492 2241 sicut
3515 2186 3582 2242 de
3600 2185 3704 2241 luce

2134 2269 2338 2326 dictum
2359 2278 2442 2326 est
2458 2270 2481 2326 ?

2207 2358 2285 2412 M.
2327 2359 2468 2416 Deus
2491 2360 2636 2417 bona
2668 2367 2725 2416 et
2757 2360 3503 2419 ineommutabili'voluntate
3524 2364 3705 2420 creavit

2135 2465 2323 2508 omnes
2358 2452 2576 2525 angelos
2599 2453 2791 2517 honos,
2817 2452 2911 2509 sed
2943 2452 3076 2524 quia
3100 2469 3169 2508 ex
3196 2454 3287 2509 his
3323 2456 3590 2525 quosdam
3618 2471 3702 2526 per

2137 2544 2442 2616 superbiam
2468 2544 2789 2613 praeseiehat
2807 2559 3048 2611 casuros,
3073 2558 3171 2614 per
3197 2545 3701 2603 incommutabilita—

2137 2643 2248 2691 tem
2287 2633 2641 2706 praescientite
2688 2649 2799 2690 suae
2819 2635 3020 2703 {divisit
3062 2636 3204 2691 inter
3239 2636 3423 2693 bonos
3451 2646 3507 2693 et
3531 2638 3701 2693 malos.

2140 2726 2309 2785 Malos
2359 2726 2523 2797 igitur
2564 2724 2840 2796 appellans
2886 2726 3135 2782 tenebras
3162 2766 3178 2792 ,
3228 2726 3407 2782 honos
3453 2727 3707 2799 appellans

2139 2817 2339 2885 lucem,
2381 2817 2440 2872 in
2485 2816 2569 2874 his
2606 2817 2792 2873 dicens
2834 2815 2961 2887 quia
2985 2816 3112 2873 boni
3137 2825 3286 2883 sunt,
3326 2817 3383 2871 in
3417 2817 3523 2872 illis
3546 2816 3707 2872 nula-

2141 2920 2301 2969 tenus
2330 2909 2516 2965 dicens
2536 2949 2550 2975 ,
2575 2922 2646 2964 ne
2666 2916 2889 2979 peccata
2922 2923 3044 2979 quae
3071 2916 3229 2965 erant
3254 2908 3489 2965 tenebrae
3521 2907 3713 2977 adpro-

2143 3003 2276 3061 bare
2302 3001 2597 3058 videretur.
3132 3056 3135 3059 λ

2755 3102 2889 3145 ΙΤΕὶί
2926 3102 3095 3145 Διιιιι.

470 3169 694 3247 (διέδεον
728 3186 925 3257 quippe
973 3180 1217 3238 omnium
1260 3179 1509 3279 humanae
1549 3172 1719 3244 culpae
1759 3169 2038 3279 Praescia?»
2072 3210 2125 3279 ο
2219 3183 2288 3238 D.
2324 3181 2516 3261 Divisit
2539 3181 2705 3238 lucem
2726 3197 2761 3236 a
2782 3179 3022 3236 tenebris.
3054 3177 3198 3246 Quid
3223 3178 3712 3236 estlueematene-

471 3291 601 3339 tunc
629 3277 894 3350 expressit
935 3277 992 3331 in
1032 3282 1276 3343 tempore
1319 3268 1463 3340 quod
1510 3281 1653 3321 nunc
1698 3269 1948 3318 versatur
1991 3268 2048 3316 in
2079 3268 2125 3279 "
2152 3274 2266 3330 bris
2299 3273 2574 3329 dividere?

468 3380 671 3432 mente.
707 3370 826 3428 Lux
853 3368 1051 3440 quippe
1074 3366 1145 3423 ad
1172 3376 1457 3434 vesperum
1482 3359 1712 3421 ducitur,
1743 3356 1871 3427 quia
1890 3354 2052 3410 nimi-

470 3482 595 3525 rum
632 3465 814 3520 lumen
856 3459 1199 3518 rectitudinis
1221 3457 1414 3512 umbra
1449 3452 1690 3523 sequitur
1717 3450 2046 3505 tentationis.

472 3557 582 3615 Sed
600 3556 728 3628 quia
755 3553 1051 3609 electorum
1078 3548 1172 3604 lux
1209 3546 1505 3602 tentatione
1528 3559 1638 3599 non
1671 3541 2048 3611 exstinguitur,

475 3658 817 3717 nequaquam
849 3657 979 3707 nox,
1010 3639 1105 3696 sed
1128 3650 1354 3709 vespere
1394 3636 1536 3691 facta
1561 3634 1894 3704 perhibetur,
1926 3631 2055 3701 quia

478 3739 735 3796 nimirum
765 3746 905 3802 saepe
933 3730 1160 3787 tentatio
1189 3731 1245 3785 in
1287 3729 1450 3786 corde
1479 3733 1746 3781 rectorum
1758 3724 1947 3795 lumen
1966 3719 2056 3789 ju-

476 3829 642 3886 stiti-ae
670 3824 971 3890 abscondit,
1001 3823 1096 3880 sed
1134 3836 1241 3878 non
1260 3818 1539 3883 interimit,
1587 3816 1742 3887 quasi
1778 3816 1846 3870 ad
1885 3813 2056 3884 pallo-

477 3935 594 3977 rem
623 3914 996 3989 trepidatiouis
1027 3912 1308 3986 pertrahit,
1340 3911 1434 3968 sed
1455 3909 1696 3966 funditus
1722 3922 1833 3965 non
1853 3906 2056 3962 exstin-

482 4010 616 4084 guit.

1112 4111 1423 4153 annnosms.
1921 4162 1925 4167 ,

552 4194 699 4251 Dixit
717 4207 919 4265 quoque
940 4186 1119 4254 Deusf:
1137 4185 1260 4244 Fiat
1285 4188 1395 4257 lux,
1414 4189 1470 4246 id
1482 4196 1567 4246 est
1589 4187 1909 4247 illuminatio
1932 4204 2055 4247 ere-

484 4285 722 4345 dulitatis
749 4288 1023 4355 appareat.
1051 4280 1234 4337 Prima
1258 4281 1402 4337 enim
1423 4281 1510 4338 die
1530 4280 1707 4338 lucem
1735 4281 1861 4338 ﬁdei
1888 4282 2055 4351 dedit,

482 4378 610 4449 quia
633 4375 808 4446 prima
842 4380 926 4429 est
951 4373 1009 4429 in
1043 4372 1395 4429 conversione
1420 4372 1583 4442 ﬁdes,
1624 4374 1767 4431 unde
1792 4382 1849 4429 et
1883 4375 2061 4444 ipsum

481 4470 720 4543 primum
760 4466 1016 4538 prtecepti
1066 4465 1377 4522 mandatum
1440 4476 1551 4534 est,
1607 4467 1866 4525 Dominus
1919 4468 2060 4524 Deus

2224 3364 2307 3419 Μ.
2340 3364 2403 3420 ld
2428 3372 2533 3431 est,
2563 3361 2836 3419 distinctio
2856 3361 2937 3417 rei
2960 3359 3205 3417 formatae
3231 3361 3299 3417 ab
3321 3359 3564 3417 informi.

2224 3458 2293 3512 D.
2333 3455 2719 3528 Appellavitque
2759 3454 2926 3510 lucem
2963 3454 3125 3521 diem,
3171 3462 3221 3508 et
3255 3454 3499 3508 tenebras
3533 3462 3717 3508 nocte:

2157 3549 2309 3623 (Gen.
2339 3568 2380 3618 ι,
2421 3549 2498 3615 5).
2546 3548 2654 3604 Cur
2679 3547 2969 3618 appellavit
2993 3546 3170 3603 lucem
3207 3546 3355 3604 diem
3387 3557 3447 3602 et
3490 3547 3719 3604 tenebras

2154 3641 2401 3699 noctem?
2427 3655 2547 3710 quae
2568 3638 2740 3694 adhuc
2768 3636 3000 3694 formata
3025 3647 3135 3694 non
3158 3638 3354 3692 erant?

2230 3732 2309 3786 Μ.
2348 3732 2637 3802 Propterea
2679 3730 2825 3785 enim
2862 3728 3147 3799 appellavit
3181 3727 3363 3784 lucem
3406 3730 3580 3796 diem,
3612 3729 3720 3798 quia

2158 3825 2273 3881 dies
2296 3824 2439 3880 circa
2482 3821 2711 3892 speciem
2750 3819 2903 3877 factm
2927 3821 3005 3876 rei
3028 3808 3474 3892 appellatus—est;
3502 3830 3562 3877 et
3597 3830 3722 3877 tene-

2156 3916 2285 3974 bras
2311 3923 2548 3982 noctem,
2572 3915 2699 3985 quia
2722 3929 2828 3969 nox
2854 3913 2956 3968 ista
2981 3929 3102 3984 quae
3125 3914 3283 3970 nobis
3310 3914 3607 3970 notissima
3631 3922 3722 3977 est,

2158 4010 2291 4067 facit
2318 4025 2437 4065 eam
2458 4024 2577 4065 esse
2605 4008 2848 4064 absentia
2871 4006 3000 4063 solis
3024 4021 3187 4077 super
3208 4015 3442 4073 terram,
3485 4008 3616 4079 quia
3652 4007 3728 4062 tb—

2161 4102 2375 4159 cidente
2417 4100 2552 4167 sole,
2603 4110 2856 4154 vocamus
2903 4110 3208 4167 vesperam,
3248 4096 3553 4152 inchoante
3583 4107 3729 4166 mane

2162 4208 2420 4251 vocamus
2446 4191 2610 4247 diem.
2655 4188 2776 4245 Nox
2814 4195 2995 4243 autem
3034 4187 3127 4243 hic
3164 4186 3401 4258 privatio
3424 4187 3619 4258 operis
3639 4191 3726 4251 est,

2162 4296 2256 4342 aut
2294 4300 2402 4340 nox
2448 4283 2564 4353 ipsa
2609 4280 2938 4354 possibilitas
2989 4278 3256 4351 appellata
3293 4286 3417 4346 est,
3436 4295 3575 4351 quae
3613 4279 3730 4333 inst

2165 4377 2328 4433 rebus
2372 4373 2530 4431 factis
2544 4413 2560 4439 ,
2602 4373 2745 4430 unde
2783 4370 2902 4429 ﬁeri
2947 4376 3126 4443 potest
3152 4409 3168 4438 ,
3209 4370 3428 4428 etiamsi
3474 4387 3594 4429 non
3634 4384 3732 4426 mu-

2166 4476 2368 4527 tentur.

485 4567 607 4615 tuus
632 4557 772 4612 Deus
798 4572 932 4610 unus
958 4562 1034 4609 est
1068 4554 1245 4628 (Deut.
1274 4571 1350 4623 1v,
1376 4554 1453 4627 6),
1480 4564 1698 4627 propter
1720 4574 1883 4628 quam
1902 4558 2063 4615 ﬁdem
2084 4560 2142 4625 Ι)
2235 4560 2303 4616 D.
2322 4558 2644 4631 Factumque
2660 4566 2737 4612 est
2762 4572 2964 4627 uespere
2984 4563 3031 4612 et
3054 4571 3209 4613 mane
3226 4555 3339 4612 dies
3364 4572 3513 4614 unus
3538 4553 3735 4629 (Ilia).

486 4649 604 4720 ipse
629 4647 891 4704 Dominus
922 4644 1210 4702 visibiliter
1249 4646 1307 4701 in
1346 4646 1547 4702 mundo
1585 4662 1847 4717 apparere
1872 4648 2060 4718 voluit,

482 4737 599 4810 jam
626 4747 755 4794 tunc
778 4737 922 4792 Deus
940 4734 1097 4807 juxta
1120 4734 1473 4810 praescientia:
1493 4751 1603 4793 sua:
1629 4738 1859 4808 gratiam
1887 4739 2067 4796 divisit

484 4808 677 4901 iustos,
715 4829 771 4886 id
807 4837 893 4886 est
918 4827 1057 4885 ﬁlios
1091 4829 1186 4885 Dei
1213 4837 1269 4884 et
1302 4808 1440 4887 lacis
1474 4846 1506 4886 a
1542 4832 1918 4901 peccatoribus
1948 4839 2069 4888 tan-

492 4935 655 4991 quam
686 4936 717 4977 a
759 4919 995 4997 tenebris
1020 4959 1035 4986 ,
1072 4919 1206 4976 istos
1238 4935 1437 4977 vocans
1473 4919 1642 4986 diem,
1682 4920 1803 4976 illos
1846 4930 2065 4989 noctem,

493 5026 622 5068 nam
656 5013 784 5083 quia
820 5013 875 5068 in
928 5012 1064 5069 lucis
1114 5012 1329 5068 nomine
1373 5010 1508 5080 justi
1553 5013 1907 5084 appellantur,
1944 5012 2070 5068 audi

493 5101 812 5176 Apostolum
842 5115 861 5157 :
896 5101 1102 5158 Fuistis
1144 5103 1310 5175 inquit
1337 5101 1621 5172 aliquando
1658 5101 1898 5171 tenebrae,
1935 5117 2071 5157 nunc

496 5204 673 5253 autem
695 5193 787 5250 lux
809 5196 867 5250 in
894 5194 1118 5252 Domino
1142 5190 1357 5267 (Ephes.
1388 5188 1450 5262 v,
1469 5194 1546 5267 8).

745 5360 749 5364 ι
1125 5305 1472 5347 AUGUSTINUS.

570 5378 641 5433 Et
661 5376 786 5433 vidit
812 5376 954 5433 Deus
981 5378 1149 5434 lucem
1167 5382 1306 5452 quod
1331 5390 1461 5437 esset
1486 5380 1619 5435 bona
1645 5378 1797 5453 (Gen.
1821 5396 1860 5447 ι,
1886 5378 1962 5452 4).

573 5469 641 5525 D.
681 5466 741 5526 Si
763 5468 942 5525 subito
964 5468 1106 5525 Deus
1127 5471 1262 5526 vidit
1283 5471 1460 5527 lucem
1484 5471 1628 5542 quod
1652 5478 1795 5526 esset
1815 5472 1976 5539 bona,
2005 5485 2075 5527 an

501 5569 659 5619 antea
688 5560 934 5625 nescivit,
965 5568 1021 5614 et
1046 5561 1184 5617 visio
1210 5563 1260 5618 ei
1289 5563 1515 5619 contulit
1540 5561 1852 5618 scientiam?

576 5657 653 5711 Μ.
694 5655 865 5713 Omne
894 5655 1039 5710 enim
1062 5670 1194 5724 opus
1221 5656 1477 5725 praecedit
1506 5657 1775 5723 voluntas,
1799 5673 1924 5712 nam
1950 5660 2077 5713 dum

507 5750 804 5819 cogitamus
824 5745 953 5819 quid
975 5759 1198 5816 operare
1225 5746 1530 5813 debeamus,
1563 5764 1736 5819 neque
1760 5750 1901 5804 enim
1929 5750 2079 5819 igno—

512 5854 634 5900 rans
673 5838 875 5912 aliquid
913 5824 1078 5907 iacit,
1126 5838 1252 5898 dum
1276 5837 1475 5910 cogitat
1521 5840 1750 5910 qualiter
1790 5840 1922 5898 ﬁant
1956 5856 2072 5912 qua:

2168 4651 2445 4721 Quomodo
2465 4652 2571 4707 hoc
2596 4648 3002 4719 intelligendum
3024 4647 3143 4703 est?

2237 4743 2317 4798 M.
2357 4743 2495 4812 Quid
2524 4759 2624 4815 per
2651 4756 2929 4812 vesperam
2964 4741 3069 4797 nisi
3110 4738 3373 4812 perfectio
3410 4739 3740 4814 singulm

2166 4849 2412 4908 operum,
2440 4840 2496 4890 et
2516 4848 2673 4890 mane
2691 4839 2776 4889 est
2798 4832 3070 4889 inchoatio
3090 4829 3474 4903 sequentium?

2784 4938 3127 4980 AUGUSTINUS.

2178 5086 2181 5093 η
2238 5017 2307 5072 D.
2346 5016 2586 5072 Primum
2642 5015 2787 5071 enim
2832 5014 2977 5070 diem
3027 5014 3231 5072 astruis
3275 5013 3591 5085 spiritalem
3639 5024 3743 5070 ea

2169 5118 2495 5176 creaturam,
2522 5116 2578 5164 et
2597 5105 2869 5179 quomodo
2890 5106 3075 5163 habuit
3094 5118 3317 5178 vespere
3343 5113 3401 5160 et
3427 5105 3643 5160 mane?

2186 5184 2191 5189 ’
2245 5198 2323 5254 Μ.
2365 5198 2552 5255 Omnis
2595 5211 2828 5267 namque
2873 5204 3123 5252 creatura
3167 5205 3458 5266 antequam
3508 5203 3747 5265 tempore

2174 5308 2271 5351 suo
2301 5291 2475 5356 ﬁeret,
2503 5290 2560 5345 in
2588 5289 2703 5359 ipso
2740 5287 2837 5343 Dei
2860 5287 3038 5343 Verbo
3067 5295 3184 5341 erat
3207 5328 3223 5352 ,
3264 5286 3417 5356 prius
3440 5285 3511 5341 ab
3548 5282 3747 5355 angelis

2174 5382 2564 5453 cognoscenda,
2599 5388 2653 5435 et
2681 5380 2761 5435 sic
2796 5394 2894 5435 suo
2923 5386 3165 5449 tempore
3192 5377 3457 5434 facienda.
3504 5377 3751 5446 Quapro-

2173 5483 2293 5546 pter
2338 5473 2453 5543 ipsa
2500 5478 2763 5526 creatura:
2809 5469 3043 5541 cognitio
3092 5471 3149 5526 in
3190 5468 3481 5537 semetipsa
3524 5477 3749 5537 vespera

2174 5573 2309 5630 erat,
2351 5563 2407 5618 in
2446 5563 2555 5617 Deo
2604 5567 2784 5616 autem
2832 5575 2987 5615 mane
3013 5600 3027 5625 ,
3067 5560 3193 5630 quia
3230 5558 3351 5628 plus
3389 5558 3615 5612 videtur
3641 5556 3750 5624 ipsa

2175 5664 2422 5715 creatura
2466 5654 2522 5707 in
2558 5652 2803 5716 Domino,
2839 5668 2999 5722 quam
3046 5652 3102 5706 in
3141 5652 3316 5720 seipsa
3356 5650 3577 5706 videtur
3605 5659 3752 5702 crea-

2177 5758 2316 5804 tura.
2366 5748 2491 5804 Plus
2536 5748 2744 5803 scilicet
2791 5747 2999 5802 videtur
3041 5745 3093 5798 in
3142 5755 3256 5798 arte
3302 5757 3406 5811 qua
3452 5739 3603 5794 facta
3650 5744 3751 5799 est,

2176 5856 2339 5913 quam
2380 5840 2436 5896 in
2472 5840 2647 5909 seipsa
2684 5856 2803 5912 quae
2839 5838 2980 5894 facta
3015 5844 3117 5894 est,
3167 5835 3455 5904 Propterea
3485 5829 3637 5885 enim
3681 5827 3752 5879 ait
