3950 6312
209 430 336 490 1121

1124 436 1250 493 LIB.
1288 433 1764 504 QUZESTIONUM
1803 437 2027 495 SUPER
2064 438 2189 493 LIB.
2230 438 2540 497 CENESIS.

3296 457 3438 514 “22

206 549 521 620 evangelista
552 547 786 604 Joannes
814 565 828 606 :
881 549 1034 616 Quod
1078 552 1273 620 factum
1305 561 1378 607 est
1407 555 1462 607 in
1505 555 1616 622 ipso
1660 552 1765 606 vita
1788 553 1844 617 Α
1868 561 1922 606 et
1946 559 2056 608 tres
2077 561 2260 622 partes
2286 555 2482 620 habet,
2510 557 2805 614 secundum
2829 561 2972 630 quOd
2993 575 3152 635 supra
3177 566 3433 638 diximus,

205 650 313 694 erat
342 641 515 710 (Joan.
541 656 583 705 ι,
624 640 676 703 5,
719 640 797 710 4).
837 638 1028 696 Omnia
1055 643 1219 712 igitur
1244 659 1363 713 quae
1388 644 1526 698 facta
1559 652 1686 699 sunt
1712 651 1767 696 et

206 733 364 785 vitam
405 747 513 786 non
552 732 773 797 habent,
809 731 865 786 in
906 733 1022 801 ipso
1057 734 1234 788 Verbo
1258 735 1354 789 Dei
1389 735 1496 788 vita
1521 741 1666 798 sunt,
1709 733 1765 788 in

207 823 389 892 scipsis
431 837 540 878 non
584 832 708 878 sunt
758 823 890 879 vita.
938 823 1168 892 Caelum,
1206 833 1370 892 terra,
1405 825 1562 895 lapis,
1597 826 1766 882 vitam

206 929 310 968 non
337 914 550 979 habent,
577 921 632 969 et
658 921 838 969 tamen
880 915 936 969 in
973 915 1200 971 Domino
1235 916 1346 970 vita
1374 924 1518 971 sunt.
1566 917 1765 973 Vivunt

205 1009 363 1077 igitur
403 1006 457 1062 in
494 1007 604 1062 Deo
650 1006 766 1063 sine
805 1007 958 1063 initio
984 1047 1000 1074 ,
1050 1016 1213 1080 atque
1253 1010 1764 1066 incommutabiliter

203 1116 384 1158 omnes
429 1100 666 1156 rationes
699 1108 1090 1156 creaturarum.
1134 1102 1214 1156 Ac
1248 1115 1345 1172 per
1380 1103 1482 1158 hoc
1523 1103 1642 1174 plus
1677 1103 1763 1157 vi-

203 1195 388 1249 dentur
405 1194 473 1249 ab
497 1193 699 1264 angelis
731 1193 931 1248 sanctis
955 1192 1011 1246 in
1038 1191 1215 1248 Verbo
1235 1192 1331 1248 Dei
1357 1193 1450 1248 ubi
1475 1201 1600 1249 sunt
1625 1193 1761 1260 vita,

201 1300 358 1354 quam
385 1284 666 1355 in'seipsa,
691 1283 818 1353 quia
854 1283 1078 1338 scientia
1105 1284 1417 1355 angelorum
1456 1285 1510 1338 in
1545 1298 1762 1353 compa-

200 1375 401 1430 ratione
431 1375 525 1429 Dei
550 1373 943 1444 quodammodo
963 1374 1308 1444 vesperascit.
1334 1375 1475 1446 Ergo
1502 1375 1557 1428 in
1583 1375 1764 1445 cogni-

201 1465 344 1520 tione
367 1465 688 1519 ﬁrmamenti
721 1463 1008 1520 secundus.
1056 1463 1113 1519 In
1153 1465 1458 1536 cognitione
1483 1465 1762 1521 discretio-

197 1557 282 1612 nis
310 1565 462 1612 ιρι-τω
505 1571 570 1612 ac
611 1555 776 1612 maris
811 1555 1021 1611 tertius.
1064 1554 1124 1611 In
1171 1556 1478 1626 cognitione
1518 1557 1648 1613 solis
1696 1571 1762 1613 ac

197 1647 336 1703 luna:
364 1646 448 1702 vel
471 1646 769 1713 stellarum,
789 1655 1034 1717 quartus.
1053 1645 1114 1701 In
1134 1646 1439 1718 cognitione
1464 1647 1759 1718 reptilium,

198 1738 281 1792 vel
307 1739 635 1807 animalium,
675 1738 916 1808 quintus.
955 1738 1013 1793 In
1055 1739 1362 1811 cognitione
1391 1737 1761 1806 iumentorum

201 1837 253 1884 et
273 1829 499 1886 ferarum
521 1829 607 1885 vel
638 1829 805 1900 ipsius
833 1829 1067 1885 hominis
1090 1867 1107 1894 ,
1149 1837 1352 1884 sextus.
1399 1828 1583 1898 Neque
1613 1829 1761 1884 enim

200 1923 297 1978 diei
325 1922 481 1978 unius
522 1898 684 1992 quem
720 1921 1067 1993 intelligimus
1094 1921 1388 1992 spiritalem
1428 1930 1756 1990 creaturam,
1785 1898 1837 1962 Β

199 2012 250 2066 id
276 2020 354 2068 est
380 2013 698 2084 angelicam,
736 2012 909 2068 sexies
949 2012 1089 2068 facta
1120 2013 1394 2082 cognitio:
1427 1999 1608 2070 sexies
1632 2011 1760 2069 fecit

195 2112 405 2175 prapter
447 2104 645 2160 senarii
691 2103 903 2159 numeri
955 2102 1364 2174 perfectionem.
1412 2102 1519 2159 Sed
1550 2104 1624 2158 de
1660 2120 1760 2158 nu-

193 2208 339 2250 mero
359 2202 412 2250 et
443 2195 509 2250 de
534 2195 733 2250 senarii
755 2195 963 2249 numeri
988 2193 1316 2264 perfectione
1337 2194 1538 2264 aliquid
1570 2194 1667 2249 tibi
1689 2209 1757 2249 ex

193 2284 483 2355 Scripturis
531 2284 736 2340 sanctis
774 2284 1040 2355 colligam.
1093 2285 1292 2341 Libens
1347 2284 1555 2350 adesto,
1601 2292 1657 2338 et
1705 2294 1759 2338 te

191 2384 364 2431 totum
391 2376 458 2432 ad
482 2376 799 2432 audiendum
837 2391 1097 2445 praepara.
1140 2375 1290 2431 Unus
1329 2375 1383 2430 in
1412 2375 1652 2430 numeris
1681 2375 1760 2430 di-

187 2468 299 2522 vidi
325 2483 431 2525 non
455 2475 651 2538 potest,
678 2469 746 2522 ab
768 2467 884 2537 ipso
912 2468 1056 2522 enim
1076 2467 1247 2536 surgit
1267 2467 1441 2522 omnis
1466 2450 1753 2532 numerus;

185 2574 314 2629 ergo
349 2559 463 2618 duo
505 2559 670 2614 dividi
715 2566 959 2628 possunt.
1010 2557 1068 2612 Si
1114 2572 1239 2627 pars
1291 2556 1407 2626 ejus
1459 2573 1598 2612 unus
1650 2567 1756 2625 est,

185 2651 349 2722 igitur
390 2650 579 2705 divisio
623 2648 853 2705 duorum
896 2650 952 2704 in
995 2664 1159 2703 unum
1192 2689 1206 2714 ,
1264 2648 1455 2704 divisio
1501 2648 1666 2702 trium
1700 2648 1758 2702 in

183 2758 370 2798 ultum.
419 2742 558 2810 Quid
582 2742 725 2798 aliud
761 2743 849 2797 hic
874 2755 1130 2797 numerus
1154 2741 1391 2797 ostendit
1432 2741 1536 2795 nisi
1576 2740 1756 2796 Trini-

183 2842 350 2889 tatem
373 2849 492 2904 quae
514 2834 657 2888 Deus
679 2840 784 2900 est,
809 2833 936 2902 quia
958 2831 1204 2902 quamvis
1227 2840 1338 2886 tres
1363 2832 1472 2886 sint
1490 2844 1757 2902 personae,

181 2927 242 2981 in
263 2941 365 2980 una
389 2924 682 2980 creduntur
708 2925 913 2979 unitate
947 2931 1172 2978 naturae.
1207 2921 1594 2988 Quaternarius
1623 2922 1757 2977 duas

177 3028 364 3090 partes
408 3020 590 3076 habet.
640 3017 774 3074 Nam
827 3026 1018 3088 quarta
1065 3017 1180 3087 ejus
1229 3031 1396 3071 unum
1439 3023 1543 3082 est,
1575 3016 1755 3071 media

176 3111 298 3182 ejus
345 3112 467 3167 duo.
519 3109 697 3168 Unum
739 3109 987 3166 videlicet
1021 3117 1077 3164 et
1123 3108 1229 3163 duo
1269 3109 1374 3163 tria
1423 3115 1568 3163 sunt.
1615 3109 1754 3166 Ecce

174 3210 362 3274 partes
402 3216 549 3266 suas,
582 3214 684 3256 nec
729 3199 871 3256 ultra
923 3200 1224 3264 excrescit,
1260 3213 1361 3254 nec
1405 3199 1668 3268 complet,
1699 3207 1755 3256 et

174 3293 301 3349 ideo
332 3291 674 3362 imperfectus
697 3299 780 3345 est
821 3304 1096 3346 numerus.
1129 3288 1419 3355 Quinarius
1447 3303 1554 3343 non
1591 3289 1755 3343 habet

174 3384 284 3442 nisi
314 3399 479 3440 unum
513 3383 657 3454 quod
682 3391 765 3438 est
785 3382 990 3452 quinta.
1034 3380 1291 3435 Senarius
1315 3379 1478 3449 igitur
1499 3393 1756 3434 numerus

172 3475 451 3547 perfectus
489 3482 594 3541 est,
641 3474 766 3544 quia
804 3472 1049 3544 partibus
1075 3472 1189 3527 suis
1226 3470 1548 3540 completur,
1592 3471 1757 3525 habet

172 3568 326 3623 enim
383 3582 549 3622 unum
603 3565 747 3637 quod
796 3573 879 3620 est
918 3571 1070 3620 sexta
1097 3604 1112 3629 ,
1163 3563 1266 3618 duo
1317 3561 1459 3632 quod
1515 3567 1599 3614 est
1648 3567 1757 3615 ter-

175 3661 276 3724 tia,
307 3661 412 3714 tria
437 3660 579 3730 quod
602 3666 683 3713 est
703 3657 878 3712 media
909 3674 923 3709 :
964 3671 1132 3710 unum
1160 3669 1290 3725 ergo
1319 3655 1424 3709 duo
1449 3661 1504 3707 et
1530 3652 1633 3707 tria
1661 3665 1755 3707 sex

171 3751 405 3806 faciunt.
434 3750 557 3805 Ideo
575 3755 793 3819 propter
819 3745 980 3815 hujus
1004 3746 1213 3800 numeri
1234 3744 1639 3814 perfectionem,
1661 3758 1755 3798 sex

170 3843 372 3898 diebus
394 3849 645 3912 operatus
670 3849 753 3895 est
776 3852 992 3894 omnem
1017 3845 1340 3892 creaturam.
1365 3835 1500 3891 Tres
1523 3835 1605 3890 hae
1630 3849 1755 3904 par-

172 3946 262 3990 tes
308 3935 506 3990 senarii
553 3932 762 3988 numeri
814 3931 1187 3987 demonstrant
1226 3929 1382 3986 nobis
1436 3928 1756 3984 Trinitatem

168 4031 354 4084 Deum
398 4028 452 4082 in
499 4025 741 4082 trinitate
781 4024 993 4081 numeri
1035 4032 1090 4080 et
1132 4038 1397 4078 mensura:
1423 4029 1477 4077 et
1505 4021 1757 4090 ponderis

169 4121 381 4176 fecisse
411 4135 622 4176 omnem
652 4127 977 4174 creaturam.
1019 4115 1317 4170 Plurimum
1343 4116 1521 4170 valere
1557 4114 1755 4170 senarii

165 4197 397 4267 numeri
421 4209 800 4280 perfectionem
823 4208 877 4262 in
906 4207 1202 4276 Scripturis
1231 4206 1430 4260 sanctis
1449 4206 1758 4275 frequenter

164 4303 506 4373 reperimus,
534 4300 835 4372 praesertim
873 4300 928 4353 in
951 4303 1138 4352 ’morte
1170 4297 1378 4352 Domini
1407 4297 1597 4365 simpla
1621 4305 1677 4350 et
1701 4295 1758 4350 in

164 4395 579 4449 resurrectione
604 4390 722 4461 ejus
743 4389 951 4459 simpla.
981 4388 1124 4444 Mors
1148 4389 1328 4458 itaque
1349 4387 1560 4442 Domini
1586 4386 1759 4440 nostri

163 4485 307 4540 Jesu
337 4485 541 4541 Christi
595 4499 702 4539 non
744 4483 845 4537 fuit
887 4482 942 4536 in
990 4481 1187 4545 anima,
1221 4480 1314 4535 sed
1353 4479 1408 4532 in
1437 4493 1598 4533 carne
1621 4477 1753 4532 sola.

164 4577 329 4632 Mors
371 4592 500 4633 vero
529 4583 712 4632 nostra
741 4588 848 4629 non
889 4571 1059 4628 solum
1102 4572 1156 4625 in
1181 4583 1364 4636 carne,
1392 4570 1485 4625 sed
1513 4570 1672 4623 etiam
1702 4568 1758 4622 in
1781 4605 1835 4666 υ

161 4669 383 4724 anima.
431 4668 488 4722 In
529 4668 708 4721 anima
735 4675 955 4736 propter
979 4671 1260 4735 peccatum
1284 4704 1299 4728 ,
1352 4662 1405 4716 in
1435 4675 1598 4717 carne
1630 4675 1758 4718 vero

158 4769 400 4831 propter
417 4773 632 4830 poenam
653 4758 879 4828 peccati.
911 4755 1005 4810 Ille
1033 4769 1161 4810 vero
1188 4754 1314 4824 quia
1338 4761 1758 4824 peccatum'non

158 4850 372 4906 habuit
412 4851 470 4905 in
513 4849 716 4915 anima,
762 4863 870 4903 non
905 4855 989 4902 est
1032 4852 1277 4901 mortuus
1316 4846 1420 4902 nisi
1462 4853 1670 4901 tantum
1704 4847 1759 4902 in

157 4957 371 5011 carne,
396 4951 452 4998 et
494 4943 598 5000 hoc
638 4949 859 5013 propter
900 4939 1306 4998 similitudinem
1347 4941 1525 4994 carnis
1552 4938 1760 5010 peccati

156 5034 326 5104 quod
377 5033 440 5089 de
487 5033 659 5089 Adam
700 5040 959 5087 traxerat.
1004 5031 1171 5102 Igitur
1215 5029 1405 5101 simpla
1451 5027 1566 5098 ejus
1614 5042 1762 5084 mors

154 5124 302 5193 fuit,
316 5133 506 5181 nostra
523 5123 738 5195 duplex.
763 5123 858 5178 Est
877 5132 932 5179 et
955 5123 1144 5194 simpla
1164 5121 1488 5178 resurrectio
1513 5119 1654 5189 ejus,
1675 5132 1763 5176 re-

155 5220 449 5276 surrectio
479 5224 666 5274 nostra
700 5217 894 5288 duplex
914 5225 1016 5272 cst.
1057 5217 1199 5271 Mors
1236 5215 1414 5270 carnis
1438 5210 1552 5281 ejus
1595 5220 1650 5269 et
1678 5227 1765 5270 re-

152 5315 451 5374 surrectio
490 5312 629 5382 ejus,
671 5327 817 5368 mors
867 5311 1048 5367 carnis
1097 5317 1296 5364 nostrae
1346 5314 1400 5360 et
1436 5305 1764 5361 resurrectio

151 5407 322 5477 ejus,
355 5421 502 5462 mors
544 5405 738 5460 animae
781 5412 980 5459 nostra:
1015 5410 1070 5457 et
1109 5399 1436 5455 resurrectio
1463 5396 1596 5466 ejus.
1635 5397 1764 5452 Dure

150 5509 390 5558 mortes
428 5507 625 5556 nostrae
663 5507 718 5555 et
748 5498 866 5554 dua:
886 5495 1308 5552 resurrectiones
1330 5501 1548 5558 nostrae,
1574 5493 1691 5548 duae
1711 5500 1766 5547 et

123 5583 297 5652 ~dua:
331 5588 566 5664 quatuor
605 5588 749 5647 sunt.
784 5589 891 5646 Uni
927 5588 1089 5644 morti
1130 5585 1341 5643 Domini
1367 5594 1423 5642 et
1455 5587 1547 5641 uni
1587 5598 1802 5649 resur-,

147 5685 416 5747 rectioni
442 5683 559 5753 ejus
595 5683 730 5738 adde
765 5690 820 5736 et
864 5687 1094 5754 quatuor
1119 5684 1354 5745 nostras,
1396 5692 1492 5734 sex
1538 5675 1762 5732 faciunt.

144 5783 354 5854 Igitur
381 5779 633 5850 simplum
655 5777 868 5833 Domini
892 5784 947 5831 et
972 5774 1190 5847 duplum
1210 5783 1454 5830 nostrum
1481 5780 1593 5827 tres
1618 5779 1764 5839 sunt,

205 5962 210 5964 _
237 5905 270 5940 ιι
318 5891 444 5952 Lib.
470 5907 510 5950 ιι
542 5891 609 5950 de
639 5887 837 5951 Genesi
871 5887 940 5945 ad
967 5887 1234 5957 litteram,
1257 5901 1377 5958 cap.
1417 5884 1452 5942 3
1484 5896 1633 5955 seqq.

1866 645 2110 698 senarius
2139 660 2413 699 numerus.
2438 645 2572 701 Nam
2609 663 2771 704 xxxvi
2795 650 2942 707 horae
2961 655 3156 724 quibus
3177 657 3436 717 Dominus

1863 733 1965 824 fuit
2005 736 2060 789 in
2081 734 2320 824 inferno,
2344 737 2471 793 huic
2508 739 2709 824 simple.
2723 751 2779 798 et
2813 743 2973 813 duplo
3001 758 3323 818 congruunt.
3354 769 3434 810 xu

1863 823 2030 892 igitur
2069 823 2282 880 fuerunt
2323 827 2548 895 diarum,
2594 837 2648 886 et
2691 823 2820 888 xxxv
2857 843 3151 902 nocturnae,
3198 855 3328 895 xxiv
3365 844 3436 900 ad

1863 912 2075 983 duplam
2100 923 2329 970 mortem
2357 926 2596 976 nostram
2628 922 2972 992 conveniunt,
2996 933 3050 980 et
3071 927 3176 984 illae
3188 944 3265 986 xu
3287 931 3438 990 hora)

1862 1003 1930 1058 ad
1957 1011 2186 1060 mortem
2216 1006 2428 1063 Domini
2454 1009 2722 1080 simplam.
2760 1013 2966 1072 Revera
2995 1018 3139 1074 enim
3162 1028 3217 1075 et
3243 1023 3440 1080 nativi-

1861 1099 1946 1146 tas
1970 1091 2085 1163 ejus
2111 1094 2389 1151 senarium
2408 1112 2692 1155 numerum
2715 1101 2894 1158 habet.
2935 1119 3060 1162 var
3092 1108 3250 1164 annis
3272 1111 3439 1167 aedifi-

1859 1183 2079 1240 ﬁcatum
2122 1202 2242 1244 esse
2267 1190 2526 1259 templum
2552 1202 2800 1250 astruunt
2828 1195 2997 1253 Judaei
3030 1199 3435 1274 in-Evangelio,

1861 1279 2005 1348 quod
2033 1279 2350 1352 intelligitur
2377 1285 2442 1339 de
2471 1299 2696 1355 corpore
2729 1287 2964 1346 Domini.
2999 1307 3126 1349 var
3167 1295 3294 1350 anni
3335 1311 3436 1366 pro

1861 1368 2054 1426 diebus
2078 1372 2240 1440 positi
2263 1381 2407 1428 sunt.
2445 1390 2568 1431 var
2596 1376 2786 1433 diebus
2817 1379 3003 1436 dicunt
3037 1381 3295 1441 infantem
3324 1386 3436 1443 for—

1859 1460 1997 1514 mari
2023 1460 2080 1515 in
2117 1470 2274 1517 utero
2295 1503 2310 1530 ,
2353 1473 2409 1520 et
2441 1466 2666 1524 subinde
2709 1483 2879 1540 usque
2924 1472 2981 1528 in
3021 1474 3175 1531 diem'
3201 1478 3437 1546 parturi-

1859 1551 2026 1608 tionis
2087 1557 2444 1626 augmentari.
2493 1557 2825 1633 Quadragies
2872 1565 3070 1637 quippe
3121 1569 3237 1624 seni
3301 1569 3436 1628 ﬁunt

1859 1659 2114 1712 ccuxxvr,
2163 1647 2254 1715 qui
2292 1646 2500 1704 faciunt
2538 1665 2753 1708 menses
2788 1668 2982 1710 novem
3005 1663 3061 1712 et
3084 1657 3200 1715 dies
3223 1659 3434 1718 decem.

1860 1735 2124 1806 Computa
2145 1753 2273 1808 ergo
2292 1740 2360 1795 ab
2379 1748 2570 1796 octavo
2593 1741 2702 1796 kal.
2733 1744 2958 1815 Aprilis,
2995 1749 3209 1817 quando
3241 1764 3436 1821 passus

1861 1835 1945 1883 est
1983 1827 2262 1896 Dominus,
2309 1838 2438 1885 tunc
2463 1831 2629 1886 etiam
2662 1833 2902 1890 creditur
2944 1834 3110 1894 fuisse
3141 1848 3435 1910 conceptus

1860 1931 2033 1986 usque
2062 1917 2119 1972 in
2163 1919 2305 1974 diem
2341 1935 2440 1975 vm
2482 1919 2600 1974 Kal.
2641 1919 2906 1990 Januarii,
2945 1934 3000 1981 et
3039 1929 3275 1998 reperies
3317 1931 3435 1988 dies

1859 2021 2104 2074 ccnxxvn,
2136 2009 2228 2078 qui
2269 2017 2480 2064 constat
2512 2024 2610 2080 per
2648 2013 2916 2068 senarium
2952 2031 3258 2074 numerum.
3295 2019 3437 2087 Quid

1859 2097 1925 2152 de
1952 2097 2042 2152 illa
2071 2098 2295 2154 muliere
2321 2100 2376 2154 in
2410 2100 2699 2170 Evangelia
2721 2119 2882 2173 quam
2914 2120 3048 2162 xvm
3077 2109 3232 2164 annis
3252 2110 3436 2166 incur-

1857 2198 2077 2244 vaverat
2118 2189 2365 2258 Satanas,
2408 2208 2568 2262 quam
2611 2197 2822 2250 sanavit
2865 2197 3159 2266 Dominus,
3207 2202 3435 2259 dicimus

1857 2281 1984 2350 quia
2025 2289 2079 2334 et
2131 2280 2230 2350 ipsi
2281 2282 2409 2338 anni
2449 2285 2718 2339 senarium
2753 2302 3038 2343 numerum
3074 2290 3314 2358 habent;
3348 2301 3433 2350 ter

1857 2373 2018 2443 igitur
2029 2373 2189 2431 senix
2214 2382 2396 2430 etvm.
2426 2374 2522 2433 Illa
2546 2375 2912 2444 igiturmulier
2933 2380 3248 2452 intelligitur
3261 2398 3433 2453 genus

1857 2462 2172 2530 humanum,
2199 2480 2365 2535 quam
2397 2465 2453 2520 in
2478 2476 2630 2521 sexta
2663 2477 2822 2524 :etate
2846 2470 3026 2526 saaculi
3052 2487 3084 2526 a
3107 2473 3303 2529 diaboli
3341 2491 3431 2531 ca-

1854 2554 2099 2625 ptivitate
2139 2555 2408 2611 liberavit.
2455 2555 2636 2612 Prima
2682 2566 2814 2614 aetas
2857 2561 2925 2617 ab
2967 2561 3141 2618 Adam
3170 2580 3339 2635 usque
3363 2568 3432 2624 ad

1855 2644 1988 2700 Noe.
2019 2645 2263 2702 Secunda
2303 2663 2332 2700 a
2372 2647 2484 2704 Noe
2525 2663 2696 2718 usque
2729 2650 2796 2705 ad
2829 2651 3120 2707 Abraham.
3151 2653 3331 2710 Tertia
3362 2658 3432 2713 ab

1855 2735 2125 2791 Abraham
2158 2753 2328 2808 usque
2355 2739 2423 2793 ad
2443 2739 2628 2794 David.
2671 2738 2874 2807 Quarta
2907 2757 2938 2796 a
2969 2743 3138 2799 David
3162 2761 3334 2817 usque
3365 2750 3434 2806 ad

1856 2829 2381 2900 transmigrationem
2396 2832 2904 2904 Babylonis.Quinta
2915 2839 3434 2910 atransmigratione

1856 2923 2143 2996 Babylonis
2171 2942 2340 2997 usque
2365 2930 2432 2983 ad
2444 2927 2710 2984 Joannem
2731 2929 3028 3000 Baptistam
3059 2940 3115 2987 et
3140 2933 3431 2990 adventum

1857 3015 2072 3072 Domini
2112 3017 2425 3075 Salvator-is.
2468 3019 2634 3076 Sexta
2679 3036 2800 3092 qua:
2836 3039 2979 3078 nunc
3016 3025 3226 3094 agitur,
3265 3027 3436 3084 donec

1856 3106 2116 3165 Excelsus
2158 3110 2339 3165 veniat
2374 3110 2443 3164 ad
2490 3109 2777 3180 judicium.
2819 3111 2983 3168 Sexto
3027 3114 3206 3184 itaque
3239 3117 3436 3172 saeculo

1859 3199 2185 3255 reformatur
2224 3216 2394 3270 genus
2428 3201 2722 3256 humanum
2761 3201 2827 3256 ad
2851 3202 3136 3272 imaginem
3162 3205 3278 3259 Dei.
3304 3205 3436 3262 Pro-

1859 3290 2003 3346 fecto
2043 3291 2187 3346 enim
2233 3291 2358 3345 anni
2411 3306 2545 3346 xvm
2601 3308 2706 3348 non
2750 3292 2920 3348 solum
2962 3309 3054 3349 sex
3092 3304 3302 3362 aetates,
3342 3298 3436 3353 sed

1859 3381 2024 3436 etiam
2062 3380 2163 3434 tria
2205 3389 2446 3450 tempora
2493 3382 2767 3438 evidenter
2813 3384 3200 3440 demonstrant.
3259 3387 3436 3442 Unum

1859 3473 2069 3528 scilicet
2109 3481 2233 3529 ante
2269 3473 2442 3545 legem
2464 3516 2479 3542 ,
2507 3475 2735 3530 alterum
2765 3477 2863 3531 sub
2883 3477 3034 3548 lege,
3072 3479 3292 3534 tertium
3335 3482 3436 3536 sub

1860 3565 2050 3634 gratia.
2095 3563 2262 3635 Igitur
2285 3573 2341 3620 et
2362 3565 2475 3635 ipse
2515 3582 2686 3622 annus
2706 3568 2920 3622 senario
2943 3584 3167 3626 numero
3194 3572 3436 3626 contine-

1859 3665 1948 3710 tur
1976 3696 1990 3720 ,
2037 3656 2199 3710 habet
2242 3658 2386 3712 enim
2433 3658 2546 3714 dies
2593 3674 2792 3715 cccnxv
2817 3669 2872 3715 et
2907 3663 3196 3732 quadrans.
3246 3662 3436 3722 Sexies

1859 3748 2055 3818 quippe
2079 3750 2332 3820 sexageni
2357 3765 2449 3805 ccc
2471 3755 2743 3824 sexageni,
2769 3764 3048 3811 remanent
3065 3755 3307 3826 profecto
3323 3759 3436 3814 dies

1859 3843 2095 3913 quinque
2123 3852 2177 3898 et
2204 3845 2475 3913 quadrans
2508 3845 2745 3916 quinque
2783 3845 2896 3901 dies
2939 3846 3077 3901 sexti
3119 3847 3352 3913 mensis,
3381 3859 3435 3905 et

1860 3941 2039 3988 tamen
2069 3934 2114 3988 si
2145 3935 2273 3990 illud
2301 3937 2572 4006 quadrans
2591 3952 2689 4007 pro
2710 3936 2796 3991 die
2822 3952 3013 4007 ponas,
3035 3954 3066 3992 a
3087 3948 3238 4008 parte
3265 3948 3435 3996 totum

1859 4040 1954 4081 sex
1971 4024 2193 4081 faciunt.
2219 4027 2378 4092 Ecce,
2402 4035 2659 4097 quantum
2683 4027 2815 4082 mihi
2831 4029 2972 4084 Deus
2988 4028 3242 4098 adjuvare
3257 4031 3438 4102 digna-

1859 4124 1947 4171 tus
1964 4125 2071 4184 est,
2095 4118 2161 4171 de
2184 4117 2382 4172 senarii
2405 4118 2614 4171 numeri
2632 4117 2981 4187 perfectione,
3006 4126 3061 4173 et
3078 4119 3123 4173 si
3147 4135 3250 4175 non
3272 4136 3439 4190 quan-

1859 4217 1974 4263 tum
1998 4209 2168 4274 volui,
2193 4218 2374 4264 tamen
2401 4217 2659 4278 quantum
2688 4209 2863 4279 potui,
2892 4210 3098 4265 reddidi
3120 4213 3406 4268 rationem.

1975 4341 2224 4397 INCIPIT
2262 4341 2352 4396 DE
2400 4341 2510 4397 DIE
2549 4341 2863 4400 SECUNDA
2901 4343 3329 4404 DISPUTATIO.

1927 4450 2081 4507 Dixit
2123 4469 2322 4524 quoque
2372 4453 2512 4508 Deus
2549 4471 2570 4510 :
2598 4453 2726 4510 Fiat
2767 4457 3151 4527 ﬁrmamentum
3174 4459 3230 4513 in
3265 4457 3436 4515 medio

1860 4559 2123 4614 aquarum
2156 4552 2203 4598 et
2225 4542 2424 4598 dividat
2458 4561 2624 4617 aquas
2653 4547 2718 4600 ab
2746 4548 2894 4618 aquis
2931 4545 3084 4619 (Gen.
3124 4563 3164 4613 I,
3195 4545 3272 4619 6).

2443 4670 2770 4713 AUGUSTINUS
2795 4670 2819 4699 ⁸
2829 4699 2842 4712 .

1936 4746 2005 4801 D.
2038 4745 2182 4803 Ordo
2205 4745 2591 4803 elementorum
2628 4755 2683 4804 et
2723 4749 2930 4818 pondus
2965 4763 3074 4804 non
3103 4748 3247 4805 sinit
3275 4758 3335 4806 ut
3367 4748 3439 4806 sit

1861 4861 2128 4917 aquarum
2180 4846 2479 4902 substantia
2522 4859 2684 4915 super
2723 4845 2906 4912 caelos,
2933 4861 3073 4915 aqua
3108 4845 3254 4900 enim
3297 4846 3440 4902 cedit

1859 4947 2046 5004 terrm,
2078 4945 2132 4994 et
2151 4952 2244 4992 aer
2269 4937 2412 4992 cedit
2455 4951 2627 5006 aquae,
2668 4944 2723 4990 et
2746 4936 2884 5007 ignis
2926 4937 3068 4992 cedit
3105 4937 3238 5004 aeri,
3291 4937 3439 4996 nullo

1867 5029 2028 5084 modo
2061 5027 2207 5082 enim
2247 5032 2424 5098 potest
2471 5041 2594 5082 esse
2637 5035 2697 5080 ut
2747 5027 3040 5082 secundum
3089 5027 3437 5094 elementum,

1865 5124 2014 5196 quod
2039 5130 2122 5177 est
2166 5135 2324 5192 aqua,
2359 5121 2430 5177 sit
2472 5135 2634 5190 super
2656 5126 2906 5190 quartum
2937 5119 3080 5189 quod
3129 5127 3212 5175 est
3260 5120 3436 5190 ignis;

1863 5227 1926 5272 et
1963 5217 2229 5287 quomodo
2277 5214 2479 5269 dictum
2505 5221 2608 5277 est,
2630 5213 2724 5281 ﬁat
2764 5210 3150 5280 ﬁrmamentum
3178 5211 3236 5267 in
3269 5212 3442 5268 medio

1864 5326 2147 5381 aquarum,
2178 5317 2225 5362 ct
2249 5307 2446 5361 dividat
2479 5321 2639 5375 aqua:
2668 5304 2731 5358 ab
2760 5303 2946 5375 aquis?

1944 5404 2020 5456 M.
2049 5402 2325 5470 Quomodo
2371 5407 2462 5455 aut
2489 5397 2808 5469 qualeslibet
2835 5397 2943 5454 sint
2987 5413 3139 5470 aqua:
3166 5397 3270 5454 illae
3308 5410 3443 5467 quas

1867 5494 2152 5567 Scriptura
2196 5494 2322 5549 dicit
2370 5506 2532 5564 super
2573 5491 2740 5547 caelos
2771 5505 2910 5558 esse,
2950 5505 3071 5548 esse
3109 5506 3203 5547 eas
3247 5489 3442 5545 ibidem

1865 5587 2096 5643 minime
2118 5586 2445 5640 dubitemus.
2463 5582 2772 5640 Sicutenim
2793 5583 2910 5640 ista:
2933 5585 3103 5639 nubes
3116 5597 3234 5653 qum
3255 5580 3444 5649 utique

1866 5691 1999 5736 sunt
2023 5681 2267 5737 feruntur
2284 5695 2444 5752 super
2477 5672 2678 5746 aerem,
2703 5679 2777 5753 ita
2801 5678 2916 5734 fieri
2942 5691 3099 5750 posse
3128 5672 3360 5730 arbitror
3383 5678 3444 5727 ut

1866 5789 2026 5846 aqua:
2065 5783 2251 5830 tenues
2274 5781 2436 5844 atque
2481 5771 2709 5829 subtiles
2744 5770 2989 5828 ferantur
3034 5781 3195 5840 super
3221 5762 3440 5830 cmlum.
