3950 6312
379 437 382 440 ”
476 455 610 512 Nam
633 468 700 510 ex
728 451 832 509 hoc
868 451 1107 523 pondere
1135 445 1539 507 elementorum
1563 447 1718 505 multi
1746 446 2054 520 philosophi
2083 449 2139 508 Α

480 337 616 396 uss
1971 311 2263 390 menon:

3626 340 3770 398 “Ei

2762 465 3049 508 AMBROSIUS
3081 453 3134 506 ι’.

2224 535 2300 590 De
2333 546 2483 594 motu
2513 539 2677 594 etiam
2705 542 2828 597 οωιὶ
2874 542 3117 597 nonnulli
3145 537 3773 613 fratres‘quaastionem

2154 636 2389 695 movent,
2416 637 2597 686 utrum
2636 638 2762 695 stet,
2793 647 2860 687 an
2893 640 3204 698 moveatur;
3232 634 3358 702 quia
3385 635 3435 690 si
3470 646 3772 701 movetur,

2153 719 2421 789 inquiunt,
2446 722 2715 792 quomodo
2742 722 3176 780 ﬁrmamentum?
3202 723 3339 780 Hinc
3359 728 3636 782 noverint
3667 743 3769 783 no-

2154 826 2280 868 men
2308 811 2633 869 ﬁrmamenti
2674 829 2781 870 non
2822 830 3034 886 cogere,
3075 823 3134 870 ut
3161 823 3306 872 stare
3348 818 3560 873 ccelum
3606 829 3772 889 pute-

475 544 929 606 resurrectionem
985 543 1164 599 carnis
1214 542 1518 606 illudentes,
1577 557 1685 598 non
1723 554 1884 610 posse
1933 538 2053 594 ﬁeri

477 638 748 707 inquiunt,
771 645 832 692 ut
851 637 1013 692 homo
1037 637 1129 709 qui
1157 634 1339 704 utique
1363 647 1429 689 ex
1455 640 1600 688 terra
1629 630 1810 687 factus
1831 639 1934 696 est,
1981 631 2054 686 sit

479 727 534 782 in
556 729 725 794 cmlo;
756 727 850 783 sed
889 727 990 784 hos
1018 728 1229 784 Veritas
1261 723 1548 789 convincit,
1580 722 1674 792 qui
1704 720 1835 776 facit
1882 719 2052 776 multa

479 820 731 876 animalia
757 828 970 875 terrena
998 818 1179 874 volare
1214 817 1268 872 in
1302 829 1447 881 aere,
1475 821 1532 869 et
1573 813 1754 883 ignem
1801 810 1946 879 quod
1969 814 2054 864 est

477 913 664 982 utique
681 921 932 982 quartum
962 911 1311 973 elementum,
1335 922 1455 963 esse
1481 907 1537 961 in
1571 914 1736 961 terra.
1777 903 1921 974 Ergo
1957 901 2056 957 Dei

479 1004 719 1074 potentia
746 1018 864 1072 quas
888 1004 1004 1058 haec
1029 1003 1207 1056 facere
1247 1001 1594 1069 approbatur,
1619 996 1748 1052 facit
1781 1003 1842 1050 ut
1893 996 2054 1049 homo

480 1102 534 1148 et
567 1109 720 1163 aqua:
767 1093 875 1148 sint
905 1106 1067 1162 super
1097 1091 1312 1146 cmlum.
1346 1089 1453 1144 Sed
1497 1089 1691 1144 talibus
1718 1087 2052 1143 adversario-

480 1201 601 1241 rum
662 1185 1112 1255 disputationibus
1166 1184 1385 1253 quidam
1426 1183 1653 1247 cedens,
1712 1182 2058 1237 laudabiliter

479 1285 702 1332 conatus
727 1285 812 1332 est
845 1279 1219 1334 demonstrare
1265 1290 1432 1345 aquas
1485 1289 1646 1344 super
1681 1272 1867 1339 cmlos,
1901 1280 1961 1327 ut
1989 1289 2055 1328 ex

478 1370 609 1440 ipsis
630 1370 932 1425 visibilibus
955 1369 1366 1440 conspicuisque
1386 1368 1597 1422 naturis
1623 1366 1898 1422 adsereret
1924 1366 2062 1422 scri-

476 1467 651 1532 ptum
698 1460 880 1516 tidem.
907 1461 973 1516 Et
996 1462 1149 1531 prius
1172 1461 1390 1530 quidem
1429 1459 1572 1530 quod
1618 1457 1928 1514 facillimum
1955 1458 2060 1511 fuit

477 1554 733 1620 ostendit,
760 1562 813 1608 et
853 1555 994 1610 hunc
1024 1569 1205 1610 aerem
1252 1554 1449 1610 cmlum
1493 1553 1747 1624 appellari
1783 1559 2062 1623 :propter

479 1646 872 1715 quoddielmus
903 1661 1152 1702 serenum
1174 1647 1257 1702 vel
1291 1646 1533 1702 nubilum
1553 1645 1770 1711 celum,
1792 1645 1878 1700 vel
1903 1643 2060 1713 'quod

477 1746 740 1794 vocantur
785 1740 1018 1794 volatilia
1063 1739 1205 1796 cmli.
1239 1737 1373 1795 Cum
1419 1753 1548 1808 ergo
1598 1739 1881 1807 probasset
1914 1737 2059 1793 hunc

478 1843 659 1882 aerem
697 1829 895 1884 emlum
946 1827 1052 1884 dici
1079 1871 1092 1893 ,
1129 1830 1276 1884 nulla
1324 1829 1426 1883 alia
1467 1842 1630 1884 causa
1675 1829 1842 1884 etiam
1877 1829 2061 1883 ﬁrma-
2089 1797 2138 1860 Β

480 1928 720 1974 mentum
749 1921 1068 1990 appellatum
1098 1923 1265 1977 voluit
1315 1922 1635 1988 existimari,
1666 1923 1775 1977 nisi
1804 1924 1930 1993 quia
1985 1924 2062 1977 in-

482 2010 772 2064 tervallum.
790 2011 906 2080 ejus
928 2013 1116 2068 dividit
1139 2013 1281 2067 inter
1312 2028 1539 2082 vapores
1572 2027 1833 2083 aquarum
1857 2021 1910 2068 et
1931 2013 2062 2069 istas

482 2115 670 2172 aquas,
698 2117 816 2171 qua:
861 2103 1224 2172 eorpulcntius
1261 2104 1317 2158 in
1362 2105 1524 2160 terris
1547 2105 1777 2160 ﬂuitant.
1815 2105 1958 2176 Ergo
1995 2121 2062 2162 ex

482 2207 609 2248 aere
633 2193 724 2262 qui
757 2200 841 2246 est
871 2193 1012 2248 inter
1040 2208 1266 2262 vapores
1295 2194 1568 2260 humidus,
1616 2195 1757 2249 unde
1787 2195 2063 2264 superiora

482 2286 665 2339 nubila
691 2285 1099 2355 conglobantur,
1134 2295 1189 2340 et
1227 2288 1398 2342 maria
1421 2287 1750 2354 subterfusa,
1781 2289 2065 2343 ostendere

481 2374 572 2440 ille
593 2375 759 2430 voluit
786 2390 906 2430 esse
925 2377 1122 2432 coelum
1153 2378 1297 2432 inter
1328 2394 1521 2448 aquam
1552 2389 1608 2434 et
1631 2397 1849 2451 aquam,
1876 2397 2065 2452 quam-

483 2481 643 2536 quam
665 2468 832 2537 possit
857 2469 1026 2524 videri
1056 2485 1163 2526 non
1179 2471 1437 2541 impedire
1461 2473 1676 2542 propria
1698 2475 1938 2543 pondera
1961 2473 2066 2528 ele-

485 2567 812 2625 mentorum,
842 2563 1107 2630 quomodo
1141 2563 1309 2618 etiam
1337 2579 1499 2634 super
1533 2565 1664 2621 illud
1694 2567 1921 2622 sublime
1949 2583 2062 2622 eoe-

487 2653 597 2707 lum
626 2655 835 2724 possint
879 2671 996 2711 esse
1025 2671 1178 2726 aqua:
1204 2671 1300 2726 per
1337 2657 1455 2713 illas
1503 2659 1757 2715 minutias
1791 2674 1889 2729 per
1931 2675 2064 2729 quas

485 2746 649 2800 etiam
688 2761 851 2816 super
877 2747 980 2802 hoc
1025 2749 1257 2818 spatium
1291 2749 1434 2804 aeris
1458 2764 1578 2804 esse
1607 2757 1919 2820 potuerunt.
1959 2749 2064 2819 lpsi

485 2839 680 2909 quippe
703 2839 1054 2895 subtilissima
1094 2841 1301 2895 ratione
1336 2841 1679 2911 persuadent,
1709 2841 1914 2896 nullum
1947 2857 2065 2897 esse

487 2933 781 3002 quamlibet
837 2933 1092 3004 exiguum
1162 2933 1541 3003 corpusculum
1596 2936 1650 2988 in
1710 2950 1816 3005 quo
1873 2935 2065 2990 divisio

486 3023 724 3080 ﬁniatur.
761 3025 839 3080 Ac
875 3041 971 3096 per
993 3027 1096 3081 lioe
1123 3026 1169 3081 si
1215 3035 1392 3097 potest
1435 3043 1595 3098 aqua,
1625 3028 1766 3084 sicut
1795 3029 2062 3096 videmus,

488 3118 556 3172 ad
609 3125 784 3175 tantas
825 3127 1097 3190 guttarum
1149 3120 1406 3176 minutias
1453 3122 1761 3191 pervenire,
1796 3130 1855 3177 ut
1900 3137 2064 3192 super

489 3208 651 3264 istum
684 3225 865 3265 aerem
891 3210 1218 3282 vaporaliter
1239 3210 1512 3280 ferantur,
1544 3230 1641 3269 cur
1665 3229 1772 3269 non
1810 3215 1981 3285 possit
2010 3222 2064 3269 et

488 3315 650 3369 super
700 3301 828 3356 illud
869 3301 1063 3356 cmlum
1118 3303 1288 3359 levius
1358 3303 1741 3362 minutioribus
1795 3306 1960 3378 guttis
2014 3315 2068 3362 et

488 3393 781 3451 levioribus
807 3395 1090 3453 imminere
1115 3397 1444 3466 vaporibus?

561 3511 787 3578 Quidam
819 3512 983 3568 etiam
1031 3511 1203 3567 nostri
1249 3512 1381 3568 istos
1426 3513 1492 3568 de
1542 3514 1780 3584 ipsorum
1833 3515 2070 3571 siderum

491 3603 838 3673 qualitatibus
902 3611 955 3656 et
1027 3603 1289 3659 meatibus
1353 3605 1672 3660 convincere
1741 3607 2065 3675 moliuntur;

490 3697 634 3754 idem
679 3714 914 3768 namque
951 3707 1198 3754 asserunt
1238 3699 1470 3768 stellam,
1518 3717 1680 3771 quam
1727 3703 1946 3760 Saturni
1978 3721 2072 3775 ap-

487 3788 708 3858 pellant,
741 3803 860 3843 esse
887 3788 1320 3858 frigidissimam,
1356 3807 1582 3860 eamque
1635 3808 1731 3862 per
1765 3811 1934 3850 annos
1965 3813 2072 3851 xxx

492 3877 808 3948 signiferum
851 3894 1108 3949 peragere
1154 3879 1433 3935 circulum.
1491 3881 1761 3948 Quaeritur
1808 3884 1974 3955 igitur
2003 3888 2071 3941 ab

489 3969 590 4033 eis,
621 3967 759 4022 unde
787 3967 877 4022 illa
917 3969 987 4022 sit
1032 3968 1244 4040 frigida,
1281 3987 1398 4040 quae
1445 3980 1598 4026 tanto
1634 3973 1912 4028 ardentior
1953 3990 2072 4030 esse

491 4063 734 4129 deberet,
757 4071 958 4131 quanto
981 4063 1456 4135 subliniiorecmlo
1481 4066 1712 4136 rapitur.
1732 4065 1865 4120 Nam
1884 4069 2071 4137 procul

491 4153 654 4209 dubio
681 4170 803 4209 cum
847 4155 1074 4210 rotunda
1105 4155 1274 4211 moles
1301 4155 1554 4212 circulari
1586 4166 1733 4213 motu
1766 4159 1957 4230 agitur,
1991 4160 2072 4214 in-

490 4248 692 4303 teriora
739 4245 854 4316 ejus
874 4249 1093 4319 tardius
1139 4259 1288 4315 eunt,
1321 4251 1591 4306 exteriora
1641 4252 1892 4308 celerius.
1941 4253 2070 4320 Qua:

489 4347 671 4394 autem
727 4338 992 4403 celerius,
1044 4338 1229 4409 utique
1292 4338 1607 4397 ferventius.
1660 4342 1894 4399 Proinde
1958 4361 2075 4399 me-

485 4439 696 4489 morata
725 4431 879 4487 stella
925 4433 1098 4502 magis
1127 4434 1310 4490 debuit
1339 4435 1513 4490 calida
1549 4439 1672 4492 esse
1705 4452 1869 4508 quam
1911 4436 2068 4508 frigi-

2153 912 2262 960 tur.
2283 905 2711 962 Firmamentum
2740 908 2885 964 enim
2913 923 3021 963 non
3045 917 3272 979 propter
3307 911 3638 973 stationem,
3673 911 3768 966 sed

2154 1004 2377 1066 propter
2398 995 2752 1065 ﬁrmitatem,
2794 1005 2886 1052 aut
2913 1007 3140 1068 propter
3188 999 3764 1068 intransgressibilem

2155 1087 2447 1141 terminum
2468 1088 2804 1157 superiorum
2828 1096 2988 1158 atque
3013 1088 3330 1146 inferiorum
3351 1105 3640 1159 aquarum
3675 1108 3764 1145 vc»

2157 1185 2337 1240 catum
2393 1177 2693 1247 intelligere
2739 1179 2884 1235 licet.
2930 1179 3045 1234 Hoc
3100 1188 3283 1236 tamen
3334 1181 3764 1251 intelligendum

2157 1269 2298 1339 quod
2321 1270 2498 1324 sidera
2520 1271 2788 1335 circuunt,
2817 1269 3011 1328 omium
3045 1280 3227 1330 autem
3264 1270 3491 1328 ﬁrmum
3538 1280 3683 1338 stat,
3707 1284 3762 1327 ut

2157 1369 2339 1430 poeta.

2229 1453 2364 1508 Nam
2389 1453 2513 1509 cmli
2539 1455 2593 1510 in
2624 1469 2797 1510 aevum
2827 1469 2982 1511 suum
3009 1455 3443 1512 ineontaminata
3473 1457 3754 1512 materies.

2159 1544 2422 1600 Naturam
2447 1554 2629 1602 tamen
2659 1561 2922 1615 aquarum
2948 1546 3058 1603 illic
3080 1544 3194 1616 jam
3226 1561 3337 1604 non
3378 1547 3632 1616 vaporali
3687 1556 3759 1602 te-

2160 1639 2384 1703 nuitate,
2414 1640 2508 1694 sed
2559 1639 2773 1709 glaciali
2820 1638 3090 1698 soliditate
3132 1639 3378 1709 pendere
3420 1642 3756 1698 assumamus

2161 1738 2383 1799 propter
2429 1728 2668 1786 siderum
2703 1737 2924 1786 naturas
2962 1729 3322 1801 mitigandas,
3374 1745 3446 1786 ne
3475 1739 3756 1787 creaturas

2152 1811 2260 1874 Dei
2286 1819 2678 1890 subterpositas
2705 1819 2872 1876 nimio
2902 1819 3094 1886 ardore
3114 1828 3488 1876 concrement.
3512 1821 3757 1877 Dicimus

2165 1926 2294 1981 ergo
2319 1912 2385 1968 de
2423 1913 2554 1982 ipsis
2603 1912 2757 1981 aquis
2786 1912 2929 1982 quod
2957 1912 3288 1982 conglobata:
3322 1913 3561 1968 minima:
3582 1920 3757 1984 guttae

2165 2004 2221 2058 in
2250 2017 2436 2068 unum,
2483 2011 2539 2057 et
2577 2001 2782 2058 l‘aeiunt
2810 2001 3180 2059 collectionem
3212 2019 3406 2068 unam,
3447 2013 3504 2058 et
3536 2011 3756 2074 propter

2165 2097 2485 2168 gravitatem
2533 2097 2788 2166 ponderis
2817 2111 2922 2152 non
2971 2113 3063 2153 eas
3103 2096 3294 2154 suffert
3336 2114 3435 2154 aer
3467 2100 3747 2164 sustinere,

2165 2192 2258 2245 sed
2271 2191 2388 2259 ejus
2413 2191 2740 2261 ponderibus
2765 2192 2832 2246 ad
2860 2191 3028 2246 imum
3055 2189 3410 2248 dill‘undendo
3437 2193 3534 2248 dat
3561 2192 3747 2257 locum,

2165 2284 2282 2339 haec
2324 2293 2407 2338 est
2434 2284 2636 2355 pluvia.

2165 2399 2184 2415 -
2237 2378 2379 2447 Ergo
2420 2392 2623 2443 aerem,
2652 2377 2745 2447 qui
2773 2384 2858 2432 est
2887 2376 3028 2431 inter
3054 2391 3282 2447 vapores
3306 2376 3590 2441 humidus,
3620 2377 3747 2432 mitte

2167 2469 2395 2538 desuper
2417 2467 2600 2522 nubila
2646 2467 2950 2537 globantur,
2997 2477 3051 2522 et
3093 2468 3266 2522 maria
3309 2465 3644 2528 subterfusa,
3671 2483 3747 2522 vo-

2166 2561 2282 2614 lunt
2303 2559 2602 2630 intelligere
2627 2557 2827 2614 coelum
2858 2573 2978 2614 esse
3023 2559 3164 2614 inter
3193 2573 3399 2629 aquam
3433 2569 3492 2614 et
3542 2573 3747 2628 aquam.

2168 2650 2474 2708 Secundum
2521 2667 2650 2708 vero
2687 2652 2906 2717 ccelum,
2955 2653 3096 2722 quod
3136 2667 3235 2723 per
3286 2652 3549 2722 spiritum
3586 2651 3751 2706 mmi-

2166 2756 2306 2807 mus,
2330 2743 2472 2799 unde
2500 2743 2829 2799 animalibus
2863 2742 3052 2814 plenus
3094 2743 3278 2798 discus
3299 2743 3398 2799 ille
3426 2745 3498 2800 ad
3538 2743 3747 2799 Petrum

2166 2833 2365 2889 missus
2413 2835 2468 2893 in
2517 2837 2690 2891 extasi
2731 2836 2930 2892 mentis
2984 2835 3280 2892 descendit.
3330 2835 3577 2891 Tertium
3627 2850 3750 2890 vero

2165 2922 2361 2978 cmlum
2430 2923 2574 2994 quod
2631 2933 2813 2981 mente
2870 2925 3283 2996 cognoscimus,
3341 2925 3416 2980 ita
3479 2935 3751 2981 secretum

2167 3020 2330 3084 atque
2374 3024 2663 3079 remotum,
2702 3017 2787 3071 vel
2823 3019 3043 3071 omnino
3084 3016 3418 3082 mundatum,
3457 3015 3535 3072 rei
3559 3016 3750 3072 canis

2167 3106 2416 3162 sensibus
2435 3109 2740 3177 abreptum,
2757 3117 2818 3164 ut
2836 3123 2900 3164 ea
2929 3123 3051 3178 qua:
3069 3108 3130 3162 in
3147 3108 3240 3163 illo
3259 3108 3382 3163 omnia
3399 3116 3542 3170 sunt,
3559 3108 3739 3176 ipsam

2172 3198 2268 3254 Dei
2289 3199 2648 3256 substantiam
2679 3201 2933 3268 Verbum,
2948 3201 3204 3272 perquod
3223 3200 3360 3255 facta
3382 3209 3510 3256 sunt
3534 3201 3746 3264 omnia,

2172 3292 2229 3348 in
2252 3293 2515 3348 charitate
2546 3293 2780 3364 Spiritus
2831 3294 3011 3350 sancti
3039 3291 3388 3349 ineﬁ‘abiliter
3423 3293 3608 3349 videre
3651 3308 3749 3347 va-

2171 3384 2337 3438 lcant.

2822 3491 3082 3534 ISIDORUS.

2242 3568 2481 3622 Tandem
2507 3568 2749 3623 insanire
2769 3568 3014 3624 desinant
3048 3570 3314 3636 hteretici,
3339 3578 3510 3640 atque
3550 3569 3748 3626 confusi

2173 3669 2485 3734 agnoscant,
2513 3665 2641 3733 quia
2677 3665 2768 3734 qui
2793 3673 2988 3722 cuncta
3020 3667 3196 3738 potuit
3223 3683 3419 3724 creare
3451 3684 3521 3724 ex
3570 3670 3744 3732 nihilo,

2170 3757 2343 3830 potuit
2370 3765 2424 3812 et
2453 3758 2601 3813 illam
2631 3773 2895 3828 aquarum
2928 3768 3179 3816 naturam
3221 3761 3444 3831 glaciali
3488 3762 3747 3816 soliditate

2172 3849 2414 3905 stabilire
2435 3850 2488 3904 in
2528 3851 2685 3906 coelo.
2715 3851 2850 3908 Nam
2875 3867 2999 3908 cum
3045 3862 3098 3908 et
3135 3854 3235 3923 ipsi
3267 3854 3475 3919 dicant,
3503 3854 3644 3908 volvi
3669 3871 3750 3908 or-

2170 3944 2295 3999 bem
2329 3943 2500 3997 stellis
2549 3943 2861 4000 ardentibus
2919 3944 3296 4015 refulgentem,
3344 3963 3536 4001 nonne
3581 3949 3746 4002 divina.

2169 4036 2506 4108 providentia
2548 4039 2856 4093 necessario
2908 4040 3214 4110 prospexit,
3267 4050 3328 4094 ut
3385 4042 3536 4094 intra
3577 4043 3746 4096 orbem

2171 4129 2295 4184 caeli
2325 4136 2378 4183 et
2401 4144 2560 4199 supra
2583 4132 2768 4186 orbem
2801 4131 3127 4188 redundaret
3178 4151 3336 4206 aqua,
3377 4149 3504 4206 qua:
3528 4137 3624 4191 illa
3654 4137 3747 4191 fer-

2169 4223 2348 4278 ventis
2376 4222 2494 4277 axis
2525 4222 2771 4280 ineendia
2794 4233 3141 4298 temperaret.

2857 4355 3013 4396 ITEM.

2245 4438 2266 4465 ε
2303 4426 2567 4494 Secunda,
2609 4429 2804 4500 inquit,
2839 4431 2925 4486 die
2964 4430 3226 4502 disposuit
3255 4430 3401 4488 Deus
3449 4431 3752 4490 ﬁrmamen-

490 4526 558 4581 ἀει
610 4543 622 4578 ε
661 4525 912 4580 nimirum
963 4540 1091 4596 ergo
1135 4540 1254 4580 eam
1307 4527 1557 4598 frigidam
1615 4529 1747 4584 facit
1804 4539 2065 4600 aquarum
2094 4511 2148 4572 ι)
2173 4523 2307 4584 tum,
2347 4519 2401 4574 id
2440 4528 2524 4575 est
2549 4519 2960 4578 solidamentum
2985 4530 3294 4580 sanctarum
3323 4523 3753 4596 Seripturarum,

490 4633 651 4688 super
701 4617 899 4672 coelum
958 4618 1373 4672 eonstitutarum
1429 4619 1515 4672 illa
1568 4620 1838 4675 vicinitas.
1891 4621 2069 4688 Qumri

487 4708 652 4763 etiam
678 4706 812 4762 solet
833 4723 951 4778 quze
987 4708 1162 4762 forma
1195 4716 1249 4763 et
1287 4709 1456 4780 ﬁgura
1493 4709 1616 4764 coeli
1642 4725 1762 4765 esse
1803 4712 2070 4766 credenda

489 4804 582 4869 sit,
623 4812 801 4857 utrum
827 4803 1023 4859 cmlum
1067 4803 1205 4858 sicut
1254 4815 1278 4842 α
1320 4818 1475 4873 spera
1505 4801 1741 4872 undique
1785 4803 2070 4859 concludat

491 4902 690 4951 terram
722 4896 777 4950 in
821 4893 997 4950 media
1036 4894 1221 4950 mundi
1255 4893 1394 4950 mole
1426 4893 1712 4960 libratam;
1756 4910 1823 4948 an
1853 4909 1972 4948 eam
2001 4911 2067 4950 ex

489 5002 594 5040 una
622 4994 778 5055 parte
820 4984 1051 5057 desuper
1081 4987 1226 5041 velut
1251 4986 1428 5041 discus
1466 4986 1761 5056 cooperiat.
1815 4985 1922 5040 Sed
1971 4987 2071 5042 ali-

490 5077 610 5145 quis
632 5077 708 5130 ait
742 5092 756 5130 :
795 5075 1071 5145 Quomodo
1096 5068 1204 5132 non
1229 5086 1311 5133 est
1337 5078 1667 5133 contrarium
1709 5079 1792 5133 bis
1815 5079 1906 5148 qui
1930 5078 2066 5148 ﬁgu-

489 5182 578 5222 ras
608 5181 776 5236 sperae
818 5169 954 5224 ccelo
979 5170 1241 5236 tribuunt,
1279 5169 1420 5239 quod
1461 5172 1719 5240 scriptum
1743 5177 1825 5226 est
1852 5172 1904 5226 in
1929 5171 2073 5226 litte-

492 5258 568 5311 ris
593 5257 837 5312 nostris:
884 5257 986 5324 Qui
1021 5260 1249 5314 extendit
1303 5259 1483 5314 coelum
1533 5261 1666 5314 sicut
1689 5259 1921 5328 pellem?
1971 5259 2070 5315 Cui

490 5348 804 5418 responderi
839 5357 1036 5419 potest,
1085 5351 1226 5422 quod
1287 5352 1438 5422 pellis
1485 5369 1591 5408 non
1619 5354 1794 5410 solum
1844 5354 1900 5408 in
1950 5355 2070 5424 pla-

491 5455 650 5505 nun,
688 5453 875 5494 verum
911 5441 1074 5495 etiam
1106 5443 1160 5496 in
1197 5443 1483 5499 rotundum
1510 5445 1685 5500 sinum
1711 5442 2062 5502 extenditur:

491 5546 620 5586 nam
655 5539 716 5587 et
744 5539 865 5587 uter
886 5541 939 5588 et
977 5533 1153 5587 vesica
1175 5535 1328 5604 pellis
1357 5547 1460 5592 est.

497 5793 525 5839 ⁸
562 5721 590 5832 7
629 5709 706 5765 lta
733 5711 786 5766 in
812 5711 1042 5766 vetustis
1073 5711 1346 5769 codicibus
1402 5713 1538 5770 solet
1582 5715 1928 5800 scribi'spera
1955 5716 2069 5790 [pro

527 5798 723 5839 natura.

525 5798 723 5856 putum.

2174 4609 2574 4667 ﬁrmamentum
2624 4612 2769 4667 enim
2811 4614 2865 4667 in
2907 4613 3156 4680 ecclesia,
3219 4613 3524 4685 Seripturae
3569 4617 3755 4672 divini:

2173 4705 2578 4776 intelliguntur,
2641 4709 2767 4778 quia
2819 4708 3013 4764 coelum
3064 4709 3352 4779 plicabitur
3398 4711 3550 4766 sicut
3604 4711 3756 4767 liber.

2174 4797 2542 4870 Diserevitque
2591 4816 2752 4872 super
2789 4801 2892 4857 hoc
2936 4802 3274 4859 ﬁrmamento
3327 4819 3525 4875 aquas,
3575 4805 3635 4862 id
3681 4817 3760 4861 est

2174 4890 2421 4947 cmlestes
2447 4893 2670 4964 populos
2717 4888 3051 4966 angelorum,
3083 4897 3175 4968 qui
3224 4913 3333 4952 non
3361 4895 3520 4971 opus'
3561 4900 3760 4954 habent

2174 4981 2276 5038 hoc
2319 4983 2594 5054 suscipere
2639 4983 3040 5042 ﬁrmamentum
3065 5027 3080 5054 ,
3142 4996 3203 5044 ut
3247 4987 3486 5060 legentes
3535 4993 3759 5046 audiant

2171 5073 2392 5130 verbum
2415 5074 2530 5130 Dei.
2562 5075 2758 5131 Vident
2786 5078 2930 5133 enim
2962 5093 3176 5150 semper
3222 5094 3345 5138 eum
3390 5089 3448 5136 et
3487 5081 3757 5154 diligunt;

2175 5165 2268 5222 sed
2293 5169 2629 5238 superposuit
2653 5168 2794 5223 istud
2823 5169 3218 5226 ﬁrmamentum
3251 5171 3383 5243 legis
3429 5188 3572 5242 suae,
3601 5191 3767 5247 super

2174 5258 2486 5314 inferiorum
2536 5259 2854 5330 populorum
2915 5260 3317 5329 inﬁrmitatem,
3363 5271 3426 5318 ut
3453 5264 3535 5319 ibi
3587 5265 3769 5335 suspi-

2175 5351 2378 5406 cientes
2408 5359 2734 5420 cognoscant
2761 5352 2993 5422 qualiter
3019 5355 3326 5410 discernant
3346 5355 3490 5411 inter
3512 5358 3768 5414 carnalia

2180 5448 2235 5496 et
2279 5441 2568 5511 spiritalia,
2599 5444 2753 5514 quasi
2803 5445 2943 5500 inter
2983 5461 3150 5516 aquas
3199 5447 3504 5518 superiores
3542 5460 3608 5506 et
3636 5451 3774 5506 infe

2181 5538 2368 5592 riores.
2401 5534 2722 5610 Factumque
2754 5549 2827 5594 est
2877 5557 3079 5612 vespere
3105 5550 3151 5596 et
3179 5558 3330 5596 mane
3359 5542 3472 5599 dies
3497 5548 3771 5600 secunde.

2248 5721 2276 5760 ι)
2312 5718 2439 5794 Leg.
2468 5722 2815 5794 Augustinus.

2251 5801 2273 5831 ο
2313 5791 2622 5848 Ιείἀοτυεῖῐι
2649 5793 2806 5861 Gen.,
2836 5811 2884 5850 c.
2906 5794 2960 5849 2.
