3950 6312
161 409 309 470 ΗΞΒ

1110 397 1235 464 LIB.
1273 403 1750 476 QUAESTIONUM
1787 404 2013 464 SUPER
2047 405 2175 463 LIB.
2212 401 2523 495 GENESIS.

3261 406 3408 499 1926

342 521 430 579 ne
469 514 578 578 me
611 512 870 577 tinam
911 521 1171 578 omrun
1215 518 1558 587 eums'no.
1762 521 1812 582 Α
1840 520 2038 586 tentis,
2089 521 2376 590 praebendo
2429 519 2776 592 protectionis
2813 519 3184 576 umbraculum
3213 505 3408 592 "valido

233 643 306 697 D.
336 641 484 696 Dixit
518 655 634 694 vero
660 639 800 693 Deus
829 656 847 694 :
873 638 1260 710 Congregentur
1294 653 1444 709 aqua:
1483 651 1600 708 qua:
1642 634 1738 689 sub

160 733 293 789 etelo
318 740 438 788 sunt
475 731 530 784 in
556 730 727 783 locum
752 745 934 794 unum,
967 739 1014 783 et
1039 737 1280 800 appareat
1309 726 1460 782 arida
1503 724 1655 798 (Gen.
1694 741 1731 791 ι,

159 826 240 896 9).
277 836 306 866 ι
331 823 467 878 Hinc
497 835 712 893 quoque
750 820 925 874 oritur
945 819 1188 890 quaestio.
1238 817 1297 874 Si
1331 825 1497 872 totam
1537 825 1738 872 terram

159 933 308 988 aqua
359 915 590 986 tegebat,
635 927 742 967 non
792 920 910 967 erat
937 911 1086 981 lpous
1111 911 1202 965 ubi
1229 920 1391 981 {aquae
1437 921 1736 980 congrega-

157 1017 377 1074 rentur,
413 1009 538 1076 dum
581 1012 749 1060 totam
800 1011 1000 1060 terram
1037 1003 1248 1073 tegebat
1298 1016 1455 1071 aqua.
1503 1000 1572 1056 Et
1597 1015 1735 1070 quo-

153 1101 324 1156 modo
368 1097 646 1168 Scriptum
679 1095 809 1152 dicit
834 1113 846 1148 :
871 1093 1258 1166 Congregentur
1293 1109 1442 1165 aqua
1476 1109 1595 1163 qute
1640 1091 1734 1146 sub

153 1194 287 1276 strip
323 1200 441 1276 sunt
465 1193 519 1245 in
547 1190 718 1246 locum
751 1206 932 1256 unum,
959 1199 1009 1244 et
1036 1196 1283 1260 appareat
1319 1187 1518 1242 arida!

151 1354 158 1360 .
228 1273 313 1337 Μ.
345 1273 537 1338 'l'otam
574 1291 777 1337 terram
823 1281 1038 1352 tegebat
1085 1295 1225 1351 aqua
1271 1279 1410 1334 sicut
1455 1276 1732 1333 rarissima

154 1374 377 1438 nebula,
402 1389 520 1442 quae
539 1381 726 1444 postea
760 1371 818 1428 in
844 1387 1012 1427 unum
1052 1371 1268 1427 redacta
1298 1379 1458 1440 atque
1501 1367 1732 1424 collecta

153 1476 258 1529 est,
291 1473 352 1521 ut
379 1466 548 1537 possit
588 1473 747 1519 terrae
785 1462 992 1534 species
1019 1476 1297 1532 apparere,
1325 1475 1633 1532 quanquam
1677 1467 1732 1515 et

151 1565 303 1613 terra
331 1558 484 1626 longe
510 1556 722 1627 lateque
749 1544 1050 1620 subsidens,
1065 1553 1239 1624 potuit
1263 1565 1528 1610 concavas
1547 1558 1732 1620 partes

151 1652 422 1722 praebere,
439 1666 557 1722 quze
580 1648 910 1706 conﬂuentes
935 1662 1104 1717 aquas
1128 1646 1484 1717 susciperent,
1498 1651 1559 1700 ut
1579 1643 1730 1700 arida

152 1750 460 1812 appareret.

781 1845 1094 1892 4138081118.

223 1947 475 2005 Breviter
502 1947 871 2015 admonemus,
921 1954 982 2000 ut
1017 1927 1189 2016 quem
1203 1943 1366 2008 [forte
1401 1958 1510 2000 non
1554 1947 1736 1999 movet

150 2053 404 2110 quairere
426 2038 640 2110 quando
660 2038 866 2109 species
885 2051 1147 2108 aquarum
1164 2044 1541 2107 terrarumque
1554 2041 1740 2092 creata

150 2133 258 2199 sit;
287 2131 556 2201 accipiant
581 2130 686 2186 isto
726 2128 814 2184 die
841 2143 949 2185 non
979 2142 1100 2185 esse
1127 2129 1378 2196 ‘factum,
1417 2129 1521 2185 nisi
1563 2135 1623 2183 ut
1647 2141 1737 2183 se-

151 2232 512 2279 cernerentur
556 2223 672 2278 haec
703 2221 827 2278 duo.
865 2222 1000 2276 Nam
1034 2221 1165 2277 illud
1210 2221 1353 2291 quod
1383 2219 1588 2276 dictum
1627 2226 1731 2288 est,

148 2323 287 2369 ante
338 2315 544 2370 dierum
597 2313 1058 2370 enumerationem
1111 2321 1258 2370 terra
1293 2322 1413 2368 erat
1451 2311 1736 2368 invisibilis

146 2413 212 2462 et
242 2406 613 2476 incomposita,
644 2421 768 2462 cum
795 2408 1198 2463 commendaret
1239 2405 1518 2475 Scriptura
1555 2403 1737 2473 cujus-

148 2499 306 2554 modi
336 2507 534 2554 terram
556 2499 760 2554 iecerat
777 2498 940 2563 Deus,
965 2498 1091 2568 quia
1122 2497 1462 2568 prmdixerat,
1487 2494 1555 2548 In
1581 2495 1731 2564 prin-

149 2590 293 2660 cipio
325 2590 517 2644 creavit
545 2587 686 2646 Deus
711 2589 897 2645 calum
939 2597 989 2645 et
1020 2599 1235 2656 terram,
1281 2587 1416 2644 nihil
1464 2585 1608 2640 aliud
1648 2584 1734 2640 his

149 2682 338 2736 verbis
379 2681 785 2753 intelligendum
830 2690 931 2747 est,
977 2695 1139 2751 quam
1168 2679 1410 2735 materiae
1435 2674 1734 2748 corporalis

149 2773 542 2830 informitatem
573 2773 851 2829 insinuare
877 2773 1138 2838 voluisse;
1170 2772 1216 2827 si
1261 2779 1439 2826 tamen
1464 2767 1622 2823 tardo
1645 2766 1735 2827 in-

149 2865 394 2920 tellectui
420 2879 528 2920 non
555 2866 829 2935 subrepat,
851 2870 910 2920 ut
944 2864 1225 2920 materiam
1245 2870 1302 2918 et
1321 2862 1578 2933 speciem,
1606 2858 1732 2930 qln'a

151 2956 341 3010 verbis
367 2956 646 3026 Scriptura
694 2965 938 3027 separat,
984 2964 1210 3012 conetur
1261 2957 1378 3012 haec
1389 2954 1521 3028 {duo
1565 2953 1733 3010 etiam

154 3053 406 3116 tempore
439 3060 715 3118 separare.

716 3151 848 3195 l‘l‘BI
890 3153 977 3195 UB!
1015 3151 1202 3196 κυρίη.
1309 3173 1312 3180 ι

1838 612 2034 667 robore
2063 610 2197 681 justi
2235 611 2445 679 iudicii.
2476 611 2762 680 Sequitur:

1920 705 2224 777 Vocauitque
2242 705 2382 761 Deus
2407 705 2614 760 aridam
2640 713 2853 771 terram,
2889 705 3412 777 congregationesque

1835 811 2091 867 aquarum
2125 796 2405 867 appellavit
2439 797 2615 850 maria
2644 795 3050 867 (Genes.i,10).

1905 885 2261 960 Hieronymus
2309 889 2365 943 in
2409 890 2548 945 libro
2579 888 2956 957 IQuzestionum
3001 889 3406 947 Hebraicarum.

1833 976 2137 1033 Notandum
2170 979 2313 1048 quod
2353 979 2531 1034 omnis
2585 981 2934 1051 congregatio
2980 994 3260 1050 aquarum,
3295 981 3410 1038 sive

1833 1067 1988 1123 salsae
2010 1069 2119 1123 sint
2142 1069 2254 1124 sive
2277 1069 2479 1135 dulces,
2497 1069 2648 1138 juxta
2668 1072 2868 1126 idioma
2891 1071 3087 1141 lingua:
3119 1072 3410 1139 hebraicae,

1833 1161 2004 1216 maria
2027 1169 2418 1231 nuncupentur.
2447 1160 2667 1216 Frustra
2697 1162 2859 1232 igitur
2887 1161 3218 1233 Porphyrius
3246 1177 3410 1219 evan-

1832 1252 2052 1322 gelistas
2083 1253 2150 1307 ad
2180 1252 2484 1308 faciendum
2534 1255 2904 1323 ignorantibus
2953 1255 3273 1311 miraculum
3290 1297 3306 1324 ,
3344 1272 3411 1312 eo

1833 1346 1975 1415 quod
2021 1347 2278 1403 Dominus
2327 1362 2490 1417 super
2538 1359 2689 1403 mare
2725 1349 3099 1416 ambulaverit,
3137 1365 3238 1420 pro
3287 1350 3409 1406 lacu

1832 1435 2162 1494 Genesareth
2187 1453 2336 1494 mare
2357 1439 2653 1510 appellasse
2680 1441 3058 1510 calumniatur,
3084 1457 3208 1497 cum
3231 1443 3409 1498 omnis

1831 1525 1983 1583 lacus
2011 1537 2065 1583 et
2112 1545 2377 1602 aquarum
2415 1531 2762 1604 congregatio
2791 1532 2960 1588 maria
3010 1541 3405 1604 nuncupentur.

1833 1615 2091 1688 Sequitur
2111 1635 2124 1674 :

1900 1712 1970 1766 Et
2005 1715 2126 1768 vidit
2156 1714 2296 1769 Deus
2323 1713 2460 1786 quod
2493 1725 2622 1772 esset
2657 1717 2869 1783 bonum,
2911 1725 2960 1772 et
3008 1718 3124 1772 ait:
3147 1715 3415 1773 Germinet

1832 1812 1971 1858 terra
2001 1804 2210 1858 herbam
2242 1805 2503 1872 virentem,
2551 1815 2679 1874 etc.,
2710 1823 2882 1879 usque
2929 1818 2978 1863 et
3008 1809 3206 1878 factum
3235 1818 3310 1864 est
3334 1810 3410 1863 ita

1762 1881 1811 1944 Β
1837 1894 1990 1969 (Gen.
2021 1913 2060 1960 ι,
2097 1895 2206 1967 ll).

1908 1985 1978 2040 Et
2013 1985 2228 2058 protulit
2269 1996 2411 2043 terra
2458 1989 2669 2044 herbam
2713 1990 2990 2056 virentem,
3047 2001 3096 2046 et
3135 1990 3414 2060 facientem

1835 2094 2009 2134 semen
2028 2078 2184 2148 juxta
2223 2095 2383 2149 genus
2420 2095 2592 2134 suum.
2626 2091 2648 2119 ο
2681 2080 2821 2147 Quid
2844 2084 2949 2140 hoc
2997 2080 3116 2137 loco
3159 2096 3256 2151 per
3295 2081 3416 2136 her-

1835 2169 1990 2236 bam,
2037 2170 2143 2225 nisi
2197 2171 2337 2226 bona
2385 2173 2626 2241 operatio
2675 2174 2923 2242 ponitur;
2968 2173 3096 2228 licet
3139 2175 3194 2229 in
3233 2174 3415 2230 condi-

1837 2259 1985 2315 tione
2013 2261 2196 2316 mundi
2229 2261 2304 2316 ita
2331 2261 2588 2317 historice
2616 2262 2816 2318 factum
2867 2272 3180 2320 teneamus:
3213 2272 3412 2320 terram

1834 2358 2015 2407 tamen
2039 2351 2321 2408 ecclesiam
2366 2353 2625 2425 ﬁgurasse
2672 2371 2779 2410 non
2809 2356 3248 2412 inconvenienter
3271 2356 3413 2412 acci-

1832 2443 2032 2512 pimus,
2055 2459 2174 2513 quae
2201 2445 2255 2499 in
2300 2459 2366 2500 eo
2409 2446 2730 2516 germinavit
2768 2447 2991 2503 herbam
3031 2447 3317 2513 virentem,
3357 2446 3412 2502 in

1834 2549 1941 2605 quo
1993 2538 2062 2592 ad
2105 2538 2329 2592 verbum
2372 2537 2467 2592 Dei
2519 2538 2768 2595 foecunda
2817 2540 3200 2597 misericordiae
3247 2555 3412 2611 opera

1832 2627 2075 2698 protulit.
2119 2627 2418 2698 Sequitur:
2479 2651 2509 2663 τ-

1905 2718 2229 2791 Lignumque
2264 2719 2463 2790 faciens
2498 2720 2726 2791 fructum
2748 2721 2906 2792 juxta
2937 2737 3098 2793 genus
3132 2737 3306 2776 suum.
3342 2719 3411 2776 Et

1831 2813 2026 2867 habens
2081 2813 2485 2884 unumquodque
2535 2823 2811 2868 sementem
2859 2813 3146 2868 secundum
3190 2813 3410 2883 speciem

1832 2920 1984 2959 suam
2005 2903 2156 2976 (Gen.
2183 2921 2219 2969 ι,
2250 2904 2358 2976 ll).
2385 2904 2411 2944 ά
2433 2903 2660 2975 Lignum
2687 2904 2980 2961 secundum
3004 2920 3158 2960 suam
3179 2904 3412 2974 speciem

1831 3001 2017 3046 semen
2045 2990 2316 3060 producit,
2344 3005 2466 3045 cum
2497 3006 2650 3046 mens
2679 2998 2864 3045 nostra
2903 3006 2969 3046 ex
3012 3007 3072 3047 se
3103 2991 3413 3048 considera-

1831 3078 2036 3136 tionem
2085 3079 2141 3134 in
2182 3079 2411 3134 alterum
2459 3079 2677 3150 colligit,
2726 3089 2779 3136 et
2809 3081 2942 3135 recti
2985 3080 3164 3151 operis
3193 3095 3414 3151 germen

1830 3168 1992 3240 parit.
2027 3166 2167 3224 Hinc
2206 3169 2424 3239 quidam
2454 3170 2668 3240 sapiens
2703 3169 2832 3225 dicit
2864 3186 2878 3224 :
2906 3169 3058 3234 Quod
3084 3170 3180 3225 tibi
3204 3187 3307 3226 non
3334 3171 3408 3226 vis

229 3250 297 3304 Β.
350 3250 736 3324 Congregentur
796 3268 946 3323 aqum
1003 3268 1120 3322 qua:
1183 3250 1277 3305 sub
1327 3249 1452 3305 caelo
1507 3257 1628 3305 sunt
1674 3250 1732 3304 ίη
1759 3245 1808 3313 C
1838 3262 1974 3333 ﬁeri,
2003 3261 2096 3317 alii
2123 3279 2185 3317 ne
2226 3262 2410 3332 feceris
2449 3261 2599 3334 (Tob.
2629 3277 2704 3328 IV,
2738 3262 2846 3332 l6).
2875 3261 3012 3316 Hinc
3037 3262 3092 3317 in
3123 3261 3413 3333 Evangelio

147 3337 331 3395 locum
381 3357 584 3407 unum,
642 3350 691 3395 et
746 3349 994 3412 appareat
1043 3340 1236 3394 arida?
1284 3339 1424 3408 Quid
1467 3350 1550 3396 cst
1609 3354 1738 3412 ergo

151 3434 303 3503 quod
332 3449 437 3489 non
462 3433 574 3501 ait,
619 3433 713 3488 ﬁat
757 3434 908 3488 arida
947 3432 1174 3490 visibilis
1208 3433 1292 3488 vel
1335 3448 1474 3504 aqua
1514 3448 1739 3504 conpe-

150 3528 328 3599 gata?

242 3615 319 3669 Μ.
378 3615 512 3684 Quia
576 3617 960 3688 propinquiora
1013 3624 1137 3672 sunt
1203 3615 1376 3671 eidem
1424 3612 1739 3671 informitati

151 3723 326 3778 quam
377 3708 616 3764 cmlestia
649 3724 893 3778 corpora,
925 3718 1016 3764 aut
1044 3707 1112 3763 de
1142 3709 1228 3764 his
1268 3724 1365 3779 per
1407 3708 1738 3763 numeratio—

150 3817 286 3857 nem
336 3801 544 3856 dierum
591 3800 802 3857 inﬁrma
853 3816 1034 3857 rerum
1082 3801 1434 3867 condiuntur,
1477 3801 1598 3856 ideo
1642 3816 1744 3856 no-

149 3895 264 3958 luit
299 3893 510 3962 inferri,
551 3902 613 3951 ut
658 3895 910 3952 similiter
936 3910 1058 3951 cum
1093 3896 1463 3969 superioribus
1492 3894 1609 3952 fieri
1635 3897 1742 3952 im-

155 3993 405 4058 pararet.

771 4091 909 4136 UNDE
951 4095 1140 4136 SUPRA.

241 4187 582 4260 Spiritaliter.
610 4191 640 4232 δ
661 4189 867 4258 Tertia,
898 4192 1092 4264 inquit,
1126 4189 1212 4248 die
1237 4192 1451 4264 collegit
1480 4193 1534 4247 in
1574 4209 1741 4248 unum

159 4295 344 4353 aquas
372 4281 650 4339 inferiores
691 4283 884 4351 salsas,
916 4284 1019 4340 hoc
1067 4292 1152 4340 est
1199 4273 1442 4339 homines
1480 4283 1740 4351 infideles,

154 4375 259 4446 qui
305 4373 655 4445 cupiditatum
692 4385 1007 4446 tempestate
1048 4385 1103 4432 et
1153 4378 1510 4433 tentationum
1554 4392 1744 4432 carna-

151 4465 298 4521 lium
324 4451 576 4520 iluctibus
605 4467 940 4534 quatiuntur,
983 4473 1036 4522 et
1059 4467 1113 4521 in
1150 4467 1341 4536 seipsis
1366 4467 1518 4536 quasi
1546 4465 1742 4521 amari-

152 4558 296 4613 tudo
322 4557 667 4612 includuntur
684 4558 712 4624 ;'
749 4559 1156 4631 segregavitque
1184 4561 1251 4614 ab
1277 4559 1356 4614 eis
1381 4559 1608 4623 aridam,
1647 4573 1744 4628 po-

148 4645 349 4718 pulum
395 4645 603 4700 scilicet
666 4643 870 4703 fontem
918 4647 1044 4704 vita:
1088 4648 1375 4703 sitientem.
1433 4648 1744 4716 Obﬁxitque

150 4737 361 4793 dehinc
388 4737 743 4808 superborum
785 4739 1001 4803 limites,
1044 4747 1100 4795 et
1142 4740 1380 4796 coercuit
1407 4753 1500 4795 eos
1529 4753 1598 4794 ne
1631 4745 1744 4794 tur-

146 4821 404 4885 bulentis
435 4820 778 4899 iniquitatum
829 4845 1050 4888 suarum
1107 4829 1357 4886 ﬂuctibus
1398 4831 1604 4886 aridam
1623 4869 1640 4896 ,
1688 4829 1746 4885 id

147 4926 250 4975 est
307 4918 543 4973 animam
577 4919 849 4976 sitientem
893 4921 1061 4975 Deum
1098 4922 1438 4987 conturbent,
1481 4921 1747 4989 liceatque

150 5011 212 5068 ei
265 5010 566 5080 germinare
613 5014 878 5068 bonorum
925 5028 1148 5084 operum
1183 5011 1394 5068 fructus
1443 5012 1741 5068 secundum

151 5118 342 5176 genus
367 5118 543 5170 suum,
589 5104 818 5178 diligens
843 5105 1149 5176 proximum
1179 5105 1235 5160 in
1267 5105 1522 5160 subsidiis
1556 5119 1748 5160 neces-

149 5200 394 5256 sitatum
445 5195 766 5265 carnalium,
818 5197 1022 5253 habens
1052 5199 1105 5253 in
1134 5213 1194 5253 se
1235 5210 1417 5253 semen
1455 5194 1747 5250 secundum

149 5289 598 5357 similitudinem,
620 5296 681 5346 ut
702 5303 769 5346 ex
819 5303 916 5346 sua
949 5289 1264 5344 inﬁrmitate
1295 5287 1653 5358 compatiatur
1681 5287 1749 5342 ad

148 5381 600 5441 subveniendum
645 5381 1029 5452 indigentibus.
1086 5379 1397 5436 Producens
1441 5384 1497 5435 et
1543 5375 1748 5448 lignum

148 5471 302 5531 forti
353 5473 566 5538 robore,
619 5480 673 5527 et
703 5471 1064 5538 fructiferum,
1097 5471 1150 5526 id
1195 5477 1280 5525 est
1323 5466 1642 5526 beneﬁcium
1679 5463 1750 5521 ad

119 5547 509 5634 'eripiendum
538 5577 662 5619 eum
687 5563 779 5635 qui
824 5562 1076 5633 injuriam
1120 5562 1322 5634 patitur
1364 5563 1431 5617 de
1466 5575 1628 5617 manu
1655 5575 1751 5631 po-

245 5740 283 5852 ;
326 5727 656 5852 Ainogustinus
712 5725 780 5785 de
827 5727 963 5785 Gen.
1017 5727 1086 5784 ad
1138 5724 1278 5792 litt.;
1339 5723 1432 5781 lib.
1496 5722 1750 5795 imperf.,

147 5835 550 5926 “iniimus
587 5869 641 5924 in
685 5868 855 5934 Gem.
899 5885 949 5925 c.
993 5869 1048 5924 2.

1841 3353 2013 3410 dicit:
2049 3354 2398 3424 Quacumque
2449 3353 2598 3408 vultis
2649 3363 2704 3407 ut
2740 3353 2940 3424 faciant
2989 3354 3128 3409 vobis
3155 3355 3410 3419 homines,

1838 3454 1887 3500 et
1916 3463 2002 3501 vos
2031 3447 2210 3500 eadem
2241 3445 2399 3514 facile
2425 3445 2530 3500 illis
2556 3445 2768 3517 (Matth.
2793 3462 2890 3512 vn,
2915 3445 3036 3516 l2);
3066 3461 3131 3502 ac
3157 3446 3203 3502 si
3231 3455 3417 3516 aperte

1841 3536 2074 3591 diceret:
2101 3536 2348 3606 Speciem
2370 3546 2602 3594 vestram
2630 3537 2686 3592 in
2709 3537 2937 3592 alterum
2965 3538 3234 3610 respicite,
3255 3546 3417 3609 atque

1841 3643 1908 3683 ex
1942 3628 2342 3698 vobismetipsis
2371 3630 2678 3700 cognoscite
2723 3629 2849 3700 quid
2890 3646 2984 3686 vos
3005 3640 3253 3702 oporteat
3293 3632 3416 3688 aliis

1842 3719 2115 3777 exhibere.
2148 3720 2216 3775 Et
2252 3718 2392 3777 Sicut
2426 3723 2672 3793 snperius
2694 3723 2928 3779 diximus
2971 3731 3170 3778 terram
3207 3723 3414 3794 signiﬁ-

1843 3827 1974 3868 care
2023 3812 2330 3880 ecclesiam,
2371 3829 2491 3886 qua:
2516 3822 2570 3868 et
2588 3813 2738 3868 verbi
2779 3829 2877 3869 nos
2904 3813 3098 3884 pabulo
3139 3814 3333 3881 reiicit,
3363 3824 3419 3870 et

1842 3904 2132 3976 patrocinii
2187 3905 2502 3961 umbraculo
2557 3906 2808 3961 custodit.
2874 3906 3003 3974 Qua:
3051 3916 3104 3963 et
3150 3909 3418 3978 loquendo

1843 3999 2036 4070 pascit,
2063 4007 2116 4054 et
2140 3999 2448 4070 opitulando
2471 3999 2721 4071 protegit,
2747 4008 2808 4055 ut
2848 4016 2955 4056 non
2998 4001 3169 4056 solum
3195 4001 3416 4057 herbam

1845 4085 2158 4144 iefectionis
2202 4087 2460 4159 proferat,
2508 4091 2601 4146 sed
2649 4091 2814 4145 ctiam
2861 4105 2983 4145 cum
3018 4089 3193 4147 fructu
3239 4092 3419 4163 operis

1846 4180 2096 4237 arborem
2124 4183 2495 4253 protectionis.

2458 4291 2804 4334 AUGUSTINUS.

1852 4349 1985 4422 ῗΙ).
2017 4367 2152 4423 Cum
2182 4367 2379 4425 dixerit
2400 4368 2562 4436 Deus,
2593 4370 2859 4439 germinet
2893 4376 3038 4425 terra
3075 4368 3295 4424 herbam
3340 4367 3417 4423 vi-

1847 4463 2056 4518 remem
2084 4469 2138 4517 et
2167 4461 2496 4517 adferentem
2538 4477 2721 4517 semen
2751 4470 2806 4517 et
2843 4462 2986 4533 ligna
3012 4458 3317 4526 fructifera;
3349 4459 3417 4513 li-

1846 4571 1950 4629 gna
1994 4553 2323 4610 infructuosa
2351 4555 2436 4612 vel
2465 4555 2648 4626 spinas
2676 4561 2730 4609 et
2760 4554 2984 4610 tribulos
3009 4553 3221 4624 quando
3258 4551 3420 4606 fecit?

1917 4643 1996 4700 Μ.
2049 4644 2221 4700 Simul
2261 4646 2443 4706 omnia
2498 4647 2638 4702 Deus
2680 4645 2823 4712 fecit,
2857 4646 3065 4701 dicente
3101 4644 3417 4712 Scriptura:

1848 4735 1952 4803 Qui
1973 4723 2090 4791 vivit
2116 4737 2171 4790 in
2201 4747 2451 4796 wternum
2481 4738 2671 4793 creavit
2693 4738 2869 4790 omnia
2896 4735 3072 4790 simul.
3103 4734 3419 4788 Nullatenus

1845 4827 2012 4900 igitur
2060 4827 2284 4884 dicenda
2316 4836 2441 4883 sunt
2490 4826 2820 4883 infructuosa
2871 4827 3036 4898 ligna,
3073 4843 3194 4898 quae
3239 4825 3420 4896 aliquo

1846 4922 2006 4979 modo
2026 4924 2338 4978 hominibus
2362 4922 2611 4978 adferunt
2640 4921 2969 4992 adiumenta.
3000 4922 3129 4988 Qua:
3155 4928 3211 4976 et
3233 4933 3420 4975 revera

1847 5014 1893 5070 si
1926 5031 2035 5070 non
2082 5014 2387 5070 invenimus
2433 5015 2487 5068 in
2517 5015 2597 5070 eis
2624 5013 2827 5084 aliquid
2861 5015 2928 5076 ad
2953 5013 3238 5077 edendum,
3270 5009 3419 5066 inve-

1847 5105 2025 5159 nimus
2054 5104 2257 5174 aliquid
2285 5105 2352 5159 ad
2396 5103 2864 5169 medicamentum,
2907 5102 3209 5159 invenimus
3234 5100 3301 5155 ad
3330 5100 3423 5156 ad-

1841 5195 2126 5268 iutorium.
2159 5198 2292 5254 Nam
2337 5205 2550 5268 quanta:
2594 5195 2855 5253 utilitates
2900 5196 3009 5252 sint
3054 5196 3108 5251 in
3157 5195 3256 5264 eis,
3309 5194 3424 5265 ipso

1853 5291 2155 5348 considera.
2203 5289 2506 5346 Fruclil‘era
2552 5290 2695 5360 ligna
2731 5305 2797 5345 ex
2831 5288 3056 5346 fruendo
3095 5287 3239 5344 dicta
3278 5292 3422 5351 sunt,

1849 5384 1895 5440 si
1925 5384 1994 5439 ab
2017 5383 2164 5438 omni
2198 5381 2342 5453 ligno
2369 5396 2656 5451 possumus
2681 5380 2882 5436 habere
2906 5379 3265 5451 adiutorium;
3300 5375 3427 5445 jure

1850 5471 2056 5532 nullum
2081 5473 2285 5545 lignum
2316 5473 2546 5528 dicimus
2574 5469 2986 5529 infructuosum.
3017 5470 3266 5526 Tribulos
3293 5481 3423 5523 vero

1850 5573 1906 5623 et
1933 5566 2117 5638 spinas
2137 5563 2385 5636 quamvis
2412 5570 2535 5633 post
2572 5571 2851 5634 peccatum
2876 5561 3113 5622 hominis
3139 5563 3426 5616 nascantur

1925 5733 1950 5763 ο
1989 5720 2152 5792 Greg.
2173 5761 2188 5787 ,
2209 5719 2320 5792 lib.
2343 5735 2471 5792 xxix
2496 5718 2707 5786 Iloral.,
2738 5735 2789 5776 c.
2817 5720 2872 5792 2.
2933 5783 2936 5786 ,

1923 5792 1951 5833 (ι
1989 5791 2177 5866 Greg.,
2206 5791 2299 5848 lib.
2332 5808 2363 5848 v
2389 5791 2604 5858 Μαι-ειη
2636 5807 2755 5863 cap.
2785 5791 2874 5848 35.
