3950 6312
169 285 275 342 1129

1033 274 1161 332 LIB.
1202 268 1677 343 QUIESTIONUM
1715 266 1941 326 SUPER
1976 268 2104 324 LIB.
2140 266 2450 324 GENESIS.

3187 269 3323 326 “30

165 402 349 461 vestivit.
378 398 521 455 llatlo
547 397 693 453 cnim
714 400 855 461 erat,
881 402 943 450 ut
968 410 1122 466 aqua:
1152 393 1452 463 reciperent
1488 401 1654 446 orna-

1764 399 1928 455 nsque
1952 384 2021 441 ad
2046 383 2163 452 elus
2186 383 2383 439 lucem.
2407 381 2466 436 In
2491 379 2675 436 auditu
2700 395 2872 451 usque
2890 384 2958 438 ad
2982 382 3321 455 liquidiorem

162 506 350 554 mentum
372 506 510 548 suum
540 491 605 546 de
634 482 935 558 reptilibus,
964 487 1050 542 vel
1079 501 1173 542 aer
1197 486 1264 541 de
1297 477 1623 540 volatilibus.

214 584 268 638 Ι).
293 582 409 650 Quid
432 587 508 635 est
535 580 703 645 enim,
730 579 874 649 quod
906 592 1048 646 saape
1075 576 1302 646 legimus
1323 575 1388 629 de
1412 580 1662 630 creatura

157 671 254 728 εωιί
278 680 322 726 ει
344 678 478 725 terrae
501 668 773 732 etanaris,
803 666 1052 722 similiter
1074 664 1288 734 quando
1317 662 1487 720 creati
1513 670 1659 729 sunt,

158 762 222 818 vel
239 759 484 831 quomodo,
507 759 573 814 de
610 772 736 813 aere
764 764 946 811 autem
972 754 1107 809 nihil
1135 752 1426 809 indicavit?

210 848 275 903 Η.
296 860 318 888 ι
341 847 440 902 Non
464 846 606 902 enim
632 842 1028 908 arbitrandum,
1056 848 1116 895 ut
1142 840 1309 895 ullum
1335 839 1660 895 elementum

154 944 196 1002 in
211 943 294 999 hac
314 940 557 1010 scriptura
577 935 1030 1007 praetermisisset,
1055 933 1158 989 nisi
1183 932 1309 1002 quia
1332 931 1663 987 consuetudo

148 1041 215 1090 est
236 1029 401 1087 divina:
430 1024 739 1096 Scriptum,
766 1024 963 1080 caelum
995 1030 1050 1077 et
1076 1030 1277 1076 terram
1311 1028 1481 1075 totum
1508 1034 1663 1073 mun-

148 1122 251 1178 dum
291 1117 554 1189 appellare,
586 1125 639 1172 et
670 1117 791 1171 ideo
835 1113 1211 1171 aestimandum
1252 1118 1337 1167 est
1374 1124 1554 1165 aerem
1594 1107 1663 1162 ad

146 1212 308 1269 calum
332 1218 381 1264 et
402 1216 596 1262 terram
629 1205 921 1276 pertinere.
973 1204 1040 1259 Et
1077 1202 1338 1274 quidquid
1372 1208 1457 1258 est
1482 1198 1663 1255 humi-

146 1303 269 1365 dum,
290 1298 362 1354 vel
388 1296 699 1367 vaporaliter
735 1309 1054 1364 expansum,
1083 1293 1187 1349 hoc
1222 1292 1291 1347 ad
1316 1298 1516 1346 terram
1540 1303 1661 1359 per-

144 1390 282 1444 tinet:
307 1385 545 1459 quidquid
580 1392 710 1441 vero‘
731 1385 1080 1455 tranquillum
1115 1392 1172 1440 et
1195 1381 1435 1453 quietum
1463 1387 1567 1445 est,
1594 1378 1665 1435 ad

138 1478 305 1534 uelum
339 1476 596 1547 pertinere
636 1475 851 1530 dicitur.
897 1474 967 1530 Et
1001 1474 1145 1547 quod
1184 1474 1258 1529 ita
1293 1472 1364 1529 sit
1389 1487 1484 1527 aer
1508 1485 1662 1541 aqua:

136 1568 323 1632 similis,
342 1577 391 1622 et
407 1581 470 1621 ex
491 1565 608 1636 ejus
631 1564 997 1621 halationibus
1012 1564 1360 1636 pinguescere
1377 1563 1659 1632 probatur,

133 1661 195 1715 ita
220 1670 271 1714 ut
298 1659 522 1729 spiritum
548 1657 800 1728 procella:
844 1657 1028 1723 faciat,
1056 1658 1111 1713 id
1136 1664 1223 1713 est
1248 1654 1520 1715 nebulam.
1550 1653 1663 1710 Aer

1761 491 1964 531 aerem.
1994 475 2053 529 lu
2088 472 2291 530 olfactu
2320 472 2517 546 transit
2550 472 2618 527 ad
2651 487 2832 528 aerem
2867 488 3079 542 purum,
3114 485 3169 530 et
3203 493 3323 547 per-

1761 566 1907 621 venit
1956 563 2025 619 ad
2051 562 2325 619 humidam
2359 561 2753 616 exhalationcm
2785 563 2926 618 unde
2953 564 3187 620 crassior
3213 567 3327 621 haec

1759 671 1892 710 aura
1922 653 2188 711 subsistit.
2218 651 2276 706 In
2308 659 2467 722 gustu
2496 659 2551 705 et
2577 651 2716 706 hanc
2747 653 2959 719 transit,
2994 662 3049 707 et
3084 656 3329 724 pervenit

1761 758 1931 814 usque
1957 745 2025 798 ad
2050 743 2332 798 humorem
2377 740 2846 811 corpulentiorem.
2887 747 3004 810 Quo
3037 743 3198 799 etiam
3236 756 3329 816 pe-

1758 842 1971 889 netrato
1994 841 2157 901 atque
2186 830 2430 900 trajecto,
2467 846 2589 885 cum
2615 831 2682 885 ad
2715 838 2985 887 terrenam
3009 835 3324 902 gravitatem

1758 924 2025 996 pervenit,
2062 922 2314 994 tangendi
2346 919 2593 975 ultimum
2629 935 2846 976 sensum
2877 922 3006 993 agit.
3046 923 3164 981 Non
3197 941 3328 996 ergo

1761 1018 2046 1089 ignorabat
2090 1025 2317 1070 naturas
2356 1016 2765 1080 elementorum,
2793 1016 2884 1084 qui
2911 1016 3062 1085 prius
3087 1019 3329 1077 caelestia

1760 1108 2071 1175 luminaria,
2127 1106 2321 1163 deinde
2361 1117 2629 1172 aquarum
2683 1096 3007 1172 animantia,
3061 1111 3331 1169 terrarum

1760 1206 1940 1255 autem
1964 1206 2238 1269 postrema
2270 1190 2541 1259 narravit,
2586 1208 2692 1249 non
2718 1195 2861 1265 quod
2885 1210 3063 1252 aerem
3105 1209 3328 1268 praetcr-

1761 1291 1991 1356 miserit,
2025 1288 2122 1344 sed
2150 1286 2277 1357 quia
2306 1287 2577 1356 puriorem
2606 1293 2813 1355 partem
2858 1286 2975 1357 ejus
3004 1290 3161 1353 caelo,
3202 1292 3325 1360 pin-

1762 1383 2003 1455 guiorem
2038 1394 2170 1436 vero
2203 1378 2362 1435 terris
2395 1385 2686 1447 nuncupat.
2722 1377 2874 1446 Quod
2907 1380 3052 1436 enim
3089 1390 3145 1437 ct
3185 1390 3328 1438 tactu

1761 1489 1930 1545 aquas
1962 1479 2260 1541 ventosque
2287 1469 2567 1536 sentimus,
2601 1468 2705 1525 hoc
2736 1477 2820 1525 est
2847 1471 2989 1541 quod
3021 1480 3177 1528 terrae
3202 1474 3330 1529 soli-

1762 1572 1891 1628 dum
1925 1569 2177 1626 omnibus
2217 1566 2544 1623 admiscetur
2578 1564 2875 1621 elementis.
2924 1564 2983 1622 lu
3019 1566 3156 1623 cudo
3200 1583 3330 1639 ergo

1762 1665 1947 1723 volant
1991 1679 2142 1731 aves,
2190 1662 2285 1718 sed
2336 1661 2442 1718 isto
2483 1660 2625 1730 quod
2664 1660 2903 1731 psalmus
2958 1662 3121 1717 etiam
3169 1671 3330 1718 terra;

131 1769 335 1823 namque
348 1752 497 1816 cisio,
522 1752 576 1807 in
600 1767 709 1823 quo
730 1759 856 1808 sunt
884 1750 1195 1816 luminaria,
1216 1750 1293 1805 ita
1315 1748 1527 1804 vicinus
1552 1755 1658 1814 est,

1764 1758 1981 1814 nomine
2016 1754 2261 1812 includit.
2289 1752 2408 1808 Non
2443 1753 2518 1806 ita
2546 1752 2601 1807 in
2627 1751 2986 1818 ﬁrmamento,
3013 1754 3107 1808 sed
3141 1769 3332 1808 secun-

127 1854 177 1900 ut
204 1855 253 1900 et
282 1845 384 1917 ipse
407 1844 523 1901 caeli
552 1858 748 1900 nomen
773 1844 1023 1914 accipiat.
1070 1840 1204 1897 Nam
1231 1855 1355 1897 eum
1383 1838 1578 1894 dicitur
1601 1839 1657 1893 in

125 1938 344 2006 psalmo:
367 1936 593 1992 Laudat:
611 1952 748 2000 eum,
784 1936 899 1991 caeli
935 1934 1181 1989 calorum
1221 1927 1394 2004 (Psal.
1432 1944 1657 1994 cnvnt,

121 2028 190 2097 4),
223 2026 348 2082 satis
371 2034 583 2099 apparet
608 2028 752 2082 hunc
776 2040 957 2081 aerem
984 2039 1092 2080 non
1118 2023 1292 2079 solum
1319 2022 1538 2089 coelum,
1564 2021 1658 2077 sed

118 2119 264 2173 etiam
302 2117 457 2173 cados
495 2118 622 2183 diei,
650 2118 789 2173 sicut
834 2117 1088 2172 dicuntur
1115 2123 1171 2170 et
1196 2124 1378 2182 terrm,
1403 2129 1526 2171 cum
1552 2129 1661 2169 una

116 2203 198 2258 sit.
240 2203 348 2259 llos
371 2204 525 2259 etiam
550 2217 739 2258 aereos
762 2202 931 2258 omlos
956 2200 1228 2271 quondam
1251 2201 1480 2271 periisse
1520 2199 1662 2256 dilu-

114 2294 212 2359 vio,
236 2292 289 2348 in
322 2292 540 2363 quadam
587 2306 773 2349 earum
804 2306 924 2362 quae
968 2289 1242 2347 canonica:
1282 2296 1662 2361 nuncupantur

110 2384 323 2453 epistola
360 2383 599 2456 legimus,
639 2383 781 2453 quod
806 2380 992 2437 nescio
1016 2378 1466 2451 quemadmodum
1492 2379 1663 2448 possit

110 2472 340 2546 intelligi,
366 2473 461 2529 nisi
505 2473 562 2529 in
609 2487 871 2543 aquarum
909 2478 1155 2526 naturam
1183 2469 1481 2541 pinguioris
1503 2466 1661 2538 hujus

107 2563 241 2619 aeris
282 2563 593 2632 qualitatem
636 2577 975 2618 conversam.
1035 2559 1329 2632 Oportebat
1362 2574 1491 2630 ergo
1516 2568 1575 2615 ut
1603 2559 1660 2614 in

100 2656 343 2711 creandis
388 2653 781 2711 habitatoribus
821 2653 1093 2709 inferioris
1125 2651 1283 2722 hujus
1310 2649 1495 2707 mundi
1536 2666 1663 2722 par-

102 2754 183 2818 tis,
227 2753 321 2824 qui
364 2766 500 2824 sepe
548 2760 711 2809 terra:
757 2752 976 2807 nomine
1021 2759 1136 2806 tota
1183 2756 1658 2814 commemoratur,

99 2843 239 2912 prius
278 2842 704 2915 producerentur
741 2855 806 2896 ex
837 2840 993 2911 aquis
1019 2838 1295 2905 animalia,
1320 2846 1509 2909 postea
1529 2852 1661 2894 vero

99 2932 159 2987 de
195 2928 364 2997 terra,
391 2939 443 2988 et
464 2931 609 3002 quod
653 2931 749 2997 ita,
781 2939 841 2985 ut
860 2929 975 2999 jam
1003 2943 1163 2999 supra
1186 2928 1442 2993 diximus,
1470 2927 1543 2981 sit
1567 2941 1661 2981 aer

99 3039 239 3092 aqua:
286 3022 495 3089 similis,
527 3031 589 3078 ut
626 3037 694 3078 ει
731 3020 848 3092 ejus
899 3020 1260 3077 halationibus
1304 3019 1661 3089 pinguescere

99 3217 237 3271 anae
284 3203 496 3274 reptilia
533 3204 835 3259 animarum
856 3203 1129 3269 Vivarum,
1163 3209 1219 3258 et
1258 3202 1543 3271 producat
1567 3216 1661 3255 aer

99 3297 327 3352 volatilia
351 3298 583 3353 volantia
614 3313 774 3377 super
813 3307 1048 3365 terram;
1102 3299 1197 3353 sed
1238 3306 1527 3366 utrumque
1558 3296 1661 3352 hoe

99 3390 442 3445 rnimantium
478 3406 648 3463 genus
674 3407 741 3447 ex
768 3392 923 3461 aquis
965 3390 1285 3463 productum
1315 3404 1434 3445 esse
1475 3404 1662 3444 narra-

99 3497 182 3533 ur.
216 3480 495 3551 Quidquid
519 3496 649 3553 ergo
681 3497 942 3551 aquarum
978 3481 1091 3537 sive
1131 3480 1370 3536 labiliter
1396 3479 1662 3534 undosum

100 3580 126 3625 ιι
152 3572 390 3628 fluidum
418 3582 522 3639 est,
547 3574 658 3629 sive
699 3573 1025 3644 vaporaliter
1045 3579 1321 3628 tenuatum
1348 3580 1511 3640 atque
1544 3586 1665 3627 sus-

100 3677 331 3726 ensum,
389 3670 453 3715 ut
475 3660 603 3716 illud
630 3662 931 3732 reptilibus,
953 3661 1057 3718 hoc
1086 3662 1387 3719 volatilibus
1411 3670 1664 3730 appareat

104 3751 458 3818 istributum,
508 3759 798 3822 utrumque
831 3759 1011 3806 tamen
1045 3752 1281 3809 humidae
1323 3760 1528 3808 naturae
1572 3751 1662 3807 de-

99 3851 323 3897 utatur.
350 3843 423 3898 Et
448 3843 570 3899 ideo
596 3853 720 3899 sunt
742 3844 833 3916 qui
859 3843 1209 3901 subtilissima
1234 3841 1665 3901 consideratione

99 3937 321 4006 uinque
354 3936 493 3993 istos
540 3937 783 4009 corporis
834 3952 1046 4002 sensus,
1095 3936 1390 3993 secundum
1433 3944 1667 4006 quatuor

99 4029 275 4083 sitata
331 4028 603 4085 elementa
645 4030 999 4101 distinguunt,
1045 4036 1103 4084 ut
1146 4028 1331 4085 oculos
1363 4030 1432 4084 ad
1465 4029 1663 4100 ignem,

99 4133 230 4172 ires
263 4118 340 4171 ad
366 4134 573 4186 aerem,
609 4135 801 4191 purum
829 4120 1011 4175 dicant
1051 4120 1360 4189 pertinere;
1386 4117 1667 4183 ‘olfactum

99 4217 248 4262 item
285 4206 361 4262 ad
391 4222 575 4263 aerem
613 4208 917 4274 humidum,
959 4217 1175 4281 gustum
1202 4224 1332 4264 vero
1367 4208 1435 4263 ad
1469 4223 1666 4279 corpu-

99 4306 241 4352 ntos
286 4297 578 4361 humores,
626 4305 831 4353 tactum
886 4299 953 4355 ad
1002 4298 1326 4355 elementum
1358 4306 1663 4364 terrenum;

150 4406 277 4461 per
308 4389 425 4444 hoc
457 4389 727 4445 elementa
778 4390 959 4446 omnia
1012 4390 1067 4446 in
1113 4391 1364 4447 omnibus
1406 4404 1547 4455 esse,
1574 4388 1668 4445 sed

100 4485 509 4554 numquodque
533 4498 719 4539 eorum
741 4500 807 4540 ex
829 4499 893 4540 eo
915 4484 1059 4554 quod
1082 4483 1309 4554 amplius
1333 4485 1497 4540 habet
1517 4499 1673 4540 acce-

99 4591 191 4631 ;se
258 4573 628 4630 vocabulum.
684 4575 809 4631 Ideo
862 4585 1043 4631 autem
1093 4576 1291 4633 caloris
1345 4577 1669 4648 privatione,

100 4688 163 4724 m
207 4685 444 4741 corpus
478 4669 645 4724 nimie
673 4668 934 4740 frigescit,
979 4670 1203 4726 obtundi
1247 4684 1496 4739 sensum;
1543 4673 1670 4743 quia

99 4769 236 4815 rtus
308 4759 591 4830 pigrescit
637 4761 728 4831 qui
759 4775 826 4815 ex
871 4760 1051 4815 calore
1082 4761 1224 4816 inest
1256 4761 1493 4832 corpori,
1542 4763 1669 4820 dum

99 4853 180 4907 iis
248 4865 500 4916 aerem,
554 4857 610 4905 et
660 4867 755 4906 aer
806 4852 1061 4921 humida,
1111 4862 1168 4909 et
1216 4853 1410 4909 humor
1456 4863 1672 4910 terrena

99 4956 301 5012 reque
355 4940 558 5006 aﬂicit,
606 4942 976 4999 subtilioribus
1019 4944 1225 5000 scilicet
1271 4944 1537 5001 crassiora
1581 4960 1671 5016 pe-

100 5032 455 5087 .rantibus.
498 5030 714 5099 Quanto
750 5042 928 5088 autem
959 5034 1195 5103 quidque
1227 5034 1476 5089 subtilius
1504 5042 1586 5088 est
1617 5033 1671 5088 in

99 5140 245 5179 uta
282 5123 606 5194 corporali,
634 5132 783 5179 tanto
815 5132 899 5179 est
926 5124 1155 5179 vicinius
1189 5132 1396 5179 naturre
1421 5123 1669 5193 spiritali.

99 5212 245 5265 ima
293 5217 506 5267 tamen
537 5211 627 5267 cui
656 5211 920 5266 sentiendi
952 5211 1033 5266 vis
1067 5212 1225 5277 inest,
1256 5225 1379 5264 eum
1414 5225 1673 5280 corporea

99 5318 114 5355 I
174 5299 323 5365 sit,
379 5312 496 5369 per
531 5302 781 5358 subtilius
818 5316 1012 5372 corpus
1054 5300 1221 5372 agitat
1263 5300 1502 5369 vigorem
1554 5313 1676 5354 sen-

1756 1849 1887 1906 dum
1913 1849 2331 1904 ﬁrmamentum.
2362 1843 2473 1899 Nec
2500 1844 2687 1915 ignoro
2706 1845 2965 1914 quosdam
2987 1845 3332 1916 philosophos

1742 1924 1857 1997 sua
1880 1939 2074 2008 cuique
2096 1936 2360 1993 elemento
2381 1935 2720 1990 distribuisse
2739 1935 3006 2002 animalia,
3031 1945 3092 1991 ut
3117 1945 3332 1993 terrena

1759 2045 1880 2086 esse
1905 2030 2142 2084 dicerent
2168 2030 2274 2082 non
2303 2033 2506 2081 tantum
2533 2040 2654 2095 qua:
2691 2024 2748 2080 in
2772 2033 2915 2080 terra
2944 2035 3139 2095 repunt
3168 2034 3331 2097 atque

1760 2120 2101 2193 gradiuntur,
2142 2118 2238 2174 sed
2271 2132 2399 2172 aves
2435 2116 2599 2171 etiam
2634 2115 2778 2185 quod
2816 2122 2873 2171 et
2914 2116 3043 2188 ipsa:
3089 2117 3145 2172 in
3186 2127 3331 2175 terra

1761 2212 2105 2282 requiescant
2142 2208 2372 2287 volando
2411 2205 2678 2278 fatigatae;
2717 2221 2877 2262 aerea
2910 2222 3040 2264 vero
3077 2207 3330 2264 animalia

1761 2305 2035 2361 daemones
2071 2316 2213 2367 esse,
2241 2299 2479 2356 caelestia
2520 2299 2670 2363 deos,
2709 2312 2937 2368 quorum
2971 2299 3186 2368 quidem
3234 2314 3333 2355 nos

1758 2393 1957 2466 partim
1990 2389 2305 2455 luminaria,
2352 2389 2550 2460 partim
2604 2388 2820 2458 angelos
2865 2388 3114 2444 dicimus.
3160 2389 3334 2460 Aquis

1762 2488 1945 2536 tamen
1986 2482 2164 2553 pisces
2209 2488 2266 2534 et
2310 2478 2394 2534 sui
2440 2477 2653 2549 generis
2705 2477 2912 2533 belluas
2959 2478 3220 2546 tribuunt,
3271 2491 3334 2536 ut

1758 2573 1966 2629 nullum
2012 2571 2338 2627 elementum
2385 2568 2498 2624 suis
2546 2567 2867 2625 animalibus
2912 2578 3084 2625 vacet.
3143 2572 3336 2627 Distri-

1759 2666 2001 2721 buuntur
2027 2661 2172 2717 enim
2208 2659 2471 2714 elementa
2518 2659 2584 2714 ad
2609 2659 2919 2729 patiendum
2963 2661 3091 2728 duo,
3137 2662 3334 2718 humor

1761 2766 1817 2815 et
1837 2758 2063 2822 humus;
2091 2754 2157 2809 ad
2181 2751 2483 2808 faciendum
2509 2759 2687 2806 autem
2708 2750 2812 2806 alia
2834 2752 2961 2819 duo,
2983 2768 3076 2809 aer
3097 2763 3151 2810 et
3172 2756 3333 2827 ignis.

1758 2850 1888 2906 Aer-
1912 2863 2145 2918 namque
2204 2861 2235 2902 a
2285 2845 2519 2901 mulinio
2564 2844 2817 2902 luminosi
2864 2847 2986 2904 caeli
3035 2864 3206 2919 usque
3266 2850 3332 2905 ad

1763 2956 2025 3013 aquarum
2052 2938 2212 2995 ﬂuida
2252 2947 2308 2993 et
2342 2940 2486 2993 nuda
2514 2944 2782 2994 terrarum
2812 2940 3074 3009 pervenit.
3111 2941 3226 2998 Non
3257 2951 3336 2997 ta-

124 3039 239 3092 (ιιιω
286 3027 495 3089 Similis,
527 3031 589 3078 ιιι
626 3037 694 3078 ει
731 3027 848 3092 eius
899 3027 1260 3077 Μιθιῖοηίδιιε
1304 3027 1661 3089 ρίηειιθεοθτθ
1708 3074 1719 3082 .
1763 3049 1891 3090 ωειι
1914 3040 2086 3088 totum
2110 3030 2341 3102 spatium
2359 3027 2477 3099 ejus
2516 3029 2889 3086 exhalationes
2924 3031 3157 3088 humida:
3187 3034 3335 3089 infu-

124 3114 362 3167 τοδεῑιιν·
405 3112 483 3169 Λα
509 3127 609 3182 De?
634 3113 738 3168 1100
777 3126 883 3167 που
914 3111 1175 3182 scripuli“
1201 3118 1285 3166 εει
1311 3127 1325 3162 ³
1353 3107 1661 3165 Ρτοάυοθηῑ
1685 3090 1737 3157 c
1763 3131 1937 3182 scant.
1955 3122 2050 3179 sed
2068 3135 2240 3182 usque
2266 3129 2333 3174 ad
2351 3135 2475 3175 eum
2498 3120 2657 3175 tinem
2679 3119 2820 3175 unde
2846 3120 3035 3182 incipit
3053 3120 3165 3182 jam
3190 3132 3335 3180 terra

99 3125 362 3180 probetur.
405 3125 483 3169 Ae
509 3127 609 3183 per
635 3125 738 3168 hoc
777 3126 883 3167 non
914 3125 1175 3182 scriptum
1201 3125 1285 3166 εει
1311 3127 1325 3162 :
1355 3125 1635 3165 rrouucan

1763 3131 1937 3190 scant,
1955 3122 2050 3179 sed
2068 3135 2240 3191 usque
2266 3129 2333 3174 ad
2351 3135 2475 3175 eum
2498 3120 2657 3175 tinem
2679 3119 2820 3175 unde
2846 3120 3035 3191 incipit
3053 3120 3165 3190 jam
3190 3132 3336 3180 terra

1763 3196 2051 3277 nominari,
2074 3210 2214 3266 sicut
2236 3209 2288 3263 in
2314 3207 2543 3279 psalmo,
2560 3206 2795 3262 Laudate
2807 3208 3089 3265 Dominum
3110 3212 3174 3267 de
3193 3221 3335 3270 terra

1764 3303 1938 3376 (Psal.
1965 3317 2183 3365 CXLVIII,
2214 3298 2289 3372 7).
2350 3298 2610 3369 Superior
2634 3314 2763 3356 vero
2788 3315 2915 3369 pars
2951 3303 3092 3358 aeris
3115 3311 3335 3373 propter

1761 3411 1954 3468 puram
1972 3391 2416 3462 tranquillitatem
2434 3389 2573 3446 cmlo
2593 3390 2678 3445 cui
2703 3390 3042 3457 conlimatur,
3060 3395 3334 3450 communi

1760 3500 1894 3558 pace
1913 3482 2270 3554 coniungitur,
2286 3489 2341 3536 et
2359 3478 2475 3548 ejus
2496 3480 2758 3537 vocabulo
2779 3492 3255 3553 connuncupatur;
3279 3486 3337 3541 in

1763 3590 1870 3646 qua
1898 3561 2146 3630 fortassis
2175 3579 2348 3642 parte,
2373 3572 2418 3627 si
2448 3570 2667 3626 fuerunt
2695 3581 2821 3627 ante
2855 3574 3339 3645 transgressionem

1764 3683 1918 3725 suam
1950 3675 2373 3739 transgressores
2417 3662 2592 3734 angeli
2621 3678 2742 3719 cum
2771 3663 3013 3734 principe
3045 3680 3166 3729 suo,
3193 3648 3338 3723 nunc

1764 3755 1977 3814 diabolo
2000 3761 2129 3808 tunc
2153 3751 2497 3822 archangelo,
2530 3751 2767 3806 nonnulli
2792 3752 2961 3808 nostri
3012 3768 3107 3811 eos
3146 3763 3340 3825 putant

1765 3845 2011 3903 caelestes
2032 3842 2117 3899 vel
2157 3854 2317 3912 super
2373 3841 2620 3897 cmlestes
2667 3841 2886 3913 angelos
2950 3840 3118 3900 fuisse
3165 3859 3180 3899 :
3230 3861 3337 3903 non

1764 3938 1963 3993 mirum
1998 3935 2044 3991 si
2077 3941 2199 4006 post
2222 3940 2500 4003 peccatum
2538 3932 2591 3986 in
2630 3932 2788 3988 istam
2818 3941 2942 3988 sunt
2967 3933 3171 3991 detrusi
3206 3937 3339 3992 cali-

1766 4029 1966 4101 ginem.
1996 4024 2099 4081 Ubi
2126 4033 2304 4079 tamen
2329 4030 2384 4078 et
2411 4037 2505 4078 aer
2531 4022 2604 4078 sit
2637 4031 2693 4077 et
2715 4023 2941 4079 humore
2977 4025 3126 4080 tenui
3155 4036 3342 4083 conte-

1767 4127 1945 4183 ratur,
1957 4116 2048 4186 qui
2064 4122 2362 4172 commotus
2374 4122 2563 4169 ventos
2581 4121 2637 4170 et
2651 4116 3019 4171 vehementius
3038 4118 3343 4176 concitatus

1768 4211 1932 4268 etiam
1981 4206 2151 4277 ignes,
2196 4213 2249 4260 et
2287 4212 2600 4260 contractus
2643 4204 2847 4271 nubila,
2883 4213 2939 4261 et
2974 4207 3342 4279 conspissatus

1768 4302 2029 4373 pluviam,
2076 4307 2131 4355 et
2171 4299 2576 4368 congelantibus
2622 4299 2822 4356 nubilis
2848 4301 3048 4368 nivem,
3074 4310 3130 4357 et
3154 4303 3343 4357 turbu-

1774 4394 1971 4449 lentius
1990 4391 2397 4464 congelantihus
2424 4391 2766 4448 densioribus
2789 4394 2986 4451 nubilis
3006 4395 3343 4466 grandinem,

1773 4494 1829 4542 et
1872 4483 2140 4540 distentus
2186 4496 2437 4537 serenum
2485 4480 2656 4548 facit,
2721 4482 2950 4539 occultis
3004 4483 3245 4554 imperiis
3291 4490 3350 4539 et

1771 4591 1935 4646 opere
1955 4574 2049 4629 Dei
2078 4588 2110 4627 a
2139 4572 2367 4628 summis
2400 4572 2467 4627 ad
2497 4571 2681 4627 intima
2712 4560 2961 4628 universa
2990 4589 3111 4644 quae
3142 4574 3350 4630 creavit

1773 4663 2225 4724 administrantis.
2278 4662 2384 4719 Sed
2420 4670 2482 4718 ut
2517 4662 2631 4732 jam
2681 4663 2936 4729 diximus,
2973 4679 3067 4720 aer
3102 4680 3171 4721 ex
3208 4679 3350 4735 aqua

1773 4762 1853 4827 ﬁt,
1884 4762 1940 4815 in
1970 4774 2095 4816 aere
2118 4757 2266 4815 enim
2293 4755 2530 4811 volatilia
2559 4755 2682 4811 εωιί
2709 4755 3030 4822 consistunt,
3059 4755 3200 4811 unde
3221 4772 3352 4813 aves

1773 4852 1896 4908 εωιί
1940 4850 2302 4911 nominamus,
2334 4856 2388 4903 et
2424 4836 2703 4901 daemones
2735 4845 2792 4900 in
2830 4859 2955 4901 aere
2988 4844 3235 4902 habitare
3269 4847 3352 4902 di-

1773 4951 1988 5006 cuntur,
2019 4948 2076 4996 et
2104 4946 2390 5011 propterea
2421 4952 2514 4992 eos
2541 4934 2731 4993 suﬂ'ert
2758 4950 2852 4992 aer
2890 4935 3188 5001 sustinere,
3220 4936 3348 5006 quia

1773 5049 1988 5091 aeream
2034 5032 2324 5102 imaginem
2373 5037 2616 5095 utuntur,
2665 5035 2723 5084 et
2772 5027 2965 5085 exinde
3032 5028 3355 5100 impugnant

1774 5118 2068 5177 humanum
2093 5135 2283 5191 genus,
2305 5119 2431 5189 quia
2459 5119 2640 5174 statim
2661 5119 2879 5189 quando
2903 5119 3073 5174 creati
3108 5117 3348 5186 fuerunt,

1773 5212 1842 5268 de
1880 5220 2170 5281 conspectu
2209 5210 2305 5266 Dei
2352 5209 2579 5280 projecti
2630 5220 2775 5264 sunt.
2822 5209 2975 5265 Unde
3000 5208 3249 5264 Salvator
3296 5212 3350 5265 in

1777 5302 2067 5374 Evangelio
2097 5303 2215 5357 ait:
2258 5299 2373 5355 Vidi
2396 5300 2655 5356 Satanam
2689 5301 2824 5355 sicut
2863 5298 3044 5370 fulgur
3080 5300 3350 5355 cadentem

99 5393 235 5449 udi.
302 5389 509 5447 Habet
553 5391 735 5463 itaque
778 5401 983 5447 motum
1030 5393 1084 5446 in
1130 5390 1380 5446 omnibus
1428 5389 1678 5445 sensibus
1777 5393 1843 5448 de
1863 5391 2011 5447 εωιο.
2044 5389 2312 5461 Uhijuste
2331 5390 2594 5461 quaeritur
2617 5388 2886 5460 quomodo
2912 5388 3108 5446 cadere
3130 5388 3353 5454 dicitur,

148 5482 591 5541 subtilitatem
626 5483 786 5554 ignis,
817 5484 909 5539 sed
937 5498 1042 5537 non
1073 5483 1127 5563 in
1161 5480 1410 5536 omnibus
1438 5478 1505 5536 ad
1534 5480 1675 5536 idem

99 5575 338 5633 venit.
404 5573 478 5630 In
522 5575 644 5629 visu
688 5575 832 5629 enim
899 5574 1143 5644 pervenit
1192 5586 1439 5644 represso
1496 5572 1676 5630 calore

138 5688 493 5758 August.,
519 5685 616 5742 lib.
648 5702 706 5742 ιιι
734 5686 802 5743 de
822 5684 1019 5741 Genesi
1051 5686 1121 5743 ad
1140 5684 1267 5753 litt.,
1297 5700 1348 5741 c.
1377 5683 1400 5738 l
1434 5699 1584 5755 seqq.

501 5780 771 5841 Paraon.
811 5777 1031 5841 XCVI.

1780 5483 1827 5541 si
1856 5498 1964 5538 non
2003 5482 2172 5537 stetit.
2224 5479 2332 5536 Sed
2359 5480 2657 5545 sciendum,
2687 5480 2815 5552 quia
2850 5494 2957 5536 non
2988 5474 3347 5549 perseveravit

1781 5574 1836 5630 in
1863 5570 2136 5631 consortio
2157 5580 2469 5630 sanctorum
2491 5570 2803 5644 angelorum
2829 5583 2843 5625 :
2866 5569 2962 5626 sed
2980 5568 3163 5626 statim
3192 5579 3351 5637 quam

2841 5764 2920 5825 36
