3950 6312
548 393 702 448 ’ἭΞΙ
1353 406 1366 415 ·
2045 387 2158 442 Ἥ(

2274 385 2333 440 DI
3683 373 3814 431 ἠεξ

577 509 682 565 cito
708 507 944 578 seipsum
993 505 1203 576 aspexit
1249 504 1304 557 in
1350 502 1594 557 claritate
1631 499 1758 568 'Det,
1789 503 1962 558 erexit
2004 515 2062 556 se
2093 499 2148 552 in
2175 500 2222 558 Ἀ
2249 509 2414 565 super
2435 497 2729 564 prudentes
2758 491 2963 546 fundati
2991 499 3134 546 sunt.
3170 485 3324 546 Viva:
3361 489 3554 578 itaque
3581 502 3734 578 aqua:
3753 489 3798 542 di

575 599 912 672 superbiam,
942 603 996 651 et
1045 595 1180 650 dixit
1207 611 1220 647 :
1246 592 1537 646 Ascendam
1577 598 1632 646 in
1655 591 1858 658 calum,
1905 599 1951 646 et
1987 605 2147 660 supra

577 702 724 746 astra
771 689 883 744 cmli
932 685 1172 742 exaltabo
1214 683 1403 738 solium
1444 699 1636 747 meum,
1664 682 1847 736 sedebo
1885 682 1940 736 in
1976 691 2150 734 monte

575 783 876 840 testamenti
907 781 963 834 in
985 779 1234 833 lateribus
1269 777 1550 849 aquilonis,
1583 777 1860 831 ascendam
1887 793 2044 846 super
2071 774 2151 829 al-

574 873 855 928 titudinem
871 868 1106 932 nubium,
1131 865 1320 920 similis
1345 882 1433 920 ero
1455 865 1722 919 Altissimo
1749 865 1883 936 (Isa.
1908 880 2020 929 xw,
2038 862 2148 935 14).

579 963 648 1017 Ει
682 962 863 1017 statim
898 957 1172 1028 proiectus
1197 964 1280 1011 est
1307 956 1374 1010 de
1411 955 1693 1010 altitudine
1719 953 1842 1010 cadi
1889 954 1942 1008 in
1969 968 2150 1008 aerem

560 1068 703 1108 ~cum
727 1031 976 1106 omnibus
1001 1047 1322 1104 satellitibus
1342 1045 1476 1111 suis,
1499 1046 1623 1114 quia
1656 1060 1761 1099 non
1789 1052 2153 1112 persteterunt

579 1146 636 1199 in
663 1143 846 1198 divino
885 1153 1090 1204 amore,
1117 1138 1256 1193 sicut
1307 1135 1381 1191 illi
1432 1135 1524 1205 qui
1576 1135 1771 1188 ﬁrmati
1823 1141 1969 1199 sunt,
2004 1141 2064 1186 ut
2108 1131 2151 1186 si

586 1233 752 1290 velint
785 1246 1033 1305 peccare,
1061 1245 1169 1284 non
1203 1227 1434 1299 possint,
1473 1226 1598 1296 quia
1643 1225 1745 1294 ipsi
1790 1225 1844 1278 in
1877 1223 2156 1294 principio

577 1325 857 1398 proprium
906 1323 1190 1378 arbitrium
1235 1321 1543 1376 habuerunt
1577 1319 1716 1370 sicut
1757 1331 1927 1386 genus
1967 1315 2156 1369 huma-

582 1436 711 1476 num
758 1417 981 1474 videtur~
997 1417 1217 1472 habere.
1240 1414 1326 1468 illi
1367 1423 1546 1467 autem
1577 1411 1642 1465 de
1683 1408 1901 1480 proprio
1931 1408 2156 1462 arbitrio

579 1509 736 1580 lapsi,
765 1508 1087 1564 sententiam
1125 1505 1221 1561 Dei
1254 1512 1593 1574 acceperunt,
1639 1511 1700 1558 ut
1729 1503 1774 1558 si
1807 1503 1973 1556 velint
1999 1517 2158 1571 repa-

583 1601 716 1667 rari,
748 1615 856 1654 non
887 1599 1112 1670 possint.

652 1693 720 1746 ο.
770 1691 969 1745 Iterum
995 1688 1128 1742 dixit
1153 1686 1316 1750 Deus,
1357 1685 1446 1738 ille
1483 1685 1548 1738 ab
1573 1684 1721 1738 initio
1765 1683 2026 1737 homicida
2054 1681 2155 1752 fuit

581 1793 629 1838 et
674 1783 730 1836 in
758 1782 968 1836 ueritate
1007 1794 1111 1832 non
1134 1777 1272 1830 stetit
1300 1775 1482 1829 (Joan.
1509 1790 1627 1838 vin,
1673 1772 1784 1842 44).
1827 1770 1936 1826 Cur
1979 1771 2154 1827 homi-
2187 1821 2194 1828 .

585 1871 704 1926 cida
717 1871 742 1924 ?

659 1960 736 2015 Μ.
785 1959 922 2027 Quia
967 1956 1202 2026 primum
1243 1954 1413 2010 Adam
1461 1951 1723 2022 iugulavit
1767 1951 1819 2006 in
1850 1951 2156 2023 paradiso,

555 2079 563 2091 ’
586 2052 802 2124 quando
821 2065 980 2122 poma
1002 2050 1160 2104 edere
1183 2047 1374 2112 suasit,
1395 2047 1532 2101 etde
1553 2045 1956 2100 immortalitate
1977 2042 2161 2116 [Forte

582 2135 898 2216 immortali]
928 2141 1103 2197 factus
1137 2152 1220 2195 cst
1243 2139 1519 2202 mortalis,
1558 2146 1615 2192 et
1649 2145 1935 2208 propterea
1974 2137 2160 2191 huma-

585 2252 714 2292 num
743 2249 913 2306 genus
931 2247 1103 2304 usque
1128 2233 1195 2287 ad
1217 2233 1500 2287 adventum
1529 2229 1568 2285 S
1584 2229 1823 2284 .lvatoris
1840 2227 2124 2298 iugulavit.

656 2327 724 2383 D.
760 2325 1039 2394 Quomodo
1069 2325 1122 2378 in
1159 2323 1384 2377 veritate
1422 2337 1528 2376 non
1551 2320 1740 2374 stetit?

662 2419 742 2474 Μ.
801 2418 938 2486 Quia
987 2432 1098 2472 non
1157 2415 1355 2470 meruit
1401 2413 1676 2482 accipere,
1729 2412 1873 2482 quod
1931 2410 1980 2464 ei
2035 2426 2161 2480 pro-

569 2508 811 2565 missum
841 2507 1050 2571 fuerat,
1085 2513 1146 2560 ut
1179 2521 1302 2560 cum
1331 2511 1572 2560 creatore
1612 2517 1712 2557 suo
1742 2501 1795 2555 in
1827 2507 2159 2570 perpetuum

555 2616 708 2656 4mm
754 2598 975 2669 reliquis
1017 2595 1222 2666 angelis
1267 2593 1680 2665 permansisset;
1739 2592 1832 2646 sed
1889 2589 2162 2660 projectus

581 2700 668 2749 est
693 2693 748 2746 in
775 2700 974 2747 terram
1011 2704 1133 2744 cum
1162 2688 1294 2742 suis.
1324 2687 1426 2742 Ubi
1463 2686 1580 2740 sine
1607 2684 1768 2739 dubio
1801 2699 2016 2755 poenam
2061 2698 2159 2754 pa-

584 2783 795 2840 tiuntur
817 2821 832 2848 ,
875 2781 1001 2852 quia
1031 2781 1086 2835 in
1111 2794 1235 2834 aere
1267 2777 1406 2848 ignis
1450 2777 1694 2832 sidereus
1720 2776 1800 2830 eis
1827 2775 2156 2836 dominatur,

581 2883 640 2932 et
663 2875 764 2931 sibi
797 2889 898 2946 pro
918 2885 1116 2944 genere
1142 2885 1242 2926 suo
1267 2869 1421 2939 quasi
1451 2867 1670 2939 quidam
1712 2882 1902 2923 carcer
1930 2868 2158 2938 deputa-

559 2975 674 3023 —tus
703 2975 803 3032 est,
834 2977 1112 3034 quousque
1152 2962 1335 3018 veniat
1379 2969 1590 3030 tempus
1613 2961 1719 3018 diei
1761 2958 1986 3029 iudicii,
2021 2961 2160 3016 utin

561 3059 765 3129 rignem
788 3057 1070 3112 mittantur
1091 3060 1374 3110 aeternum.
1412 3053 1702 3124 Sequitur:

657 3147 962 3218 Creavitque
1004 3145 1146 3201 Deus
1191 3154 1298 3200 cete
1328 3144 1553 3217 grandia
1599 3153 1648 3199 et
1689 3159 1891 3198 omnem
1927 3143 2157 3198 animam

578 3239 831 3292 uiuentem
859 3244 1012 3306 atque
1037 3233 1336 3290 motabilem
1357 3275 1374 3300 ,
1423 3251 1579 3305 quam
1617 3234 1967 3305 produxerant
1993 3249 2162 3306 aqum
2189 3227 2235 3288 C

585 3329 643 3382 in
691 3327 884 3398 species
934 3343 1058 3382 suas
1099 3335 1147 3380 et
1191 3341 1342 3380 omne
1389 3323 1594 3379 volatile
1631 3323 1791 3395 juxta
1820 3339 1982 3394 genus
2004 3337 2158 3376 suum

585 3416 743 3488 (Gen.
771 3433 820 3482 ι,
844 3417 960 3489 21).

657 3507 726 3562 D.
757 3505 930 3562 Nosce
949 3505 1107 3576 cupio
1125 3504 1338 3575 quando
1355 3503 1563 3559 minimi
1583 3503 1761 3573 pisces
1786 3501 2160 3566 vel-animalia,

593 3597 712 3653 sive
751 3597 1032 3652 vermiculi
1059 3611 1198 3666 quos
1230 3594 1511 3666 Scriptura
1543 3609 1651 3649 non
1697 3594 1964 3659 meminit,
1991 3593 2163 3650 creati

556 3688 832 3743 -l‘uerunt.
881 3687 950 3740 Et
972 3687 1100 3740 dum
1129 3685 1272 3740 ratio
1309 3684 1628 3754 inquirenda
1655 3691 1739 3738 est
1773 3683 1840 3738 ab
1879 3683 2165 3754 elephanto

591 3779 830 3834 maximo
877 3791 1048 3845 usque
1085 3777 1153 3831 ad
1185 3774 1542 3831 vermiculum
1587 3773 1868 3828 minimum
1909 3775 2053 3830 unde
2081 3788 2164 3828 ve-

587 3868 764 3932 niant,
789 3868 916 3922 dum
945 3866 1224 3936 Scriptura
1242 3866 1332 3921 hic
1357 3864 1491 3920 nihil
1515 3862 1791 3918 indicavit.

665 3958 742 4014 Μ.
795 3958 1200 4030 Intelligendum
1245 3957 1390 4012 enim
1429 3966 1546 4023 est,
1593 3957 1736 4024 quod
1764 3953 1976 4026 quando
2021 3955 2164 4012 Deus

589 4048 858 4120 separavit
879 4063 1048 4118 aquas
1069 4049 1138 4103 ab
1160 4047 1336 4118 aquis,
1361 4053 1488 4102 tunc
1524 4047 1746 4100 minima
1771 4047 2023 4102 animalia
2045 4062 2165 4116 quae

589 4143 658 4196 de
707 4139 862 4210 aquis
889 4138 1214 4206 elliciuntur,
1266 4139 1320 4194 in
1357 4137 1488 4209 ipsis
1519 4137 1674 4208 aquis
1711 4147 1904 4193 natura
1939 4138 2163 4194 illorum

589 4229 952 4294 consistebat;
984 4237 1036 4283 et
1063 4228 1138 4284 illi
1166 4243 1378 4284 vermes
1397 4229 1490 4298 qui
1504 4227 1567 4282 in
1591 4229 1904 4298 corporibus
1924 4238 2164 4285 mortuo-

588 4337 711 4376 rum
731 4329 878 4387 sunt,
907 4324 958 4376 in
988 4321 1119 4392 ipsis
1145 4321 1463 4390 corporibus
1481 4336 1668 4377 eorum
1699 4321 1901 4376 habent
1921 4321 2159 4393 vigorem

569 4413 868 4478 nascendi,
894 4421 950 4468 et
975 4413 1156 4482 pisces
1175 4413 1241 4468 de
1267 4411 1422 4482 aquis
1452 4421 1828 4483 procreantur,
1860 4411 1986 4468 dum
2009 4411 2159 4468 dicit.

591 4501 894 4557 Producant
917 4518 1067 4574 aqum
1090 4503 1270 4574 reptile
1289 4503 1481 4558 animm
1505 4503 1715 4558 viventis

2249 592 2444 639 cuntur
2490 582 2599 648 illi,
2639 581 2765 650 quia
2801 588 3106 635 sustentant
3141 593 3238 634 eos
3261 593 3398 648 quos
3428 575 3728 630 inferiores
3750 579 3812 629 vd

2250 671 2576 727 inﬁrmiores
2615 685 2674 725 se
2715 683 2836 724 esse
2865 671 3236 738 conspicmnt,
3287 667 3414 738 quia
3443 674 3722 736 quantum
3751 675 3815 720 est

2250 764 2394 820 inter
2413 766 2596 818 lunam
2619 769 2672 817 et
2697 761 2874 818 sidera
2896 761 3040 827 cteli,
3063 769 3271 816 tantum
3306 769 3391 815 est
3415 761 3575 814 inter
3595 767 3813 814 sancta-
3917 747 3919 760 ’

2247 856 2626 919 rusticitatem,
2653 861 2708 909 et
2740 862 2980 908 sanctam
3009 852 3428 922 simplicitatem.
3461 849 3764 921 Sequitur:

2320 944 2694 1012 Benedixitque
2721 945 2796 999 eis
2819 945 3048 998 dicens:
3081 945 3306 998 Crescite
3337 954 3388 998 et
3406 944 3813 1013 multiplica-riui

2231 1049 2300 1094 et
2331 1041 2518 1110 replete
2544 1055 2710 1108 aquas
2743 1040 2906 1090 maris
2929 1035 3083 1107 (Gen.
3111 1053 3152 1100 t,
3189 1035 3302 1107 2‘2).

2327 1127 2392 1182 ο.
2448 1127 2626 1195 Quare
2668 1127 2768 1182 ista
2802 1127 3057 1180 animalia
3109 1126 3557 1182 benedictionem
3602 1128 3813 1198 accipere

2253 1225 2570 1274 meruerunt
2595 1220 2746 1272 sicut
2778 1225 2834 1272 et
2853 1219 3016 1274 homo
3033 1218 3059 1273 2

2326 1307 2403 1362 ΙΙ.
2439 1310 2497 1364 Id
2521 1317 2623 1375 est,
2649 1317 2709 1364 ut
2735 1306 3740 1380 intelligamus-istambenedictionem
3771 1313 3812 1365 ia

2232 1401 2466 1456 caneris
2491 1401 2814 1456 animalibus
2841 1415 3186 1474 permanere.

2325 1491 2552 1560 Avesque
2580 1489 2992 1562 multiplicemur
3033 1507 3192 1562 super
3227 1501 3436 1546 terram
3476 1503 3534 1547 et
3574 1491 3735 1563 {actas
3755 1502 3810 1547 ea

2239 1599 2459 1654 “uespere
2488 1590 2533 1636 et
2571 1599 2722 1636 mane
2745 1582 2855 1636 dies
2887 1582 3120 1652 quintus.

2334 1690 2686 1748 ’lNClPlUNT
2723 1691 3182 1760 QUASSTIONES
3215 1695 3308 1749 DE
3349 1693 3467 1748 DIE
3509 1693 3728 1750 SEXTA

2327 1784 2472 1839 Dixit
2489 1799 2689 1856 quoque
2705 1783 2862 1846 Deus,
2883 1783 3156 1839 Producat-
3170 1793 3312 1838 terra
3335 1785 3586 1839 animum
3609 1787 3812 1841 dm

2181 1863 2230 1927 Β
2258 1878 2312 1931 in
2334 1894 2516 1948 genere
2542 1894 2636 1931 suo
2656 1917 2672 1942 ,
2705 1877 2949 1948 jumenta
2993 1889 3043 1932 et
3079 1879 3370 1950 'reptilia'et
3417 1881 3623 1934 bestias
3661 1891 3810 1943 tem,

2259 1965 2542 2020 secundum
2564 1967 2756 2040 species
2773 1985 2896 2024 suos
2919 1986 2938 2024 :
2961 1969 3253 2040 factumque
3276 1981 3354 2024 est
3377 1971 3466 2026 ita
3484 1969 3647 2040 (Gen.
3669 1988 3708 2034 ί.
3723 1971 3808 2041 ξιιμ

2893 2078 3114 2117 Αιιιιιοει
3122 2077 3203 2118 US.

2331 2147 2398 2202 D.
2439 2149 2796 2216 Qtuureudum
2821 2151 2999 2206 ‘nobis
3032 2159 3116 2207 est
3157 2151 3204 2206 si
3241 2152 3344 2206 ista
3369 2154 3654 2208 “animalia
3686 2169 3810 2210 reue-

2256 2260 2390 2299 nosa
2439 2245 2491 2299 in
2521 2246 2784 2314 principio
2819 2248 3246 2316 quando-creata
3266 2258 3428 2305 sunt.
3460 2266 3723 2306 venenum
3743 2250 3811 2304 Ia-

2260 2336 2492 2388 buerunt
2518 2335 2656 2388 sicut
2683 2353 2846 2390 nunc.

2333 2423 2408 2476 Μ.
2453 2425 2563 2478 ilac
2609 2426 2799 2494 procul
2840 2427 3003 2482 dubio
3029 2427 3311 2484 sciendum
3339 2430 3476 2498 quia
3548 2431 3683 2485 sicut
3712 2441 3815 2483 tunc

2260 2524 2443 2572 creata
2463 2515 2696 2577 fuerunt,
2710 2515 3174 2587 "ita-permaneat;
3193 2521 3504 2575 sed-tamen
3519 2522 3574 2576 in
3588 2521 3818 2591 principio

2259 2605 2488 2660 necandi
2533 2623 2640 2662 non
2671 2607 2974 2664 habuerunt
3017 2617 3367 2680 potestatem,
3393 2624 3422 2653 ι
3453 2613 3598 2666 sicut
3617 2612 3820 2680 probare

2246 2711 2548 2766 possumus
2593 2697 2662 2753 de
2717 2699 3079 2768 serpentibus.
3137 2698 3368 2767 Quando
3419 2701 3598 2770 vipera
3645 2701 3826 2754 invasit

2262 2803 2478 2842 manum
2499 2787 2666 2842 Pauli
2692 2829 2708 2854 ,
2751 2797 2806 2844 et
2839 2789 2974 2850 nihil
2999 2789 3304 2856 eitnocuit,
3351 2791 3489 2861 quia
3529 2798 3825 2860 potantem

2260 2881 2446 2936 habuit
2472 2881 3030 2946 invadendi,-uocendi
3062 2889 3242 2936 autem
3264 2897 3376 2936 non
3411 2883 3605 2938 habuit
3623 2890 3825 2952 potesta-

2261 2981 2391 3027 tem.
2426 2971 2688 3026 Similiter
2721 2973 2787 3026 de
2826 2971 3017 3028 bestiis
3054 2973 3272 3042 quando
3301 2973 3499 3026 Daniel
3528 2973 3722 3027 missus
3745 2970 3826 3023 fuit

2260 3063 2314 3118 in
2362 3063 2536 3118 lacum
2575 3062 2815 3130 leonum,
2845 3069 2982 3118 tunc
3015 3063 3198 3118 leones
3224 3062 3354 3117 nihil
3399 3063 3484 3118 illi
3509 3071 3824 3120 nocuerunt:

2262 3164 2663 3226 autpropterea
2699 3155 2799 3210 ista
2825 3153 3078 3210 animalia
3106 3169 3374 3211 venenosa
3415 3165 3611 3210 creata
3635 3153 3827 3209 fuerat

2265 3250 2332 3304 ad
2356 3247 2668 3302 terrendum
2695 3246 2993 3313 hominem,
3012 3261 3174 3316 quem
3199 3247 3342 3301 Deus
3367 3247 3704 3316 praesciebat
3725 3259 3828 3314 pre

2263 3349 2479 3396 cautem
2497 3379 2513 3404 ,
2539 3344 2599 3392 ut
2637 3337 2958 3405 intelligeret
2981 3353 3172 3408 pinnas
3189 3337 3538 3404 infer-nales,
3581 3338 3706 3408 quia
3722 3335 3826 3390 alii

2263 3431 2393 3486 dicit
2422 3443 2438 3484 :
2483 3428 2694 3484 Vermes
2723 3445 2904 3483 eorum
2935 3445 3042 3483 non
3073 3429 3396 3490 moriuntur,
3429 3438 3486 3482 et
3511 3429 3652 3498 ignis
3675 3438 3827 3480 eam

2264 3538 2368 3576 non
2390 3517 2960 3590 exstinguitura(Marc.
2987 3533 3042 3574 ιι
3059 3558 3076 3584 ,
3099 3517 3192 3590 44)
3219 3559 3232 3570 .
3260 3520 3630 3588 quamobrem
3670 3516 3828 3570 hosti:

2265 3612 2407 3668 inter
2428 3627 2488 3667 se
2528 3611 2847 3680 semetipsas
2887 3619 3166 3674 nocerent,
3204 3614 3332 3664 dum
3357 3611 3430 3666 de
3453 3609 3710 3680 originali
3730 3619 3827 3678 pec-

2265 3710 2388 3760 cato
2411 3716 2518 3757 non
2537 3701 2746 3756 habent
2764 3700 2906 3756 unde
2937 3701 3018 3756 eis
3043 3699 3280 3756 vindicta
3295 3700 3613 3755 tribuatur.

2899 3807 3212 3848 Αιιιιιιοεῐυε.

2704 3863 2784 3918 De
2835 3864 3096 3918 creatione
3145 3863 3394 3918 hominis.

2338 3954 2406 4008 Et
2436 3953 2560 4010 sidit
2595 3953 2730 4008 Deus
2767 3953 2908 4025 quod
2944 3963 3074 4007 esset
3113 3953 3301 4007 bonum
3335 3963 3383 4007 et
3414 3954 3493 4008 ait
3519 3967 3537 4008 :
3571 3952 3832 4008 Faciatur

2265 4045 2526 4098 hominem
2570 4045 2640 4098 ad
2668 4045 2948 4114 imaginem
2978 4053 3026 4098 et
3062 4043 3460 4098 similitudinem
3497 4053 3758 4098 nostra.
3779 4040 3832 4094 Et

2263 4125 2385 4206 fecit
2417 4135 2556 4190 Deus
2585 4135 2846 4190 hominem
2873 4134 2944 4188 ad
2970 4134 3252 4205 imaginem
3277 4133 3376 4188 Dei
3399 4131 3564 4206 (Gen.
3595 4151 3644 4198 ι,
3670 4133 3772 4202 ‘26}.

2337 4229 2408 4284 Β.
2455 4230 2566 4284 Hoc
2587 4229 2824 4300 primum
2864 4228 3102 4284 breviter
3134 4227 3364 4283 dicimus
3393 4242 3506 4281 non
3542 4225 3836 4282 indideru-

2265 4328 2352 4374 ter
2374 4318 2765 4388 accipiendum,
2791 4319 2934 4388 quod
2957 4317 3016 4371 in
3038 4316 3159 4372 aliis
3183 4317 3441 4386 operibus
3465 4317 3700 4380 dicitur,
3721 4314 3835 4368 dixit

2267 4411 2428 4476 Deus,
2456 4409 2603 4475 Fiat,
2632 4409 2722 4464 hic
2751 4419 2932 4464 autem
2959 4407 3094 4463 dixit
3119 4407 3282 4476 Deus,
3320 4406 3648 4465 Faciamus.

2339 4501 2417 4556 Μ.
2441 4502 2470 4541 δ
2495 4501 2578 4557 Ad
2604 4499 3013 4566 insinuandum,
3055 4508 3115 4554 ut
3141 4500 3214 4554 ita
3244 4500 3446 4564 dicam,
3471 4500 3838 4570 .pluralitatau

641 4591 728 4646 .I).
759 4591 818 4647 Si
841 4569 980 4663 aqua
1001 4569 1216 4664 tegebat
1247 4601 1468 4660 terram,
1492 4607 1562 4648 an
1589 4601 1730 4649 terra
1757 4607 1954 4651 aauam
1975 4609 2158 4666 (1113380
2193 4569 2238 4628 θ
2255 4606 2642 4664 personarum,
2667 4599 2899 4662 propter
2930 4590 3149 4647 Patcem
3177 4600 3230 4646 et
3271 4589 3474 4645 Filium
3490 4569 3558 4646 et
3590 4592 3837 4663 Spiritu-

589 4689 650 4736 ut
683 4681 854 4738 dicas.

661 4773 738 4827 Μ.
769 4773 922 4844 Aqua
947 4775 1159 4846 tegebat
1184 4782 1414 4842 terram;
1440 4776 1592 4844 quasi
1627 4775 1806 4846 aliqua
1845 4791 1970 4846 pars
1998 4785 2158 4832 terrae

587 4863 766 4934 elapsa
797 4862 960 4920 fuerit
999 4879 1162 4934 super
1187 4879 1408 4936 aquam,
1439 4867 1621 4920 statim
1644 4875 1834 4934 erupta
1881 4874 1967 4922 est
1993 4881 2152 4936 aqua,

587 4961 644 5007 et
674 4954 728 5008 in
763 4953 940 5008 locum
965 4970 1121 5009 suum
1148 4961 1294 5009 terra
1329 4956 1637 5010 revertitur.

663 5041 728 5093 υ.
756 5041 1037 5109 Quomodo
1059 5043 1112 5096 in
1133 5043 1340 5111 psalmo
1359 5044 1489 5098 dicit
1519 5043 1645 5114 quia
1665 5045 1773 5114 ipse
1797 5060 1952 5114 super
1987 5047 2160 5098 maria

587 5130 828 5202 fundauit
851 5149 987 5200 eam,
1015 5143 1065 5189 et
1088 5151 1244 5206 super
1263 5137 1482 5206 ﬂumina
1509 5136 1818 5206 praeparavit
1839 5152 1955 5190 eam
1989 5135 2164 5208 (Psal.

586 5235 748 5286 astu,
771 5222 826 5292 2)
842 5263 856 5287 ,
883 5224 930 5278 si
958 5239 1095 5294 aqua
1117 5234 1314 5280 terram
1337 5227 1590 5296 tegebat?

661 5311 741 5364 Μ.
787 5313 865 5368 De
905 5313 1086 5370 altiori
1115 5320 1258 5371 terra
1289 5317 1392 5372 hoc
1441 5317 1610 5384 dicit,
1655 5317 1748 5374 ubi
1797 5327 2010 5374 montes
2043 5333 2163 5375 esse

587 5401 858 5466 videntur,
887 5411 982 5459 aut
1018 5405 1086 5461 de
1130 5405 1320 5462 insulis
1365 5407 1495 5464 illud
1521 5407 1725 5464 dictum
1748 5418 1862 5474 est,
1892 5409 1984 5466 ubi
2017 5416 2160 5464 terra

577 5490 744 5548 .altior
779 5501 864 5550 est
881 5509 1044 5564 quam
1068 5509 1228 5566 aqua.
1265 5497 1372 5553 Sed
1395 5499 1567 5568 magis
1588 5499 1691 5554 hoc
1717 5501 2012 5556 secundum
2034 5515 2162 5556 sen-

589 5601 708 5640 sum
751 5585 1152 5658 intelligcndum
1198 5597 1316 5650 est,
1359 5591 1485 5659 quia
1518 5592 1786 5662 simplices
1817 5593 1873 5649 in
1924 5593 2165 5650 Ecclesia

598 5715 612 5772 ζ
659 5691 828 5772 “flare
856 5709 962 5748 non
983 5695 1199 5772 videtur
1219 5693 1404 5772 dicere
1423 5709 1641 5772 sanctus
1661 5697 1976 5772 Ambrosius
1999 5702 2091 5756 lib.
2113 5719 2166 5757 vr

594 5764 644 5814 in
691 5765 1016 5825 lixamerou’,
1063 5777 1180 5831 cap.
1223 5764 1278 5826 6,
1317 5766 1407 5818 ulti
1441 5769 1612 5822 solum
1643 5770 1719 5823 ait
1747 5786 2013 5826 venenosa
2053 5773 2170 5826 aui-

2266 4689 2541 4750 sanctum,
2579 4694 2745 4750 quam
2775 4691 2954 4736 tamen
2987 4681 3203 4736 deitatis
3249 4680 3518 4735 unitatem
3547 4681 3838 4751 intelligu-

2265 4773 2390 4828 dam
2427 4775 2610 4829 statim
2641 4772 2922 4828 admonuit
2967 4773 3152 4828 dicens
3183 4789 3196 4824 :
3227 4770 3297 4825 Et
3329 4771 3466 4841 fecit
3498 4771 3656 4826 Deus
3697 4771 3838 4825 hai-

2267 4881 2381 4950 netp
2411 4865 2480 4918 ad
2502 4865 2780 4936 imaginem
2800 4881 2971 4919 suam.
2997 4862 3096 4918 llic
3123 4863 3287 4917 etiam
3316 4861 3450 4916 illud
3472 4878 3587 4917 non
3610 4872 3702 4919 est
3718 4877 3840 4932 pn-

2268 4955 2607 5020 tereundum,
2634 4955 2759 5025 quia
2782 4969 2907 5010 cum
2934 4953 3156 5030 dixisset
3179 4951 3248 5006 ad
3277 4953 3566 5022 imaginem
3594 4965 3839 5008 unum.

2269 5047 2452 5102 statim
2479 5045 2775 5115 subjunxit,
2805 5055 2852 5100 et
2879 5045 3066 5099 habeat
3092 5053 3397 5113 potestatem
3434 5044 3672 5114 piscium
3701 5045 3842 5096 nam

2269 5148 2316 5192 et
2346 5147 2652 5192 ceterorum
2681 5138 2989 5192 animalium
3015 5140 3232 5192 rationis
3253 5137 3689 5207 exspertinmJI-t
3715 5137 3844 5189 vide

2259 5229 2394 5285 licet
2430 5229 2793 5302 intelligamus
2817 5229 3091 5284 hominem
3116 5230 3173 5284 in
3205 5245 3273 5284 eo
3311 5229 3383 5282 ad
3413 5228 3718 5298 itmginem
3764 5220 3846 5276 Dei

2258 5318 2492 5387 factum,
2524 5320 2584 5375 in
2609 5337 2716 5390 quo
2744 5321 3148 5377 irrationalibus
3181 5319 3509 5376 animalibus
3537 5316 3844 5372 anteibit.

2277 5413 2334 5468 ld
2361 5421 2538 5467 autem
2567 5422 2652 5466 est
2699 5413 2812 5483 ipsa
2842 5413 2982 5468 ratio
3009 5423 3198 5468 exorta
3233 5410 3316 5465 vel
3345 5425 3502 5464 mens
3531 5409 3622 5463 vel
3663 5407 3852 5462 intelli-

2272 5505 2470 5575 gentia.
2511 5503 2661 5558 Licet
2710 5504 2854 5557 enim
2915 5503 3265 5558 subtilissime
3313 5501 3622 5556 disseratur
3687 5501 3851 5570 ipsum

2264 5601 2500 5648 mentem
2531 5592 2768 5646 hominis
2807 5592 2862 5646 in
2892 5607 2996 5662 qua
3031 5591 3208 5646 factus
3245 5600 3330 5646 est
3370 5589 3538 5645 homo
3561 5592 3638 5645 ad
3671 5587 3851 5660 imae"

2269 5703 2428 5759 malis
2461 5703 2528 5757 ad
2552 5703 2862 5759 terrentium
2886 5704 3136 5759 homines
3161 5711 3342 5758 creata
3370 5715 3491 5756 esse
3521 5716 3555 5763 ξι
3579 5701 3730 5758 Deo.

2341 5773 2540 5842 h-Aug.
2562 5813 2576 5837 ,
2605 5773 2700 5828 lib.
2725 5789 2786 5827 ιιι
2819 5775 2884 5830 de
2919 5775 3056 5831 Gen.
3101 5775 3167 5830 ad
3198 5773 3325 5840 litl.,
3354 5787 3403 5826 ς.
3433 5771 3521 5826 l9.
