3950 6312
136 398 261 455 ηδτ

991 392 1120 449 LIB.
1160 385 1637 461 eumsriouuu
1678 384 1904 440 super.
1942 409 1960 439 .
1987 385 2071 440 ω.
2111 386 2419 444 caussis-

3188 388 3342 445 Ηδετ

130 514 222 568 hoc
248 508 570 586 signiﬁcatum
590 515 695 575 est,
727 507 873 580 quod
897 515 1017 578 post
1042 508 1164 564 illos
1189 523 1284 563 sex
1334 507 1471 571 dies,
1519 501 1639 558 nul-
1663 501 1713 562 Α
1741 504 1960 574 pientis:
1983 515 2038 562 et
2062 507 2388 574 intellectus,
2416 504 2666 577 spiritum
2705 507 2916 563 consilii
2959 516 3015 565 et
3055 507 3334 568 fortimdi-

125 603 223 656 lsm
251 601 414 656 mundo
436 599 770 670 incognitam
815 599 1223 654 substantialem
1263 598 1498 669 speciem
1548 601 1642 650 aut

124 700 337 748 naturam
359 707 542 748 novam
569 690 1009 760 inexpertamque
1026 689 1294 746 creaverit
1316 705 1330 755 ;
1358 686 1474 744 dies
1495 702 1642 742 nam-

119 800 218 856 que
251 782 336 840 iste
355 785 574 854 primus,
604 783 717 853 ipse
753 791 836 857 est
863 783 1153 850 secundus,
1197 783 1314 853 ipse
1352 790 1437 838 est
1467 781 1645 838 novis-

115 877 289 942 simus,
307 874 412 946 quia
431 874 680 944 repetitio
703 881 790 930 est
811 873 918 928 diei
948 873 1184 944 septimi.

185 966 241 1020 ι).
269 966 417 1034 Quare
429 981 537 1021 non
571 965 844 1022 benedixit
862 963 1004 1020 diem
1027 965 1081 1021 in
1108 981 1216 1036 quo
1235 964 1418 1020 lucem
1441 964 1643 1036 angeli-

110 1072 224 1112 cam
247 1057 422 1112 creavit
441 1056 526 1112 vel
552 1057 702 1112 illum
741 1056 795 1111 in
823 1071 930 1126 quo
959 1056 1140 1112 omnia
1161 1055 1427 1127 perfecit?

178 1146 248 1201 ΙΙ.
276 1147 375 1202 Non
414 1145 558 1202 enim
601 1146 948 1202 sanctificans
998 1144 1204 1220 [Forte,
1257 1145 1639 1220 sanetificavit]

107 1236 240 1293 diem
283 1239 330 1294 in
351 1253 446 1310 quo
489 1239 594 1295 hoc
629 1236 808 1294 facere
847 1238 1140 1303 inchoavit,
1192 1253 1368 1308 neque
1412 1254 1548 1294 eum.
1587 1239 1641 1294 in

106 1343 208 1397 quo
250 1329 341 1384 hoc
363 1327 601 1400 perfecit,
640 1345 709 1385 ne
757 1329 864 1385 illis
921 1329 1007 1384 vel
1059 1328 1319 1386 faciendis
1352 1330 1639 1395 vel'factis,

104 1417 235 1473 actio
270 1417 381 1492 ejus
427 1419 678 1490 gaudium
729 1418 897 1475 fuisse
941 1419 1253 1475 videretur:
1282 1421 1376 1476 sed
1408 1437 1533 1477 eum
1588 1423 1642 1477 in

104 1523 203 1577 quo
230 1510 292 1565 ab
329 1509 447 1581 ipsis
485 1511 540 1565 in
576 1511 867 1581 semetipso
902 1511 1192 1581 requievit,
1221 1520 1277 1567 et
1319 1513 1474 1568 nobis
1521 1528 1642 1568 eam

103 1617 190 1672 per
218 1603 344 1657 diem
379 1603 656 1673 septimum
683 1604 937 1660 ostendit.
973 1603 1090 1676 ipse
1117 1613 1296 1659 tamen
1328 1605 1416 1660 illa
1452 1606 1641 1677 requie

104 1709 348 1764 nunquam
391 1695 576 1758 caruit,
619 1693 714 1750 sed
741 1694 1050 1766 signiﬁcans
1095 1711 1202 1751 non
1239 1696 1518 1766 percipere
1554 1712 1640 1752 re-

100 1783 264 1851 quiem
286 1799 443 1849 suam,
473 1784 575 1839 nisi
604 1784 1135 1855 post'perfeetionem
1168 1787 1382 1856 operis;
1436 1796 1492 1844 et
1520 1788 1640 1843 ideo

1741 597 1848 663 nis,
1877 598 2126 668 spiritum
2152 597 2396 654 scientia;
2427 606 2486 654 et
2523 599 2762 668 pietatis,
2790 607 2846 654 et
2887 599 3138 670 spiritum
3167 602 3334 660 timo-

1740 686 1818 741 ris
1844 686 2076 741 Domini.
2130 687 2326 742 Dicunt
2362 703 2595 758 namque
2635 705 2732 760 per
2771 689 3022 759 spiritum
3051 693 3330 762 sapientia;

1710 778 1934 840 .t'ecisse
1953 779 2121 834 Deum
2156 779 2355 834 cmlum
2382 788 2437 835 et
2462 787 2682 836 terram.
2723 781 2831 850 Per
2852 781 3103 851 spiritum
3133 782 3334 840 intelli-

1740 871 1937 941 gentiae
1974 869 2167 926 fecisse
2195 870 2592 926 firmamentum
2632 881 2688 928 et
2721 889 3001 942 separasse
3047 890 3217 944 aquas
3260 877 3330 930 ab

1740 962 1925 1031 aquis.
1971 961 2078 1018 Per
2119 963 2371 1034 spiritum
2428 964 2640 1019 consilii
2687 981 3000 1036 segregasse
3043 981 3216 1036 aquas
3259 968 3328 1022 ab

1741 1055 1932 1122 arida,
1972 1065 2030 1112 et
2066 1056 2373 1128 germinare
2423 1066 2620 1112 terram
2663 1057 2888 1114 fecisse.
2930 1057 3035 1114 Per
3074 1061 3329 1131 spiritum

1741 1144 2074 1202 fortitudinis
2113 1149 2360 1218 posuisse
2387 1147 2673 1202 luminaria
2702 1147 2767 1202 in
2795 1147 3138 1205 ﬁrmamento
3179 1149 3335 1220 caeli,

1743 1246 1802 1292 ut
1826 1239 2125 1294 dividerent
2150 1239 2290 1293 diem
2314 1253 2377 1293 ac
2403 1247 2636 1292 noctem.
2670 1237 2775 1292 Per
2799 1239 3048 1308 spiritum
3086 1239 3332 1296 scientia

1741 1344 1937 1385 ornare
1980 1344 2148 1399 aquas
2175 1329 2242 1384 de
2283 1329 2578 1398 reptilibus.
2599 1338 2654 1384 et
2681 1344 2863 1384 acrem
2907 1331 2973 1386 de
2997 1330 3327 1386 volatilibus.

1742 1423 1846 1479 Per
1869 1423 2116 1493 spiritum
2143 1421 2365 1492 pietatis
2400 1422 2600 1477 vestire
2643 1430 2845 1478 terram
2872 1423 2938 1479 de
2981 1423 3330 1488 animalibus,

1741 1525 1796 1574 et
1818 1517 2090 1572 hominem
2130 1532 2320 1573 creare
2364 1525 2420 1572 et
2453 1526 2648 1572 caetera
2692 1533 2810 1588 qua:
2853 1525 3170 1588 sequuntur.
3226 1517 3334 1572 Per

1739 1611 1991 1680 spiritum
2023 1611 2233 1666 timoris
2254 1611 2472 1666 Domini
2497 1611 2582 1666 die
2608 1611 2836 1669 sentimo
2857 1627 2992 1681 opus
3022 1627 3180 1667 suum
3203 1627 3327 1667 san-

1742 1701 2036 1758 ctiflcasse.

1810 1791 1889 1846 Ita
1915 1799 1980 1846 et'
1997 1807 2097 1846 nos
2118 1791 2386 1847 debemus
2405 1791 2514 1846 ista
2544 1798 2751 1861 septem
2779 1792 2920 1848 dona
2947 1791 3180 1862 Spiritus
3203 1807 3332 1848 san-

100 1873 148 1925 in
172 1873 264 1928 hac
289 1873 367 1928 die
390 1889 608 1946 vespera
635 1877 1086 1933 non'suceessisse
1103 1855 1466 1950 cognoscitur,
1513 1880 1639 1949 quia
1673 1855 1722 1916 Β
1743 1883 1816 1938 eti
1843 1883 1897 1938 in
1934 1883 2090 1938 nobis
2114 1883 2335 1938 imitari.
2384 1883 2484 1938 Per
2510 1855 2761 1953 spiritum
2789 1898 3021 1955 namque
3047 1885 3332 1956 sapientis

98 1963 294 2032 requies
324 1973 494 2020 nostra
523 1981 620 2036 per
641 1966 1029 2036 perfectionem
1068 1970 1246 2040 operis
1287 1970 1403 2026 sine
1451 1971 1557 2027 line
1585 1972 1640 2026 in

93 2056 272 2126 gaudio
294 2057 406 2112 erit.
429 2057 685 2127 Sequitur
708 2073 725 2113 :

154 2143 275 2201 Istae
291 2152 633 2218 generationes
651 2147 764 2203 costi
785 2158 833 2202 et
853 2159 1007 2204 terra:
1021 2151 1230 2221 quando
1247 2160 1435 2206 creatae
1449 2163 1569 2208 sunt
1587 2155 1641 2209 in

87 2229 168 2286 die
187 2232 412 2302 quo'fecit
432 2231 685 2287 Dominus
706 2231 890 2287 emtum
911 2242 968 2289 et
983 2243 1198 2303 terram,
1215 2245 1262 2290 et
1279 2254 1429 2292 omne
1450 2237 1644 2310 virgul-

85 2329 191 2375 tum
219 2321 343 2392 agri,
369 2331 639 2391 antequam
662 2324 890 2376 oriretur
917 2323 973 2378 in
997 2334 1159 2391 terra,
1188 2342 1490 2399 omnemque
1526 2329 1644 2382 her-

79 2412 421 2482 bumregionis
439 2415 1076 2485 priusquanrgerminaret
1106 2413 1260 2488 (Gen.
1289 2433 1354 2482 ιι,
1383 2417 1462 2490 4).

149 2503 216 2558 D.
247 2504 558 2574 lnquirenda—
596 2513 680 2562 est
719 2506 859 2560 ratio
886 2507 933 2562 si
961 2507 1066 2563 ista
1101 2509 1283 2564 omnia
1330 2511 1384 2566 in
1418 2528 1526 2567 uno
1555 2513 1644 2569 die

76 2591 215 2648 facta
237 2593 464 2660 fuerunt,
498 2605 592 2649 aut
616 2610 714 2666 per
739 2612 832 2652 sex
853 2597 992 2664 dies,
1025 2599 1167 2654 sicut
1194 2599 1475 2672 Scriptura
1495 2619 1644 2660 eom-

71 2695 350 2740 memorat.
387 2687 522 2744 Etsi
549 2701 647 2759 per
668 2703 764 2744 sex
789 2689 906 2744 dies
933 2689 1074 2747 facta
1100 2691 1339 2759 fuerunt,
1369 2698 1642 2764 quomodo

70 2787 201 2844 mo
223 2784 399 2830 saneta
423 2776 701 2848 Scriptura
741 2793 869 2833 vera
897 2788 982 2834 est
1007 2796 1129 2850 quae
1169 2782 1297 2838 dicit
1325 2796 1340 2836 :
1378 2782 1482 2850 Qui
1524 2787 1643 2840 vivit

69 2862 126 2921 in
149 2874 394 2918 uernum
420 2868 611 2922 creavit
647 2869 825 2922 omnia
853 2869 1012 2923 simul
1041 2871 1232 2942 (Eccli.
1263 2888 1423 2938 xvm,
1457 2875 1551 2946 i)?

138 2955 220 3010 Μ.
257 2956 347 3012 Ille
374 2974 604 3030 namque
637 2962 931 3017 secundum
974 2964 1331 3020 substantiam
1355 2982 1537 3022 rerum
1572 2970 1645 3024 si-

69 3048 178 3103 mul
202 3049 403 3106 ereavit
425 3051 630 3117 omnia,
679 3068 806 3108 nam
835 3055 1130 3110 secundum
1160 3058 1392 3126 speciem
1427 3059 1638 3126 formm,

69 3159 170 3197 non
207 3143 364 3198 simul
389 3145 592 3200 ereavit
615 3147 829 3213 omnia;
863 3147 1004 3203 sicut
1028 3157 1203 3204 mater
1235 3150 1495 3206 infantem
1535 3169 1638 3207 nu-

72 3233 236 3288 triens
274 3233 329 3287 in
362 3235 566 3304 gremio
594 3251 715 3303 suo,
757 3247 1034 3307 exspectat
1059 3249 1117 3294 ut
1145 3241 1520 3307 convalescat,
1562 3244 1636 3298 ita

72 3323 322 3379 )ominus
337 3324 642 3380 tarditatem
663 3327 889 3382 humani
903 3329 1115 3399 ingenii
1125 3334 1476 3401 exspectavit.
1505 3333 1639 3389 Nam

71 3428 107 3467 η
137 3414 412 3485 principio
437 3417 580 3487 apud
613 3418 787 3488 ipsum
823 3429 1017 3475 cuncta
1055 3431 1236 3477 creata
1265 3423 1502 3490 fuerunt,
1547 3427 1642 3481 sed

71 3520 161 3560 non
201 3507 404 3562 statim
423 3508 480 3563 in
509 3511 744 3580 speciem
767 3522 1046 3568 venerunt.
1077 3513 1302 3582 Quando
1321 3533 1449 3574 vero
1474 3520 1656 3576 dixit:-

72 3592 119 3648 ἰι
168 3597 453 3678 princ/ipim
481 3601 673 3655 creauit
711 3601 854 3656 Deus
899 3603 1083 3658 aulum
1129 3616 1178 3660 et
1222 3615 1416 3662 terram
1441 3650 1456 3674 ,
1516 3619 1646 3668 tunc

71 3687 234 3739 vmnia
278 3687 425 3743 sicut
465 3689 710 3746 diximus
745 3693 884 3763 apud
917 3694 1089 3764 ipsum
1130 3695 1271 3752 facta
1297 3708 1457 3768 sunt,
1489 3703 1651 3771 quid‘

72 3773 176 3828 uid
205 3773 364 3847 [Leg.
394 3778 741 3852 quaeque]'de
767 3782 905 3837 celo
930 3794 984 3839 et
1013 3793 1155 3840 terra
1174 3787 1379 3844 oritura
1405 3789 1574 3845 fueru.
1601 3801 1638 3855 t,

75 3865 302 3919 uamvis
333 3880 436 3935 per
483 3883 581 3922 sex
623 3870 740 3928 dies
781 3876 1075 3930 secundum
1121 3880 1355 3947 speciem
1405 3881 1645 3938 dividere

71 3956 313 4012 cluisset
336 3999 351 4021 ,
394 3959 536 4016 sicut
579 3963 723 4018 dicit~
750 3976 944 4035 quarto
969 3968 1057 4022 die
1088 3969 1265 4025 sidera
1303 3971 1357 4026 in
1386 3973 1522 4030 emlo
1550 3991 1648 4045 p0-

73 4046 242 4111 xisse,
278 4056 467 4106 tamen
513 4053 692 4123 primo
737 4056 823 4112 die
865 4060 1005 4128 apud
1034 4060 1296 4130 ipsumvin
1321 4065 1462 4120 cmlo
1505 4065 1644 4122 facta

73 4147 190 4204 snt,
221 4154 353 4208 quae
377 4142 464 4197 die
501 4147 775 4212 quarto-in
802 4150 1036 4219 speciem
1063 4164 1349 4208 venerunt.
1379 4155 1512 4223 Quia
1540 4159 1665 4214 sic--

73 4238 88 4282 ι
157 4229 221 4283 in
275 4245 458 4300 grano
506 4237 776 4292 sementis.
810 4238 979 4294 multa
1033 4242 1414 4311 occultantur,
1468 4249 1643 4307 radix.

73 4330 228 4376 »κει
252 4361 272 4388 ,
317 4321 453 4380 folia
476 4365 494 4392 ,
535 4325 744 4384 fructus
767 4369 784 4395 ,
827 4331 922 4386 vel-
941 4332 1113 4388 multa
1146 4335 1251 4390 alia
1283 4340 1501 4406 quas-de
1530 4339 1664 4410 ipsa

73 4415 237 4470 'bore
259 4417 522 4486 veniunt,
570 4420 642 4475 ita
665 4422 805 4491 apud
828 4423 996 4478 Deum
1027 4425 1129 4480 ista
1165 4428 1344 4482 omnia
1368 4429 1518 4500 prius
1553 4446 1667 4486 oc--

73 4503 428 4573 Utebantur,
457 4523 578 4578 qua:
605 4519 793 4583 postea
829 4513 884 4568 in
907 4515 1140 4584 speciem
1170 4529 1452 4573 venerunt.

87 4594 172 4648 υ.
208 4595 374 4668 Ergo
406 4599 455 4653 si
495 4600 658 4657 simul
683 4603 862 4658 omnia
894 4605 1140 4672 ereavit,
1163 4611 1432 4678 quomodo
1455 4627 1660 4668 verum.

74 4694 98 4738 ι
124 4689 294 4756 quod
324 4688 572 4760 legitur:
605 4691 768 4747 Pater
796 4710 952 4750 meus.
965 4713 1128 4768 usque
1154 4700 1311 4754 modo
1333 4713 1580 4770 operatur
1596 4714 1662 4759 et"-

73 4791 109 4828 ο
132 4793 353 4846 operor
385 4778 576 4851 (Joan.
600 4798 652 4848 v,
695 4784 809 4856 17).

78 4863 176 4918 Π.
235 4867 566 4939 Perspiciat
612 4874 810 4942 peritia
865 4882 957 4930 tua
980 4916 998 4943 ,
1049 4879 1176 4948 quia
1220 4883 1468 4951 quamvis
1518 4893 1664 4944 tunc-

75 4966 278 5012 :assot
322 4961 526 5018 omnia
547 4963 747 5029 simul,
791 4967 1034 5036 quotidie
1073 4977 1255 5026 tamen
1281 4975 1547 5043 gubernat
1591 4979 1647 5036 in

75 5048 285 5116 :ando,
321 5050 392 5106 in
423 5051 737 5123 plantando,
773 5056 829 5112 in
853 5058 1192 5130 aediﬁcando,
1229 5064 1394 5120 vellin
1438 5071 1653 5127 caeteris

76 5153 210 5192 ms.
264 5139 432 5196 Nam
468 5143 611 5200 sicut
637 5145 799 5203 homo
825 5149 918 5218 qui
937 5164 1127 5220 agrum
1151 5162 1389 5221 exercet,
1423 5157 1471 5211 si
1495 5157 1650 5214 illum

76 5231 287 5297 nittit,
342 5235 596 5292 incultus
641 5248 925 5306 remanet;
978 5243 1054 5297 ita
1094 5252 1150 5299 et
1192 5248 1427 5304 mundus
1463 5264 1496 5304 a
1538 5250 1650 5308 Deo

75 5330 246 5377 :atus
297 5325 441 5380 sine
487 5327 584 5383 Dei
613 5331 1000 5401 gubernatione
1040 5348 1162 5390 esse
1201 5351 1308 5391 non
1336 5347 1536 5406 potest,
1564 5357 1660 5398 se—

75 5411 270 5469 ndum
318 5417 642 5486 apostolum
681 5419 945 5476 Paulum:
995 5421 1176 5493 Neque
1199 5426 1289 5494 qui
1323 5427 1529 5497 plantat
1573 5442 1653 5488 est

75 5503 252 5573 paid;
306 5523 494 5578 neque
518 5511 608 5580 qui
635 5511 811 5582 rigat;
855 5514 946 5568 sed
972 5513 1114 5570 Deus
1151 5518 1240 5586 qui
1274 5518 1659 5579 incrementum.

75 5603 80 5643 t
116 5595 193 5666 (ι
228 5595 388 5652 Cor.
421 5615 508 5666 ιιι,
537 5601 620 5672 7).

77 5686 190 5785 liii
239 5688 429 5744 enim
471 5691 607 5748 istos
640 5703 844 5764 septem
884 5696 999 5753 dies
1040 5707 1251 5785 septem.
1287 5702 1428 5759 dona
1461 5714 1654 5776 gratias

87 5779 269 5836 ritus
296 5783 502 5839 sancti
525 5783 822 5856 intelligere
847 5789 1059 5857 volunt,
1085 5779 1266 5860 id'est,
1293 5796 1541 5864 spiritum
1567 5814 1651 5855 sa-

1742 1975 1939 2031 cmlum
1963 1982 2018 2030 et
2045 1983 2247 2030 terram
2276 1973 2486 2038 facere,
2533 1977 2587 2031 id
2612 1986 2694 2032 est
2723 1975 2966 2031 etnlestia
2995 1975 3246 2030 meditari
3274 1982 3332 2030 et

1742 2076 1958 2124 terrena
1987 2069 2384 2138 derelinquere,
2410 2068 2493 2124 vel
2519 2069 2694 2124 lucem
2715 2087 2746 2123 a
2773 2069 3012 2124 tenebris
3051 2083 3329 2138 separare,

1743 2160 1799 2218 id
1836 2169 1923 2217 est
1957 2174 2123 2232 opera
2172 2167 2359 2216 nostra
2396 2160 2636 2230 perfecta
2665 2176 2697 2215 a
2745 2160 2986 2215 tenebris
3036 2173 3328 2229 pravorum

1741 2265 1987 2324 operum.

1811 2344 1916 2400 Per
1942 2343 2191 2414 spiritum
2221 2343 2586 2414 intelligentiae
2633 2342 2892 2398 debemus
2919 2339 3102 2397 facere
3136 2340 3326 2396 firma-

1743 2445 1984 2492 mentum
2010 2437 2153 2493 inter
2178 2452 2348 2506 aquas
2376 2433 2662 2490 inferiores
2685 2443 2742 2489 et
2782 2434 3107 2504 superiores,
3150 2433 3204 2488 id
3245 2443 3341 2514 est.

1743 2529 2078 2600 disciplinam
2106 2540 2351 2586 sanctam
2381 2530 2523 2585 inter
2555 2528 2686 2583 vitia
2713 2536 2774 2583 et
2807 2527 3035 2583 virtutes
3055 2567 3072 2593 ,
3112 2533 3172 2581 ut
3210 2542 3323 2584 non

1743 2619 2074 2676 declinemus
2095 2620 2164 2675 ad
2189 2619 2340 2674 vitia.

1812 2709 1918 2766 Per
1943 2710 2191 2780 spiritum
2230 2710 2442 2766 consilii
2489 2709 2748 2766 debemus
2775 2721 3226 2778 aquas-separare
3257 2705 3346 2762 ah-

1743 2805 1930 2869 arida,.
1962 2805 2016 2859 id
2060 2812 2152 2860 est-
2189 2803 2436 2861 homines
2487 2804 2747 2874 reprobos
2788 2803 2858 2858 ab
2902 2801 3084 2856 anima
3118 2795 3329 2856 sitienti

1745 2897 1966 2952 verbum
1991 2896 2108 2952 Dei.

1812 3009 1917 3065 Per
1944 3009 2191 3078 spiritum
2220 3007 2552 3064 fortitudinis
2577 3007 2836 3063 debemus
2868 3020 3071 3076 ponere
3093 3003 3330 3058 luminau

1742 3102 1824 3157 ria
1862 3102 1916 3156 in
1948 3101 2292 3155 firmamento
2331 3099 2475 3162 caeli.
2523 3099 2578 3154 id
2621 3107 2706 3154 est
2747 3096 3095 3153 dilectionem
3139 3095 3334 3153 Deiet

1666 3190 2003 3262 cproximi,
2051 3190 2176 3260 quia
2213 3189 2445 3244 dixitS.
2475 3186 2909 3252 Joannesz-Qui
2952 3186 3062 3242 odii
3110 3185 3331 3256 [mum

1740 3299 1917 3346 suum,
1946 3281 2248 3335 intenebris
2275 3289 2349 3334 est
2379 3279 2433 3350 (ι
2459 3280 2620 3334 Joan.
2658 3296 2725 3344 ιι,
2754 3277 2827 3350 l).

1814 3371 1918 3426 Per.
1949 3371 2200 3440 spiritum
2243 3369 2483 3425 scientiae
2525 3369 2782 3425 debemus
2829 3383 3006 3437 aquas
3026 3381 3225 3422 ornare
3261 3366 3332 3422 de

1740 3461 2023 3532 reptilibus
2048 3469 2104 3517 et
2147 3470 2339 3516 caetera
2355 3501 2372 3528 ,
2420 3460 2476 3515 id
2500 3469 2584 3517 est
2613 3462 2681 3516 de
2705 3475 2907 3516 arcano
2949 3459 3130 3516 cordis
3155 3457 3331 3515 nostri

1740 3568 1930 3609 vocem
1953 3553 2022 3608 ad
2049 3551 2247 3609 omium
2275 3553 2526 3618 mittere;
2568 3552 2709 3608 sicut
2735 3552 2911 3623 pisces
2941 3550 3192 3622 pennulis
3216 3550 3332 3605 suis

1742 3641 1808 3696 in
1821 3640 1990 3696 altum
2023 3641 2225 3696 saltum
2253 3641 2538 3708 tribuunt,
2582 3650 2638 3698 et
2661 3641 2907 3698 volucres
2937 3641 3061 3697 (ιωιί
3099 3642 3156 3696 in
3199 3655 3328 3696 aere

1741 3731 1990 3796 volitant,
2021 3731 2096 3786 ita
2122 3741 2177 3786 et
2202 3748 2551 3788 nossensum
2582 3741 2828 3789 nostrum
2855 3734 2924 3789 ad
2953 3733 3233 3804 superiora
3260 3733 3333 3788 le-

1743 3837 1874 3879 vare
1898 3832 2142 3893 oportet.

1812 3932 1918 3988 Per
1941 3935 2190 4004 spiritum
2213 3936 2432 4007 pietatis
2461 3936 2720 3993 debemus
2747 3937 2927 3994 facere
2964 3949 3244 4011 serpentes
3275 3948 3332 3994 et

1742 4039 1939 4095 pecora
1967 4035 2022 4081 et
2046 4037 2262 4092 cetera,
2287 4027 2337 4082 id
2366 4035 2468 4094 est,
2495 4037 2554 4083 ut
2577 4029 2975 4098 simplicitatem
3009 4045 3073 4086 ac
3098 4033 3335 4100 pruden-

1745 4117 1877 4171 tiam
1905 4117 2199 4173 habeamus
2218 4119 2556 4174 discernendi
2595 4120 2738 4175 inter
2762 4123 2964 4176 bonum
3005 4130 3061 4177 et
3090 4123 3327 4189 malum;

1743 4214 1801 4261 et
1821 4205 2054 4261 fructum
2083 4209 2347 4263 bonorum
2372 4223 2593 4278 operum
2617 4218 2862 4281 agentes,
2891 4211 3126 4281 qualiter
3154 4211 3334 4268 valea-

1746 4313 1868 4354 mus
1910 4298 2113 4352 imitari
2140 4299 2386 4368 exempla
2425 4308 2739 4356 sanctorum
2764 4341 2780 4367 ,
2814 4302 2900 4358 vel
2924 4302 3097 4372 ipsam
3131 4301 3335 4358 verita,

1746 4397 1855 4444 tam
1887 4387 1955 4442 ad
1981 4388 2133 4457 cujus
2162 4389 2451 4460 imaginem
2479 4389 2604 4447 facti
2628 4408 2838 4450 sumus.

1819 4480 1924 4535 Per
1952 4480 2204 4550 spiritum
2231 4481 2444 4537 timoris
2467 4483 2680 4540 Domini
2707 4487 2963 4543 debemus
2991 4487 3351 4556 requiescere-

1673 4543 1723 4603 υ
1750 4568 1806 4624 in
1831 4543 2016 4640 requie
2043 4570 2167 4625 vita:
2191 4581 2431 4638 aeternae,
2469 4574 2595 4644 quia
2638 4574 2862 4630 Initium
2877 4543 3152 4646 sapientia:
3175 4578 3334 4632 timor

1749 4663 1962 4718 Domini
1990 4673 2064 4717 est
2086 4662 2260 4734 (Psal.
2285 4680 2376 4732 cx,
2403 4665 2527 4738 10)..

1818 4778 1887 4833 ι).
1929 4778 2057 4834 Ista:
2083 4781 2445 4851 generationes
2477 4781 2590 4837 ccli
2615 4792 2678 4837 et
2699 4791 2856 4838 terra:
2889 4784 3101 4856 quando
3141 4795 3334 4842 creata!

1747 4877 1867 4922 sunt
1887 4870 1944 4923 in
1983 4869 2070 4924 die
2095 4870 2357 4941 quo-fecit
2385 4870 2642 4926 Dominus
2672 4872 2813 4928 Deus
2840 4873 3104 4931 calum-et
3132 4886 3330 4931 terram

1749 4955 1904 5028 (Gen.
1947 4975 2011 5024 ιι,
2038 4959 2116 5031 4).
2159 4961 2422 5031 Superius
2469 4971 2676 5032 septem
2711 4965 2826 5021 dies
2865 4969 3134 5024 numerati
3181 4979 3332 5040 sunt,

1748 5061 1894 5102 nunc
1927 5064 2068 5104 unus
2091 5049 2208 5106 dies
2243 5051 2440 5107 dicitur
2463 5068 2572 5123 quo
2595 5053 2724 5110 fecit
2749 5057 2898 5114 Deus
2913 5059 3110 5116 caelum
3139 5068 3196 5118 et
3219 5069 3332 5118 ter-

1749 5152 1890 5204 tam,
1919 5147 1976 5194 et
1999 5153 2159 5195 omne
2183 5141 2484 5214 virgultum
2503 5145 2644 5215 agri,
2669 5153 2729 5202 et
2751 5161 2968 5206 omem
2993 5149 3221 5210 herbam
3248 5169 3334 5210 re-

1749 5227 1954 5299 gionis.

1822 5341 1902 5396 Η.
1921 5342 2091 5413 Hujus
2101 5344 2211 5400 diei
2226 5346 2466 5414 nomine,
2482 5351 2777 5406 secundum
2797 5335 3158 5426 prophetiam,
3171 5373 3332 5415 omne

1749 5441 1965 5504 tempus
1985 5433 2144 5503 hujus
2162 5435 2288 5491 vita:
2307 5437 2664 5508 signiﬁcatur,
2689 5442 2744 5497 in
2765 5458 2872 5514 quo
2895 5445 3090 5502 caelum
3111 5457 3165 5504 et
3188 5457 3329 5504 terra

1751 5524 1952 5581 factum
1964 5534 2071 5592 est,
2099 5526 2154 5581 id
2166 5527 2328 5590 est-in
2355 5544 2464 5600 quo
2492 5540 2757 5590 creatura:
2780 5535 3018 5592 visibiles
3041 5539 3328 5608 disponam

1750 5624 1859 5685 tur,
1911 5620 2376 5688 administrantur,
2403 5633 2566 5696 atque
2601 5627 2860 5684 existunt.
2904 5630 3042 5686 Hinc
3075 5640 3158 5685 est
3190 5630 3326 5699 quos

1753 5709 1964 5781 Moyses
1983 5721 2037 5766 et
2055 5713 2305 5770 distincte
2319 5730 2416 5785 per
2428 5717 2544 5772 dies
2554 5718 2795 5790 singulos
2809 5721 3024 5776 condita
3049 5721 3228 5776 omnia
3253 5736 3338 5773 re-

1757 5800 1902 5867 tulit,
1922 5810 1977 5856 et
2006 5811 2185 5861 tamen
2213 5806 2368 5861 simul
2394 5810 2572 5865 omnia
2607 5819 2788 5866 creata
2805 5809 3082 5878 subiunxit
3107 5809 3292 5868 dicens
