3950 6312
175 335 318 402 ﬂ“

1097 321 1222 377 ΠΒ.
1263 315 1757 389 QUAESTIONUM'
1777 315 2003 374 SUPER
2041 318 2170 375 LIB.
2196 308 2546 379 hGENESlSL

3296 327 3352 382 Π
3363 327 3432 387 43

245 449 322 502 υ.
352 459 377 488 ι
401 442 582 511 Ωιιιιιιί
607 448 785 496 autem
810 435 1004 492 merito
1032 443 1214 505 potest
1235 473 1254 500 ,
1275 433 1522 490 causales
1542 431 1647 485 illae
1668 444 1754 484 ra-
1780 433 1829 488 Α
1857 430 2091 497 somnis,
2119 439 2178 486 ut
2225 431 2402 487 fallaci
2450 431 2720 488 memoria
2752 434 2907 503 quasi
2951 437 3331 494 reeordaretur
3371 457 3430 496 se

172 539 356 598 tiones
387 549 526 604 quas
556 529 756 588 mundo
775 526 995 592 indidit,
1035 541 1159 580 cum
1186 525 1423 594 primum
1459 520 1620 577 simul
1645 535 1756 574 om-

169 626 266 680 nia
286 623 511 686 creavit,
535 619 803 690 quomodo
824 617 935 670 sint
957 614 1213 669 institutae
1235 613 1258 666 ?
1292 621 1474 667 utrum
1496 618 1556 664 ut
1577 623 1756 679 quem-

1855 517 2018 575 bomo
2041 518 2206 574 fuisse
2225 519 2368 591 quod
2389 537 2497 576 non
2524 518 2628 575 fuit
2643 561 2658 586 ,
2687 531 2781 576 aut
2805 522 2979 592 egisse
2998 523 3142 592 quod
3167 541 3274 580 non
3295 529 3426 598 egit,

1853 609 1983 677 quid
2013 611 2207 666 mirum
2236 613 2545 683 siquodam
2581 614 2677 669 Dei
2705 623 2854 684 Justo
2891 616 3430 686 occultoquejudicio

167 713 464 788 admodum
487 709 742 772 vidimus,
782 712 974 760 cuncta
1003 702 1277 758 nascentia
1311 709 1368 756 et
1413 699 1667 754 fruticum
1699 705 1762 754 et
1851 701 2104 788 sinuntur
2126 701 2396 758 daemones
2416 719 2474 758 ιιι
2502 705 2755 761 cordibus
2777 705 2941 764 etiam
2961 706 3299 778 vigilantium
3322 709 3428 765 tale

166 805 488 864 animalium
515 803 569 856 in
593 799 707 856 suis
733 793 1250 855 conformationibus
1271 800 1433 862 atque
1459 791 1754 846 incremen-

168 897 243 952 tis
291 911 393 966 pro
423 891 732 948 ditersitate
776 900 1036 959 generum
1081 885 1292 940 diversa
1318 881 1495 952 spatia
1524 894 1752 950 perage-

167 994 296 1042 rent
324 980 660 1052 temporum?
688 984 781 1032 ant
810 973 1262 1044 quemadmodum
1301 970 1541 1028 creditur
1573 968 1749 1024 factus

162 1075 346 1131 Adam
397 1073 515 1127 sine
558 1068 668 1124 ullo
714 1080 1003 1138 progressu
1052 1063 1513 1118 incrementorum
1531 1100 1547 1125 ,
1603 1058 1753 1114 virili

161 1174 332 1221 aetate
375 1161 630 1219 continuo
659 1157 1020 1213 formarentur
1037 1194 1072 1219 ,η
1101 1153 1243 1208 sicut
1268 1167 1407 1221 aqua
1447 1150 1505 1205 in
1556 1149 1744 1204 vinum

159 1239 462 1316 conversa,
481 1259 537 1307 et
560 1251 710 1320 virga
736 1247 792 1302 in
815 1254 1146 1316 serpentem.
1168 1243 1272 1298 Sed
1287 1258 1386 1298 cur
1407 1257 1516 1296 non
1530 1247 1748 1295 utrum-

161 1359 278 1414 que
320 1341 441 1397 illas
468 1339 739 1395 credimus
782 1335 1061 1398 habuisse,
1098 1339 1160 1388 ut
1218 1333 1323 1388 hoc
1361 1347 1427 1386 ex
1467 1330 1548 1386 eis
1594 1328 1740 1383 futu-

161 1449 290 1490 rum
325 1429 637 1500 essetquod
681 1428 892 1483 facturo
929 1426 1240 1496 placuisset.
1269 1424 1404 1478 Nam
1445 1423 1612 1478 multa
1653 1437 1742 1476 se-

159 1521 405 1578 cundum
453 1518 974 1576 inferiorescausas
1020 1514 1202 1570 futura
1241 1523 1396 1580 sunt;
1440 1514 1536 1571 sed
1577 1513 1622 1567 si
1667 1512 1742 1566 ita

155 1616 329 1676 sunt,
366 1609 423 1664 in
446 1604 785 1678 praescientia
809 1604 905 1659 Dei
931 1619 1060 1659 vere
1083 1603 1262 1658 futura
1288 1609 1437 1658 sunt.
1467 1601 1526 1656 Si
1559 1607 1740 1656 autem

157 1701 242 1758 ibi
265 1700 426 1756 aliter
448 1703 602 1762 sunt,
617 1697 704 1758 ,ita
725 1697 908 1765 potius
936 1694 1119 1749 futura
1142 1702 1269 1749 sunt
1309 1695 1449 1750 sicut
1475 1693 1549 1748 ibi
1577 1700 1736 1758 sunt,

1849 787 2051 858 aliquid
2077 806 2266 860 posse-

1919 879 2199 939 Manichaei
2225 895 2429 951 autem,
2453 887 2545 956 qui
2569 903 2628 944 se
2652 886 2991 945 Christianos
3018 889 3102 945 vel
3124 897 3319 961 putant
3340 892 3426 947 vel

1847 973 2028 1044 putari
2059 973 2270 1042 volunt,
2297 977 2354 1032 in
2395 977 2498 1034 hac
2523 979 2776 1048 opinione
2807 981 3174 1038 translationis
3213 983 3301 1038 vel
3339 999 3428 1039 re-

1849 1065 2141 1122 volutionis
2175 1068 2477 1124 animarum
2503 1085 2569 1126 eo
2599 1079 2724 1126 sunt
2761 1070 2868 1128 illis
2898 1072 3140 1143 gentium
3180 1073 3423 1142 philoso-

1845 1157 2010 1228 phis,
2035 1157 2124 1214 vel
2151 1159 2197 1214 si
2221 1159 2312 1228 qui
2349 1159 2439 1214 alii
2467 1161 2591 1215 vani
2623 1162 2867 1216 homines
2909 1161 3012 1218 hoc
3036 1171 3244 1232 putant,
3273 1164 3424 1220 dete-

1844 1253 2020 1309 riores
2059 1259 2116 1308 et
2147 1253 2575 1310 detestabiliores
2591 1295 2608 1321 ,
2631 1256 2774 1325 quod
2801 1254 2879 1310 illi
2906 1256 3100 1312 anima:
3122 1263 3371 1312 naturam
3387 1272 3420 1310 a

1843 1343 1942 1399 Dei
1984 1351 2180 1399 natura
2213 1344 2544 1401 discernunt.
2579 1345 2673 1402 Isti
2713 1355 2924 1412 autem,
2949 1361 3073 1402 cum
3104 1347 3251 1402 aliud
3287 1347 3422 1402 nihil

1841 1449 1964 1490 esse
1999 1437 2182 1492 dicant
2215 1437 2452 1492 animam
2488 1453 2651 1508 quam
2688 1438 2860 1508 ipsam
2887 1438 2982 1492 Dei
3033 1439 3414 1503 substantiam,

1841 1534 2004 1593 atque
2030 1525 2085 1580 id
2121 1527 2341 1582 omnino
2367 1527 2510 1598 quod
2536 1527 2678 1584 Deus
2705 1535 2789 1584 est
2806 1569 2823 1594 ,
2855 1545 2968 1584 non
2986 1529 3256 1598 trepidant
3291 1544 3413 1584 eam

1843 1620 1955 1668 tam
1999 1615 2234 1686 turpiter
2280 1619 2716 1675 commutabilem
2768 1620 2976 1686 dicere,
3007 1629 3066 1674 ut
3110 1619 3313 1674 nullum
3345 1620 3416 1674 sit

1843 1705 2027 1760 herbae
2053 1720 2148 1760 seu
2173 1707 2454 1762 vermiculi
2479 1724 2676 1779 genus,
2716 1709 2808 1765 ubi
2831 1719 2952 1765 eam
2981 1725 3088 1764 non
3119 1725 3241 1764 esse
3270 1724 3418 1763 mm-

156 1794 258 1851 ubi
284 1793 378 1863 qui
394 1791 610 1863 praescit
635 1789 746 1844 falli
763 1806 871 1845 non
900 1797 1097 1859 potest.
1121 1787 1254 1842 Nam
1282 1786 1464 1844 futura
1485 1795 1737 1845 senectus
1771 1767 1812 1826 Β
1843 1795 2067 1849 mixtam
2087 1836 2103 1860 ,
2135 1796 2227 1852 vel
2242 1813 2352 1866 quo
2384 1767 2588 1854 revolvi
2615 1767 2721 1854 non
2747 1814 2906 1870 posse
2932 1799 3166 1854 mirabili
3193 1799 3419 1869 opinen-

157 1884 368 1940 dicitur
386 1883 443 1938 in
465 1881 819 1952 juvene,.sed
840 1887 1020 1936 tamen
1045 1879 1366 1936 futuranon
1391 1887 1475 1936 est
1490 1920 1506 1945 ,
1535 1880 1585 1936 si
1612 1887 1738 1936 ante

157 1971 467 2028 moriturus
492 1978 596 2027 est.

1839 1894 1932 1941 tur.
1959 1887 2196 1942 insania.
2224 1888 2458 1945 Proinde
2478 1891 2731 1958 quoniam
2763 1907 2890 1962 pars
2919 1891 3126 1946 cerebri
3149 1888 3412 1952 anterior,

1837 1977 1981 2032 unde
2009 1993 2199 2034 sensus
2227 1995 2416 2036 omnes
2449 1981 2860 2048 distribuuntur,
2887 1981 2956 2036 ad
2988 1980 3218 2037 frontem
3251 1979 3416 2035 collo-

234 2063 464 2120 H-BOC
489 2070 669 2117 autem
697 2062 775 2116 ita
787 2059 898 2116 ετῖι
925 2059 1064 2116 δίουι
1085 2074 1146 2115 se
1172 2059 1371 2116 habent
1399 2060 1758 2126 alimeﬂusms.
1837 2077 1960 2125 cata
1979 2079 2063 2126 est
2077 2111 2106 2136 ,.
2120 2079 2284 2141 atque
2313 2071 2366 2127 in
2395 2071 2535 2128 facie
2561 2083 2686 2128 sunt
2711 2074 2826 2144 ipsa
2855 2075 3012 2144 quasi
3041 2089 3246 2144 organa
3287 2088 3412 2128 sen-

154 2155 280 2210 sive
327 2153 528 2210 mundo
571 2159 859 2216 contextae,
883 2151 997 2206 sive
1041 2150 1382 2221 praescientia
1426 2160 1738 2207 reservatur.

1842 2162 2004 2218 tiendi
2023 2164 2184 2228 ,ideo
2207 2165 2472 2234 scriptum
2493 2165 2747 2232 arbitror,
2790 2167 2933 2236 quod
2965 2167 3018 2220 in
3043 2164 3236 2222 faciem
3267 2165 3412 2219 Deus

155 2241 300 2298 Nam
331 2242 624 2299 secundum
663 2241 924 2311 quasdam
954 2240 1260 2296 Ῑυιυΐοτυω
1294 2256 1486 2298 causas
1511 2243 1741 2298 ωοτίιιι-
1837 2250 2131 2308 sufﬂaverit
2159 2253 2393 2309 hominis
2414 2252 2598 2308 ﬂatum
2623 2255 2767 2308 vitaz.
2794 2253 3050 2309 Anterior
3069 2253 3264 2324 quippe
3283 2266 3414 2323 pars

155 2349 262 2391 rus
293 2341 414 2390 erat
441 2333 738 2398 Ezechias,
774 2333 861 2388 cui
913 2333 1056 2388 Deus
1085 2332 1292 2388 addidit
1337 2349 1410 2390 xv
1449 2349 1620 2390 annos
1668 2336 1737 2391 ad
1835 2343 2122 2414 posteriori
2156 2344 2348 2400 merito
2371 2345 2738 2416 praeponitur,
2767 2345 2892 2414 quia
2913 2351 2967 2399 et
2991 2343 3093 2398 ista
3119 2343 3293 2404 ducit,
3319 2341 3408 2396 illa

153 2425 332 2482 vitam
379 2423 514 2496 (Ιεα.
561 2439 796 2488 xxxvm,
833 2421 924 2494 5),
973 2423 1028 2478 id
1079 2423 1266 2493 utique
1318 2424 1557 2492 faciens,
1593 2429 1738 2499 quod

153 2523 292 2569 ante
332 2512 771 2570 constitutionem
822 2511 1007 2569 mundi
1051 2528 1110 2569 se
1151 2513 1418 2570 facturum
1444 2531 1564 2573 esse
1598 2533 1740 2589 prae-

153 2605 408 2672 sciebat,
433 2614 488 2660 et
513 2605 567 2660 in
593 2621 690 2660 sua
715 2605 992 2661 voluntate
1023 2605 1294 2660 servabat.
1327 2607 1405 2662 lbi
1436 2610 1580 2664 enim
1619 2620 1736 2666 erat

153 2709 274 2749 non
299 2693 560 2749 solumut
586 2693 662 2748 ita
687 2692 858 2748 Adam
885 2693 1001 2749 fieri
1025 2703 1208 2764 posset
1225 2711 1474 2760 ,.verum,
1485 2699 1646 2752 etiam
1677 2710 1735 2754 ιιι

153 2783 241 2838 ita
252 2799 372 2840 eum
386 2783 502 2840 fieri
515 2798 738 2840 necesse
748 2785 1117 2840 esset.Tamen
1132 2801 1238 2840 non
1249 2785 1380 2842 facit
1391 2789 1530 2844 Deus
1545 2799 1737 2847 contra

154 2892 420 2943 causam,
456 2892 620 2947 quam
678 2877 796 2932 sine
833 2877 997 2932 dubio
1031 2877 1218 2933 volens
1253 2880 1576 2948 praestituit,
1609 2883 1734 2952 quia

1837 2433 2105 2504 sequitur,
2133 2441 2188 2489 et
2215 2433 2282 2489 ab
2305 2435 2410 2489 ista
2438 2449 2667 2498 sensus,
2689 2434 2757 2488 ab
2786 2431 2876 2488 illa
2910 2441 3088 2488 motus
3111 2440 3228 2497 est,
3269 2429 3410 2486 sicut

1835 2523 2118 2579 consilium
2144 2523 2400 2591 praecedit
2425 2522 2716 2577 actionem.
2745 2521 2814 2576 Et
2834 2522 3086 2592 quoniam
3117 2518 3414 2590 corporalis

1836 2619 2014 2667 motus
2051 2611 2154 2682 qui
2183 2625 2410 2666 sensum
2443 2611 2727 2681 sequitur,
2767 2611 2884 2666 sine
2932 2609 3228 2664 intervallis
3269 2617 3408 2662 tem-

1835 2716 2026 2771 porum
2058 2699 2240 2756 nullus
2259 2708 2372 2768 est,
2386 2716 2547 2768 agere
2575 2707 2756 2755 autem
2801 2698 3080 2754 intervalla
3109 2706 3410 2767 temporum

1838 2797 2136 2860 spontaneo
2170 2798 2319 2846 motu
2346 2790 2448 2846 nisi
2477 2806 2578 2860 per
2621 2788 2948 2859 adjutorium
2986 2787 3259 2844 memoriae
3302 2799 3411 2841 non

1837 2879 2110 2948 valemus;
2147 2880 2266 2936 ideo
2295 2887 2406 2936 tres
2447 2889 2704 2950 tanquam
2754 2877 3041 2934 ventriculi
3067 2876 3278 2934 cerebri
3318 2875 3418 2931 de-

153 2979 352 3028 contra
396 2984 548 3025 suam
595 2968 924 3024 voluntatem
972 2984 1078 3024 non
1124 2969 1297 3024 facit..
1319 2969 1377 3024 Si
1407 2978 1586 3025 autem
1627 2987 1736 3028 non
1837 2978 2225 3026 monstrantur.
2252 2971 2404 3028 Unus
2423 2971 2665 3026 anterior
2687 2969 2754 3026 ad
2785 2969 2978 3025 faciem
3000 3009 3017 3034 ,
3039 2983 3070 3023 a
3093 2983 3200 3038 quo
3223 2981 3427 3022 sensus

151 3078 350 3123 οωιιεε
403 3078 596 3118 causas
635 3063 692 3116 in
747 3068 993 3116 creatura
1049 3061 1298 3132 primitus
1339 3063 1554 3118 condita
1598 3079 1738 3134 ιιι-ιε·
1762 3105 1808 3134 ,,
1837 3061 2048 3128 omnis;
2103 3062 2242 3116 alter
2285 3063 2552 3132 posterior
2590 3063 2658 3118 ad
2707 3061 2992 3126 verticem,
3021 3075 3053 3114 a
3085 3074 3191 3130 quo
3237 3065 3428 3113 motus

151 3154 300 3220 fixit,
335 3154 428 3209 sed
447 3152 654 3222 aliquas
699 3151 754 3204 in
781 3165 876 3206 sua
898 3150 1170 3206 voluntate
1211 3151 1462 3215 servavit,
1483 3167 1592 3206 non
1614 3161 1740 3207 sunt
1764 3149 1812 3168 "
1842 3151 2052 3219 omnis;
2093 3152 2282 3208 tertius
2331 3153 2474 3208 inter
2503 3161 2819 3222 utrumque,
2865 3152 2918 3206 in
2945 3163 3052 3219 quo
3097 3149 3413 3204 memoriam

150 3245 379 3316 quidem
411 3243 518 3299 illa
541 3258 678 3312 quas
704 3243 758 3297 in
783 3258 881 3298 sua
905 3242 1183 3299 voluntate
1209 3245 1560 3310 servavit,.ex
1602 3245 1742 3300 ista-
1842 3242 2022 3312 vigere
2059 3243 2455 3308 demonstrant;
2496 3259 2564 3297 ne
2590 3258 2713 3298 cum
2747 3256 2966 3297 sensum
3010 3241 3255 3310 sequitur
3298 3257 3414 3295 mo-

153 3351 284 3390 rum
309 3349 446 3404 quas
473 3335 682 3390 creavit
703 3335 1023 3391 necessitate
1047 3335 1381 3404 pendentes;
1407 3351 1517 3391 non
1560 3344 1746 3392 tamen
1839 3342 1959 3398 tus,
2008 3350 2115 3389 non
2155 3342 2442 3403 connectat
2487 3335 2650 3390 homo
2675 3335 2818 3404 quod
2852 3333 3154 3390 faciendum
3201 3341 3320 3398 cst,
3361 3333 3407 3389 sl

151 3435 388 3497 possunt
406 3427 970 3498 essecontraritequas
990 3414 1048 3484 in
1065 3445 1162 3484 sua
1177 3429 1459 3486 voluntate
1472 3431 1732 3496 servavit,
1837 3425 2006 3482 fuerit
2039 3424 2183 3496 quod
2215 3425 2344 3481 facit
2368 3425 2588 3481 oblitus.
2625 3424 2776 3480 Unde
2811 3440 2944 3496 ergo
2968 3425 3039 3479 sit
3085 3423 3220 3493 ipsa,
3251 3423 3308 3477 id
3331 3432 3414 3478 cst

152 3519 286 3588 quia
307 3519 402 3574 Dei
425 3519 674 3575 voluntas
704 3535 812 3575 non
822 3528 1002 3590 potest
1023 3521 1124 3576 sibi
1151 3536 1271 3577 esse
1295 3521 1586 3578 contraria.
1603 3522 1757 3578 Istas,
1840 3513 1908 3570 de
1945 3527 2054 3584 qua
2082 3513 2231 3570 velut
2260 3513 2488 3570 materia
2516 3515 2661 3569 Deus
2688 3513 2832 3568 hunc
2860 3511 3048 3568 ﬂatum
3077 3511 3267 3566 fecerit
3290 3527 3412 3582 quae

152 3609 380 3680 ergosie
393 3609 661 3675 condidit,
678 3619 814 3666 utex
834 3611 941 3668 illis
957 3626 1081 3668 esse
1092 3611 1224 3667 illud
1242 3611 1396 3681 cujus
1421 3628 1598 3669 causa
1610 3623 1739 3672 sum
1837 3603 2020 3658 anima
2045 3603 2265 3668 dicitur,
2294 3603 2420 3660 dum
2439 3603 2728 3673 quzrritur,
2751 3601 2884 3658 nihil
2909 3615 3226 3672 corporeum
3251 3601 3412 3657 debet

153 3705 472 3774 possit,sed
493 3720 601 3762 non
621 3721 843 3762 necesse
867 3705 960 3761 sit.
981 3694 1106 3762 illas
1129 3714 1311 3762 autem
1337 3707 1416 3762 sic
1428 3707 1744 3773 abscondit,
1838 3709 2156 3760 occurrere;
2192 3695 2332 3750 εἱειιι
2359 3695 2500 3748 enim
2537 3694 2680 3748 Deus
2705 3707 2920 3750 omnem
2954 3699 3289 3759 creaturam.
3331 3693 3414 3748 εἷα

153 3807 220 3852 ut
238 3812 304 3851 ex
324 3797 406 3852 eis
437 3812 560 3853 esse
603 3813 822 3858 necesse
863 3799 936 3855 sit
967 3799 1071 3855 hoc
1097 3799 1242 3868 quod
1267 3813 1343 3854 er
1365 3799 1486 3856 istis
1529 3797 1655 3856 flacit
1677 3809 1738 3854 ut

1842 3783 2021 3838 anima
2055 3800 2269 3840 omnem
2317 3794 2622 3840 creaturam
2660 3800 2976 3855 corpoream
3005 3792 3215 3840 naturae
3239 3785 3414 3856 digni-

153 3899 281 3940 csse
300 3886 489 3956 possit.
521 3885 806 3956 Sequitur:

687 3993 817 4032 ITEM
856 3992 1183 4035 AUGUSTINUS

231 4067 303 4119 D.
337 4065 405 4120 Et
433 4067 579 4136 ﬂavit
614 4067 667 4120 in
701 4067 890 4136 faciem
941 4067 1055 4138 ejus
1092 4069 1277 4138 [latum
1305 4069 1423 4122 vita:
1451 4062 1604 4140 (Gen.
1653 4085 1727 4134 ιι,

150 4157 236 4229 7).
269 4155 540 4222 Quomodo
563 4147 725 4213 istum
755 4158 940 4216 ﬂatum
966 4158 1256 4228 recipimus
1273 4198 1289 4224 ,
1317 4157 1363 4214 si
1391 4159 1532 4213 Deus
1557 4159 1736 4215 incor-

151 4260 362 4317 poreus
383 4247 502 4300 est?

235 4330 308 4385 ιι.
329 4383 332 4387 ,
352 4333 535 4390 b-lloc
577 4333 860 4390 manifeste
889 4334 1163 4394 sciendum
1191 4343 1276 4392 est
1301 4336 1425 4406 quia
1456 4337 1595 4392 sicut
1625 4353 1732 4392 non

1836 3887 1946 3934 tate
1975 3879 2270 3948 pneccllit;
2303 3895 2400 3950 per
2447 3879 2619 3934 lucem
2661 3879 2808 3934 enim
2866 3887 2922 3934 et
2963 3893 3142 3934 aerem
3197 3893 3317 3948 quae
3356 3877 3416 3933 in

1836 3969 1954 4039 ipso
1980 3983 2196 4038 quoque
2231 3969 2432 4024 mundo
2464 3969 2826 4038 pmcellentia
2861 3977 2988 4023 sunt
3024 3982 3274 4038 corpora,
3299 3985 3414 4024 ma-

1835 4058 2023 4129 gisque
2048 4059 2251 4113 habent
2275 4057 2506 4116 faciendi
2543 4059 2910 4128 prmstantiam
2954 4073 3116 4128 quam
3169 4059 3408 4127 patiendi

1833 4132 2252 4216 corpulentiam,
2285 4148 2425 4202 sicut
2449 4143 2645 4202 hum'or
2668 4156 2724 4202 et
2747 4156 2912 4211 terra,
2939 4155 3192 4216 tanquam
3222 4161 3321 4216 per
3339 4163 3403 4200 ea

1837 4251 1954 4304 qua),
1989 4235 2201 4305 spiritui
2225 4236 2482 4292 similiora
2509 4245 2636 4292 sunt
2661 4251 2858 4310 corpus
2878 4235 3239 4291 administrat.
3263 4235 3408 4289 Nun—

1835 4327 2090 4381 tiatenim
2111 4327 2316 4396 aliquid
2335 4327 2425 4382 lux
2447 4341 2738 4396 corporea:
2765 4331 2851 4383 cui
2871 4337 3051 4384 autem
3067 4326 3410 4387 nuntiat,non

63 4477 74 4502 ,
153 4422 410 4479 manibus
455 4425 700 4496 corporis
747 4425 905 4480 finXit
925 4467 940 4492 ,
977 4427 1051 4480 ita
1095 4441 1199 4481 nec
1241 4425 1484 4481 faucibus
1511 4427 1732 4484 labiisve
1759 4424 1918 4507 gest
1938 4416 2040 4472 hoc
2061 4416 2203 4485 (ιιιοά
2224 4416 2335 4507 ωδ,
2356 4423 2418 4507 ξι
2443 4415 2558 4472 hac
2579 4426 2664 4507 es}
2693 4417 2873 4472 animi!
2899 4417 2986 4471 cui
3022 4416 3408 4507 "ultimam"

151 4508 771 4570 sufﬂavit..Credendum
793 4525 975 4571 tamen
1003 4524 1088 4570 est
1114 4515 1728 4586 atque‘intelligendnm,

150 4615 334 4670 neque
363 4600 473 4656 ullo
501 4601 661 4658 modo
689 4603 1072 4668 dubitandum,
1108 4604 1252 4672 quod
1282 4612 1432 4659 recta
1461 4604 1594 4659 fides
1633 4605 1732 4658 ha-

151 4694 282 4756 bet,
322 4689 558 4748 animam
600 4693 680 4748 sic
705 4708 826 4749 esse
859 4709 890 4748 a
933 4694 1044 4749 Deo
1069 4735 1084 4760 ,
1127 4703 1385 4764 tanquam
1427 4710 1542 4750 rem
1568 4710 1730 4766 quam

148 4781 379 4847 fecerit,
430 4797 538 4838 non
585 4790 840 4854 tanquam
873 4794 1080 4839 naturae
1113 4783 1268 4852 cujus
1303 4785 1419 4855 ipse
1467 4793 1570 4849 est,
1619 4787 1734 4841 sive

147 4875 437 4945 genuerit,
465 4875 578 4930 sive
598 4877 980 4946 quoquomodo
1007 4875 1326 4948 protulerit-
1338 4876 1456 4930 Non
1485 4877 1550 4931 de
1579 4891 1734 4932 revo-

150 4962 454 5021 lutionibus
481 4973 662 5020 autem
695 4966 996 5021 animarum
1021 4965 1290 5035 quomodo
1319 4981 1378 5022 se
1408 4967 1605 5022 habeat
1647 4964 1740 5021 vel

148 5073 268 5112 non
299 5057 493 5113 habeat
516 5058 958 5131 philosophorum
997 5058 1178 5129 opinio
1197 5057 1526 5122 ,,catholica:
1553 5066 1732 5112 tamen

151 5149 287 5204 ﬁdei
312 5166 419 5205 non
444 5151 698 5206 convenit
727 5152 950 5206 credere
974 5151 1182 5208 animas
1206 5163 1460 5220 pecorum
1487 5149 1540 5202 in
1562 5149 1735 5203 homi-

149 5252 262 5292 nes
283 5247 376 5292 aut
410 5239 688 5295 hominum
716 5239 769 5294 in
795 5255 992 5311 pecora
1026 5238 1431 5308 transmigrare.
1467 5235 1601 5291 Nam
1642 5236 1733 5292 illa

148 5343 283 5399 qua:
327 5327 572 5384 feruntur
614 5329 876 5386 accidisse
920 5337 983 5384 ut
1027 5328 1248 5400 quidam
1293 5327 1450 5398 quasi
1483 5329 1734 5385 recorda-

149 5429 350 5476 rentur
374 5422 438 5476 ξιι-
462 5437 692 5492 quorum
716 5423 1028 5478 animalium
1051 5421 1366 5491 corporibus
1393 5419 1614 5486 fuerint,
1639 5430 1734 5476 aut

150 5511 295 5565 falsa
322 5520 634 5578 narrantur,
666 5521 760 5567 aut
798 5512 1252 5568 ludificationibus
1277 5512 1580 5568 daemonum
1629 5511 1735 5567 hoc

153 5603 210 5655 in
243 5617 432 5656 eorum
463 5604 658 5659 animis
701 5603 900 5658 factum
944 5611 1046 5659 est.
1091 5602 1150 5658 Si
1193 5603 1339 5660 enim.
1369 5603 1632 5676 contingit
1675 5603 1730 5658 in

231 5697 423 5782 axug.
454 5714 766 5794 de-Gcn._ad
787 5699 922 5780 1m,“
943 5729 1062 5784 cap.
1099 5713 1178 5768 ιι.

1837 4507 1927 4561 illa
1953 4522 2072 4576 quae
2097 4505 2328 4560 nuntiat.
2355 4505 2560 4562 Etcum
2591 4505 2902 4562 affectiones
2921 4505 3163 4576 corporis
3186 4505 3412 4559 moleste

1834 4599 2018 4662 sentit,
2045 4598 2311 4652 actionem
2336 4613 2616 4668 suamqua
2645 4597 2722 4652 illi
2747 4597 2981 4666 regendo
2995 4597 3166 4660 adest,
3192 4597 3408 4650 turbato

1835 4689 1954 4759 ejus
1977 4697 2406 4758 temperamento
2424 4687 2669 4756 impediri
2687 4687 2998 4752 offenditur,
3023 4693 3078 4740 et
3099 4687 3216 4742 lucc
3239 4686 3408 4741 oll‘en-

1834 4779 1916 4835 sio
1942 4777 2094 4834 dolor
2114 4787 2356 4834 vocatur.
2393 4778 2460 4832 Et
2488 4793 2582 4833 aer
2604 4776 2694 4846 qui
2721 4777 2902 4832 nervis
2933 4775 3143 4831 infusus
3179 4784 3280 4838 est,
3309 4792 3404 4845 pa-

1835 4877 1920 4924 ret
1950 4867 2212 4924 voluntati
2250 4877 2312 4922 ut
2336 4867 2576 4922 membra
2629 4873 2890 4931 moveat...
2919 4879 3027 4921 non
3063 4872 3244 4920 autem
3290 4866 3405 4935 ipse

1833 4958 2082 5014 voluntas
2112 4960 2215 5012 est.
2252 4956 2497 5025 Namque
2537 4954 2680 5009 aliud
2722 4968 2842 5010 esse
2869 4954 3138 5020 animam,
3165 4954 3268 5008 alia
3289 4955 3408 5010 haec

1833 5046 1951 5117 eius
1987 5047 2288 5118 corporalia
2322 5045 2618 5101 ministeria
2638 5085 2654 5109 ,
2680 5045 2763 5100 vel
2793 5044 3048 5111 vasa,vel
3076 5058 3296 5116 organa,
3325 5044 3406 5099 vel

1835 5141 1883 5194 si
1912 5140 2042 5209 quid
2074 5139 2254 5208 aptius
2283 5137 2388 5192 dici
2431 5143 2686 5207 possunt...
2705 5133 2848 5191 Hinc
2881 5135 3158 5191 evidenm
3193 5137 3406 5201 elucet,

1838 5229 1982 5300 quod
1997 5226 2312 5297 plerumque
2332 5242 2391 5282 se
2415 5225 2719 5280 vehementi
2747 5209 3089 5298 cogitationis
3111 5225 3410 5283 intentione

1839 5317 2038 5376 avertit
2077 5317 2146 5371 ab
2168 5315 2419 5372 omnibus
2445 5355 2462 5380 ,
2489 5323 2549 5370 ut
2589 5331 2699 5384 prae
2727 5316 2900 5371 oculis
2923 5315 3230 5386 patentibus
3259 5322 3407 5369 recte

1835 5408 2140 5468 valentibus
2169 5405 2338 5461 multa
2377 5405 2550 5476 posita
2592 5405 2824 5461 nesciat.
2865 5404 3004 5462 Nam
3047 5414 3104 5461 et
3138 5405 3409 5462 oblivisci-

1837 5512 1928 5558 tur
1962 5496 2286 5570 aliquando,
2303 5505 2372 5560 ,et
2406 5497 2546 5552 unde
2572 5497 2751 5553 veniat
2770 5505 2824 5552 et
2849 5511 2956 5568 quo
2979 5504 3067 5552 eat
3084 5531 3107 5564 ς
3139 5503 3195 5552 ει
3215 5495 3406 5551 transit

1836 5593 2150 5665 imprudens
2173 5591 2355 5647 villam
2389 5603 2495 5660 quo
2521 5588 2806 5656 tendebat,
2834 5597 3028 5644 natura
3060 5587 3145 5643 sui
3168 5585 3407 5656 corporis

1917 5708 1945 5748 ιι
1969 5705 2133 5779 Aug.,
2169 5703 2264 5759 lib.
2296 5719 2375 5760 vu
2394 5702 2460 5760 de
2486 5701 2618 5759 Gen.
2646 5702 2713 5758 ad
2737 5701 2867 5768 litt.,
2895 5715 3014 5770 cap.
3042 5697 3129 5765 ll,
3165 5695 3231 5750 l7
3253 5707 3403 5764 seqq.
