3950 6312
639 322 781 398 ius

2116 330 2409 388 WICBODI

3613 354 3693 413 llll

633 472 789 524 sana,
804 456 899 515 sed
915 469 1010 511 sua
1024 454 1078 510 in
1094 453 1238 511 aliud
1260 438 1503 510 evocata.
1530 452 1702 509 Omne
1722 449 1919 523 quippe
1940 461 2136 518 corpus
2149 445 2204 499 in
2232 443 2285 505 Α
2377 443 2446 500 ο.
2464 444 2604 514 Quid
2622 454 2708 503 est
2725 447 2871 503 enim
2894 447 3034 519 quod
3045 447 3231 517 anima,
3251 467 3356 524 qua:
3374 454 3571 516 innocens
3584 478 3692 528 στω,

634 563 794 604 omne
825 561 1024 617 corpus
1053 547 1248 602 mutari
1277 557 1435 614 posse
1476 542 1732 600 credibile
1769 549 1885 605 est,
1931 540 2209 611 quodlibet

632 648 815 695 autem
843 655 1039 711 corpus
1070 638 1267 693 mutari
1308 652 1464 707 posse
1493 637 1547 691 in
1580 636 1814 691 animam
1843 636 2067 690 credere
2112 634 2209 687 ab-

632 730 858 787 surdum
887 739 990 785 est.
1026 728 1158 784 illud
1183 743 1311 782 vero
1340 727 1615 782 videamus
1642 734 1821 781 utrum
1859 725 2079 781 forsitan
2116 737 2209 777 ve-

632 836 754 875 rum
787 834 907 875 esse
940 818 1142 889 possit,
1182 816 1323 887 quod
1361 823 1508 871 certe
1545 816 1793 870 humana:
1829 814 2072 885 opinioni
2116 821 2202 867 ιο·

630 912 908 970 lerabilius
936 910 1067 965 mihi
1093 908 1336 971 videtur,
1384 907 1551 961 Deum
1578 906 1631 960 in
1671 905 1776 961 illis
1811 905 2001 977 primis
2024 903 2205 973 operi-

629 1006 766 1069 bus,
823 1016 942 1071 quae
978 997 1137 1055 simul
1194 997 1377 1053 omnia
1437 995 1681 1061 creavit,
1744 997 1911 1051 etiam
1966 995 2202 1057 animam

628 1108 845 1152 creasse
891 1090 1208 1153 causaliter,
1240 1088 1533 1144 secundum
1582 1102 1744 1157 quam
1778 1084 1931 1140 ﬂeret
1958 1099 2079 1140 cum
2121 1083 2205 1170 fa.-

628 1183 877 1240 ciendum
905 1188 1053 1237 esset
1093 1194 1292 1249 corpus
1321 1179 1635 1233 humanum.
1680 1176 1816 1231 Nam
1854 1189 2028 1245 neque
2071 1173 2204 1229 illud

624 1278 769 1349 quod
793 1277 996 1333 dictum
1026 1281 1125 1337 est,
1157 1272 1227 1327 ad
1263 1274 1543 1343 imaginem
1569 1289 1742 1336 suam,
1767 1271 1873 1326 nisi
1897 1270 1952 1324 in
1986 1270 2200 1332 anima;

623 1384 803 1440 neque
828 1367 959 1423 illud
985 1366 1129 1437 quod
1161 1365 1362 1421 dictum
1387 1372 1490 1430 est,
1517 1362 1808 1418 masculum
1849 1372 1901 1417 et
1930 1363 2195 1432 feminam,

572 1476 579 1487 ‘
622 1461 730 1517 nisi
758 1460 815 1516 in
846 1474 1075 1530 corpore
1100 1467 1248 1513 recte
1295 1456 1664 1528 intelligimus.
1697 1455 1962 1537 Credatur
1990 1471 2118 1525 ergo
2156 1457 2204 1513 si

622 1550 771 1617 nulla
809 1550 1213 1623 Scripturarum
1258 1547 1552 1604 auctoritas
1586 1563 1680 1602 seu
1707 1548 1906 1603 veritas
1936 1547 2206 1603 contradi-

622 1634 732 1709 cit,
758 1629 1031 1698 hominem
1055 1642 1129 1696 ita
1153 1639 1354 1695 factum
1380 1645 1535 1694 sexto
1570 1639 1684 1702 die,
1718 1647 1776 1693 ut
1805 1639 2050 1709 corporis
2074 1639 2201 1708 qui-

621 1734 745 1790 dem
776 1748 941 1788 causa
969 1733 1024 1786 in
1050 1729 1329 1786 elementis
1354 1727 1569 1793 mundi,
1602 1728 1780 1783 anima
1805 1744 1933 1785 vero
1949 1726 2061 1798 jam
2086 1728 2198 1798 ipsa

623 1829 923 1877 crearetur.
956 1819 1107 1875 Sicut
1127 1834 1249 1874 cum
1295 1818 1504 1889 primus
1547 1818 1796 1874 conditus
1837 1827 1921 1873 est
1947 1819 2063 1874 dies
2090 1861 2104 1883 ,
2145 1829 2201 1875 et

625 1921 809 1968 creata
837 1911 1033 1966 lateret
1064 1912 1121 1966 in
1145 1911 1399 1981 operibus
1425 1909 1552 1975 Dei,
1583 1910 1753 1966 donec
1776 1923 1895 1964 eam
1922 1926 2020 1965 suo
2063 1918 2199 1965 tem-

620 2014 756 2072 pore
780 1998 1040 2056 sutilando
1063 2041 1078 2065 ,
1116 1999 1220 2055 hoc
1255 2006 1339 2054 est
1376 1998 1689 2073 inspirando
1720 1998 1951 2054 formato
1980 2014 2046 2054 ex
2072 1998 2201 2054 limo

621 2092 839 2163 corpori
874 2092 1159 2147 insereret.
1191 2089 1343 2158 Quod
1377 2090 1424 2145 si
1451 2090 1524 2145 ita
1549 2099 1664 2148 est.
1688 2088 1979 2146 fatebimur
2017 2107 2122 2147 non
2144 2091 2201 2146 in

620 2199 688 2240 eo
713 2196 895 2238 rerum
922 2195 1115 2253 genere
1137 2182 1374 2236 animam
1408 2181 1658 2251 primitus
1691 2191 1930 2238 creatam
1955 2191 2015 2237 ut
2054 2190 2199 2237 esset

619 2275 844 2346 praescia
883 2272 1049 2329 futuri
1085 2274 1263 2345 operis
1292 2273 1376 2329 sui
1404 2272 1643 2343 veljusti
1672 2274 1754 2328 vel
1782 2275 1974 2345 iniqui.
2013 2273 2198 2345 Neque

619 2368 765 2424 enim
791 2382 858 2422 ει
885 2366 971 2421 his
989 2373 1197 2420 tantum
1228 2366 1526 2422 laudandus
1550 2374 1634 2422 est
1666 2365 1823 2429 Deus,
1856 2368 2051 2436 quibus
2066 2382 2200 2437 prae-

618 2456 903 2512 scientiam
924 2455 1101 2521 dedit,
1133 2471 1257 2510 cum
1282 2464 1429 2512 recte
1467 2456 1716 2511 laudetur
1738 2458 1903 2512 etiam
1924 2458 2051 2529 quia
2096 2473 2195 2528 pe-

619 2562 746 2603 cora
782 2547 1023 2614 creavit,
1061 2547 1259 2617 quibus
1311 2544 1397 2604 est
1432 2555 1625 2602 natura
1666 2548 1901 2604 humana
1934 2556 2197 2618 praestan-

619 2637 753 2703 tior,
786 2638 949 2693 etiam
984 2639 1038 2692 in
1071 2637 1202 2708 ipsis
1243 2638 1611 2709 peccantibus.
1643 2637 1845 2693 Natura
1871 2638 2070 2709 quippe
2089 2639 2192 2693 ho-

619 2728 783 2783 minis
815 2742 883 2783 ex
916 2726 1027 2782 Deo
1060 2735 1177 2793 est,
1216 2743 1323 2781 non
1354 2727 1610 2797 iniquitas
1644 2742 1750 2797 qua
1788 2742 1847 2783 se
1875 2727 1990 2798 ipse
2016 2727 2191 2782 invol-

617 2820 728 2887 vit,
757 2820 899 2876 male
931 2821 1129 2875 utendo
1149 2818 1319 2874 libero
1340 2814 1594 2884 arbitrio',
1625 2818 1767 2889 quod
1803 2827 1983 2876 tamen
2004 2819 2051 2875 si
2087 2835 2195 2875 non

617 2910 862 2977 haberet,
895 2912 951 2967 in
995 2919 1187 2967 natura
1233 2926 1416 2966 rerum
1464 2910 1643 2966 minus
1684 2910 1993 2967 excelleret.
2038 2909 2197 2980 Cogi-

621 3004 817 3060 tandus
849 3011 933 3059 est
980 3003 1177 3073 quippe
1205 3002 1366 3058 homo
1402 3000 1551 3072 iuste
1596 3002 1812 3066 vivens,
1864 3002 2032 3057 etiam
2086 3018 2193 3056 non

2308 541 2422 598 est,
2446 533 2503 589 in
2546 550 2742 607 corpus
2780 535 3040 605 introivit,
3069 540 3202 609 quod
3224 539 3346 598 Dens
3373 549 3693 622 presciehupec.

2308 627 2594 681 caturum?

2384 737 2457 792 ll.
2496 738 2653 795 Absit
2689 740 2794 797 hoc
2827 741 3210 812 recipiendum,
3242 751 3296 798 ut
3332 754 3556 816 propterea
3588 755 3693 813 anim

2307 838 2488 885 creata
2526 830 2743 896 fuisset,
2783 840 2844 887 ut
2885 833 2938 886 in
2968 848 3154 902 corpus
3190 834 3316 904 quod
3346 834 3462 891 Deus
3491 843 3693 907 pmciehat

2306 928 2651 987 peccaturum
2696 921 3007 988 introisset,
3042 932 3095 977 et
3124 921 3187 978 ad
3226 922 3319 979 hoc
3353 936 3565 981 reservata
3585 940 3691 995 esset,

2306 1009 2432 1079 quia
2453 1009 2500 1064 si
2517 1010 2596 1064 sic
2617 1018 2779 1072 esset,
2806 1010 2948 1067 Deus
2964 1019 3145 1066 auctor
3165 1012 3350 1080 peccati
3370 1012 3544 1079 luisset;
3559 1018 3692 1075 sedne.

2306 1106 2389 1154 est
2420 1098 2515 1153 ita.
2557 1098 2725 1169 Magis
2751 1109 2932 1154 autem
2970 1100 3343 1171 intelligendum
3369 1112 3498 1172 atque
3530 1108 3692 1177 recipia-

2306 1192 2431 1247 dum
2450 1232 2466 1258 ,
2495 1192 2639 1262 quod
2662 1193 2771 1249 Deo
2800 1193 3119 1263 inspirante,
3153 1193 3257 1263 ipsa
3289 1193 3529 1248 voluntaria
3559 1197 3693 1252 introis-

2305 1290 2388 1337 set
2428 1283 2485 1336 in
2507 1297 2703 1352 corpus
2730 1281 3205 1338 administrandum
3229 1282 3400 1353 ipsum,
3422 1282 3521 1353 quia
3549 1298 3614 1352 per
3633 1286 3693 1338 ani-

2306 1386 2448 1425 mam
2479 1374 2710 1427 sentitur
2733 1386 2952 1441 corpus,
2974 1373 3098 1442 quia
3120 1373 3169 1428 si
3191 1373 3352 1429 anima
3376 1388 3463 1428 non
3478 1384 3562 1439 est,
3579 1389 3694 1443 corpu

2305 1468 2576 1515 mortuum
2603 1469 2713 1515 est.

2374 1567 2450 1621 D.
2502 1568 2643 1635 Quid
2686 1585 2818 1640 ergo
2865 1579 2950 1625 est
3000 1571 3210 1626 anima?
3243 1580 3328 1626 aut
3352 1571 3391 1627 si
3423 1580 3488 1627 est
3513 1571 3696 1641 alian

2304 1661 2445 1716 unde
2471 1661 2664 1716 animae
2690 1661 2854 1727 ﬁant,
2879 1663 3009 1732 quid
3034 1663 3145 1732 ipsa
3172 1664 3279 1719 est?
3303 1664 3423 1733 quod
3441 1679 3582 1718 nomen
3605 1660 3694 1729 eiul

2236 1786 2277 1845 Β
2304 1768 2425 1823 qua:
2459 1755 2701 1825 species?
2735 1770 2895 1825 quem
2934 1772 3093 1811 usum
3130 1757 3183 1811 in
3217 1757 3362 1813 rebus
3390 1756 3562 1811 conditis
3589 1753 3693 1809 tenui

2302 1848 2462 1911 vivit,
2493 1862 2561 1901 an
2584 1848 2729 1904 non?
2755 1847 2813 1903 Si
2840 1848 2994 1914 vivit,
3023 1851 3149 1919 quid
3172 1848 3362 1906 confert
3380 1845 3693 1904 universitatisal-

2298 1936 2564 1994 fectibus?
2582 1939 2868 1994 beatamne
2888 1940 3058 1994 vitam
3096 1941 3257 2006 ducit,
3282 1955 3344 1994 an
3377 1940 3593 1993 miseram?
3616 1936 3694 2002 Quid

2298 2028 2428 2099 ergo
2453 2030 2667 2085 anima?
2693 2029 2889 2090 coelum
2914 2045 3025 2086 non
3045 2019 3143 2095 est,
3169 2045 3333 2101 neque
3350 2038 3482 2093 terra,
3502 2042 3615 2097 neque
3627 2041 3690 2088 aer,

2298 2135 2476 2189 neque
2502 2119 2645 2191 ignis
2666 2161 2681 2185 ,
2711 2135 2816 2175 non
2844 2135 2987 2190 aqua
3008 2161 3024 2187 ,
3055 2137 3163 2176 non
3190 2121 3341 2187 Deus,
3369 2135 3454 2175 non
3485 2118 3617 2180 sidera,
3634 2131 3694 2169 non

2296 2211 2480 2276 visus,
2516 2226 2623 2265 non
2657 2211 2892 2276 auditus,
2947 2228 3057 2267 non
3093 2219 3302 2281 gustus,
3331 2208 3402 2265 vel
3423 2216 3586 2269 unum,
3611 2204 3692 2274 ll“nd
3800 2204 3801 2245 ἶ

2295 2296 2616 2356 enumerare
2639 2300 2854 2371 longum
2878 2308 2980 2368 est,
3010 2317 3130 2371 quae
3154 2301 3207 2354 in
3229 2299 3357 2356 coelo
3370 2306 3471 2353 sunt
3483 2306 3525 2350 et
3542 2296 3687 2348 interra.

2302 2389 2457 2446 Unde
2476 2405 2607 2462 ergo
2627 2401 2711 2446 est
2735 2391 2915 2446 anima
2937 2392 2961 2445 ?

2365 2478 2451 2535 Μ.
2484 2480 2675 2536 Anima
2701 2495 2769 2536 ex
2798 2481 2908 2537 Deo
2928 2481 3056 2536 data
3077 2488 3159 2536 est
3182 2488 3235 2535 et
3256 2494 3318 2535 ex
3348 2476 3482 2534 nihilo
3499 2468 3693 2538 itemqui:

2294 2573 2457 2629 homo
2484 2574 2575 2645 qui
2605 2574 2670 2629 de
2695 2582 2837 2629 terra
2873 2572 3053 2629 factus
3079 2582 3180 2639 est,
3239 2573 3292 2628 in
3323 2580 3485 2627 terram
3502 2564 3694 2621 revertitur.

2296 2665 2556 2722 Similiter
2592 2666 2744 2721 nives
2785 2674 2841 2721 et
2888 2665 3167 2735 procellae,
3217 2680 3330 2735 qua:
3371 2677 3429 2718 ex
3467 2672 3558 2727 aqua
3587 2654 3693 2713 ﬁunt.

2295 2764 2350 2811 et
2374 2770 2467 2811 aer
2486 2756 2651 2811 sumit
2679 2756 2744 2811 de
2770 2764 2943 2818 terra,
2977 2755 3034 2810 in
3063 2769 3253 2824 aquam
3280 2739 3693 2808 revertuntur,etite-

2296 2863 2417 2902 rum
2453 2847 2520 2901 de
2557 2856 2702 2901 terra
2748 2861 2815 2901 ex
2841 2861 2948 2915 qua
2972 2853 3186 2915 sumpta
3224 2851 3338 2898 sunt
3361 2842 3406 2895 in
3428 2828 3701 2894 aemulum

2293 2953 2430 2994 vero
2469 2953 2580 2993 non
2618 2938 2779 2992 habet
2808 2936 2975 2991 ullum
3004 2936 3326 2992 elementum
3348 2931 3406 2988 ad
3428 2926 3534 2999 quod
3550 2927 3697 2978 τοῖσιδ’

2295 3035 2411 3091 tur,
2442 3028 2549 3083 nisi
2586 3028 2655 3082 ad
2684 3034 2987 3082 creatorem
3029 3041 3183 3081 suum
3227 3031 3472 3096 postquam
3501 3017 3702 3079 demum

616 3095 876 3190 praescius
910 3092 1215 3190 futurorum
1235 3134 1251 3159 ,
1282 3102 1337 3150 et
1365 3092 1440 3149 ita
1466 3093 1900 3190 videndum-est,
1929 3093 2191 3190 excellen-
2218 3128 2266 3190 ο
2295 3119 2488 3175 “iam
2506 3158 2521 3185 ’
2546 3127 2608 3173 ιη
2633 3118 2750 3188 ipso
2776 3116 3094 3173 mnum
3122 3092 3334 3185 “mihi”
3358 3092 3474 3182 quod
3500 3111 3669 3160 mem“,

618 3186 694 3241 tia
718 3185 1009 3241 voluntatis
1052 3186 1207 3241 bona:
1230 3200 1391 3255 quam
1439 3200 1550 3240 non
1592 3184 1920 3255 impediatur
1948 3185 2017 3240 ad
2048 3194 2195 3240 recte

616 3274 905 3330 vivendum
927 3283 982 3329 et
1012 3274 1104 3345 qui
1129 3274 1453 3343 placendum
1487 3287 1545 3339 ι,
1585 3273 1730 3344 quod
1768 3275 1986 3345 ignarus
2028 3276 2194 3329 futuri

617 3366 757 3423 vivit
776 3382 845 3422 ex
888 3365 1011 3421 ﬁde.
1060 3366 1377 3436 Hujusmodi
1420 3381 1551 3439 ergo
1602 3379 1908 3423 creaturam
1951 3366 2199 3436 quisquis

616 3471 739 3514 esse
764 3455 898 3512 nolit
935 3455 988 3512 in
1029 3458 1215 3521 rebus,
1253 3457 1574 3513 contradicit
1605 3457 1700 3514 Dei
1746 3456 2010 3523 bonitati;
2044 3456 2197 3526 quis-

617 3552 739 3623 quis
761 3560 941 3607 autem
963 3566 1151 3621 paenae
1180 3566 1299 3608 eam
1329 3566 1440 3609 non
1470 3552 1583 3607 vult
1611 3552 1759 3625 luere
1787 3568 1885 3622 pro
1923 3551 2195 3621 peccatis,

618 3641 868 3699 inimicus
891 3649 973 3699 est
995 3642 1258 3712 aequitati.
1280 3642 1377 3698 His
1402 3642 1548 3697 enim
1568 3643 1819 3699 omnibus
1837 3643 2031 3699 divina:
2053 3641 2199 3696 Scri-

617 3742 791 3803 pturze
814 3732 1137 3787 testimoniis
1155 3772 1173 3797 ,
1195 3747 1357 3801 quam
1377 3747 1498 3788 esse
1510 3747 1758 3787 veracem
1778 3747 1938 3788 nemo
1964 3732 2215 3803 dubitat,_

618 3824 723 3880 nisi
755 3823 985 3877 inﬁdelis
1021 3829 1077 3878 et
1127 3822 1359 3892 impius;
1394 3824 1464 3878 ad
1502 3823 1649 3878 illam
1679 3824 2006 3878 sententiam
2049 3823 2197 3877 ducti

621 3930 845 3979 sumus,
871 3924 933 3969 ut
962 3914 1263 3969 diceremus
1300 3914 1470 3969 Deum
1503 3915 1572 3969 ab
1608 3914 1830 3969 exordio
1859 3913 2040 3969 saeculi
2081 3902 2217 3983 pri?

619 4018 768 4059 mnm
781 4002 938 4058 simul
952 4002 1131 4058 omnia
1146 4002 1437 4066 creavisse;
1452 4003 1694 4072 quaedam
1709 4000 2056 4071 conditisjam
2071 4003 2200 4071 ipsis

620 4093 848 4157 naturis,
877 4092 1119 4163 quaedam
1148 4091 1489 4164 prtecognitis
1512 4090 1719 4157 causis,
1746 4091 1887 4147 sicut
1908 4108 2014 4148 non
2025 4092 2199 4148 solum

619 4185 907 4257 pmsentia
927 4224 943 4251 ,
973 4200 1159 4241 verum
1188 4184 1353 4239 etiam
1376 4183 1555 4239 futura
1584 4181 1713 4239 fecit
1747 4181 2119 4256 Omnipotens,
2145 4196 2201 4239 et

619 4278 688 4333 ab
716 4277 797 4332 eis
823 4276 983 4333 factis
1016 4276 1310 4347 requievit,
1349 4283 1409 4331 ut
1451 4291 1640 4331 eorum
1684 4276 1936 4347 deinceps
1969 4276 2201 4333 admini-

620 4367 879 4421 stratione
900 4374 1061 4436 atque
1082 4365 1343 4437 regimine
1367 4373 1579 4421 crearet
1602 4367 1767 4421 etiam
1806 4368 2026 4423 ordines
2053 4377 2196 4423 tem-

2363 3228 2434 3282 D.
2470 3226 2791 3297 lnquirenda
2814 3234 2898 3281 est
2935 3241 3071 3297 ergo
3097 3226 3236 3283 ratio
3273 3221 3399 3280 unde
3430 3214 3580 3275 lumini
3599 3207 3706 3265 irin

2297 3323 2479 3377 veniat
2502 3318 2719 3391 quando
2743 3318 3024 3375 nascitur?
3106 3318 3123 3329 ‘

2368 3432 2447 3488 If.
2470 3432 2576 3487 Alii
2616 3432 2803 3488 dicunt
2822 3430 2966 3502 quod
2998 3432 3144 3487 sicut
3173 3445 3296 3487 caro
3319 3428 3379 3484 de
3397 3413 3705 3482 camenaseitnr.

2298 3524 2371 3581 ita
2396 3524 2574 3579 anima
2599 3523 2665 3579 de
2689 3522 2867 3577 anima
2896 3529 3184 3588 nascatur;
3214 3519 3309 3575 sed
3331 3519 3420 3572 hoc
3437 3510 3708 3588 δεῆνιιιηυφ

2298 3623 2485 3671 narrat
2518 3614 2633 3671 ullo
2655 3614 2802 3676 loco,
2837 3613 2978 3667 unde
3004 3586 3187 3666 anima
3215 3607 3397 3665 homini
3426 3602 3565 3658 veniat
3582 3586 3709 3663 qm“

2296 3717 2458 3764 natus
2488 3715 2599 3773 est,
2643 3720 2816 3776 neque
2850 3705 2918 3759 de
2943 3704 3059 3772 ipsa
3085 3702 3263 3758 anima
3290 3694 3519 3755 mulieri,

2297 3799 2348 3854 ei
2378 3799 2502 3854 data
2529 3771 2748 3862 fuisset,
2775 3796 2917 3852 sicut
2938 3771 3127 3850 mm
3155 3793 3221 3850 de
3246 3802 3395 3846 carne
3415 3771 3710 3857 quomode

2298 3898 2401 3944 est.
3527 3909 3532 3913 '

2367 4000 2474 4055 Alii
2498 4014 2627 4055 vero
2659 3998 2854 4054 melius
2880 3998 3145 4063 sentiunt,
3172 3995 3309 4067 quod
3327 3987 3564 4054 unicui‘lne

2298 4092 2477 4149 anima
2491 4106 2524 4146 a
2544 4091 2654 4146 Deo
2679 4091 2803 4146 data
2823 4090 2911 4153 sit,
2943 4087 3161 4158 quando
3184 4066 3335 4142 natus
3355 4089 3446 4146 est,
3457 4078 3565 4133 sicut
3575 4066 3704 4158 illis?

2300 4185 2557 4254 scriptum
2576 4189 2662 4237 est
2689 4196 2704 4236 :
2734 4154 2979 4252 Spiritus
2999 4196 3064 4234 ea:
3086 4195 3166 4235 me
3184 4176 3419 4251 procedit,
3448 4179 3488 4226 et

2298 4288 2408 4331 tum
2423 4291 2515 4345 ego
2542 4274 2640 4343 feci
2669 4271 2804 4344 (ιτα.
2830 4287 2965 4337 Lvn,
2989 4270 3105 4341 16),
3144 4269 3198 4327 id
3240 4276 3321 4324 est
3361 4273 3540 4352 omnm}

2302 4366 2369 4420 Et
2392 4331 2615 4420 sicut'iu
2644 4331 2855 4433 psalmo
2873 4331 3136 4431 scriptum
3159 4367 3242 4415 est
3266 4373 3280 4412 :
3309 4355 3403 4423 Qui
3424 4348 3549 4423 ﬁnxit
3574 4331 3718 4433 sint“?

619 4475 812 4530 porum
847 4466 902 4513 et
920 4426 1321 4527 temporalium.
1346 4456 1500 4511 Nunc
1526 4466 1702 4512 tamen
1729 4458 1795 4513 de
1830 4459 2010 4513 anima
2034 4474 2196 4528 quam
2224 4455 2281 4518 D
2298 4460 2391 4513 tim
2416 4457 2575 4512 corda
2597 4426 2777 4511 eorum
2802 4426 3174 4528 (Psalxxxxn,
3219 4452 3324 4523 15).
3348 4450 3410 4505 Et
3450 4443 3525 4500 alii

622 4552 766 4608 Deus
790 4550 1074 4623 inspiravit
1096 4549 1302 4605 homini
1325 4549 1586 4605 sulllando
1607 4550 1664 4604 in
1686 4548 1803 4618 ejus
1824 4549 2041 4615 faciem,
2065 4551 2198 4605 nihil

622 4641 904 4706 conﬁrmo,
941 4640 1195 4710 nisiquia
1223 4655 1293 4695 ex
1318 4640 1430 4695 Deo
1453 4640 1533 4696 sic
1560 4646 1645 4694 est
1666 4680 1681 4707 ,
1719 4647 1780 4695 ut
1823 4655 1930 4695 non
1954 4641 2024 4696 sit
2068 4642 2215 4717 sub-I

622 4731 820 4786 stantia
850 4728 981 4796 Dei,
1019 4736 1075 4785 ει
1110 4730 1183 4785 sit
1208 4728 1555 4800 incorporea:
1592 4729 1649 4785 id
1688 4738 1804 4796 est,
1841 4745 1948 4786 non
1981 4732 2053 4786 sit
2079 4747 2201 4788 cor-

623 4837 753 4891 pus,
785 4821 879 4875 sed
899 4819 1152 4890 spiritus;
1183 4834 1290 4875 non
1314 4820 1381 4876 de
1404 4820 1704 4875 substantia
1729 4819 1825 4876 Dei
1848 4820 2081 4892 genitus,
2101 4838 2202 4879 nec

625 4915 691 4968 de
723 4913 1022 4969 substantia
1043 4909 1139 4965 Dei
1158 4911 1477 4981 procedens,
1504 4910 1601 4967 sed
1632 4910 1807 4966 factus
1841 4925 1873 4964 a
1915 4910 2061 4976 Deo;
2103 4928 2207 4969 nec

625 5001 701 5057 ita
735 5002 909 5058 factus
926 5011 1017 5065 ,ut
1037 5002 1091 5057 in
1116 4986 1235 5070 eius
1268 5008 1518 5075 aautram
1538 5008 1728 5057 natura
1751 5000 1840 5056 illa
1863 5002 2108 5071 corporis
2124 5003 2207 5058 vel

626 5091 964 5147 inrationalis
1005 5091 1198 5147 anim
1218 5099 1534 5148 verteretur.

804 5190 1047 5257 381.1008
1084 5195 1428 5244 QUABSTIONES
1464 5196 1530 5234 DE
1567 5196 1782 5236 NATUBA
1819 5198 2023 5237 ΔΝΙΙΕ.

697 5267 768 5321 D.
807 5267 1095 5341 Imumavit
1132 5271 1190 5325 in
1231 5271 1368 5342 facie
1400 5269 1515 5340 ejus
1545 5270 1866 5339 spiraculum
1906 5273 2047 5329 vita.
2097 5273 2202 5328 Per

628 5356 955 5426 spiraculum
974 5357 1099 5414 vitae
1122 5360 1251 5430 quid
1273 5359 1570 5430 intelligere
1592 5359 1880 5416 debemus?
2204 5346 2209 5419 ί

701 5446 780 5502 Η.
819 5449 933 5506 Hoc
963 5459 1050 5507 est
1083 5454 1318 5507 animam
1348 5452 1544 5515 facere,
1582 5452 1722 5505 sicut
1747 5466 1844 5520 per
1883 5453 2076 5508 Isaiam
2117 5455 2200 5511 di-

2301 4550 2507 4615 dicunt,
2537 4548 2679 4618 quod
2708 4525 2834 4602 tunc
2859 4546 3053 4601 anima:
3094 4544 3328 4602 omnium
3359 4544 3527 4595 creata:
3560 4525 3719 4618 inissent.

2301 4605 2515 4711 quando
2535 4605 2695 4693 simul
2716 4636 2895 4692 omnia
2937 4636 3090 4701 iecit,
3108 4644 3163 4691 et
3200 4634 3255 4690 in
3276 4629 3486 4703 quodam
3506 4622 3602 4713 l0”

2302 4710 2507 4794 tantur,
2529 4727 2700 4782 donec
2728 4726 2886 4781 homo
2914 4733 3076 4781 natus
3095 4726 3185 4789 sit,
3216 4731 3271 4779 et
3292 4731 3410 4776 tunc
3427 4716 3473 4771 ei
3492 4710 3588 4767 data
3603 4710 3723 4791 sil

2305 4834 2391 4874 ma
2420 4834 2485 4873 ex
2510 4819 2640 4873 Deo.
2666 4816 2773 4873 Sed
2802 4817 2904 4872 hoc
2929 4832 3037 4872 non
3066 4824 3152 4873 est
3174 4816 3230 4871 in
3264 4814 3414 4869 rebus
3444 4810 3604 4862 nostris
3622 4802 3724 4848 0W“

2307 4912 2602 4968 derandum
2644 4911 2771 4981 quid
2794 4910 2881 4965 vel
2913 4911 3078 4977 sinat,
3126 4909 3210 4964 vel
3249 4922 3349 4963 non
3388 4904 3527 4971 sinat,
3558 4880 3724 4981 (ιυθωαιιξ

2308 5001 2487 5054 anima
2514 5001 2639 5055 data
2660 4973 2741 5054 sit
2781 4998 2987 5054 homini
3017 5016 3032 5053 :
3224 4996 3481 5064 Scriptura
3515 4997 3598 5040 non
3619 4973 3725 5030 11³¹τ³¹

2310 5093 2419 5149 ullo
2463 5093 2613 5159 loco,
2661 5109 2760 5149 nos
2802 5108 2908 5149 non
2946 5108 3231 5163 possumus
3262 5092 3534 5148 discernere
3548 5071 3651 5148 quod
3680 5076 3727 5115 *θ’

2306 5185 2438 5239 ritas
2465 5184 2651 5250 tacuit,
2679 5192 2735 5238 et
2750 5183 2882 5239 nihil
2905 5184 3051 5241 aliud
3074 5193 3228 5241 sonat
3243 5182 3497 5251 Scriptura
3515 5171 3569 5226 de
3591 5167 3664 5264 litt
3678 5169 3728 5211 κν

2304 5275 2407 5330 nisi
2434 5275 2538 5329 hoc
2558 5282 2788 5340 tantum,
2819 5277 3090 5345 quomodo
3121 5276 3297 5331 anima
3325 5288 3354 5327 a
3388 5270 3486 5325 Deo
3505 5267 3602 5320 da“
3621 5259 3681 5345 mf

2374 5361 2445 5417 D.
2465 5361 2607 5432 Ergo
2628 5340 2875 5432 salvator
2895 5373 3081 5419 noster
3107 5362 3245 5419 unde
3270 5358 3445 5432 habuit
3463 5340 3669 5432 auinam}

2373 5453 2451 5508 Μ.
2480 5423 2598 5510 Non
2627 5423 2705 5509 de
2712 5452 2906 5520 Adam,
2931 5456 3026 5510 sed
3047 5456 3185 5523 unde
3211 5423 3463 5514 Adam,‘id
3484 5451 3551 5499 est
3576 5451 3625 5489 ex
3644 5430 3730 5484 DN.

630 5536 739 5593 cit:
761 5537 987 5612 Spiritus
999 5558 1062 5595 ea:
1082 5559 1163 5597 me
1186 5543 1439 5613 procedit,
1468 5548 1523 5596 et
1538 5540 1754 5595 Omnem
1776 5544 1962 5611 [latum
1982 5561 2075 5617 ego
2097 5546 2198 5615 [cci
2300 5547 2426 5617 quia
2448 5546 2694 5617 quamvis
2716 5546 2780 5601 de
2806 5548 3097 5617 propagine
3126 5544 3329 5616 peccati
3357 5526 3649 5617 descenderit.
3684 5526 3733 5617 οξ

634 5623 770 5694 (Isa.
788 5644 898 5693 va,
934 5630 1039 5700 16).
1552 5686 1555 5687 ν
2017 5614 2029 5617 ἡ
2100 5614 2107 5615 ί

2303 5614 2427 5693 men
2449 5614 2516 5691 de
2567 5614 2858 5709 propagine
2890 5614 3095 5708 peccati
3127 5614 3247 5692 inon
3286 5628 3525 5699 concepit.
3561 5615 3654 5691 qui“
3676 5614 3734 5660 ⁸³⁸⁸

704 5728 728 5757 ι
765 5713 918 5787 Apud
954 5721 1332 5801 Augustinum,
1363 5719 1461 5776 lib.
1508 5734 1581 5777 vu
1608 5721 1687 5775 De
1709 5721 1910 5780 Genesi
1942 5729 2020 5781 ad
2048 5729 2201 5787 litter;

2296 5770 2311 5796 ,
2342 5746 2391 5785 c.
2423 5725 2521 5793 26,
2549 5724 2771 5798 legitur,
2803 5727 2867 5782 Et
2899 5728 3008 5783 Deo
3038 5725 3357 5800 placendum.
