3950 6312
152 344 276 404 1143

1051 343 1178 399 LIB.
1218 339 1692 410 ρυΑεδτιοΝυΜ
1730 339 1953 395 SUPER
1993 341 2122 394 LIB.
2157 339 2468 395 GENESIS.

3241 344 3266 398 Ι
3277 343 3376 401 uti

149 461 253 528 ipsa
275 463 392 512 erat
419 469 550 510 caro
574 453 801 524 peccati,
831 452 926 509 sed
948 453 1242 510 similitudo
1267 454 1446 508 carnis
1470 451 1696 522 peccati.
1727 455 1775 510 Α
1802 451 1945 518 quod
1990 450 2232 519 sequitur
2261 468 2274 502 :
2323 450 2390 503 Et
2436 450 2635 520 lignum
2677 453 2795 506 vita:
2821 453 2877 507 in
2930 455 3099 508 medio
3142 457 3376 525 paradisi

147 548 256 604 Non
285 547 428 602 enim
457 547 582 601 inde
609 546 816 615 accepit
847 551 1057 599 reatum
1087 544 1371 599 moriendi.

212 637 280 691 D.
307 637 376 692 Et
423 638 624 703 anima,
653 637 865 705 quando
895 636 959 690 de
993 635 1096 690 hoc
1123 649 1350 703 corpore
1371 635 1700 703 migraverit,

145 737 222 788 est
251 728 547 798 corporalis
571 743 640 781 an
674 725 1066 794 incorporalis?

211 818 290 874 Π.
323 815 684 886 Incorporalis
707 815 923 886 quidem
951 823 1052 868 est.

207 909 275 964 υ.
306 908 586 976 Quomodo
611 921 738 976 ergo
763 915 1028 976 portatur,
1058 907 1101 960 si
1125 904 1476 974 incorporalis
1508 903 1633 958 est?

208 997 287 1053 ιι.
319 998 636 1066 lncorporea
661 995 874 1064 quidem
901 994 1091 1048 similis
1119 993 1458 1062 corporibus.

205 1090 275 1144 D.
310 1090 377 1144 Et
398 1087 489 1144 ubi
516 1087 798 1157 portatur?
834 1088 901 1140 ad
925 1086 1097 1140 locum
1136 1100 1472 1154 corporeum,
1500 1097 1568 1135 an
1617 1081 1706 1135 in-

143 1193 453 1250 corporeum
470 1179 495 1233 ?

208 1271 287 1326 Η.
311 1271 392 1325 Ad
416 1271 532 1325 loca
561 1268 876 1337 incorporea
902 1267 1098 1322 similia
1124 1267 1509 1334 corporalibus.

206 1361 275 1414 D.
308 1360 577 1426 Quaeritur
600 1374 728 1428 ergo
755 1360 800 1413 si
844 1365 1023 1427 potest
1047 1359 1223 1411 anima
1247 1358 1450 1425 absque
1483 1370 1707 1425 corpore

143 1451 279 1504 inter
306 1449 522 1518 angelos
557 1448 612 1502 in
639 1455 896 1517 perpetua
923 1447 1252 1527 beatitudine
1277 1448 1573 1501 consistere
1589 1447 1708 1501 sine

144 1539 373 1604 delectu,
403 1539 530 1608 quid
556 1554 682 1608 ergo
706 1554 841 1607 opus
867 1547 948 1592 est
975 1545 1032 1590 ut
1060 1540 1254 1593 iterum
1280 1550 1463 1608 surgat
1486 1553 1704 1606 corpus,

142 1637 197 1683 ut
217 1629 367 1683 illam
397 1637 522 1684 tunc
558 1629 914 1683 immortalem
946 1629 1150 1692 induat,
1187 1645 1347 1697 quam
1375 1645 1517 1684 nunc
1563 1644 1710 1682 mor-

143 1719 302 1774 talem
334 1719 613 1788 deposuit?

1803 538 2104 609 lignumque
2125 539 2358 592 scientia:
2392 539 2510 593 boni
2532 550 2579 593 et
2607 541 2754 606 mali,
2791 541 3100 612 diligentius
3134 544 3377 600 conside-

1805 627 2031 679 randum
2054 635 2137 680 est
2164 641 2231 680 ne
2253 634 2478 694 cogatur
2499 627 2552 681 in
2577 628 2910 699 allegoriam,
2939 637 3002 684 ut
3042 646 3148 685 non
3192 631 3294 686 ista
3318 633 3379 687 li-

1805 727 1908 780 gna
1945 711 2168 777 fuerint,
2198 714 2290 768 sed
2332 715 2478 768 aliud
2519 715 2722 785 aliquid
2757 718 2977 773 nomine
3030 719 3160 788 ligni
3183 720 3381 788 signiﬁ-

1805 811 1948 856 cent.
1974 802 2185 857 Dictum
2213 813 2296 858 est
2329 805 2471 858 enim
2496 807 2562 860 de
2609 807 2895 876 sapientia,
2920 809 3118 878 lignum
3146 810 3262 864 vim
3305 821 3379 864 est

1806 894 2226 964 amplectentibus
2282 913 2395 950 eam
2435 897 2616 967 (Prov.
2663 916 2768 966 ιιι,
2835 900 2947 972 18).
2994 902 3384 975 Verumtamen

1804 1000 1928 1038 cum
1950 985 2021 1038 sit
2042 985 2376 1040 Hierusalem
2399 997 2600 1042 aeterna
2649 989 2704 1043 in
2727 991 2902 1055 melis,
2925 991 3088 1046 etiam
3136 993 3189 1046 in
3233 1001 3382 1049 terra

1806 1076 2002 1130 civitas
2048 1091 2154 1144 qua
2185 1078 2274 1130 illa
2318 1079 2714 1148 signiﬁcaretur
2742 1084 2959 1138 condita
2999 1092 3102 1138 est.
3139 1085 3205 1138 Et
3243 1084 3382 1139 Sara

1805 1175 1859 1220 et
1882 1166 2022 1235 Agar
2045 1167 2291 1235 quamvis
2307 1170 2411 1222 duo
2435 1169 2781 1224 Testamenta
2805 1173 3193 1242 signiﬁcarent.
3228 1184 3381 1231 erant

1807 1265 1985 1311 tamen
2009 1259 2170 1312 etiam
2195 1261 2439 1327 qnmdam
2463 1262 2580 1314 dum
2593 1262 2868 1317 mulieres.
2899 1263 3110 1318 Etcum
3132 1258 3382 1320 Christus

1804 1361 1900 1415 per
1919 1347 2045 1417 ligni
2068 1349 2371 1416 passionem
2396 1350 2594 1405 ﬁuento
2620 1353 2846 1421 spiritali
2869 1370 2970 1409 nos
3012 1355 3220 1426 irriget,
3265 1364 3383 1410 erat

1807 1445 1984 1491 tamen
2029 1447 2178 1507 petra
2205 1455 2326 1508 qum
2364 1457 2556 1510 aquam
2601 1444 2802 1498 sitienti
2848 1447 3048 1515 popqu
3071 1447 3214 1517 ligno
3257 1462 3384 1518 per-

1807 1543 1963 1581 cussa
1990 1531 2245 1584 manavit.
2293 1530 2366 1585 De
2391 1548 2496 1601 qua
2543 1534 2779 1589 dicitur:
2832 1535 2992 1589 Petra
3050 1547 3222 1591 autem
3269 1547 3382 1592 erat

1809 1614 2045 1672 Christus
2079 1619 2132 1689 (Ι
2155 1617 2276 1673 Cor.
2301 1637 2354 1685 κ,
2379 1622 2454 1693 4),
2479 1639 2584 1677 non
2611 1624 2751 1678 sicut
2775 1624 2862 1678 ille
2885 1626 3086 1681 vitulus
3112 1629 3384 1697 saginatus

1799 1709 1897 1776 qui
1924 1709 2128 1764 minore
2158 1710 2266 1764 ﬁlio
2299 1721 2598 1767 rcvertente
2624 1715 2675 1767 in
2699 1715 2884 1783 epulas
2906 1731 3076 1771 caesus
3097 1727 3196 1772 est.
3231 1718 3381 1787 (Luc.
3417 1719 3438 1732 ‘

207 1807 290 1862 Μ,
316 1785 460 1864 ιηρέι
484 1812 696 1879 quidem
740 1810 980 1879 corporis
1015 1809 1426 1869 administratio,
1469 1823 1574 1876 quo
1622 1822 1708 1861 re.
1735 1785 1785 1844 Β
1815 1815 1904 1863 xv,
1940 1799 2053 1868 23).
2082 1801 2154 1853 Ibi
2181 1803 2376 1870 quippe
2399 1804 2512 1871 ipsa
2542 1805 2783 1858 narratio
2810 1806 3105 1876 ﬁgurarum
3147 1785 3248 1872 est,
3275 1824 3384 1863 non

141 1901 385 1954 tardatur
409 1901 622 1954 animus
647 1909 704 1955 ut
724 1917 829 1954 non
858 1902 910 1954 in
943 1900 1070 1953 illud
1097 1915 1363 1953 summum
1383 1906 1589 1968 pergat,
1613 1899 1709 1952 do-

142 2003 235 2043 nec
261 1997 553 2060 consurgat
574 2006 788 2059 corpus,
819 1990 1031 2060 utquod
1055 2006 1196 2044 nunc
1224 1990 1271 2044 ei
1297 1989 1350 2042 in
1368 1989 1578 2043 sarcina
1601 1997 1704 2054 est,

143 2086 268 2134 tunc
294 2081 365 2133 sit
392 2081 445 2134 in
473 2081 663 2151 gloria.

207 2169 278 2223 D.
323 2170 460 2236 Quid
492 2187 620 2238 ergo
664 2188 799 2242 opus
824 2181 926 2236 est,
974 2181 1034 2226 ut
1078 2173 1282 2242 parvuli
1332 2174 1424 2242 qui
1459 2182 1708 2243 parentes

143 2263 342 2316 habent
366 2263 699 2320 Christianos
720 2273 923 2335 patrem
955 2274 1009 2321 et
1033 2276 1280 2332 matrem,
1311 2268 1508 2322 iterum
1545 2283 1706 2322 rena-

141 2363 364 2408 scantur
388 2371 482 2424 per
507 2373 699 2426 aquam
725 2359 1100 2428 baptismatis?

209 2441 291 2495 ll.
336 2442 468 2508 Quia
497 2447 866 2515 unusquisque
907 2447 961 2501 in
991 2446 1236 2517 originali
1277 2455 1500 2516 peccato
1539 2445 1713 2502 nasci-

141 2539 249 2598 tur,
288 2541 345 2588 et
371 2535 473 2588 nisi
504 2544 721 2590 renatus
746 2537 817 2590 sit
842 2551 939 2606 per
971 2553 1165 2606 aquam
1190 2537 1551 2608 baptismatis,
1599 2551 1707 2590 non

140 2631 318 2694 potest
344 2609 565 2678 introire
583 2625 636 2677 in
663 2641 883 2695 regnum
912 2625 1028 2681 Dei.
1171 2623 1174 2625 ’

545 2731 609 2769 »ε
649 2732 1017 2772 ΡιΑΝτΑτῐοΝΕ.
1056 2730 1296 2773 ιιλιιλνιει
1306 2757 1320 2771 ο

210 2804 572 2875 Hieronymus
602 2807 656 2860 in
687 2807 822 2862 libro
845 2807 1211 2875 Qumstionum
1250 2808 1321 2862 ita
1346 2823 1361 2862 :
1391 2806 1460 2861 Et
1493 2806 1710 2877 planta-

140 2896 207 2948 vit
229 2895 456 2950 Dminus
483 2897 618 2952 Deus
656 2900 962 2968 paradisum
983 2903 1038 2953 in
1061 2898 1206 2953 Eden
1229 2909 1409 2952 contra
1437 2899 1707 2952 orientem.

144 2982 245 3038 Pro
297 2983 566 3053 paradiso,
617 2987 832 3041 hortum
887 2988 1084 3051 habet,
1134 2987 1187 3042 id
1235 2994 1319 3042 est
1370 3003 1493 3058 gan.
1543 2987 1712 3041 Porro

1809 1906 1990 1944 rerum
2014 1900 2282 1960 gestarum
2310 1894 2534 1962 ﬁgurata
2559 1895 2901 1964 signiﬁcatio.
2934 1896 3037 1952 Sed
3063 1897 3194 1950 illud
3215 1898 3379 1951 etiam

1807 1981 1861 2035 in
1887 1982 2045 2034 rebus
2075 1982 2238 2048 gestis
2268 1981 2466 2036 factum
2497 1993 2598 2049 est,
2625 1984 2728 2038 hoc
2770 1994 2950 2039 autem
2991 1993 3196 2038 tantum
3223 1985 3277 2039 in
3323 1984 3386 2038 ﬁ-

1807 2073 1956 2142 guris
1975 2073 2307 2141 prasdictum.
2325 2075 2417 2128 Sic
2439 2083 2493 2127 et
2522 2077 2782 2143 sapientia
2815 2077 2953 2130 idem
2979 2076 3094 2144 ipse
3108 2075 3382 2140 Christus,

1808 2165 2010 2233 lignum
2047 2166 2169 2220 vita:
2191 2176 2272 2220 est
2309 2167 2360 2220 in
2395 2169 2642 2234 parafiso
2683 2168 2936 2236 Spiritali,
2974 2182 3080 2235 quo
3117 2167 3266 2221 misit
3318 2168 3384 2222 de

1808 2274 1969 2313 cruce
1994 2258 2277 2312 latronem.
2305 2259 2557 2314 Creatum
2581 2269 2664 2315 est
2695 2271 2874 2314 autem
2902 2261 3044 2330 quod
3069 2276 3190 2314 eam
3225 2261 3387 2332 signi-

1810 2347 1997 2402 ﬁcarct
2023 2346 2225 2417 lignum
2257 2348 2378 2402 vitae
2399 2349 2562 2402 etiam
2595 2350 2646 2402 in
2672 2350 2920 2418 paradiso
2955 2350 3242 2418 corporali,
3280 2365 3386 2405 nec

1808 2437 1926 2491 sine
1972 2437 2239 2507 mysteriis
2274 2452 2451 2490 rerum
2495 2439 2819 2506 spiritalium
2861 2439 3214 2508 corporaliter
3253 2453 3388 2508 pra:-

1810 2528 2058 2591 sentatis,
2095 2527 2260 2581 voluit
2300 2527 2568 2582 hominem
2619 2528 2761 2583 Deus
2800 2530 2852 2582 in
2893 2529 3143 2599 paradiso
3181 2528 3386 2584 vivere.

1811 2617 1940 2672 Erat
1961 2633 2089 2686 ergo
2104 2618 2152 2671 ei
2180 2618 2232 2670 in
2257 2617 2416 2686 lign's
2437 2618 2648 2671 ceteris
2664 2617 2997 2680 alimentum,
3024 2619 3075 2672 iu
3103 2617 3191 2670 illo
3204 2627 3384 2670 autem

1811 2714 2238 2770 sacramentum,
2277 2707 2403 2775 quid
2427 2706 2734 2776 signiﬁcans
2774 2707 2878 2760 nisi
2927 2707 3273 2776 sapientiam,
3317 2704 3386 2758 de

1812 2813 1917 2867 qua
1939 2798 2017 2852 sic
2037 2798 2236 2852 dictum
2258 2804 2370 2852 est:
2403 2795 2620 2866 Lignum
2648 2799 2763 2850 citra
2776 2797 3196 2867 amplectentibus
3218 2814 3332 2851 eam
3354 2797 3382 2850 7

1814 2891 2268 2959 quemadmodum
2310 2890 2376 2944 de
2403 2905 2508 2957 quo
2541 2889 2849 2944 diceretur:
2874 2888 3032 2943 Petra
3054 2905 3280 2945 manans
3301 2896 3388 2944 est

1814 2981 2121 3036 sitientibus
2145 2996 2289 3036 eum.
2315 2979 2446 3034 Illud
2480 2995 2695 3049 quoque
2736 2980 2873 3035 addo
2909 2996 3220 3051 quanquam
3269 2997 3390 3037 cor-

142 3073 291 3129 Eden
322 3075 527 3132 delicia:
573 3077 993 3147 interpretantur
1017 3119 1032 3144 ,
1068 3091 1167 3148 pro
1212 3093 1319 3147 quo
1356 3077 1711 3148 Symmachus
1735 3121 1787 3186 Ο
1815 3073 2053 3144 poralem
2081 3074 2281 3140 cibum,
2309 3075 2470 3128 talem
2509 3082 2688 3129 tamen
2715 3073 2862 3130 illam
2899 3075 3150 3129 arborem
3189 3072 3393 3142 praesti-

488 3185 511 3186 ,,
823 3170 852 3186 ι.
933 3185 937 3186 ν
986 3178 1024 3186 ,ν
1154 3167 1256 3186 ιγη
1299 3183 1400 3186 ---Α
1445 3167 1578 3186 --Α
1629 3181 1680 3186 μ
1822 3165 1948 3186 η---
2004 3180 2101 3186 -,,,
2139 3180 2327 3186 ,,,,,,,
2357 3164 3032 3186 ι,,,ε,,,,,-ε.-.,-.,ι,ε.ε
3068 3163 3371 3186 own“---

140 3166 442 3230 transtulit,
482 3167 786 3236 paradisum
813 3170 1102 3238 florentem.
1154 3167 1264 3224 Nec
1299 3183 1407 3223 non
1438 3167 1580 3236 quod
1626 3181 1714 3222 se-

139 3255 361 3324 quitur,
417 3264 602 3311 contra
658 3259 954 3324 orientem,
1015 3259 1070 3312 in
1130 3259 1355 3314 Hebraao
1399 3269 1425 3298 α
1473 3257 1713 3309 mimizra

140 3347 420 3411 scribitur,
453 3349 593 3416 quod
618 3348 810 3418 Aquila
840 3351 1018 3418 posuit
1044 3354 1145 3406 ἀπὸ
1174 3353 1348 3426 ἀρχῆς
1382 3356 1437 3404 et
1482 3361 1610 3413 n08,
1648 3348 1712 3401 ab

139 3435 380 3500 exordio,
391 3451 676 3505 possumus
688 3439 883 3493 dicere.
901 3439 1255 3509 Symmachus
1267 3453 1394 3495 vero
1408 3440 1465 3494 ix
1485 3443 1710 3513 πρῶτης,

139 3524 482 3581 Theodotion
508 3530 558 3583 ἕν
584 3533 827 3606 πρώτοις,
853 3529 995 3598 quod
1025 3537 1080 3585 et
1107 3531 1278 3599 ipsum
1312 3545 1419 3584 non
1446 3530 1712 3592 orientem,

139 3615 235 3669 sed
263 3618 579 3687 principium
605 3620 893 3688 signiﬁcat.
924 3621 1002 3675 Ex
1029 3637 1135 3690 quo
1160 3621 1445 3678 manifeste
1469 3634 1720 3688 compro-

137 3703 303 3760 bam:-
339 3705 481 3774 quod
525 3709 838 3779 priusquam
869 3710 1066 3766 coelum
1090 3719 1145 3764 et
1180 3719 1378 3765 terram
1406 3712 1547 3766 Deus
1577 3709 1719 3766 face-

137 3804 244 3861 ret,
273 3797 583 3865 paradisum
607 3807 732 3855 ante
763 3801 1106 3866 condiderat,
1133 3802 1274 3857 sicut
1310 3802 1504 3874 legitur
1531 3802 1585 3856 in
1611 3801 1718 3855 lie-

134 3884 311 3942 brmo.
332 3887 671 3945 Plaruaverat
695 3902 869 3948 autem
890 3893 1146 3948 Dominus
1167 3894 1310 3948 Deus
1334 3894 1637 3965 paradisum
1662 3893 1718 3947 in

137 3976 299 4032 Eden
325 3996 358 4031 a
380 3981 656 4051 principio.

531 4085 859 4129 AUGUSTINUS
891 4090 944 4129 IN
983 4087 1326 4129 ΠΕΧΑΙΕΒΟΝ.

211 4157 293 4212 Et
319 4157 567 4229 plantavit
591 4162 732 4217 Deus
771 4165 1077 4233 paradisum
1101 4166 1156 4218 in
1195 4163 1342 4218 ΕΔΜ
1371 4163 1439 4216 ad
1469 4163 1718 4217 orientem

132 4258 185 4302 et
206 4251 389 4318 posuit
409 4250 478 4304 ibi
500 4253 759 4307 hominem
787 4271 938 4324 quem
969 4256 1122 4324 ﬁnxit
1154 4255 1306 4326 (Gen.
1339 4270 1401 4319 It,
1439 4254 1514 4324 8).
1549 4255 1577 4294 δ
1601 4253 1719 4308 Non

134 4335 340 4406 ignem
363 4338 428 4393 de
456 4342 706 4408 paradiso
732 4344 930 4399 multos
947 4345 1111 4400 multa
1151 4345 1371 4410 dixisse,
1404 4355 1512 4400 tie‘s
1540 4354 1717 4399 tamen

134 4426 336 4483 dehac
363 4444 422 4484 re
445 4432 598 4498 quasi
624 4434 901 4502 generales
943 4446 1070 4489 sunt
1123 4437 1425 4491 sententiae.
1461 4436 1575 4491 Una
1623 4450 1716 4490 eo:
1747 4453 1799 4514 υ
1893 4431 1961 4485 D.
1993 4431 2063 4485 Et
2087 4432 2206 4502 fons
2231 4432 2540 4486 ascendebat
2573 4432 2637 4485 de
2677 4431 2791 4485 loco
2820 4429 3116 4499 voluptatis,
3174 4423 3243 4478 ad
3278 4423 3402 4476 irri—
3491 4444 3502 4452 -

129 4532 268 4573 rum
292 4520 386 4589 qui
413 4525 788 4580 tantummodo
834 4527 1186 4594 corporaliter
1211 4527 1519 4595 paradisum
1566 4527 1721 4581 intel-

131 4606 235 4680 ligi
265 4611 471 4677 volunt,
501 4613 604 4667 alia
629 4630 814 4669 eorum
842 4617 931 4686 qui
961 4618 1276 4686 spiritaliter
1305 4626 1530 4674 tantum.
1560 4618 1718 4671 tertia

129 4715 335 4755 eorum
362 4702 453 4770 qui
482 4710 711 4774 utroque
735 4705 916 4772 modo,
933 4714 987 4762 et
1017 4709 1370 4778 corporaliter
1392 4716 1446 4762 et
1470 4709 1724 4777 spiritali-

130 4801 248 4849 ter.
306 4792 554 4848 Breviter
589 4810 718 4866 ergo
749 4796 943 4860 dicam,
985 4798 1197 4851 tertiam
1230 4799 1360 4851 mihi
1413 4797 1584 4852 fateor
1610 4797 1724 4867 pla-

126 4898 270 4940 cere
295 4884 638 4937 sententiam.
690 4884 1030 4940 Plantaverat
1073 4902 1200 4956 ergo
1232 4889 1371 4940 Deus
1409 4887 1718 4956 paradisum

130 4974 194 5028 in
224 4971 461 5035 deliciis,
495 4973 597 5027 hoc
619 4981 703 5028 est
722 4971 788 5027 ad
817 4976 1101 5039 orientem,
1130 4985 1182 5030 et
1224 4978 1402 5044 posuit
1433 4977 1504 5030 ibi
1545 4976 1723 5029 homi-

127 5078 272 5118 nem
299 5077 460 5132 quem
495 5062 740 5127 ﬁnxerat,
768 5066 846 5120 sic
865 5068 1008 5120 enim
1054 5069 1311 5136 scriptum
1338 5077 1438 5129 est,
1479 5069 1603 5136 quia
1645 5068 1722 5121 sic

127 5153 354 5207 factum
376 5160 480 5218 est,
529 5163 586 5206 ut
629 5155 843 5224 quidam
890 5156 1103 5224 sapiens
1123 5159 1218 5220 ait,
1242 5157 1383 5226 quod
1415 5159 1467 5211 in
1491 5159 1718 5226 quodam

124 5241 268 5298 loco
292 5243 395 5297 istc
423 5245 704 5312 paradisus
724 5247 995 5315 plantatus
1025 5257 1125 5310 est,
1160 5249 1247 5301 ubi
1286 5250 1445 5303 homo
1475 5257 1722 5302 terrenus

122 5334 398 5390 habitare
421 5336 614 5404 potuit.
647 5337 781 5391 Nam
807 5339 1086 5407 paradisus
1112 5339 1428 5408 spiritaliter
1465 5338 1722 5406 intelligi-

121 5435 255 5494 tur,
284 5428 543 5484 ubinunc
564 5430 756 5485 animae
787 5439 1094 5485 sanctorum
1131 5431 1197 5484 de
1217 5446 1442 5500 corpore
1463 5440 1724 5485 exeuntes

119 5527 401 5590 pergunt,
423 5520 478 5574 in
520 5520 676 5592 cujus
720 5521 947 5592 ﬁguram
979 5522 1078 5576 iste
1125 5521 1410 5592 paradisus
1450 5523 1722 5592 plantatus

123 5611 267 5672 fuit,
310 5611 603 5666 secundum
638 5628 817 5667 rerum
858 5621 1131 5683 gestarum
1167 5611 1344 5668 ﬁdem.
1385 5611 1517 5667 Illud
1565 5613 1724 5684 plane

207 5736 237 5764 ο
288 5724 342 5778 lu
370 5723 526 5777 eiitis
552 5723 724 5777 sancti
753 5722 1063 5793 llierouymi
1093 5721 1288 5792 legitur
1317 5723 1596 5778 meccdcm.

1822 3165 1969 3229 tisse,
1997 3180 2106 3234 quo
2133 3180 2331 3234 corpus
2357 3165 2591 3220 hominis
2612 3165 2840 3219 sanitate
2856 3164 3034 3218 stabili
3067 3163 3392 3225 ﬁrmaretur,

1813 3270 1920 3309 non
1949 3256 2088 3310 sicut
2116 3270 2185 3309 ex
2214 3256 2321 3309 alio
2343 3255 2486 3319 cibo,
2512 3253 2606 3309 sed
2648 3254 2904 3308 nonnulla
2932 3253 3282 3322 inspiratione
3313 3267 3394 3306 sa-

1814 3343 2084 3399 ltmritatis
2119 3344 2350 3400 occulta.
2381 3343 2632 3398 Profecto
2669 3343 2795 3397 licet
2829 3343 3060 3398 usitatus
3099 3343 3254 3411 panis
3293 3341 3405 3395 ali-'

1798 3431 1941 3502 "quid
1966 3442 2145 3488 tamen
2169 3427 2400 3504 amplius
2435 3434 2642 3498 habuit,
2680 3433 2836 3503 cujus
2878 3450 2982 3488 una
3020 3433 3262 3488 colliride
3289 3433 3390 3487 ho-

1817 3524 1946 3579 mini
1975 3525 2116 3582 Deus
2159 3525 2228 3580 ab
2279 3525 2571 3596 indigentia
2636 3524 2795 3579 famis
2818 3524 3026 3579 dierum
3049 3539 3115 3578 XL
3161 3523 3394 3591 spatium

1815 3615 2124 3669 vindicavit.
2149 3614 2412 3685 Sequitur
2451 3632 2464 3669 :

1886 3705 2038 3761 Nunc
2060 3707 2337 3762 videamus
2364 3722 2379 3761 :
2413 3699 2479 3762 de
2502 3707 2648 3778 ligno
2693 3706 2934 3762 scientiae
2970 3705 3097 3762 boni
3131 3713 3185 3761 et
3233 3706 3395 3772 mali,

1819 3813 1918 3852 cur
1947 3797 2088 3851 istud
2123 3811 2317 3852 nomen
2359 3798 2648 3866 acceperit,
2678 3795 2804 3866 quia
2837 3793 2992 3850 valde
3021 3795 3161 3850 bona
3214 3795 3398 3850 omnia

1820 3887 1962 3942 Deus
1983 3887 2205 3942 creavit.
2232 3885 2288 3941 Id
2316 3886 2699 3942 dinoscendum
2731 3886 2856 3942 boni
2899 3895 2953 3941 et
2979 3885 3104 3940 mali
3135 3894 3399 3956 quantum

1817 3979 2008 4035 fuisset
2043 3979 2184 4034 inter
2210 3979 2528 4034 obedientim
2552 3980 2751 4035 bonum
2784 3987 2839 4034 et
2859 3977 3235 4032 inobedientia:
3278 3992 3397 4032 ma-

1819 4071 1953 4137 lum,
1981 4072 2135 4142 quasi
2163 4072 2287 4128 inde
2317 4079 2685 4144 transgressus
2699 4081 2862 4134 esset,
2888 4070 3087 4124 malum
3115 4069 3190 4122 illi
3213 4077 3394 4134 esset;

1820 4163 1865 4218 si
1888 4177 2016 4218 vero
2037 4149 2305 4218 servasset
2330 4170 2594 4232 prmeepta
2617 4161 2913 4216 conditoris
2941 4159 3044 4221 sui,
3085 4157 3283 4211 bonum
3309 4154 3394 4210 illi

1822 4251 2033 4318 fuisset,
2062 4253 2316 4322 quoniam
2351 4254 2398 4309 si
2419 4263 2789 4324 transgressus
2814 4267 2921 4306 non
2955 4249 3162 4314 luisset,
3188 4246 3400 4316 experi-

1823 4353 2064 4398 mentum
2089 4358 2266 4412 paenaa
2290 4358 2399 4397 non
2433 4341 2729 4398 didicisset.

1821 4523 2052 4594 gendum
2085 4523 2414 4593 paradisum,
2436 4523 2525 4593 qui
2548 4523 2670 4576 inde
2697 4521 2950 4576 dividitur
2969 4520 3025 4573 in
3046 4526 3271 4588 quatuor
3313 4531 3401 4568 ca-

1821 4614 1962 4682 pita,
2001 4612 2085 4667 vel
2115 4612 2170 4667 in
2192 4619 2423 4682 quatuor
2455 4619 2661 4682 partes,
2689 4607 2959 4678 quomodo
2995 4601 3401 4673 intelligendum

1823 4717 1910 4763 est
1930 4707 1955 4761 'l

2436 4807 2785 4849 AUGUSTINUS.

1894 4885 1970 4939 Μ.
1996 4884 2075 4952 Ne
2095 4885 2217 4955 quis
2249 4901 2316 4940 ex
2350 4885 2454 4939 hoc
2475 4891 2755 4937 moveatur
2784 4877 2928 4950 quod
2956 4878 3022 4933 de
3053 4876 3140 4932 his
3161 4872 3394 4928 ﬂumini-

1822 4976 1923 5030 bus
1967 4975 2185 5041 dicltur,
2211 4975 2440 5030 aliorum
2472 4989 2591 5028 esse
2619 4972 2794 5027 fontes
2837 4980 3016 5033 notos,
3047 4968 3276 5022 aliorum
3307 4981 3403 5018 au-

1823 5073 1931 5119 tem
1963 5081 2185 5134 prorsus
2225 5065 2552 5132 incognitos;
2579 5080 2699 5118 cum
2741 5062 2794 5116 id
2848 5061 3028 5132 potius
3069 5058 3396 5114 credendum

1824 5155 1908 5216 sit,
1941 5155 2198 5223 quoniam
2222 5154 2371 5208 locus
2398 5154 2509 5223 ipse
2529 5151 2762 5222 paradisi
2817 5167 2848 5206 a
2893 5151 3200 5221 cognitione
3229 5139 3402 5202 homi-
3441 5149 3444 5152 ’

1824 5263 1950 5301 num
1980 5254 2062 5300 est
2095 5245 2504 5308 remotissimus,
2532 5245 2655 5298 inde
2680 5252 2911 5312 quatuor
2928 5256 3189 5318 aquarum
3221 5246 3418 5314 partes)

1823 5336 2024 5400 dividi,
2064 5335 2204 5390 sicut
2231 5334 2538 5390 ﬁdelissima
2570 5333 2850 5403 Scriptura
2893 5341 3143 5412 testatur.
3195 5329 3300 5384 Sed
3339 5343 3400 5382 ea

1822 5425 2064 5490 ﬁumina,
2091 5439 2321 5493 quorum
2361 5424 2538 5479 lontes
2580 5424 2692 5478 noti
2739 5439 2858 5479 esse
2884 5424 3151 5483 dicuntur,
3201 5417 3398 5473 alicubi

1824 5518 1931 5572 isse
1954 5518 2053 5571 sub
2077 5525 2271 5580 terras,
2297 5523 2351 5571 et
2374 5524 2495 5586 post
2518 5525 2722 5570 tractus
2744 5515 3072 5584 prolixarum
3098 5512 3397 5581 regionum,

1822 5607 1955 5663 locis
1997 5607 2117 5662 aliis
2141 5608 2415 5676 erupisse,
2468 5608 2559 5662 ubi
2606 5616 2861 5677 tanquam
2905 5607 2958 5660 in
3003 5604 3117 5659 suis
3166 5601 3401 5654 ﬁmtiLns

1891 5720 1921 5762 ι’
1946 5720 2111 5791 Aug.,
2141 5720 2236 5776 lib.
2261 5737 2356 5777 vm
2393 5721 2458 5776 de
2481 5721 2617 5778 Gen.
2655 5723 2723 5777 ad
2750 5724 2852 5778 litt.
2887 5732 3044 5788 capp.
3079 5715 3188 5770 l-7.
