3950 6312
640 308 667 365 ι
672 306 781 365 ιη

635 520 808 576 aquas
835 501 1017 559 facere
1040 502 1164 572 quis
1194 500 1452 573 ignorat?

1159 648 1294 688 ιπιι
1331 646 1677 688 AUGUSTINUS.

709 768 936 823 Flumen
979 774 1158 820 autem
1195 765 1338 833 quod
1362 763 1687 833 procedebat
1707 777 1774 818 ex
1802 761 1973 827 Eden,
2027 760 2081 816 id
2129 769 2223 817 est

638 875 707 915 ex
735 856 963 917 deliciis.
1007 862 1061 911 et
1110 853 1402 922 voluptate,
1438 860 1494 907 et
1524 853 1716 922 epulis,
1755 854 1898 923 quod
1941 852 2142 907 ﬂumen
2180 865 2214 906 a

639 951 895 1021 propheta
922 947 1256 1018 signiﬁcatur
1282 946 1335 1001 in
1364 945 1570 1015 psalmo
1591 944 1683 999 ubi
1712 944 1788 999 ait
1816 962 1830 998 :
1858 943 2107 998 Torrente
2127 960 2223 998 vo-

641 1040 854 1111 luptatis
880 1048 984 1093 tua:
1005 1036 1208 1108 potabis
1234 1052 1320 1090 eos
1345 1033 1518 1105 (Psal.
1547 1050 1706 1096 xxxv,
1732 1033 1811 1104 9),
1839 1033 2112 1097 dividitur,
2134 1034 2216 1088 in-

640 1130 777 1202 quit,
805 1130 859 1184 in
884 1135 1113 1198 quatuor
1131 1134 1331 1195 partes,
1355 1134 1417 1180 et
1433 1132 1664 1194 quatuor
1675 1123 1903 1180 virtutes
1926 1122 2255 1194 significat;

638 1220 1010 1291 prudentiam,
1039 1216 1425 1279 fortitudinem,
1456 1214 1891 1284 temperantiam,
1922 1212 2212 1283 justitiam.

640 1312 847 1367 Dicitur
866 1317 1049 1365 autem
1073 1308 1287 1379 Pbyson
1312 1307 1424 1376 ipse
1450 1321 1571 1361 esse
1590 1304 1822 1375 Ganges,
1855 1304 2007 1360 Geon
2034 1314 2217 1358 autem

638 1403 809 1471 Nilus,
842 1403 987 1472 quod
1016 1401 1183 1456 etiam
1215 1399 1271 1454 in
1308 1396 1540 1453 Ieremia
1568 1398 1828 1468 propheta
1862 1395 2215 1450 animadverti

637 1500 836 1562 potest,
869 1505 1014 1546 nunc
1041 1489 1165 1544 aliis
1185 1488 1877 1557 nominibusappellantur,
1909 1487 2050 1541 sicut
2072 1503 2215 1543 nunc

639 1583 852 1638 Tiberis
877 1576 1077 1637 dicitur
1117 1579 1311 1634 fluvius
1348 1579 1445 1649 qui
1492 1580 1644 1649 prius
1680 1578 1873 1633 Albula
1913 1577 2212 1632 dicebatur.

640 1668 817 1742 Tigris
836 1679 1015 1725 autem
1039 1678 1095 1724 et
1113 1669 1415 1738 Euphrates
1438 1669 1603 1722 etiam
1630 1684 1771 1723 nunc
1792 1668 1978 1723 eadem
1997 1669 2214 1723 nomina

2102 300 2393 356 WICBODI

635 415 750 473 noti
785 427 906 469 esse
939 412 1377 482 perhiberentur.
1411 410 1547 465 Nam
1584 411 1688 466 hoc
1717 410 1891 465 solere
1923 410 2209 467 nonnullas

3626 322 3640 375 l

2812 376 3340 471 RECAPITUL’ATIO.
3604 322 3684 379 im

2423 498 2499 553 De
2513 502 2788 566 paradiso,
2810 502 2950 571 [ante
2968 519 3026 556 ac
3047 503 3335 571 ﬂuminibus,
3352 516 3391 559 et
3409 504 3517 577 ligno
3536 511 3626 567 rita.

2910 606 3139 646 ISIUORUS
3161 604 3204 645 ⁸.

2386 675 2721 733 Plantauerat
2738 689 2918 734 autem
2940 678 3182 735 Dominus
3220 681 3340 737 Deus
3361 687 3689 754 paradisum.

2313 768 2470 835 ptatis
2507 783 2540 820 a
2568 768 2843 838 principio.
2885 768 3162 824 Paradisus
3184 769 3389 827 Ecclesia
3418 784 3497 837 est,
3525 778 3581 832 sic
3606 781 3689 837 etin

2313 855 2382 911 de
2411 856 2498 911 illa
2521 856 2713 927 legitur
2756 858 2811 912 in
2835 856 3068 913 Canticis
3100 859 3423 915 canticorum:
3456 862 3598 920 Hortus
3622 883 3690 922 ωι-

2315 943 2489 1000 clnsus
2510 953 2582 999 est
2604 962 2754 1000 soror
2776 963 2890 1000 mea
2912 945 3085 1017 (Cant.
3110 963 3178 1014 tv,
3195 947 3297 1019 .12).
3319 948 3357 1002 Δ
3375 951 3575 1021 principio
3588 965 3689 1009 auten

2313 1034 2596 1104 paradisus
2610 1036 2901 1107 plahtatur,
2924 1037 3048 1108 quia
3072 1037 3290 1094 Ecclesia
3300 1040 3511 1095 mtbolica
3528 1059 3551 1097 a
3565 1042 3691 1099 Christo
3788 1034 3789 1039 “

2315 1127 2579 1196 principio
2607 1128 2847 1182 omnium
2874 1129 3087 1183 condita
3110 1143 3222 1184 esse
3248 1131 3541 1201 cognoscitur.
3562 1132 3691 1188 Finis

2314 1212 2383 1269 de
2412 1214 2662 1282 paradiso
2689 1215 2893 1281 exiens,
2918 1215 3193 1285 imaginem
3216 1225 3372 1286 portat
3393 1218 3563 1284 Christi,
3579 1221 3621 1275 de
3640 1236 3692 1290 ιιι·

2317 1308 2471 1358 terno
2494 1302 2639 1359 fonte
2659 1302 2888 1371 ﬂuentis,
2909 1304 3464 1376 quiirrigatEcclesiam
3481 1310 3693 1364 suamch
3790 1302 3791 1377 1

2314 1394 2709 1463 przedicationis
2752 1403 2808 1449 et
2850 1387 2994 1450 dono
3045 1395 3310 1465 baptismi;
3336 1394 3393 1449 de
3415 1411 3497 1465 quo
3530 1397 3619 1450 bene
3641 1412 3695 1465 per

2315 1486 2633 1554 prophetam
2666 1484 2864 1540 dicitur
2919 1502 2932 1540 :
2988 1486 3239 1542 Dominus
3282 1486 3403 1541 Deus
3437 1497 3563 1541 noster
3587 1489 3705 1556 βιιὶιι.

2316 1573 2571 1644 gloriosus
2590 1573 2833 1629 exsiliens
2854 1576 2909 1629 in
2931 1584 3121 1629 terram
3139 1576 3383 1630 sitientem.
3404 1575 3580 1641 Quatuor
3594 1586 3694 1631 auten

2318 1663 2553 1733 paradisi
2578 1664 2796 1720 flumina
2823 1674 3055 1737 quatuor
3080 1675 3200 1722 sunt
3219 1667 3461 1737 Evangelia
3483 1667 3531 1721 ad
3545 1667 3696 1736 prmia-

639 1768 845 1815 tenent.
892 1758 1099 1826 Quibus
1146 1766 1328 1811 tamen
1357 1758 1665 1813 nominibus
1692 1758 1938 1823 virtutes,
1984 1767 2045 1812 ut
2072 1759 2212 1823 dixi,
2247 1744 2292 1803 Β
2321 1755 2523 1809 tionem
2555 1755 2611 1810 in
2658 1757 2867 1811 cunctis
2915 1757 3161 1826 gentibus
3191 1757 3355 1811 missa.
3380 1756 3512 1826 Ligna
3531 1755 3705 1809 truditur

640 1848 913 1918 spiritales
958 1847 1363 1918 signiﬁcantur,
1388 1848 1531 1917 quod
1567 1849 1731 1903 etiam
1763 1849 2001 1919 ipsorum
2042 1850 2221 1905 nomi-

641 1955 770 1994 num
793 1940 1168 2008 interpretatio
1192 1939 1365 2002 docet,
1406 1939 1452 1994 si
1492 1940 1613 2009 quis
1659 1939 1941 1994 llebraeam
1982 1940 2218 2010 linguam

640 2029 725 2083 vel
753 2029 945 2099 Syram
970 2029 1292 2094 consideret,
1336 2028 1472 2083 sicut
1500 2028 1851 2093 Hierusalem,
1884 2030 2130 2099 quamvis
2150 2030 2221 2084 sit

642 2119 881 2174 visibilis.
920 2128 977 2173 et
1002 2128 1253 2174 terrenus
1292 2119 1457 2182 locus,
1514 2120 1781 2191 signiﬁcat
1826 2129 2002 2174 tamen
2032 2121 2221 2175 civita-

642 2219 752 2265 tem
774 2211 924 2280 pacis
958 2211 1300 2280 spiritaliter,
1328 2220 1383 2266 et
1428 2211 1557 2266 Sion
1582 2214 1827 2281 quamvis
1853 2214 1924 2267 sit
1970 2230 2123 2269 mons
2165 2214 2217 2268 in

643 2306 789 2353 terra
812 2298 1228 2368 speculationem
1261 2308 1440 2353 tamen
1478 2301 1766 2371 significat.
1800 2302 1867 2355 Et
1899 2303 2004 2357 hoc
2038 2309 2218 2357 tamen

643 2389 698 2442 in
735 2386 1133 2457 Scripturarum
1161 2388 1432 2460 allegoriis
1458 2392 1523 2444 ad
1575 2391 1834 2461 spiritalia
1876 2392 2220 2464 intelligenda

644 2491 788 2545 saepe
815 2476 1153 2532 transfertur.
1192 2478 1259 2531 Et
1282 2479 1370 2533 ille
1397 2480 1489 2548 qui
1514 2481 1870 2535 descendebat
1907 2483 1974 2535 ab
2002 2479 2221 2536 Jerusa-

644 2564 751 2620 lem
778 2566 831 2619 in
853 2564 1089 2631 Iericho,
1114 2567 1252 2621 sicut
1276 2567 1427 2634 dicit,
1463 2576 1517 2622 et
1538 2569 1593 2623 in
1622 2570 1705 2623 via
1735 2571 2221 2637 vulneratus,.sau.—

643 2657 761 2711 eius
780 2664 836 2710 et
854 2656 1146 2712 semivivus
1170 2657 1393 2713 relictus
1440 2667 1523 2713 est
1548 2674 1578 2713 a
1618 2660 1919 2715 latronibus
1960 2660 2110 2732 (Luc.
2160 2679 2216 2728 κ,

642 2743 755 2815 50),
784 2745 970 2814 utique
994 2745 1111 2801 loca
1150 2747 1252 2801 ista
1284 2757 1575 2812 terrarum,
1622 2750 1869 2818 quamvis
1923 2751 2216 2807 secundum

642 2832 924 2887 historiam
963 2834 1017 2888 in
1052 2842 1196 2889 terra
1222 2835 1587 2904 inveniantur,
1614 2839 1928 2909 spiritaliter
1954 2842 2098 2913 cogit
2135 2844 2221 2899 in-

643 2923 833 2995 teiligi.

712 3034 1004 3091 Prudentia
1039 3051 1168 3106 ergo
1203 3054 1323 3108 qum
1364 3039 1633 3111 signiﬁcat
1662 3042 1835 3112 ipsam
1889 3046 2218 3115 contempla~

643 3127 846 3183 tionem
875 3128 1137 3194 veritatis,
1166 3130 1232 3186 ab
1254 3132 1402 3186 omni
1427 3148 1522 3188 ore
1542 3134 1780 3190 humano
1803 3135 2060 3203 alienam,
2087 3139 2215 3206 quia

644 3208 729 3291 est
754 3217 1065 3284 ineﬂ‘abilis,
1108 3235 1269 3288 quam
1298 3221 1343 3275 si
1390 3221 1568 3292 eloqui
1610 3224 1762 3288 velis,
1812 3226 2050 3294 parturis
2098 3243 2218 3282 eam

641 3306 822 3375 potius
850 3322 1011 3376 quam
1043 3311 1207 3378 paris,
1236 3312 1362 3381 quia
1408 3322 1464 3367 ct
1489 3314 1560 3369 ibi
1594 3316 1799 3370 audivit
1826 3317 2115 3386 Apostolus
2139 3320 2222 3374 in~

640 3392 877 3451 eﬂabilia
908 3398 1069 3451 verba
1094 3414 1215 3467 quze
1238 3415 1345 3454 non
1370 3400 1496 3455 licet
1519 3403 1724 3458 homini
1747 3404 1915 3474 loqui.
1945 3406 2071 3461 Haec
2091 3421 2219 3477 ergo

638 3490 927 3560 prudentia
956 3499 1157 3546 terram
1186 3493 1398 3559 circuit,
1430 3510 1552 3563 qua:
1572 3496 1735 3552 habet
1768 3513 1961 3552 aurum
2002 3506 2057 3552 et
2100 3512 2221 3552 car-

640 3578 931 3633 bunculum
963 3587 1018 3634 et
1042 3580 1275 3650 lapidem
1318 3585 1613 3651 prasinum,
1644 3586 1699 3642 id
1743 3598 1827 3643 est
1879 3587 2219 3657 disciplinam

639 3668 878 3733 vivendi,
918 3684 1039 3737 quze
1088 3671 1156 3724 ab
1200 3674 1451 3729 omnibus
1496 3678 1725 3731 terrenis
1774 3678 2024 3733 sordibus
2063 3680 2229 3749 quasi

639 3753 863 3810 decocta
885 3756 1152 3822 enitescit,
1182 3759 1321 3813 sicut
1342 3777 1533 3815 aurum
1559 3764 1844 3831 optimum,
1862 3772 1916 3819 et
1936 3766 2220 3820 veritatem

641 3858 807 3913 quam
841 3845 990 3900 nulla
1039 3846 1246 3903 falsitas
1271 3851 1465 3916 vincit,
1508 3853 1650 3907 sicut
1693 3855 2010 3910 carbunculi
2042 3855 2221 3926 fulgor

641 3939 802 3986 nocte
834 3948 939 3987 non
970 3935 1217 4001 vincitur,
1247 3946 1303 3993 ct
1327 3940 1494 3995 vitam
1517 3948 1773 3997 aeternam
1799 3959 1920 4013 qua:
1948 3944 2220 4002 viriditate

640 4020 833 4093 lapidis
859 4028 1065 4095 prasini
1097 4028 1434 4100 signiﬁcatur
1461 4041 1683 4103 propter
1717 4036 1961 4107 vigorem
1992 4038 2084 4109 qui
2110 4055 2218 4096 non

642 4116 861 4172 arescit.

707 4227 933 4286 Fluvius
955 4239 1135 4287 autem
1163 4234 1251 4290 ille
1276 4234 1369 4305 qui
1410 4236 1605 4292 circuit
1636 4245 1839 4294 terram
1881 4239 2216 4311 IEthiopiam

638 4319 867 4375 multum
911 4321 1141 4377 calidam
1164 4333 1329 4394 atque
1353 4325 1670 4395 ferventem,
1700 4328 1972 4400 signiﬁcat
2000 4331 2219 4389 fortitu-

638 4410 821 4467 dinem
845 4411 1026 4469 calore
1049 4415 1279 4471 actionis
1302 4416 1536 4473 alacrem
1573 4425 1737 4489 atque
1760 4420 2070 4490 impigram.

711 4522 927 4578 Tertius
946 4532 1126 4580 autem
1153 4525 1331 4596 Tigris
1346 4528 1496 4583 vadit
1535 4538 1724 4584 contra
1763 4529 2036 4601 Assyrios,
2064 4539 2119 4586 et
2144 4534 2218 4587 si—

637 4609 862 4679 gniﬁcat
888 4615 1319 4681 temperantiam,
1350 4631 1471 4685 quae
1495 4617 1700 4673 resistit
1746 4618 1953 4674 libidini
1984 4621 2215 4675 multum

635 4700 945 4757 adversanti
992 4704 1231 4760 consiliis
1256 4706 1589 4775 prudentiae,
1618 4708 1763 4763 unde
1804 4709 2128 4779 plerumque
2159 4710 2214 4765 in

635 4791 955 4862 Scripturis,
979 4793 1186 4866 Assyrii
1214 4797 1645 4853 adversariorum
1665 4798 1784 4853 loco
1806 4807 2105 4867 ponuntur.

704 4882 942 4968 Quartus
970 4902 1166 4959 fluvius
1189 4919 1297 4959 non
1320 4914 1404 4960 est
1432 4906 1631 4961 dictum
1658 4915 1848 4961 contra
1869 4905 1999 4975 quid
2027 4905 2209 4969 vadat,

2320 1860 2510 1923 omnes
2544 1847 2716 1901 sancti
2751 1855 2904 1911 sunt,
2928 1844 3137 1902 fructus
3160 1861 3330 1901 eorum
3350 1860 3482 1915 opera
3499 1842 3697 1899 eorumne

2318 1951 2482 2006 gnum
2502 1935 2626 1990 vita:
2655 1945 2874 1993 sanctus
2924 1945 3225 1992 sanctorum
3265 1937 3423 2006 utique
3446 1935 3634 1997 Christus,
3658 1934 3696 1989 ad

2317 2042 2477 2097 quem
2539 2027 2768 2097 quisque
2827 2026 2874 2083 si
2916 2029 3214 2097 porrexerit
3263 2025 3585 2090 manum,vivet
3613 2025 3699 2077 ine
3794 2025 3795 2093 ἶ

2317 2125 2551 2173 ternum.
2579 2118 2809 2189 Lignum
2827 2130 3008 2173 autem
3038 2119 3268 2174 scientia:
3291 2118 3399 2172 boni
3431 2125 3487 2171 et.
3509 2116 3607 2179 mali,
3628 2129 3697 2183 pm-

2316 2210 2493 2281 prium
2519 2220 2602 2266 est
2631 2210 2924 2265 voluntatis
2949 2209 3248 2276 arbitrium,
3291 2208 3415 2280 quod
3454 2208 3496 2261 in
3528 2204 3700 2260 mediaest

2316 2301 2551 2374 positum
2581 2301 2650 2356 ad
2671 2301 3059 2357 dinosccndum
3094 2301 3284 2355 bonum
3328 2305 3373 2353 et
3396 2297 3557 2359 malum,
3575 2294 3616 2347 de
3642 2307 3698 2360 quo

2317 2366 2410 2465 qui
2448 2395 2633 2450 relicta
2684 2394 2855 2465 gratia
2895 2392 2991 2448 Dei
3039 2391 3345 2463 gustaverit,
3368 2398 3504 2444 morte
3534 2385 3709 2440 morietur.
3796 2366 3797 2437 ξ

2319 2484 2576 2555 Sequitur
2595 2502 2609 2538 :

2386 2574 2454 2628 D.
2494 2573 2630 2628 Tulit
2671 2589 2797 2644 ergo
2830 2572 3093 2628 Dominus
3136 2572 3270 2627 Deus
3308 2560 3700 2631 neminemnam!

2316 2682 2434 2721 eum
2459 2666 2514 2719 in
2528 2664 2774 2736 paradiso
2804 2663 3107 2735 voluptatis,
3119 2674 3185 2721 ,ιιι
3213 2671 3475 2736 operaretur
3490 2668 3523 2712 et
3536 2651 3702 2709 audiit!

2316 2754 2465 2810 illum
2490 2753 2645 2825 (Gen.
2674 2771 2735 2821 ιι,
2761 2754 2872 2825 15).
2902 2755 3065 2822 Quid,
3099 2770 3244 2826 rogo,
3267 2741 3703 2822 operaretur?de

2315 2847 2579 2901 stodiret?
2611 2846 2940 2917 paradisum,
2969 2862 3042 2901 an
3073 2845 3217 2901 aliud
3235 2841 3449 2912 aliquid?
3674 2918 3680 2926 .

2387 2936 2465 2989 Μ.
2515 2935 2622 2990 Ista
2668 2937 2932 2991 sententia
2977 2936 3242 3007 duplicem
3275 2926 3589 3017 intelligentiae!
3616 2926 3708 3017 Wlf-

2319 3028 2442 3085 Sive
2474 3029 2619 3084 enim
2664 3038 2987 3098 operaretur
3023 3029 3183 3085 homo
3227 3023 3514 3097 paradisum,
3546 3014 3583 3070 id
3609 3018 3659 3064 est
3680 3014 3715 3060 i0

2316 3122 2567 3192 paradiso
2594 3120 2796 3190 aliquid
2822 3130 3160 3191 operaretur,
3204 3134 3304 3173 non
3335 3110 3579 3171 necessitate
3601 3104 3710 3155 victus.

2318 3212 2413 3267 sed
2434 3210 2785 3266 delectatione
2824 3210 3171 3281 operabatur.
3198 3208 3371 3263 Adhuc
3401 3216 3484 3257 non
3506 3198 3712 3287 petam}.

2318 3317 2417 3358 nec
2438 3303 2488 3356 ei
2517 3310 2660 3357 terra
2706 3303 2888 3371 spinas
2932 3310 2987 3357 et
3036 3301 3259 3356 tribulos
3283 3294 3607 3370 germinaverit,
3626 3291 3662 3335 It
3685 3294 3712 3330 ιιι

2318 3396 2513 3451 sudore
2540 3394 2697 3450 faciei
2737 3411 2849 3450 sua:
2883 3394 3069 3449 ederet
3089 3407 3278 3463 panem
3315 3402 3466 3446 suum.
3504 3381 3585 3437 Hoc
3608 3383 3716 3439 παφα

2318 3489 2515 3543 meruit
2560 3497 2683 3559 post
2726 3486 3215 3558 peccatum..Ante
3258 3489 3497 3557 peccatum
3525 3474 3715 3545 igitur,”

2318 3578 2631 3649 indigentia,
2663 3594 2771 3634 non
2793 3578 3138 3647 necessitate,
3166 3577 3259 3633 sed
3282 3574 3403 3641 sola,
3420 3580 3469 3626 ut
3485 3567 3717 3625 diximus,“

2319 3669 2522 3724 luntate
2551 3669 2878 3738 operabatur
2900 3670 3214 3739 paradisum
3251 3683 3343 3739 per
3376 3654 3719 3735 agricultura,“

2319 3757 2655 3813 custodiebat
2683 3772 2779 3827 per
2815 3756 3171 3828 disciplinam,
3204 3773 3307 3812 non
3326 3761 3486 3812 contra
3506 3745 3720 3805 bestias.”

2318 3862 2419 3916 que
2443 3854 2632 3903 contra
2658 3847 2834 3917 aliqua
2877 3846 3134 3903 animalia
3170 3846 3452 3917 paradisum
3482 3828 3720 3894 ωςιοὰἕὼιιι

2319 3936 2413 3991 sed
2437 3937 2537 3991 sibi
2566 3936 2793 4002 scilicet,
2824 3953 2894 3993 ne
2926 3937 3202 3992 amitteret
3224 3923 3721 4008 peccandoquW

2319 4024 2436 4080 dire
2481 4034 2732 4095 potuerat
2762 4027 3083 4083 obediendo.
3123 4026 3246 4083 Sive
3279 4027 3438 4097 ipsum
3469 4015 3722 4107 homo”?

2318 4129 2452 4170 nens
2476 4115 2616 4171 Deus
2647 4116 2700 4169 in
2724 4110 3031 4185 paradisum
3064 4126 3126 4173 ut
3149 4121 3441 4188 operaretur
3469 4117 3513 4162 et
3531 4098 3721 4161 custodi"L

2318 4215 2379 4260 ut
2404 4216 2550 4262 tutus
2579 4216 2762 4273 esset;
2802 4208 3080 4277 quodlibet
3099 4210 3288 4268 horum
3312 4206 3509 4266 dicatur.
3541 4188 3725 4281 δίτθΨ

2317 4303 2634 4365 operaretur
2653 4272 2957 4364 paradisum
2980 4308 3081 4365 per
3099 4294 3473 4367 agriculturam,
3496 4272 3726 4340 ειαιειοάίπί

2245 4424 2298 4486 D
2318 4399 2416 4454 per
2440 4382 2799 4455 disciplinam,
2823 4384 2936 4440 sive
2959 4384 3135 4455 ipsum
3167 4382 3422 4486 hominem
3446 4378 3559 4486 Dflls

2320 4445 2408 4529 tur
2429 4484 2489 4530 ut
2511 4445 2684 4531 bonus
2710 4445 2856 4531 esset
2881 4491 2946 4531 ac
2973 4445 3157 4542 tutus;
3196 4472 3449 4546 quodlibet
3478 4467 3622 4521 borum
3644 4445 3729 4506 ωδ

2315 4567 2467 4637 ligas,
2516 4567 2779 4622 rationem
2819 4567 2982 4623 habet
3012 4565 3167 4636 juxta
3211 4574 3477 4633 utrumque
3504 4549 3728 4611 inlitum“IIL

2315 4658 2600 4728 Sequitur:

2389 4748 2738 4819 Prwcepitque
2758 4750 2805 4801 ei
2829 4747 3086 4803 Dominus
3112 4748 3326 4802 dicens:
3359 4758 3417 4798 επ
3438 4734 3553 4793 θωπί
3572 4730 3724 4819 ΠΨ

2313 4838 2477 4893 radisi
2499 4811 2727 4906 comede,
2751 4839 2815 4893 de
2839 4838 2980 4911 ligno
3009 4848 3184 4892 autem
3207 4834 3421 4892 scientite
3439 4826 3538 4882 boui
3553 4830 3590 4877 ά

2311 4927 2582 4994 comedas;
2618 4929 2674 4981 in
2716 4906 3024 4998 quacunque
3069 4927 3155 4980 die
3194 4919 3459 4980 comederis
3492 4906 3735 4974 αιτιογνπί

634 5001 727 5046 aut
755 5012 917 5065 quam
951 5006 1147 5052 terram
1176 4997 1502 5065 circumeat;
1528 4997 1733 5067 iustitia
1764 4999 1906 5053 enim
1932 4997 2000 5051 ad
2024 5012 2213 5053 omnes
2311 5020 2548 5073 mon-eri,
2578 4997 2735 5089 (σεηέ
2760 5034 2794 5072 η
2814 5058 2829 5084 ν
2859 4997 2967 5089 ιδ),

634 5090 820 5151 partes
844 5087 1038 5142 animae
1058 5088 1311 5158 pertinet,
1332 5090 1457 5158 quia
1484 5090 1596 5158 ipsa
1619 5088 1754 5143 ordo
1777 5097 1833 5143 et
1851 5088 2079 5158 aequitas
2102 5086 2213 5141 ani-

635 5187 738 5225 ma:
774 5182 875 5238 est,
898 5191 1003 5245 qua
1030 5178 1133 5233 sibi
1180 5178 1285 5232 tria
1319 5179 1425 5234 ista
1468 5177 1812 5234 concorditer
1860 5176 2203 5246 copulantur.

2922 5124 3264 5166 AUGUSTINUS.

2381 5205 2450 5260 D.
2477 5202 2608 5259 Cum
2636 5200 2776 5255 Deus
2801 5199 3100 5253 minaretur
3138 5195 3337 5254 homini
3370 5198 3567 5249 mortem
3598 5175 3657 5231 die
3678 5176 3737 5234 ⁸1³⁸

639 5261 818 5319 Prima
864 5265 1167 5334 prudentia,
1206 5272 1439 5326 secunda
1484 5269 1766 5333 fortitudo,
1799 5269 1958 5325 tertia
2007 5275 2210 5359 tempc-
2308 5294 2487 5350 cibum
2512 5293 2736 5348 vetitum
2761 5288 3019 5359 tetigerit,
3049 5304 3147 5344 cur
3175 5302 3280 5343 ηοη
3306 5283 3477 5340 eodem
3498 5273 3569 5330 die

638 5355 819 5451 rentia!
856 5364 913 5413 et
954 5356 1008 5412 in
1061 5366 1260 5416 statuta
1283 5361 1623 5432 copulatione
1673 5368 1837 5417 atoue
1862 5358 2206 5417 ordinatione
2309 5385 2518 5451 fuerat,
2548 5384 2684 5438 sicut
2713 5353 2995 5451 Seruium
3032 5380 3195 5436 dicit:
3236 5375 3301 5432 ιη
3326 5376 3590 5433 παραίησις
3617 5353 3737 5408 dita‘

635 5440 862 5508 iustitia.

704 5670 729 5698 ιι
755 5659 815 5715 in
837 5658 973 5718 Gen.
1006 5676 1124 5734 cap.
1143 5662 1195 5718 5.

2308 5477 2530 5531 mederis
2563 5490 2626 5529 ex
2654 5490 2731 5538 eo,
2762 5483 2925 5528 morte
2951 5470 3229 5525 morieris?

2379 5568 2435 5622 Μ
2444 5607 2457 5620 -
2484 5567 2723 5633 Quatuor
2745 5578 2865 5621 esse
2892 5572 3092 5621 mortes
3116 5568 3299 5617 sancta
3334 5553 3575 5622 Scriptura
3600 5520 3738 5593 ιιιιῐιίῙιι
