3950 6312
155 355 280 414 ma
307 365 315 373 '
1042 350 1169 407 LIB.
1205 345 1684 418 QUESTIONUM
1718 355 1722 392 τ

1830 347 1948 403 PER
1986 349 2115 404 LIB.
2155 347 2471 405 GENESIS.
3250 350 3389 406 "310

153 470 361 530 nissime
382 464 633 526 ostendit.
662 464 844 520 Prima
885 478 1033 520 mors
1057 471 1143 519 est
1167 462 1363 517 anima:
1384 475 1506 530 quae
1529 473 1686 513 suum
1717 463 1766 522 Δ
1791 470 1943 525 sent,
1963 463 2079 516 non
2105 460 2187 516 eis
2214 459 2421 530 possint
2448 454 2807 515 translatione
2836 475 2948 515 non
2990 470 3168 517 morte
3200 477 3383 520 succe-

150 562 331 620 deserit
346 566 661 623 creatOrem,
684 572 811 612 cum
830 554 978 609 enim
1003 552 1305 610 deseruerit
1322 558 1532 622 peccat.
1548 547 1693 611 Sine,
1797 553 2048 610 dentibus
2066 551 2279 609 cedere.
2304 553 2436 620 Quae
2457 566 2584 609 cum
2603 554 2676 607 ita
2697 555 2941 619 sint,cur
2962 571 3070 611 non
3100 558 3390 614 credamus

149 654 306 725 inquit
329 642 577 707 Dominus
604 651 658 705 in
686 648 1011 720 Evangelio,
1038 656 1275 700 mortuos
1308 643 1523 715 sepelire
1564 654 1701 694 κων-
1795 658 1891 700 eos
1936 653 2063 700 ante
2084 646 2366 715 peccatum
2394 644 2470 699 ita
2508 646 2833 713 genitalibus
2857 649 3120 703 membris
3155 649 3223 703 ad
3258 662 3388 719 pro-

149 756 257 801 tuos
280 740 650 813 suosUIault.
691 754 814 803 vni,
850 738 921 791 22
942 736 982 808 ).
1015 736 1154 790 Ecce
1198 735 1365 789 habes
1407 731 1698 788 secundum
1797 736 2061 793 creandos
2092 737 2232 793 ﬁlios
2257 738 2531 807 imperare.
2548 739 2823 808 potuisse,
2861 740 3005 795 sicut
3030 742 3243 796 caeteris
3267 756 3392 811 quae

150 839 361 893 animam
391 833 713 904 sepelientes
737 837 999 895 mortuos,
1040 835 1094 884 et
1135 842 1271 896 quos
1311 824 1577 895 sepeliant
1618 835 1702 877 se-
1799 825 1854 879 in
1881 826 2124 895 quolibet
2145 841 2310 896 opere
2353 827 2533 882 anima
2562 828 2680 882 sine
2705 827 2813 882 ulla
2854 828 3103 884 molestia
3139 836 3196 883 et
3231 830 3389 899 quasi

149 930 362 985 cundum
380 940 594 982 carnem
616 931 878 979 mortuos.
902 921 1031 977 Haec
1053 922 1236 989 itaque
1271 916 1539 975 sententia
1567 915 1706 970 duas
1796 914 2009 984 pruritu
2053 915 2345 985 voluptatis
2390 924 2571 973 movet
2593 957 2613 982 ,
2659 925 2722 971 ut
2764 932 2833 975 eo
2878 926 3014 973 nutu
3056 918 3392 989 imperarent

148 999 337 1075 mortes
370 1014 804 1072 manifestissime
839 1011 1116 1076 ostendit;
1157 1023 1320 1064 unam
1362 1007 1703 1071 animarum,
1799 1004 2078 1071 membris,
2123 1006 2318 1075 quibus
2360 1004 2502 1062 fetus
2542 1008 2815 1075 exoritur,
2856 1023 2967 1079 quo
3011 1009 3240 1080 pedibus
3266 1026 3393 1067 cum

142 1108 352 1165 alteram
373 1119 676 1178 corporum.
698 1102 898 1160 .Tertia
945 1101 1113 1157 solius
1157 1108 1243 1155 est
1283 1098 1507 1161 animm,
1539 1108 1701 1165 quam
1800 1096 2133 1163 ambulatur,
2157 1104 2220 1152 ut
2240 1112 2415 1166 neque
2436 1113 2564 1153 cum
2588 1100 2784 1156 ardore
2808 1101 3192 1167 seminaretnr,
3216 1117 3397 1173 neque

144 1200 266 1256 duin
289 1212 349 1253 ex
373 1209 597 1265 corpore
615 1193 809 1249 exierit
828 1193 1056 1264 patitur,
1082 1190 1374 1247 secundum
1405 1186 1532 1242 illud
1558 1184 1704 1255 quod

143 1289 197 1345 in
222 1286 492 1358 Evangelio
520 1287 589 1340 de
614 1284 707 1339 illo
735 1283 902 1340 divite
930 1282 1162 1353 legimus
1185 1294 1207 1334 :
1227 1279 1394 1333 Pater
1415 1275 1705 1339 Abraham,

143 1377 310 1449 inquit
329 1377 489 1442 dives,
514 1375 663 1429 mitte
688 1374 818 1429 mihi
845 1372 1130 1436 Lazarum,
1164 1381 1222 1425 ut
1244 1370 1409 1440 digito
1428 1384 1525 1423 suo
1557 1365 1713 1435 ναίὴ-ι

140 1478 275 1542 geret
316 1467 539 1537 linguam
593 1480 797 1529 meam,
846 1463 973 1533 quia
1015 1462 1222 1516 crucior
1264 1461 1323 1513 in
1354 1459 1452 1513 hac
1488 1458 1706 1526 ﬂamma

1802 1201 1926 1242 cum
1976 1186 2165 1243 dolore
2209 1196 2516 1257 pareretur.
2568 1189 2723 1246 Nunc
2769 1206 2902 1247 vero
2945 1193 3399 1262 transgrediendo

1800 1287 2150 1351 prmeeptum,
2182 1286 2386 1336 motum
2417 1281 2552 1353 legis
2582 1282 2764 1349 illius,
2810 1298 2933 1353 qua:
2975 1292 3242 1354 repugnat
3286 1282 3393 1353 legi

1803 1370 2003 1426 mentis
2024 1371 2079 1425 in
2098 1372 2382 1438 membris,
2411 1380 2684 1445 conecptm
2711 1375 2904 1430 mortis
2946 1376 3148 1432 habere
3183 1392 3394 1432 merue-

1803 1469 1951 1517 runt.
1976 1461 2046 1515 Et
2071 1461 2200 1531 quid
2225 1463 2327 1517 bac
2353 1476 2510 1532 plena
2533 1463 2754 1533 iustius,
2786 1481 2947 1535 quam
2970 1474 3033 1521 ut
3057 1482 3162 1521 non
3188 1466 3255 1521 ad
3277 1483 3395 1522 om-

142 1558 290 1629 (Luc.
316 1574 416 1620 xvi,
444 1556 559 1627 9.4).
586 1554 789 1621 Quarta
823 1561 1002 1609 autem
1038 1567 1218 1617 mors,
1252 1564 1376 1605 cum
1415 1548 1594 1602 anima
1622 1561 1709 1602 re-
1805 1568 1930 1608 ncm
1966 1561 2158 1608 nutum
2220 1554 2423 1609 serviat
2469 1570 2701 1625 corpus,
2749 1555 2803 1611 id
2851 1564 2935 1612 est
2987 1573 3117 1612 suus
3155 1557 3392 1612 famulus

142 1649 334 1719 ceperit
362 1660 588 1715 corpus,
631 1652 691 1697 ut
716 1644 772 1698 in
799 1643 978 1712 ignem
1014 1641 1262 1696 mittatur
1289 1646 1575 1702 aeternum,
1621 1652 1709 1692 se-

1830 1644 2035 1711 mimm,
2083 1649 2223 1701 sicut
2266 1647 2500 1702 Domino
2525 1663 2626 1703 suo
2654 1647 2978 1704 detrectavit
3022 1650 3136 1719 ipsa
3164 1650 3392 1705 servire.

141 1740 363 1796 cundum
385 1737 511 1793 illud
540 1736 686 1807 quod
717 1735 979 1790 Dominus
1005 1735 1061 1788 in
1105 1731 1400 1803 Evangelia
1423 1730 1491 1786 de
1523 1728 1709 1784 futuro
1880 1733 2151 1792 Formatis
2198 1737 2363 1808 igitur
2405 1738 2662 1793 Dominus
2707 1739 2848 1793 Deus
2897 1740 2961 1794 de
3005 1742 3163 1794 humo
3196 1742 3393 1795 cunctis

134 1830 330 1902 iudicio
354 1829 519 1885 dicit:
558 1829 639 1883 Ite
666 1828 724 1882 in
750 1828 921 1899 ignem
946 1836 1223 1890 wternum,
1245 1832 1301 1879 et
1330 1823 1559 1893 reliqua.
1605 1821 1702 1876 Die
1728 1815 1780 1875 Β
1806 1828 2165 1882 animantibus
2198 1838 2354 1883 terra:
2380 1837 2429 1883 et
2456 1830 2710 1885 universis
2738 1830 3034 1885 volatilibus
3057 1830 3191 1898 cmli,
3231 1832 3397 1885 addu-

138 1920 317 1991 inue
347 1933 449 1988 (ιιιο
475 1916 719 1987 νεοωνὶι
760 1916 954 1979 Adam:
1001 1914 1057 1969 ίιι
1102 1915 1282 1969 “ima
1315 1920 1559 1968 ωοτιιιιιε
1587 1918 1705 1977 88ιὶ
1807 1920 1886 1975 xit
1912 1936 1973 1974 ea
2002 1920 2072 1973 ad
2099 1920 2268 1974 Adam
2299 1919 2453 1990 (Gen.
2484 1937 2547 1986 ιι,
2584 1920 2693 1991 l9).
2725 1922 2791 1976 Et
2822 1921 3049 1991 reliqua.

136 2012 278 2070 sicut
298 2012 433 2066 enim
454 2024 654 2079 corpus
678 2008 811 2063 vivit
833 2022 902 2063 ex
923 2007 1126 2073 anima,
1150 2006 1224 2061 ita
1249 2007 1450 2071 anima,
1472 2013 1534 2061 ut
1551 2006 1708 2061 beate
1882 2010 1949 2064 D.
1979 2009 2356 2080 Nunquidnam
2387 2011 2466 2065 sic
2489 2010 2714 2066 adduxit
2740 2013 2883 2068 Deus
2908 2013 2977 2067 ad
3007 2012 3178 2067 Adam
3206 2020 3398 2067 cuncta

137 2102 303 2166 vivat,
327 2116 391 2155 ex
412 2101 541 2156 Deo.
566 2099 710 2170 Ergo
735 2096 987 2154 defuncta
1014 2097 1195 2152 anima
1217 2096 1347 2152 Atia:
1362 2094 1487 2165 iure
1510 2096 1710 2151 dicitur

1830 2100 2064 2156 animalia
2102 2110 2159 2156 et
2182 2102 2433 2156 universa
2476 2101 2715 2156 volatilia
2742 2101 2863 2157 εαξιί
2883 2142 2898 2166 ,
2929 2102 3200 2171 quomodo
3229 2102 3399 2155 addu-

137 2204 363 2259 mortua,
386 2209 448 2249 ex
476 2208 582 2263 qua
620 2200 733 2248 tres
757 2200 943 2262 postea
978 2200 1179 2247 secuta:
1221 2199 1349 2246 sunt
1385 2200 1605 2247 mortes.
1636 2191 1710 2248 Ut
1810 2199 1940 2247 cunt
1967 2201 2295 2261 aucupantes
2330 2200 2423 2245 ant
2449 2200 2710 2246 venantes
2738 2192 2805 2246 ad
2837 2191 2975 2246 retia
2996 2191 3023 2245 ?
3055 2191 3136 2245 An
3166 2190 3398 2245 forsitan

134 2290 281 2343 enim
316 2288 396 2342 har
420 2287 878 2354 subsequerentur
904 2284 1080 2354 prima
1126 2285 1428 2355 praecessit,
1469 2284 1595 2355 quia
1641 2299 1711 2339 eo
1811 2297 1914 2336 vox
1945 2283 2012 2336 de
2040 2283 2181 2336 nube
2206 2282 2347 2336 facta
2365 2280 2655 2349 'jussionis,
2695 2297 2857 2350 quam
2886 2280 3246 2351 intelligerent
3274 2289 3395 2335 tau-

136 2379 226 2434 die
261 2393 364 2447 quo
388 2374 630 2446 peccavit
654 2373 851 2437 Adam,
877 2374 931 2427 in
969 2372 1150 2427 anima
1188 2381 1433 2427 mortuus
1460 2380 1567 2428 est.

208 2468 279 2522 ι).
307 2467 578 2533 Quomodo
602 2473 815 2535 poterat
838 2471 1069 2519 mortem
1098 2465 1293 2520 timere
1328 2464 1524 2531 Adam,
1548 2478 1710 2534 quam

136 2559 434 2614 nullatenus
455 2555 703 2612 sciebat?

210 2649 293 2703 ll.
316 2648 465 2703 Sicut
489 2648 635 2703 enim
669 2661 769 2701 nos
789 2644 994 2701 scimus
1019 2646 1474 2701 resurrectionem
1490 2685 1507 2709 ,
1547 2659 1711 2714 quam

133 2754 406 2808 nunquam
437 2736 647 2807 experti
695 2738 914 2799 suinus,
957 2750 1059 2789 nec
1100 2734 1362 2796 vidimus,
1407 2733 1481 2786 ita
1530 2741 1585 2786 et
1627 2731 1715 2785 ille

135 2829 343 2885 sciebat
366 2835 613 2882 mortem.
656 2824 902 2880 Scientes
937 2824 1100 2894 igitur
1141 2824 1283 2892 quod
1310 2823 1496 2877 exiens
1534 2820 1714 2876 anima

133 2936 168 2975 a
194 2932 418 2990 corpore
457 2916 622 2971 faciat
646 2923 901 2980 mortem,
929 2922 986 2969 et
1029 2914 1159 2969 dum
1185 2928 1400 2967 reversa
1446 2911 1612 2966 fuerit
1659 2910 1716 2964 in
1815 2910 1999 2965 omnia
2029 2910 2367 2979 temporibus
2399 2909 2739 2980 opportunis,
2764 2924 2871 2964 non
2902 2910 3015 2981 ipse
3038 2911 3413 2980 temporaliter

133 3024 337 3080 corpus
364 3023 515 3063 suum
547 3006 711 3061 faciat
735 3004 1217 3069 resurrectionem;
1250 3016 1378 3058 ecce
1409 3003 1611 3058 scimus
1639 3015 1721 3056 rc-
1818 3008 2016 3056 motus.
2059 3002 2234 3056 Movet
2258 3002 2439 3070 itaque
2466 3000 2702 3071 seipsnm
2739 3002 2859 3056 sine
2900 3011 3145 3071 tempore
3180 3009 3237 3056 et
3263 3002 3409 3068 loco,

130 3100 546 3164 surrectionem,
595 3112 757 3167 quam
800 3110 1075 3164 nunquam
1110 3094 1322 3165 experti
1362 3092 1584 3148 fuimus.
1624 3092 1717 3147 Sic
1752 3160 1788 3167 _
1819 3094 1989 3149 movit
2012 3099 2251 3148 creatum
2278 3092 2526 3161 spiritum
2551 3093 2670 3145 sine
2694 3091 2813 3146 loco
2840 3092 3233 3162 temporaliter.
3263 3091 3411 3148 Prte-

128 3202 193 3247 et
221 3192 311 3247 ille
341 3160 542 3245 sciebat
588 3160 777 3257 utique
818 3160 1049 3241 mortem
1076 3160 1197 3239 non—
1227 3184 1401 3240 adhuc
1426 3198 1528 3253 per
1553 3196 1718 3252 cxpe-
1741 3160 1790 3224 θ
1818 3188 1961 3244 cedit
1981 3186 2149 3256 igitur
2171 3160 2475 3241 substantia
2497 3202 2617 3257 qum
2644 3186 2855 3240 tantum
2886 3160 3259 3256 temporaliter
3293 3202 3411 3241 mo-

127 3281 408 3347 rientiam,
438 3279 532 3334 sed
554 3293 652 3348 per
679 3277 979 3332 scientiam.
1016 3274 1236 3329 Sciebat
1262 3273 1460 3343 quippe
1487 3271 1615 3341 quid
1633 3284 1721 3324 es-
1817 3286 1994 3334 γρεατ,
2023 3278 2287 3333 praecedit
2315 3278 2498 3347 itaque
2533 3277 2833 3331 substantia
2861 3292 2981 3347 qua;
3008 3293 3111 3332 nec
3142 3286 3412 3346 tempora-

128 3384 223 3432 set
272 3373 467 3433 vivere,
512 3377 563 3425 et
602 3384 703 3438 per
724 3366 1084 3437 privationem
1129 3365 1253 3419 vita:
1298 3363 1503 3417 sciebat
1535 3361 1721 3429 utique
1820 3369 1947 3423 liter
1970 3382 2072 3423 nec
2099 3368 2346 3423 localiter
2375 3375 2645 3432 movetur,
2694 3366 2839 3421 illam
2882 3382 3005 3435 qua:
3043 3367 3415 3436 temporaliter

129 3470 392 3522 mortem.
414 3459 505 3515 Sic
533 3458 779 3513 sciuntur
798 3457 1033 3511 tenebra:
1058 3470 1154 3525 per
1178 3452 1535 3523 privationem
1564 3450 1721 3515 lucis,
1820 3466 2101 3523 movetur;
2128 3457 2269 3512 idem
2292 3457 2515 3528 spiritus
2536 3457 2787 3512 conditus
2812 3464 2993 3511 movet
3034 3445 3269 3525 seipsum
3313 3470 3415 3526 per

123 3567 199 3618 et
222 3557 393 3613 scitur
415 3554 688 3610 silentium
715 3565 811 3622 per
836 3549 1193 3621 privationem
1222 3547 1398 3604 vocis:
1424 3546 1496 3599 ita
1520 3542 1723 3599 sciebat
1825 3554 2037 3618 tempus
2066 3548 2185 3603 sine
2213 3548 2356 3614 loco,
2393 3557 2642 3604 movetur
2661 3563 2860 3617 corpus
2892 3560 2993 3617 per
3016 3555 3231 3617 tempus
3257 3556 3313 3602 et
3334 3549 3415 3604 lo-

1812 2389 1973 2442 qnam
2000 2372 2292 2427 rationales
2327 2372 2556 2437 animm,
2602 2379 2659 2425 et
2698 2386 2761 2426 ea
2797 2371 3007 2432 audita.
3050 2370 3406 2425 nihilominus

1812 2463 2157 2518 obedieruut.

1886 2550 1967 2605 Η.
2004 2551 2121 2605 Non
2152 2551 2256 2606 hoc
2280 2560 2603 2619 acceperunt
2636 2549 2890 2604 animalia
2916 2558 3009 2604 aut
3044 2549 3313 2615 volatilia,
3340 2555 3406 2605 ut

1813 2641 1923 2696 sint
1950 2641 2159 2695 ratione
2184 2655 2433 2709 capaces,
2459 2655 2559 2710 per
2579 2656 2740 2709 quam
2763 2640 2984 2695 obedire
3005 2641 3213 2709 possint
3232 2639 3404 2695 Crea-

1813 2733 1918 2787 tori
1950 2748 2050 2786 suo
2072 2749 2087 2796 ;
2112 2731 2168 2785 in
2193 2746 2294 2786 suo
2312 2739 2494 2785 tamen
2515 2745 2713 2801 genere
2734 2731 3112 2800 obtemperant
3140 2732 3273 2795 Deo,
3295 2743 3406 2787 non

1816 2820 2122 2876 rationabili
2160 2819 2452 2890 voluptatis
2493 2819 2751 2885 arbitrio,
2793 2821 2887 2875 sed
2915 2820 3057 2874 sicut
3092 2828 3272 2875 movet
3310 2820 3404 2875 ille

120 3647 313 3707 Adam
337 3652 567 3699 mortem
597 3654 695 3711 per
725 3637 1081 3710 privationem
1104 3637 1248 3692 vitae.
1286 3634 1577 3705 Sequitur:

763 3742 1113 3784 AUGUSTINUS.

207 3827 279 3881 D.
307 3824 457 3879 Dixit
486 3836 688 3893 quoque
715 3818 1010 3873 Dominus:
1036 3816 1161 3870 Non
1181 3823 1254 3869 est
1283 3815 1474 3869 bonum
1497 3829 1605 3869 esse
1631 3814 1725 3868 ho-

120 3926 332 3980 minem
352 3921 544 3985 solum,
561 3918 818 3991 faciamus
836 3916 884 3970 ei
909 3914 1231 3985 adjutorium
1251 3913 1422 3969 simile
1456 3913 1539 3968 sui
1568 3912 1723 3985 (Gen.

122 4033 201 4082 ιι,
232 4013 350 4085 18).
387 4009 668 4079 Quomodo
690 4007 793 4063 hoc
818 4005 1221 4074 intelligendum
1242 4004 1269 4058 τ

209 4104 294 4159 ll.
338 4116 365 4145 ι
402 4102 561 4159 Certe
603 4100 650 4155 si
687 4115 717 4153 a
750 4113 837 4153 me
863 4104 1140 4168 quaeratur
1162 4096 1229 4149 ad
1270 4110 1432 4165 quam
1459 4110 1572 4149 rem
1608 4093 1728 4150 ﬁeri

114 4194 442 4269 oportuerit
489 4195 593 4250 hoc
638 4189 983 4260 adiutorium,
1033 4186 1168 4240 nihil
1209 4185 1353 4241 aliud
1378 4186 1730 4256 probabiliter

112 4286 405 4350 occurrit,
430 4299 590 4355 quam
623 4288 848 4352 propter
879 4277 1017 4334 ﬁlios
1049 4278 1433 4349 procreandos,
1472 4278 1610 4332 sicut
1636 4278 1730 4333 ad-

106 4379 403 4451 iutorium
428 4375 620 4431 semini
644 4381 728 4430 est
751 4374 804 4427 in
832 4381 1003 4437 terra,
1019 4379 1081 4426 ut
1096 4369 1385 4439 virgultum
1412 4385 1477 4425 ex
1501 4379 1730 4440 utraque

111 4473 419 4522 nascatur.
489 4464 600 4520 Nec
644 4463 800 4518 video
849 4461 978 4531 quid
1020 4459 1311 4530 prohibere
1352 4460 1623 4530 potuerit,
1669 4468 1730 4515 ut

108 4560 322 4609 essent
350 4553 434 4608 eis
478 4553 641 4607 etiam
668 4551 722 4607 in
748 4550 1001 4623 paradiso
1035 4548 1379 4605 honorabiles
1404 4551 1626 4619 nuptim,
1668 4561 1729 4609 ut

106 4646 250 4701 sine
272 4644 393 4698 ullo
421 4643 665 4712 inquieto
687 4643 881 4697 ardore
904 4640 1164 4705 libidinis,
1191 4640 1308 4695 sine
1330 4640 1439 4697 ullo
1464 4641 1646 4697 labore
1666 4659 1730 4699 ac

103 4735 325 4791 dolore
350 4732 623 4803 pariendi,
663 4731 803 4787 fetus
850 4745 917 4786 ex
943 4745 1131 4786 eorum
1159 4729 1365 4785 semine
1397 4730 1727 4804 gigneretur.

100 4826 253 4882 Non
286 4832 354 4877 ut
374 4823 736 4879 morientibus
763 4822 1077 4892 parentibus
1108 4820 1203 4875 lilii
1229 4823 1596 4889 succederent,
1636 4825 1731 4880 sed

96 4924 185 4971 ut
218 4915 333 4970 illis
354 4915 452 4985 qui
481 4915 814 4986 genuissent,
838 4913 892 4968 in
929 4913 1112 4984 aliquo
1133 4912 1321 4969 formae
1345 4921 1485 4969 statu
1508 4929 1732 4971 manen-

96 5008 308 5068 tibus,
337 5020 410 5059 ex
431 5004 576 5075 ligno
602 5003 728 5058 vita:
762 5002 908 5073 quod
933 5002 1007 5057 ibi
1036 5002 1333 5073 plantatum
1363 5011 1504 5068 erat,
1540 5019 1732 5073 corpo-

96 5095 306 5151 ralem
336 5095 585 5165 vigorem
610 5093 969 5159 sumentibus,
993 5102 1048 5148 et
1070 5093 1145 5148 illi
1180 5094 1272 5164 qui
1296 5092 1641 5163 gignerentur
1663 5094 1731 5149 ad

90 5186 395 5241 eumdem
420 5184 848 5254 perducerentur
889 5193 1112 5247 statum,
1137 5185 1309 5239 donec
1334 5192 1483 5240 certo
1504 5200 1732 5240 numero

88 5274 390 5345 impleto,
430 5275 478 5330 si
502 5272 647 5344 iuste
677 5288 867 5331 omnes
901 5274 1320 5345 obedienterque
1345 5273 1608 5339 viverent,
1638 5272 1734 5329 ne-

86 5374 206 5421 ret
242 5366 307 5419 in
356 5373 623 5421 aeternam
666 5366 836 5421 vitam
876 5365 1259 5429 commutatio,
1291 5364 1434 5419 sicut
1483 5364 1733 5419 conside-

82 5455 235 5513 rari
267 5463 467 5525 potest
507 5463 564 5511 et
606 5456 674 5512 de
701 5455 923 5521 Enocb,
954 5454 1046 5524 qui
1088 5453 1213 5509 tiliis
1249 5453 1444 5524 genitis
1470 5454 1581 5509 Deo
1619 5454 1736 5524 pla-

76 5562 284 5612 cens,
318 5562 440 5602 non
488 5555 755 5615 mortuus,
800 5549 893 5604 sed
921 5546 1214 5602 translatus
1249 5555 1353 5601 est.
1383 5545 1494 5602 Cur
1522 5562 1650 5618 ergo
1683 5555 1737 5603 et

72 5640 309 5698 Adam
341 5648 407 5695 et
432 5641 565 5706 Eva,
602 5643 647 5697 si
667 5640 814 5711 juste
841 5642 1084 5697 viventes
1123 5650 1273 5697 caste
1298 5641 1434 5698 ﬁlios
1458 5659 1738 5714 procreas-

186 5762 215 5790 ι
252 5748 421 5820 Aug.
451 5750 518 5806 de
540 5749 676 5806 Gen.
706 5753 773 5808 ad
800 5752 927 5816 litt.,
962 5751 1053 5809 lib.
1081 5767 1159 5817 ιι,
1191 5767 1309 5822 cap.
1342 5752 1397 5810 3.

1822 3652 1965 3693 cum.
1994 3637 2229 3706 Spiritus
2252 3652 2383 3693 vero
2417 3645 2633 3693 creator
2656 3646 2837 3692 movet
2864 3637 3101 3706 seipsum
3136 3638 3253 3692 sine
3278 3646 3416 3692 tem-

1822 3728 1955 3800 pore
1977 3738 2034 3784 et
2058 3730 2195 3785 loco.
2226 3727 2398 3801 Igitur
2425 3731 2648 3799 spiritus
2675 3729 2979 3795 rationalis,
3003 3729 3096 3798 qui
3119 3737 3203 3785 est
3227 3730 3280 3784 in
3309 3730 3412 3785 ho-

1824 3820 2092 3886 minibus,
2123 3835 2218 3875 seu
2252 3821 2615 3884 irrationalis,
2645 3821 2809 3875 etiam
2854 3827 2910 3875 et
2949 3819 3119 3889 iussis
3146 3830 3413 3876 movetur.

1826 3914 1933 3969 Sed
1954 3913 2235 3969 rationalis
2256 3915 2420 3969 habet
2442 3914 2853 3985 intelligentiam
2876 3928 2975 3984 per
2994 3929 3155 3984 quam
3171 3913 3418 3984 judicare

1823 4007 1994 4077 possit
2022 4015 2202 4061 utrum
2221 4005 2392 4076 iussis
2428 4009 2753 4074 consentiat,
2805 4024 2874 4063 an
2918 4023 3027 4063 non
3071 4011 3416 4063 consentiat:

1826 4098 2081 4154 animalia
2112 4114 2240 4155 vero
2264 4107 2358 4154 aut
2390 4098 2625 4155 volatilia
2652 4114 2759 4154 non
2797 4106 3122 4168 acceperunt
3145 4098 3248 4152 hoc
3267 4096 3418 4166 iudi-

1828 4190 1973 4246 cium
1998 4207 2013 4256 ;
2040 4205 2143 4260 pro
2167 4206 2266 4245 suo
2294 4198 2475 4246 tamen
2503 4204 2698 4262 genere
2727 4198 2888 4260 atque
2919 4198 3113 4244 natura
3136 4187 3291 4258 jussu
3320 4189 3419 4245 ali-

1829 4297 1936 4351 quo
1957 4289 2099 4336 tacta
2124 4282 2518 4351 propelluntur.
2566 4282 2721 4338 Unde
2752 4281 2995 4351 angelica
3034 4278 3418 4349 natura,iussa

1829 4372 1923 4426 Dei
1946 4372 2251 4441 perliciens,
2278 4382 2459 4427 movet
2478 4370 2645 4441 jussis
2665 4388 2825 4429 omne
2844 4387 3015 4445 genus
3040 4372 3418 4440 animantium,

1831 4463 2034 4518 ducens
2070 4477 2178 4532 quo
2224 4461 2313 4516 illa
2359 4464 2629 4519 nesciunt.
2661 4463 2720 4519 Si
2751 4463 2999 4518 homines
3031 4469 3259 4532 possunt
3284 4476 3421 4515 non-

1830 4552 1975 4608 nulla
1997 4552 2310 4608 animalium
2330 4569 2529 4625 genera
2549 4562 2828 4609 mansueta
2846 4552 3044 4618 facere,
3062 4553 3136 4607 ita
3173 4561 3232 4607 ut
3265 4566 3424 4620 quas-

1831 4647 1954 4701 dam
2004 4644 2312 4701 voluntates
2352 4646 2633 4702 hominum
2663 4647 2841 4702 l‘acere
2868 4645 3177 4709 vidcantur,
3217 4651 3422 4714 quanto

1831 4738 2005 4809 magis
2027 4738 2133 4793 hoc
2160 4738 2335 4809 angeli
2364 4738 2637 4808 possunt?

1900 4829 1969 4883 D.
2005 4828 2135 4895 Quae
2179 4845 2339 4885 causa
2369 4828 2497 4883 facit
2533 4836 2592 4882 ut
2630 4826 2790 4891 Deus,
2852 4842 3012 4897 quem
3060 4824 3263 4881 astruis
3308 4839 3424 4878 mo-

1829 4923 1965 4986 veri,
1998 4938 2107 4977 non
2134 4930 2414 4977 moveatur
2439 4921 2491 4975 in
2520 4930 2784 4990 tempore,
2829 4927 2924 4974 aut
2956 4919 3181 4990 spiritus
3206 4927 3425 4973 creatus

1830 5016 1923 5086 qui
1954 5024 2199 5070 movetur
2224 5015 2277 5069 in
2307 5022 2565 5085 tempore,
2595 5030 2703 5069 non
2729 5021 3012 5068 moveatur
3036 5020 3089 5067 et
3115 5012 3277 5068 loco?

1904 5106 1981 5161 Μ.
2014 5107 2157 5162 Deus
2197 5106 2288 5176 qui
2336 5106 2567 5161 instituit
2597 5114 2861 5175 tempora,
2901 5113 3067 5160 etest
3108 5113 3233 5159 ante
3283 5113 3421 5158 tem-

1830 5216 1983 5271 pora,
2007 5198 2143 5254 nihil
2166 5199 2219 5252 in
2248 5214 2312 5254 co
2334 5209 2416 5253 est
2444 5198 2777 5268 prtetcritum
2804 5205 2897 5252 aut
2922 5197 3181 5261 futurum,
3214 5196 3423 5250 nullum

1832 5290 2118 5346 consilium
2138 5306 2357 5355 novum,
2386 5288 2638 5358 nullaque
2666 5289 2923 5359 cogitatio
2946 5304 3105 5354 nova,
3136 5288 3291 5358 quasi
3317 5287 3424 5342 sci-

1834 5381 1961 5437 licet
1989 5380 2060 5435 sit
2103 5396 2241 5435 nova
2287 5388 2341 5435 et
2386 5381 2668 5435 accedens.
2714 5379 2850 5434 Nam
2882 5380 2927 5433 si
2951 5379 3160 5434 accedit
3188 5377 3297 5431 Deo
3326 5375 3424 5430 ali-

1834 5470 1980 5541 quid,
2000 5468 2114 5538 iam
2150 5485 2255 5524 non
2288 5468 2671 5534 immutabilis;
2714 5460 2878 5541 igitur
2902 5466 3257 5523 immutabilis
3282 5466 3427 5521 Deus

1835 5569 1937 5625 est,
1981 5561 2117 5616 nihil
2143 5561 2214 5615 illi
2256 5561 2486 5625 accedit,
2528 5560 2669 5614 nulh
2718 5575 2856 5615 nova
2905 5559 3182 5631 cogitatio,
3219 5555 3423 5611 nullum

1836 5670 2033 5711 novum
2076 5651 2382 5710 consilium.
2427 5652 2548 5709 Ideo
2598 5669 2701 5708 non
2750 5660 2997 5709 movetur
3031 5652 3086 5706 in
3133 5656 3377 5718 tcmpom
3403 5684 3422 5709 ι
