3950 6312
478 343 644 398 “51'

1950 345 2250 402 WlC-BODI

3607 359 3734 415 “5'2

473 465 702 521 corpora
740 464 872 507 vero
897 465 994 505 sua
1040 449 1096 505 in
1141 449 1317 506 locum
1363 453 1688 508 movendum
1717 453 2050 511 descendunt
2077 457 2122 516 Α
2153 464 2320 511 testas
2345 458 2619 515 Creatoris
2661 461 2820 516 habet
2859 463 2998 531 apud
3021 478 3079 518 se
3105 479 3263 534 posse
3291 467 3356 522 de
3377 467 3468 522 his
3490 469 3734 527 omnibus

474 541 540 596 de
571 541 710 596 ctelo
739 550 794 595 et
821 541 1120 596 ascendunt
1149 542 1203 595 in
1231 542 1448 597 ctelum.
1482 543 1718 612 Spiritus
1744 545 1926 616 itaque
1959 549 2058 604 hoe-

475 633 680 686 minum
720 640 966 687 movetur
990 632 1044 685 in
1072 640 1313 702 tempore
1342 635 1735 692 reminiscendo
1759 641 2065 706 praeterita,

477 721 655 775 l'utura
699 723 1061 791 exspectando
1085 763 1100 787 ,
1145 722 1322 791 aliqua
1369 740 1508 779 nova
1555 727 1828 784 discendo.
1874 730 2072 800 Neque

476 811 624 864 enim
652 826 774 866 cum
819 811 1073 865 recordor
1107 811 1344 880 aliquam
1387 814 1669 871 lectionem
1701 826 1795 871 aut
1823 819 2068 889 aliquaue

476 897 770 962 civitatem,
799 899 878 952 sic
898 907 1199 965 commotus
1225 909 1309 954 est
1333 903 1556 970 spiritus
1576 920 1728 960 meus
1753 908 2055 975 cogitando,

477 995 536 1040 ut
581 987 697 1043 haec
729 989 1102 1042 recordaretur
1129 1005 1196 1042 ex
1243 999 1501 1059 tempore,
1543 993 1618 1048 ita
1658 1004 1853 1050 motus.
1882 1005 1965 1052 est
2004 1007 2066 1052 et.

480 1078 616 1131 loco.
668 1078 820 1143 Quod
851 1077 896 1130 si
946 1077 999 1130 in
1033 1078 1152 1135 loco
1195 1088 1468 1146 movetur,
1499 1097 1568 1137 an
1605 1084 1661 1137 in
1693 1084 1861 1149 ctelo,
1894 1101 1962 1139 an
2003 1087 2073 1140 in,

478 1173 623 1218 terra
665 1165 950 1219 movetur?
982 1167 1110 1235 quia
1152 1167 1268 1221 sine
1311 1169 1451 1224 ctelo
1494 1178 1726 1226 etterna
1773 1172 1951 1227 nullus
1977 1184 2071 1229 est.

481 1256 645 1310 locus.
679 1257 780 1311 Ubi
805 1258 950 1311 enim
981 1257 1080 1312 fuit
1106 1259 1220 1328 ipse
1247 1261 1490 1330 spiritus,
1523 1263 1584 1316 in
1607 1263 1745 1318 caelo
1775 1279 1844 1318 an
1867 1264 1922 1318 in
1951 1273 2065 1318 ter-

481 1360 562 1406 ra,
592 1353 652 1398 ut
681 1345 889 1398 videret
915 1347 1084 1414 ipsam
1116 1347 1403 1403 lectionem
1425 1350 1508 1404 vel
1547 1350 1719 1421 ipsam
1737 1353 2017 1420 civitatein
2039 1355 2073 1407 ‘2.

480 1434 620 1508 Ergo
665 1435 710 1487 si
754 1435 807 1488 in
843 1435 989 1490 nullo
1018 1436 1134 1491 loco
1162 1439 1319 1502 vidit,
1359 1447 1420 1492 ut
1468 1440 1862 1506 recordarctur,
1895 1442 1948 1495 in
1977 1456 2064 1496 se-

482 1524 603 1592 ipso.
629 1525 781 1580 vidit.
813 1526 877 1580 Et
903 1527 1030 1595 quia
1067 1529 1279 1582 initium
1305 1530 1765 1602 habet,.cogitatio
1790 1542 1874 1588 est
1901 1548 2062 1588 omne

481 1617 624 1685 quod
659 1618 870 1672 initium
903 1627 956 1674 et
988 1629 1198 1690 tempus
1223 1623 1598 1691 habethitur
1631 1626 1924 1680 secundum
1965 1641 2063 1680 su—
2093 1684 2098 1688 ,

481 1705 778 1775 pradictam
804 1707 1066 1762 rationem
1093 1710 1316 1779 spiritus
1335 1721 1548 1766 creatus
1573 1727 1670 1781 per
1695 1721 1908 1784 tempus
1947 1729 2063 1770 mo-

481 1795 596 1848 veri
637 1804 844 1870 potest,
882 1812 990 1851 non
1024 1813 1120 1867 per
1165 1799 1368 1854 locum.
1409 1802 1640 1870 Spiritus
1669 1818 1798 1860 vero
1844 1814 2055 1860 creator
2085 1793 2130 1853 Β

481 1883 600 1938 sine
641 1867 882 1954 iempore
918 1896 973 1941 et
1015 1887 1163 1952 loco,
1193 1902 1385 1958 corpus
1413 1867 1594 1945 autem
1633 1901 1689 1947 et
1733 1900 1976 1962 tempore
2001 1903 2072 1950 eL

484 1974 633 2031 loco..
659 1962 940 2045 Sequitur:

555 2064 779 2118 Immisit
817 2081 937 2135 ergo
978 2065 1232 2121 Dominus
1271 2085 1506 2139 soporem
1553 2070 1610 2123 in
1644 2071 1833 2137 Adam,
1860 2081 1909 2126 et
1937 2072 2058 2128 tulit

483 2171 642 2208 unam
673 2155 738 2209 de
761 2157 914 2210 costis
933 2157 1068 2226 ejus,
1098 2174 1266 2226 usque
1294 2159 1405 2214 Ita'c
1424 2161 1690 2216 vocabitur
1711 2163 1908 2233 virago,
1933 2165 2059 2235 quia

481 2261 546 2299 ea:
569 2246 677 2299 viro
706 2263 801 2300 suo
824 2256 1032 2317 sumpta
1053 2257 1128 2302 est
1159 2247 1314 2318 (Gen.
1344 2265 1416 2316 tl,
1433 2250 1546 2323 Si),

1061 2377 1398 2419 BIEIONYIIUS
1423 2376 1474 2417 a.

551 2450 619 2504 Et
646 2451 794 2506 misit
816 2451 1076 2507 Dominus
1108 2454 1248 2508 Deus
1273 2455 1529 2510 exstasim
1553 2470 1717 2525 super
1732 2456 1932 2525 Adam;
1959 2473 2074 2529 pro

480 2542 703 2606 esstasi,
720 2542 772 2597 id
795 2548 878 2597 est
915 2544 1110 2599 mentis
1139 2559 1386 2611 excessu,
1411 2546 1466 2600 in
1494 2547 1721 2603 ﬂebrmo
1757 2549 1921 2604 habet
1951 2559 2061 2604 tar-

480 2629 653 2694 dema,
688 2631 832 2699 quod
859 2630 1049 2700 Aquila
1077 2637 1383 2710 καταφορὰν,
1421 2634 1779 2705 Symmachus
1803 2641 1976 2711 κάρον,
2004 2639 2060 2694 id

479 2724 565 2771 est
587 2733 802 2786 gravem
826 2728 882 2775 et
912 2720 1236 2788 profundum
1271 2739 1522 2793 s0porem
1547 2726 1884 2796 interpretati
1909 2736 2056 2784 sunt.

479 2809 720 2882 Denique
745 2813 1005 2882 sequitur,
1031 2823 1082 2867 et
1119 2815 1380 2880 dormivit,
1412 2816 1653 2886 idipsum
1671 2819 1901 2873 verbum
1923 2827 1979 2873 et
2002 2820 2059 2874 in

477 2897 627 2955 Jonas
651 2902 928 2956 stertentis
949 2917 1139 2957 somno
1161 2904 1393 2972 positum
1415 2913 1500 2959 est
1519 2904 1666 2976 (Ion.
1682 2906 1746 2976 ι).
1770 2905 2055 2975 Sequitur:

553 2988 668 3044 Hoc
693 3008 830 3045 nunc
858 3007 916 3044 os
945 3007 1011 3046 es
1033 2991 1233 3046 ossibus
1269 2994 1404 3047 meis
1422 3003 1470 3048 et
1495 3009 1617 3047 caro
1638 2993 1703 3048 de
1731 3011 1889 3049 carne
1921 3012 2054 3059 mea,

477 3079 588 3133 hac
629 3081 897 3134 vocabitur
939 3081 1162 3147 mulier,
1209 3083 1455 3153 quoniam
1494 3099 1558 3137 ea:
1590 3084 1698 3138 viro
1744 3094 1951 3154 sumpta
1983 3095 2057 3139 est

479 3167 634 3240 (Gen.
663 3185 722 3233 ιι,
753 3170 869 3241 23).
896 3170 1010 3226 Non
1037 3171 1250 3228 videtur
1277 3173 1331 3226 in
1372 3171 1560 3228 Graeco
1582 3182 1638 3228 et
1662 3173 1718 3228 in
1755 3174 1946 3229 Latino
1972 3191 2059 3230 re-

479 3274 672 3313 sonare
699 3259 892 3331 [Edit.,
918 3261 1134 3334 sonare]
1163 3279 1260 3318 cur
1286 3263 1480 3319 mulier
1506 3264 1820 3334 appelletur,
1838 3267 1973 3335 quia
1989 3281 2058 3321 ex

475 3349 594 3404 viro
628 3359 840 3420 sumpta
868 3354 975 3419 sit;
1016 3355 1111 3410 sed
1137 3355 1460 3427 etymologia
1484 3357 1538 3411 in
1560 3357 1788 3413 Hebraeo
1810 3367 2069 3415 sermone

476 3451 745 3512 servatur,
772 3445 858 3500 vir
881 3448 1078 3518 quippe
1104 3448 1174 3514 is,
1218 3448 1414 3504 mulier
1443 3449 1572 3504 issa.
1604 3449 1770 3505 Recte
1797 3451 1962 3522 igitur
1989 3451 2065 3506 ab

476 3538 526 3591 is
566 3538 829 3609 appellata
872 3548 956 3595 est
995 3540 1189 3595 mulier
1229 3542 1356 3596 issu.
1411 3542 1563 3598 Unde
1606 3550 1664 3598 et
1703 3541 2070 3614 Symmachus

474 3627 698 3696 pulchre
717 3629 1095 3699 etymologiam
1116 3630 1279 3685 etiam
1305 3631 1360 3685 in
1385 3630 1575 3687 Graeco
1593 3632 1763 3688 voluit
1785 3633 2058 3689 custodire

475 3714 692 3769 dicens:
718 3715 847 3769 ch
868 3717 1151 3782 vocabitur,
1174 3718 1343 3795 ἀνδρις
1363 3718 1449 3775 ὅτι·
1465 3721 1516 3774 ix
1533 3729 1626 3776 τοῦ
1650 3719 1833 3798 ἀνδρὸς
1856 3723 2050 3795 ἐλήφθη.

475 3800 630 3866 Quod
655 3817 754 3857 nos
775 3802 967 3856 Latine
990 3818 1276 3872 possumus
1296 3807 1475 3862 dicere
1499 3825 1512 3861 :
1542 3808 1670 3862 Harc
1693 3810 1960 3864 vocabitur
1981 3812 2058 3865 vi-

476 3907 622 3960 rago,
650 3893 773 3961 quia
796 3909 860 3946 ea:
880 3894 987 3947 uiro
1008 3906 1212 3964 sumpta
1231 3907 1326 3951 est.
1356 3898 1525 3954 Porro
1543 3899 1874 3957 Theodotion
1894 3901 2053 3958 aliam

475 3981 855 4051 etymologiam
904 3984 1204 4052 suspicatus
1233 3996 1316 4040 est
1360 3987 1584 4042 dicens:
1627 3988 1757 4043 Haec
1791 3992 2079 4068 vocabitur_

475 4071 780 4140 assumptio,
803 4073 935 4142 quia
971 4089 1036 4127 ex
1069 4074 1176 4128 viro
1207 4086 1474 4146 assumpta
1511 4087 1606 4132 est.
1638 4079 1823 4134 Potest
1857 4079 2054 4149 quippe

473 4161 580 4215 ista
609 4162 901 4216 secundum
927 4163 1239 4219 varietatem
1278 4179 1534 4224 accentus
1563 4177 1619 4225 et
1647 4171 1930 4239 assumptio
1969 4170 2054 4224 in-

473 4249 661 4320 telligi.

545 4340 573 4380 δ
591 4339 745 4406 Quod
767 4341 812 4396 si
834 4344 1098 4412 quaeritur
1122 4346 1187 4401 de
1207 4345 1346 4401 facta
1373 4357 1497 4416 post
1520 4349 2052 4421 muliere,quomodo

463 4443 522 4481 se
552 4428 749 4484 habeat
768 4431 998 4486 causalis
1023 4432 1113 4487 illa
1135 4435 1392 4499 conditio,
1419 4445 1600 4492 utrum
1617 4437 1730 4507 iam
1753 4439 1805 4494 id
1829 4441 2042 4504 haheat,

465 4527 522 4571 ut
551 4521 845 4574 secundum
879 4535 997 4574 eam
1024 4537 1244 4578 necesse
1275 4533 1418 4579 esset
1448 4541 1512 4580 ex
1533 4527 1673 4581 virili
1697 4527 1866 4586 latere
1893 4529 2049 4585 femi-

467 4623 592 4661 nam
625 4607 760 4669 ﬁeri,
788 4623 856 4662 an
882 4610 984 4664 hoc
1012 4619 1216 4665 tantum
1242 4614 1475 4668 habebat
1511 4623 1571 4668 ut
1597 4615 1711 4670 ﬁeri
1737 4626 1949 4687 posset;
1988 4629 2048 4673 ut

465 4705 647 4750 autem
676 4697 748 4750 ita
777 4697 895 4752 ﬁeri
920 4714 1140 4756 necesse
1166 4711 1333 4768 esset,
1357 4720 1466 4758 non
1499 4705 1571 4758 ibi
1593 4703 1704 4772 jam
1741 4708 2012 4762 conditum
2029 4749 2055 4774 ,.

466 4787 560 4840 sed
591 4787 648 4842 in
679 4787 787 4842 Deo
813 4798 932 4844 erat
967 4791 1360 4846 absconditum.
1403 4795 1586 4849 Dicam
1639 4796 1764 4864 quid
1812 4798 1942 4850 mihi
1968 4799 2047 4850 vi-

466 4874 678 4930 deatur.
722 4888 743 4916 ε
777 4877 977 4934 Omnes
1022 4881 1140 4936 ista:
1188 4893 1396 4938 natura
1434 4885 1813 4940 usitatissimos
1856 4902 2046 4943 cursus

467 4964 685 5032 habent,
728 4972 984 5037 quasdam
1025 4974 1295 5028 naturales
1332 4975 1475 5044 leges
1499 4992 1642 5030 suas.
1675 4978 1752 5030 Ex
1789 4979 1873 5032 his
1901 4979 2048 5035 velut

463 5054 778 5125 primordiis
808 5077 1008 5127 rerum,
1039 5065 1218 5119 omnia
1249 5081 1368 5135 quae
1396 5068 1687 5138 gignuntur
1706 5086 1803 5125 suo
1832 5087 2044 5142 quoque

468 5155 709 5216 tempore
751 5163 971 5207 exortus
1013 5151 1402 5228 processusque
1431 5167 1668 5224 sumunt,
1716 5160 1955 5230 ﬁnesque
1991 5171 2046 5218 et

466 5236 806 5293 decessiones
826 5241 907 5294 sui
929 5243 1185 5314 cujusque
1207 5249 1438 5316 generis.
1460 5247 1609 5303 Unde
1631 5251 1691 5302 tit
1713 5258 1773 5303 ut
1793 5250 1859 5305 de
1877 5267 2043 5322 grano

465 5327 634 5382 tritici
661 5344 768 5384 non
788 5341 1039 5387 nascatur
1063 5335 1207 5402 faba,
1231 5339 1314 5393 vel
1342 5339 1409 5393 de
1432 5339 1646 5393 homine
1663 5356 1845 5409 pecus.
1871 5344 2044 5412 Super

465 5419 611 5475 hunc
633 5429 814 5477 autem
841 5433 1044 5480 motum
1075 5445 1397 5500 cursumque
1421 5448 1602 5486 rerum
1628 5435 1922 5489 naturalem
1949 5452 2044 5506 po—

537 5585 563 5614 α
593 5573 792 5640 Quaest.
825 5574 987 5629 Hebr.
1375 5579 1378 5582 ’
1433 5602 1441 5608 ·

535 5645 566 5683 ιι
591 5645 732 5716 _Aug.
766 5644 834 5699 de
866 5643 1002 5716 Gen.
1036 5647 1102 5701 ad
1130 5647 1258 5710 litt.,
1287 5650 1380 5704 ιιι).
1411 5669 1485 5716 ix,
1517 5670 1566 5707 c.
1601 5653 1686 5706 l7.

536 5726 560 5753 ἰ
590 5713 647 5770 Ιιι
672 5713 852 5782 editis,
889 5715 1074 5771 Omnis
1103 5717 1197 5772 iste
1223 5731 1422 5777 natura:
1461 5713 1828 5779 usitaiissimus
1858 5742 2039 5781 cursus

2159 545 2334 600 facere
2378 548 2524 603 aliud
2562 565 2723 618 quam
2763 568 2948 606 eorum
2985 556 3142 623 quasi
3184 557 3474 613 seminales
3507 560 3734 615 rationes

2157 635 2372 690 habent.
2397 637 2599 693 Horum
2619 649 2675 694 et
2701 642 2886 696 talium
2915 645 3197 700 modorum
3223 649 3608 704 rationessnon
3631 661 3736 706 tan-

2161 734 2271 778 tum
2303 727 2364 778 in
2386 728 2495 782 Deo
2525 739 2668 795 sunt,
2713 732 2805 786 sed
2839 733 2908 787 ab
2949 734 3040 789 illo
3064 737 3225 790 etiam
3255 739 3410 793 rebus
3437 741 3644 794 creatis
3665 742 3736 796 ia-

2158 816 2284 870 ditm
2317 829 2476 887 atque
2512 831 2797 877 concretae.
2832 824 2902 878 Ut
2945 835 3126 880 autem
3156 827 3356 898 lignum
3385 830 3456 883 de
3489 838 3637 884 terra
3660 848 3738 886 ex-

2158 906 2349 972 cisum,
2375 910 2603 975 aridum,
2620 914 2942 982 perpolitum
2967 917 3084 971 sine
3105 916 3213 970 ulla
3236 919 3438 985 radice,
3459 921 3589 976 sine
3606 931 3734 977 terra

2157 1005 2213 1048 et
2235 1011 2374 1065 aqua
2416 1009 2635 1068 repente
2669 1002 2857 1057 ﬂoreat
2883 1013 2938 1059 et
2962 1005 3196 1062 fructum
3223 1009 3425 1079 gignat,
3458 1012 3612 1066 dedit
3638 1029 3738 1082 qui-

2159 1085 2279 1140 dem
2303 1090 2511 1144 naturis
2538 1106 2671 1160 quas
2711 1094 2944 1161 creavit,
2973 1104 3033 1148 ut
3061 1113 3129 1151 ex
3151 1098 3231 1152 eis
3253 1107 3307 1152 et
3333 1105 3450 1156 [nec
3479 1101 3602 1156 ﬁeri
3630 1120 3740 1172 pos-

2159 1181 2300 1234 sinta
2312 1183 2769 1241 Verumtamenet
2793 1188 2898 1244 alio
2920 1192 3080 1245 modo
3105 1192 3256 1247 dedit
3284 1203 3344 1247 ut
3369 1211 3487 1250 non
3514 1196 3630 1251 hate
3655 1198 3740 1251 ha-

2158 1271 2346 1328 berent
2372 1276 2427 1330 in
2452 1287 2598 1333 motu
2624 1281 2875 1346 naturali,
2901 1283 2992 1338 sed
3020 1283 3074 1337 in
3109 1300 3174 1340 eo
3202 1301 3310 1354 quo
3339 1287 3411 1340 ita
3439 1296 3632 1341 creata
3659 1301 3735 1340 es—

2158 1371 2390 1429 sent,.ut
2424 1381 2608 1422 eorum
2643 1378 2834 1425 natura
2871 1387 2982 1426 sua:
3020 1374 3283 1430 voluntati
3309 1377 3554 1445 amplius
3579 1376 3742 1444 suhja~

2159 1462 2326 1507 ceret.
2367 1454 2548 1511 Habet
2583 1472 2714 1528 ergo
2749 1459 2894 1514 Deus
2924 1461 2978 1514 in
3009 1462 3188 1532 seipso
3223 1465 3732 1534 absconditas-quo-

2161 1543 2405 1596 rumdam
2447 1544 2708 1602 factorum
2739 1565 2961 1616 causas,
3009 1567 3144 1620 quas
3173 1553 3336 1608 rebus
3379 1555 3619 1608 conditis
3644 1572 3733 1609 non

2160 1629 2405 1688 inseruit.
2433 1634 2510 1690 lbi
2534 1644 2618 1690 est
2641 1645 2706 1690 et
2719 1641 2891 1708 gratia
2919 1655 3018 1710 per
3037 1657 3200 1711 quam
3229 1641 3365 1697 salvi
3394 1643 3541 1697 ﬁunt
3565 1660 3734 1714 pecca-

2160 1729 2324 1776 tores.
2358 1722 2489 1776 Nam
2528 1725 2670 1794 quod
2713 1728 2906 1782 attinet
2946 1729 3013 1784 ad
3061 1739 3310 1785 naturain
3342 1733 3613 1803 iniquam,
3652 1750 3743 1788 sua

2155 1813 2432 1869 voluntate
2458 1816 2836 1885 depravatam,
2856 1835 3132 1876 recursum
3154 1838 3252 1892 per
3272 1826 3627 1894 semetipsam
3643 1842 3744 1880 non

2155 1903 2332 1968 habet,
2373 1907 2466 1962 sed
2488 1921 2587 1976 per
2606 1908 2700 1963 Dei
2732 1911 2983 1979 gratiam.
3014 1912 3242 1983 Propter
3261 1915 3410 1983 quod
3430 1918 3732 1985 mysterium

2156 1995 2343 2063 gratiae
2382 1997 2497 2064 ejus
2534 1997 2820 2068 Apostolus
2867 2001 3082 2075 (Ephes.
3123 2019 3216 2069 ιιι,
3265 2005 3319 2074 9)
3369 2005 3731 2061 absconditum

2157 2085 2443 2152 dixit,.non
2487 2091 2540 2145 in
2571 2094 2795 2158 mundo,
2822 2095 2916 2149 sed
2940 2097 2992 2150 in
3024 2097 3154 2161 Deo,
3192 2099 3285 2167 qui
3307 2099 3574 2154 universa
3602 2116 3734 2154 crea-

2156 2177 2264 2230 vit.
2280 2177 2643 2244 Quamobrem
2686 2185 2864 2239 omnia
2897 2187 3060 2241 etiam
3095 2203 3214 2256 quae
3252 2187 3318 2241 ad
3348 2189 3500 2244 hanc
3519 2191 3729 2259 gratiam

2158 2269 2560 2340 signiﬁcandam
2586 2290 2695 2330 non
2720 2277 2950 2331 naturali
2980 2289 3134 2332 motu.
3158 2294 3362 2344 rerum,
3395 2280 3494 2334 sed
3528 2282 3732 2335 mit-abi-

2157 2361 2284 2417 liter
2306 2362 2446 2419 facta
2470 2374 2615 2431 sunt,
2657 2382 2846 2423 eorum
2883 2371 3045 2425 etiam
3087 2387 3264 2426 causa:
3293 2373 3348 2426 in
3381 2373 3497 2428 Deo
3521 2376 3730 2429 abscon-

2159 2453 2281 2510 dita:
2307 2453 2543 2511 fuerunt.
2579 2456 2817 2524 Quorum
2842 2461 2888 2515 si
2915 2477 3080 2517 unum
3101 2471 3257 2528 erat,
3277 2463 3534 2533 quodita
3559 2466 3730 2520 mulier

2157 2543 2299 2600 facta
2326 2555 2410 2600 est
2427 2547 2494 2602 de
2521 2549 2689 2605 latere
2709 2551 2829 2615 viri,
2859 2553 3036 2607 ethoc
3061 2554 3409 2619 dormientis,
3434 2571 3543 2610 non
3563 2558 3727 2610 habuit

2159 2637 2262 2692 hoc
2285 2640 2461 2708 prima
2491 2656 2674 2696 rerum
2703 2644 2962 2709 conditio,-
2990 2647 3204 2714 quando
3226 2655 3387 2700 sexta
3430 2649 3515 2702 die
3543 2650 3723 2703 dictum

2157 2735 2281 2783 est:
2321 2727 2620 2785 Masculus:
2652 2742 2701 2787 ct
2728 2734 2977 2802 feminam
3007 2736 3126 2804 fecit
3163 2754 3274 2804 eos,
3306 2749 3368 2794 ut
3396 2741 3587 2796 femina
3609 2757 3718 2796 om-

2157 2821 2286 2878 nino
2327 2823 2404 2878 sic
2451 2822 2626 2890 ﬁeret,
2671 2827 2767 2881 sed
2805 2835 3012 2882 tantum
3042 2829 3141 2885 hoc
3169 2830 3380 2896 habuit,
3440 2835 3556 2903 ;uia
3582 2844 3631 2887 et
3656 2835 3736 2888 sic

2157 2913 2273 2968 ﬁeri
2299 2915 2489 2984 possit.
2539 2915 2652 2972 Nec
2674 2927 2861 2973 contra
2887 2935 3081 2975 causas
3117 2938 3253 2992 quas
3282 2924 3565 2980 voluntate
3594 2927 3732 2980 insti-

2159 3005 2279 3068 tuit,
2308 3008 2550 3064 mutabili
2581 3008 2855 3066 voluntate
2883 3012 3084 3082 aliquid
3113 3013 3316 3070 faceret
3341 3036 3355 3070 :
3399 3019 3533 3088 quid
3569 3029 3738 3072 autem

2083 3135 2140 3201 Ο
2160 3095 2314 3152 ﬁeret
2339 3107 2400 3152 ut
2428 3098 2572 3155 aliud
2598 3102 2820 3157 omnino
2846 3102 3085 3158 futurum
3124 3121 3231 3160 non
3263 3117 3436 3174 esset,
3463 3109 3740 3164 abscondi.

2163 3193 2274 3241 tum
2298 3195 2416 3242 erat
2442 3187 2498 3242 in
2523 3189 2634 3246 Deo
2657 3190 2748 3261 qui
2780 3191 3030 3248 universa
3050 3196 3270 3250 creavit.

2663 3316 2810 3364 ,ιτειι
2849 3317 3212 3358 AUGUSTINUS.

2657 3411 2730 3465 De
2771 3413 2948 3466 anima
2984 3413 3237 3470 mulieris.

2223 3520 2252 3560 ἀ
2291 3519 2550 3588 Quoniam
2573 3522 2638 3577 de
2664 3538 2828 3578 carne
2853 3525 3095 3579 mulieris
3111 3528 3582 3595 quemadmodum
3608 3530 3738 3584 facta

2154 3611 2224 3667 sit
2249 3613 2525 3683 Scriptura
2552 3613 2810 3677 narravit,
2839 3615 3006 3669 tacuit
3034 3626 3211 3671 autem
3242 3617 3310 3672 de
3335 3621 3547 3682 anima,
3582 3621 3736 3674 multo

2152 3702 2324 3772 magis
2349 3718 2447 3758 nos
2473 3702 2601 3757 fecit
2650 3703 2885 3759 intentos
2918 3713 2977 3759 ut
3010 3706 3076 3760 de
3114 3706 3215 3760 hoc
3254 3709 3462 3763 mundo
3509 3720 3535 3748 ε
3577 3709 3736 3764 refelli

2151 3793 2361 3863 possint
2381 3794 2494 3848 sive
2517 3811 2623 3850 non
2651 3797 2876 3865 possint,
2907 3796 2995 3865 qui
3019 3799 3245 3852 credunt
3269 3801 3511 3854 animam
3543 3801 3614 3856 de
3637 3799 3740 3853 ani-

2152 3900 2240 3938 ma
2261 3886 2512 3950 hominis,
2528 3887 2668 3942 sicut
2692 3888 2756 3942 de
2781 3904 2944 3943 carne
2966 3905 3201 3956 carnem,
3230 3891 3346 3946 ﬁeri
3365 3909 3397 3946 a
3421 3896 3736 3964 parentibus

2152 3977 2207 4031 in
2253 3977 2392 4033 ﬁlios
2436 3979 2718 4048 utriusque
2761 3981 2838 4035 rei
2889 3981 3177 4037 transfusis
3221 3984 3550 4039 seminibus.
3611 3985 3744 4038 Hine

2151 4068 2296 4124 enim
2342 4069 2593 4140 primitus
2636 4071 2702 4124 ad
2746 4072 2847 4126 hoc
2891 4081 3209 4138 moventur,.
3239 4083 3300 4127 ut
3340 4074 3553 4137 dicant,
3602 4075 3737 4145 quod

2150 4175 2312 4212 unam
2341 4160 2576 4214 animam
2605 4162 2744 4216 Deus
2771 4160 3169 4232 fecerit,.quam
3195 4164 3426 4219 sulllavit
3455 4166 3510 4219 in
3540 4166 3736 4222 faciem

2151 4250 2409 4316 hominis,
2433 4267 2592 4320 quem
2623 4251 2689 4308 de
2712 4252 2930 4322 pulvere
2951 4254 3214 4322 ﬁnxerat;
3245 4265 3300 4310 et
3327 4264 3384 4310 ut
3409 4271 3477 4310 ex
3505 4258 3612 4311 illa
3632 4258 3734 4326 jam

2149 4349 2359 4394 caetera:
2384 4349 2634 4396 creentur
2648 4343 2838 4396 anima:
2863 4343 3159 4409 hominum,
3183 4345 3324 4400 sicut
3343 4360 3413 4400 ex
3439 4345 3598 4402 illius
3625 4363 3736 4403 car-

2151 4444 2219 4483 ne
2239 4431 2414 4485 omnis
2439 4431 2600 4487 etiam
2625 4448 2752 4488 caro
2777 4433 3074 4487 hominum.
3098 4434 3235 4489 Huic
3253 4435 3556 4505 suspicioni
3583 4438 3740 4492 facile

2150 4520 2470 4574 occurritur.
2505 4518 2560 4575 Si
2585 4522 2728 4576 enim
2753 4532 3030 4592 propterea
3059 4532 3249 4594 putant
3276 4525 3510 4579 animam
3542 4529 3736 4582 mulie-

2151 4607 2226 4662 ris
2249 4625 2316 4662 ex
2337 4610 2517 4664 anima
2543 4611 2642 4664 viri
2668 4610 2880 4675 factam,
2913 4613 3172 4681 quianon
3190 4614 3450 4683 scriptum
3477 4625 3568 4671 est
3595 4618 3752 4688 quod.

2150 4697 2204 4751 in
2235 4697 2476 4752 mulieris
2510 4698 2702 4754 faciem
2734 4701 3026 4755 sulllaverit
3060 4702 3358 4766 Deus,,cur
3391 4705 3636 4760 credunt
3674 4723 3738 4760 ex

2147 4788 2264 4842 viro
2295 4789 2585 4843 animatum
2613 4807 2823 4860 quoque
2852 4791 3126 4859 feminam,
3154 4797 3370 4864 quando
3399 4812 3503 4851 nec
3527 4797 3594 4853 id
3625 4800 3736 4867 qui-

2149 4880 2268 4934 dem
2301 4881 2558 4948 scriptum
2589 4891 2690 4935 est.

2215 4967 2293 5021 Ac
2326 4969 2558 5037 primum
2595 4970 2723 5025 illud
2756 4970 3063 5027 ﬁrmissime
3091 4979 3386 5036 teneamus,
3412 4973 3621 5029 animae
3645 4992 3744 5028 na.

2145 5068 2321 5113 turam
2347 5077 2454 5115 non
2481 5061 2532 5115 in
2559 5070 2805 5115 naturam
2834 5064 3078 5132 corporis
3100 5065 3359 5128 converti,
3387 5074 3448 5118 ut
3470 5081 3599 5134 qua:
3617 5067 3732 5135 jam

2144 5152 2247 5206 fuit
2273 5154 2472 5218 anima,
2505 5155 2596 5208 ﬁat
2624 5170 2857 5224 corpus:
2895 5169 2992 5210 nec
3031 5157 3085 5209 in
3126 5167 3377 5210 naturam
3415 5158 3622 5213 anima:
3663 5161 3738 5212 ir-

2146 5245 2443 5309 rationalis,
2475 5252 2534 5298 ut
2561 5261 2680 5312 quze
2708 5244 2808 5299 fuit
2837 5247 3015 5300 anima
3044 5247 3279 5301 hominis
3299 5288 3313 5312 ,
3343 5247 3436 5301 ﬁat
3463 5252 3689 5318 pecoris
3713 5265 3730 5302 :

2144 5351 2246 5391 nec
2282 5338 2334 5390 in
2372 5346 2618 5392 naturam
2655 5338 2772 5402 Dei,
2815 5347 2874 5392 ut
2905 5355 3025 5409 qua:
3060 5339 3161 5395 fuit
3197 5341 3398 5407 anima,
3439 5341 3535 5396 ﬁat
3579 5343 3732 5412 quod

2145 5426 2286 5480 Deus
2309 5436 2412 5482 est.

2143 5581 2299 5665 habet
2317 5581 2870 5665 quasdamlmturajcs.
2889 5599 3023 5652 teges
3057 5600 3200 5665 suas.

2213 5651 2238 5690 ἀ
2283 5651 2398 5704 Lib.
2429 5669 2458 5705 ιι
2487 5653 2552 5705 de
2579 5651 2714 5706 Gen.
2743 5652 2809 5705 ad
2839 5653 2966 5715 litt.,
2996 5669 3116 5721 cap.
3144 5653 3311 5707 145..

2217 5734 2239 5760 ε
2276 5723 2424 5789 Apud
2454 5722 2829 5793 Augustinum,
2857 5740 3084 5793 quonam
3113 5723 3288 5778 modo.
