3950 6312
183 357 334 412 H55

1101 355 1243 411 'LIB.
1283 349 1762 421 QUA‘ZSTIONUM
1795 351 2021 407 SUPER
2057 354 2184 410 LIB.
2226 354 2536 412 GENESIS.

3302 367 3440 425 H55

241 464 394 522 ’Illud
422 463 590 520 etiam
615 478 724 520 non
751 463 929 520 minus
953 471 1162 520 certum
1181 477 1302 520 esse
1322 463 1501 528 debet,
1529 461 1762 515 animam
1791 463 1838 520 Δ
1866 464 2121 520 rectionis
2143 479 2158 519 :
2181 466 2275 520 sed
2300 481 2522 523 necesse
2547 484 2669 525 esse
2693 479 2751 526 ut
2780 487 2902 528 cum
2927 479 3186 534 membris
3212 484 3440 539 terrenis

177 569 444 612 necesse
473 555 577 610 nisi
602 562 907 610 creaturam
931 554 1052 610 Dei.

257 646 413 702 Nunc
435 646 620 715 itaque
642 655 698 701 et
719 645 848 701 illud
871 645 1294 710 consideremus,
1317 653 1496 698 utrum
1519 650 1764 698 neutram

182 737 821 799 conﬁrmetsententiam,
839 737 932 791 sed
946 737 1159 805 utrique
1170 737 1338 806 possit
1350 733 1762 797 accommodari,

184 831 336 900 quod
371 829 629 898 scriptum
656 836 758 883 est.
796 827 901 881 Per
920 844 1080 880 unum
1103 828 1364 881 hominem
1393 836 1658 897 peccatum
1683 825 1766 878 in-

184 921 362 974 troivit
385 921 440 973 in
467 919 740 982 mundum,
761 927 807 971 et
829 934 920 989 per
938 927 1205 987 peccatum
1225 933 1396 980 mors;
1418 926 1465 970 et
1487 918 1560 969 ita
1582 917 1636 969 in
1661 931 1767 968 om-

185 1026 280 1063 nes
307 1011 538 1062 homines
567 1025 707 1062 mors
737 1007 1056 1077 pertransiit,
1091 1007 1144 1059 in
1177 1023 1278 1076 quo
1316 1022 1492 1059 omnes
1527 1020 1766 1075 peccave-

185 1109 313 1152 runt
338 1096 515 1169 (Rom.
547 1112 600 1162 v,
632 1096 740 1167 12).
775 1095 851 1149 Ex
889 1095 973 1148 his
1003 1095 1146 1149 enim
1182 1094 1358 1149 verbis
1398 1093 1636 1162 Apostoli
1673 1091 1765 1160 qui

185 1187 484 1242 defendunt
521 1186 821 1240 animarum
855 1184 1219 1254 propaginem,
1255 1184 1575 1238 sententiam
1612 1197 1765 1236 suam

185 1278 272 1330 sic
299 1285 539 1331 astruere
566 1275 876 1329 moliuntur.
909 1273 966 1328 Si
1001 1275 1291 1329 secundum
1326 1273 1494 1328 solam
1518 1261 1762 1335 carnem,

185 1365 462 1434 inquiunt,
495 1368 672 1434 potest
701 1364 921 1434 intelligi
939 1373 1227 1434 peccatum
1254 1363 1336 1417 vel
1361 1372 1629 1433 peccator,
1658 1377 1765 1416 non

186 1457 435 1525 cogimur
462 1456 515 1508 in
546 1454 628 1508 his
654 1453 830 1507 verbis
851 1469 915 1508 ex
939 1455 1250 1523 parentibus
1269 1454 1501 1507 animam
1523 1453 1762 1508 credere.

188 1543 252 1600 Si
283 1541 482 1609 autem,
516 1545 756 1614 quamvis
781 1557 875 1613 per
901 1545 1204 1599 illecebram
1227 1543 1424 1607 carnis,
1454 1559 1560 1597 non
1587 1551 1764 1597 tamen

185 1644 382 1708 peccat
424 1651 524 1688 ltlSl
565 1638 758 1697 anima,
797 1632 1065 1704 quomodo
1104 1634 1471 1705 accipiendum
1507 1642 1590 1688 est
1625 1634 1766 1702 quod

173 1729 398 1784 ‘dictum
438 1737 520 1782 est
557 1745 570 1779 :
604 1731 660 1780 in
696 1743 800 1791 quo
824 1743 1016 1789 _omnes
1053 1734 1422 1798 peccaverunt,
1467 1725 1514 1780 si
1554 1741 1661 1780 non
1699 1739 1766 1779 ex

1866 565 2026 622 atque
2053 557 2398 622 mortalibus,
2431 560 2770 630 maximeque
2796 565 2863 618 de
2884 569 3091 633 peccati
3121 586 3285 625 carne
3309 587 3439 640 pro-

1867 647 2072 715 pagatis
2101 649 2238 703 miro
2261 650 2420 705 modo
2441 661 2786 720 coapteutur,
2813 666 2872 710 ut
2899 673 2962 712 ea
2986 661 3238 729 primitus
3265 663 3442 717 vivifi-

1866 752 1990 791 care
2005 778 2020 802 ,
2043 747 2163 807 post
2186 741 2347 794 etiam
2367 744 2542 798 aetatis
2563 760 2814 801 accessus
2831 763 3019 818 regere
3040 751 3280 818 possint,
3319 760 3446 807 tan-

1865 841 2025 894 quam
2053 828 2319 883 oblivione
2343 843 2712 901 praegraventu
2722 851 2766 900 r,
2797 838 2985 904 quaesi
3011 848 3156 894 esset
3183 841 3444 908 quodam-

1865 916 2025 970 modo
2047 917 2469 989 indigestabilis,
2499 926 2730 979 creatori
2763 927 2789 966 ι)
2825 929 3094 984 tribuitur.
3134 920 3275 986 Cum
3311 947 3442 987 vero

1857 1009 2120 1077 paulatim
2159 1012 2227 1065 ab
2272 1011 2427 1081 hujus
2467 1015 2753 1071 oblivionis
2802 1028 3040 1090 tempore
3086 1037 3264 1076 anima
3310 1025 3446 1078 resi-

1851 1099 2046 1167 piscit,
2090 1102 2219 1169 quid
2260 1103 2311 1156 ci
2350 1105 2505 1158 obest
2551 1105 2697 1160 illam
2744 1109 2892 1163 velut
2933 1126 3127 1166 somno
3165 1113 3442 1181 paululum

1861 1187 2142 1260 immergi,
2182 1192 2324 1246 unde
2358 1194 2613 1262 paulatim
2647 1198 2908 1267 evigilans
2949 1200 3004 1252 in
3039 1201 3211 1255 lucem
3245 1202 3444 1257 Intelli-

1863 1282 2056 1351 gentiae
2083 1285 2360 1354 emergat?
2407 1285 2514 1340 Sed
2552 1297 2841 1357 antequam
2875 1306 2976 1360 per
3015 1301 3231 1347 aetatem
3270 1294 3444 1362 possit

1855 1373 2158 1428 secundum
2182 1375 2429 1443 spiritum
2454 1377 2632 1432 vivere
2653 1418 2668 1442 ,
2697 1394 2915 1434 necesse
2942 1381 3104 1435 habet
3131 1381 3445 1437 mediatoris

1865 1473 2202 1519 sacramento
2222 1504 2237 1529 ,
2270 1473 2329 1518 ut
2357 1466 2498 1534 quod
2531 1483 2624 1537 per
2653 1468 2768 1537 ejus
2798 1480 2832 1528 ο,
2857 1479 3252 1525 sacramentum
3288 1479 3346 1526 et
3379 1471 3445 1525 ﬁ-

1851 1556 1988 1610 dem
2032 1556 2268 1611 nondum
2310 1568 2521 1626 potest,
2562 1576 2658 1631 per
2694 1575 2880 1616 eorum
2920 1565 3010 1632 qui
3053 1563 3280 1633 diligunt
3324 1563 3439 1618 flat.

1863 1647 2004 1714 Quid
2032 1664 2184 1720 ergo,
2213 1650 2410 1720 aliquis
2437 1653 2546 1718 ait,
2577 1655 2621 1709 si
2649 1641 2752 1711 hoc
2780 1672 2884 1710 non
2910 1657 3218 1711 curaverint
3236 1657 3327 1711 sui
3352 1656 3440 1710 vel

1857 1739 2202 1806 infidelitate,
2240 1743 2325 1797 vel
2366 1744 2687 1815 negligentia
2710 1788 2724 1810 ,
2769 1763 2838 1802 an
2881 1747 3020 1804 forte
3055 1749 3188 1803 nihil
3220 1747 3446 1803 oberit?

181 1822 366 1876 "Adam
397 1821 557 1874 etiam
587 1835 763 1872 amma
794 1827 930 1872 sicut
956 1833 1083 1872 caro
1113 1825 1402 1886 propagata
1431 1813 1556 1870 est?
1587 1815 1768 1870 Veris-
1801 1804 1844 1863 Β
1870 1829 1998 1899 quid
2025 1845 2156 1900 ergo
2435 1804 2484 1890 ξε
2512 1804 2612 1892 ξηί
2647 1804 3006 1893 subvenitur?
3043 1839 3109 1893 Hi
3141 1855 3246 1908 pro
3282 1853 3446 1894 causa

169 1907 659 1980 'simequidemlac
685 1909 1028 1963 veracissime
1053 1908 1311 1976 scriptum
1339 1916 1458 1962 est:
1484 1905 1621 1961 Caro
1643 1923 1770 1960 con-

182 2004 410 2074 cupiscit
432 2003 675 2056 adversus
695 1998 951 2072 spiritum,
981 2009 1029 2055 et
1053 2000 1268 2070 spiritus
1290 1999 1536 2053 adversus
1546 2013 1766 2053 carnem

185 2094 340 2166 (Gal.
367 2111 419 2160 v,
453 2093 575 2165 l7);
608 2093 700 2148 sed
733 2103 909 2146 tamen
939 2106 1154 2146 carnem
1192 2091 1308 2145 sine
1348 2091 1527 2144 anima
1563 2104 1764 2144 concu-

181 2188 401 2257 piscere
430 2186 561 2240 nihil
581 2195 730 2255 puto,
761 2184 902 2254 quod
925 2183 1101 2237 omnis
1123 2182 1313 2236 doctus
1336 2190 1496 2250 atque
1521 2181 1767 2235 indoctus

181 2294 301 2332 non
325 2277 547 2331 dubitet.
579 2276 657 2330 Ac
677 2288 776 2344 per
798 2275 899 2328 hoc
920 2272 1366 2342 concupiscentiae
1389 2271 1554 2341 ipsius
1575 2284 1768 2336 carna-

169 2363 257 2422 lis
288 2381 446 2421 causa
467 2380 582 2419 non
606 2373 692 2419 est
719 2364 774 2418 in
801 2363 979 2416 anima
1009 2362 1137 2425 sola,
1171 2362 1264 2416 sed
1292 2361 1462 2415 multo
1484 2361 1661 2415 minus
1682 2367 1767 2416 est

182 2457 244 2510 in
269 2470 433 2510 carne
454 2454 587 2519 sola,
604 2468 677 2507 ex
706 2463 931 2521 utraque
954 2451 1098 2506 enim
1125 2451 1215 2518 lit;
1244 2465 1308 2504 ex
1335 2451 1514 2504 anima
1539 2450 1763 2516 scilicet,

183 2546 336 2616 quod
359 2545 474 2601 sine
505 2544 591 2598 illa
621 2543 903 2598 delectatio
931 2541 1072 2595 nulla
1099 2541 1352 2606 sentitur,
1381 2556 1447 2594 ex
1476 2555 1638 2595 carne
1664 2555 1764 2595 au-

184 2648 328 2701 tem,
360 2637 504 2705 quod
543 2636 658 2690 sine
705 2632 793 2689 illa
837 2633 1018 2688 carnis
1044 2629 1328 2687 delectatio
1369 2647 1474 2686 non
1507 2634 1762 2688 sentitur.

183 2730 424 2784 Carnem
475 2728 654 2795 itaque
703 2726 1169 2793 concupiscentem
1216 2725 1473 2779 adversus
1517 2725 1764 2794 spiritum

161 2802 322 2874 [dicit
361 2817 677 2886 Apostolus,
715 2816 984 2870 carnalem
1015 2812 1210 2885 ,procul
1253 2813 1416 2869 dubio
1456 2815 1767 2870 delectatio-

183 2926 317 2965 nem
345 2922 507 2978 quam
533 2908 597 2963 de
620 2917 782 2962 carne
806 2915 1009 2959 etcum
1038 2921 1200 2960 carne
1223 2904 1446 2976 spiritus
1466 2905 1647 2968 habet,
1673 2904 1768 2960 ad-

185 3017 383 3055 versus
421 2998 829 3055 delectationem
867 3012 1024 3067 quam
1065 2996 1212 3051 solus
1249 2997 1428 3051 habet.
1474 2993 1606 3050 Nam
1641 3010 1765 3052 cum

184 3093 418 3163 Spiritus
442 3091 696 3146 membris
721 3090 962 3160 corporis
989 3090 1234 3158 imperat,
1262 3097 1320 3142 ut
1347 3089 1472 3142 huic
1500 3088 1766 3143 desiderio

185 3189 450 3253 serviant,
481 3200 587 3255 quo
614 3185 759 3240 solus
789 3183 1122 3247 accenditur,
1152 3181 1296 3236 velut
1322 3197 1442 3236 cum
1467 3181 1769 3236 adsumitur

188 3280 385 3343 codex,
409 3293 530 3333 cum
556 3275 756 3345 aliquid
775 3275 1051 3339 scribitur,
1077 3273 1292 3343 legitur,
1319 3271 1646 3340 disputatur,
1670 3285 1770 3324 au»

188 3372 374 3434 ditur,
413 3383 534 3422 cum
564 3367 793 3435 denique
824 3365 980 3435 panis
1017 3363 1280 3433 frangitur
1312 3361 1606 3426 esurienti,
1645 3360 1771 3415 obe-

189 3463 454 3521 dientiam
483 3476 608 3515 caro
641 3460 876 3523 exhibet,
909 3474 1014 3512 non
1045 3455 1537 3525 concupiscentiam
1571 3458 1768 3508 movet.

192 3555 296 3610 His
331 3563 492 3622 atque
529 3549 830 3620 hujusmodi
865 3547 1176 3610 desideriis,
1217 3544 1412 3614 quibus
1449 3543 1560 3598 sola
1594 3543 1772 3596 anima

191 3643 552 3713 concupiscit,
591 3657 713 3696 cum
751 3640 1065 3693 adversatur
1099 3636 1320 3705 aliquid,
1353 3634 1495 3704 quod
1527 3637 1772 3688 eamdem

188 3735 434 3792 animam
461 3731 752 3786 secundum
778 3744 994 3782 carnem
1025 3727 1274 3790 delectet,
1303 3735 1430 3779 tunc
1458 3723 1654 3777 dicitur
1678 3737 1772 3776 ca-

192 3843 261 3883 ro
286 3823 667 3893 concupiscere
694 3821 950 3874 adversus
974 3817 1243 3888 spiritum,
1271 3816 1414 3884 quod
1439 3823 1625 3869 contra
1649 3829 1776 3883 pec-

192 3925 378 3973 catum
400 3913 632 3968 militant
651 3912 750 3966 sub
772 3910 943 3980 gratia
967 3908 1266 3971 constituti,
1293 3922 1397 3961 non
1420 3914 1604 3959 utnon
1626 3905 1697 3958 sit
1719 3904 1773 3957 in

191 4021 387 4064 eorum
412 4019 637 4074 corpore
662 4001 895 4070 quandiu
928 4000 1000 4054 ita
1027 3997 1251 4054 mortale
1275 4006 1380 4058 cst.
1418 4006 1475 4050 ut
1501 4003 1774 4050 mortuum

187 4103 320 4167 iure
348 4098 585 4159 dicatur,
617 4094 711 4148 sed
737 4102 794 4146 ut
821 4108 929 4146 non
955 4100 1160 4159 regnet.
1209 4089 1324 4144 Non
1356 4097 1539 4143 autem
1564 4093 1774 4158 regnat,

193 4205 331 4247 cum
379 4187 654 4243 desideriis
692 4182 808 4252 ejus
837 4199 942 4237 non
983 4184 1229 4237 obcditur
1252 4223 1266 4247 ,
1309 4181 1604 4236 secundum
1640 4181 1779 4234 hanc

195 4278 543 4343 sententiam,
579 4292 678 4331 nec
716 4291 827 4329 rem
861 4269 1302 4329 absurdissimum
1341 4273 1598 4335 dicimus,
1637 4273 1779 4341 quod

195 4384 332 4425 caro
355 4368 470 4423 sine
501 4367 677 4420 anima
704 4365 1068 4435 concupiscat,
1099 4378 1196 4416 nec
1226 4361 1529 4416 Manichaeis
1554 4376 1781 4415 consen-

1793 3147 1840 3209 C

1861 1934 1964 1974 sua
1985 1921 2114 1989 quid
2133 1925 2455 1992 respondere
2471 1929 2700 1995 possint,
2717 1929 2808 1997 qui
2831 1927 3450 1998 secundumScripturas

1865 2018 2104 2076 sanctas,
2132 2011 2216 2066 vel
2241 2015 2382 2081 quod
2411 2017 2552 2084 apud
2581 2033 2674 2072 eas
2702 2018 3024 2084 inveniatur,
3065 2018 3147 2072 vel
3190 2017 3332 2087 quod
3367 2017 3449 2072 eis

1860 2110 1974 2153 non
1998 2100 2313 2156 adversetur
2336 2113 2600 2158 conantur
2621 2121 2886 2172 asserere,
2914 2108 3120 2160 animas
3144 2120 3313 2160 novas
3337 2121 3442 2160 non

1861 2188 1932 2242 de
1961 2190 2272 2259 parentibus
2305 2201 2504 2249 tractas
2540 2196 2856 2264 corporibus
2893 2196 3041 2260 dari,
3082 2195 3318 2250 nondum
3357 2209 3446 2251 me

1865 2279 2082 2336 audisse
2104 2281 2189 2336 vel
2212 2281 2406 2338 alicubi
2431 2283 2626 2354 legisse
2650 2285 2940 2350 conﬁteor;
2961 2286 3055 2340 sed
3080 2286 3243 2339 etiam
3268 2285 3314 2340 si
3337 2285 3449 2339 vin-

1866 2377 2012 2434 cant,
2035 2385 2142 2426 non
2164 2373 2440 2438 certando,
2464 2374 2558 2428 sed
2580 2375 2876 2443 probando,
2897 2375 2990 2444 qui
3013 2375 3315 2429 animarum
3339 2383 3449 2428 tra-

1867 2457 2058 2512 ducem
2099 2458 2388 2526 allirmant,
2428 2476 2534 2517 non
2575 2462 2681 2516 erit
2729 2472 2910 2518 tamen
2975 2477 3332 2531 consequens,
3386 2469 3449 2517 ut

1865 2544 2029 2599 etiam
2061 2544 2265 2602 Christi
2301 2550 2480 2604 anima
2503 2564 2570 2605 ex
2597 2550 2740 2606 illius
2773 2551 3202 2621 praevaricatoris
3224 2551 3446 2605 traduce

1865 2634 2077 2689 venisse
2109 2637 2376 2692 credenda
2415 2639 2504 2692 sit.
2541 2639 2677 2693 Nam
2710 2655 2908 2710 corpus
2940 2641 3166 2704 Christi,
3201 2641 3450 2709 quamvis

1864 2739 1930 2778 ex
1948 2739 2111 2780 carne
2125 2724 2338 2781 feminae
2350 2736 2622 2796 sumptum
2647 2730 2733 2792 sit,
2764 2744 2885 2798 qua:
2911 2730 2978 2784 de
3001 2729 3092 2784 illa
3118 2729 3298 2784 carnis
3317 2743 3447 2798 pec-

1866 2819 1973 2874 cati
1998 2821 2292 2892 propagine
2322 2829 2581 2892 concepta
2621 2823 2835 2888 fuerat;
2877 2830 3060 2877 tamen
3098 2822 3226 2892 quia
3266 2822 3347 2877 sic
3383 2835 3452 2876 ex

1865 2925 1930 2965 ea
1964 2919 2257 2981 conceptus
2280 2920 2384 2976 est,
2414 2914 2682 2982 quomodo
2713 2913 2890 2967 fuerat
2924 2912 3015 2967 illa
3041 2919 3325 2982 concepta,
3353 2925 3454 2967 nec

1868 3001 1983 3070 ipsa
2013 3009 2133 3056 erat
2159 3017 2286 3056 caro
2311 3005 2539 3071 peccati,
2570 3004 2665 3058 sed
2692 3004 2988 3059 similitudo
3016 3004 3200 3059 carnis
3224 3003 3451 3074 peccati.

1870 3091 2111 3162 Denique
2134 3092 2180 3146 si
2216 3109 2247 3146 a
2286 3109 2372 3148 me
2402 3104 2695 3163 quaeratur,
2735 3095 2878 3150 unde
2915 3096 3188 3165 acceperit
3217 3097 3452 3151 animam

1871 3185 2118 3241 Christus
2145 3183 2321 3254 Jesus,
2363 3184 2545 3240 malim
2571 3185 2785 3254 quidem
2818 3185 2942 3239 hinc
2968 3185 3155 3240 audire
3180 3185 3453 3251 meliores,

1871 3283 2033 3344 atque
2067 3275 2357 3339 doctiores,
2395 3276 2490 3329 sed
2527 3285 2706 3329 tamen
2741 3290 2842 3343 pro
2867 3289 2986 3329 meo
3015 3285 3175 3345 captu
3200 3276 3455 3334 libentius

1872 3364 2240 3432 responderim
2260 3404 2274 3430 ,
2301 3380 2406 3418 non
2436 3364 2502 3417 de
2529 3362 2730 3428 Adam,
2766 3364 2860 3419 sed
2891 3366 3032 3418 unde
3059 3365 3254 3430 Adam,
3287 3367 3342 3420 id
3369 3374 3456 3422 est

1873 3469 1937 3510 ex
1975 3455 2102 3509 Deo.
2153 3454 2248 3508 Est
2287 3454 2341 3508 in
2368 3454 2603 3523 Epistula
2631 3469 2749 3523 quae
2783 3455 3041 3509 scribitur
3073 3456 3140 3509 ad
3178 3456 3454 3523 Hebraeos,

1873 3545 2024 3600 locus
2063 3546 2280 3615 quidam
2327 3545 2567 3612 diligenti
2614 3546 3042 3601 consideratione
3082 3547 3452 3617 dignissimus.

1873 3636 2008 3692 Cum
2033 3636 2176 3691 enim
2201 3650 2301 3705 per
2325 3636 2753 3698 Melchisedech,
2782 3637 2836 3690 iu
2861 3653 2969 3706 quo
2992 3636 3152 3705 hujus
3177 3638 3255 3691 rei
3283 3637 3454 3707 figura

1874 3734 2242 3797 praecesserat,
2267 3727 2666 3781 discerneretur
2689 3727 3049 3781 sacerdotium
3077 3727 3279 3782 Christi
3305 3742 3337 3782 a
3365 3742 3454 3783 sa-

1875 3816 2116 3871 cerdotio
2159 3814 2327 3868 Levi:
2365 3812 2540 3868 Videte
2581 3832 2723 3885 ergo,
2769 3815 2964 3884 inquit,
3013 3817 3184 3886 qualis
3227 3817 3311 3870 hic
3353 3827 3453 3884 est,

1875 3908 1959 3962 cui
1985 3916 2033 3961 et
2057 3907 2311 3961 decimam
2334 3917 2531 3977 partem
2558 3908 2820 3980 Abraham
2843 3907 2983 3962 dedit
3011 3908 3074 3962 de
3095 3909 3338 3979 primitiis
3363 3925 3457 3980 pa-

1876 4000 2106 4053 triarcha
2133 3997 2320 4070 (Hebr.
2349 4013 2442 4060 vn,
2469 3998 2550 4069 4),
2577 4015 2682 4053 non
2706 4007 2886 4053 autem
2911 4008 2966 4054 et
2993 3999 3082 4054 ille
3113 4001 3186 4055 ibi
3214 4001 3456 4055 decima-

1878 4100 1965 4146 tus
2001 4100 2107 4155 est,
2139 4091 2292 4159 cujus
2325 4107 2455 4145 caro
2485 4091 2607 4145 inde
2636 4106 2740 4145 non
2773 4090 3040 4145 fervorem
3075 4091 3330 4157 vulneris,
3363 4092 3457 4145 sed

1879 4183 2161 4235 materiam
2192 4181 2562 4235 medicaminis
2607 4181 2788 4234 traxit.
2831 4179 2964 4234 Nam
2996 4194 3120 4233 cum
3151 4180 3266 4248 ipsa
3303 4180 3453 4234 deci-

1880 4275 2046 4328 matio
2067 4275 2133 4327 ad
2155 4273 2599 4342 praeﬁgurandam
2622 4274 2940 4328 medicinam
2963 4273 3301 4343 pertinuerit,
3327 4273 3456 4327 illud

1881 4362 1934 4415 in
1973 4361 2206 4416 Abraha:
2232 4377 2394 4416 carne
2423 4362 2792 4421 decimabatur
2830 4363 2972 4431 quod
3005 4363 3316 4425 curabatur,
3351 4376 3456 4416 non

196 4461 389 4526 timus,
418 4457 509 4529 qui
539 4473 659 4512 cum
689 4456 930 4510 viderent
953 4471 1169 4509 carnem
1202 4471 1305 4507 non
1335 4468 1492 4522 posse
1521 4454 1636 4508 sine
1661 4453 1776 4506 ani-
1804 4489 1858 4552 Β
1884 4451 2012 4503 illud
2038 4450 2178 4502 unde
2204 4449 2514 4503 curabatur.
2539 4449 2736 4503 Eadem
2761 4464 2990 4519 namque
3013 4465 3140 4503 caro
3162 4465 3266 4502 non
3289 4448 3461 4503 Abra-

196 4549 290 4608 iha
325 4550 722 4620 concupiscere,
759 4549 917 4602 aliam
954 4547 1240 4617 quamdam
1276 4546 1509 4600 animam
1541 4561 1692 4599 suam
1710 4560 1776 4598 ex

197 4642 308 4698 alia
329 4650 520 4695 natura
542 4640 650 4694 Deo
670 4638 938 4694 contraria
964 4652 1179 4692 carnem
1201 4637 1400 4691 habere
1428 4643 1774 4704 putaverunt.

274 4731 344 4785 D.
381 4729 492 4785 Nec
520 4729 678 4784 alicui
704 4730 896 4782 anima:
923 4743 1028 4782 non
1051 4743 1172 4783 esse
1197 4728 1554 4782 necessariam
1578 4725 1781 4780 Christi

199 4823 435 4896 gratiam
458 4821 637 4876 dicere
658 4821 918 4890 cogimur,
939 4835 1060 4874 cum
1090 4820 1286 4874 dicitur
1305 4820 1480 4882 nobis,
1517 4818 1646 4888 quid
1669 4833 1780 4871 me-

199 4915 316 4970 ruit
361 4913 539 4968 anima
585 4910 822 4976 infantis,
869 4910 1009 4964 unde
1053 4909 1127 4964 illi
1167 4909 1527 4980 perniciosum
1563 4909 1633 4964 sit
1675 4923 1782 4963 non

198 5011 459 5074 percepto
487 5002 754 5070 baptismo
782 5000 929 5055 exire
957 5000 1023 5054 de
1051 5014 1275 5068 corpore
1298 5001 1320 5053 Ἰ

278 5094 358 5148 ll.
398 5093 604 5161 Quibus
641 5093 1012 5161 respondetur,
1047 5091 1255 5144 animas
1288 5089 1506 5158 quidem
1542 5087 1784 5157 corpori-

201 5189 311 5242 bus
337 5184 614 5240 hominum
643 5183 813 5238 Deum
837 5197 1004 5237 novas
1027 5182 1337 5252 singillatim
1378 5181 1529 5245 dare,
1565 5180 1634 5234 ad
1680 5181 1784 5235 hoc

202 5289 234 5318 ι
263 5284 324 5330 ut
353 5275 421 5330 de
449 5289 612 5330 carne
636 5273 878 5343 peccati,
909 5273 976 5327 de
1012 5271 1258 5341 originali
1291 5279 1514 5340 peccato
1561 5269 1785 5324 venien-

205 5377 290 5430 te,
332 5374 482 5422 recte
513 5365 774 5430 vivendo,
807 5363 1155 5432 camalesque
1188 5360 1647 5431 concupiscentias
1687 5359 1786 5414 sub

207 5456 308 5512 Dei
333 5455 506 5526 gratia
538 5453 853 5524 subigendo,
883 5452 1133 5508 meritum
1161 5457 1501 5520 comparent,
1533 5464 1638 5518 quo
1665 5462 1788 5502 cum

209 5562 332 5620 ipso
357 5560 583 5616 corpore
611 5545 665 5600 in
695 5543 886 5599 melius
913 5541 1307 5597 transferantur
1335 5550 1574 5611 tempore
1601 5553 1785 5594 resur-

285 5694 312 5722 ι
347 5680 513 5744 Editi,
539 5690 594 5733 ut
620 5680 674 5732 in
703 5695 858 5732 carne
884 5679 1097 5744 peccati.

289 5751 317 5791 δ
349 5750 516 5815 Editi,
541 5750 870 5804 tribueretur.

1885 4543 1966 4596 hac
1993 4549 2223 4603 tantum,
2255 4540 2349 4594 sed
2382 4539 2549 4610 ipsius
2583 4540 2744 4609 primi
2777 4540 3084 4608 terrenique
3120 4539 3353 4594 hominis
3387 4539 3460 4592 si-

1884 4633 1991 4689 mul
2015 4634 2242 4687 habebat
2265 4642 2320 4686 et
2336 4631 2528 4686 vulnus
2547 4632 3006 4701 praevaricationis
3027 4639 3080 4686 et
3104 4631 3469 4686 medicamen-'

1884 4736 1996 4782 tum
2021 4727 2278 4790 vulneris,
2301 4726 2356 4780 in
2378 4739 2442 4780 eo
2461 4725 2605 4794 quod
2625 4725 2746 4779 inde
2766 4723 2883 4778 sine
2903 4737 3064 4791 opere
3083 4721 3464 4790 concupiscen-

1883 4819 1936 4873 di
1963 4821 2030 4874 de
2057 4817 2274 4888 Virgine
2293 4825 2625 4886 assumptum
2638 4821 2743 4878 est,
2766 4821 2984 4882 propter
2999 4811 3189 4865 mortis
3216 4810 3334 4864 sine
3356 4809 3464 4863 iui-

1884 4907 2088 4979 quitate
2130 4906 2482 4970 consortium,
2519 4914 2576 4960 et
2617 4905 2736 4959 sine
2777 4903 3010 4957 falsitate
3048 4901 3464 4956 resurrectionis

1885 4998 2208 5067 exemplum.
2250 4997 2349 5050 Hic
2371 4995 2508 5050 forte
2531 4995 2732 5059 dicent,
2760 4994 2895 5048 sicut
2919 4992 3095 5062 potuit
3125 4990 3199 5045 ibi
3229 5003 3351 5046 esse
3380 5005 3467 5044 se-

1886 5088 2118 5144 cundum
2147 5102 2366 5142 carnem
2391 5095 2446 5140 et
2477 5101 2580 5140 non
2607 5083 2884 5146 decimari,
2909 5097 3008 5136 cur
3043 5097 3147 5137 non
3181 5081 3344 5135 etiam
3377 5095 3466 5136 se-

1888 5177 2123 5240 cundum
2158 5177 2398 5232 animam
2423 5177 2540 5231 sine
2565 5175 2920 5230 decimatione
2941 5172 3219 5243 potuerit?
3252 5173 3378 5242 quia
3409 5172 3464 5225 in

1888 5270 2129 5339 corporis
2150 5270 2352 5324 semine
2375 5277 2552 5338 potest
2569 5283 2690 5322 esse
2710 5267 2793 5320 vis
2815 5265 3116 5328 invisibilis,
3139 5279 3259 5332 quae
3289 5264 3467 5318 incor-

1889 5359 2146 5428 poraliter
2185 5374 2440 5413 numeros
2483 5359 2614 5425 agit,
2657 5373 2766 5411 non
2801 5357 3003 5420 ccuhs,
3049 5355 3143 5409 sed
3193 5353 3466 5408 intellectu

1891 5451 2245 5505 discernenda
2284 5449 2352 5503 ab
2393 5464 2458 5503 ea
2498 5446 2829 5517 corpulentia
2875 5462 2994 5516 quae
3053 5446 3169 5500 visu
3215 5453 3469 5511 tactuque

1891 5541 2138 5597 sentitur.
2191 5540 2296 5594 Sed
2337 5540 2465 5609 quid
2507 5539 2747 5595 laborem
2783 5541 2838 5594 in
2876 5554 2960 5603 re,
2997 5553 3116 5608 quae
3159 5533 3467 5607 persuaderi

1966 5682 1988 5710 ε
2032 5670 2375 5726 Desideratur
2399 5671 2452 5725 in
2479 5670 2639 5726 editis
2663 5679 3067 5724 sacramentum.
