3950 6312
594 315 732 374 1156

2071 301 2357 360 “16809!

3607 319 3690 372 1156

577 433 772 496 ,νωιιὶε
809 427 1014 487 utemini
1051 425 1282 482 forsitan
1315 429 1528 493 pptest,
1569 419 1674 474 nisi
1711 426 1920 476 tantum
1957 429 2022 471 ac
2063 415 2171 469 tale
2193 407 2672 476 'A't'ormamxserri
2701 415 2756 470 in
2785 431 2891 485 qua
2915 384 3207 472 dinoscitur
3239 383 3624 492 appartitsse,jure
3645 432 3689 483 di.

579 523 866 594 ingenium
897 519 991 585 sit,
1027 517 1172 586 quod
1205 517 1278 570 sit
1311 513 1538 584 legentis
1569 508 1868 580 ιιι-πνοιαῖς)
1895 515 2170 570 conatum,

591 629 696 672 nec
725 622 902 673 tamen
929 617 1102 666 totum
1125 613 1438 676 exspectare
1463 615 1492 644 ⁸
1519 613 1792 658 sermone.

663 702 908 760 Breviter
930 715 1060 770 ergo
1085 695 1334 766 colligam
1355 695 1404 750 si
1429 693 1604 764 potuit
1626 701 1685 748 et
1701 693 1770 748 de
1793 692 1976 746 anima
1999 691 2053 746 id
2081 690 2178 746 ﬁe-

593 795 664 861 ri,
693 793 840 864 quod
865 805 988 848 cum
1026 789 1093 845 de
1127 801 1294 844 carne
1327 786 1652 849 diceremus,
1697 782 1926 838 torsitan
1963 779 2176 836 intelle—

592 892 742 938 ctum
763 883 857 946 sit,
877 881 954 940 ita
975 878 1144 935 estde
1165 877 1388 932 traduce
1412 875 1593 930 anima
1619 873 1846 939 Christi,
1875 883 1937 928 ut
1960 889 2067 928 non
2094 885 2180 928 se-

597 987 720 1028 cum
739 971 917 1026 labem
939 965 1398 1037 praevaricationis
1417 964 1733 1020 adtraxorit.
1767 963 1826 1018 Si
1854 971 2034 1018 autem
2063 963 2181 1018 sine

597 1062 700 1116 isto
725 1067 878 1115 reatu
889 1057 1070 1128 potuit.
1081 1055 1208 1111 inde
1217 1069 1360 1120 esse,
1371 1069 1479 1110 non
1493 1063 1577 1110 est
1589 1054 1736 1110 inde.
1749 1052 1780 1108 Ι
1783 1069 1870 1108 am
1883 1054 1949 1108 de
1962 1062 2182 1110 caetera-

597 1168 720 1210 rutn
759 1151 1064 1206 animarum
1107 1147 1376 1212 adventu,
1415 1155 1598 1200 utrum
1642 1160 1710 1200 ex
1753 1145 2068 1215 parentibus
2111 1158 2182 1198 an

597 1245 828 1312 desuper
855 1242 947 1306 sit,
976 1239 1198 1294 vincant
1223 1237 1318 1307 qui
1339 1237 1616 1308 potuerint
1639 1251 1652 1290 :
1677 1251 1807 1305 ergo
1833 1235 2012 1289 adhuc
2044 1234 2185 1290 inter

597 1340 858 1400 utrosque
881 1328 1118 1397 ambigo,
1131 1334 1202 1382 iet
1225 1341 1448 1382 moveor
1465 1325 1756 1395 aliquando
1773 1323 1873 1388 sic,
1897 1324 2186 1392 aliquando

597 1430 779 1478 autem
803 1421 904 1484 sic,
929 1419 1078 1475 salvo
1110 1433 1177 1476 eo
1211 1419 1494 1482 duntaxat,
1519 1425 1580 1471 ut
1601 1416 1686 1472 vel
1711 1431 1908 1486 corpus
1929 1429 2050 1472 esse
2078 1416 2188 1472 ani-

2274 509 2417 563 citnr
2463 507 2681 562 Patrem
2720 507 3023 577 reliquisse.
3069 508 3171 563 Sed
3217 509 3408 580 reliquit
3447 523 3491 566 et
3529 525 3690 584 matre,

2276 613 2600 670 synagogam
2619 597 2845 662 scilicet,
2861 597 3032 653 veteri
3055 602 3691 663 testamentocarnaliterinhs

2277 701 2504 754 rentem,
2519 699 2574 746 et
2595 691 2821 746 adhaesit
2841 692 2992 746 uxori
3019 707 3148 756 sum,
3171 691 3222 746 id
3243 702 3316 746 est
3334 693 3552 757 Ecclesia,
3565 706 3692 767 utpace

2278 782 2402 838 novi
2437 781 2779 848 testamenti,
2804 789 2984 837 essent
3009 782 3114 837 duo
3137 782 3190 836 in
3213 797 3358 837 carne
3378 797 3484 838 una.
3503 785 3691 856 Sequitur:

2773 893 2906 932 ιτειι
2944 891 3263 933 AUGUSTINUS
3287 877 3335 930 δ.

2349 966 2420 1022 Et
2439 977 2588 1023 erant
2623 968 2752 1022 nudi
2782 967 2954 1022 Adam
2978 976 3028 1022 et
3059 984 3191 1022 uxor
3213 968 3405 1038 ejus,et
3441 985 3524 1023 non
3554 973 3690 1040 putida

2278 1057 2386 1112 illis
2415 1057 2568 1130 (Gen.
2591 1071 2652 1122 ιι,
2677 1057 2792 1127 25).
2819 1057 3020 1112 Verum
3043 1065 3126 1111 est
3145 1057 3364 1122 omnino,
3377 1061 3492 1113 nuda
3504 1069 3613 1114 erant
3625 1078 3691 1116 cot-

2278 1161 2410 1218 pora
2436 1149 2664 1203 duarum
2691 1147 2970 1202 hominum
3013 1146 3068 1200 in
3107 1145 3340 1217 paradiso
3374 1149 3692 1212 conversantium,

2278 1253 2382 1294 nec
2408 1237 2640 1308 pudebat
2665 1253 2778 1293 eos.
2803 1237 2943 1304 Quid
2969 1237 3111 1292 enim
3136 1239 3371 1306 puderet,
3391 1239 3556 1307 quando
3574 1239 3692 1294 nulla

2271 1328 2454 1400 legem
2481 1335 2762 1384 senserant
2796 1328 2849 1380 in
2881 1327 3144 1380 membris
3171 1325 3278 1380 suis
3312 1335 3612 1396 repugnantem
3634 1327 3694 1396 legi

2275 1417 2482 1474 mentis
2511 1419 2657 1473 sum?
2684 1433 2804 1488 qum
2836 1417 2956 1472 illos
2983 1432 3143 1486 poena
3167 1416 3356 1487 peccati
3391 1425 3489 1484 post
3525 1426 3694 1486 perpetra-

603 1528 770 1578 mam,
792 1511 878 1566 vel
897 1511 1133 1580 aliquam
1154 1524 1470 1579 corpoream
1493 1509 1808 1578 qualitatem
1831 1508 1946 1566 sive
1969 1516 2190 1580 eoapta-
2285 1509 2484 1564 tionem
2504 1507 2966 1578 prtevaricationis
2992 1514 3174 1587 secuta
3217 1514 3310 1568 est,
3330 1516 3562 1574 usurpante
3589 1506 3694 1560 inde

600 1604 828 1668 tionem,
861 1603 907 1658 si
940 1601 1018 1656 ita
1047 1601 1272 1656 dicenda
1305 1609 1412 1665 est,
1448 1615 1610 1670 quam
1643 1599 1816 1656 Graeci
1852 1601 2188 1658 harmoniam
2287 1599 2486 1655 dientia
2516 1599 2866 1670 prohibitum,
2891 1609 2944 1654 et
2965 1597 3174 1668 justitia
3206 1599 3434 1669 puniente
3455 1593 3692 1653 commissis.

601 1700 821 1757 vocant,
859 1705 960 1746 nec
986 1690 1228 1760 quolibet
1259 1690 1360 1746 ista
1395 1689 1690 1762 garriente,
1732 1704 1820 1744 me
1855 1691 2189 1746 crediturum
2288 1695 2441 1760 Quod
2464 1695 2749 1762 antequam
2779 1691 2930 1747 ﬁeret
2962 1690 3091 1746 nudi
3133 1699 3300 1752 erant,
3325 1698 3379 1744 ut
3412 1691 3563 1745 dictum
3591 1696 3694 1751 citet

601 1797 727 1841 esse
776 1780 1074 1845 conﬁdam,
1119 1777 1406 1847 adiuvante
1448 1779 1680 1834 Domino
1712 1788 1952 1837 mentem
1985 1793 2184 1845 meam,
2215 1765 2264 1828 Β
2289 1789 2397 1838 ιιοιι
2425 1780 2906 1838 confundebantur.
2941 1779 3132 1836 Nullus
3163 1787 3276 1835 erat
3302 1790 3452 1834 motus
3479 1779 3522 1834 in
3549 1793 3692 1851 corpus

605 1883 798 1926 moueo
823 1884 952 1926 sane
979 1868 1242 1940 quantuni
1260 1868 1440 1934 .valeo,
1472 1869 1518 1924 si
1547 1884 1686 1940 quos
1713 1869 1818 1926 ista
1839 1882 2189 1941 praeoccupa-

607 1961 686 2016 s'it
713 1960 913 2030 opinio,
937 1968 999 2015 ut
1021 1960 1236 2017 animas
1251 1960 1474 2016 credant
1495 1973 1564 2014 ex
1591 1963 1907 2030 patentibus
1930 1974 2190 2032 propaga-

607 2052 676 2125 ri,
703 2060 966 2120 quantum
985 2059 1218 2122 possunt
1241 2067 1303 2108 se
1327 2053 1473 2121 ipsos
1497 2055 1858 2122 considerent,
1890 2063 1945 2110 et
1972 2055 2190 2110 interim

605 2141 820 2212 sapiant
855 2156 1082 2211 corpora
1125 2157 1232 2196 non
1265 2155 1390 2197 esse
1425 2142 1635 2198 animas
1671 2157 1828 2208 suas,
1865 2144 2012 2198 nulla
2045 2138 2212 2199 enim

604 2231 826 2302 propior
845 2237 1036 2286 natura
1057 2239 1162 2297 est,
1185 2247 1292 2302 qua
1317 2233 1486 2303 possit
1507 2234 1650 2288 Deus
1667 2234 2082 2304 iucorporaliter
2099 2249 2192 2290 co-

605 2321 788 2394 gitari,
817 2338 981 2392 quam
1010 2338 1079 2378 ea
1118 2339 1240 2392 quae
1270 2325 1344 2379 ad
1382 2326 1550 2394 ipsius
1591 2327 1876 2398 imaginem
1917 2329 2058 2384 facta
2086 2338 2190 2396 est,

607 2421 665 2468 et
687 2413 824 2468 nihil
847 2421 932 2467 est
961 2413 1210 2478 vicinius,
1237 2429 1403 2483 quam
1425 2423 1540 2469 uta
1563 2417 1818 2471 credente
1845 2419 1986 2486 quod
2013 2419 2193 2473 anima

608 2489 807 2569 corpus
833 2503 920 2564 sit,
949 2502 1114 2556 etiam
1143 2503 1282 2558 Deus
1311 2515 1508 2573 corpus
1529 2519 1652 2560 esse
1671 2506 1946 2561 credatur.

683 2589 751 2660 D,
809 2590 1059 2660 Nunquid
1115 2592 1242 2661 quia
1281 2607 1422 2662 opus
1473 2604 1590 2649 erat
1628 2595 1760 2651 Adre
1803 2603 1862 2650 ut
1904 2597 1955 2651 ei
2001 2595 2195 2665 eonjux

615 2679 792 2746 ﬁeret,
819 2681 978 2739 aliter
1007 2697 1112 2736 non
1135 2689 1345 2751 poterat
1371 2683 1506 2747 ﬁeri,
1543 2685 1654 2739 nisi
1685 2693 1744 2740 ut
1781 2686 2066 2741 dormienti
2105 2704 2196 2744 co-

617 2777 758 2828 stam
781 2770 1110 2838 detraheret,
1133 2789 1200 2827 ex
1223 2790 1328 2842 qua
1352 2773 1550 2842 conqu
1575 2775 1972 2831 aediﬁcaretur?

686 2863 770 2920 ll.
801 2863 1022 2922 Poterat
1055 2876 1112 2922 et
1143 2866 1303 2922 aliter
1341 2867 1481 2933 ﬁeri,
1507 2869 1602 2923 sed
1649 2869 1772 2924 ideo
1806 2869 2196 2938 congruentius

613 2957 876 3028 iudicavit
899 2963 960 3011 ut
1003 2957 1088 3012 sic
1129 2957 1304 3022 ﬁeret,
1337 2959 1480 3014 unde
1523 2958 1726 3029 aliquid
1777 2958 2192 3028 signiﬁcaretur.

616 3051 772 3117 Sicut
803 3051 948 3108 enim
975 3051 1267 3106 dormienti
1302 3051 1432 3107 Adae
1455 3059 1606 3108 costa
1637 3053 1942 3107 detrahitur
1969 3057 2024 3108 et
2059 3068 2194 3108 con-

613 3140 708 3210 iux
735 3142 986 3207 edicitur,
1003 3142 1078 3197 ita
1103 3149 1158 3196 et
1176 3140 1394 3196 Christo
1413 3143 1664 3197 morienti
1687 3143 1755 3198 de
1777 3142 1948 3198 latere
1973 3143 2197 3211 sanguis

616 3232 930 3295 etfunditur,
957 3240 1020 3288 ut
1037 3231 1280 3288 Ecclesia
1310 3241 1676 3295 construatur.
1701 3233 2201 3290 Communicatione
2301 3239 2306 3244 ’

618 3337 855 3394 namque
880 3323 1126 3393 corporis
1169 3331 1226 3380 et
1269 3325 1548 3395 sanguinis
1577 3325 1810 3392 Christi,
1837 3323 2070 3382 edicitur
2097 3325 2200 3381 Ec-

614 3415 780 3471 clesia
805 3413 1005 3484 coniux
1026 3413 1248 3470 Christi.
1274 3414 1572 3486 Sequitur:

685 3507 756 3564 D.
789 3507 930 3576 Quid
963 3507 1070 3564 sibi
1105 3507 1223 3562 vult
1257 3508 1402 3577 quod
1438 3507 1570 3564 dicit
1605 3505 1777 3562 Adam
1805 3520 1823 3563 :
1853 3505 2200 3574 Quamobrem

617 3599 872 3671 relinquet
897 3600 1055 3654 homo
1083 3611 1285 3670 patrem
1309 3609 1359 3654 et
1382 3609 1606 3654 matrem
1633 3616 1786 3654 suam
1804 3640 1818 3664 ,
1842 3610 1890 3654 et
1915 3600 2200 3654 adhaerebit

617 3693 776 3748 umori
803 3708 936 3755 sum,
961 3701 1010 3746 et
1031 3702 1184 3745 erunt
1218 3691 1326 3745 duo
1347 3692 1404 3746 in
1423 3707 1580 3745 carne
1601 3709 1707 3746 una
1737 3691 1890 3761 (Gen.
1915 3708 1974 3755 tt,
1992 3689 2107 3762 24).
2133 3691 2201 3746 Et

614 3783 811 3842 beatus
835 3781 1036 3836 Paulus
1065 3781 1343 3850 apostolus
1364 3783 1469 3837 hoc
1500 3783 1796 3850 capitulum
1810 3793 2016 3852 ponens
2037 3797 2203 3852 expo-

619 3871 732 3928 suit
751 3871 968 3925 dicens:
987 3869 1391 3924 Sacramentum
1417 3887 1666 3940 magnum
1692 3871 1790 3926 hoc
1809 3877 1902 3934 est,
1919 3887 2012 3942 ego
2027 3882 2200 3927 autem

615 3959 738 4014 dico
761 3959 819 4012 in
843 3956 1050 4012 Christo
1071 3959 1200 4012 etin
1221 3956 1467 4012 Ecclesia
1495 3959 1710 4030 (Ephes.
1729 3961 1910 4031 11,51).
1936 3961 2043 4016 Sed
2069 3975 2204 4032 quo-

619 4051 780 4107 modo
806 4051 1088 4120 reliquerit
1118 4049 1357 4115 Patrem,
1381 4065 1506 4106 cum
1531 4065 1639 4106 una
1675 4052 1972 4107 substantia
1999 4052 2072 4108 sit
2095 4052 2202 4107 Pa-

621 4144 726 4198 tri?
779 4143 890 4198 Aut
921 4144 1012 4199 ubi
1049 4158 1172 4200 esse
1198 4143 1399 4214 poterit
1422 4143 1585 4199 Pater
1611 4144 1728 4200 sine
1774 4143 1932 4209 Filio,
1969 4160 2093 4200 cum
2137 4145 2204 4200 de

619 4233 737 4302 ipso
765 4231 904 4288 Filio
933 4233 1026 4302 qui
1071 4241 1156 4292 est
1195 4233 1459 4304 sapientia
1495 4233 1731 4288 dicitur:
1768 4231 1872 4299 Qui
1915 4234 2120 4304 attingit
2169 4251 2224 4287 a-

617 4325 730 4393 liae
748 4341 913 4396 usque
938 4324 1009 4379 ad
1031 4325 1190 4394 ﬁnem
1217 4327 1451 4398 fortiter,
1471 4335 1520 4381 et
1545 4326 1770 4396 disponit
1806 4325 1984 4380 omnia
2027 4327 2204 4380 suavi-

619 4423 704 4468 ter
733 4413 889 4486 (Sap.
914 4429 1034 4478 vm,
1059 4414 1150 4484 i)?

691 4504 770 4559 Μ.
798 4505 942 4576 Ergo
969 4506 1015 4561 si
1047 4505 1121 4562 ibi
1153 4514 1237 4561 est
1264 4504 1430 4561 Filius
1452 4505 1544 4562 ubi
1573 4513 1658 4562 est
1681 4505 1864 4569 Pater,
1887 4521 1994 4561 non
2020 4515 2201 4576 potest

617 4608 741 4651 esse
765 4595 930 4652 Pater
967 4598 1088 4653 sine
1135 4597 1293 4662 Filio,
1329 4613 1432 4653 nec
1477 4597 1648 4654 Filius
1697 4599 1816 4654 sine
1862 4597 2044 4666 Patre,
2073 4599 2198 4669 quia

620 4685 830 4742 scilicet
853 4685 993 4741 sicut
1020 4687 1408 4758 inseparabiles
1437 4697 1562 4744 sunt
1587 4689 1642 4743 in
1671 4697 1885 4752 natura,
1909 4689 1985 4742 ita
2029 4695 2084 4743 et
2117 4701 2202 4742 sc-

619 4775 890 4845 parabiles
913 4777 968 4831 in
997 4778 1264 4846 personis.
1301 4776 1394 4832 Sic
1419 4777 1563 4832 enim
1603 4782 1716 4847 ipse
1754 4777 1924 4832 Filius
1966 4777 2098 4833 dicit
2143 4777 2198 4830 in

621 4863 914 4933 Evangelio
941 4878 956 4917 :
991 4864 1094 4929 Qui
1121 4880 1202 4918 tne
1222 4865 1362 4918 misit
1395 4881 1598 4918 mecum
1621 4875 1716 4919 est.
1741 4865 2018 4932 Quomodo
2043 4866 2209 4935 igitur

623 4952 957 5022 derelinquit
1006 4953 1242 5017 Patrem,
1287 4962 1342 5010 et
1391 4955 1632 5010 adhaeret
1665 4956 1824 5010 uxori
1871 4971 2002 5022 suae,
2032 4957 2086 5012 id
2123 4965 2208 5012 est

623 5039 900 5107 Ecclesiae,
928 5043 1032 5098 nisi
1059 5058 1126 5098 eo
1145 5045 1306 5099 modo
1333 5059 1442 5119 quo
1465 5045 1596 5100 dicit
1607 5045 1895 5114 Apostolus
1923 5065 1936 5101 :
1965 5047 2069 5114 Qui
2089 5065 2206 5103 cum

620 5128 678 5184 in
716 5129 889 5200 fama
915 5130 1013 5186 Dei
1045 5143 1197 5200 esset,
1221 5148 1327 5189 non
1351 5135 1592 5206 rapinam
1637 5135 1923 5190 arbitratus
1971 5146 2046 5190 est
2091 5153 2201 5192 esse

621 5233 678 5272 se
699 5217 952 5288 aqualem
979 5219 1120 5288 Deo;
1175 5223 1266 5278 sed
1301 5225 1632 5295 semetipsum
1657 5225 1942 5280 asinarii-uit
1975 5226 2198 5294 [omam

623 5309 758 5364 servi
781 5311 1064 5380 accipiens.
1079 5313 1249 5382 Igitur
1267 5314 1381 5384 ipsa
1403 5313 1578 5370 fama
1597 5323 1683 5370 est
1707 5315 1918 5372 servilis
1940 5319 2200 5388 acceptio,

623 5409 679 5458 et
720 5402 1034 5467 exinanitio,
1061 5413 1116 5460 et
1160 5406 1272 5476 ipsa
1303 5407 1602 5463 exinanitio
1626 5421 1936 5479 quanquam
1982 5423 2088 5464 non
2137 5411 2206 5464 sit

623 5491 922 5552 divinitatis
937 5493 1158 5549 abolitio
1179 5505 1272 5550 aut
1291 5509 1501 5554 natura:
1511 5499 1756 5567 amissio,
1777 5509 1959 5557 tamen
1979 5507 2210 5570 propter

700 5657 724 5685 ι
759 5645 924 5714 Editi,
951 5664 983 5700 (ι
1009 5661 1264 5704 sermons.

2275 1871 2378 1926 ‘cui
2407 1869 2726 1926 verecundia
2755 1871 3072 1936 deberetur;
3109 1867 3239 1946 nihil
3269 1867 3490 1936 putabant
3507 1865 3692 1946 velandum,

2292 1961 2421 2034 quia
2457 1961 2592 2017 nihil
2636 1970 2919 2017 senserant
2961 1943 3350 2015 refrenandum.
3389 1943 3692 2022 Quemade

2289 2052 2633 2125 propagaturi
2658 2055 2842 2107 essent
2865 2051 3028 2117 ﬁlios,
3050 2048 3165 2119 jam
3198 2059 3343 2104 antea
3365 2047 3607 2116 disputata
3622 2054 3690 2099 est:

2289 2134 2398 2201 non
2425 2132 2608 2200 tamen
2630 2159 2695 2200 eo
2717 2145 2878 2199 modo
2913 2143 3238 2200 credendum
3275 2147 3367 2206 est,
3387 2155 3472 2210 quo
3496 2149 3694 2208 pWW

2289 2247 2416 2293 runt
2456 2223 2807 2310 poStcaquam
2851 2237 3061 2291 crimen
3095 2233 3373 2290 admissum
3407 2231 3590 2303 praedicta
3620 2227 3692 2280 ultio

2291 2333 2580 2383 consecuta
2614 2335 2717 2392 est,
2739 2341 2862 2382 cum
2900 2325 3212 2396 priusquam
3258 2329 3550 2384 morerentur,
3566 2318 3636 2388 ja
3663 2319 3692 2369 in
3790 2379 3791 2396 ξ

2291 2429 2518 2486 corpore
2547 2416 2966 2496 inobedientium
2997 2415 3267 2472 hominum
3297 2410 3537 2480 justissima
3557 2408 3692 2474 κείρω-
3790 2421 3791 2478 i

2291 2515 2414 2564 catu
2443 2507 2862 2561 inobedicntium
2883 2507 3248 2561 membrorum
3272 2502 3507 2558 tumultum
3523 2509 3694 2552 monean-
3790 2503 3791 2564 ἢ

2293 2609 2447 2670 cepta
2473 2608 2736 2654 versaret.
3139 2584 3146 2590 ’

2365 2695 2590 2765 Serpens
2628 2702 2801 2747 autent
2839 2701 2950 2746 erat
2995 2691 3238 2745 callidior
3280 2689 3452 2744 cunctis
3479 2677 3697 2738 animum.

2296 2803 2410 2858 qua:
2435 2795 2585 2840 erant
2613 2801 2770 2856 super
2796 2792 3012 2848 terram,
3036 2799 3156 2854 qua:
3177 2781 3359 2852 fecerat
3386 2777 3570 2834 Dominus
3588 2769 3694 2822 Ι)ωέ

2293 2878 2382 2950 qui
2417 2876 2550 2929 dixit
2583 2875 2652 2930 ad
2703 2873 2996 2939 mulierem,
3029 2873 3138 2928 Cur
3166 2871 3390 2944 praecepit
3418 2866 3522 2920 vobis
3548 2861 3636 2913 Dm

2297 2946 2632 3023 comederetis
2682 2966 2746 3020 de
2791 2955 2932 3020 omni
2981 2965 3124 3037 ligno
3155 2961 3401 3036 paradisi,
3430 2969 3555 3026 usque
3583 2950 3626 3004 Id
3655 2946 3696 3012 ῖάν

2298 3059 2608 3129 Aperientur
2653 3055 2792 3110 oculi
2837 3057 3013 3122 vestri,
3052 3065 3103 3110 et
3155 3055 3294 3110 eritis
3333 3053 3446 3106 sicut
3471 3047 3543 3110 dii,
3576 3043 3699 3095 eam

2299 3149 2491 3202 bonum
2512 3155 2559 3201 et
2584 3144 2782 3200 malum
2819 3143 2974 3218 (Gen.
3000 3162 3086 3213 ιιι,
3116 3145 3192 3218 1).

2908 3251 3260 3292 AUGUSTINUS.
3790 3291 3791 3300 γ

2372 3327 2440 3382 D.
2469 3325 2752 3394 Quomodo
2779 3341 3002 3396 serpens
3047 3326 3201 3396 loqui
3247 3322 3433 3396 poterat
3464 3318 3506 3374 in
3540 3308 3702 3384 pandi”.
3790 3329 3791 3392 ῃ

2299 3431 2421 3473 cum
2447 3417 2718 3488 aliquibus
2743 3423 2934 3488 pareat
2959 3415 3326 3473 irrationabile
3343 3427 3444 3468 esse
3466 3401 3628 3463 animal?
3675 3483 3684 3494 Ι

2371 3507 2448 3562 Μ.
2489 3509 2724 3578 Serpens
2760 3523 2857 3578 per
2890 3523 2950 3564 se
2991 3507 3143 3578 loqui
3184 3521 3284 3561 non
3329 3499 3701 3589 poterat,_ut_£t"‘lull
3790 3547 3791 3582 ξ

2301 3600 2403 3655 hoc
2427 3616 2458 3653 a
2475 3607 2718 3654 creatore
2730 3615 2836 3655 non
2859 3606 3144 3668 acceperat
3161 3595 3440 3664 assumpsit,
3455 3586 3531 3644 nisi
3553 3583 3702 3682 ιιίιιιὶηξι

2302 3691 2451 3746 illum
2481 3691 2724 3746 diabolus
2744 3699 2920 3754 utens,
2935 3699 2989 3746 et
3009 3691 3156 3746 velut
3175 3691 3411 3761 organum
3429 3697 3508 3754 per
3527 3673 3622 3748 qm"
3635 3673 3705 3761 Ψ

2301 3782 2539 3838 culatum
2563 3795 2754 3836 sonum
2791 3781 3086 3836 emitteret.
3135 3756 3259 3836 Per-
3279 3778 3409 3834 illum
3442 3756 3702 3858 nempejtfhi

2300 3869 2552 3936 faciebat,
2573 3880 2628 3926 et
2655 3878 2834 3924 tamen
2864 3871 2966 3926 hoc
2989 3871 3154 3926 etiam
3193 3869 3280 3925 ille
3318 3862 3556 3920 nesciebat.

2303 3960 2464 4029 igitur
2501 3961 2726 4015 rationis
2755 3975 2950 4030 expers
2975 3962 3221 4016 subditur
3243 3966 3426 4013 nature
3451 3928 3706 4035 rationaliinl

2301 4028 2482 4106 tamen
2516 4066 2622 4106 non
2657 4028 2842 4106 totum
2868 4052 3012 4121 quod
3050 4053 3165 4106 vult
3199 4067 3262 4106 ex
3284 4065 3343 4104 ea
3370 4044 3441 4100 vel
3468 4041 3510 4128 in
3543 4050 3588 4090 ea
3619 4028 3706 4088 (δάι’

2301 4143 2396 4197 sed
2425 4149 2684 4213 quantum
2707 4157 2737 4196 a
2765 4141 2875 4198 Deo
2895 4144 3184 4214 acceperit.
3597 4213 3607 4224 _
3661 4219 3692 4224 ω

2373 4233 2442 4290 D.
2483 4235 2552 4290 Et
2583 4235 2627 4290 si
2655 4251 2762 4290 non
2793 4213 3097 4306 intelligunt
3141 4213 3630 4302 set‘pentes,(l“°m°d0
3657 4219 3708 4259 π’

2304 4325 2458 4380 diunt
2489 4327 2652 4381 verba
2691 4325 3012 4390 Marsorum,
3045 4335 3107 4380 ut
3145 4323 3210 4380 ad
3252 4318 3578 4378 incantationes
3601 4308 3708 4358 ωηεν

2303 4416 2370 4472 de
2396 4416 2664 4487 speluncis
2691 4425 2886 4472 exeant
2911 4417 3060 4472 suis?

2377 4507 2456 4564 Μ.
2499 4509 2652 4565 Licet
2693 4509 3024 4564 intellectum
3067 4526 3174 4566 non
3210 4508 3436 4564 habeant,
3459 4505 3593 4550 tamen
3621 4488 3710 4538 ad“

2305 4601 2548 4670 COl‘Poris
2572 4599 2878 4659 nullatenus
2911 4609 3118 4656 carent.
3149 4599 3348 4656 Habent
3374 4591 3496 4647 enim
3512 4581 3710 4670 visunt“:

2307 4663 2496 4754 ditnm,
2526 4701 2763 4761 gustum,
2789 4693 3094 4746 odoratum.
3129 4691 3195 4744 Et
3219 4689 3329 4744 ideo
3351 4673 3552 4753 quamvis
3584 4663 3712 4761 tudinil

2307 4781 2470 4837 verba
2493 4758 2810 4848 Liarsorum,
2837 4797 3174 4852 nequaquam
3196 4789 3360 4834 tamen
3387 4763 3636 4852 intelligam;

2307 4875 2450 4930 enim
2477 4874 2734 4930 obediunt
2763 4837 3124 4946 intelligendo,
3154 4873 3242 4928 sed
3263 4873 3317 4924 ut
3335 4867 3393 4922 dc
3409 4857 3548 4918 antris
3559 4849 3608 4904 ad
3622 4837 3712 4946 ξοςῷ

2309 4967 2610 5022 Marsorum
2627 4975 2844 5032 exeant,
2858 4929 3198 5037 tte:mittente
3213 4963 3333 5025 Deo,
3349 4957 3564 5037 coguntur
3577 4955 3600 4994 a

2305 5057 2376 5121 lo,
2411 5057 2552 5112 unde
2573 5057 2732 5112 datur
2757 5028 3123 5112 testimonium
3150 5056 3214 5111 de
3243 5052 3326 5108 illo
3349 5048 3498 5118 primo
3512 5035 3628 5092 facto.

2303 5147 2536 5217 primum
2559 5148 2832 5202 hominem
2852 5162 2949 5216 per
2967 5155 3261 5218 serpentem
3283 5135 3464 5204 decepit
3482 5143 3525 5184 ιιι
3545 5111 3710 5194 [imm

2597 5237 2600 5240 ’
2941 5253 3243 5294 tunnosws.
3569 5290 3660 5328 mn

2384 5329 2446 5386 Β·
2473 5329 2582 5386 cur
2616 5345 2713 5400 Per
2735 5331 2880 5386 istud
2902 5330 3101 5385 animal
3117 5324 3345 5400 permisit
3368 5329 3472 5374 eum
3497 5309 3656 5400 tentant

2381 5420 2459 5474 Η.
2496 5382 2830 5475 Non‘mirum
2857 5429 2941 5476 est
2967 5421 3012 5476 si
3037 5382 3142 5492 pc;
3171 5421 3442 5486 serpentem
3466 5382 3715 5521 lenitati}:

2515 5513 2548 5521 η
2586 5513 2602 5521 ’
2661 5513 2673 5521 “
2891 5513 2916 5521 ¹“
3291 5509 3301 5520 ο
3357 5504 3452 5521 '—---
3473 5507 3524 5521 nn
3547 5499 3596 5521 Inl

2309 5516 2472 5584 quem
2499 5513 2742 5569 ἀίεὼοιυθ
2773 5479 3176 5586 ρτωῧειιιδιῖῐιιη
3221 5479 3332 5579 qnia
3357 5504 3454 5572 ipse
3472 5479 3711 5553 antiquus”

2386 5665 2416 5704 ι)
2455 5664 2573 5718 Lib.
2605 5681 2657 5719 XI
2690 5665 2756 5719 de
2781 5665 2916 5720 Gen.
2945 5635 3170 5728 ad‘litt”
3195 5677 3303 5731 cap.
3330 5651 3439 5710 l-H
