3950 6312
141 346 300 406 1157

1069 345 1202 402 LIB.
1241 342 1716 415 ρυΑεδτιοΝυΜ
1756 342 1982 399 SUPER
2021 346 2149 401 LIB.
2189 349 2501 407 GENESIS.

3263 361 3401 419 H53

151 457 259 513 stis
282 453 678 524 iniquissimam
716 453 878 509 habet
907 452 1260 518 voluntatem,
1289 460 1345 509 et
1367 451 1730 522 aequissimam
1753 450 1804 506 Α
1831 454 1976 510 enim
2018 473 2275 528 paganus,
2299 462 2424 531 quis
2461 462 2698 528 Iudaeus,
2731 467 2854 536 quis
2886 469 3176 529 unum
3219 491 3321 531 ιιοη
3352 477 3402 532 in

150 556 502 619 potestatem,
539 547 664 615 quia
704 561 919 614 semper
948 546 1110 601 habet
1135 546 1463 619 voluntatem
1509 543 1733 598 malefa-

1835 545 1996 635 domo
2033 562 2128 601 sua
2154 551 2390 617 quotidie
2413 555 2618 620 probet,
2647 570 2712 609 ex
2739 573 2846 626 quo
2875 576 3038 629 opere
3062 563 3256 619 divinae
3285 583 3401 635 pro-

153 639 358 706 cicndi,
393 637 528 692 nihil
558 637 720 691 habet
744 636 1030 721 potestatis
1067 635 1294 691 nocendi
1333 636 1451 691 sine
1481 633 1578 688 Dei
1607 647 1737 702 per»
1794 711 1804 719 .
1835 631 2085 688 Videntize
2125 637 2179 690 in
2223 651 2318 694 eos
2359 642 2537 695 veniat
2573 643 2905 712 imponenda:
2929 654 3220 709 commotio

229 819 301 873 Β.
341 817 521 885 Quare
563 817 812 888 permisit
861 815 1087 881 tentari,
1129 827 1292 884 quem
1343 823 1733 868 consensurum

151 909 482 979 praesciebat
495 909 519 962 ?

230 995 312 1052 ll.
341 997 525 1052 Dicam
551 1003 810 1066 quantum
839 994 925 1050 vel
948 994 1112 1050 donat
1133 1003 1323 1062 sapere
1349 989 1436 1045 vel
1478 989 1607 1046 sinit
1650 987 1735 1044 di-

153 1099 306 1149 cere,
322 1100 430 1138 non
449 1084 578 1138 mihi
604 1085 816 1139 videtur
836 1098 1044 1154 magna:
1063 1082 1238 1136 laudis
1255 1079 1423 1135 fuisse
1437 1079 1733 1143 hominem,

157 1177 203 1230 si
255 1184 476 1246 propter
495 1190 538 1229 -a
581 1175 753 1244 possit
794 1174 930 1229 bene
979 1173 1193 1238 vivere,
1230 1171 1355 1240 quia
1391 1185 1549 1224 nemo
1597 1167 1737 1222 male

147 1267 345 1321 vivere
370 1265 641 1329 suaderet,
664 1263 788 1320 cum
820 1271 876 1318 et
901 1263 954 1318 in
980 1271 1170 1317 natura
1202 1277 1384 1332 posse,
1407 1269 1462 1316 et
1493 1261 1548 1314 in
1577 1268 1735 1328 pote-

141 1363 307 1412 state
328 1356 525 1410 habeat
551 1354 688 1410 velle
710 1370 818 1410 non
847 1353 1152 1409 consentire
1177 1352 1446 1408 suadenti.
1487 1349 1598 1405 Cur
1630 1349 1735 1404 ita-

156 1459 271 1514 que
301 1443 497 1499 tentari
540 1457 646 1496 non
693 1442 921 1507 sineret,
954 1456 1112 1511 quem
1160 1453 1559 1497 consensurum
1617 1450 1738 1492 esse

135 1531 502 1607 '-pra:seiebat,
531 1550 652 1591 cum
687 1534 741 1588 id
769 1532 1010 1588 facturus
1040 1539 1182 1587 esset
1217 1531 1438 1600 propria
1465 1527 1739 1584 voluntate

155 1645 262 1700 per
287 1629 516 1698 culpam,
535 1636 591 1682 et
623 1625 952 1682 ordinandus
974 1631 1118 1680 esset
1151 1622 1295 1678 illius
1339 1621 1596 1690 aequitate
1642 1635 1740 1690 per

141 1735 402 1789 .pamam.
430 1717 520 1772 Sic
543 1725 722 1772 autem
751 1717 969 1785 quidam
996 1721 1283 1770 moventur
1320 1711 1388 1767 de
1431 1713 1532 1767 hac
1579 1711 1738 1781 primi

1827 723 2014 794 plintc.
2038 726 2237 800 Magna
2278 747 2437 800 opera
2463 733 2692 799 Domini,
2731 741 2990 809 exquisita
3023 743 3079 796 in
3103 761 3285 800 omnes
3316 764 3404 801 eo-

1825 814 2057 872 .luumtes
2081 819 2196 889 ejus
2227 821 2400 892 (Ρεαι.
2422 840 2516 890 ex,
2547 827 2622 897 2).
2651 827 3089 888 Prazviditbonos
3112 832 3324 892 futuros
3352 845 3408 892 et

1825 915 2004 971 creat,
2017 910 2272 976 praevidit
2295 913 2468 970 malos
2501 914 2710 972 futuros
2751 927 2807 973 et
2842 928 3008 975 creat.
3043 920 3293 991 Seipsum
3339 926 3407 980 ad

1831 992 2118 1052 fruendum
2147 1002 2399 1070 praebens
2435 1005 2612 1068 bonis,
2638 1008 2803 1064 multa
2847 1026 3132 1066 munerum
3185 1028 3408 1070 suorum

1836 1082 2070 1155 largiens
2096 1097 2151 1142 et
2176 1091 2352 1159 malis,
2377 1095 2510 1150 nihil
2538 1097 2640 1152 sibi
2661 1100 2967 1167 consulens,
3000 1118 3102 1158 uec
3139 1103 3206 1159 de
3229 1105 3410 1174 operi-

1785 1193 1794 1200 ·
1836 1174 1937 1229 bus
1969 1177 2234 1234 bonorum
2268 1190 2327 1237 et
2371 1183 2528 1251 bonis
2576 1187 2863 1245 consulens
2907 1190 3073 1245 etiam
3115 1193 3185 1248 de
3230 1195 3410 1264 penis

1836 1265 2123 1322 malorum.

2508 1363 2728 1422 lterum.

1909 1445 1964 1501 Si
1993 1448 2252 1517 quaeritur
2276 1466 2375 1508 cur
2413 1465 2716 1525 serpentem
2755 1457 3002 1516 diabolus
3041 1470 3254 1520 tentare
3284 1480 3407 1535 per-

1839 1537 2037 1594 missus
2061 1539 2164 1606 sit,
2185 1556 2292 1595 non
2322 1543 2394 1598 sit
2418 1545 2613 1602 mirum
2630 1587 2646 1612 ,
2675 1563 2798 1606 cum
2825 1550 3088 1608 daemonia
3133 1554 3186 1609 in
3215 1570 3411 1626 porcos

1839 1626 2040 1719 intrare
2071 1629 2317 1688 Christus
2343 1633 2456 1704 ipse
2483 1639 2793 1707 permiserit
2838 1641 3068 1714 (lauit.
3115 1660 3234 1712 vm,
3271 1647 3332 1702 5|
3362 1647 3406 1719 ).

1841 1715 2008 1788 Magis
2033 1719 2102 1776 de
2125 1720 2240 1790 ipsa
2279 1733 2472 1780 natura
2507 1727 2704 1784 diaboli
2736 1734 3104 1802 scrupulosius
3131 1737 3300 1804 quaeri
3320 1715 3410 1794 so-

157 1813 400 1868 hominis
431 1813 746 1875 teutatione,
771 1810 914 1879 quod
939 1824 1059 1863 eam
1089 1807 1206 1863 lieni
1241 1806 1546 1878 permiserit
1575 1805 1740 1870 Deus,
1772 1790 1816 1849 Β
1841 1809 1938 1875 let,
1961 1826 2124 1880 quam
2166 1821 2332 1870 totam
2379 1817 2618 1875 bteretici
2660 1790 2881 1892 quidam
2925 1790 3114 1881 oll'ensi
3148 1790 3409 1886 .molestia

156 1908 320 1978 quasi
358 1921 501 1960 nunc
538 1920 645 1958 non
675 1903 894 1958 videant
917 1901 1228 1956 universum
1249 1913 1422 1970 genus
1447 1899 1740 1952 humanum

159 1997 366 2054 diaboli
413 1995 623 2052 insidiis
675 1996 789 2051 sine
825 1995 1135 2050 cessatione
1171 1993 1384 2048 tentari.
1415 1991 1524 2047 Cur
1547 1999 1602 2046 et
1637 1992 1741 2046 hoc

144 2090 433 2157 permittit
455 2087 632 2142 Deus?
661 2103 730 2140 an
756 2086 882 2156 quia
903 2086 1164 2156 probatur
1176 2092 1230 2138 et
1246 2093 1529 2140 exercetur
1547 2082 1736 2145 virtus,

158 2192 219 2238 et
267 2190 352 2237 est
385 2181 568 2257 palma
604 2179 887 2251 gloriosior
925 2193 1032 2234 non
1060 2177 1399 2234 consensisse
1440 2183 1737 2239 tentatum,

155 2288 332 2328 ouam
363 2287 469 2327 non
495 2271 734 2342 potuisse
760 2269 993 2324 tentari?

664 2357 897 2413 Rursum
942 2357 1031 2430 qui
1070 2373 1250 2428 supra.

236 2450 424 2506 Talem
446 2450 698 2520 inquiunt
720 2447 924 2504 faceret
943 2448 1216 2504 hominem
1230 2447 1321 2516 qui
1336 2445 1502 2501 nollet
1521 2445 1741 2501 omnino

155 2555 414 2613 peccare.
449 2541 586 2596 Ecce
615 2555 712 2596 nos
736 2540 1080 2596 concedimus
1117 2537 1394 2593 meliorem
1421 2551 1540 2592 esse
1582 2545 1739 2591 natu-

146 2647 309 2697 ram,
335 2647 454 2700 qum
477 2630 696 2685 omnino
719 2645 946 2700 peccare
993 2628 1178 2694 nollet,
1210 2627 1507 2683 concedant
1543 2634 1598 2682 et
1638 2627 1740 2698 ipsi

154 2725 276 2778 rion
301 2737 422 2776 esse
448 2721 642 2776 malam
674 2729 945 2786 naturam,
968 2735 1086 2789 qua:
1108 2719 1188 2774 sic
1217 2717 1358 2773 facta
1386 2726 1472 2774 est
1495 2726 1554 2772 ut
1573 2719 1742 2787 possit

155 2825 277 2866 non
299 2825 521 2880 peccare
548 2811 593 2866 si
623 2811 810 2865 nollet.
835 2810 926 2865 llla
959 2811 1155 2881 quippe
1181 2819 1265 2864 cst
1289 2810 1342 2864 in
1367 2809 1569 2864 sanctis
1588 2824 1743 2879 ange-

153 2901 254 2965 lis,
280 2903 397 2957 haec
419 2902 472 2955 in
509 2902 706 2956 sanctis
738 2901 1062 2956 hominibus.
1097 2899 1197 2967 Qui
1220 2909 1398 2956 autem
1427 2901 1528 2955 sibi
1559 2910 1742 2970 partes

142 2993 471 3063 iniquitatis
497 2994 794 3064 elegerunt,
827 2993 1252 3062 laudabilemque
1289 3001 1536 3047 naturam
1561 2992 1744 3061 culpa-

157 3087 264 3142 bili
292 3085 564 3140 voluntate
588 3097 612 3126 ι
642 3087 1006 3155 depravatum,
1037 3100 1142 3139 non
1167 3085 1290 3154 quia
1317 3083 1550 3155 prmsciti
1578 3091 1738 3149 sunt,

1839 1899 1994 1954 malae
2023 1901 2312 1959 voluntatis
2343 1905 2491 1975 ejus,
2519 1911 2756 1968 alienare
2798 1924 3064 1974 conantur
3097 1933 3130 1972 a
3161 1929 3410 1978 creatura

1838 1990 2032 2044 summi
2056 1999 2110 2046 et
2135 1994 2248 2047 veri
2274 1995 2390 2063 Dei,
2417 2007 2472 2052 et
2519 1999 2748 2056 alterum
2787 2004 2839 2058 ei
2880 2007 3011 2061 dare
3051 2008 3410 2078 principium,

1837 2079 1980 2148 quod
2003 2079 2075 2134 sit
2097 2089 2284 2136 contra
2319 2083 2508 2140 Deum.
2537 2087 2653 2144 Non
2701 2091 2845 2146 enim
2891 2095 3073 2148 valent
3113 2095 3414 2169 intelligere

1837 2181 1997 2222 omne
2020 2170 2164 2237 quod
2187 2179 2289 2236 est,
2314 2173 2367 2226 in
2397 2184 2656 2243 quantum
2685 2179 2864 2248 aliqua
2889 2183 3192 2240 substantia
3222 2196 3325 2252 est,
3357 2198 3414 2247 et

1837 2255 2038 2312 bonum
2052 2273 2194 2326 esse,
2207 2270 2262 2315 et
2282 2263 2383 2318 nisi
2405 2265 2472 2319 ab
2495 2265 2586 2320 illo
2602 2267 2710 2322 Deo
2733 2269 2854 2324 vivo
2874 2285 2905 2324 a
2925 2287 3202 2342 quoomne
3213 2275 3412 2338 bonan

1839 2355 1941 2411 est,
1966 2361 2086 2403 esse
2107 2365 2212 2403 non
2238 2365 2416 2421 posse.
2443 2355 2471 2393 b
2498 2355 2697 2412 Malum
2723 2373 2851 2414 vero
2899 2362 3173 2418 voluntate
3213 2365 3414 2422 inordio

1839 2448 1966 2493 nate
1983 2442 2206 2506 moveri,
2223 2443 2363 2498 bona
2378 2444 2631 2504 inferiora
2645 2451 3013 2520 superioribus
3031 2455 3409 2524 praeponenda.

1837 2529 2015 2600 Atque
2041 2533 2115 2586 ita
2145 2533 2346 2590 factum
2385 2545 2468 2592 est
2491 2546 2551 2592 ut
2580 2541 2855 2598 rationalis
2883 2553 3144 2601 creaturae
3193 2547 3415 2616 spiritus

1840 2638 1936 2678 sua
1966 2632 2230 2694 potestate
2265 2637 2486 2697 propter
2509 2630 2879 2688 excellentiam
2905 2634 3220 2703 delectatus,
3249 2646 3416 2692 turne

1841 2723 2016 2767 sceret
2036 2714 2307 2784 superbia,
2325 2731 2427 2786 per
2454 2733 2614 2788 quam
2645 2721 2862 2778 caderet
2885 2739 2916 2777 a
2949 2723 3280 2780 beatitudine
3307 2725 3414 2795 spi-

1841 2805 2015 2860 ritalis
2040 2807 2298 2876 paradisi,
2324 2819 2380 2863 et
2409 2810 2703 2867 invidentia
2732 2815 3158 2871 contabesceret.
3207 2817 3269 2872 1n
3308 2832 3418 2886 quo

1843 2904 2023 2950 tamen
2066 2897 2264 2953 bonum
2293 2906 2377 2953 est
2405 2899 2508 2956 hoc
2546 2901 2720 2970 ipsum
2762 2905 2905 2973 quod
2938 2905 3072 2960 vivit
3096 2913 3152 2960 et
3180 2905 3418 2962 viviﬁcat

1842 3002 2038 3056 corpus
2060 2989 2173 3044 sive
2217 3005 2460 3056 aereum,
2484 2993 2625 3047 sicut
2661 2975 2830 3063 ipsiiis
2855 2995 3052 3051 diaboli
3098 2996 3180 3052 vel
3218 2995 3417 3053 daemo-

1765 3131 1814 3198 C
1844 3097 1971 3134 num
2017 3083 2267 3151 spiritus,
2301 3083 2414 3138 sive
2467 3085 2928 3142 hominis'anima
2973 3087 3206 3158 cujusvis
3253 3089 3418 3144 etiam

1847 3173 2058 3198 ...ηιμ-.-ε
2086 3181 2134 3198 Α.
2166 3175 2402 3198 ...Α-..Α-,Σ
2455 3174 2702 3198 λἈ-..-Λιε
2732 3178 2865 3198 -..ΒΑΔ
2903 3179 3072 3198 ΔΞΑῌᾉ.
3107 3179 3270 3198 ε..-,-ᾼ-
3314 3180 3382 3198 )9-

157 3175 294 3231 ideo
319 3174 490 3230 creari
514 3173 734 3230 minime
759 3173 1228 3230 debuerunt.Nam
1247 3173 1389 3228 Deus
1409 3189 1506 3254 nec
1527 3171 1740 3241 iustitia
1765 3171 1814 3198 ν
1845 3173 2062 3243 maligni
2083 3181 2138 3227 et
2164 3175 2424 3243 perversi.
2453 3174 2704 3231 Nonnulli
2725 3178 2868 3233 enim
2893 3179 3077 3234 dicunt
3105 3179 3278 3249 ipsum
3303 3180 3420 3234 dia-

148 3264 485 3335 cujusquam
510 3265 643 3320 recti
671 3265 908 3321 hominis
937 3271 1074 3334 eget,
1104 3270 1306 3334 quanto
1337 3264 1514 3318 minus
1542 3263 1742 3333 iniqui-

149 3352 285 3408 tate
319 3353 580 3422 perversi.
607 3353 740 3408 Cum
763 3353 906 3406 enim
933 3352 1074 3406 ratio
1109 3359 1256 3407 certa
1288 3351 1618 3406 demonstrat
1639 3353 1746 3407 duo

156 3445 418 3517 quaedam
447 3461 554 3500 non
579 3444 803 3514 aequalia
831 3445 992 3507 bona,
1017 3443 1111 3497 sed
1133 3457 1298 3496 unum
1325 3441 1591 3512 superius,
1619 3441 1749 3496 alte-

154 3550 296 3592 rum
323 3533 569 3599 inferius,
596 3550 704 3589 non
731 3533 1032 3603 intelligunt
1056 3533 1195 3588 tardi
1226 3531 1387 3587 corde
1413 3547 1535 3586 cum
1561 3531 1748 3588 dicunt

156 3635 462 3696 utrumque
491 3627 595 3681 tale
621 3641 760 3691 esse,
781 3625 915 3680 nihil
941 3624 1086 3680 aliud
1111 3639 1171 3680 se
1195 3623 1374 3678 dicere
1394 3639 1555 3692 quam
1574 3623 1748 3679 solum

152 3719 304 3777 illud
334 3731 471 3774 esse.
503 3717 582 3774 Ac
614 3717 694 3773 sic
725 3732 848 3772 cum
884 3731 1101 3786 aequare
1123 3715 1310 3770 volunt
1343 3729 1540 3785 genera
1580 3715 1750 3770 bono-

157 3824 315 3873 rum,
341 3821 621 3862 numerum
647 3808 917 3862 minuunt.
940 3807 1070 3873 Quis
1095 3814 1274 3860 autem
1310 3806 1442 3861 istos
1470 3805 1680 3860 audiret
1701 3805 1748 3860 si

159 3903 452 3966 dicerent,
502 3900 754 3970 quoniam
800 3899 1148 3954 excellentior
1192 3913 1380 3953 sensus
1415 3905 1500 3954 est
1534 3896 1749 3952 videndi

157 4007 338 4062 quam
366 3989 636 4054 audiendi,
663 3996 723 4043 ut
757 3997 990 4058 quatuor
1010 3987 1149 4042 oculi
1170 3995 1353 4042 essent
1375 3995 1430 4041 et
1451 4000 1614 4042 aures
1639 4001 1748 4041 non

153 4091 376 4163 essent.
397 4084 466 4138 At
492 4084 634 4140 enim
657 4083 702 4138 si
726 4083 866 4138 Deus
886 4083 1064 4148 vellet,
1078 4083 1239 4138 etiam
1262 4082 1348 4138 isti
1371 4081 1498 4137 boni
1523 4087 1706 4163 essent
1729 4097 1743 4134 :

153 4155 382 4246 quanto
407 4175 594 4230 melius
617 4175 721 4229 hoc
751 4174 892 4228 Deus
930 4173 1118 4240 voluit,
1150 4182 1210 4228 ut
1243 4175 1384 4243 quod
1429 4171 1624 4228 vellent
1647 4155 1750 4227 'es-

156 4276 329 4332 sent;
357 4267 451 4321 sed
478 4267 603 4322 boni
631 4265 983 4330 infructuose,
1011 4265 1136 4320 mali
1164 4274 1357 4320 autem
1380 4265 1598 4334 impune
1639 4279 1744 4319 non

153 4368 375 4417 essent.
397 4359 503 4414 Sed
527 4359 843 4428 pratsciebat
875 4359 1017 4428 quod
1041 4372 1227 4413 eorum
1273 4357 1464 4412 fuisset
1498 4356 1746 4411 voluntas

1842 3263 1966 3318 bolo
1991 3262 2156 3318 fuisse
2178 3280 2364 3325 casum
2393 3281 2422 3319 a
2446 3267 2692 3336 supernis
2720 3268 2960 3333 sedibus,
2997 3272 3141 3338 quod
3167 3269 3419 3325 inviderit

1844 3353 2052 3409 homini
2089 3354 2232 3411 facto
2264 3359 2332 3412 ad
2362 3357 2648 3428 imaginem
2677 3359 2793 3413 Dei.
2822 3359 2988 3416 Porro
3014 3369 3193 3416 autem
3221 3361 3419 3418 invidia

1844 3445 2088 3526 sequitur
2106 3448 2432 3518 superbiam,
2457 3465 2563 3504 non
2588 3451 2870 3520 prteeedit;
2917 3468 3024 3508 non
3062 3453 3205 3508 enim
3253 3468 3420 3513 causa

1845 3540 2186 3609 superbiendi
2207 3549 2289 3596 est
2311 3541 2541 3608 invidia;
2564 3544 2656 3600 sed
2673 3559 2834 3600 causa
2855 3545 3124 3602 invidendi
3145 3546 3418 3617 superbia.

1847 3627 1980 3683 Cum
2008 3629 2169 3700 igitur
2205 3632 2450 3701 superbia
2487 3634 2557 3690 sit
2593 3649 2746 3690 amor
2782 3637 3112 3710 excellentiae
3153 3638 3419 3710 propriae,

1847 3717 2046 3773 invidia
2073 3737 2200 3776 vero
2224 3721 2294 3776 sit
2320 3722 2502 3777 odium
2529 3723 2804 3780 felicitatis
2847 3727 3072 3789 alienas.
3127 3728 3256 3798 quid
3298 3728 3423 3784 inde

1847 3821 2104 3867 nascatur
2138 3814 2270 3870 satis
2299 3815 2353 3870 in
2372 3824 2623 3886 promptu
2643 3825 2746 3872 est.
2769 3817 3013 3874 Amantio
3031 3819 3175 3874 enim
3193 3819 3424 3891 quisque

1847 3907 2221 3963 excellentiam
2255 3925 2431 3976 suam,
2454 3909 2539 3964 vel
2558 3910 2778 3980 paribus
2813 3910 3034 3977 invidet,
3057 3913 3200 3982 quod
3239 3912 3291 3970 ei
3332 3928 3424 3968 co-

1847 4009 2154 4070 aequentur;
2185 4001 2271 4056 vel
2295 4002 2838 4073 superioribus,un
2870 4003 2950 4058 eis
2971 4018 3078 4058 non
3096 4011 3424 4072 cetequetur.

1851 4089 2218 4160 Superbiendo
2247 4091 2412 4162 igitur
2451 4091 2685 4156 invidus,
2711 4107 2818 4146 non
2850 4086 3152 4146 "invidendo
3197 4092 3426 4166 quisque

1849 4180 2112 4249 superbus
2153 4187 2258 4233 est.
2289 4179 2502 4234 initium
2525 4186 2704 4232 autem
2735 4177 2970 4248 ﬁgmenti
3003 4177 3213 4232 Domini
3237 4194 3268 4232 a
3294 4192 3425 4246 pro-.-.

1847 4269 2007 4338 pheta
2045 4268 2222 4322 dictus
2247 4275 2353 4332 est,
2381 4265 2526 4335 quod
2549 4265 2676 4321 fecit
2711 4273 2772 4320 ut
2812 4265 3065 4322 illudatur
3105 4267 3176 4322 ab
3218 4264 3425 4336 angelis

1849 4356 1984 4424 ejus.
2015 4355 2132 4410 Non
2172 4358 2296 4426 quia
2331 4357 2506 4426 ipsum
2553 4357 2804 4426 primitus
2845 4357 3120 4424 condidit,
3165 4358 3261 4414 sed
3295 4358 3423 4430 quia

158 4449 340 4505 mala.
370 4447 692 4504 Prtesciebat
719 4463 869 4513 sane,
892 4455 948 4502 et
972 4447 1098 4518 quia
1124 4447 1232 4501 falli
1273 4462 1382 4501 non
1420 4451 1596 4515 potest
1629 4443 1746 4514 ejus
1775 4474 1828 4535 υ
1849 4463 1972 4502 cum
2007 4447 2172 4502 sciret
2196 4462 2319 4500 eum
2349 4445 2418 4500 ad
2445 4445 2547 4500 hoc
2592 4447 2808 4516 propria
2845 4446 3122 4502 voluntate
3163 4446 3424 4512 futurum,

147 4537 536 4610 yraescientia,
559 4535 679 4593 ideo
707 4551 813 4593 non
836 4537 1022 4608 ipsius,
1045 4538 1139 4594 sed
1161 4553 1346 4594 eorum
1373 4547 1458 4592 est
1495 4536 1746 4592 voluntas

157 4629 338 4688 mala.

247 4720 318 4774 Β.
343 4718 453 4775 Cur
476 4733 572 4776 eos
599 4719 822 4788 creavit,
852 4734 988 4790 quos
1022 4719 1153 4776 tales
1198 4719 1410 4776 futuros
1455 4734 1576 4776 esse
1608 4734 1750 4792 pra:-

149 4809 422 4869 sciebat?

245 4898 330 4954 1!.
357 4899 491 4967 Quia
511 4909 651 4956 sicut
669 4902 918 4971 praevidit
939 4900 1066 4972 quid
1088 4901 1215 4956 mali
1239 4910 1422 4957 essent
1443 4901 1658 4968 facturi,
1672 4903 1752 4959 sic

139 4991 344 5050 'etiam
375 4992 622 5058 praevidit
655 4991 721 5047 de
744 4992 903 5048 malis
928 4992 1086 5048 factis
1113 5006 1304 5047 eorum
1335 4993 1464 5062 quid
1487 4993 1610 5048 boni
1638 4993 1752 5063 ipse

153 5089 325 5136 esset
360 5079 618 5136 facturus.
669 5081 761 5138 Sic
803 5083 946 5137 enim
993 5097 1088 5138 eos
1133 5083 1281 5148 fecit,
1310 5093 1370 5138 ut
1413 5093 1594 5138 essent
1633 5086 1752 5141 aliis

153 5172 583 5229 exercitationis
627 5173 1023 5230 adminuculum
1069 5185 1124 5232 et
1168 5175 1380 5230 timoris
1425 5179 1750 5247 exemplum.

153 5264 322 5333 Ergo
358 5263 609 5334 inquiunt
640 5275 723 5322 est
746 5267 948 5336 aliquid
976 5268 1029 5322 in
1056 5268 1307 5338 operibus
1329 5268 1424 5323 Dei
1451 5272 1592 5338 quod
1620 5271 1756 5325 alte-

155 5356 298 5410 rius
352 5356 495 5411 malo
531 5357 764 5431 indigeat
808 5376 916 5431 quo
958 5359 1204 5431 proficiat
1240 5360 1308 5416 ad
1343 5361 1566 5417 bonum.
1603 5363 1753 5422 Itane

153 5446 262 5502 sic
295 5447 694 5505 obduraverunt
732 5459 788 5507 et
828 5453 1082 5508 exceeati
1127 5462 1253 5510 sunt
1285 5454 1531 5510 homines
1569 5456 1755 5512 nescio

153 5551 291 5608 quo
317 5537 497 5594 studio
527 5541 907 5607 contentionis,
933 5549 994 5596 ut
1019 5557 1124 5596 non
1153 5543 1372 5598 audiant
1395 5545 1477 5598 vel
1519 5546 1752 5612 videant,

159 5627 500 5696 quibusdam
543 5631 764 5700 punitis,
798 5633 1175 5703 quamplurimi
1211 5636 1582 5704 corrigantur?
1625 5637 1756 5704 Quis

255 5751 280 5777 ⁸
310 5739 452 5809 Lege
473 5741 844 5809 depravarunt,
875 5751 932 5796 ut
958 5746 1097 5813 apud
1124 5743 1499 5814 Augustinum.

1848 4543 1909 4590 ut
1930 4535 2086 4592 bonis
2108 4540 2346 4597 noceret,
2367 4535 2570 4588 ereavit
2586 4549 2710 4590 eum
2732 4536 2798 4589 ad
2823 4535 2945 4600 hoc,
2961 4542 3022 4589 ut
3048 4535 3114 4590 de
3139 4534 3230 4589 illo
3265 4535 3425 4590 bonis

1848 4629 1963 4699 ipse
1986 4630 2284 4699 prodesset,
2311 4627 2414 4682 hoc
2435 4635 2516 4682 est
2545 4627 2690 4683 enim
2724 4635 2785 4682 ut
2810 4627 3068 4682 illudatur
3109 4627 3178 4682 ab
3214 4624 3426 4697 angelis

1848 4719 1984 4789 ejus.
2009 4719 2272 4787 Quoniam
2300 4720 2380 4775 sic
2408 4717 2668 4783 illuditur,
2693 4735 2817 4775 cum
2844 4717 3047 4774 sanctis
3066 4725 3293 4787 prosunt
3316 4726 3425 4773 ten-

1853 4812 2082 4868 tationes
2108 4811 2304 4882 quibus
2341 4825 2436 4866 eos
2471 4809 2764 4878 depravare
2804 4817 3052 4873 conatur,
3075 4816 3133 4862 et
3166 4807 3288 4864 ideo
3325 4807 3426 4865 ini-

1851 4907 1984 4962 tium
2013 4906 2252 4976 ﬁgmenti
2289 4905 2356 4960 ad
2400 4904 2748 4960 illudendum.
2799 4903 2905 4957 Per
2949 4910 3253 4971 serpentem
3297 4915 3428 4956 vero

1853 4997 2089 5051 locutum
2113 4993 2277 5050 fuisse
2297 4994 2591 5057 diabolum,
2606 4992 2719 5062 ipse
2734 5008 2864 5047 usus
2884 4991 3227 5061 quotidianus
3239 4989 3423 5054 docet;

1852 5099 1978 5140 nam
1998 5092 2297 5154 serpentes,
2327 5083 2466 5138 sicut
2487 5081 2734 5152 superius
2761 5081 2963 5137 dictum
2989 5077 3096 5144 est,
3114 5078 3288 5150 magis
3312 5093 3424 5133 mo-

1852 5184 2046 5231 ventur
2087 5175 2415 5230 carminibus
2470 5175 2782 5239 hominum,
2831 5188 2994 5243 quam
3046 5170 3214 5226 ullum
3259 5184 3428 5241 genus

1853 5271 1997 5326 aliud
2019 5271 2393 5336 animantium,
2421 5271 2548 5342 quia
2582 5270 2697 5325 hac
2730 5284 2836 5324 non
2878 5283 3044 5339 parva
3089 5265 3304 5322 testatio
3347 5271 3424 5318 est

1854 5373 2099 5419 naturam
2123 5363 2376 5433 primitus
2393 5363 2703 5426 humanam,
2729 5361 3000 5432 serpentis
3014 5359 3290 5414 seductum
3311 5365 3424 5410 εδει

1855 5455 2141 5523 colloquio.
2167 5453 2279 5507 Hoc
2299 5462 2476 5507 autem
2493 5452 2876 5522 permittuntur
2895 5453 3165 5507 daemones
3178 5447 3245 5503 ad
3267 5441 3426 5515 primi

1857 5543 1984 5597 facti
2025 5543 2336 5596 memoriam
2367 5541 2874 5606 commendandam,
2905 5541 3047 5612 quod
3080 5540 3154 5594 sit
3185 5552 3266 5593 ets
3286 5549 3422 5604 quze-

1857 5635 1977 5688 datn
2003 5648 2124 5685 eum
2155 5631 2389 5685 humano
2410 5645 2604 5702 genere
2629 5630 2985 5687 familiaritas.

1929 5747 1956 5785 δ
1996 5744 2146 5814 Apud
2171 5744 2552 5813 Augustinum,
2581 5747 2776 5802 malum
2805 5763 2922 5800 vero
2954 5741 3284 5799 voltmta;em.
