3950 6312
653 341 798 401 “59

2132 339 2419 396 WICBODI

717 455 790 510 D.
827 452 1131 512 Potuiteos'
1146 453 1252 511 ista
1273 453 1502 510 tentatio
1535 452 1602 508 de
1634 450 1885 522 paradiso
1919 449 2117 522 ejicere
2153 466 2222 505 an
2246 457 2300 512 Δ
2325 466 2461 520 quos
2500 452 2815 524 simpliciter
2859 455 3137 512 credentes
3161 457 3457 517 invenerunt.
3483 465 3533 519 Et
3564 472 3725 538 quinam.

647 548 790 604 non?

721 638 798 692 Μ.
832 637 889 692 ld
919 637 1324 708 intelligendum
1357 635 1500 706 quod
1542 653 1647 691 non
1693 635 1887 705 potuit,
1931 634 1976 690 si
2021 651 2128 689 non
2173 651 2233 690 se

647 729 952 786 elevassent
977 728 1030 782 iu
1066 743 1258 782 vanam
1287 726 1544 796 gloriam,
1567 727 1781 796 quando
1813 727 1894 781 eis
1927 727 2232 781 contrarius

646 819 820 874 hostis
842 818 1087 887 promisit
1109 817 1294 871 dicens
1317 835 1328 869 :
1362 815 1422 871 Si
1450 816 1776 870 comederitis
1801 833 1865 870 ea:
1889 833 1973 882 eo,
1995 817 2233 886 aperien-

647 921 736 963 tur
763 909 900 963 oculi
927 909 1102 972 vestri,
1122 917 1170 960 et
1205 908 1350 961 eritis
1386 908 1520 960 sicut
1548 906 1643 958 dii.
1688 905 1780 961 Sic
1813 921 2048 974 namque
2089 904 2230 959 scri-

646 1009 800 1068 ptum
829 1007 948 1054 est:
983 999 1115 1051 Ante
1141 998 1350 1050 ruinam
1379 995 1695 1050 excitabitur
1723 1012 1832 1050 cor.

1143 1107 1722 1165 RECAPITULATIO.

1279 1196 1520 1236 ISIDOBUS
1542 1194 1590 1233 ⁸.

713 1270 950 1341 Serpens
977 1278 1159 1326 autem
1201 1270 1293 1326 ille
1336 1271 1634 1340 sapientior
1662 1271 1902 1326 omnium
1931 1269 2228 1326 bestiarum

638 1362 842 1418 indicat
887 1362 1192 1428 diabolum,
1237 1361 1330 1430 qui
1377 1362 1502 1416 inde
1551 1377 1774 1432 serpens
1821 1361 2042 1426 dicitur,
2085 1360 2228 1431 quod

636 1453 858 1508 volubili
890 1462 1144 1508 versetur
1166 1451 1386 1507 astutia.
1414 1452 1520 1508 Sed
1545 1453 1674 1521 quid
1697 1460 1779 1506 est
1807 1452 1952 1521 quod
1986 1452 2100 1520 ipse
2131 1466 2230 1521 per

635 1546 916 1600 mulierem
943 1545 1155 1614 decepit
1181 1552 1235 1599 et
1265 1560 1373 1599 non
1400 1559 1498 1613 per
1527 1545 1738 1598 virum?
1759 1544 1885 1612 quia
1912 1559 2021 1598 non
2049 1550 2229 1612 potest

635 1637 776 1694 ratio
805 1645 992 1692 nostra
1034 1635 1221 1691 seduci
1255 1635 1323 1690 ad
1351 1636 1706 1705 peccandum.
1751 1635 1856 1690 nisi
1890 1635 2229 1704 praacedente

2335 542 2464 597 nino
2491 544 2724 598 carnalia
2749 547 3092 615 persuadent,
3121 552 3262 618 quasi
3287 551 3344 605 ad
3370 555 3600 612 carnalium
3617 567 3724 621 acab.

2334 645 2454 684 rum
2480 634 2813 702 apertionem
2840 645 3100 692 conantur
3123 639 3380 708 adducere,
3407 654 3456 698 ut
3479 646 3723 710 interiorum

2334 720 2416 776 lus
2435 724 2772 780 obscuretur.
2806 725 3093 796 Sequitur:

2998 833 3064 876 ISI
3072 834 3248 877 DORUS.

2416 899 2551 956 Vidit
2574 905 2735 974 igitur
2767 906 2957 960 mulier
2978 909 3117 978 quod
3144 909 3319 965 bonum
3349 926 3457 968 esset
3484 917 3639 988 lignum,
3656 932 3723 987 etc,

2328 987 2549 1059 tulitque
2568 991 2632 1045 de
2657 993 2833 1062 [ructu
2859 996 2974 1064 ejus
2995 1005 3042 1050 et
3067 999 3274 1051 comedit
3302 999 3434 1070 (Gen.
3463 987 3526 1067 Ill,
3543 1006 3596 1077 6).

2401 1079 2593 1136 Mulier
2625 1086 2860 1140 comedit
2887 1096 3070 1153 antea,
3098 1105 3200 1145 non
3229 1091 3320 1156 vir,
3349 1093 3449 1148 ideo
3474 1098 3568 1166 quia
3586 1115 3724 1158 urnas

2331 1173 2543 1230 facilius
2562 1180 2960 1246 persuadeatur
2979 1183 3048 1237 ad
3070 1192 3351 1252 peccatum,
3379 1202 3462 1242 nec
3482 1198 3563 1244 tam
3581 1193 3724 1249 vela-iter

2329 1268 2600 1338 spiritales
2625 1271 2990 1340 decipiuntur.
3031 1272 3280 1344 Sequitur
3301 1295 3313 1332 :

2404 1361 2656 1434 Deditque
2685 1366 2794 1419 uiro
2829 1383 2925 1420 suo
2949 1377 2996 1421 et
3023 1369 3258 1422 comedit.
3283 1367 3453 1441 Utique
3471 1374 3564 1442 quia
3590 1375 3724 1444 prside-

2328 1446 2668 1506 lcetalionem
2710 1455 2944 1510 carnalis
2987 1459 3412 1527 concupiscentia:
3454 1473 3614 1527 nostra,
3637 1467 3723 1519 elisa

2329 1543 2466 1597 ratio
2487 1551 2671 1598 nostra
2698 1545 2985 1615 subjicitur
3011 1549 3078 1603 ad
3100 1552 3423 1619 peccandum.

2399 1633 2631 1706 Cumque
2653 1632 3006 1708 cognatvissent
3028 1657 3084 1694 se
3103 1658 3210 1695 esse
3231 1641 3402 1709 nudos,
3423 1656 3645 1698 consuerunt
3657 1646 3724 1713 [alii
3810 1633 3811 1656 ¹

635 1730 996 1786 delectatione
1015 1729 1072 1785 in
1097 1729 1301 1784 carnali
1333 1727 1664 1783 inﬁrmitatis
1681 1726 1896 1792 ail'ectu,
1929 1727 2023 1797 qui
2053 1727 2226 1798 magis
2259 1794 2301 1804 _
2325 1723 2480 1793 ﬁcus,
2509 1735 2556 1779 et
2582 1736 2917 1798 conlegerunt
2945 1747 3000 1783 se
3039 1729 3193 1801 (Cen.
3226 1748 3308 1798 Ill,
3331 1734 3400 1804 7).

635 1825 797 1879 debet
817 1824 1195 1892 obtemperare
1234 1822 1434 1878 rationi
1456 1831 1732 1892 ‘tanquam
1763 1827 1882 1877 viro
1902 1794 2219 1886 dominanti,
2259 1794 2305 1854 Β

633 1914 739 1970 hoc
772 1915 916 1969 enim
959 1914 1014 1968 in
1056 1928 1383 1984 unoquoque
1412 1915 1632 1970 homine
1663 1914 1888 1984 geritur,
1923 1913 1980 1968 in
2009 1914 2224 1970 occulto

631 2004 865 2073 quodam
899 2010 1220 2073 secretoque
1254 2003 1524 2074 conjugio.
1571 2003 1985 2075 Suggestionem
2026 2005 2224 2074 quippe

629 2104 936 2166 serpentem
985 2097 1335 2166 accipiamus.
1407 2097 1688 2152 Mulierem
1741 2112 1870 2154 vero
1933 2097 2223 2152 animalem

627 2186 875 2256 corporis
890 2200 1130 2253 sensum,
1149 2187 1413 2242 rationem
1428 2195 1611 2242 autem
1625 2187 1822 2241 virum.
1844 2186 1988 2256 Ergo
2009 2188 2224 2257 quando

626 2275 868 2333 occurrit
908 2277 1048 2332 mala
1081 2277 1376 2349 suggestio,
1406 2278 1559 2347 quasi
1586 2291 1808 2347 serpens
1830 2276 2090 2356 loquitur,
2129 2278 2224 2332 sed

627 2365 742 2422 sola
783 2366 1042 2437 cogitatio
1079 2368 1384 2423 oblectatur
1428 2367 1571 2422 illius
1617 2367 2000 2438 suggestionis,
2046 2375 2105 2422 ut
2139 2383 2224 2422 re-

631 2455 883 2510 i‘renante
909 2457 1118 2511 ratione
1147 2471 1445 2512 consensus
1472 2457 1719 2526 explendi
1743 2457 1924 2526 operis
1959 2473 2067 2512 non
2101 2472 2222 2512 suc-

627 2547 804 2609 cedat,
831 2546 942 2602 sola
982 2547 1174 2602 mulier
1198 2547 1412 2602 videtur
1435 2547 1736 2602 comedisse
1757 2547 2028 2603 illicitum.
2067 2547 2222 2614 Quod

626 2636 673 2690 si
698 2637 872 2705 ipsum
903 2648 1183 2706 peccatum
1208 2638 1372 2692 etiam
1413 2645 1469 2692 et
1511 2653 1666 2692 mens
1686 2639 2105 2707 perpetrandum
2129 2639 2225 2694 de-

626 2735 833 2791 cernat,
857 2725 971 2795 jam
1014 2728 1096 2781 vir
1136 2728 1396 2796 deceptus
1419 2737 1528 2792 est,
1549 2726 1663 2796 jam
1703 2730 1900 2784 mulier
1919 2730 2101 2784 cibum
2125 2731 2220 2786 de-

625 2813 772 2870 disse
791 2815 908 2869 viro
931 2816 1160 2870 videtur.
1188 2817 1442 2871 lnlecebri
1466 2819 1609 2872 enim
1635 2820 1961 2880 consentire.
1985 2821 2051 2875 de
2077 2820 2222 2890 ligno

624 2906 901 2975 prohibito
945 2909 1270 2964 manducare
1310 2917 1413 2965 est.
1461 2909 1612 2964 Tunc
1652 2912 1849 2982 quippe
1878 2911 2003 2981 jure
2035 2929 2067 2967 a
2111 2913 2220 2968 vita

625 2999 786 3054 beata
833 3008 1090 3070 tanquam
1132 3016 1163 3055 a
1209 3001 1463 3071 paradiso
1497 3003 1786 3072 expellitur
1815 3005 1999 3070 homo,
2030 3020 2222 3074 pecca-

625 3099 849 3162 tumque
873 3093 924 3147 ei
952 3092 1269 3162 imputatur,
1302 3093 1515 3149 etiamsi
1551 3110 1659 3150 non
1692 3105 1951 3166 sequatur
1971 3098 2212 3164 ell'ectus,

625 3183 748 3251 quia
781 3184 880 3240 etsi
905 3193 1119 3240 nonest
1160 3185 1214 3239 in
1253 3183 1411 3240 factis
1451 3185 1628 3256 culpa,
1655 3186 1711 3241 in
1737 3203 2004 3244 consensu
2031 3197 2216 3244 tamen

623 3277 891 3332 retinetur
914 3277 1267 3332 conscientia.
1298 3277 1423 3332 Haec
1464 3279 1760 3334 secundum
1783 3296 2071 3350 anagogen.
2101 3279 2217 3335 Cre-

624 3375 803 3425 terum
818 3368 976 3439 juxta
1001 3372 1393 3441 metaphoram,
1409 3373 1610 3442 poterit
1633 3373 1860 3428 callidus
1880 3374 1972 3429 ille
1993 3389 2216 3444 serpens

624 3461 1007 3518 haereticorum
1037 3463 1336 3519 versutiam
1367 3465 1668 3536 designare.
1698 3464 1948 3520 Nonnulli
1971 3466 2114 3520 enim
2139 3466 2217 3520 ls-

622 3555 847 3622 quacius
868 3566 1033 3624 atque
1053 3556 1307 3612 subtilius
1329 3557 1652 3626 promittunt
1686 3557 1871 3612 illicita
1898 3558 2216 3613 curiositate

622 3655 957 3701 secretorum
1009 3647 1413 3717 adapertionem
1455 3658 1616 3719 atque
1665 3651 1944 3705 scientiam
1993 3651 2119 3706 boni
2159 3659 2215 3704 et

622 3735 773 3800 mali,
800 3745 854 3790 et
876 3737 930 3790 in
957 3738 1074 3805 ipso
1109 3738 1327 3794 homine
1349 3748 1602 3809 tanquam
1629 3741 1681 3794 in
1708 3742 1900 3796 arbore
1915 3757 2033 3810 qute
2056 3742 2212 3812 plan-

623 3828 738 3876 tata
784 3831 869 3877 est
909 3823 964 3876 in
1007 3825 1184 3878 tnedio
1229 3827 1467 3894 paradisi
1524 3844 1642 3882 eam
1688 3828 2079 3884 dinoscentiam
2122 3831 2216 3886 de-

624 3919 952 3966 monstrare.
978 3911 1179 3967 Contra
1204 3914 1348 3969 hunc
1374 3926 1678 3984 serpentem
1710 3919 1904 3972 clamat
1923 3920 2213 3988 Apostolus

626 4015 755 4058 cum
781 4001 912 4056 dicit
937 4018 949 4056 :
982 4001 1160 4057 Metuo
1186 4020 1248 4058 ne
1271 4005 1406 4058 sicut
1445 4022 1653 4076 serpens
1682 4006 1848 4060 Evam
1875 4008 2082 4062 seduxit
2104 4027 2214 4064 ver-

621 4098 759 4152 sutia
788 4097 915 4164 'sua,
959 4100 1035 4153 sic
1072 4116 1254 4154 sensus
1301 4102 1455 4155 vestri
1499 4115 1905 4174 corrumpantur
1947 4105 2034 4174 (ΙΙ
2085 4105 2208 4162 Cor.

619 4202 696 4253 χι,
718 4187 795 4258 5).
823 4187 1112 4244 Seducitur
1133 4190 1312 4246 verbis
1340 4190 1500 4261 hujus
1542 4195 1807 4262 serpentis
1848 4199 2081 4255 carnalis
2108 4218 2209 4257 no-

617 4286 731 4334 stra
761 4280 1218 4351 concupiscentia,
1249 4290 1305 4336 et
1330 4296 1427 4351 per
1454 4283 1542 4337 illa
1579 4285 1845 4354 decipitur
1869 4288 2210 4349 Christianus

615 4367 791 4424 Adam
818 4385 926 4425 non
960 4370 1226 4426 Christus.
1280 4372 1422 4429 Dicit
1469 4390 1599 4446 ergo
1633 4375 1734 4431 iste
1775 4379 1841 4433 ad
1885 4381 2206 4438 mulierem:

2241 3140 2290 3206 (Ξ

2988 1837 3247 1878 ιδιυοιιυδ.

2399 1904 2498 1972 QUI
2528 1906 2784 1961 saeculum
2807 1924 3062 1979 asperum
3086 1913 3469 1982 amplectuntur,
3488 1916 3554 1983 qui
3569 1917 3724 1984 prurigine

2326 1994 2614 2064 voluptatis
2643 1998 2878 2052 carnalis
2903 2009 3159 2064 uruntur,
3189 2003 3376 2072 quique
3399 2004 3561 2074 decepti
3584 2007 3723 2060 bestia

2325 2084 2611 2155 pravitate,
2640 2094 2696 2140 et
2729 2087 2901 2157 gratia
2936 2089 3030 2144 Dei
3060 2090 3243 2145 nudati
3281 2102 3410 2158 sunt,
3439 2101 3723 2162 legitimum-

2304 2177 2604 2232 'daciorum
2633 2187 2889 2248 tanquam
2919 2179 3049 2236 folia
3083 2181 3169 2237 ﬁci
3197 2183 3449 2254 colligunt,
3481 2183 3651 2239 facientes
3671 2182 3722 2238 sibi

2326 2269 2684 2324 succinctoria
2711 2271 3014 2340 pravitatis,
3064 2289 3188 2328 cum
3214 2276 3279 2328 de
3305 2275 3497 2330 Domino
3517 2275 3575 2330 vel
3591 2274 3721 2329 Ερειώ

2325 2359 2678 2414 mentiuntur.
2707 2360 2774 2414 Et
2798 2369 2857 2414 ut
2875 2362 2952 2415 ait
2980 2361 3274 2434 Gregorius
3297 2382 3310 2418 :
3337 2364 3481 2418 Adam
3499 2370 3724 2434 uamqneprst

2323 2459 2607 2520 peccatum
2641 2451 3018 2509 inobedientia:
3050 2471 3178 2510 mox
3215 2457 3439 2526 pudenda
3463 2458 3635 2518 contexit,
3658 2457 3724 2524 qui:

2324 2542 2706 2597 contumeliam
2750 2545 2930 2599 carnis
2965 2545 3192 2610 invenit,
3226 2557 3278 2601 et
3311 2549 3394 2617 qui
3419 2548 3727 2602 auctorisuoesse

2324 2633 2571 2689 subditus
2606 2635 2799 2700 noluit,
2839 2635 2965 2706 jura
3005 2638 3191 2693 carnis
3233 2639 3440 2694 subdita:
3469 2655 3574 2709 quam
3596 2637 3728 2707 urebat

2323 2725 2528 2790 amisit,
2558 2733 2617 2779 ut
2643 2725 2697 2780 in
2729 2727 2907 2797 seipso
2945 2729 3201 2785 videlicet
3241 2731 3728 2786 inobedientiasuacon-

2324 2815 2465 2872 fusio
2493 2817 2837 2884 redundaret,
2881 2827 2936 2874 et
2977 2830 3267 2892 superatus
3309 2821 3507 2878 disceret
3530 2820 3611 2889 quid
3630 2816 3728 2871 elatus

2323 2910 2526 2965 amisit.
2555 2910 2843 2980 Sequitur:

2945 3022 3292 3063 AUGUSTINUS.

2393 3092 2460 3146 D.
2490 3093 2724 3148 Adduxit
2761 3094 2902 3151 Deus
2943 3097 3012 3151 ad
3041 3099 3217 3152 Adam
3253 3108 3423 3153 cuncta
3449 3093 3728 3150 animusau-

2317 3181 2509 3249 latilia,
2537 3186 2812 3257 vidensque
2850 3205 2930 3253 ea,
2963 3190 3215 3260 imposuit
3253 3192 3516 3246 nominum.
3539 3197 3578 3242 et
3603 3185 3644 3240 de
3670 3198 3730 3236 Its-

2315 3277 2447 3332 liere
2474 3279 2630 3348 paulo
2653 3289 2775 3348 post
2801 3281 3000 3336 dicitur
3024 3301 3038 3336 :
3088 3282 3226 3338 Vidit
3256 3285 3405 3355 igitur
3425 3276 3731 3348 ηιαιίετᾳιοόιο-
3814 3323 3815 3326 η

2316 3384 2439 3420 num
2467 3379 2596 3422 esset
2619 3369 2817 3440 lignum
2844 3371 2914 3424 ad
2942 3374 3271 3428 vescendum.
3307 3374 3433 3430 Ecce
3459 3371 3653 3439 Scriptura
3675 3378 3733 3418 III-

2315 3459 2666 3517 nil‘cstissime
2686 3465 2924 3520 ostendit
2947 3467 3234 3522 amborum
3266 3467 3435 3523 oculos
3456 3473 3614 3536 apertos
3633 3460 3732 3512 fuisse

2315 3550 2425 3606 Nec
2461 3562 2543 3606 est
2570 3554 2715 3608 enim
2755 3553 2838 3609 fas
2876 3555 3058 3612 dicere
3099 3558 3305 3628 primos
3344 3546 3734 3612 homineset.th

2315 3659 2449 3704 etes.
2480 3649 2548 3703 Et
2576 3665 2674 3704 cur
2700 3658 2823 3719 post
2847 3651 3148 3721 paululum,
3183 3662 3303 3724 post
3340 3653 3454 3724 ligni
3485 3648 3597 3704 vetiti
3624 3653 3733 3696 uuln

2313 3741 2502 3795 eadem
2551 3741 2829 3812 Scriptura
2855 3800 2857 3802 ,
2882 3744 3014 3799 dicit
3061 3762 3074 3799 :
3136 3747 3314 3802 Anerti
3362 3757 3466 3800 sunt
3505 3739 3606 3796 oculi
3637 3735 3732 3789 rubi-

2315 3832 2474 3884 rum?
3033 3875 3036 3878 .

2386 3922 2465 3976 Μ.
2496 3923 2524 3962 δ
2548 3923 2662 3978 Nisi
2687 3922 2874 3979 oculos
2894 3933 3113 3995 apertos
3140 3927 3412 3988 haberent,
3443 3939 3523 3978 nec
3542 3919 3606 3975 ille
3621 3914 3733 3969 anim

2312 4009 2452 4067 libus
2475 4015 2691 4068 nomina
2716 4014 3035 4084 imponeret,
3056 4031 3160 4072 nec
3181 4017 3272 4072 illa
3295 4018 3481 4072 videret
3497 4010 3593 4082 ligni
3608 4000 3737 4076 pulchri-

2312 4104 2577 4160 tudinem.
2603 4105 2718 4162 Hoc
2743 4107 2940 4176 quippe
2965 4121 3154 4162 verum
3185 4117 3290 4172 est,
3325 4108 3438 4177 quia
3461 4101 3603 4159 oculos
3620 4100 3738 4165 alii“

2311 4196 2602 4263 habebant,
2637 4205 2694 4254 et
2718 4206 2897 4253 tamen
2921 4198 3025 4253 nisi
3046 4199 3114 4253 ad
3134 4199 3335 4269 aliquid
3363 4203 3519 4252 essent
3535 4187 3665 4247 clausi,
3681 4180 3739 4234 unl-

2311 4286 2524 4344 latenus
2539 4288 2817 4358 Scriptura
2840 4289 3075 4344 diceret:
3105 4291 3283 4361 Aperti
3305 4299 3415 4343 sunt
3433 4283 3547 4339 oculi
3564 4278 3738 4334 union!-

2308 4380 2494 4449 Aperti
2522 4380 2750 4445 scilicet,
2775 4395 2879 4435 non
2921 4379 2990 4434 ad
3030 4380 3180 4435 aliud
3208 4381 3310 4436 nisi
3337 4381 3401 4434 ad
3432 4376 3612 4432 invicem
3634 4379 3742 4434 ωιςικν

618 4460 727 4515 Cur
753 4462 995 4532 pracepit
1017 4462 1156 4516 vobis
1186 4462 1345 4528 Deus,
1378 4475 1433 4518 ut
1465 4482 1570 4520 non
1608 4467 1944 4523 comederetis
1971 4488 2036 4525 ea:
2063 4476 2205 4528 omni
2239 4490 2288 4551 ο
2311 4473 2593 4537 scendum,
2621 4480 2680 4527 ut
2724 4481 2869 4528 esset
2909 4473 2993 4528 lex
3039 4473 3094 4527 in
3141 4473 3392 4528 membris
3437 4476 3665 4538 repugnans
3690 4454 3741 4521 Ιθὲί

616 4551 761 4623 tigno
780 4555 1057 4624 paradisi?
1083 4556 1163 4610 sic
1196 4563 1252 4610 et
1277 4556 1654 4615 haereticorum
1679 4562 1890 4616 curiosa
1916 4565 2204 4634 cupiditas,

615 4645 694 4699 sic
726 4646 1110 4715 pnedicatores
1135 4647 1310 4716 pravi,
1356 4649 1424 4703 ad
1457 4649 1781 4720 diligendam
1823 4655 2026 4709 erroris
2056 4655 2209 4711 falla-

614 4735 779 4802 ciam,
802 4737 1108 4792 auditorum
1133 4739 1432 4794 carnalium
1460 4739 1622 4795 corda
1655 4744 2210 4808 succendunt,diecn-

615 4839 735 4884 tes:
769 4829 945 4896 Quare
987 4831 1168 4902 fugitis
1209 4833 1479 4887 scientiam
1516 4835 1706 4889 habere
1744 4835 1986 4890 latentem
2021 4837 2204 4908 (Prov.

614 4940 693 4990 Ix,
720 4925 846 4996 19)?
870 4943 1007 4982 nova
1025 4933 1250 4997 semper
1283 4929 1574 4998 exquirite,
1606 4929 1733 4985 boni
1777 4932 2011 5001 malique
2036 4934 2210 4988 scicn-

615 5012 746 5066 tiam
768 5024 1066 5081 penetrate.
1095 5016 1246 5073 Unde
1279 5017 1368 5072 illa
1411 5019 1465 5073 in
1509 5019 1796 5075 Salomone
1821 5021 2016 5076 mulier
2037 5023 2209 5077 luere-

617 5101 847 5156 ticorum
890 5108 1124 5176 speciem
1150 5115 1341 5163 tenens
1366 5108 1497 5164 dicit
1529 5127 1542 5162 :
1575 5110 1738 5180 Aqua:
1767 5111 1976 5179 furtiva:
2005 5113 2210 5166 dulcio-

617 5207 698 5244 res
726 5202 864 5256 sunt,
899 5205 946 5247 et
985 5197 1138 5264 panis
1165 5199 1499 5254 absconditus
1540 5201 1714 5254 suavis
1737 5199 1922 5273 (Prov.
1969 5219 2044 5268 ix,
2092 5205 2204 5274 17).

616 5280 856 5349 Subjecit
879 5284 1070 5339 deinde
1102 5288 1240 5343 idem
1283 5305 1523 5359 serpens.
1570 5289 1890 5362 Quacunque
1916 5293 2002 5346 die
2044 5311 2210 5348 come-

612 5371 799 5426 deritis
821 5391 885 5427 ea:
912 5391 991 5440 eo,
1018 5378 1190 5430 statim
1218 5383 1517 5450 aperientur
1537 5381 1674 5435 oculi
1717 5385 1887 5449 vestri,
1911 5393 1957 5437 et
1978 5386 2122 5439 eritis
2152 5396 2206 5439 ut

613 5465 710 5529 dii,
735 5467 951 5521 scientes
988 5469 1177 5522 bonum
1203 5480 1251 5523 et
1277 5473 1494 5526 malum.
1521 5474 1611 5528 Sic
1628 5483 1682 5528 et
1707 5490 1896 5530 omnes
1932 5477 2203 5546 generali—

614 5565 702 5615 ter
737 5558 979 5613 hmretici
1020 5557 1320 5617 divinitatis
1362 5567 1614 5619 meritum
1659 5567 2000 5634 proﬁtentur,
2044 5576 2207 5638 atque

612 5649 856 5706 scientia:
879 5650 1265 5721 pollicitatione
1286 5653 1560 5724 decipiunt
1585 5665 1639 5712 et
1660 5659 2064 5728 reprehendunt
2089 5677 2203 5727 eos,

686 5771 712 5801 ⁸
739 5763 1042 5822 Comment.
1071 5765 1126 5821 in
1155 5764 1315 5831 Gcn.,
1341 5782 1460 5834 cap.
1493 5767 1548 5835 4,
1578 5769 1636 5823 5.

2313 4565 2538 4628 mentis,
2566 4571 2626 4617 ut
2652 4563 2818 4618 etiam
2851 4565 2905 4618 in
2950 4565 3084 4637 ipsis
3106 4565 3362 4619 membris
3393 4569 3519 4618 esset
3543 4571 3622 4611 non
3639 4551 3742 4639 volun:

2310 4654 2482 4708 tarius
2503 4663 2709 4718 motus,
2727 4654 2868 4723 iusta
2894 4655 3101 4710 scilicet
3126 4654 3356 4709 vindicta
3383 4653 3484 4715 Dei,
3510 4657 3558 4702 ut
3579 4646 3742 4700 bomqu

2309 4745 2481 4800 noluit
2526 4746 2635 4800 Deo
2681 4761 2800 4800 esse
2849 4745 3145 4816 subjectus,
3194 4762 3300 4801 non
3350 4744 3547 4800 haberet
3583 4729 3744 4791 subditnia

2308 4851 2523 4907 corpus.
2561 4837 2703 4907 Ergo
2737 4837 2793 4890 in
2835 4837 2889 4891 id
2931 4837 3102 4905 aperti
3151 4844 3278 4891 sunt
3320 4833 3450 4890 oculi
3491 4829 3692 4884 amborum
3718 4824 3743 4864 ιι

2309 4936 2656 4982 moverentur
2679 4927 3242 4997 concupiscentialiter
3258 4926 3502 4982 membra.
3524 4914 3711 4987 Statiuin-

2939 5035 3282 5074 AUGUSTINUS.
3732 5089 3735 5092 ι

2379 5109 2447 5163 Et
2480 5126 2597 5163 cum
2634 5110 2900 5163 audissent
2933 5127 3102 5164 vocem
3143 5110 3352 5164 Domini
3378 5107 3464 5162 Dei
3495 5093 3747 5159 demisit!"

2308 5200 2363 5254 in
2391 5201 2640 5273 paradiso
2672 5202 2741 5254 ad
2780 5218 2968 5255 auram
3031 5211 3144 5272 post
3183 5201 3461 5262 meridiem,
3495 5186 3748 5249 abscondat“

2307 5309 2361 5346 se
2398 5293 2567 5346 Adam
2601 5304 2648 5348 et
2684 5293 2791 5347 Eva
2839 5311 2976 5347 uxor
3017 5295 3132 5364 ejus
3167 5313 3198 5348 ιι
3233 5295 3367 5366 [acie
3393 5286 3576 5346 Domini
3601 5285 3639 5335 in
3657 5289 3746 5330 sui“

2307 5383 2436 5456 ligni
2466 5385 2703 5455 paradisi
2739 5385 2893 5456 tGen.
2927 5401 3012 5449 Ill,
3039 5385 3116 5457 8).

2379 5475 2445 5528 ll.
2466 5451 2624 5546 vllogo
2650 5451 2779 5546 ergo
2803 5477 3043 5531 edissere
3066 5451 3191 5546 quid
3217 5476 3287 5530 sit
3329 5475 3412 5528 illa
3440 5472 3522 5528 Dei
3554 5451 3750 5522 deambuL'

2309 5567 2416 5622 tio?

2380 5658 2458 5714 Μ.
2498 5659 2653 5714 Absit
2688 5661 2831 5716 enim
2863 5670 2918 5716 ut
2942 5663 3083 5716 Deus
3124 5661 3210 5732 qui
3250 5669 3333 5716 est
3369 5656 3592 5717 Trinitas,
3623 5659 3670 5700 ex
3701 5640 3748 5691 ll“

2381 5777 2408 5817 δ
2438 5776 2602 5843 Aug.,
2629 5775 2721 5831 lib.
2755 5792 2807 5830 χι
2834 5775 2900 5831 dc
2927 5775 3062 5831 Gen.
3092 5776 3158 5832 ad
3180 5775 3308 5841 litt.,
3339 5788 3450 5839 cap.
3473 5767 3550 5825 3|-
