3950 6312
104 454 248 510 illi!

1037 444 1165 505 LIB.
1205 432 1681 517 QUIESTIONUM
1720 444 1949 506 SUPER
1984 448 2113 506 LIB.
2155 444 2459 508 GENESIS

3259 446 3403 508 1162

99 565 259 637 quod
276 562 397 633 ejus
419 561 619 619 dicitur
653 559 1032 621 deambulatio,
1073 574 1368 630 corporeus
1395 566 1489 616 aut
1514 558 1701 615 loculis
1724 565 1778 625 Α
1806 560 1872 615 ad
1898 576 2047 632 spem
2071 563 2311 623 redeant,
2346 558 2470 628 quia
2522 563 2576 610 ct
2632 554 2735 625 ipsi
2768 555 2917 627 impii
2958 558 3024 614 ad
3051 574 3198 630 spem
3226 561 3401 618 indul-

99 674 236 714 csse
274 653 545 709 credatur.
594 654 767 707 Omne
812 651 982 706 locale
1025 669 1221 720 corpus
1275 662 1356 707 est
1396 652 1597 722 utique,
1647 661 1702 706 et

100 764 272 805 omne
315 763 510 815 corpus
556 744 726 799 locale
767 752 870 795 est.
918 743 1055 796 Deus
1094 760 1220 795 wm
1266 744 1576 811 incorporea
1617 758 1703 797 res

105 851 218 910 est,
244 860 344 899 nec
370 838 723 910 corporaliter
750 843 1013 901 movetur,
1044 850 1217 903 neque
1239 837 1355 890 loco
1376 836 1700 895 continetur,

104 948 289 1003 neque
314 933 379 989 de
405 931 527 986 loco
555 929 621 984 ad
646 928 824 984 locum
851 924 1194 982 transfertur.
1242 927 1337 980 Est
1374 940 1565 995 nempe
1590 924 1704 994 ers

104 1022 479 1082 deambulatio
520 1017 868 1090 intelligenda
909 1032 1007 1088 per
1033 1018 1271 1089 aliquam
1301 1026 1607 1074 creaturam
1631 1016 1707 1073 fa-

104 1124 226 1183 cta,
271 1129 433 1186 quam
480 1120 791 1170 creaturam
833 1110 1108 1166 hominem
1146 1123 1216 1166 ex
1257 1109 1426 1181 ipsius
1472 1109 1709 1166 circum-

103 1206 318 1263 stantia
358 1203 654 1275 Scriptura
704 1199 1037 1259 intellectum
1085 1216 1121 1259 a
1163 1198 1460 1271 majoribus
1500 1199 1703 1257 recolo.

113 1363 119 1367 _
640 1311 774 1354 ιτει
814 1309 1112 1352 θηςοιιυε
1138 1306 1188 1349 ⁸.

182 1392 323 1449 Cum
347 1392 579 1449 audisset
596 1388 769 1445 Adam
792 1401 967 1443 vocem
1002 1385 1215 1441 Domini
1237 1385 1628 1442 deambulantis
1652 1385 1710 1441 in

104 1484 367 1557 paradiso
401 1482 472 1538 ad
499 1496 690 1536 auram
713 1486 828 1552 post
868 1476 1162 1543 meridiem,
1194 1477 1467 1534 abscondit
1494 1493 1550 1533 se
1572 1477 1711 1532 inter

108 1574 266 1645 ligna
303 1572 561 1645 paradisi.
588 1569 990 1640 Nonnunquam
1022 1581 1122 1639 per
1154 1567 1373 1640 angelos
1421 1568 1602 1625 verbis
1636 1567 1713 1624 si-

108 1673 234 1731 mul
254 1681 310 1731 et
334 1674 499 1729 rebus
519 1670 761 1743 loquitur
779 1669 943 1737 Deus,
966 1682 1092 1724 cum
1129 1666 1452 1739 quibusdam
1475 1665 1713 1725 motibus

109 1766 360 1822 insinuat
398 1765 504 1822 hoc
531 1762 676 1835 quod
705 1760 1048 1819 sermonibus
1096 1766 1306 1814 narrat.
1337 1756 1525 1830 Neque
1565 1758 1712 1814 enim

107 1854 294 1913 Adam
314 1864 437 1927 post
456 1854 670 1926 culpam
700 1853 757 1908 in
789 1851 1072 1909 divinitate
1096 1850 1282 1907 videre
1317 1850 1489 1906 Deum
1511 1851 1708 1922 potuit,

107 1948 219 2005 sed
239 1944 626 2019 increpationis
645 1944 810 2017 verba
831 1956 928 2013 per
951 1941 1204 2013 angelum
1236 1940 1461 1998 audivit.

114 2080 115 2083 η
189 2037 263 2094 D.
292 2036 401 2095 Sed
427 2036 780 2109 quaerendum
801 2034 960 2092 nobis
991 2039 1093 2100 est,
1119 2030 1252 2104 quid
1295 2032 1367 2089 sit
1404 2034 1550 2104 quod
1594 2042 1719 2106 post

111 2138 405 2202 peccatum
430 2128 668 2186 hominis
689 2127 952 2185 Dominus
972 2125 1028 2185 in
1056 2123 1310 2198 paradiso
1327 2122 1443 2195 jam
1463 2139 1572 2182 non
1589 2133 1713 2197 stat,

106 2222 221 2281 sed
253 2220 531 2279 ambulat?

94 2328 101 2336 '
193 2316 276 2372 1f.
322 2315 437 2372 Hoc
479 2322 727 2389 patenter
756 2315 916 2373 datur
958 2312 1215 2386 intelligi,
1268 2311 1434 2383 quod,
1477 2310 1719 2367 irruente

113 2407 309 2480 culpa,
354 2423 414 2465 se
443 2423 476 2465 a
501 2410 664 2466 corde
700 2408 936 2466 hominis
962 2412 1171 2463 motum
1198 2406 1549 2462 demonstrat.
1580 2403 1721 2473 Quid

115 2509 214 2557 est
246 2500 396 2571 quod
430 2500 501 2557 ad
534 2515 721 2557 auram
766 2510 892 2572 post
934 2501 1249 2570 meridiem,
1298 2502 1404 2558 nisi
1446 2500 1592 2573 quod
1627 2499 1721 2555 lux

117 2592 425 2649 ferventior
450 2592 693 2649 veritatis
737 2591 1096 2660 abscesserat,
1132 2601 1189 2649 et
1216 2592 1575 2664 peccatricem
1605 2589 1724 2647 ani-

120 2700 275 2741 mam
300 2684 468 2755 culpa:
497 2700 610 2741 sua:
651 2683 855 2756 frigora
903 2686 1365 2758 constringebant.
1407 2685 1490 2743 Ad
1530 2699 1721 2742 auram

121 2790 365 2845 namque
405 2784 529 2846 post
559 2775 845 2831 meridiem
876 2776 1087 2846 primus
1133 2779 1295 2835 homo
1338 2787 1461 2849 post
1508 2777 1721 2847 culpam

123 2870 427 2925 absconsus
452 2869 743 2935 invenitur,
772 2870 900 2939 quia
925 2871 1070 2925 enim
1097 2871 1454 2926 meridianum
1485 2869 1722 2924 calorem

121 2961 411 3018 charitatis
448 2961 791 3032 perdiderat,
817 2961 933 3032 jam
969 2963 1068 3017 sub
1102 2963 1310 3033 peccati
1346 2962 1534 3017 umbra
1568 2960 1722 3029 quasi

122 3053 237 3110 sub
258 3053 457 3121 frigore
484 3067 630 3108 aura:
672 3052 939 3121 torpebat,
976 3053 1117 3109 sicut
1145 3054 1211 3110 de
1240 3053 1427 3110 eodem
1464 3062 1723 3123 peccante

126 3144 355 3201 homine
376 3141 635 3214 scriptum
655 3151 761 3211 est,
783 3142 911 3214 quia
940 3152 1160 3201 secutus
1185 3152 1271 3200 est
1287 3144 1558 3201 umbram.
1583 3142 1726 3200 Cha-

123 3237 315 3292 ritatis
357 3234 503 3292 enim
544 3234 785 3291 calorem
824 3235 1163 3307 perdiderat,
1207 3245 1264 3293 et
1321 3252 1510 3293 verum
1554 3236 1723 3294 solem

327 3288 790 3398 magna;
810 3288 1109 3388 ἄπιξιὶέζὲ
1119 3288 1319 3387 interni
1336 3288 1578 3403 nisi;
1588 3288 1723 3387 Et};
1748 3288 1798 3356 ο

124 3423 339 3479 condit.
353 3422 508 3480 Unde
527 3430 585 3479 et
606 3437 738 3479 voce
756 3421 995 3493 ejusdem
1011 3424 1271 3481 Veritatis
1288 3424 1486 3481 dicitur
1511 3442 1525 3479 :
1545 3426 1725 3481 Abun-

122 3515 281 3571 dabit
307 3515 558 3587 iniquitas
574 3556 591 3584 ,
622 3516 919 3589 refrigescet
940 3518 1169 3573 charitas
1196 3516 1480 3572 multorum
1502 3516 1719 3591 (Matth.

126 3620 290 3671 xnv,
305 3606 417 3678 12).
438 3605 742 3677 lncrepavit
752 3622 884 3679 ergo
902 3606 1076 3665 Adam
1095 3607 1469 3677 deambulans,
1486 3616 1549 3663 ut
1565 3608 1725 3664 caecis

128 3699 411 3755 mentibus
428 3700 727 3770 nequitiam
739 3715 894 3757 suam
914 3716 1022 3758 non
1043 3702 1218 3759 solum
1240 3700 1601 3768 sermonibus,
1629 3702 1725 3758 sed

125 3788 303 3845 etiam
322 3789 488 3845 rebus
516 3790 782 3861 aperiret;
805 3799 1070 3863 quatenus
1095 3801 1352 3865 peccator
1374 3792 1537 3849 homo
1555 3800 1611 3847 et
1628 3806 1727 3864 per

126 3880 301 3937 verba
329 3881 477 3953 quod
500 3880 708 3939 fecerat
754 3884 985 3952 audiret,
1022 3893 1078 3941 et
1114 3900 1212 3957 per
1237 3884 1726 3943 deambulationem

126 3973 340 4031 amisso
361 3975 681 4031 aeternitatis
710 3984 854 4033 statu
881 3977 1234 4036 notabilitatis
1265 3993 1377 4036 sua:
1415 3979 1728 4035 inconstan-

129 4066 277 4122 tiam
303 4077 570 4136 cerneret,
613 4076 688 4137 et,
714 4083 813 4142 per
849 4085 1040 4127 auram
1070 4070 1291 4128 fervore
1325 4071 1608 4128 charitatis
1635 4086 1729 4127 ex-

122 4156 319 4229 pulso,
345 4164 616 4229 torporem
638 4174 798 4216 suum
819 4162 1300 4231 animadverteret,
1338 4170 1395 4218 et
1416 4177 1516 4234 per
1557 4163 1725 4220 decli-

125 4248 420 4306 nationem
438 4249 567 4309 solis
585 4261 938 4324 cognosceret
964 4252 1110 4326 quod
1129 4254 1199 4310 ad
1227 4254 1478 4312 tenebras
1501 4255 1726 4327 propin-

122 4350 358 4414 quaret.
1633 4362 1651 4383 -

773 4438 879 4507 Qui
910 4455 1093 4512 supra.

210 4522 287 4580 Β.
321 4522 531 4587 Vocavit
557 4538 735 4586 autem
760 4529 1019 4587 Dominus
1035 4531 1227 4600 Adam,
1250 4541 1299 4589 et
1320 4530 1455 4588 dixit
1472 4546 1492 4588 :
1510 4528 1556 4586 ι]
1561 4529 1612 4586 bi
1636 4545 1689 4587 es
1704 4530 1731 4586 Ρ

1805 654 1998 723 gentia-
2016 660 2399 722 prm'm'antur.

1879 748 1981 810 Qui
2005 747 2120 798 uit:
2164 745 2355 795 Audiri
2382 759 2549 796 rorem
2581 751 2726 795 tuam
2771 744 2821 795 in
2861 744 3128 813 paradiso,
3167 756 3212 797 et
3253 746 3403 799 timui

1806 855 1864 890 eo
1913 837 2053 908 quod
2096 836 2267 890 nudus
2314 853 2499 899 essent,
2534 846 2580 887 et
2631 835 2879 890 abscondi
2932 854 3030 891 me.
3081 838 3182 903 Qui
3230 838 3406 893 dixit:

1809 931 1938 997 Quis
1967 947 2103 985 enim
2126 931 2372 987 indicavit
2409 930 2500 985 tibi
2529 929 2669 1001 quod
2705 930 2878 985 nudus
2922 948 3082 998 esses,
3116 932 3219 987 nisi
3267 932 3409 1004 quod

1806 1039 1872 1079 ex
1907 1022 2051 1096 ligno
2076 1023 2141 1078 de
2162 1041 2265 1095 quo
2294 1023 2389 1080 tibi
2412 1040 2762 1096 prweeperam
2794 1040 2857 1079 ne
2892 1023 3205 1091 comederes,
3237 1042 3412 1081 rome-

1808 1116 1971 1173 disti?
1993 1117 2245 1190 Dixitque
2273 1119 2444 1195 Adam
2468 1135 2486 1175 :
2516 1118 2712 1175 Mulier
2730 1137 2889 1192 quam
2924 1120 3115 1176 dedisti
3162 1122 3292 1177 milii
3326 1140 3413 1179 so-

1809 1207 1973 1277 ciam,
1994 1207 2136 1264 dedit
2158 1209 2289 1263 mihi
2310 1208 2379 1265 de
2400 1207 2542 1281 ligno
2570 1211 2866 1290 et'comedi.

2419 1319 2717 1363 cessemus
2746 1305 2797 1360 ιι.

1884 1392 2174 1451 Sciendum
2196 1407 2541 1467 summopere
2564 1404 2648 1453 est
2670 1397 2815 1469 quod
2840 1407 3073 1470 quatuor
3093 1400 3270 1457 modis
3288 1414 3413 1473 pec-

1812 1491 1993 1539 catum
2035 1492 2382 1557 perpetratur
2415 1487 2472 1542 in
2503 1490 2685 1556 corde,
2733 1498 2968 1561 quatuor
3004 1500 3413 1548 consummatur

1813 1574 1869 1631 in
1888 1590 2071 1646 opere.
2098 1576 2157 1633 ln
2186 1578 2351 1635 corde
2377 1594 2614 1652 namque
2634 1583 3001 1653 suggestione,
3025 1583 3412 1652 delectatione,

1812 1683 2082 1725 consensu
2102 1676 2157 1725 et
2178 1668 2507 1727 defensionis
2529 1672 2754 1728 audacia
2776 1681 3142 1746 perpetratur.
3162 1674 3250 1730 Fit
3264 1676 3415 1732 enim

1813 1761 2088 1833 suggestio
2132 1776 2232 1833 per
2268 1762 2661 1831 adversarium,
2700 1764 2986 1823 delectatio
3030 1782 3129 1838 per
3168 1782 3415 1834 carnem,

1813 1863 2112 1909 consensus
2135 1867 2236 1923 per
2259 1853 2533 1925 spiritum,
2562 1852 2895 1912 defensionis
2923 1856 3150 1913 audacia
3175 1872 3274 1928 per
3300 1856 3416 1913 cla-

1738 1923 1794 1992 Β
1818 1944 2042 2000 tionem.
2077 1942 2245 2017 Culpa
2278 1923 2425 2001 enim
2453 1961 2577 2018 qua:
2606 1954 2815 2005 terrere
2829 1956 3069 2006 mentem
3099 1923 3303 2017 debuit,
3329 1965 3423 2005 ex-

1819 2035 1979 2104 tollit,
2028 2044 2085 2092 et
2121 2036 2419 2106 dejiciendo
2463 2038 2661 2108 elevat,
2721 2041 2818 2098 sed
2882 2043 3099 2113 gravius
3140 2042 3418 2108 ,elevando

1819 2128 2149 2200 supplantat.
2176 2129 2329 2187 Unde
2350 2137 2406 2187 et
2424 2130 2572 2186 iliam
2591 2131 2755 2202 primi
2780 2133 3014 2189 hominis
3036 2132 3420 2189 rcctitudincm

1819 2222 2075 2293 antiquus
2104 2221 2277 2278 hostis
2303 2222 2389 2278 his
2421 2228 2656 2294 quatuor
2699 2224 2897 2279 ictibus
2930 2221 3111 2293 fregit.
3153 2222 3310 2291 Nam,
3356 2231 3421 2278 ut

1818 2328 1982 2385 supra
2023 2312 2281 2382 diximus,
2323 2328 2549 2385 serpens
2591 2314 2781 2382 suasit,
2832 2314 2946 2371 Eva
3002 2314 3267 2371 delectata
3310 2323 3417 2381 est,

1817 2404 1993 2463 Adam
2034 2405 2330 2474 consensit,
2363 2406 2457 2478 qui
2501 2408 2665 2464 etiam
2698 2407 2994 2478 requisitus
3024 2407 3269 2465 conﬁteri
3303 2405 3421 2463 cul—
3526 2442 3529 2445 -

1818 2514 1947 2571 pam
1968 2514 2069 2571 per
2092 2499 2373 2556 audaciam
2408 2499 2600 2557 noluit.
2642 2499 2757 2556 Hoc
2796 2514 2927 2556 vero
2957 2500 3012 2554 in
3055 2501 3292 2556 humano
3323 2513 3421 2569 gc-

1820 2604 1955 2645 nere
1986 2590 2226 2661 quotidie
2260 2590 2459 2660 agitur,
2489 2590 2635 2661 quod
2678 2599 2859 2646 actum
2890 2589 2947 2644 in
2974 2591 3152 2661 primo
3188 2594 3421 2660 parente

1820 2682 1995 2739 nostri
2027 2682 2241 2753 generis
2259 2680 2381 2753 fnon
2421 2683 2722 2752 ignoratur.
2770 2680 3010 2751 Serpens
3050 2682 3240 2748 suasit,
3288 2680 3419 2750 quia

1822 2773 2067 2831 occultus
2118 2774 2291 2829 hostis
2348 2775 2488 2829 mala
2540 2775 2796 2831 cordibus
2850 2775 3131 2830 hominum
3192 2775 3421 2827 latenter
3488 2782 3491 2787 ’

1823 2868 2080 2939 suggerit.
2116 2867 2226 2923 Eva
2258 2868 2521 2922 delectata
2555 2877 2661 2933 est,
2697 2869 2822 2938 quia
2850 2868 3085 2923 carnalis
3129 2883 3319 2922 sensus
3352 2865 3423 2921 ad

1823 2962 1986 3015 verba
2024 2960 2290 3030 serpentis
2322 2976 2446 3015 mox
2475 2976 2533 3015 se
2575 2960 2929 3017 delectatione
2971 2961 3285 3017 substernit.
3324 2960 3422 3015 As-

1822 3067 2043 3110 sensum
2069 3068 2199 3108 vero
2231 3051 2404 3109 Adam
2428 3052 2645 3109 mulieri
2670 3055 2991 3126 praepositus
3015 3054 3266 3125 prmbuit,
3292 3052 3424 3124 quia

1825 3145 1954 3202 dum
1975 3160 2104 3201 caro
2128 3145 2185 3202 in
2209 3143 2626 3202 delectationem
2654 3147 2880 3219 rapitur,
2925 3148 3089 3204 etiam
3132 3162 3165 3201 a
3205 3162 3303 3203 sua
3331 3162 3422 3202 re-

1826 3236 2089 3293 ctitudine
2115 3237 2339 3309 spiritus
2364 3238 2669 3295 inﬁrmatus
2692 3239 3002 3296 inclinatur.
3032 3240 3101 3295 Et
3126 3239 3425 3310 requisitus

1824 3326 1997 3383 Adam
2024 3327 2270 3383 conﬁteri
2309 3327 2523 3399 culpam
2547 3328 2740 3396 noluit,
2769 3329 2896 3400 quia
2921 3328 3173 3385 videlicet
3196 3329 3422 3401 spiritus

1824 3432 1934 3490 quo
1976 3418 2249 3489 peccando
2274 3434 2306 3474 a
2330 3420 2571 3477 Veritate
2600 3419 2946 3492 disiungitur,
2994 3436 3059 3477 eo
3102 3421 3274 3475 ruina:
3308 3434 3425 3476 sua:

1826 3508 2050 3566 audacia
2095 3509 2327 3581 nequius
2372 3512 2689 3568 obduratur.
2758 3510 2865 3567 Per
2918 3511 3189 3588 timorem
3221 3510 3424 3586 quippe

1824 3601 1998 3658 Adam
2036 3601 2387 3671 semetipsum
2429 3603 2793 3660 absconsurus
2830 3601 3063 3675 fugerat,
3101 3602 3199 3659 sed
3234 3612 3423 3659 tamen

1825 3690 2120 3761 requisitos
2147 3690 2380 3747 innotuit
2424 3700 2688 3763 quantum
2728 3692 2896 3749 etiam
2930 3692 3129 3750 timens
3156 3695 3420 3750 tumebat.

1826 3780 1964 3838 Cum
2013 3783 2158 3838 enim
2186 3796 2255 3837 ex
2282 3791 2507 3853 peccato
2541 3798 2781 3854 praesens
2826 3799 2990 3857 poena
3034 3769 3330 3854 metuitur;
3366 3794 3426 3843 ct

1827 3874 2026 3930 amissa
2050 3872 2149 3930 Dei
2174 3875 2339 3933 facies
2362 3892 2472 3933 non
2509 3885 2745 3947 amatur,
2788 3880 2952 3936 timor
2976 3880 3080 3937 iste
3107 3895 3175 3936 ex
3210 3888 3424 3936 tumore

1827 3978 1930 4037 est,
1966 3985 2077 4027 non
2105 3984 2173 4027 ex
2206 3971 2528 4028 humilitate.
2558 3972 2781 4029 Hisdem
2799 3974 2967 4030 etiam
2987 3984 3218 4046 quatuor
3244 3974 3423 4031 modis

1826 4075 2111 4139 peccatum
2162 4078 2569 4126 consummatur
2614 4069 2674 4126 in
2719 4085 2903 4141 opere.
2946 4068 3131 4125 Primo
3187 4081 3425 4139 namque

1828 4163 2002 4219 latens
2021 4163 2179 4236 culpa
2199 4164 2396 4235 agitur,
2419 4164 2766 4238 postmodum
2783 4179 2915 4220 vero
2935 4163 3102 4220 etiam
3140 4169 3266 4217 ante
3285 4175 3422 4217 ocu-

1828 4255 1913 4313 los
1936 4256 2217 4313 hominum
2239 4257 2355 4313 sine
2381 4255 2700 4314 confusione
2723 4263 2907 4313 reatus
2929 4255 3192 4337 aperitur,
3222 4251 3417 4309 dehinc

1829 4356 1885 4405 et
1905 4338 1974 4403 in'
1986 4348 2433 4405 consuetudinem
2463 4348 2702 4416 ducitur,
2748 4348 2818 4406 ad
2852 4356 3158 4405 extremum
3204 4356 3423 4417 quoque

1828 4440 1916 4498 vel
1951 4440 2101 4498 falsa:
2120 4442 2237 4514 spei
2266 4443 2693 4511 seductionibus,
2714 4442 2801 4499 vel
2819 4440 3183 4500 obstinatione
3207 4438 3420 4519 miserat

1830 4533 2226 4605 desperationis
2259 4534 2551 4591 enutritur.
2582 4533 2878 4607 Sequitur:

124 4622 299 4721 (Gs-3
327 4640 414 4721 ’ξιτ
437 4626 515 4701 1ο)
708 4628 953 4721 estquod
971 4629 1231 4721 Dominus
1263 4636 1387 4702 post
1406 4629 1615 4721 lapsum
1640 4643 1730 4721 re.
1751 4656 1808 4721 ι)
1903 4627 1977 4684 Et
2011 4628 2145 4685 dixit
2166 4627 2424 4721 Dominus
2453 4630 2524 4685 ad
2547 4628 2819 4721 mulierem
2835 4643 2855 4683 :
2879 4624 3057 4721 Quare
3082 4626 3179 4680 hoc
3207 4618 3424 4721 Ῑεςίειίτ

126 4716 314 4789 quirit
332 4716 526 4787 Adam,
552 4718 654 4777 Ubi
674 4721 769 4776 es?
789 4719 1042 4793 Nunquid
1066 4720 1247 4779 divina
1266 4720 1509 4793 potentia
1529 4720 1734 4777 nescie-

60 4888 61 4891 η
125 4808 470 4957 ὺεέιῗὶιιιιεῖ
496 4819 622 4884 post
647 4812 862 4886 culpam
903 4827 1093 4870 servus
1126 4812 1355 4870 latibula
1386 4812 1620 4887 fugerat,
1645 4814 1735 4872 cui

125 4899 195 4955 ni
241 4899 254 4911 °
359 4908 436 4957 tet

210 4990 296 5046 Η.
321 4991 437 5050 Hoc
457 4995 649 5067 procul
672 4968 836 5054 dubio
860 4997 1211 5067 credendum,
1231 4998 1360 5070 quia
1386 4998 1570 5055 omnia
1589 4992 1736 5054 nuda

1832 4736 1953 4794 quia
1987 4720 2292 4794 respondit:
2316 4718 2542 4793 Serpens
2573 4719 2774 4791 decepit
2804 4734 2885 4774 me
2906 4713 3062 4792 (Gen.
3091 4728 3175 4783 nt,
3202 4712 3311 4785 l5).

2443 4824 2743 4869 ωιεαοιιυε
2761 4820 2784 4850 ο
2794 4848 2811 4865 ο

1778 4937 1791 4954 ι
1905 4907 2098 4969 Adhoc
2125 4907 2323 4980 quippe
2348 4904 2597 4977 requisiti
2622 4903 2859 4972 fuerant,
2887 4909 2950 4959 ut
2970 4909 3254 4975 peccatum
3280 4900 3427 4972 quod

1837 5002 2283 5081 transgrediendo
2329 4999 2744 5081 commiserant,
2804 4996 3113 5055 conﬁtendo
3160 4995 3427 5054 delerent.

64 5082 65 5089 “
121 5091 194 5140 οι
243 5093 436 5154 θρθτιει
491 5095 618 5143 sunt
661 5088 834 5145 oculis
880 5088 1017 5160 ejus.
1072 5089 1183 5147 Sed
1225 5090 1355 5162 quia
1397 5090 1533 5147 vidit
1577 5088 1737 5160 culpa
1837 5092 1996 5153 Unde
2031 5102 2087 5153 et
2125 5108 2349 5166 serpens
2382 5092 2473 5149 ille
2496 5098 2810 5167 persuasor,
2835 5089 2929 5162 qui
2978 5104 3088 5145 non
3115 5094 3233 5145 erat
3267 5101 3431 5143 revo-

120 5175 378 5247 ιθιιευω.
401 5178 567 5236 “iam
589 5181 691 5238 ⁸1³1)
720 5190 944 5253 Ρθοεδιο
976 5182 1128 5239 Vell“
1166 5184 1236 5240 ab
1278 5181 1452 5239 οωιίθ
1479 5178 1738 5237 “nimis
1837 5190 2045 5246 candus
2081 5188 2150 5246 ad
2177 5187 2413 5255 veniam,
2459 5168 2672 5243 nonde
2705 5184 2864 5257 culpa
2891 5188 2979 5240 est
3003 5181 3318 5252 requisitus.
3344 5178 3431 5233 ln-

68 5254 69 5271 ¹
118 5270 540 5339 absconditum,
565 5272 694 5344 quia
719 5275 971 5331 tenebras
1004 5275 1209 5331 erroris
1252 5272 1371 5344 ejus
1407 5287 1516 5329 non
1543 5286 1740 5343 appro-
1840 5287 2146 5352 terrogatus
2184 5279 2367 5350 itaque
2401 5280 2565 5335 homo
2587 5284 2675 5335 est
2698 5254 2981 5342 ubi—esset,
3007 5276 3073 5330 ιιι¹
3090 5281 3213 5346 post
3236 5287 3431 5344 perpe-

72 5436 73 5439 η
118 5364 255 5429 hat,
286 5364 445 5433 quasi
469 5366 563 5422 ubi
589 5366 663 5423 sit
688 5376 943 5439 peccator
980 5369 1215 5440 ignorat,
1251 5381 1483 5438 eumque
1506 5375 1563 5423 et
1581 5376 1741 5423 vocat
1840 5378 2037 5428 tratam
2060 5372 2273 5444 culpam
2296 5371 2660 5444 resipisceret,
2691 5377 2747 5427 et
2770 5368 3086 5427 conﬁtendo
3110 5371 3431 5441 agnosceret
3464 5432 3469 5439 ι

72 5454 73 5461 “
110 5463 191 5513 et
216 5455 455 5527 requirit
474 5457 662 5517 dicens
691 5477 706 5515 :
745 5460 939 5530 Adam,
971 5462 1061 5518 ubi
1090 5462 1184 5518 es?
1209 5459 1315 5517 Per
1344 5460 1451 5517 hoc
1478 5459 1625 5531 quod
1648 5474 1740 5518 vo-

76 5616 79 5631 ,
112 5555 255 5614 cat,
303 5547 521 5631 signum
555 5550 650 5608 dat
683 5551 814 5625 quia
839 5554 911 5610 ad
941 5552 1320 5626 paenitentiam
1361 5560 1605 5620 revocat,
1639 5568 1742 5626 per
1841 5558 2101 5629 adhibere
2138 5558 2357 5617 sibimet
2398 5558 2618 5631 utrique
2643 5555 2975 5615 defensionis
3021 5556 3235 5621 solatia,
3266 5564 3432 5622 quam

76 5634 81 5699 '.
112 5641 247 5700 hoc
290 5644 438 5713 quod
465 5645 695 5717 requirit
737 5655 923 5719 aperte
966 5648 1208 5705 insinuat
1250 5646 1381 5720 quia
1423 5654 1743 5720 peccatores
1842 5652 2203 5710 confessionis
2244 5652 2544 5726 elegerunt.
2572 5651 2818 5724 Cumque
2846 5662 3111 5709 excusare
3146 5650 3433 5719 peccatum

92 5729 262 5806 jure
282 5730 618 5792 damnandos
653 5735 886 5810 ignorat.
914 5737 1031 5796 Hoc
1057 5752 1293 5814 namque
1314 5739 1434 5799 loco
1469 5737 1739 5812 desperati
1845 5747 2016 5815 voluit
2031 5748 2118 5804 vir
2134 5763 2233 5821 per
2248 5747 2553 5817 mulierem,
2578 5744 2777 5806 mulier
2802 5759 2905 5821 per
2923 5748 3254 5817 κψωιθων
3273 5748 3435 5794 δαίθ’

214 5841 1143 5995 εἶξεῖείξεοξξτῑξέρξθξθῖηίθ·
1420 5958 1429 5966 .
1663 5930 1674 5949 ο
1919 5863 2743 5941 "‘“’°“°"‘"'°“""5'

433 6032 715 6109 Panos,
755 5990 976 6100 X—CVI.
1123 6124 1134 6133 ἱ
1412 6062 1423 6069 ι
1510 5990 1515 5996 ’

1842 5480 2005 5538 quam
2044 5464 2202 5537 longe
2234 5481 2268 5521 a
2312 5464 2611 5523 conditoris
2655 5464 2741 5522 sui
2796 5463 2938 5521 facie
2983 5461 3278 5529 abscessit;
3332 5458 3430 5515 sed
