3950 6312
653 388 796 451 “6'5

2120 385 2411 453 WlCBODl
3639 414 3714 472 nu

652 520 781 568 runt
808 509 1020 583 culpam
1041 522 1204 586 quam
1230 509 1370 574 tueri
1391 507 1570 569 conati
1609 515 1734 566 sunt
1762 525 1774 565 :
1813 509 2030 581 oblique
2061 509 2233 565 Adam
2260 512 2314 576 Α
2337 506 2464 564 boni
2483 506 2682 578 operis.
2711 521 2819 579 quo
2841 519 3102 578 perversa:
3122 507 3414 582 suggestioni
3432 516 3641 577 resistitur.
3653 527 3717 596 Ipsa

654 605 942 661 Dominum
978 612 1233 678 tangens,
1280 606 1424 675 quod
1458 605 1571 674 ipse
1599 604 1807 674 peccati
1833 619 2020 660 eorum
2044 610 2236 662 auctor

653 697 924 754 exstiterit
949 697 1041 770 qui
1063 697 1340 756 mulierem
1367 696 1525 763 fecit;
1558 696 1696 754 [Eva
1722 697 1935 769 culpam
1960 697 2026 752 ad
2049 695 2235 752 Domi-

652 805 784 845 num
826 787 1086 856 referens,
1119 788 1210 860 qui
1235 797 1540 859 serpentem
1575 789 1632 846 in
1659 790 1912 861 paradiso
1939 788 2232 860 posuisset.

654 879 760 948 Qui
786 881 930 938 enim
953 896 1049 938 ore
1068 881 1266 938 diaboli
1286 879 1521 938 fallentis
1545 881 1843 947 audierant,
1868 881 2034 938 Erilis
2063 889 2118 934 ut
2138 879 2234 944 dii,

654 973 782 1044 quia
813 972 924 1029 Deo
947 986 1065 1030 esse
1084 972 1287 1028 similes
1312 973 1367 1028 in
1392 972 1670 1029 divinitate
1698 988 1806 1029 non
1835 972 2139 1044 quiverunt,
2169 970 2238 1026 ad

656 1065 857 1122 erroris
877 1065 960 1120 sui
978 1065 1249 1121 cumulum
1261 1064 1430 1121 Deum
1450 1065 1553 1121 sibi
1567 1064 1796 1121 similem
1814 1063 1992 1143 facere
2012 1063 2067 1118 in
2082 1062 2236 1134 culpa

654 1156 834 1212 conati
884 1164 1027 1211 sunt.
1069 1154 1160 1212 Sic
1196 1171 1324 1227 ergo
1359 1165 1571 1213 reatum
1597 1172 1753 1212 suum
1791 1157 1919 1212 dum
1946 1154 2237 1214 defendere

651 1248 968 1315 moliuntur,
998 1249 1336 1316 addiderunt,
1378 1257 1437 1306 ut
1461 1250 1617 1321 culpa
1649 1265 1837 1305 eorum
1858 1249 2094 1304 atrocior
2127 1249 2238 1304 dis-

653 1356 814 1397 cussa
855 1341 1028 1411 ﬁeret,
1065 1357 1229 1414 quam
1275 1342 1452 1398 fuerat
1495 1349 1822 1416 perpetrata.
1887 1341 2043 1398 Unde
2093 1356 2238 1397 nunc

652 1452 867 1509 quoque
908 1438 1130 1494 humani
1159 1439 1372 1512 generis
1413 1438 1549 1495 rami
1574 1453 1641 1494 ex
1674 1438 1778 1495 hac
1822 1437 2002 1496 adhuc
2057 1436 2238 1498 radice

653 1531 1068 1587 amaritudinem
1111 1529 1353 1586 trahunt.
1386 1530 1453 1586 Et
1483 1545 1607 1588 cum
1638 1529 1704 1586 de
1726 1528 1856 1584 vitio
1881 1543 1983 1586 suo
2008 1527 2236 1600 quisque

619 1634 624 1642 '
652 1622 918 1693 arguitur,
948 1623 1047 1678 sub
1068 1620 1439 1680 defensionum
1459 1622 1659 1688 verbis,
1694 1620 1849 1692 quasi
1875 1620 1974 1677 sub
2005 1617 2239 1692 quadam

655 1716 848 1770 arbore
879 1713 1023 1772 foliis
1062 1716 1361 1783 abscondit,
1397 1723 1452 1778 et
1488 1713 1636 1770 velut
1667 1713 1913 1784 quzedam
1937 1710 2242 1770 excusatio-

653 1806 741 1860 nis
765 1821 876 1860 sum
902 1821 1070 1876 opaca
1105 1815 1332 1873 secreta,
1377 1804 1571 1866 faciem
1597 1804 1890 1862 conditoris
1918 1801 2071 1876 fugit,
2111 1803 2240 1867 dum

654 1911 765 1950 non
791 1896 905 1950 vult
925 1875 1177 1968 cognosci
1205 1898 1346 1968 quod
1372 1885 1518 1955 fecit.
1561 1897 1621 1958 In
1645 1911 1751 1970 qua
1779 1875 2029 1954 videlicet
2054 1896 2240 1953 occul-
2267 1875 2319 1952 β

656 1989 863 2046 tatione
899 2005 1011 2047 non
1030 2005 1088 2046 se
1108 1989 1355 2057 Domino,
1377 1988 1472 2046 sed
1496 1989 1784 2046 Dominum
1815 1989 2097 2047 abscondit
2116 1990 2240 2050 sibi.

655 2084 780 2157 Agit
813 2086 1012 2157 quippe
1055 2101 1123 2142 ne
1159 2086 1343 2144 omnia
1367 2087 1640 2144 videntem
1683 2086 1882 2152 videat,
1911 2099 2018 2142 non
2063 2091 2244 2142 autem

655 2192 725 2233 ne
750 2178 862 2250 ipse
885 2177 1152 2247 videatur,
1183 2180 1311 2251 quia
1340 2179 1632 2252 unicuique
1655 2177 1929 2252 peccatori
1961 2175 2244 2242 exordium

655 2267 1064 2328 illuminationis
1101 2281 1187 2328 est
1208 2272 1484 2329 humilitas
1514 2270 1894 2330 confessionis.

727 2361 873 2417 Dixit
898 2361 1154 2419 Dominus
1177 2365 1246 2420 ad
1267 2374 1554 2437 serpentem
1584 2382 1602 2422 :
1628 2363 1768 2434 Quia
1791 2362 1959 2437 fecisti
1977 2363 2095 2430 hoc,
2127 2377 2243 2418 ma-

655 2453 877 2510 ledictus
914 2472 967 2510 es
1006 2456 1140 2510 inter
1183 2458 1361 2512 omnia
1401 2456 1692 2512 animantia
1733 2464 1781 2511 et
1836 2453 2024 2509 bestias
2069 2461 2240 2507 teme.

656 2545 831 2618 Super
850 2554 1028 2618 pectus
1058 2555 1205 2604 tuum
1229 2547 1484 2620 gradieris
1499 2556 1546 2603 et
1570 2556 1766 2603 terram
1787 2545 2024 2602 comedes
2043 2543 2244 2600 cunctis

656 2638 838 2694 diebus
871 2641 987 2696 vitta
1024 2649 1149 2698 tuae.
1180 2640 1495 2700 Inimicitias
1535 2657 1729 2712 ponam
1756 2640 1894 2696 inter
1917 2648 1965 2696 te
1986 2649 2034 2695 et
2057 2637 2247 2704 mulie-

659 2746 767 2785 rem
800 2740 847 2786 et
876 2748 1051 2787 semen
1075 2740 1222 2788 tuum
1243 2741 1290 2787 et
1323 2748 1497 2786 semen
1520 2731 1684 2786 illius.
1732 2730 1861 2804 Ipsa
1886 2737 2114 2786 conteret
2156 2744 2246 2786 ca-

657 2832 746 2894 put
768 2832 935 2892 tuum,
958 2833 1007 2879 et
1028 2832 1086 2878 tu
1101 2821 1433 2878 insidiaberis
1458 2821 1703 2878 calcaneo
1723 2821 1838 2893 ejus
1860 2819 2016 2896 (Gen.
2031 2818 2241 2892 111,14).

1027 2927 1363 2970 HIERONYIUS
1388 2927 1442 2968 IN
1470 2927 1629 2968 HEBR.
1660 2926 1869 2977 QULST.

657 3037 660 3046 ι
735 3009 790 3063 ln
818 2990 1047 3065 Hebraeo
1064 3007 1140 3063 ita
1163 3005 1325 3062 habet
1353 3023 1366 3061 :
1397 3004 1568 3077 Super
1590 3013 1767 3077 pectus
1797 3012 1946 3060 tuum
1963 3001 2243 3076 gradieris,

660 3099 715 3155 id
751 3109 835 3155 est
875 3108 933 3154 ut
971 3111 997 3140 ει
1041 3097 1360 3154 calliditates
1421 3105 1475 3152 et
1524 3095 1792 3156 versutias
1861 3094 2246 3166 cogitationum

665 3191 783 3263 ejus
825 3192 1085 3263 aperiret,
1127 3191 1270 3263 quod
1300 3191 1328 3232 ι)
1355 3190 1531 3247 omnis
1576 3204 1794 3263 gressus
1837 3188 2009 3260 ipsius
2048 3185 2242 3258 nequi-

658 3289 751 3344 tiae
779 3297 922 3345 esset
965 3297 1018 3344 et
1050 3283 1277 3344 fraudis.
1313 3287 1420 3343 Sed
1444 3295 1499 3342 et
1524 3284 1578 3342 id
1607 3283 1750 3360 quod
1796 3281 2044 3356 sequitur
2071 3295 2085 3336 :
2129 3279 2249 3338 Ter-

659 3397 777 3437 ram
825 3380 1214 3437 manducabis:
1265 3395 1366 3452 pro
1415 3387 1558 3438 terra
1605 3380 1772 3452 aphar
1819 3378 2084 3450 scriptum
2139 3385 2242 3444 est,

659 3473 804 3547 quod
823 3488 922 3531 nos
945 3472 1181 3532 favillam
1201 3487 1492 3544 possumus
1515 3480 1572 3532 et
1597 3469 2098 3542 pulveremdicere.
2123 3467 2246 3540 Ipse

661 3565 888 3621 servabit
939 3573 1092 3634 caput
1122 3571 1290 3628 tuum,
1339 3573 1387 3618 et
1434 3570 1490 3618 tu
1515 3561 1740 3618 servabis
1767 3560 2072 3616 calcaneum
2098 3559 2214 3630 ejus
2225 3575 2246 3626 ;

658 3654 855 3710 melius
889 3653 1052 3709 habet
1079 3653 1136 3714 in
1168 3653 1398 3709 Hebraeo
1426 3670 1440 3708 :
1469 3651 1591 3729 Ipse
1629 3660 1856 3717 conteret
1899 3660 2054 3723 caput
2075 3660 2245 3718 tuum,

663 3754 687 3783 ο
705 3754 752 3797 et
774 3754 831 3797 tu
861 3730 1193 3798 insidiaberis
1220 3744 1335 3814 ejus
1375 3743 1641 3814 calcaneo,
1674 3745 1803 3814 quia
1821 3750 1877 3799 et
1905 3743 2076 3811 nostri
2096 3756 2248 3814 gres-

661 3850 756 3890 sus
778 3834 1179 3904 praepediuntur
1220 3849 1253 3889 a
1303 3835 1545 3903 colubro,
1597 3843 1651 3892 et
1694 3835 1958 3892 Dominus
2005 3841 2250 3898 conteret

665 3926 835 3983 Satan
862 3927 961 3982 sub
982 3925 1210 3998 pedibus
1240 3928 1444 3983 nostris
1468 3927 1748 3984 velociter.

1151 4034 1284 4088 usu
1309 4033 1761 4081 RECAPITULATIO.

733 4113 944 4170 Dicitur
962 4121 1150 4186 postea
1182 4113 1458 4186 serpenti:
1500 4113 1813 4171 Maledictus
1835 4113 1940 4170 eris
1977 4114 2117 4170 inter
2137 4131 2250 4172 om-

663 4209 753 4263 nia
793 4207 1104 4276 animantia,
1144 4224 1299 4280 super
1324 4215 1501 4278 pectus
1524 4216 1671 4261 tuum
1706 4216 1752 4262 et
1796 4214 2021 4264 uentrem
2049 4207 2253 4280 gradie-

665 4303 762 4356 ris.
813 4299 1044 4357 Nomine
1083 4299 1285 4356 etenim
1326 4299 1563 4371 pectoris
1611 4298 1950 4370 signiﬁcatur
1994 4297 2252 4370 superbia

664 4393 884 4459 mentis,
915 4392 1132 4448 nomine
1159 4400 1340 4450 autem
1370 4391 1595 4459 ventris,
1633 4398 1693 4446 ut
1716 4390 1862 4446 LXX
1899 4391 2250 4458 transtulere,

662 4484 1040 4556 signiﬁcantur
1059 4484 1325 4542 desideria
1350 4484 1559 4552 carnis;
1580 4483 1664 4540 bis
1686 4483 1831 4540 enim
1853 4481 2062 4540 duabus
2085 4483 2249 4540 rebus

662 4580 834 4652 serpit
877 4580 1123 4638 diabolus
1159 4581 1229 4637 ad
1265 4596 1360 4638 eos
1398 4595 1534 4652 quos
1585 4578 1701 4636 vult
1744 4578 2026 4687 decipere,
2057 4573 2116 4681 id
2165 4583 2250 4632 est
2274 4608 2334 4687 υ

663 4682 759 4730 aut
783 4683 994 4732 terrena
1031 4673 1324 4748 cupiditate
1345 4681 1400 4732 et
1423 4672 1654 4741 luxuria,
1692 4679 1786 4730 aut
1809 4669 2079 4744 superbiae
2102 4669 2250 4738 insa-

666 4783 737 4824 na
758 4768 936 4825 ruina.

735 4859 806 4915 Et
857 4869 1053 4914 terram
1101 4857 1466 4924 manducabis.
1515 4857 1574 4914 Id
1620 4864 1704 4919 est
1729 4857 1798 4914 ad
1821 4863 1875 4916 te
1902 4855 2252 4929 pertinebunt

666 4965 802 5022 quos
830 4958 1042 5008 terrena
1063 4949 1357 5023 cupiditate
1380 4946 1676 5021 deceperis.

651 5037 654 5041 ’
741 5042 994 5100 Omnibus
1039 5043 1220 5100 diebus
1265 5043 1383 5099 vitw
1409 5050 1535 5098 tute.
1581 5042 1641 5102 Id
1684 5048 1769 5100 est
1814 5041 1962 5100 omni
2008 5049 2253 5116 tempore

665 5149 773 5206 quo
797 5135 911 5206 agis
939 5136 1079 5194 hanc
1099 5143 1446 5208 potestatem,
1493 5141 1621 5193 ante
1662 5133 1812 5202 illam
1851 5135 2102 5194 ultimam
2137 5151 2254 5209 p03.

666 5240 794 5280 nam
817 5222 1030 5296 judicii.

737 5317 1056 5374 Inimicitias
1083 5336 1276 5394 ponam
1317 5321 1453 5378 inter
1489 5329 1539 5377 te
1563 5328 1613 5377 et
1646 5320 1940 5391 mulierem,
1975 5331 2023 5380 et
2079 5335 2256 5397 semen
2327 5371 2338 5386 ,

666 5423 817 5472 tuum
853 5423 902 5472 et
926 5431 1101 5472 semen
1125 5401 1268 5472 illius
1303 5414 1458 5489 (Gen.
1487 5432 1570 5486 ιιι,
1603 5416 1714 5491 15).
1752 5416 1782 5470 d
1819 5415 2017 5475 Semen
2055 5416 2257 5476 diaboli

664 5521 920 5586 perversa
965 5507 1238 5582 suggestio
1273 5516 1378 5580 est,
1406 5523 1592 5584 semen
1620 5509 1867 5572 mulieris
1918 5509 2130 5570 fructus
2172 5517 2258 5569 est

739 5679 768 5709 ι
793 5665 956 5734 Editi,
987 5663 1328 5721 calliditatem
1351 5677 1398 5723 et
1427 5671 1701 5727 versutias.

2339 613 2510 674 caput
2552 603 2698 666 illius
2744 612 3004 670 conteret,
3054 606 3100 660 si
3131 620 3242 662 eum
3276 623 3406 664 mens
3444 611 3489 665 in
3525 613 3608 683 ipso
3632 619 3716 676 initio

2337 693 2494 752 malae
2533 694 2894 766 suggestionis
2937 695 3182 751 excludit.
3220 697 3303 754 llle
3323 699 3550 762 insidiatur
3567 707 3715 768 calcans

2337 785 2474 856 ejus,
2525 787 2652 858 quia
2709 794 2949 844 mentem
2995 801 3154 858 quam
3195 789 3349 858 prima
3383 795 3636 863 suggestione
3659 815 3716 855 non

2339 877 2568 947 decepit,
2601 879 2848 950 decipere
2873 880 2929 936 in
2955 880 3112 936 linem
3135 879 3309 936 tendit.
3332 881 3519 950 Quidam
3536 891 3718 949 autemhu

2339 973 2483 1041 quod
2509 971 2710 1034 dictum
2730 980 2816 1028 est
2847 987 2862 1027 :
2899 972 3208 1029 Inimicitias
3239 992 3407 1046 pom
3431 979 3582 1036 intorta
3605 993 3636 1036 et
3658 1001 3717 1038 ιιι-

2338 1061 2540 1130 lierem,
2571 1063 2637 1122 de
2675 1065 2915 1136 Virgine,
2971 1066 3038 1121 de
3083 1080 3185 1136 qua
3209 1066 3434 1125 Dominus
3453 1078 3572 1128 natus
3593 1082 3657 1139 est,
3677 1076 3718 1129 in-

2338 1153 2684 1222 tellexerunt,
2750 1172 2816 1214 eo
2870 1158 3019 1228 quod
3059 1157 3149 1214 illo
3181 1165 3480 1230 temporeer
3497 1177 3545 1217 ea
3571 1165 3716 1219 Dominus

2339 1246 2649 1302 nasciturus
2676 1248 2744 1303 ad
2765 1247 3046 1306 inimicum
3069 1249 3439 1319 devincendum,
3455 1258 3497 1308 et
3511 1253 3559 1309 ad
3575 1263 3716 1318 nomen

2341 1337 2495 1410 cujus
2518 1340 2609 1400 ille
2632 1349 2837 1420 auctor!
2861 1349 3003 1408 erat,
3041 1341 3408 1412 destruendam,
3430 1347 3716 1414 promittebatur;

2339 1448 2466 1497 nam
2503 1435 2636 1492 illud
2657 1435 2803 1504 quod
2830 1433 3170 1506 subiunctum
3201 1445 3314 1494 est:
3342 1437 3443 1508 Ipse
3466 1449 3620 1494 conteret
3637 1452 3717 1507 ann

2340 1533 2507 1591 tuum,
2539 1535 2588 1581 et
2609 1535 2668 1582 tu
2714 1526 3053 1583 insidiaberis
3086 1527 3315 1583 ealcaneo
3341 1529 3450 1600 ejus,
3475 1529 3719 1585 hocdelruuu

2340 1616 2550 1674 ventris
2565 1615 2766 1686 Marias,
2785 1617 2878 1688 qui
2893 1626 2979 1676 est
3002 1619 3262 1685 Christus,
3285 1619 3544 1691 intelligunt.
3555 1619 3596 1674 ld
3608 1618 3718 1684 atii

2342 1723 2468 1778 eum
2491 1709 2867 1780 supplantabis
2899 1719 2962 1768 ut
2988 1711 3264 1780 moriatur,
3291 1712 3374 1767 ille
3391 1719 3532 1768 autem
3550 1711 3657 1766 victor
3677 1727 3719 1764 re-

2343 1809 2548 1871 συναρι,
2573 1810 2628 1862 et
2648 1810 2810 1873 caput
2831 1809 2984 1860 tuum
3012 1812 3267 1870 conteret,
3288 1803 3492 1874 quodest
3511 1817 3620 1860 mors.
3641 1801 3718 1856 Sicut
3798 1801 3799 1844 ;

2344 1899 2401 1946 et
2425 1892 2595 1948 David
2621 1893 2834 1954 dixerat
2859 1910 2928 1955 ex
2957 1909 3189 1965 persona
3221 1893 3380 1949 Patris
3403 1893 3462 1948 ad
3482 1892 3615 1948 Filium
3633 1906 3642 1944 :
3663 1891 3718 1946 Ss-

2344 2000 2436 2057 per
2458 1983 2691 2054 aspidem
2727 1995 2776 2040 et
2818 1985 3124 2042 basiliscum
3156 1985 3435 2050 ambulabis,
3473 1993 3511 2039 et
3534 1981 3718 2036 conculcatis

2345 2071 2547 2130 leonem
2569 2085 2618 2130 et
2640 2075 2922 2136 draconem
2943 2075 3120 2148 (Psal.
3146 2077 3304 2148 seu).
3331 2073 3536 2146 Aspidem
3551 2072 3720 2128 dixitne-

2346 2176 2477 2235 tem,
2529 2169 2848 2226 basiliscum
2901 2178 3214 2241 peccatum,
3260 2170 3443 2227 leonem
3471 2165 3717 2228 antichristun.

2346 2258 2639 2332 tﬁ‘aconem
2667 2259 2965 2318 diabolum.

2683 2365 3025 2412 BIERONYIUS
3059 2365 3116 2412 IN.
3145 2365 3314 2410 εουιιι
3339 2365 3472 2408 ωηο
3490 2361 3526 2404 ⁸.

2417 2441 2778 2515 Multiplicans
2807 2442 3170 2515 multiplicabo
3210 2445 3426 2500 tristitia
3456 2436 3719 2508 tandem!!!

2344 2542 2462 2592 tuos
2487 2533 2695 2608 (Cenes.
2721 2550 2804 2600 111,
2831 2534 2943 2606 l6).
2962 2534 3073 2592 Pro
3090 2535 3303 2592 tristitia
3319 2543 3371 2591 et
3387 2527 3722 2605 gemiman

2342 2627 2552 2686 dolores
2581 2637 2628 2684 et
2658 2635 2935 2700 conceptus
2971 2627 3224 2694 habetur,
3247 2637 3294 2684 et
3332 2627 3393 2684 ad
3431 2626 3548 2683 ninia
3571 2615 3724 2675 arma

2345 2733 2460 2782 tua.
2507 2722 2613 2780 Pro
2635 2721 2992 2780 conversione
3011 2721 3210 2794 Aquila
3227 2722 3500 2786 sociemur,
3513 2707 3726 2788 Symmachi!

2346 2817 2632 2890 appetitum
2661 2815 2746 2872 vel
2780 2815 3033 2887 impetum
3073 2813 3454 2876 transtulerunt.

2890 2922 3036 2964 sunt
3070 2920 3306 2967 Ismenus
3329 2905 3371 2958 ί.
3671 2982 3680 2990 _
3717 2979 3726 2990 .

2416 2996 2494 3054 De
2524 3012 2686 3070 Poena
2712 3004 2897 3057 autem
2943 2998 3190 3060 mulieris
3213 2996 3336 3068 quid
3371 2990 3575 3066 signiﬁcet
3599 2982 3726 3056 quid

2347 3090 2565 3158 dicitur,
2605 3091 2663 3145 in
2720 3087 2900 3146 dolore
2924 3091 3103 3160 paries
3144 3089 3300 3160 ﬁlios,
3325 3087 3420 3144 nisi
3449 3075 3727 3154 quia‘wlm

2342 3183 2588 3240 carnalis
2631 3198 2755 3247 cum
2802 3182 3045 3256 aliquam
3092 3182 3288 3244 malam
3327 3172 3651 3238 consuetudinem
3674 3160 3729 3217 “Ili

2352 3277 2587 3342 vincere,
2644 3274 2850 3345 patitur
2895 3275 2952 3334 in
2993 3273 3220 3341 exordio
3264 3271 3463 3334 dolores,
3497 3274 3610 3333 atem
3631 3259 3728 3350 ὶιψ

2347 3369 2631 3432 meliorem
2679 3371 3129 3434 consuetudinem
3165 3369 3301 3443 parit
3341 3367 3508 3424 bonum
3538 3370 3635 3450 om

2351 3466 2511 3522 ﬁlios.
2535 3463 2690 3532 Quod
2715 3479 2846 3522 vero
2865 3461 3068 3533 adjecit
3101 3481 3114 3518 :
3155 3463 3225 3518 Et
3251 3456 3481 3520 convenio
3508 3462 3574 3508 tua
3591 3447 3635 3500 al

2345 3568 2520 3635 tuum,
2547 3530 2593 3614 et
2638 3560 2750 3629 ipse
2779 3559 2857 3614 tui
2902 3530 3278 3623 dominabitur,
3317 3555 3410 3611 hoc
3441 3544 3642 3635 signlﬁml.
3666 3530 3734 3605 1W5

2339 3637 2445 3721 illa
2479 3651 2730 3722 voluptas
2761 3650 3020 3719 carnalis,
3053 3666 3218 3723 quam
3248 3663 3364 3706 cum
3387 3645 3535 3736 dolore

2360 3745 2471 3813 ra'l,
2499 3752 2562 3800 ut
2585 3743 2790 3804 faceret
2816 3745 3265 3814 consuetudinem
3281 3744 3472 3806 bonam,
3493 3734 3575 3805 iam
3589 3729 3736 3800 iliis“

2351 3833 2472 3896 dita'
2489 3837 2786 3905 doloribus,
2809 3838 3024 3910 cautior
3051 3837 3145 3906 sit,
3169 3846 3223 3894 et
3246 3850 3311 3892 ne
3329 3837 3532 3920 ωπιιέιτ

2351 3928 2570 3995 rationi,
2610 3938 2667 3994 et
2692 3929 2921 3988 libenter
2960 3929 3135 3988 servit
3181 3927 3329 4000 quasi
3363 3913 3638 3990 virojubenﬁ.
3660 3913 3736 3957 ναῖ’

2351 4030 2550 4093 turque
2571 4021 2766 4084 dehinc
2786 4030 2962 4078 mater
2983 4022 3255 4088 vivorum,
3285 4019 3338 4076 id
3359 4025 3434 4073 est
3451 4017 3567 4070 ΐοαθ
3582 4004 3736 4100 θω

2353 4113 2550 4185 quibus
2579 4113 2853 4170 contraria
2887 4121 3015 4170 sunt
3037 4121 3260 4185 peccata
3287 4123 3398 4182 quat
3429 4101 3597 4162 nomine
3617 4095 3739 4149 nam?

2354 4220 2478 4264 rum
2499 4204 2894 4286 significantur.

2424 4280 2568 4356 Adae.
2604 4283 2736 4355 vero
2770 4301 2904 4355 dixit
2947 4317 2967 4355 :
2999 4299 3141 4367 Quia
3182 4299 3368 4356 audisti
3392 4308 3534 4352 vocent
3558 4280 3672 4342 uxorii
3696 4282 3743 4324 l"

2353 4389 2470 4461 plus
2498 4406 2656 4461 quam
2683 4407 2786 4458 me,
2814 4389 3098 4450 maledicta
3131 4402 3272 4449 terra
3291 4392 3343 4448 in
3363 4402 3492 4460 opere
3512 4377 3653 4444 tamin
3672 4367 3743 4419 W‘

2353 4481 2498 4551 ribus
2529 4481 2765 4540 comedes
2789 4499 2905 4542 eam
2938 4486 3140 4540 cunctis
3175 4483 3348 4538 diebus
3372 4481 3474 4535 vita!
3493 4485 3589 4536 tua.
3618 4463 3744 4551 illi"?

2354 4547 2572 4636 tribulos
2609 4574 2922 4646 geminabit
2951 4575 3068 4643 tibi,
3114 4584 3164 4631 et
3194 4575 3414 4634 comedes
3437 4568 3584 4624 herbas
3603 4543 3746 4648 πεπιεςὲ

2354 4664 2562 4740 reliqua
2583 4639 2755 4740 usque
2783 4665 2946 4723 Terra
2969 4684 3021 4726 es
3047 4639 3096 4726 et
3117 4669 3174 4728 in
3193 4678 3378 4724 terram
3396 4663 3480 4720 ibis
3498 4655 3613 4730 (Gel-
3626 4659 3677 4707 lii,
3697 4639 3746 4700 Ψ

2935 4776 3274 4819 maneamus
3301 4759 3350 4814 δ.
3621 4830 3653 4840 υ

2424 4849 2712 4909 Maledicta
2743 4861 2884 4910 terra
2919 4854 2974 4908 in
3017 4855 3258 4925 operibus
3293 4851 3406 4906 tuis.
3448 4845 3587 4916 Opera

2355 4948 2500 5016 ruris
2528 4949 2763 5018 colendi,
2794 4959 2855 5008 ut
2875 4950 3120 5023 plerique
3154 4954 3359 5022 putant,
3387 4944 3471 5002 sed

2352 5043 2539 5110 ﬁgant,
2574 5051 2636 5099 ut
2667 5043 2726 5101 in
2748 5016 2985 5102 Hebraeo
3012 5016 3263 5109 habetur,
3288 5048 3340 5097 et
3364 5033 3531 5108 Aquila
3550 5035 3626 5083 non

2355 5099 2681 5205 llatdieens,
3036 5099 3226 5192 humus
3249 5099 3455 5207 propter
3475 5136 3533 5191 te,
3557 5129 3598 5175 et
3625 5099 3751 5168 TW

2355 5229 2490 5302 tion,
2523 5228 2812 5290 Maledicta
2839 5229 3048 5286 Atlanta
3065 5231 3121 5285 in
3149 5224 3528 5301 transgressione
3543 5224 3626 5269 M-

2980 5337 3294 5381 snscomus.
3585 5393 3596 5400 _
3633 5387 3656 5400 ,ο

2425 5415 2496 5472 D.
2526 5413 2813 5474 Maledicta
2835 5423 2978 5473 terra
2999 5415 3058 5471 in
3080 5429 3231 5486 opere
3255 5419 3361 5468 tuo.
3384 5386 3756 5486 ῦυιιιιυῑθάκίξθξδ
3798 5471 3799 5486 1

2349 5505 2592 5581 iaculum
2615 5508 2797 5568 divina
2821 5523 2924 5567 vox
2943 5507 3096 5581 gravi
3110 5475 3325 5576 ’δίδωθι
3343 5500 3522 5564 ultioni!
3536 5475 3757 5568 ww

2436 5679 2460 5708 θ
2492 5665 2694 5734 Quaest.
2724 5664 2888 5724 Hebr.

737 5737 768 5780 δ
788 5725 954 5816 πέρξιῇ
971 5754 1147 5805 omnes
1159 5754 1365 5808 gressus
1379 5741 1496 5816 ejus
1509 5725 1759 5816 nequitin
1774 5753 1944 5801 essent
1955 5748 2004 5803 et
2020 5743 2253 5816 fraudes.
2300 5725 2345 5771 δέ
2434 5738 2460 5816 Ῐ
2485 5725 2623 5816 ξῙήΞῘο

744 5819 766 5847 ο
794 5808 956 5875 Editi,
982 5818 1029 5863 et
1056 5821 1112 5864 tu
1136 5819 1368 5865 conteres
1384 5808 1689 5868 calcaneum
1710 5815 1846 5875 ejus.

738 5877 766 5919 ἀ
791 5878 940 5948 lsid.,
966 5889 1252 5937 comment.
1289 5881 1344 5940 in
1369 5881 1532 5951 Gen.,
1562 5896 1682 5955 cap.
1710 5877 1766 5940 ὅ.

2434 5810 2460 5850 ⁸
2483 5807 2653 5872 Edit.,
2683 5807 2773 5864 hic
2795 5813 2849 5862 et
2875 5807 3036 5878 infra,
3066 5805 3321 5866 uoluntas.

2431 5878 2462 5920 ι
2488 5878 2688 5960 Quaest.
2725 5878 2914 5954 Hebr“
