3950 6312
202 405 349 503 “65.

1124 399 1250 466 LIB.
1291 403 1765 476 QUAESTIONUM
1798 403 2023 463 SUPER
2060 403 2185 460 LIB.
2227 401 2541 460 GENESIS.

3313 399 3453 466 1166

198 530 285 585 ita
324 534 384 583 ut
417 510 566 597 regni
607 534 819 593 quoque
861 518 1095 576 caelestis
1132 505 1336 574 aditum
1377 519 1610 583 claudat,
1653 516 1783 588 quid
1808 524 1863 580 Α
1884 516 1968 571 vel
1989 517 2286 572 cruciatum
2309 514 2660 586 pmnitentim,
2673 525 2775 584 per
2789 513 3460 595 qm'itarocupemtm-

195 631 292 678 est
337 619 478 690 quod
524 630 686 681 nunc,
717 621 973 684 peccante
1012 613 1230 669 homine
1271 614 1327 668 in
1361 619 1518 668 terrae
1549 609 1776 665 maledi-

197 711 406 775 ctione,
434 708 614 764 divina
657 721 789 762 voce
815 704 918 762 hoc
943 704 1088 775 quod
1111 705 1274 761 homo
1297 703 1478 760 facere
1521 701 1776 773 prohibe-

197 814 318 870 tur,
348 799 620 857 infertur?

276 917 356 972 Η.
389 930 415 960 ι
439 914 731 973 Sciendum
757 920 840 970 est
879 912 1022 984 quod
1048 911 1326 986 Scriptura
1367 926 1522 968 sacra
1567 910 1778 966 duobus

193 1008 380 1063 modis
418 1005 765 1061 maledictum
809 1010 1090 1059 memorat.
1138 1003 1297 1058 Aliud
1342 1003 1590 1058 videlicet
1635 1003 1778 1072 quod

193 1097 482 1167 approbat,
515 1094 660 1151 aliud
686 1094 829 1165 quod
870 1095 1106 1149 damnat.
1149 1093 1320 1149 Aliter
1363 1094 1507 1148 enim
1553 1091 1776 1148 maledi-

192 1197 351 1244 ctum
390 1185 665 1257 profertur
683 1182 888 1253 judicio
919 1182 1170 1253 justitiaz,
1220 1185 1376 1240 aliter
1404 1185 1572 1240 livore
1598 1184 1776 1239 vindi-

190 1288 323 1336 ctae.
357 1278 697 1334 Maledictum
722 1276 916 1348 quippe
939 1273 1144 1346 judicio
1164 1274 1389 1347 justitiae
1427 1276 1541 1347 ipso
1569 1275 1774 1332 homini

187 1370 446 1441 peccanti
473 1367 738 1440 prolatum
771 1375 854 1422 est
885 1382 1008 1423 cum
1030 1367 1272 1422 audivit:
1318 1365 1602 1421 Maledicta
1639 1375 1777 1422 terra

189 1467 254 1519 in
299 1480 446 1534 apere
471 1473 560 1517 tuo
592 1460 744 1534 (Gen.
779 1477 862 1531 ιιι,
887 1460 996 1531 17).
1026 1459 1365 1516 Maledictum
1386 1459 1610 1530 justitize
1630 1458 1776 1529 judi-

189 1556 286 1612 cio
309 1556 595 1626 profertur,
620 1570 742 1609 cum
777 1554 846 1608 ad
871 1551 1145 1608 Abraham
1170 1551 1366 1607 dicitur
1397 1564 1412 1605 :
1455 1549 1775 1605 Maledicam

187 1644 628 1702 maledicentibus
662 1643 755 1698 tibi
790 1641 943 1716 (Gen.
977 1659 1073 1708 xu,
1113 1641 1190 1713 5).
1226 1641 1460 1698 Rursum
1491 1640 1616 1712 quia
1657 1656 1773 1695 ma-

189 1739 458 1795 ledictum
507 1753 615 1793 non
653 1735 856 1806 judicio
898 1734 1146 1806 justitize,
1202 1735 1296 1792 sed
1322 1736 1491 1791 livore
1528 1734 1777 1791 vindicta:

1884 616 2104 664 aeterna.
2138 607 2419 678 Sequitur.

2483 713 2778 760 GIIGOIXUI
2801 710 2826 741 °
2836 737 2855 757 ο

1953 829 2112 886 Terra
2145 847 2198 886 es
2222 839 2268 886 et
2294 830 2350 887 in
2376 840 2569 887 terram
2598 832 2697 888 ibis
2745 831 2904 906 (Gen.
2957 849 3046 904 ιιι,
3095 835 3207 910 19),
3250 842 3460 913 primus

1879 941 2110 996 namque
2142 927 2304 983 homo
2324 928 2398 983 ita
2425 927 2674 986 conditus
2696 927 2798 986 fuit
2825 939 2885 986 ut
2911 941 3164 991 manente
3185 935 3278 994 illo
3300 940 3456 997 dece-

1879 1018 2066 1074 derent
2093 1024 2355 1088 tempora,
2383 1031 2482 1074 nec
2512 1034 2632 1078 cum
2663 1021 2993 1092 temporibus
3034 1023 3151 1098 ipse
3171 1031 3452 1088 transiret.

1879 1109 2067 1165 Stabat
2100 1124 2228 1182 ergo
2251 1111 2304 1164 in
2339 1111 2622 1168 momentis
2645 1114 3070 1184 decurrentibus,
3108 1118 3231 1189 quia
3254 1136 3456 1196 nequa-

1877 1215 2038 1270 quam
2058 1203 2124 1256 ad
2147 1202 2270 1256 vitae
2299 1203 2587 1258 terminum
2613 1218 2711 1274 per
2741 1205 2950 1261 dierum
2979 1207 3311 1268 incrementa
3339 1220 3457 1269 ten-

1876 1287 2055 1346 debat.
2086 1289 2275 1347 Stabat
2303 1299 2455 1350 tanto
2493 1293 2786 1362 robustius,
2814 1303 3017 1366 quanto
3053 1313 3266 1371 semper
3289 1305 3457 1360 stanti

1878 1383 2152 1439 ardentius
2199 1385 2531 1452 inhmrebat;
2585 1395 2641 1442 at
2664 1387 2757 1443 ubi
2785 1389 3010 1446 vetitum
3051 1393 3295 1465 contigit,
3329 1411 3458 1452 mox

1877 1473 2079 1532 offenso
2125 1475 2381 1532 Creatore
2431 1479 2596 1549 coepit
2625 1479 2704 1536 ire
2746 1496 2870 1536 cum
2911 1489 3167 1555 tempore,
3222 1487 3364 1546 unde
3402 1489 3454 1545 ei

1877 1565 2080 1622 dictum
2103 1575 2186 1624 est
2211 1585 2224 1622 :
2253 1566 2415 1624 Terra
2440 1586 2492 1626 es
2515 1579 2563 1626 et
2586 1571 2643 1624 in
2668 1579 2863 1626 terram
2886 1573 3004 1642 ibis,
3032 1582 3178 1632 statu
3204 1577 3455 1634 videlicet

1877 1655 2302 1715 immortalitatis
2338 1659 2558 1726 amisso,
2590 1676 2782 1717 cursus
2810 1677 2934 1718 eum
2975 1666 3322 1724 mortalitatis
3361 1670 3454 1726 ab-

1877 1747 2101 1813 sorbuit,
2143 1756 2198 1804 et
2225 1748 2352 1804 dum
2389 1765 2420 1805 a
2437 1749 2722 1821 iuventute
2747 1752 2815 1808 ad
2849 1754 3074 1822 senium,
3103 1771 3136 1813 a
3175 1758 3327 1816 senio
3348 1766 3458 1814 tra-

187 1830 482 1902 promitur,
527 1845 660 1887 voce
686 1829 1214 1938 Paulinprzedicantis
1253 1844 1640 1938 ammonemur,
1805 1875 1855 1938 Β
1882 1835 2102 1893 heretur
2131 1841 2198 1895 ad
2223 1850 2470 1907 mortem,
2510 1845 2838 1900 transeundo
2867 1844 3054 1902 didicit
3083 1849 3211 1918 quid
3258 1851 3453 1905 stando

191 1925 278 1980 ait-
309 1941 321 1977 :
361 1923 657 1978 Benedicite
687 1932 736 1977 et
761 1920 918 1977 nolite
963 1920 1270 1978 maledicere
1307 1920 1485 1994 (Rom.
1528 1938 1626 1988 xu,
1661 1921 1772 1993 14).

190 2016 265 2072 Et
301 2031 550 2072 rursum:
587 2015 770 2086 Neque
793 2014 1036 2070 maledici
1076 2031 1292 2087 regnum
1325 2015 1422 2070 Dei
1445 2015 1778 2087 possidebunt

193 2102 251 2175 (I
289 2102 410 2158 Cor.
442 2119 515 2170 vi,
549 2103 658 2175 10).
687 2104 830 2159 Deus
857 2119 986 2176 ergo
1007 2105 1329 2160 maledicere
1359 2105 1576 2173 dicitur,
1607 2114 1661 2162 et
1704 2114 1780 2162 ta-

193 2209 330 2248 men
369 2194 686 2250 maledicere
727 2195 891 2251 homo
915 2196 1254 2266 prohibetur,
1285 2196 1412 2267 quia
1440 2196 1581 2266 quod
1614 2197 1778 2252 homo

193 2284 321 2354 agit
346 2285 550 2340 malitia
586 2285 854 2352 vindictm,
903 2285 1044 2342 Deus
1065 2303 1173 2342 non
1216 2285 1343 2343 facit
1389 2285 1494 2343 nisi
1533 2289 1778 2343 examine

195 2384 259 2430 et
281 2375 480 2430 virtute
495 2374 735 2443 iustitiae.
761 2373 898 2430 Nam
917 2383 974 2433 et
996 2378 1169 2434 sancti
1184 2377 1289 2433 viri
1311 2393 1433 2434 cum
1453 2377 1780 2436 maledictio-

193 2464 293 2519 nis
319 2467 639 2520 sententiam
665 2465 960 2536 proferunt,
991 2483 1100 2523 non
1125 2472 1192 2526 ad
1219 2469 1358 2526 hanc
1384 2486 1452 2526 ex
1479 2477 1606 2527 voto
1626 2470 1782 2528 ultio-

189 2558 312 2623 nis,
367 2559 467 2616 sed
491 2576 556 2616 ex
575 2559 795 2629 justitiae
837 2560 1086 2618 examine
1113 2570 1419 2634 erumpunt.
1460 2563 1608 2618 intus
1634 2564 1781 2618 enim

199 2650 525 2706 subtileDei
549 2650 810 2719 judicium
832 2653 1116 2724 aspiciunt,
1160 2662 1215 2709 et
1241 2653 1378 2708 mala
1404 2653 1550 2710 foras
1592 2670 1781 2710 exsur-

201 2744 385 2811 gentia
407 2744 532 2814 quia
553 2745 836 2801 maledicto
878 2746 1108 2802 debeant
1143 2747 1293 2802 feriri
1324 2762 1383 2802 se
1427 2757 1776 2818 cognoscunt,

199 2842 346 2888 eteo
367 2833 423 2889 in
443 2835 726 2891 maledicto
746 2852 855 2892 non
881 2845 1129 2906 peccant,
1162 2853 1270 2908 quo
1291 2839 1359 2894 ab
1406 2839 1619 2895 interno
1636 2839 1782 2909 judi—

199 2926 292 2981 cio
313 2941 416 2980 non
439 2927 765 2998 discordant.
792 2928 929 2985 Hinc
965 2938 1046 2988 est
1067 2931 1210 3000 quOd
1249 2930 1441 2988 Petrus
1475 2929 1532 2990 in
1555 2930 1783 2988 oiieren-

198 3027 314 3074 tem
347 3020 445 3074 sibi
468 3022 723 3090 pecunias
750 3021 1045 3090 Simonem,
1092 3025 1418 3088 sententiam
1447 3026 1784 3084 maledictio-

197 3116 288 3171 nis
312 3117 527 3173 intorsit
555 3115 741 3173 dicens
771 3135 784 3171 :
820 3117 1056 3173 Pecunia
1089 3129 1182 3174 tua
1205 3130 1372 3175 tecum
1410 3121 1477 3174 sit
1505 3121 1562 3174 in
1601 3119 1779 3192 perdi-

1882 1925 2197 1999 fuit.‘Cujus
2243 1948 2344 1989 nos
2374 1935 2499 2002 quia
2534 1935 2598 1990 de
2625 1936 2917 2006 propagine
2937 1939 3229 2007 nascimur,
3259 1941 3457 1997 radicis

1881 2019 2292 2076 amaritudinem
2321 2023 2472 2092 quasi
2502 2023 2557 2078 in
2586 2024 2818 2096 virgulto
2844 2028 3156 2085 retinemus.
3189 2027 3308 2086 Jam
3329 2031 3456 2102 quia

1880 2118 1947 2163 cx
1968 2109 2060 2166 illo
2082 2110 2344 2184 originem
2373 2113 2636 2181 ducimus,
2667 2115 2782 2187 ejus
2805 2134 3022 2175 cursum
3044 2122 3315 2178 nascendo
3344 2138 3458 2178 sor-

1880 2201 2064 2270 timur,
2111 2211 2172 2258 ut
2215 2220 2280 2261 eo
2305 2204 2422 2275 ipso
2459 2206 2772 2276 quotidiano
2797 2219 3070 2268 momento
3093 2227 3200 2285 quo
3225 2213 3456 2270 vivimus

1881 2292 2214 2350 incessanter
2236 2310 2268 2350 a
2287 2296 2398 2350 vita
2427 2304 2788 2355 transeamus.
2820 2299 2888 2355 Et
2907 2300 3118 2357 vivendi
3155 2303 3310 2358 nobis
3333 2319 3455 2375 spa-

1880 2385 2014 2440 tium
2035 2386 2176 2441 unde
2193 2399 2441 2443 crescere
2454 2387 2693 2445 creditur
2711 2388 2836 2446 inde
2858 2391 3153 2448 decrescat.
3169 2390 3304 2460 Quia
3326 2394 3452 2449 dum

1880 2473 2106 2532 infantia
2155 2476 2251 2533 ad-
2265 2478 2572 2548 pueritiam,
2624 2481 2856 2550 pueritia
2900 2482 2972 2538 ad
3009 2482 3453 2551 adolescentiam,

1881 2569 2242 2626 adolescentia
2271 2572 2338 2627 ad
2356 2569 2713 2642 juventutem,
2731 2572 2986 2644 juventus
3005 2574 3074 2629 ad
3099 2583 3452 2644 senectutem,

1879 2669 2128 2715 senectus
2167 2661 2362 2716 transit
2387 2663 2455 2718 ad
2491 2672 2753 2730 mortem;
2796 2680 2986 2720 cursus
3009 2664 3132 2721 vita:
3173 2665 3456 2736 praesentis

1879 2750 2011 2820 ipsis
2059 2751 2362 2822 augmentis
2413 2751 2481 2806 ad
2529 2753 2851 2810 detrimenta
2899 2753 3210 2824 impellitur,
3249 2763 3305 2810 et
3331 2754 3456 2810 inde

1880 2856 2096 2912 semper
2135 2841 2334 2908 deﬁcit,
2380 2843 2521 2900 unde
2567 2858 2626 2900 se
2670 2844 2932 2915 proﬁwre
2972 2846 3028 2900 in
3055 2845 3288 2916 spatium
3330 2845 3456 2901 vita:

1880 2935 2069 2992 credit.
2103 2934 2299 2994 Fixum
2325 2937 2528 2994 clem
2569 2944 2772 2996 statum
2810 2939 2901 2995 hic
2946 2939 3148 2995 habere
3190 2953 3296 2996 non
3331 2953 3456 3008 pos-

1881 3039 2091 3093 sumus,
2130 3025 2222 3082 ubi
2266 3025 2550 3084 transituri
2591 3027 2858 3086 venimus.
2906 3026 3082 3098 Atque
3125 3028 3230 3086 hoc
3279 3027 3456 3100 ipsum

1881 3123 2126 3170 nostrum
2159 3116 2346 3173 vivere
2393 3117 2633 3187 quotidie
2670 3134 2702 3173 a
2730 3119 2840 3174 vita
2865 3120 3098 3176 nancire
3141 3129 3243 3176 est.
3285 3119 3456 3187 Quem

197 3210 395 3264 tionem
423 3210 561 3280 (Act.
587 3225 706 3276 vui,
731 3209 842 3282 20).
902 3210 1006 3278 Qui
1026 3210 1170 3267 enim
1200 3227 1309 3268 non
1337 3213 1414 3268 ait
1437 3221 1532 3281 est,
1569 3213 1663 3270 sed
1689 3216 1778 3282 sit,
1807 3232 1862 3297 α
1884 3210 2131 3267 videlicet
2173 3211 2382 3282 lapsum
2409 3213 2615 3282 primus
2652 3212 2815 3269 homo
2859 3220 2984 3269 ante
3016 3213 3229 3284 culpam
3254 3215 3458 3271 habere

200 3318 313 3358 non
362 3303 652 3359 indicativo
704 3305 797 3360 sed
840 3306 1078 3376 optativo
1117 3306 1278 3361 modo
1319 3321 1378 3362 se
1418 3307 1535 3363 haec
1581 3306 1783 3363 dixisse

198 3395 454 3464 signavit.
500 3398 636 3456 Hinc
663 3398 846 3456 Helias
873 3400 1082 3456 duobus
1111 3398 1588 3470 quinquagenariis
1610 3399 1679 3455 ad
1723 3412 1785 3457 se

198 3492 541 3548 venientibus
575 3494 748 3550 dixit:
781 3492 841 3550 Si
870 3493 1024 3548 homo
1054 3492 1152 3547 Dei
1183 3509 1320 3558 sum,
1348 3491 1516 3546 veniat
1548 3491 1683 3562 ignis
1718 3492 1784 3548 de

197 3582 328 3637 aeto
349 3593 397 3638 et
417 3594 686 3640 consumat
715 3584 877 3656 vos'(I
891 3583 932 3637 V
949 3583 1078 3656 Reg.
1107 3600 1150 3650 ι,
1175 3583 1285 3653 10).
1315 3583 1554 3652 Quorum
1581 3591 1784 3638 utrum-

198 3690 305 3745 que
341 3678 605 3732 sententia
631 3687 828 3747 quanta
852 3677 1096 3733 veritatis
1118 3677 1327 3730 ratione
1347 3674 1639 3742 convaluit,
1663 3685 1780 3731 ter-

203 3768 386 3822 minus
407 3782 583 3822 causae
606 3768 943 3824 monstravit.
973 3766 1108 3821 Nam
1131 3773 1185 3821 et
1218 3765 1404 3821 Simon
1430 3775 1632 3821 :eterna
1656 3780 1783 3838 per-

199 3856 409 3912 ditione
456 3857 694 3925 interiit,
750 3866 807 3913 et
842 3858 978 3914 duos
1019 3857 1507 3929 quinquagenarios
1545 3857 1781 3929 desuper

200 3948 428 4004 veniens
453 3947 664 4004 ﬂamma
686 3949 1033 4021 consumpsit.
1060 3948 1244 4006 Virtus
1263 3948 1410 4006 enim
1444 3949 1779 4020 subsequens

197 4035 526 4093 testificatur
544 4054 650 4110 qua
689 4046 870 4096 mente
899 4038 1293 4096 maledicticnis
1338 4040 1605 4097 sententia
1646 4055 1777 4112 pro-

197 4133 394 4187 mitur.
426 4133 558 4191 Cum
581 4135 737 4202 enim
769 4144 826 4192 et
867 4136 1261 4193 maledictionis
1304 4137 1610 4195 innocentia
1635 4137 1780 4208 'per-

199 4232 413 4290 manet,
471 4234 522 4280 et
564 4233 745 4282 tamen
786 4242 910 4284 eum
957 4229 1051 4298 qui
1101 4227 1438 4284 maledicitur
1493 4243 1663 4298 usque
1712 4231 1781 4284 ad

191 4317 478 4374 interitum
520 4319 826 4378 maledictio
872 4322 1142 4388 absorbet,
1184 4337 1252 4378 ex
1295 4321 1576 4392 utriusque
1604 4321 1777 4392 partis

191 4411 306 4468 ﬁne
333 4413 621 4486 colligitur,
645 4415 770 4486 quia
791 4415 860 4472 ab
883 4432 993 4472 uno
1029 4425 1085 4473 et
1109 4416 1300 4474 intimo
1318 4415 1502 4488 judice
1526 4415 1582 4472 in
1622 4429 1777 4473 reum

190 4504 467 4560 sententia
505 4514 716 4578 sumpta
737 4504 1029 4576 iaculatur.

838 4633 1078 4676 ismonus
1098 4617 1148 4674 ιι.

269 4727 388 4787 iam
421 4747 552 4790 vero
574 4746 672 4803 per
699 4733 1043 4800 sententiam,
1082 4748 1203 4804 quae
1239 4734 1295 4788 in
1322 4733 1500 4789 virum
1523 4710 1777 4800 infertur:

191 4823 338 4879 ratio
362 4833 545 4882 nostra
572 4825 841 4895 arguitur,
870 4842 989 4899 qua:
1019 4832 1073 4882 et
1094 4840 1254 4897 super
1293 4825 1500 4897 peccati
1527 4825 1780 4895 concupi-

187 4917 404 4970 scentia
423 4917 662 4983 seducta,
679 4917 972 4988 aparadiso
985 4916 1333 4974 beatitudinis
1350 4926 1580 4983 remota,
1609 4917 1782 4973 habet

185 5005 600 5062 maledictiones
627 5015 856 5063 terrente
894 5008 1240 5078 operationis,
1279 5009 1442 5065 habet
1470 5018 1526 5065 et
1560 5009 1774 5065 dolores

190 5098 574 5168 temporalium
601 5113 873 5167 curarum,
912 5101 1064 5170 quasi
1103 5101 1286 5170 spinas
1313 5108 1368 5156 et
1396 5100 1644 5158 tribulos.
1684 5100 1776 5157 Sic

189 5198 380 5246 tamen
407 5189 697 5246 dimittitur
723 5205 756 5246 a
781 5189 1031 5262 paradiso
1054 5191 1419 5257 beatitudinis,
1442 5199 1503 5248 ut
1524 5206 1778 5263 operare-

188 5291 288 5337 tur
321 5291 541 5351 terram,
574 5284 628 5342 id
654 5291 738 5341 est
761 5291 823 5341 ut
848 5285 906 5340 in
925 5299 1154 5356 corpore
1178 5285 1283 5343 isto
1307 5287 1534 5354 laboret,
1567 5296 1622 5343 et
1659 5289 1770 5345 col-

185 5375 339 5432 locet
374 5375 478 5432 sibi
527 5376 782 5433 meritum
805 5377 1062 5434 redeundi
1096 5378 1164 5434 ad
1193 5379 1358 5433 vitam
1379 5379 1615 5447 beatam,
1649 5395 1771 5449 quae

185 5465 430 5537 paradisi
483 5467 701 5525 nomine
749 5467 1116 5539 signiﬁcatur;
1164 5469 1438 5541 possitque
1486 5471 1775 5542 aliquando

188 5572 420 5614 manum
443 5560 720 5633 porrigere
748 5561 817 5617 ad
845 5562 1098 5618 arborem
1120 5561 1246 5620 vita:
1259 5571 1315 5618 et
1342 5562 1524 5620 vivere
1545 5562 1600 5619 in
1623 5571 1776 5620 :eter-

188 5667 349 5709 num.
378 5651 565 5710 Manus
586 5662 766 5712 autem
792 5654 1061 5727 porrectio
1095 5655 1234 5713 bene
1257 5654 1523 5729 signiﬁcat
1555 5671 1772 5718 crucem

269 5826 295 5887 ει
321 5814 504 5887 Qreg.,
529 5814 624 5887 lib.
642 5831 695 5887 tv
716 5812 928 5880 Ποιναὶ..
953 5829 1069 5887 cap.
1097 5817 1146 5878 δ.
1198 5778 1214 5791 ’

265 5884 292 5926 δ
323 5883 530 5943 Comm.
563 5885 616 5941 in
637 5883 796 5953 Gcn.,
821 5900 939 5954 cap.
975 5883 1026 5938 5.

1883 3320 1992 3361 non
2034 3305 2228 3374 potuit,
2267 3306 2393 3375 quia
2423 3313 2660 3375 tempora
2699 3319 2764 3360 eo
2793 3312 2968 3361 stante
3012 3307 3333 3372 transibant,
3361 3307 3456 3363 sed

1880 3402 2166 3467 postquam
2199 3395 2445 3466 deliquit,
2472 3396 2528 3452 in
2553 3395 2786 3465 quodam
2811 3410 2870 3452 se
2907 3397 3062 3466 quasi
3102 3397 3310 3453 lubrico
3332 3413 3458 3452 mu-

1878 3486 2164 3542 tnbilitatis
2211 3486 2422 3557 posuit;
2450 3494 2505 3541 et
2545 3487 2673 3556 quia
2705 3486 2884 3542 cibum
2932 3488 3164 3544 comedit
3204 3489 3452 3557 vetitum,

1881 3584 2055 3634 status
2079 3578 2161 3634 sui
2180 3577 2426 3652 protinus
2451 3577 2656 3634 invenit
2684 3575 2977 3635 defectum.

2485 3735 2855 3794 Hmnouvuus.

1881 3850 2022 3922 EEt
2075 3850 2272 3906 vocavit
2328 3850 2498 3908 Adam
2546 3867 2732 3908 nomen
2775 3850 2957 3908 uxoris
3014 3865 3126 3906 sum
3167 3847 3339 3916 zEva,
3392 3865 3454 3906 eo

1878 3942 2016 4014 quod
2037 3951 2206 3997 mater
2228 3942 2294 3998 sit
2317 3943 2550 3999 omnium
2565 3943 2841 4001 viventium
2870 3940 3026 4017 (Gen.
3052 3959 3137 4010 ιιι,
3161 3941 3276 4018 20).
3312 3942 3452 4003 Eva

1880 4035 2076 4107 quippe
2125 4036 2238 4092 vita
2289 4037 2699 4108 interpretatur,
2760 4037 2872 4096 sive
2896 4038 3196 4108 calamitas,
3245 4039 3312 4096 de
3347 4053 3452 4110 quo

1876 4135 2036 4202 poeta
2059 4125 2429 4203 [Prudentius]
2469 4128 2545 4185 ita
2574 4128 2802 4186 cecinit:

2004 4283 2122 4348 diva
2147 4284 2370 4336 columba
2391 4283 2502 4346 fuit,
2531 4283 2895 4348 tunccandida,
2918 4285 3061 4348 nigra
3083 4283 3286 4335 deinde.

2007 4321 2549 4410 ᾗὶῖηᾝὶῖἒὶὶῖιῖἰῖαἰ
2556 4321 3061 4410 “angustias;
3069 4321 3336 4410 ἑέἱιῖὖὶιι.

2013 4408 2190 4458 Tinxit
2208 4414 2261 4458 et
2286 4408 2546 4458 innocuum
2570 4409 2772 4458 maculis
2793 4410 3106 4460 sordentibus
3135 4409 3308 4461 Adam.

2005 4469 2100 4522 Dat
2122 4470 2268 4522 nudis
2287 4469 2447 4523 tlculla
2463 4470 2611 4520 draco
2627 4482 2741 4522 mox
2759 4473 2976 4535 tegmina
2994 4473 3166 4524 vietor.

1801 4591 1862 4656 Ῑ)
1954 4611 2105 4669 Fecit
2150 4629 2354 4686 quoque
2378 4612 2634 4669 Dominus
2662 4612 2804 4669 Deus
2839 4612 3011 4667 Adam
3055 4621 3105 4668 et
3155 4615 3312 4669 uxori
3336 4613 3451 4685 ejus

1879 4709 2087 4764 tunicas
2122 4706 2384 4779 pelliceas,
2428 4715 2475 4764 et
2513 4709 2684 4763 induit
2725 4725 2832 4776 eos,
2869 4717 2916 4763 et
2959 4709 3080 4764 ait:
3110 4707 3248 4765 Ecce
3281 4708 3452 4764 Adam

1879 4800 2032 4870 quasi
2056 4815 2193 4855 unus
2217 4816 2284 4856 ea:
2319 4799 2465 4856 nobis
2491 4799 2662 4868 factus
2690 4808 2787 4866 est,
2841 4801 3007 4856 sciens
3030 4799 3220 4856 bonum
3255 4809 3303 4856 et
3333 4817 3448 4856 ma-

1879 4891 2009 4947 lum.
2052 4892 2212 4949 Nunc
2235 4910 2357 4966 ergo
2402 4892 2583 4960 videte,
2615 4909 2678 4948 ne
2715 4892 2850 4962 forte
2870 4893 3042 4947 mittat
3061 4909 3276 4948 manum
3297 4910 3450 4950 suam

1879 4995 1926 5039 et
1951 4995 2123 5040 sumat
2151 4985 2306 5040 etiam
2339 4984 2402 5039 de
2438 4983 2579 5056 ligno
2615 4983 2733 5042 vita
2759 4992 2809 5040 et
2845 4983 3104 5054 comedat,
3155 4993 3204 5040 et
3222 4985 3356 5042 vivat
3394 4985 3451 5040 in

1878 5083 2128 5134 (sternunt
2155 5074 2308 5150 (Gen.
2329 5091 2417 5145 ιιι,
2439 5075 2555 5149 21).

2536 5215 2895 5277 Ancus'mms.

1945 5370 2018 5428 D.
2049 5372 2186 5431 Cum
2213 5373 2356 5432 Deus
2379 5390 2520 5432 unus
2546 5375 2637 5445 sit,
2686 5375 2897 5434 dicente
2937 5373 3218 5447 Scn'ptura
3244 5390 3260 5432 :
3287 5374 3450 5442 Audi,

1876 5461 2066 5534 Israel,
2093 5464 2347 5522 Dominus
2367 5466 2509 5523 Deus
2553 5477 2676 5524 tuus
2703 5467 2845 5524 Deus
2873 5483 3008 5524 unus
3036 5476 3114 5524 est
3141 5483 3160 5522 :
3182 5466 3449 5538 quomodo

1875 5556 1967 5613 hic
2011 5557 2185 5614 dicit:
2220 5557 2357 5614 Ecce
2410 5559 2581 5616 Adam
2616 5559 2770 5632 quasi
2803 5576 2940 5616 unus
2991 5573 3058 5616 ea:
3102 5558 3248 5617 nobis
3278 5557 3448 5628 factus

1873 5657 1951 5708 est
1969 5649 1998 5706 θ
2040 5650 2198 5708 nobis
2221 5651 2368 5708 enim
2394 5651 2759 5723 pluralitatem
2801 5651 3058 5712 insinuat.

1949 5830 1972 5861 ο
1998 5821 2118 5878 Lib.
2145 5836 2252 5876 xxv
2273 5819 2485 5889 MoraL,
2511 5836 2628 5892 cap.
2659 5823 2711 5878 5.
