3950 6312
185 381 342 444 “73

1722 375 1900 432 V'lTA.

3307 389 3445 450 1174

180 535 292 594 ego
319 519 492 591 ipsum
526 515 879 589 apostolicum
911 529 1020 571 non
1046 513 1321 586 adiuvero,
1361 528 1555 586 magna
1578 511 1763 585 perdi-
1791 501 1846 563 Δ
1867 514 1952 571 rio
1986 517 2255 575 antefatus
2279 483 2651 578 sanctissimus
2680 523 2922 593 pontifex
2966 527 3328 598 deprecando,
3355 537 3448 592 ad-

176 614 268 672 tio
313 627 473 684 super
503 626 628 668 eum
659 610 890 666 eveniet.
919 609 1185 678 Quoniam
1208 607 1637 664 Carolomannus
1666 619 1763 663 rex

177 707 524 766 Francorum
574 705 779 762 amicus
833 705 1070 760 existens
1117 703 1494 775 praedictorum
1525 700 1770 756 Christo-

177 800 351 872 pbori
387 808 442 856 et
461 797 658 870 Sergii,
685 803 911 869 paratus
931 803 1013 851 est
1049 810 1173 851 cum
1196 795 1308 860 suis
1345 794 1672 850 exercitibus
1698 791 1768 849 ad

179 890 574 948 vindicandum
609 903 798 945 eorum
821 895 1051 943 mortem
1089 885 1315 943 Romam
1345 886 1766 957 properandum,

183 987 476 1057 ipsumque
496 979 813 1054 capiendum
835 977 1163 1048 pontiﬁcem.
1193 979 1332 1036 Ecce
1345 977 1519 1050 qualis
1532 986 1615 1033 est
1636 977 1769 1033 ﬁdes

181 1074 452 1134 Desiderii
479 1073 624 1144 regis
653 1067 838 1136 vestri,
881 1077 936 1124 et
967 1083 1093 1124 cum
1136 1083 1243 1139 qua
1269 1068 1466 1124 ﬁducia
1496 1067 1573 1124 illi
1597 1067 1767 1125 foede-

181 1169 304 1224 rari
330 1167 615 1240 possimus.
647 1161 774 1218 Haec
802 1175 932 1217 vero
963 1159 1151 1216 eadem
1180 1160 1492 1215 beatissimo
1529 1159 1768 1216 Adriano

178 1259 421 1332 praesule
447 1261 806 1328 prosequente
848 1253 1052 1308 eisdem
1076 1249 1258 1327 missis
1305 1251 1568 1306 Desiderii
1597 1252 1767 1323 regis,

179 1353 268 1408 illi
284 1350 455 1419 magis
467 1360 492 1389 ι
509 1345 903 1404 conﬁrmabant
921 1343 1020 1398 sub
1032 1342 1244 1397 vinculo
1262 1342 1607 1410 sacramenti,
1626 1343 1771 1414 quod

175 1454 380 1497 eorum
417 1453 513 1494 rex
545 1452 732 1493 omnes
762 1434 1024 1505 justitias,
1081 1448 1217 1505 quas
1272 1432 1511 1490 antefato
1571 1435 1770 1491 domno

177 1534 462 1604 Stephano
485 1545 638 1601 papae
662 1543 770 1584 non
814 1526 1039 1592 fecerat,
1064 1527 1240 1582 eidem
1272 1525 1546 1597 praecipuo
1579 1527 1769 1596 ponti-

177 1626 281 1681 fici
311 1633 366 1680 et
389 1637 598 1680 summo
618 1620 825 1692 pastori
854 1619 1158 1691 perﬁceret,
1189 1627 1246 1675 et
1270 1617 1326 1674 in
1345 1619 1562 1676 vinculo
1591 1619 1776 1675 chari—-

180 1721 321 1776 tatis
339 1719 606 1776 insolubili
629 1717 963 1774 connexione
973 1732 1096 1773 cum
1109 1729 1174 1772 eo
1193 1714 1310 1772 fore
1330 1731 1767 1788 permansurum.

178 1815 433 1884 Quorum
445 1812 771 1882 iuramentis
797 1813 1024 1868 credens
1048 1810 1164 1881 eius
1184 1811 1464 1867 beatitudo
1477 1810 1677 1866 direxit
1700 1810 1770 1866 ad

176 1912 437 1968 eumdem
470 1908 809 1964 Desiderium
835 1919 1018 1978 regem
1037 1905 1232 1961 missos
1246 1911 1383 1959 ‘suos
1406 1918 1507 1974 pro
1530 1903 1616 1959 his
1654 1918 1772 1959 om-

187 2002 360 2064 nibus
391 1997 731 2071 perﬁciendis
749 2035 765 2064 ,
802 1996 1008 2052 scilicet
1035 1993 1368 2066 Stephanum
1391 1993 1662 2048 notarium
1688 2007 1776 2047 re-

179 2093 490 2166 gionarium
510 2099 566 2146 et
583 2089 923 2146 sacellarium
938 2097 1100 2158 atque
1118 2087 1345 2142 Paulum
1359 2084 1778 2148 cubicularium,

176 2193 244 2241 et
255 2193 454 2241 caztera
475 2184 675 2254 superb
689 2183 809 2238 ista.
829 2181 1035 2250 Quibus
1056 2179 1458 2252 egredientibus
1469 2179 1538 2233 ab
1556 2179 1657 2233 hac
1673 2177 1777 2233 Ro-

176 2293 353 2335 mana
362 2279 496 2334 urbe
507 2284 562 2332 et
577 2276 852 2332 Perusiam
865 2273 1308 2345 coniungentibus
1330 2271 1536 2346 [Forte,
1553 2278 1777 2327 conten-

177 2367 464 2440 dentibus]
477 2367 751 2437 coniunxit
771 2366 1082 2422 mandatum
1106 2375 1128 2405 ε
1161 2363 1304 2435 Quod
1325 2361 1436 2432 iam
1461 2362 1602 2418 fatus
1628 2361 1779 2417 Desi-

174 2462 382 2516 derius
425 2459 730 2517 abstulisset
764 2458 1037 2514 civitatem
1059 2456 1374 2512 Faventiam
1417 2464 1474 2510 et
1521 2457 1778 2512 ducatum

181 2553 461 2610 Ferrariaa
497 2566 591 2607 seu
614 2550 960 2607 Comacbium
993 2550 1061 2605 de
1099 2549 1394 2606 exarcbatu
1420 2548 1776 2614 Ravennate,

179 2663 332 2720 quas
355 2653 552 2702 sanctae
566 2646 838 2701 memoriae
858 2645 1113 2715 Pippinus
1134 2659 1228 2700 rex
1243 2643 1430 2714 eteius
1442 2643 1539 2698 ﬁlii
1551 2642 1778 2698 Carolus

178 2748 248 2795 ct
267 2736 690 2795 Carolomannus
711 2735 1147 2793 excellentissimi
1176 2749 1330 2804 reges
1356 2734 1696 2790 Francorum
1721 2739 1777 2787 et

178 2833 408 2904 patricii
435 2832 803 2888 Romanorum
830 2832 989 2886 beato
1008 2829 1171 2885 Petro
1219 2827 1582 2884 concedentes
1620 2825 1780 2881 obtuo'

181 2923 394 2980 lerunt.
423 2922 532 2979 Nec
551 2923 697 2978 enim
725 2922 832 2977 duo
859 2935 1068 2976 menses
1100 2919 1478 2991 praterierunt
1499 2918 1643 2988 quod
1663 2916 1778 2986 ipse

181 3013 569 3070 sanctissimus
614 3013 701 3066 vir
735 3013 1079 3082 pontiﬁcatus
1125 3012 1338 3067 culmen
1388 3011 1614 3081 adeptus
1670 3015 1774 3062 est.

181 3107 273 3164 Ita
300 3106 442 3161 idem
479 3105 849 3161 atrocissimus
880 3103 1189 3160 Desiderius
1214 3103 1434 3158 easdem
1462 3102 1685 3157 abstulit
1703 3101 1780 3157 ci-

183 3200 410 3263 vitates,
439 3197 812 3268 constringens
833 3197 1060 3252 exomni
1081 3200 1236 3265 parte
1251 3195 1529 3250 civitatem
1556 3193 1776 3248 Raven-

184 3290 406 3347 natim
436 3297 491 3344 et
515 3287 751 3355 casales,
798 3301 864 3343 ac
889 3287 1068 3343 omnia
1116 3286 1366 3358 praesidia
1397 3285 1642 3358 [prmdia]
1673 3285 1778 3339 Ra-

184 3380 447 3439 vennatia
495 3395 766 3450 occupans
787 3420 801 3445 ,
859 3386 1160 3448 cunctaque
1196 3377 1448 3432 victualia
1473 3417 1488 3442 ,
1542 3376 1778 3432 familias

181 3473 363 3529 etiam
388 3485 482 3526 seu
507 3469 715 3541 peculia
742 3468 1002 3538 ipsorum,
1043 3467 1126 3522 vel
1154 3479 1381 3537 qumque
1401 3467 1456 3520 in
1485 3466 1616 3536 ipsis
1643 3474 1782 3535 prae-'-

185 3565 352 3621 sidiis
374 3565 576 3620 habere
617 3562 958 3624 videbantur,
985 3560 1229 3616 abstulit.
1258 3559 1325 3614 Et
1347 3559 1474 3614 dum
1520 3557 1664 3612 nulla
1697 3571 1781 3613 re—

183 3657 485 3714 mansisset
513 3670 636 3726 spes
658 3655 874 3710 vivendi
927 3667 1101 3722 nequc
1149 3651 1316 3706 Leoni
1348 3651 1779 3720 archiepiscopo,

185 3762 373 3818 neque
399 3747 637 3819 przefatis
680 3744 1084 3800 Ravennatibus
1109 3743 1164 3798 in
1193 3757 1388 3810 magna
1438 3741 1682 3809 angustia
1728 3750 1784 3796 et

186 3844 364 3900 famis
407 3842 586 3912 inopia
619 3839 846 3911 positis,
875 3838 1190 3893 direxerant
1240 3835 1347 3890 huc
1390 3834 1616 3891 Romam
1656 3851 1782 3894 suos

186 3937 418 4001 missos,
444 3934 651 3990 scilicet
673 3931 964 3994 Julianum,
990 3929 1232 3994 Petrum,
1255 3935 1311 3982 et
1335 3927 1663 3984 Vitalianum
1683 3931 1784 3984 tri-

187 4033 378 4088 bunos
393 4021 740 4098 [tribunum],
756 4023 1107 4092 deprecantes
1124 4035 1249 4078 cum
1269 4036 1466 4091 magno
1493 4020 1618 4076 ﬁetu
1632 4037 1783 4076 eum-

189 4123 332 4179 dem
356 4117 756 4174 sanctissimum
795 4115 1106 4186 pontiﬁcem
1151 4122 1212 4169 ut
1247 4113 1482 4183 qualiter
1519 4114 1783 4184 potuisset

187 4216 281 4271 eis
316 4212 644 4276 subveniret,
686 4210 940 4280 ipsasque
967 4209 1272 4264 decertaret
1295 4207 1364 4262 ad
1392 4206 1782 4278 recoliigendas

191 4307 470 4372 civitates,
499 4310 802 4360 asserentes
820 4301 971 4372 quia,
991 4301 1037 4355 si
1064 4301 1192 4371 ipsa
1219 4300 1467 4355 civitates
1505 4315 1612 4353 non
1657 4298 1778 4354 fue-

196 4402 312 4457 rint
324 4398 610 4462 restitutae,
632 4397 817 4450 vivere
834 4392 981 4448 nullo
1003 4394 1162 4448 modo
1175 4389 1472 4462 potuissent
1489 4389 1778 4464 [possent].

195 4487 356 4547 Tunc
389 4491 504 4560 ipse
531 4486 798 4542 almii'tcus
827 4483 1093 4555 pontifex,
1133 4483 1262 4538 dum
1285 4483 1460 4538 adhuc
1488 4483 1780 4551 praenomi-

1867 610 2153 678 mouendo,
2201 619 2258 668 et
2282 610 2614 682 coniurando
2641 615 2946 684 direxisset,
2995 617 3072 675 ita
3109 620 3186 676 illi
3232 625 3445 682 remisit

1869 701 1924 757 in
1953 703 2242 774 responsis,
2273 706 2417 775 quod
2445 705 2551 761 nisi
2575 705 2727 776 prius
2755 721 2815 763 se
2841 724 2966 765 cum
3010 723 3076 766 eo
3106 709 3222 782 ipse
3249 712 3448 770 almiﬁ-

1869 809 1964 850 cus
1983 795 2180 866 praesul
2208 795 2556 868 coniungeret
2581 799 2648 854 ad
2676 799 2880 869 pariter
2906 800 3256 872 loquendum,
3286 805 3447 862 mini-

1868 901 1956 942 me
1983 887 2199 942 easdem
2235 889 2486 946 redderet
2521 891 2787 947 civitates.
2833 893 2892 948 In
2936 893 3070 966 ipsis
3102 907 3232 952 vero
3258 897 3446 954 diebus

1868 979 2090 1051 contigit
2105 996 2328 1036 uxorem
2351 990 2406 1037 et
2427 982 2566 1039 ﬁlios
2587 984 2856 1056 quondam
2875 983 3254 1044 Carolomanni
3281 989 3452 1045 Fran-

1867 1083 2055 1125 corum
2081 1070 2148 1125 ad
2196 1073 2447 1128 eumdem
2501 1082 2684 1146 regem
2719 1074 3202 1146 Langobardorum
3259 1078 3445 1150 fugam

1869 1161 2161 1232 arripuisse
2203 1180 2327 1219 cum
2353 1165 2671 1234 Autchario,
2701 1175 2756 1223 et
2783 1167 3056 1225 nitebatur
3085 1170 3203 1241 ipse
3226 1171 3448 1228 Deside-

1870 1253 1984 1308 rius
2019 1262 2181 1324 atque
2229 1254 2499 1312 inhianter
2525 1257 2836 1316 decertabat
2883 1267 3148 1331 quatenus
3187 1262 3293 1332 ipsi
3350 1263 3450 1319 ﬁlii

1868 1347 2106 1418 eiusdem
2133 1350 2508 1409 Carolomanni
2525 1369 2751 1425 regnum
2778 1355 3112 1414 Francordm
3125 1358 3450 1429 assumpsis-

1869 1449 1990 1497 sent
2031 1441 2431 1517 [assumerent].
2483 1445 2550 1500 Et
2573 1448 2643 1502 ob
2671 1447 2773 1504 hoc
2824 1448 2999 1518 ipsum
3047 1450 3450 1506 sanctissimum

1865 1532 2150 1603 praesulem
2197 1534 2266 1590 ad
2289 1550 2347 1591 se
2370 1538 2770 1607 properandum
2807 1553 2865 1595 se
2883 1539 3081 1596 ducere
3127 1543 3447 1610 conabatur,

1868 1631 1929 1678 ut
1956 1624 2100 1695 ipsos
2127 1625 2739 1686 antefatiCamlom‘anni
2758 1630 2898 1688 ﬁlios
2923 1648 3077 1704 reges
3097 1645 3341 1707 ungeret,
3357 1651 3453 1692 cu-

1869 1716 2023 1785 piens
2046 1718 2364 1776 divisionem
2388 1721 2444 1776 in
2482 1735 2648 1794 regno
2671 1723 3003 1781 Francorum
3034 1728 3344 1795 immittere,
3370 1731 3452 1800 ip-

1872 1824 2100 1880 sumque
2125 1812 2502 1869 beatissimum.
2531 1816 2838 1886 pontiﬁcem
2877 1831 2908 1873 a
2929 1818 3194 1876 charitale
3223 1829 3278 1876 et
3315 1821 3453 1876 dile-

1879 1902 2058 1958 ctione
2076 1904 2513 1962 excellentissimi
2540 1908 2719 1964 Chroli
2743 1909 2886 1982 regis
2913 1909 3249 1967 Francorum
3275 1920 3330 1968 et
3355 1928 3454 1983 pa-

1876 1993 2020 2050 tricii
2060 1993 2430 2051 Romanorum
2476 2013 2729 2068 separare
2753 2041 2768 2066 ,
2819 2008 2876 2055 et
2918 2001 3216 2060 Romanam
3264 2004 3456 2060 urbem

1877 2093 2234 2156 cunctamque
2263 2086 2470 2143 italiam
2499 2090 2581 2144 sui
2609 2092 2758 2161 regni
2805 2091 3282 2163 Langobardorum
3306 2104 3458 2164 pote-

1877 2179 2002 2233 stati
2024 2176 2330 2250 sulu'ugare.
2352 2180 2480 2246 Sed,
2496 2182 2710 2237 favente
2732 2183 2864 2248 De0,
2890 2184 2995 2240 hoc
3009 2184 3155 2239 nullo
3177 2185 3338 2241 modo
3359 2202 3456 2256 po-

1878 2272 1983 2326 tuit
2029 2271 2322 2342 impetrare
2347 2313 2362 2339 ,
2407 2274 2684 2344 quoniam,
2729 2274 2870 2330 sicut
2917 2273 3056 2346 lapis
3083 2275 3305 2332 adamas
3330 2318 3345 2343 ,
3377 2277 3454 2332 ita

1877 2366 2068 2422 ﬁrmus
2123 2367 2393 2425 Adrianus
2445 2370 2654 2424 exstitit
2705 2370 2967 2440 pontifex.
3026 2372 3458 2430 Praenominatus

1878 2457 2144 2528 siquidem
2186 2459 2384 2516 Paulus
2435 2475 2596 2532 super
2649 2463 2964 2535 ista.a'dhuc
3015 2467 3157 2536 apud
3204 2469 3456 2524 eumdem

1879 2549 2213 2606 Desiderium
2233 2553 2492 2620 existens,
2514 2553 2740 2610 ﬁrmiter
2766 2555 2816 2610 ei
2841 2558 3190 2627 promittebat
3203 2575 3262 2615 se
3275 2560 3458 2630 ipsum

1877 2641 2253 2698 beatissimum
2276 2659 2469 2715 papam
2495 2645 2563 2701 ad
2586 2661 2711 2701 eum
2739 2647 3004 2704 deducere
3031 2650 3215 2706 dicens
3246 2669 3259 2705 :
3295 2651 3456 2720 Quod

1879 2735 1928 2791 si
1948 2735 2111 2790 etiam
2139 2736 2194 2791 in
2221 2735 2337 2805 eius
2347 2737 2576 2808 pedibus
2600 2736 2782 2794 funem
2803 2755 2890 2796 me
2910 2741 3170 2798 adbibere
3191 2757 3460 2800 convene-

1881 2825 1971 2893 rit,
1993 2840 2119 2882 eum
2146 2827 2378 2898 qualiter
2403 2835 2628 2897 potuero
2653 2829 2722 2884 ad
2745 2837 2891 2885 tuam
2929 2832 3189 2888 deducam
3213 2847 3453 2903 praeseno

1881 2918 2045 2984 tiam;
2095 2920 2280 2990 sicque
2308 2920 2515 2976 factum
2538 2922 2651 2986 est',
2679 2930 2740 2978 ut
2766 2924 2956 2980 eodem
2977 2924 3146 2981 Paulo
3173 2926 3229 2981 in
3261 2927 3454 2983 eodem

1880 3010 2072 3066 itinere
2094 3012 2381 3080 existente,
2404 3014 2584 3084 palam
2622 3016 2871 3073 omnibus
2892 3018 3066 3085 ﬁeret,
3095 3020 3328 3091 qualiter
3353 3037 3456 3077 ne-

1879 3117 2004 3159 care
2027 3103 2244 3160 fecisset
2293 3106 2542 3178 Sergium
2583 3109 3012 3165 secuudicerium
3061 3113 3156 3182 qui
3194 3128 3370 3168 caecus
3400 3115 3457 3169 in

1883 3193 2100 3248 cellario
2120 3205 2258 3250 erat.
2301 3196 2368 3251 Et
2399 3205 2645 3254 metuens
2662 3199 2806 3255 idem
2835 3202 3208 3258 sanctissimus
3231 3205 3460 3273 praesul,

1883 3299 1952 3340 ne
1978 3285 2242 3358 eiusmodi
2281 3290 2529 3346 nuntium
2574 3292 2641 3345 ad
2689 3297 2848 3347 aures
2877 3293 3044 3362 ipsius
3084 3297 3456 3365 personuisset

1882 3375 2033 3431 Pauli
2064 3419 2079 3444 ,
2107 3386 2160 3432 et
2189 3387 2282 3433 aut
2324 3381 2391 3436 ad
2417 3382 2666 3437 eumdem
2695 3397 2875 3452 regem
2921 3392 3282 3441 reverteretur
3306 3427 3320 3453 ,
3357 3397 3451 3441 aut

1883 3468 2046 3524 etiam
2073 3470 2126 3523 in
2156 3469 2289 3526 ﬁnes
2328 3471 2807 3543 Longobardorum
2835 3476 2904 3530 ab
2928 3476 3044 3545 ipso
3067 3477 3258 3532 itinere
3290 3478 3455 3532 decli-

1883 3569 2074 3624 naret,
2125 3570 2180 3614 et
2229 3563 2466 3633 aliquam
2507 3565 2768 3623 malitiam
2811 3566 3042 3636 amplius
3101 3584 3222 3622 cum
3267 3571 3458 3625 eodem

1885 3655 2164 3710 Desiderio
2207 3657 2260 3711 in
2317 3658 2514 3712 ﬁnibus
2564 3654 2930 3716 Romanorum
2977 3670 3137 3732 atque
3163 3663 3458 3720 exarchatu

1883 3745 2276 3802 Ravennatium
2301 3758 2639 3819 perpetraret
2668 3750 2817 3822 (dum
2851 3753 3015 3809 nimis
3042 3753 3267 3810 dilectus
3288 3755 3364 3809 illi
3390 3771 3456 3813 ac

1883 3837 2055 3894 ﬁdelis
2083 3840 2394 3914 existebat),
2427 3843 2496 3899 ob
2523 3843 2625 3899 hoc
2649 3844 2848 3899 direxit
2874 3844 3147 3902 antefatus
3182 3848 3460 3904 sanctissi—

1882 3947 2003 3988 mus
2020 3946 2156 4002 papa
2180 3934 2320 3990 clam
2351 3935 2622 4007 nimisque
2666 3946 2874 3993 secrete
2901 3938 3068 3995 Leoni
3096 3942 3456 4012 archiepisco-

1881 4040 1951 4096 po
1973 4024 2368 4082 Ravennatium
2393 4028 2629 4085 civitatis
2653 4043 2752 4099 per
2775 4027 3048 4087 Iulianum
3077 4033 3376 4100 tribunum,
3402 4043 3466 4089 ut

1883 4119 2011 4175 dum
2038 4129 2402 4176 reverteretur
2422 4122 2535 4192 ipse
2556 4121 2754 4178 Paulus
2778 4140 2810 4178 a
2846 4125 3144 4192 Desiderio,
3173 4141 3296 4182 eum
3345 4128 3462 4183 sive

1882 4211 1937 4268 in
1970 4212 2245 4277 Ravenna,
2295 4214 2408 4269 sive
2436 4214 2491 4269 in
2515 4214 2760 4270 Arimino
2785 4216 3100 4272 detinuisset
3119 4217 3454 4291 [detineret],

1882 4304 2028 4373 quod
2068 4312 2124 4359 et
2160 4303 2362 4359 factum
2407 4315 2510 4362 est.
2542 4307 2866 4365 Revertente
2892 4310 3038 4364 enim
3062 4321 3128 4366 eo
3173 4325 3240 4365 ex
3266 4311 3459 4366 eodem

1882 4394 2075 4452 itinere
2099 4395 2156 4450 in
2192 4395 2438 4452 Ar'nnino
2459 4402 2881 4469 comprehensus
2911 4408 3072 4472 atque
3118 4400 3172 4455 in
3217 4401 3459 4456 custodia

1881 4495 1968 4545 est
1985 4489 2252 4546 detentus.
2280 4490 2432 4548 Tunc
2457 4493 2626 4548 isdem
2655 4495 2999 4550 beatissimus
3023 4491 3265 4564 pontifex
3295 4495 3464 4565 (εαξρὶι

193 4585 314 4640 nati
355 4582 472 4653 eius
493 4581 646 4637 missi
675 4587 860 4636 essent
884 4578 1092 4640 Romae.
1121 4592 1220 4648 per
1245 4576 1584 4646 Stephanum
1607 4576 1780 4632 ὅποι·-
1807 4615 1862 4678 .
1885 4582 2109 4638 curiose
2131 4581 2354 4639 antelati
2391 4584 2568 4658 Sergii
2587 4587 2943 4642 secundicerii
2970 4596 3199 4640 mortem
3227 4586 3462 4656 inquire-

191 4678 398 4734 larium
443 4686 504 4732 et
539 4673 768 4730 Paulum
811 4672 1204 4729 cubicularium
1245 4685 1408 4741 super
1455 4669 1558 4725 ista
1604 4677 1665 4724 ut
1710 4669 1780 4725 ad
1807 4669 1852 4678 "
1887 4689 1978 4740 re,
2025 4687 2442 4747 convocansque
2475 4682 2700 4734 cunctos
2741 4678 3013 4744 cellar-los,
3069 4676 3321 4732 subtilius
3365 4691 3466 4732 eos

187 4767 654 4843 prath
713 4772 1004 4836 pergerent
1066 4777 1249 4834 regem
1279 4803 1294 4828 ,
1354 4763 1552 4819 direxit
1605 4762 1782 4818 eidem

191 4863 320 4933 regi
379 4873 510 4916 suas
553 4860 954 4930 deprecator-ias
1012 4857 1222 4912 litteras
1280 4864 1344 4911 ut
1393 4856 1620 4912 canarium,
1659 4855 1786 4912 red-

191 4957 364 5011 deret
404 4953 652 5010 civitates
675 4993 690 5017 ,
745 4952 1030 5021 increpans
1082 4965 1208 5006 eum
1253 4948 1470 5005 fortiter
1519 4964 1620 5019 per
1687 4959 1783 5005 sua

191 5048 426 5117 scripta,
447 5061 550 5102 cur
566 5047 640 5102 de
661 5045 1024 5115 promissione
1042 5044 1134 5098 illa
1148 5059 1311 5114 quam
1323 5058 1422 5113 per
1441 5058 1574 5099 suos
1585 5042 1785 5098 missos

192 5141 508 5213 pollicendo
550 5140 844 5204 direxerat,
906 5145 1146 5193 mrtatus
1195 5135 1404 5201 fuisset,
1463 5136 1628 5191 etiam
1653 5134 1783 5206 quia

185 5237 440 5307 jnstitias
467 5235 612 5290 beati
638 5234 786 5289 Petri
834 5233 992 5302 iuxta
1040 5233 1186 5303 quod
1211 5231 1622 5302 repromiserat,
1676 5248 1786 5288 non

197 5329 460 5395 reddidit.
504 5327 726 5397 Insuper
764 5334 822 5379 et
869 5325 1118 5382 civitates
1171 5323 1294 5379 illas
1345 5338 1480 5392 quas
1535 5331 1786 5380 anteces-
1837 5330 1839 5332 ’

195 5435 361 5480 rores
414 5422 532 5492 eius
593 5419 894 5476 beatissimi
940 5418 1226 5490 pontiﬁces
1269 5417 1502 5474 domnus
1559 5416 1785 5486 Stepha—

201 5529 330 5577 nus,
381 5512 580 5568 Paulus
597 5553 612 5578 ,
635 5520 688 5567 et
713 5511 886 5568 isdem
911 5511 1216 5581 Stephanus
1262 5509 1636 5576 detinuerunt,
1664 5513 1788 5568 abs-

202 5605 444 5662 tulisset.
489 5606 626 5661 Dum
674 5619 802 5660 vero
852 5604 979 5660 talia
1034 5605 1210 5660 cidem
1263 5613 1519 5676 protervo
1569 5605 1786 5662 Deside-

280 5759 306 5788 ιι
333 5743 465 5801 Cod.
493 5745 650 5810 Luc.,
678 5743 867 5813 magis,
905 5759 966 5796 ac
995 5743 1181 5815 magis.

277 5818 306 5858 ι’
346 5819 476 5872 Cod.
500 5817 656 5879 Luc.,
687 5827 810 5870 tunc
826 5831 1000 5884 super.

285 5901 305 5929 ε
334 5888 392 5944 Id
422 5899 501 5944 cst
525 5889 792 5963 nuntium.

1885 4777 2258 4840 perscrutatur
2281 4771 2550 4841 quomodo
2569 4772 2682 4842 ipse
2726 4771 2951 4842 Sergius
2993 4771 3070 4826 alr
3089 4769 3276 4824 eodem
3299 4768 3464 4824 cella-

1887 4862 1972 4918 rio
2006 4862 2314 4919 abstractus
2345 4861 2552 4918 fuisset.
2607 4862 2718 4929 Qui
2761 4862 3146 4934 respondentes
3172 4861 3461 4917 dixerunt:

1887 4954 2012 5025 quia
2032 4954 2207 5024 prima
2231 4956 2410 5011 noctis
2449 4956 2590 5010 hora
2621 4956 2848 5011 veniens
2887 4955 3236 5012 Calventinus
3257 4955 3283 4995 ά
3317 4957 3466 5013 οιώὶι

1887 5046 2124 5102 ctilarius
2145 5062 2266 5102 cum
2291 5047 2588 5103 Tunissone
2619 5058 2642 5087 ο
2667 5047 2984 5117 presbytero
3007 5055 3068 5102 et
3083 5046 3342 5114 Leonatio
3367 5049 3466 5102 tri-

1887 5138 2038 5194 hun‘o
2078 5138 2474 5194 habitatoribus
2522 5138 2759 5194 civitatis
2792 5137 3114 5209 Anagninte.
3153 5139 3270 5209 ipse
3317 5153 3466 5195 eum-

1845 5237 1849 5241 '
1889 5231 2009 5288 dem
2033 5230 2282 5302 Sergium
2312 5232 2556 5299 abstulit,
2581 5232 2796 5287 vivente
2809 5232 3010 5288 domno
3033 5231 3310 5301 Stephano
3326 5247 3464 5302 papa

1889 5335 2018 5383 ante
2039 5335 2163 5383 octo
2191 5327 2310 5394 dies
2347 5343 2512 5400 quam
2535 5330 2599 5384 de
2631 5329 2734 5384 hac
2755 5327 2874 5384 luce
2919 5327 3223 5399 migrasset,
3255 5335 3310 5384 et
3333 5344 3464 5400 prae-

1889 5419 2016 5475 fatis
2045 5420 2334 5492 Campanis
2379 5420 2532 5475 illum
2573 5421 2816 5476 tradidit.
2863 5419 3266 5492 Confestimque
3306 5421 3470 5476 dedu-

1890 5521 2011 5569 ctus
2029 5523 2113 5568 est
2140 5515 2209 5570 ad
2235 5512 2470 5569 medium
2500 5515 2642 5569 idem
2680 5514 3070 5582 cubicularius,
3097 5523 3154 5570 et
3173 5513 3466 5587 inquisitus

1889 5608 1983 5678 qui
2004 5607 2078 5662 illi
2109 5609 2453 5677 praecepisset
2489 5607 2736 5663 eumdem
2766 5607 3015 5680 Sergium
3050 5622 3081 5663 a
3104 5606 3328 5679 praefato
3347 5604 3469 5661 abs-

1965 5745 1990 5784 δ
2013 5744 2144 5800 Cod.
2174 5745 2330 5810 Luc.,
2363 5745 2726 5802 Calvenzulus.

1967 5829 1988 5855 ο
2021 5816 2152 5872 Cod.
2181 5817 2340 5884 Luc.,
2371 5833 2487 5872 cum
2527 5817 2814 5874 Lunissone
2859 5825 2914 5873 et
2942 5816 3022 5873 sic
3045 5813 3265 5884 ubique.
