3950 6312
488 399 626 454 M75

1843 369 2126 432 ADRIANI
2162 368 2362 426 PAPIE
2399 368 2420 424 1

3624 358 3768 417 H76

483 520 629 578 trahi
651 515 870 574 cellario
887 521 942 568 et
967 506 1374 584 prmnominatis
1396 496 2054 574 Campanistradendum,
2084 485 2396 556 Asepeliri-
2435 482 2600 541 Gesta
2649 495 2781 584 vero
2819 480 3237 584 examinatione
3279 479 3519 584 and}?!
3561 482 3774 584 proprii

485 609 764 681 respondit
785 623 815 662 a
843 605 1012 662 Paulo
1037 600 1367 658 cubiculario
1412 601 1774 667 cognomento
1818 590 2025 645 Aliarta
2047 628 2061 654 ,

2170 585 2350 635 reatus
2376 591 2573 633 noxam
2608 575 2842 631 confessi
2884 583 3014 629 sunt
3043 573 3154 643 jam
3179 575 3355 629 dictus
3386 573 3659 630 Calvulus
3681 589 3774 628 cu-

483 665 842 771 etV‘Gregorio
883 698 1166 755 defensore
1224 665 1529 764 regionario
1560 697 1616 742 et
1680 684 1887 742 Joanne
1930 684 2068 738 duce
2168 671 2462 771 hicn-larius
2483 667 3466 771 etprimo-minatiCampani,.direx‘it
3491 665 3779 771 antefatus

484 757 743 867 ὲέηηπξο
791 789 993 847 domini
1047 757 1316 856 Stephani
1351 796 1522 852 papae,
1553 787 1718 850 atque
1766 791 1799 830 a
1843 772 2065 830 Calvqu
2170 762 2436 818 almificus
2463 760 2706 832 pontifex
2728 761 3062 826 Ravennam,
3105 759 3360 814 uteidem
3386 757 3563 812 Paulo
3592 759 3774 812 omnia

484 883 846 960 [Calventino]
875 878 1228 944 cubiculario,
1255 875 1358 932 sibi
1393 875 1496 930 hoc
1519 871 1687 927 fuisse
1707 876 2063 940 praeceptum,

481 977 626 1033 tradi
649 973 855 1031 eisdem
886 969 1198 1042 Campanis.

2169 871 2269 926 per
2291 857 2538 912 ordinem
2576 857 2963 929 relegerentur.
3015 854 3327 926 Suscipiens
3361 870 3498 911 vero
3550 855 3675 909 Leo
3697 872 3777 909 ar-

2171 949 2546 1020 chiepiscopus
2599 949 2996 1004 Ravennatium
3045 949 3232 1004 eadem
3258 957 3409 1020 gesta
3431 989 3447 1012 ,
3478 948 3774 1004 confestim

556 1069 909 1137 Dirigensque
940 1040 1079 1120 idem
1101 1058 1475 1118 sanctissimus
1495 1053 1691 1128 praesul
1715 1067 1842 1109 suos
1871 1049 2070 1106 missos
2171 1045 2290 1101 sine
2315 1046 2641 1102 auctoritate
2669 1044 2964 1114 apostolica
2996 1043 3218 1137 tradidit
3245 1043 3500 1137 eumdem
3547 1040 3775 1096 Paulo

481 1161 539 1217 in
573 1134 923 1229 Campaniam
950 1156 1006 1211 in
1040 1154 1316 1210 civitatem
1339 1148 1704 1221 Anagninam,
1725 1142 1916 1199 adduci
1940 1140 2071 1195 fecit
2172 1137 2443 1194 consulari
2470 1137 2864 1192 Ravennatium
2892 1136 3063 1229 urbis.
3100 1134 3571 1229 Examinatusque
3595 1151 3776 1190 coram

482 1253 772 1323 prmdictos
817 1249 1174 1306 Tunissonem
1211 1242 1607 1320 [Lavissonem]
1635 1249 1690 1297 et
1723 1237 2067 1295 Leonatium.

484 1345 588 1413 Qui
616 1342 928 1414 praesentati
953 1338 1264 1411 apostolicis
1297 1335 1576 1392 obtutibus
1605 1330 1923 1399 fortiterque
1943 1341 2074 1382 con-

483 1437 696 1502 stricti,
740 1433 974 1491 confessi
1007 1440 1134 1488 sunt
1158 1431 1422 1496 dicentes,
1451 1425 1595 1498 quod
1619 1440 1651 1480 a
1679 1421 2074 1495 praenominato

484 1527 653 1583 Paulo
673 1524 1005 1582 cubicula‘rio
1024 1564 1039 1590 ,
1061 1530 1118 1578 et
1143 1520 1404 1591 Gregorio
1430 1517 1718 1574 defensore
1741 1513 2073 1585 regionario,

483 1634 584 1676 seu
610 1617 816 1674 Joanne
853 1629 1110 1686 germano
1144 1611 1358 1684 praefati
1395 1609 1578 1666 domni
1605 1606 1864 1677 Stephani
1901 1620 2076 1676 papae,

485 1719 544 1766 et
568 1711 790 1767 Calvulo
812 1712 940 1766 item
966 1707 1318 1772 cubiculario,
1344 1713 1400 1761 et
1425 1704 1657 1773 Maligno
1687 1708 2076 1766 consentaneo,

2174 1231 2425 1290 omnibus
2443 1229 2869 1294 Ravennatibus,
2898 1228 3086 1284 eadem
3113 1236 3233 1284 acta
3262 1227 3338 1282 illi
3363 1228 3586 1283 releeta
3620 1239 3773 1293 sunt,

2175 1325 2361 1395 sicque
2397 1339 2459 1380 se
2497 1340 2650 1381 reum
2674 1324 3028 1380 manifestans
3053 1325 3190 1380 tanti
3210 1322 3446 1394 piaculi,
3482 1322 3779 1379 confessus

2177 1425 2262 1474 est
2295 1431 2355 1472 se
2381 1424 2722 1489 perpetrasse
2744 1432 2963 1473 noxam.
2992 1417 3070 1472 ita
3096 1431 3225 1473 vero
3257 1417 3398 1472 idem
3417 1416 3639 1472 Paulus
3657 1400 3802 1471 exn?

2177 1512 2414 1568 minatus
2441 1520 2556 1578 est,
2589 1512 2721 1581 quin
2747 1513 2911 1567 etiam
2941 1528 3042 1569 nec
3063 1513 3292 1568 scientia
3318 1512 3516 1567 exinde
3542 1512 3683 1567 data
3705 1523 3781 1567 est

2177 1609 2404 1680 prmfato
2417 1608 2762 1666 sanctissimo
2780 1607 3044 1678 pontifici,
3061 1623 3235 1678 neque
3249 1607 3317 1662 ab
3332 1608 3774 1677 archiepiscopo,

2179 1714 2354 1772 neque
2405 1716 2436 1755 a
2471 1701 2798 1770 quibusdam
2822 1700 3158 1766 Ravinianis,
3208 1699 3302 1755 sed
3343 1715 3444 1771 per
3485 1701 3639 1756 alios
3682 1703 3776 1757 hoc

486 1813 543 1859 et
591 1804 834 1875 saepefati
889 1803 1042 1860 Pauli
1071 1802 1215 1858 illius
1255 1807 1585 1872 praeceptum
1611 1797 1834 1864 fuisset,
1862 1811 2078 1867 pramo-
2107 1865 2152 1875 _
2179 1789 2298 1861 ejus
2324 1790 2584 1848 sanctitas
2618 1791 2855 1860 agnovit.
2899 1791 3038 1845 Dum
3070 1804 3203 1846 vero
3242 1789 3348 1845 hoc
3369 1800 3663 1858 ageretur,
3692 1807 3776 1846 cu-

488 1865 756 1950 minatum
798 1893 1049 1965 Sergium
1084 1865 1480 1949 abstollendum
1505 1905 1571 1946 ac
1620 1865 2075 1944 interﬁciendum.
2107 1865 2157 1929 Β
2180 1883 2336 1956 piens
2362 1883 2478 1955 ipse
2505 1882 3021 1954 przecipuuspastor
3040 1890 3096 1937 et
3115 1882 3362 1954 egregius
3385 1881 3646 1952 pontifex
3677 1885 3777 1939 sal-

486 1985 742 2043 Protinus
765 1987 963 2042 direxit
988 1985 1102 2056 ipse
1122 1983 1499 2041 sanctissimus
1530 1981 1772 2054 pontifex
1796 1996 1920 2037 cum
1939 1995 2080 2051 pra:-

485 2081 782 2136 nominatis
820 2079 1111 2151 Campanis
1145 2093 1273 2136 suos
1306 2076 1652 2134 fidelissimos
1676 2075 1988 2148 ministros,
2019 2081 2082 2130 ut

486 2169 922 2226 demonstrarent
959 2170 1138 2226 locum
1169 2168 1262 2225 ubi
1289 2167 1466 2239 ipsum
1498 2166 1750 2238 Sergium
1791 2163 2081 2221 interfece-

483 2269 614 2317 runt
633 2269 796 2332 atque
817 2262 1161 2333 sepelierunt,
1183 2272 1239 2318 et
1254 2269 1610 2332 properantes
1629 2266 1896 2315 venerunt
1909 2271 2082 2329 usque

482 2352 543 2408 in
565 2352 895 2410 Merolanam
909 2352 978 2408 ad
998 2368 1186 2408 arcum
1207 2352 1480 2424 depictum
1501 2365 1662 2422 quem
1682 2365 1840 2406 secus
1854 2348 2000 2404 viam
2027 2359 2079 2415 ιι,

483 2462 608 2516 qum
659 2447 808 2504 ducit
849 2449 919 2504 ad
962 2447 1498 2512 ecclesiam.sanctaa
1536 2443 1632 2500 Dei
1680 2441 1974 2500 Genitricis
2011 2442 2082 2497 ad

481 2537 751 2610 Praesepe,
808 2539 992 2610 ibique
1020 2538 1179 2609 juxta
1218 2538 1473 2595 eumdem
1529 2551 1718 2592 arcum
1770 2534 2082 2606 aperientes

480 2644 650 2685 unam
673 2631 1007 2700 sepulturam
1032 2631 1541 2686 demonstraverunt
1565 2643 1762 2698 corpus
1784 2626 1929 2682 illius
1960 2626 2084 2682 Ser-

479 2722 556 2792 gii
583 2723 897 2792 repositum,
921 2722 1159 2792 funeque
1173 2720 1291 2791 ejus
1310 2727 1496 2792 guttur
1517 2719 1895 2783 constrictum,
1918 2727 2085 2788 atque

480 2815 683 2870 ictibus
720 2823 894 2870 totum
929 2830 1128 2885 corpus
1174 2813 1293 2882 ejus
1329 2815 1692 2870 vulneratum.
1770 2811 1923 2870 Unde
1971 2827 2081 2868 non

482 2906 647 2961 dubie
663 2913 748 2961 est
771 2905 1092 2963 sufl'ocatum
1117 2923 1182 2963 ac
1207 2908 1526 2964 semivivum
1547 2906 1716 2963 fuisse
1743 2914 1890 2962 terra
1917 2906 2084 2963 obru-

481 3003 622 3052 tum.
649 2997 804 3066 Quod
828 3007 1114 3056 cernentes
1140 3000 1383 3056 universi
1414 3001 1678 3072 primates
1697 2999 1979 3066 Ecclesiae,
2016 3013 2082 3056 ac

477 3085 696 3158 judices
742 3090 985 3158 militiai,
1026 3092 1382 3149 ascendentes
1425 3093 1758 3150 unanimiter
1794 3109 1918 3149 cum
1960 3093 2083 3149 uni-

481 3193 644 3241 verso
663 3180 863 3251 populo
892 3182 946 3237 in
975 3182 1344 3240 Lateranense
1375 3184 1790 3255 patriarchium,
1813 3183 2080 3254 prostrati

483 3233 798 3342 apostolicis
837 3271 1081 3342 vestigiis
1114 3273 1314 3330 obnixe
1339 3233 1590 3331 eumdem
1619 3233 1915 3330 almiliclum
1941 3289 2079 3345 pon-
2106 3233 2154 3302 c

481 3363 689 3420 tilicem
731 3365 1005 3436 deprecati
1041 3374 1256 3423 suntut
1288 3368 1584 3425 vindictam
1623 3377 1789 3439 atque
1823 3369 2078 3424 emenda-

481 3453 690 3510 tionem
717 3452 836 3510 ﬁeri
873 3457 1225 3528 praecepisset
1248 3459 1316 3514 de
1353 3467 1506 3516 tanto
1547 3460 1791 3516 inaudito
1818 3459 2034 3530 piaculo
2058 3500 2075 3528 ,

479 3545 539 3600 in
567 3563 635 3604 eo
654 3549 798 3618 quod
818 3552 1291 3621 praesumpsissent
1311 3567 1497 3610 secum
1519 3553 1547 3594 δ
1575 3553 1852 3610 hominem
1880 3555 2078 3626 saepius

483 3641 775 3696 tormentis
803 3652 1209 3700 wncrematum
1245 3646 1538 3703 crudeliter
1577 3648 1904 3714 interﬁcere,
1933 3648 2077 3720 quod

480 3728 689 3785 factum
733 3748 1011 3802 nunquam
1051 3735 1278 3806 legitur;
1314 3746 1654 3804 asserentes,"
1689 3739 1817 3808 quia
1860 3737 1906 3794 si
1954 3738 2078 3794 talis

481 3818 672 3890 ﬂagitii
693 3831 877 3878 reatus
900 3839 1008 3879 non
1031 3827 1553 3895 expiaretur,'nimis
1581 3829 1697 3898 ipsa
1723 3829 1887 3900 impia
1911 3839 2080 3886 teme-

481 3910 667 3967 ritatis
700 3917 1053 3985 przesumptio
1080 3917 1136 3971 in
1164 3917 1266 3973 hac
1300 3919 1711 3977 Romana'urbe
1742 3922 2033 3991 pullularet
2059 3963 2076 3989 ,

2183 1991 2312 2032 vare
2337 1977 2575 2032 animam
2592 1975 2707 2047 jam
2726 1975 2857 2032 dicti
2881 1975 3066 2043 Pauli,
3095 1989 3165 2032 ne
3182 1976 3236 2030 in
3259 1983 3522 2031 aeternum
3537 1976 3771 2046 periret,

2181 2067 2380 2126 ascribi
2408 2068 2533 2125 fecit
2559 2069 2960 2140 suggestionem
2982 2083 3138 2123 suam
3148 2065 3506 2124 Constantino
3523 2076 3580 2122 et
3603 2068 3772 2124 Leoni

2179 2163 2441 2234 Augustis
2498 2163 2816 2234 magnisque
2861 2161 3280 2233 imperatoribus
3330 2159 3648 2230 signiﬁcans
3702 2162 3770 2216 de

2181 2255 2351 2327 ipsius
2378 2256 2554 2326 Scrgii
2580 2256 2711 2313 croci
2741 2255 2906 2328 impia
2927 2264 3129 2322 morte,
3156 2262 3321 2326 atque
3349 2254 3658 2325 deprecans
3684 2270 3769 2309 eo.

2182 2366 2305 2408 rum
2349 2349 2686 2420 imperialem
2733 2349 3078 2406 clementiam
3116 2357 3181 2405 ut
3219 2350 3289 2405 ad
3337 2349 3768 2406 emendationem

2174 2442 2320 2499 .tanti
2344 2450 2528 2498 reatus
2550 2442 2724 2513 ipsum
2749 2441 2977 2497 Paulum
3002 2440 3204 2512 suscipi
3223 2450 3282 2497 et
3305 2441 3364 2496 in
3388 2441 3529 2512 ipsis
3554 2441 3768 2497 Currit

2181 2534 2425 2606 partibus
2445 2533 2499 2588 in
2521 2532 2710 2590 exsilio
2736 2532 3102 2604 mancipatum
3135 2531 3361 2588 retineri
3388 2532 3771 2604 praecepth

2187 2622 2611 2697 [principerent].

2256 2716 2571 2787 Direxitque
2602 2717 2850 2774 eamdem
2895 2718 3298 2790 suggestionem
3347 2716 3472 2786 ejus
3515 2726 3602 2773 ter
3628 2719 3774 2773 beato

2183 2807 2351 2864 Leoni
2375 2807 2809 2879 archiepiscopo,
2840 2818 2901 2865 ut
2930 2811 3108 2881 ipsum
3141 2809 3373 2866 Paulum
3397 2810 3774 2867 Constantino-

2181 2898 2349 2970 polim
2367 2897 2423 2954 in
2442 2898 2654 2966 exsilio,
2679 2899 2794 2955 sive
2830 2914 2929 2970 per
2957 2901 3234 2967 Venetias,
3259 2901 3382 2959 sive
3403 2901 3632 2960 aliunde
3652 2919 3775 2974 qna-

2183 2990 2308 3048 liter
2323 2991 2610 3062 potuisset,
2634 2991 2893 3064 dirigeret
2926 3009 3051 3049 cum
3071 2993 3298 3065 praefata
3331 2996 3633 3066 apostolia
3658 3012 3778 3068 sug-

2183 3085 2444 3156 gestione.
2493 3084 2612 3157 Ipse
2640 3101 2771 3142 vero
2815 3087 3254 3158 archiepiscopus
3296 3087 3580 3146 insidians
3613 3089 3776 3146 vehe-

2182 3185 2396 3232 menter
2435 3177 2611 3233 eidem
2646 3178 2837 3245 Paulo,
2871 3178 3119 3235 adhibuit
3146 3179 3377 3250 impiam
3409 3182 3775 3248 occasione,

2185 3267 2423 3340 dirigens
2465 3268 2642 3325 eidem
2691 3271 2965 3342 praecipuo
3006 3271 3254 3342 pontifici
3309 3272 3370 3328 in
3433 3274 3715 3345 responsis
3761 3291 3776 3328 :

2178 3357 2494 3430 Expedibile
2520 3376 2630 3417 non
2653 3376 2777 3418 esse
2809 3363 3060 3419 eumdem
3098 3363 3330 3419 Paulum
3366 3363 3506 3420 illuc
3534 3365 3777 3436 dirigere,

2180 3450 2236 3507 in
2273 3466 2340 3507 eo
2383 3453 2529 3524 quod
2586 3452 2897 3511 Desiderius
2939 3455 3431 3528 Longobardorum
3485 3473 3591 3514 rex
3623 3459 3780 3514 ﬁlium

2179 3541 2425 3599 Mauricii
2452 3543 2606 3601 ducis
2635 3544 2986 3602 Venetiarum
3030 3549 3172 3619 apud
3213 3561 3275 3604 se
3323 3557 3561 3620 captum
3590 3550 3781 3607 detine-

2178 3641 2282 3700 ret,
2310 3649 2380 3690 ne
2401 3634 2518 3704 ipse
2539 3634 2834 3692 Mauricius
2858 3637 3030 3693 filium
3062 3653 3218 3693 suum
3243 3639 3479 3710 cupiens
3503 3641 3578 3696 ab
3602 3643 3778 3696 eodm

2180 3739 2307 3798 rege
2337 3725 2602 3796 recipere,
2632 3726 2886 3785 eumdem
2929 3727 3155 3784 Paulum
3187 3728 3265 3784 illi
3291 3731 3574 3788 vicarium
3608 3732 3777 3788 trade-

2178 3825 2282 3874 ret.
2301 3842 2314 3870 .-
2337 3818 2480 3876 Ecce
2521 3820 2737 3890 qualem
2777 3823 3123 3879 occasionem
3177 3823 3294 3894 ipse
3329 3826 3782 3899 archiepiscopus

2178 3910 2421 3968 ecclesia:
2466 3912 2865 3970 Ravennatium
2907 3916 3100 3974 callide
3153 3917 3440 3988 adhibuit,
3497 3931 3564 3976 ut
3610 3923 3779 3992 ipsum

481 4011 825 4060 assumentes
861 4020 931 4060 ex
971 4005 1075 4063 hoc
1111 4008 1395 4064 audaciam
1423 4012 1666 4080 perversi
1703 4011 1973 4078 homines,
2017 4021 2080 4070 ut
2178 4001 2407 4061 Paulum
2453 4007 2769 4080 extinguere
2812 4009 3036 4066 valeret.
3082 4009 3282 4082 Sictme
3318 4012 3550 4070 remisit
3580 4016 3645 4070 ad
3665 4030 3782 4085 apo-

481 4103 758 4152 tcntarent
785 4096 970 4169 pejora
1000 4109 1338 4172 perpetrare.
1379 4103 1532 4160 Tunc
1554 4103 1812 4175 prmfatus
1847 4106 2077 4163 sanctis-
2178 4096 2426 4154 SlOliCam
2472 4098 2656 4154 sedem
2693 4101 3098 4172 suggestionem
3139 4101 3311 4157 illam-
3339 4102 3482 4160 Post
3516 4105 3636 4162 hac
3659 4120 3783 4160 vero

479 4185 654 4242 simus
675 4189 872 4259 praesul
902 4191 1154 4260 precibus
1185 4202 1209 4232 ο
1235 4190 1483 4261 judicum
1514 4195 1868 4266 universique
1892 4190 2076 4268 populi
2178 4203 2302 4244 cum
2330 4189 2448 4258 ipse
2485 4190 2862 4248 sanctissimus
2888 4193 3090 4264 praesul
3129 4193 3426 4251 direxisset
3459 4196 3779 4270 Gregorium

483 4277 721 4335 Romani
741 4278 907 4348 jussit
939 4283 1260 4340 contrudere
1285 4285 1587 4342 antefatum
1611 4287 1895 4344 Calvulum
1923 4290 2077 4346 cubi-

2181 4279 2519 4336 sacellarium
2543 4296 2700 4337 suum
2725 4283 2794 4339 ad
2813 4283 3152 4341 Desiderium
3179 4285 3682 4358 Longobardorum
3707 4305 3785 4346 re-

479 4371 746 4428 cularium
767 4381 823 4428 et
849 4377 1272 4444 praenominatos
1295 4376 1602 4450 Campanos
1624 4381 1880 4452 prtefecto
1900 4384 2072 4453 urbis,

2181 4387 2300 4444 gem
2320 4374 2716 4445 deprecationis
2755 4385 2921 4449 atque
2941 4378 3265 4436 hortationis
3291 4395 3464 4438 causa
3489 4399 3601 4455 pro
3634 4385 3783 4440 resn-

477 4471 542 4517 ut
585 4465 1170 4523 morehomicidarum
1220 4483 1316 4525 eos
1368 4485 1554 4527 coram
1595 4472 1851 4530 universo
1878 4475 2077 4545 populo
2176 4468 2393 4525 tuendis
2413 4468 2656 4538 meatis
2685 4471 2754 4526 ab
2789 4485 2856 4526 00
2898 4471 3095 4529 ablatis
3119 4472 3440 4531 οίνίῑθιίδαε
3465 4517 3485 4542 ν
3519 4478 3785 4548 Prw?“

478 4555 838 4666 examinaret.
861 4557 1198 4632 Deductique
1217 4560 1502 4632 elephanto
1523 4562 1580 4636 [e
1599 4567 1930 4635 patriarchio
1942 4583 2076 4640 prae-

2181 4559 2229 4614 ei
2261 4567 2322 4614 ut
2346 4558 2575 4617 ﬁrmiter
2599 4570 3003 4620 contestaretur
3033 4563 3271 4622 Leonem
3294 4568 3785 4643 archiepiscopum

477 4646 614 4722 fato]
662 4649 720 4705 in
759 4665 1036 4709 carcerem
1087 4654 1366 4724 publicum
1390 4695 1409 4725 ,
1451 4656 1565 4714 illic
1597 4671 1782 4716 coram
1815 4659 2072 4719 universo
2099 4646 2156 4666 "
2178 4661 2448 4728 quatenus
2484 4672 2610 4715 eum
2637 4673 2962 4715 conservare
2982 4659 3228 4717 studeret
3275 4660 3544 4731 Paulum,
3579 4672 3640 4720 et
3662 4679 3786 4720 cun

476 4742 678 4814 populo
699 4745 997 4802 examinati
1023 4755 1171 4804 sunt.
2178 4741 2545 4808 reverteretur
2567 4764 2601 4806 a
2623 4751 2814 4809 Ticino
2827 4792 2844 4820 ,
2876 4767 3063 4815 secum
3079 4768 3207 4810 eum
3225 4754 3336 4812 huc
3354 4754 3608 4813 Romam
3631 4757 3790 4815 red-

551 4838 752 4912 Sicque
789 4841 895 4915 ipsi
916 4841 1179 4915 Campani
1203 4843 1346 4902 sicut
1383 4844 1559 4918 prius,
1600 4844 1678 4903 ita
1705 4855 1764 4904 et
1794 4847 1852 4904 in
1879 4849 2072 4908 eadem
2179 4851 2349 4901 ceret.
2400 4843 2648 4916 Dumque
2698 4845 2958 4916 praefatus
3009 4846 3308 4920 Gregorius
3347 4849 3692 4909 sacellan‘us
3733 4852 3789 4908 in

419 4929 443 5033 ξ
476 4932 880 5033 examinatione
907 4935 1142 5033 confessi
1162 4944 1308 4994 sunt.
1335 4937 1593 5033 calvulus
1610 4952 1766 5008 vero,
1795 4941 2072 4999 obdurans
2179 4934 2574 5033 Ravennatinm
2596 4948 2944 5012 properasset
2981 4942 3174 4997 urbem
3188 4981 3206 5010 ,
3249 4949 3587 5002 constanter
3612 4961 3681 5002 ac
3701 4945 3794 5001 ﬁr-

417 5025 434 5084 ς’
475 5035 576 5076 cor
611 5038 792 5093 suum,
819 5027 913 5083 vix
941 5025 1224 5085 confessus
1260 5035 1346 5086 est
1376 5029 1455 5085 ita
1478 5030 1664 5087 omnia
1697 5047 1841 5099 esse,
1867 5033 1961 5104 qui
1990 5041 2072 5090 ta-
2178 5029 2345 5087 miter
2375 5036 2710 5101 protestatus
2746 5039 2832 5088 est
2874 5030 3174 5088 antefatum
3216 5034 3710 5108 archiepiscopum
3741 5043 3796 5091 et

477 5125 610 5170 men
639 5117 696 5170 in
722 5118 915 5174 eodem
943 5135 1165 5177 carcere
1191 5120 1399 5177 crudeli
1426 5129 1603 5178 morte
1626 5122 1812 5178 amisit
1844 5123 2069 5198 [emisit]
2174 5119 2387 5193 judices
2432 5122 2766 5180 Ravinianos
2815 5138 2884 5180 ex
2940 5124 3308 5196 praeceptione
3357 5127 3674 5197 apostolici:
3738 5127 3794 5182 ἰι

478 5207 751 5276 spiritum.
793 5211 902 5270 Pro
938 5231 1070 5272 vero
1103 5216 1449 5287 amputandis
1489 5223 1602 5272 tam
1639 5215 2071 5277 intolerabilibus
2178 5215 2470 5287 praesentia
2489 5215 2722 5271 Anualdi
2741 5215 3058 5272 chartularii
3080 5225 3211 5274 tunc
3230 5217 3307 5273 ibi
3328 5218 3638 5276 existentis
3657 5219 3800 5275 civis

480 5299 673 5373 ﬂagitii
708 5305 980 5374 reatibus,
1025 5309 1179 5366 missi
1209 5317 1336 5367 sunt
1378 5308 1480 5382 ipsi
1515 5308 1777 5381 Campani
1800 5310 2073 5370 Constan-
2181 5307 2432 5375 Romani,
2473 5308 2568 5380 qui
2589 5307 2792 5364 ibidem
2825 5308 3028 5364 missus
3051 5315 3173 5366 erat
3193 5308 3263 5364 ab
3291 5308 3608 5379 apostolica
3632 5311 3798 5374 sede.

480 5392 764 5463 tinopolim
792 5395 850 5451 in
878 5399 1148 5457 exsilium.
2180 5403 2392 5460 salvum
2434 5412 2598 5474 atque
2641 5401 2971 5458 incolumem
3014 5403 3192 5473 ipsum
3231 5401 3463 5458 Paulum
3501 5418 3804 5461 reserva-

553 5487 682 5544 Post
708 5490 824 5544 haec
838 5488 1003 5559 jussit
1025 5493 1296 5554 antefatus
1317 5499 1666 5557 beatissimus
1691 5514 1831 5573 papa
1855 5503 2071 5560 abstolli
2179 5498 2330 5563 dum,
2357 5497 2528 5552 donec
2547 5512 2578 5551 a
2599 5495 2789 5550 Ticino
2811 5503 3198 5561 reverteretur,
3215 5511 3468 5553 asserens
3484 5497 3602 5553 sibi
3629 5499 3804 5555 fuisse

483 5597 710 5653 corpora
763 5582 1139 5655 Christophori
1190 5595 1246 5657 et
1297 5593 1674 5660 praenominati
1731 5594 1907 5666 Sergii
1957 5595 2074 5666 ejus

2181 5597 2509 5659 prmceptum
2554 5587 2623 5642 ab
2652 5587 2949 5657 apostolica
2993 5595 3265 5657 potestate
3289 5603 3416 5644 eum
3447 5603 3652 5646 secum
3690 5591 3804 5646 Ro-

483 5675 599 5742 tilii,
634 5691 806 5748 eaque
844 5692 969 5734 cum
997 5678 1202 5735 honore
1236 5681 1292 5737 in
1325 5685 1553 5743 ecclesia
1588 5687 1735 5746 beati
1771 5687 1919 5746 Petri
1945 5689 2076 5752 fecit
2180 5697 2324 5740 mam
2354 5680 2748 5752 deportandum
2770 5688 2826 5737 et
2859 5682 3171 5752 apostolicis
3209 5683 3423 5740 salvum
3448 5697 3806 5758 pnesentan—

555 5803 579 5865 ξι
605 5787 737 5865 god.
767 5789 922 5865 huc”
949 5792 1039 5865 qui
1065 5806 1141 5849 est
1167 5812 1313 5853 secus
1345 5799 1502 5854 viam.

2257 5814 2279 5842 ο
2311 5797 2443 5856 Cod.
2471 5798 2605 5856 Luc.
2625 5839 2641 5867 ,
2681 5797 2963 5856 inclinatus
2991 5802 3251 5872 precibus.

557 5859 585 5897 1)
611 5859 741 5916 Cod.
771 5863 929 5932 Luc.,
961 5859 1178 5922 cwcum.

3388 6003 3465 6014 ....,_
3515 5996 3568 6012 ν.
