3950 6312
128 409 276 468 ΗΠ

1681 398 1851 455 Vl'l‘A.

3263 357 3402 468 mi

123 530 264 584 dum
303 522 598 578 obtutibus.
653 518 779 574 Haec
806 530 935 574 vero
972 517 1147 589 ipsum
1183 526 1490 589 praestans
1527 515 1705 573 archi-
1733 517 1788 577 Α
1811 513 1878 568 ad
1901 529 2022 568 eum
2045 515 2481 587 properantibus,
2513 524 2573 572 ut
2602 515 2706 588 ipsi
2729 517 2826 574 Dei
2860 519 3049 577 famuli
3074 523 3396 595 retulerunt,

122 619 466 688 episcopum,
507 620 745 682 emptum
769 609 1016 666 Ticinum
1065 610 1339 681 profectus
1366 618 1451 664 est
1479 610 1607 674 iter,
1657 617 1713 663 et

122 709 390 765 continuo
410 703 834 776 prienominatus
855 704 1291 774 archiepiscopus
1311 704 1574 760 accersito
1589 718 1714 759 con-

122 800 317 858 sulare
360 797 753 852 Ravennatium
795 796 1051 861 civitatis,
1073 796 1331 866 praicepit
1355 797 1406 851 ei
1430 796 1605 867 ipsum
1628 796 1712 850 in-

123 891 509 950 tertieiendum
537 888 785 944 Paulum.
814 888 883 942 Et
913 888 1042 943 dum
1062 903 1311 944 reversus
1331 887 1523 944 fuisset
1547 903 1715 958 smpe-

125 987 281 1043 fatus
328 984 660 1050 sacellarius,
706 985 1127 1054 Ravennamque
1158 983 1540 1054 conjungeret,
1572 985 1715 1039 inve-

123 1083 214 1136 nit
237 1079 683 1151 prtetiominatum
717 1077 940 1132 Paulum
962 1077 1076 1148 jam
1101 1078 1460 1144 interfectum,
1485 1093 1583 1148 pro
1609 1091 1717 1147 quo

124 1171 299 1229 nimis
328 1171 623 1241 increpavit
659 1170 1118 1240 archiepiscopum
1145 1171 1391 1224 eumdem
1413 1211 1428 1236 ,
1456 1187 1554 1225 cur
1578 1185 1717 1242 prte-

128 1261 454 1332 sumpsisset
491 1269 679 1316 contra
708 1259 1060 1331 apostolicum
1088 1269 1416 1330 praeceptum
1440 1260 1623 1315 taliter
1649 1259 1717 1314 de

129 1355 328 1410 eodem
358 1353 523 1408 Paulo
548 1367 725 1424 agere.
761 1352 890 1406 Post
907 1350 1213 1421 aliquautos
1238 1350 1419 1420 itaque
1442 1349 1557 1406 dies
1584 1365 1713 1422 pro-

122 1450 252 1519 pria
273 1447 602 1503 conscientia
626 1445 769 1501 idem
794 1443 1234 1515 archiepiscopus
1264 1443 1424 1499 tertio
1461 1455 1488 1484 ι
1519 1442 1718 1497 direxit

123 1540 522 1610 przenominato
563 1537 905 1594 sanctissimo
923 1551 1074 1608 papa:
1103 1552 1201 1607 per
1236 1533 1508 1590 lulianum
1539 1534 1710 1590 tribu-

125 1650 263 1687 num
292 1649 446 1688 suum
482 1633 732 1698 missum,
759 1632 1054 1702 deprecans
1084 1629 1406 1702 apostolicas
1431 1629 1531 1684 sibi
1551 1629 1713 1700 dirigi

124 1724 341 1780 litteras
364 1739 428 1780 ac
471 1723 853 1779 consolationis
903 1722 1106 1778 monita
1133 1764 1148 1788 ,
1190 1723 1347 1794 quasi
1393 1723 1538 1778 nulla
1572 1723 1712 1779 illius

1814 603 1931 672 ejus
1953 606 2178 675 pedibus
2202 606 2475 675 provoluti
2503 623 2690 664 coram
2718 609 2992 678 judicibus
3016 612 3401 685 Langobardo-

1813 715 1935 754 rum
1977 716 2101 755 cum
2129 700 2384 771 lacrymis
2407 717 2476 757 ex
2519 717 2750 772 persona
2789 704 3015 760 antefati
3043 707 3230 764 vicarii
3257 708 3402 766 beati

1813 789 1959 846 Petri
1997 808 2122 848 eum
2149 793 2424 863 deprecati
2469 803 2616 861 sunt,
2650 804 2709 850 ut
2741 811 2773 850 a
2801 797 2969 852 tantis
3012 797 3170 854 malis
3212 799 3404 870 resipi-

1813 892 1990 940 sceret
2017 893 2071 940 et
2090 885 2346 955 praefatas
2372 901 2508 957 quas
2537 887 2764 944 abstulit
2786 888 3035 944 civitates
3054 890 3214 946 beato
3240 890 3403 948 Petro

1815 977 2080 1034 redderet.
2111 977 2220 1035 Sed
2269 993 2610 1050 nequaquam
2668 979 2788 1050 ejus
2833 981 3108 1052 lapideum
3160 999 3256 1040 cor
3310 987 3404 1041 de-

1814 1067 2030 1125 ﬂectere
2057 1070 2361 1126 valuerunt.
2380 1071 2578 1143 Sicque
2611 1072 2930 1132 infructuosi
2960 1076 3061 1146 ipsi
3092 1077 3187 1133 Dei
3214 1077 3401 1133 famuli

1816 1163 2019 1218 reversi
2051 1173 2194 1218 sunt.
2227 1164 2474 1236 Dirigens
2501 1180 2628 1221 suos
2657 1176 2681 1204 °
2703 1165 2899 1222 missos
2925 1166 3234 1224 Desiderius
3258 1169 3400 1223 idem

1816 1259 1883 1313 ad
1931 1257 2227 1314 antcfatum
2280 1260 2656 1316 beatissimum
2687 1262 3016 1332 pontificem,
3067 1263 3121 1324 id
3167 1273 3250 1320 est
3291 1265 3402 1320 An-

1816 1349 1998 1405 dream
2020 1350 2445 1408 referendarium
2465 1363 2520 1408 et
2549 1354 2812 1412 Stabilem
2835 1357 3049 1424 ducem,
3082 1367 3142 1413 ut
3182 1374 3306 1414 cum
3332 1376 3400 1415 eo

1814 1443 2018 1513 pariter
2054 1444 2122 1497 ad
2155 1443 2481 1515 loquendum
2529 1445 2746 1502 deberet
2790 1448 3062 1520 conjungi,
3091 1463 3226 1520 quos
3277 1466 3400 1507 sus-

1816 1535 2023 1606 cipiens
2059 1536 2232 1592 isdem
2259 1537 2524 1595 almificus
2543 1550 2733 1610 pastor
2776 1542 2853 1598 ita
2882 1543 2961 1600 eis
2990 1545 3284 1615 respondit,
3316 1545 3401 1600 ἰη-

1816 1626 2007 1697 quiens
2036 1645 2048 1680 :
2077 1627 2170 1682 Sic
2206 1629 2319 1700 regi
2343 1638 2522 1686 vestro
2562 1647 2628 1687 ex
2654 1647 2773 1688 mea
2814 1647 3046 1703 persona
3084 1636 3402 1701 satisfacitc,

1815 1733 1903 1772 me
1937 1719 2090 1774 vobis
2115 1720 2343 1776 firmiter
2385 1736 2571 1777 coram
2609 1724 2721 1780 Deo
2771 1727 3138 1797 omnipotente
3179 1728 3406 1797 promit-

120 1825 412 1888 putaretur
452 1815 607 1885 culpa
635 1812 875 1884 ejusdem
903 1815 930 1854 ιι
959 1813 1111 1869 Pauli
1141 1821 1341 1879 morte,
1373 1813 1441 1884 in
1471 1829 1536 1870 eo
1570 1815 1713 1884 quod
1820 1818 1980 1875 tente,
2009 1812 2135 1881 quia
2173 1813 2222 1868 si
2269 1812 2554 1884 przedictas
2599 1815 2848 1872 civitates
2883 1817 3028 1872 beati
3075 1817 3220 1873 Petri
3269 1835 3407 1889 quas

121 1909 352 1978 sanguis
383 1905 682 1962 innocentis
706 1905 852 1960 ultus
881 1904 1088 1961 fuisset.
1123 1905 1229 1961 Sed
1258 1905 1404 1961 nullo
1425 1907 1584 1962 modo
1609 1922 1710 1977 po-
1740 1889 1790 1950 Β
1819 1915 2062 1977 tempore
2085 1922 2206 1963 meo
2245 1909 2466 1964 abstulit
2493 1909 2625 1964 mihi
2649 1909 2974 1977 reddiderit,
3001 1911 3258 1967 continuo
3291 1912 3407 1966 sive

123 2002 252 2056 tuit-
274 2001 445 2071 ipsum
478 1999 880 2054 sanctissimum
915 2013 1110 2070 papam
1140 2008 1162 2037 ο
1197 1999 1510 2070 pontiﬁcem
1553 1999 1716 2055 decli-

122 2111 264 2148 nare
300 2091 640 2166 [inclinare],
674 2093 747 2147 ita
771 2092 847 2147 illi
869 2092 1109 2164 dirigens
1138 2091 1192 2147 in
1218 2092 1529 2162 responsis:
1561 2092 1714 2160 Quod

123 2191 247 2261 ipse
279 2191 478 2255 videat,
517 2190 648 2261 quid
673 2191 727 2244 in
756 2189 944 2245 eodem
969 2188 1134 2244 Paulo
1163 2196 1416 2258 operatus
1444 2195 1545 2243 est.
1578 2188 1713 2243 Nam

120 2281 280 2337 certe
302 2298 402 2352 ego
431 2283 668 2337 animam
701 2279 818 2350 ejus
853 2280 1066 2336 salvare
1089 2281 1314 2350 cupiens
1338 2321 1352 2347 ,
1384 2281 1714 2351 paenitentia:

118 2389 256 2429 enm
287 2373 531 2428 submitti
577 2373 939 2428 decreveram.
995 2371 1118 2427 Ideo
1162 2387 1342 2426 meum
1371 2370 1713 2426 sacellarium

122 2463 309 2519 direxi
371 2464 477 2518 huc
536 2463 762 2518 Romam
811 2479 935 2520 eum
989 2461 1359 2518 deferendum.
1435 2463 1713 2532 Siquidem

118 2557 441 2614 nominatus
479 2557 787 2614 Desiderius
817 2557 1292 2627 Longobardorum
1322 2572 1418 2612 rex
1451 2557 1714 2629 superbiae

119 2665 178 2709 et
214 2651 490 2723 jactantiae
515 2649 656 2705 fastu
693 2651 920 2718 levatus,
948 2666 1054 2722 qua
1083 2653 1218 2707 hora
1250 2651 1502 2722 praefatas
1527 2651 1716 2706 civita-

123 2755 218 2801 tes
246 2745 582 2800 Exarcbatus
610 2745 1006 2800 Ravennatium
1043 2745 1288 2810 abstulit,
1321 2743 1608 2800 confestim
1639 2744 1716 2799 di-

121 2839 270 2895 rexit
294 2837 691 2894 multitudinem
727 2839 1018 2905 exercitus,
1048 2847 1102 2894 et
1123 2852 1388 2908 occupare
1425 2836 1554 2892 fecit
1577 2837 1714 2892 ﬁnes

120 2929 438 2993 civitatum,
471 2929 525 2986 id
549 2938 635 2985 est
680 2928 1118 3001 Senogalliensis,
1168 2929 1536 2987 Monteferreti
1564 2970 1578 2995 ,
1612 2930 1714 2987 Ur-

121 3023 266 3088 bini,
300 3021 552 3093 Eugubii,
587 3031 643 3078 et
663 3030 979 3080 cieterarum
1006 3023 1287 3080 civitatum
1322 3023 1712 3088 Romanorum,

1818 1999 2022 2065 Ticini,
2056 2000 2170 2056 sive
2197 2000 2489 2066 Ravennae,
2513 2004 2627 2057 sive
2650 2001 2907 2068 Perusiae,
2936 2003 3051 2059 sive
3081 2003 3170 2058 hic
3193 2002 3402 2070 Romae,

1814 2091 1899 2148 vel
1927 2093 2090 2147 etiam
2116 2091 2208 2147 ubi
2240 2093 2315 2148 illi
2335 2093 2593 2164 placitum
2621 2093 2804 2160 fuerit,
2851 2097 2920 2152 ad
2959 2095 3076 2164 ejus
3103 2098 3406 2166 properabo

1814 2186 2175 2256 praesentiam,
2205 2197 2261 2242 et
2315 2201 2439 2242 cum
2481 2201 2547 2243 eo
2591 2188 2796 2258 pariter
2839 2203 2928 2244 me
2969 2188 3406 2261 conjungendum

1815 2284 1977 2346 atque
2032 2277 2449 2347 colloquendum
2502 2293 2624 2348 quae
2680 2281 2747 2334 ad
2796 2280 3028 2336 salutem
3076 2280 3258 2352 populi
3311 2282 3407 2336 Dei

1815 2377 2168 2438 utrarumque
2184 2371 2418 2440 partium
2443 2371 2758 2442 respiciunt.
2792 2371 2861 2426 Et
2888 2374 2934 2428 si
2962 2372 3191 2428 forsitan
3215 2373 3282 2429 de
3303 2374 3408 2430 hoc

1815 2460 2203 2516 dubitationem
2227 2462 2408 2528 habet,
2435 2478 2523 2519 me
2549 2479 2672 2518 cum
2694 2480 2760 2521 eo
2789 2465 3012 2522 minime
3041 2466 3238 2522 debere
3272 2481 3404 2524 con-

1807 2547 1981 2621 jungi,
2012 2561 2300 2622 postquam
2319 2552 2465 2622 ipsas
2489 2553 2738 2610 civitates
2767 2555 3081 2623 reddiderit,
3097 2556 3142 2611 si
3168 2572 3256 2612 me
3279 2571 3403 2612 cum

1814 2642 1932 2712 ipso
1958 2658 2066 2699 non
2084 2643 2418 2713 conjunxero
2441 2644 2790 2716 loquendum,
2804 2645 3078 2702 licentiam
3095 2646 3295 2702 habeat-
3309 2660 3405 2703 eas

1813 2733 1990 2791 denuo
2013 2736 2331 2807 occupandi.
2364 2735 2501 2791 Nam
2547 2737 2592 2791 si
2635 2738 2787 2808 prius
2822 2738 2966 2808 ipsas
3004 2737 3250 2793 civitates
3295 2752 3403 2793 non

1813 2827 2110 2884 reddiderit
2121 2838 2176 2884 et
2190 2827 2457 2898 justitiam
2470 2827 2627 2884 nobis
2641 2828 2861 2884 minime
2883 2827 3090 2894 fecerit,
3109 2828 3246 2884 sciat
3261 2828 3406 2898 quod

1811 2934 1913 2990 pro
1945 2931 2096 2978 certo
2137 2935 2314 2976 meam
2362 2936 2704 2992 nequaquam
2739 2922 2942 2978 videbit
2990 2921 3206 2977 faciem.
3252 2920 3406 2978 Unde

1815 3026 1943 3068 ecce
1958 3012 2281 3082 sequipedes
2293 3019 2505 3068 vestros
2529 3012 2764 3084 dirigere
2786 3013 3014 3068 studebo
3033 3027 3186 3068 meos
3211 3012 3408 3067 missos

122 3114 283 3185 plura
325 3115 636 3181 homicidia,
688 3123 744 3170 et
776 3115 1224 3186 deprtedationes,
1253 3123 1416 3185 atque
1465 3115 1714 3170 incendia

1815 3104 1884 3158 ad
1917 3105 2166 3160 eumdem
2183 3102 2438 3160 'vestrum
2463 3119 2667 3174 regem,
2692 3105 2784 3174 qui
2806 3105 3023 3162 easdem
3048 3104 3332 3175 recipiant,
3359 3105 3405 3160 si

123 3207 182 3261 in
223 3205 355 3275 ipsis
384 3206 582 3263 ﬁnibus
621 3216 1016 3278 perpetrantes.
1047 3208 1184 3264 Nam
1208 3211 1263 3263 in
1291 3207 1567 3264 civitatem
1593 3206 1713 3262 Ble-
1739 3245 1785 3310 ϐ
1818 3195 2046 3300 reddere.
2086 3195 2337 3300 κ’,οιιιθῐίις
2359 3195 2632 3310 ξείνίιξῑξθεν
2664 3204 2720 3252 ει
2841 3195 3242 3310 Ρξεξεθηιὶλίιιιει.
3268 3195 3372 3310 11??
3373 3211 3405 3248 ³

122 3314 318 3354 ranam
342 3300 576 3370 dirigens
596 3302 900 3372 generalem
912 3303 1209 3358 exercitum
1231 3303 1467 3372 partium
1480 3302 1709 3368 Tuscire,

1817 3287 1924 3342 mei
1975 3287 2127 3342 missi
2171 3289 2403 3357 receptis
2452 3288 2655 3343 eisdem
2705 3288 3016 3344 civitatibus
3061 3289 3128 3344 ad
3165 3303 3254 3345 me
3303 3289 3408 3344 hoc

124 3391 258 3447 dum
299 3392 400 3462 ipsi
442 3392 655 3452 Blerani
708 3393 763 3449 in
789 3392 985 3449 fiducia
1032 3395 1182 3464 pacis
1207 3395 1274 3450 ad
1325 3394 1714 3464 recolligendas

1817 3376 1993 3447 ipsum
2023 3377 2332 3434 nuntiantes
2362 3379 2566 3435 reversi
2595 3377 2812 3445 fuerint,
2865 3379 3122 3437 continuo
3172 3379 3241 3433 ad
3289 3377 3406 3448 ejus

123 3485 378 3555 proprias
417 3493 626 3556 segetes
677 3483 999 3555 generaliter
1033 3499 1158 3541 cum
1197 3485 1516 3541 mulieribus
1563 3494 1618 3540 et
1648 3484 1714 3540 ti-

1817 3468 1912 3524 ubi
1937 3467 2184 3534 voluerit,
2222 3476 2282 3522 ut
2327 3468 2532 3525 dictum
2575 3477 2677 3535 est,
2709 3470 3011 3540 properabo
3058 3469 3405 3542 praesentiam

124 3578 220 3633 liis
244 3588 409 3649 atque
443 3577 660 3635 famulis
684 3579 710 3618 ἀ
739 3578 1149 3650 egrederentur,
1187 3579 1463 3635 irruerunt
1494 3586 1714 3647 repente

1818 3559 1887 3615 ad
1911 3559 2072 3616 simul
2098 3575 2222 3616 cum
2246 3576 2313 3617 eo
2347 3560 2698 3630 loquendum.
2734 3560 2977 3631 lpsisqne
3021 3559 3406 3631 Longobardo—

122 3685 294 3739 super
345 3685 440 3726 eos
499 3671 600 3742 ipsi
648 3649 986 3742 Longobardi
1013 3713 1028 3738 ,
1072 3682 1128 3729 et
1181 3680 1404 3728 cunctos
1454 3670 1714 3742 primates

1818 3666 1940 3708 rum
1967 3649 2148 3706 missis
2169 3652 2588 3722 properantibus
2609 3660 2770 3722 atque
2791 3651 2859 3707 ad
2889 3667 3047 3707 suum
3085 3650 3407 3707 revertenti-

123 3761 319 3830 quanti
339 3761 544 3816 utiliter
567 3761 681 3835 [qui
714 3764 893 3838 utiles]
915 3766 970 3820 in
1000 3765 1185 3820 eadem
1211 3763 1430 3820 civitate
1459 3771 1614 3818 erant
1637 3761 1720 3817 in-
1817 3742 1920 3799 bus
1962 3757 2180 3838 resedi.
2206 3743 2428 3838 direxit
2468 3742 2586 3813 eius
2613 3751 2696 3800 ter
2723 3743 3000 3838 beatitddo
3037 3743 3294 3838 codtinuo
3338 3743 3408 3799 ad

125 3852 481 3921 terfecerunt,
533 3834 588 3911 et
630 3834 1125 3927 praedam—multam
1171 3866 1283 3912 tam
1317 3857 1383 3912 de
1411 3856 1714 3913 hominibus

1818 3834 2070 3891 eumdem
2094 3835 2433 3891 Desiderium
2479 3849 2664 3907 regem
2689 3852 2818 3893 suos
2857 3836 3052 3893 missos
3079 3837 3147 3892 ad
3185 3838 3404 3912 easdem

124 3958 295 4014 quam
342 3945 409 4000 de
434 3946 659 4016 peculiis
701 3948 1059 4016 abstulerunt,
1109 3949 1254 4006 ferro
1283 3957 1338 4005 et
1381 3949 1502 4020 igne
1524 3956 1718 4004 cuncta
1821 3929 2160 3999 ΐθοῘΡίεηάδε
2200 3929 2465 3997 “Vitam:
2521 3930 2731 3986 δοίιίοει
2783 3930 3054 3998 Ρπάιιων
3094 3930 3405 4003 ηιὶεἰοειιιη

124 4034 185 4089 in
235 4033 468 4092 circuitu
513 4039 879 4096 devastantes.
951 4041 1056 4097 Sed
1103 4042 1158 4097 in
1209 4042 1408 4098 finibus
1461 4040 1714 4097 Romana:

1819 4039 2143 4096 cgumenum
2172 4023 2574 4098 [hegumenum,
2606 4026 2660 4082 id
2709 4024 2823 4099 est]
2866 4025 3179 4098 praefectum
3230 4023 3251 4063 ί
3294 4039 3410 4080 mo-

123 4127 290 4186 urbis
319 4141 413 4182 seu
441 4138 494 4184 et
519 4138 837 4186 exterarum
867 4131 1151 4188 civitatum
1179 4132 1348 4188 multa
1373 4131 1513 4186 mala
1539 4145 1602 4185 ac
1633 4131 1714 4185 de-

1819 4119 2060 4174 nasterio
2085 4119 2231 4174 beati
2259 4118 2436 4183 Sabaz,
2467 4126 2524 4175 et
2564 4117 2909 4174 Anastasium
2937 4118 3175 4188 primum
3217 4114 3405 4171 defen-

121 4221 494 4292 praadationes
518 4222 660 4277 idem
692 4223 1002 4278 Desiderius
1022 4232 1336 4295 perpetrare
1349 4222 1532 4292 jussit,
1555 4223 1714 4279 etiam

1821 4224 2019 4266 sorem.
2046 4209 2470 4281 Pmsentatique
2496 4209 2612 4280 ejus
2639 4211 2919 4267 obtutibus
2946 4217 3001 4264 ct
3035 4208 3135 4280 ipsi
3183 4208 3412 4278 pedibus

123 4321 182 4368 et
205 4322 451 4368 castrum
480 4312 787 4370 Utriculum
815 4329 1085 4385 occupare
1107 4315 1260 4371 fecit.

1820 4301 1940 4374 ejus
1967 4313 2284 4360 corruentes
2326 4304 2585 4376 lacrymis
2613 4303 2850 4375 profusis
2880 4318 3006 4360 eum
3023 4303 3404 4378 deprecantes,

123 4419 138 4461 ν
201 4401 360 4458 Unde
383 4404 577 4475 saepius
599 4413 764 4476 atque
787 4407 984 4476 saapius
1009 4407 1123 4479 ipse
1144 4406 1488 4463 beatissimus
1522 4405 1714 4478 praesul

1819 4402 1882 4449 ut
1899 4392 2198 4448 antedietas
2224 4393 2475 4450 redderet
2517 4394 2792 4461 civitates,
2822 4394 3201 4466 promittentes
3228 4393 3278 4448 ei
3311 4406 3409 4464 per

125 4503 244 4550 tam
282 4509 382 4564 per
410 4496 800 4553 obsecrationis
839 4498 1050 4554 litteras
1083 4514 1352 4570 quamque
1394 4514 1492 4570 per
1523 4498 1714 4555 missos

1820 4483 2172 4556 apostolicam
2211 4485 2594 4541 auctoritatem
2641 4487 2744 4541 sub
2767 4484 3140 4555 jurejurando,
3167 4485 3318 4555 quia,
3360 4489 3406 4538 s'

123 4587 309 4642 eidem
334 4587 614 4645 Desiderio
641 4589 858 4657 direxit,
902 4591 1199 4662 deprecans
1232 4604 1356 4647 eum
1387 4600 1508 4646 uta
1551 4591 1722 4647 tantis
1747 4618 1801 4662 η
1822 4591 1918 4634 eas
1936 4576 2279 4644 reddidisset.
2310 4577 2495 4632 statim
2529 4579 2952 4648 pramominaws
2980 4576 3262 4632 almiﬁcus'
3282 4591 3412 4646 pon-

125 4679 296 4735 malis
323 4679 682 4750 resipisceret,
733 4690 790 4737 et
820 4695 916 4738 eas
953 4696 1090 4753 quas
1131 4681 1432 4739 abstulerat
1470 4681 1714 4738 civitates

1824 4669 1957 4728 tifex
1995 4673 2066 4728 ad
2101 4684 2228 4728 eum
2278 4677 2597 4740 properaret
2631 4668 3083 4741 proficiscendum
3131 4681 3198 4724 ae
3247 4666 3428 4724 collo--

125 4769 430 4830 redderet}.
460 4771 533 4829 lle
557 4786 688 4830 vero
724 4788 834 4830 non
857 4773 1034 4830 solum
1061 4775 1281 4831 easdem
1307 4787 1445 4846 quas
1481 4788 1720 4844 occupa-
1820 4763 2094 4836 quendum
2119 4763 2344 4834 pariter,
2375 4763 2472 4820 sed
2498 4777 2597 4834 per
2625 4761 2827 4818 nullam
2853 4763 3123 4818 rationem
3149 4757 3270 4830 ejus
3307 4758 3413 4815 fer-

124 4869 288 4917 verat
333 4860 436 4920 c"!
465 4870 584 4920 stes
622 4863 847 4922 minimc
876 4865 1106 4922 reddere
1142 4873 1228 4922 est
1263 4865 1576 4933 inclinatus,
1625 4865 1723 4923 sed
1820 4873 1976 4916 reum
2003 4866 2196 4930 pectus
2222 4866 2280 4915 et
2322 4858 2670 4915 durissimam
2701 4864 2942 4913 mentem
2984 4855 3198 4911 mollire
3222 4863 3413 4926 potue-

124 4965 232 5008 nec
271 4951 344 5007 ab
369 4958 558 5012 nium
584 4953 792 5010 malitia
818 4955 1076 5012 recedere
1116 4955 1306 5023 voluit,
1343 4971 1454 5013 non
1497 4971 1722 5014 cessans
1820 4957 1967 5016 runt,
2003 4949 2245 5020 nihilque
2263 4949 2590 5020 recipientes
2625 4949 2746 5005 sine
2771 4947 2969 5004 effectu
3015 4947 3222 5004 reversi
3259 4953 3408 5003 sunt.

121 5043 428 5100 crudeliter
450 5043 622 5101 multa
646 5053 808 5116 atque
832 5046 1194 5104 intolerabilia
1225 5047 1368 5103 mala
1386 5047 1588 5106 ﬁnibus
1611 5048 1722 5104 Ro-
1821 5041 2028 5100 Tamen
2046 5059 2155 5099 non
2179 5041 2476 5099 desistebat
2517 5041 2821 5098 antedictus
2843 5039 3087 5112 pontifex
3117 5055 3247 5098 suos
3274 5041 3409 5098 mis.

119 5149 440 5202 manorum,
463 5143 523 5190 ut
547 5136 751 5192 dictum
772 5145 877 5206 est,
900 5138 1174 5210 ingerere.
1821 5151 1913 5193 sos
1939 5137 2007 5194 ad
2033 5152 2158 5193 eum
2181 5152 2281 5208 per
2299 5136 2405 5193 hoc
2436 5135 2614 5206 ipsum
2639 5136 2984 5204 dirigendum
3013 5135 3136 5208 [pro
3164 5135 3269 5192 hoc
3295 5135 3413 5206 ipso

200 5227 361 5283 Tunc
383 5227 637 5299 praefatus
660 5230 1036 5287 sanctissimus
1076 5229 1318 5301 pontifex
1357 5231 1614 5288 accersiri
1640 5230 1722 5288 fa-
1821 5230 1888 5285 ad
1916 5243 2040 5284 eum
2068 5227 2323 5302 dirigere]
2365 5237 2476 5284 tam
2514 5229 2580 5284 de
2608 5228 2982 5284 sacerdotibus
3028 5243 3298 5298 quamque
3344 5229 3414 5284 de

119 5318 282 5374 ciens
301 5319 586 5390 praefatum
608 5321 918 5394 religiosum
949 5323 1199 5379 abbatem
1237 5324 1552 5380 monasterii
1578 5324 1720 5380 San-
1821 5320 2047 5392 singulis
2094 5320 2332 5392 religiosi
2361 5319 2576 5376 habitus
2617 5319 2916 5385 ordinibus,
2943 5321 3040 5376 sed
3086 5320 3223 5375 nihil
3270 5317 3412 5390 apud

118 5417 229 5463 ctu:
255 5407 354 5462 Dei
389 5407 682 5466 Genitricis
717 5412 808 5467 siti
854 5413 910 5468 in
958 5412 1231 5468 territorio
1261 5413 1567 5470 Sabiniensi
1595 5431 1720 5471 eum
1821 5429 1946 5470 eum
1975 5414 2264 5484 impetrare
2291 5413 2596 5468 valuerunt.
2636 5413 2824 5468 Potius
2862 5427 3190 5483 permanens
3229 5412 3284 5466 in
3311 5427 3407 5466 sua

118 5499 326 5569 viginti
374 5501 676 5558 senioribus
697 5503 791 5558 Dei
834 5504 1006 5559 servis
1039 5504 1336 5569 monachis,
1395 5505 1593 5561 direxit
1626 5523 1720 5563 eos
1823 5506 2126 5576 iniquitate,
2150 5505 2335 5562 multis
2363 5506 2677 5562 civitatibus
2720 5519 2784 5562 ac
2814 5505 3012 5561 finibus
3037 5505 3406 5561 Romanorum

117 5593 191 5647 ad
219 5593 475 5648 eumdem
502 5595 838 5650 Desiderium
884 5597 1274 5666 deprecationis
1301 5613 1486 5654 causa.
1515 5599 1720 5666 Quibus
1823 5601 2023 5656 inferre
2052 5600 2283 5656 faciebat
2308 5614 2376 5655 ex
2402 5601 2550 5656 omni
2575 5609 2728 5670 parte
2747 5600 2910 5665 mala,
2927 5609 2982 5656 et
3008 5613 3232 5672 magnas
3254 5612 3407 5653 com—

196 5737 224 5764 α
262 5727 398 5782 Cod.
423 5727 578 5794 Luc.,
611 5733 840 5785 territus.

199 5800 228 5840 ιι
260 5797 395 5878 (ξοό.
427 5798 578 5878 l_.u_c.,
606 5800 681 5853 illi
722 5812 1044 5878 reputqretur
1075 5804 1226 5877 culpa
1265 5812 1327 5867 de
1355 5809 1610 5878 ejusdem.

201 5883 224 5909 ι
274 5868 335 5924 ln
357 5872 475 5927 cod.
503 5871 633 5927 Luc.
667 5868 856 5943 papam
873 5876 1043 5930 deest.

1891 5738 1916 5776 ἀ
1946 5736 2077 5791 Cod.
2113 5735 2244 5808 Luc.
2267 5778 2280 5799 ,
2317 5747 2470 5808 atque
2493 5738 2732 5806 familiis.

1899 5823 1920 5849 α
1952 5809 2084 5864 Cod.
2123 5807 2277 5873 Luc.,
2314 5807 2504 5879 smpi'us
2531 5826 2674 5864 suos.

1715 5921 1790 5962 τε.
1899 5881 1916 5920 ί
1952 5880 2010 5934 ln
2042 5881 2161 5936 cod.
2194 5880 2348 5946 Luc.,
2377 5880 2680 5935 urwfectum
2708 5883 2875 5940 deest.
