3950 6312
513 389 649 446 H79

1876 381 2157 441 ADRIANI
2194 381 2393 438 ΡΑΡᾸΕ
2433 385 2453 439 1

3640 394 3790 452 1180

510 503 833 566 minationes
886 503 1122 576 dirigens
1172 501 1350 559 eidem
1405 498 1678 570 pracipuo
1728 498 1990 570 pontiﬁci,
2031 509 2089 552 se
2111 493 2173 558 Α
2192 494 2336 564 ipsas
2363 495 2729 569 confringeret
2744 498 2960 570 januas.
2989 501 3236 573 Dumque
3253 502 3579 563 hacomnia
3601 507 3793 579 dispo-

510 615 634 657 cum
654 597 924 654 universis
950 596 1426 668 Longobardorum
1454 593 1778 650 exercitibus
1823 608 2085 662 propera-

511 698 690 744 turum
719 687 786 744 ad
808 687 1106 744 Romanam
1139 685 1415 741 civitatem
1457 684 1946 754 constringendam.
1981 683 2087 740 Pro

511 795 618 850 quo
638 781 691 835 in
707 779 873 834 nimio
894 778 1020 848 fletu
1036 778 1150 846 ipse
1175 776 1550 832 sanctissimus
1575 775 1816 847 pontifex
1834 792 1956 832 cum
1988 791 2087 832 suo

509 871 705 942 populo
729 870 952 942 positus,
981 876 1167 938 portas
1221 866 1456 922 civitatis
1482 866 1738 922 Romana
1765 866 1940 923 claudi
1963 864 2085 934 jus-

510 964 599 1028 sit,
652 969 708 1018 et
760 961 895 1016 alias
939 974 1009 1015 ex
1039 958 1120 1015 eis
1164 956 1420 1013 fabricari
1469 956 1601 1014 fecit
1651 956 1830 1029 [muro
1881 957 2091 1013 scilicet

510 1052 728 1125 claudi].
757 1052 826 1107 Et
862 1051 989 1107 dum
1015 1049 1072 1106 in
1102 1063 1294 1119 magna
1341 1047 1587 1118 angustia
1633 1063 1699 1103 ac
1745 1047 2091 1104 tribulatione

435 1169 448 1180 ·-
511 1149 847 1211 consisteret,
869 1143 1192 1206 necessitate
1215 1142 1546 1213 compulsus,
1575 1141 1773 1198 direxit
1805 1156 1932 1197 suos
1958 1142 2090 1196 mis-

509 1253 598 1295 sos
629 1238 839 1294 marino
862 1235 1058 1293 itinere
1093 1249 1219 1291 cum
1247 1233 1554 1304 apostolicis
1583 1233 1777 1290 litteris
1806 1234 1873 1289 ad
1913 1235 2094 1290 excel-

507 1330 864 1387 lentissimum
888 1325 1140 1387 Carolum
1171 1341 1202 1382 a
1241 1326 1353 1382 Deo
1377 1331 1679 1396 protectum
1713 1340 1897 1396 regem
1923 1325 2091 1381 Fran-

509 1437 697 1478 corum
737 1429 794 1476 et
830 1419 1121 1491 patricium
1165 1415 1570 1482 Romanorum;
1625 1418 1919 1490 deprecans
1972 1417 2094 1487 ejus

509 1513 902 1578 excellentiam,
929 1519 990 1568 ut
1035 1511 1178 1568 sicut
1218 1524 1348 1566 suus
1382 1517 1539 1581 pater
1565 1518 1769 1566 sancta
1816 1511 2093 1568 memoria

510 1603 788 1674 Pippinus,
816 1610 872 1658 et
897 1603 1012 1674 ipse
1048 1608 1389 1658 succurreret
1418 1611 1579 1672 atque
1613 1603 1925 1659 subveniret
1969 1619 2096 1660 san-

511 1703 612 1751 cta
639 1695 735 1750 Dei
762 1693 1018 1750 Ecclesia
1046 1701 1102 1748 et
1144 1691 1350 1748 amicta
1392 1692 1759 1750 Romanorum
1801 1711 1897 1752 seu
1938 1712 2096 1752 exar-

511 1791 704 1846 ehatus
733 1788 1125 1846 Ravennatium
1149 1786 1453 1857 provincia,
1471 1794 1632 1857 atque
1651 1787 1924 1858 plenarlas
1947 1791 2092 1847 beati

511 1880 658 1936 Petri
693 1877 972 1949 justitias,
1017 1885 1074 1934 et
1118 1877 1382 1934 abstultas
1435 1875 1688 1951 [ablatas]
1741 1880 1986 1938 civitates
2023 1885 2092 1939 ab

512 1971 702 2026 eodem
746 1969 1024 2026 Desiderio
1069 1983 1195 2041 rege
1236 1970 1496 2041 exigeret.
1552 1969 1623 2024 At
1658 1985 1787 2026 vero
1827 1972 1955 2027 dum
1998 1989 2096 2043 per

511 2063 714 2118 nullam
741 2060 1040 2119 occasionis
1067 2063 1358 2118 versutiam
1380 2063 1641 2132 potuisset
1664 2063 1804 2118 idem
1826 2065 2094 2136 malignus

512 2155 820 2210 Desiderius
846 2152 1171 2224 persuadere
1210 2151 1509 2208 antefatum
1536 2148 1936 2212 sanctissimum
1956 2171 2093 2226 pon-

513 2245 713 2302 tiﬁcem
751 2243 821 2300 ad
870 2258 929 2299 se
964 2258 1089 2299 eum
1128 2243 1501 2299 deducendum
1555 2252 1615 2298 ut
1650 2243 1873 2300 antefati
1916 2245 2094 2305 Caroli

514 2336 687 2408 Magni
711 2335 850 2391 ﬁlios
875 2330 1030 2406 reges
1056 2334 1319 2401 tinxisset,
1349 2342 1405 2389 et
1431 2335 1606 2405 ipsum
1643 2334 1936 2395 almiﬂcum
1959 2353 2095 2408 pou.

512 2430 713 2487 tiﬁcem
737 2445 770 2484 a
795 2428 1061 2484 charitate
1093 2435 1149 2483 et
1172 2427 1457 2485 dilectione
1489 2428 1726 2500 sapefati
1753 2431 2093 2490 christianis-

511 2524 633 2580 simi
681 2521 857 2579 Caroli
902 2520 1078 2595 Magni
1128 2519 1273 2591 regis
1312 2534 1565 2590 separare
1610 2521 1886 2580 voluisset.
1942 2523 2095 2583 Tunc

509 2616 804 2690 pertinacia
834 2622 890 2671 et
932 2613 1158 2670 audacia
1199 2627 1451 2684 egressus
1492 2629 1523 2669 a
1572 2630 1670 2670 suo
1714 2616 1915 2686 palatio
1969 2633 2095 2674 cum

508 2707 764 2778 Adalgiso
804 2705 1023 2777 proprio
1071 2703 1182 2760 ﬁlio
1229 2711 1284 2759 et
1320 2704 1558 2761 exercitu
1589 2705 2092 2778 Langobardorum,

508 2799 757 2854 deferens
786 2811 967 2853 secum
993 2804 1050 2851 et
1072 2809 1296 2852 uxorem
1340 2803 1396 2852 et
1436 2795 1576 2854 ﬁlios
1615 2799 1890 2869 sapedicti
1916 2815 2094 2871 quon-

511 2889 633 2946 dam
656 2886 1053 2952 Carolomanni,
1089 2901 1192 2942 nec
1226 2902 1334 2943 non
1361 2894 1416 2943 et
1440 2886 1798 2944 Auctharium
1820 2931 1834 2953 ,
1887 2891 1980 2963 qui
2025 2893 2094 2950 ad

508 2997 652 3048 cum,
682 2990 742 3037 ut
784 2981 987 3038 dictum
1015 2987 1130 3046 est,
1178 2978 1360 3052 fugam
1406 2981 1774 3051 arripuerant,
1825 2983 1916 3042 hic
1966 2999 2095 3041 vero

509 3077 736 3133 Romam
761 3089 1054 3148 praperare
1081 3075 1377 3144 nitebatur,
1417 3077 1534 3133 sine
1563 3078 1791 3136 scientia
1835 3081 2094 3138 antedicti

419 3215 432 3232 ι
508 3170 798 3243 pontiﬁcis,
827 3169 1064 3240 dirigens
1091 3185 1218 3227 suos
1246 3171 1443 3227 missos
1485 3170 1694 3228 scilicet
1727 3174 2091 3242 praenomina-
2116 3211 2166 3277 ο

508 3272 622 3321 tum
648 3262 921 3318 Andream
966 3259 1394 3318 referendarium
1438 3269 1493 3318 et
1524 3261 1660 3319 alios
1689 3264 1823 3320 duos
1867 3279 1935 3322 ex
1975 3265 2089 3324 suis

503 3357 774 3429 iudicibus
800 3354 917 3427 ejus
955 3356 1249 3412 adventum
1285 3355 1686 3414 denuntiantes.
1737 3356 1941 3425 Quibus
1981 3359 2090 3417 Ro-

507 3467 652 3510 mam
672 3450 1121 3524 conjungentibus
1138 3450 1585 3521 prasentatisque
1606 3451 1914 3521 apostolicis
1933 3454 2092 3508 obtu-

505 3544 683 3609 tibus,
720 3544 829 3600 tale
871 3543 952 3601 eis
1007 3541 1238 3599 reddidit
1283 3557 1598 3613 responsum
1632 3560 1645 3598 :
1685 3541 1839 3610 Quod
1874 3543 1978 3600 nisi
2031 3551 2092 3599 ut

502 3633 614 3704 jam
643 3634 732 3690 ille
770 3633 1060 3702 promisit,
1101 3631 1395 3689 reddiderit
1435 3633 1598 3689 beato
1645 3632 1808 3689 Petro
1842 3635 2091 3692 civitates

510 3727 626 3781 illas
658 3741 794 3795 quas
836 3727 938 3781 sub
965 3739 1086 3780 meo
1133 3733 1377 3794 tempore
1421 3726 1665 3790 abstulit,
1693 3734 1748 3781 et
1792 3726 2090 3796 plenariam

506 3817 647 3885 parti
668 3823 868 3871 nostra
911 3815 1101 3872 fecerit
1116 3813 1404 3884 justitiam,
1429 3817 1578 3873 nullo
1604 3817 1765 3873 modo
1802 3819 1874 3873 sit
1893 3819 1968 3873 illi
1997 3833 2093 3876 ne—

508 3923 660 3964 cesse
688 3907 1057 3978 fatigationem
1094 3908 1362 3974 sumendi,
1405 3909 1530 3978 quia
1579 3909 1800 3966 minime
1825 3909 1944 3968 ﬁeri
1995 3926 2093 3982 po-

510 4008 616 4056 test
649 4013 734 4054 me
759 3999 911 4070 prius
949 4013 1072 4056 cum
1099 3997 1192 4055 illo
1217 4001 1556 4070 prasentari.

579 4091 891 4165 Suscipiens
929 4106 1061 4150 vero
1097 4091 1242 4150 idem
1285 4090 1592 4150 Desiderius
1613 4091 1720 4148 hoc
1750 4106 2088 4163 responsum,

509 4201 846 4258 nequaquam
889 4184 1086 4244 exinde
1128 4184 1424 4254 repedavit,
1470 4185 1565 4241 sed
1601 4191 1838 4256 captum
1863 4185 2093 4244 Romam

507 4283 764 4352 carpebat
783 4281 905 4335 iter.
930 4277 1096 4349 Cujus
1112 4277 1226 4348 jam
1257 4280 1548 4338 adventum
1571 4281 2093 4353 appropinquantem

506 4385 839 4442 cognoscens
859 4371 1235 4428 sanctissimus
1274 4371 1390 4442 ipse
1427 4371 1730 4442 pracipuos
1766 4379 1976 4442 pastor,
1999 4387 2096 4442 ag-

505 4480 735 4536 gregans
761 4464 1076 4521 universum
1111 4465 1368 4536 populum
1397 4465 1634 4531 Tuscia,
1665 4465 1992 4537 Campania,
2038 4474 2096 4524 et

2187 588 2402 654 suisset,
2436 590 2703 660 extemplo
2727 590 2873 648 facto
2902 593 2959 647 in
2981 594 3197 664 scriptis
3225 597 3597 654 anathematis
3618 603 3792 657 verbo

2150 750 2154 755 '
2187 680 2384 736 direxit
2419 681 2596 737 eidem
2640 683 2918 739 Desiderio
2941 686 3053 756 regi
3082 696 3196 743 tres
3225 689 3545 760 episcopos,
3595 690 3655 746 id
3687 703 3789 760 est,

2189 771 2524 827 Eustratium
2544 772 2927 841 Albanensem,
2965 775 3238 831 Andream
3275 776 3710 844 Pranestinum,
3739 792 3794 838 et

2188 862 2549 919 Theodosium
2605 864 2899 921 Tiburtina
2950 866 3188 924 civitatis
3212 908 3230 933 ,
3282 877 3610 939 protentam
3662 888 3789 928 eum

2189 954 2247 1010 in
2296 956 2486 1010 eodem
2532 953 2877 1024 obligationis
2919 957 3420 1028 exhortationisque
3473 961 3660 1018 verbo
3676 1004 3692 1024 ,
3737 973 3791 1019 et

2190 1044 2446 1117 adjurans
2472 1062 2568 1117 per
2590 1047 2770 1103 omnia
2792 1048 2971 1104 divina
3001 1051 3290 1121 mysteria,
3322 1061 3381 1107 ut
3418 1053 3580 1111 nullo
3628 1059 3789 1112 modo

2189 1139 2247 1196 in
2271 1139 2469 1196 ﬁnibus
2490 1141 2859 1198 Romanorum
2900 1143 3016 1199 sine
3055 1143 3173 1216 ejus
3202 1146 3548 1206 absolutione
3577 1151 3787 1223 ingredi

2191 1237 2286 1285 aut
2325 1231 2633 1287 conculcari
2677 1234 3107 1304 prasumpsisset
3132 1235 3545 1312 [prasumeret]
3565 1281 3583 1305 ,
3612 1257 3790 1313 neque

2192 1322 2307 1395 ipse
2331 1362 2347 1388 ,
2410 1338 2586 1394 neque
2630 1323 2900 1395 quispiam
2947 1326 3425 1398 Longobardornm
3451 1370 3469 1397 ,
3545 1333 3654 1386 sed
3693 1348 3786 1388 nec

2191 1415 2518 1472 Autcharius
2542 1416 2799 1474 Francus.
2829 1418 3195 1491 Susceptoque
3216 1421 3405 1478 eodem
3427 1423 3786 1495 obligationis

2193 1508 2358 1564 verbo
2368 1523 2466 1578 per
2485 1507 2753 1564 antefatos
2772 1509 3050 1581 episcopos
3060 1512 3175 1582 ipse
3185 1511 3682 1584 Longobardorum
3697 1532 3784 1570 rex

2193 1601 2337 1656 illico
2354 1615 2479 1657 cum
2504 1615 2697 1671 magna
2711 1603 3008 1658 reverentia
3022 1617 3054 1657 a
3065 1604 3281 1659 civitate
3293 1605 3646 1663 Viterhiense
3663 1623 3784 1664 cen-

2195 1693 2346 1751 fusus
2366 1695 2433 1750 ad
2447 1694 2663 1765 propria
2689 1710 2940 1751 reversus
2960 1704 3062 1750 est.
3089 1695 3218 1752 Post
3238 1697 3353 1752 hac
3371 1698 3781 1766 conjnnxerunt

2199 1786 2266 1840 ad
2290 1786 2474 1840 sedem
2488 1786 2835 1857 apostolicam
2851 1785 3003 1841 missi
3026 1787 3219 1856 sacpius
3244 1787 3371 1842 dicti
3395 1787 3586 1844 Caroli
3606 1791 3780 1845 excel-

2195 1878 2478 1935 lentissimi
2505 1879 2648 1950 regis
2674 1879 3005 1935 Francorum
3043 1888 3098 1935 et
3135 1880 3349 1950 patricii
3384 1882 3774 1948 Romanorum,

2196 1973 2252 2029 id
2269 1981 2352 2028 est
2373 1972 2637 2044 Georgius
2659 1974 3028 2029 sanctissimus
3049 1974 3353 2046 episcopus,
3375 1974 3678 2032 Gnlfardns
3695 1993 3774 2031 rr-

2195 2065 2418 2136 ligiosus
2455 2066 2622 2122 abbas
2646 2075 2701 2121 et
2740 2065 3080 2121 consiliarius
3101 2107 3116 2132 ,
3163 2083 3260 2122 seu
3286 2067 3513 2123 Albinus
3551 2068 3774 2124 delicio-

2195 2173 2287 2214 sus
2335 2157 2505 2230 ipsius
2554 2173 2649 2213 rex
2698 2157 2725 2198 b
2777 2159 3040 2214 abstultas
3079 2157 3398 2232 [sublatas]
3432 2159 3671 2215 civitates
3717 2169 3774 2215 et

2195 2266 2384 2308 omnes
2413 2249 2652 2320 justitias
2698 2251 2844 2308 beati
2874 2251 3018 2307 Petri
3065 2251 3420 2319 reddidisset,
3467 2253 3610 2309 sicut
3647 2253 3773 2309 false

2195 2345 2252 2400 in
2298 2343 2584 2399 Franciam
2630 2341 2931 2414 dirigebat,
2981 2357 3230 2400 asserens
3277 2358 3339 2399 se
3383 2345 3572 2399 omnia
3608 2346 3773 2401 reddi-

2195 2437 2359 2493 disse.

2264 2525 2335 2582 Et
2366 2523 2631 2582 satisfacti
2657 2532 2785 2581 sunt
2809 2523 3223 2595 prasentialiter
3252 2524 3387 2580 nihil
3415 2525 3489 2580 ab
3519 2540 3588 2580 eo
3611 2525 3772 2581 reddi-

2194 2628 2311 2676 tum
2334 2617 2520 2674 fuisse.
2545 2618 2751 2686 Quibus
2772 2617 3012 2672 referens
3045 2617 3187 2672 idem
3206 2616 3520 2689 pracipuus
3543 2618 3774 2688 pontifex

2194 2719 2385 2769 cuncta
2413 2725 2534 2781 qua
2577 2718 2730 2781 gesta
2773 2716 2945 2774 erant,
2975 2723 3068 2764 eos
3104 2709 3162 2763 in
3211 2707 3508 2762 Franciam
3555 2706 3774 2762 absoltit

2193 2801 2532 2867 remeandos,
2558 2800 2798 2872 dirigens
2836 2814 2957 2855 cum
2987 2813 3052 2854 eo
3077 2812 3206 2853 suos
3246 2797 3448 2853 missos
3494 2796 3564 2852 ad
3595 2796 3776 2868 prata-

2194 2905 2310 2954 tum
2357 2893 2866 2951 excellentissimum
2891 2891 3224 2947 Francorum
3264 2905 3456 2963 regem
3487 2906 3613 2946 cum
3656 2907 3777 2961 apo-

2194 2988 2402 3047 stolicis
2427 2985 2856 3042 admonitionum
2883 2983 3119 3054 syllabis,
3157 2979 3418 3052 adjnrans
3470 2998 3594 3038 eum
3635 2983 3780 3038 forti-

2193 3095 2298 3152 ter,
2320 3092 2382 3140 ut
2417 3098 2481 3140 ea
2502 3096 2622 3153 qua
2645 3081 2806 3138 beato
2832 3079 2992 3134 Petro
3017 3093 3142 3135 cum
3169 3093 3269 3134 suo
3295 3079 3543 3150 genitore
3579 3087 3779 3133 sancta

2195 3174 2471 3236 memoria
2491 3173 2718 3242 Pippino
2745 3183 2872 3242 rege
2903 3169 3172 3240 pollicitus
3218 3178 3322 3234 est,
3354 3168 3695 3239 adimpleret,
3728 3175 3784 3223 et

2195 3266 2620 3337 redemptionem
2657 3271 2856 3318 sancta
2893 3261 2989 3316 Dei
3031 3260 3287 3316 Ecclesia
3333 3260 3652 3333 perﬁceret,
3695 3277 3782 3317 seu

2191 3359 2443 3414 universa
2469 3371 2588 3427 qua
2616 3355 2850 3410 abstulta
2889 3362 3014 3409 sunt
3052 3368 3083 3407 a
3130 3353 3341 3422 perfido
3395 3354 3778 3427 Langobardo-

2190 3466 2313 3506 rum
2336 3463 2484 3520 rege,
2513 3456 2624 3502 tam
2665 3446 2913 3502 civitates
2938 3459 3102 3516 quam
3127 3444 3371 3515 reliquas
3397 3443 3650 3514 justitias
3677 3448 3780 3502 sine

2194 3538 2338 3614 [suo]
2367 3538 2662 3595 certamine
2711 3536 2939 3592 reddere
2986 3537 3145 3592 beato
3172 3538 3336 3592 Petro
3370 3538 3613 3609 principi
3659 3555 3778 3610 apo-

2192 3635 2456 3691 stolorum
2502 3632 2719 3689 fecisset
2752 3629 3018 3705 [faceret].
3066 3630 3172 3701 Ipsi
3220 3631 3406 3702 itaque
3450 3632 3778 3688 Francorum

2191 3728 2344 3784 missi
2373 3735 2723 3798 properantes
2764 3741 2890 3781 cum
2933 3724 3241 3795 apostolica
3266 3725 3416 3780 sedis
3469 3726 3660 3782 missis
3703 3725 3779 3780 de-

2192 3819 2528 3875 clinaverunt
2565 3817 2633 3873 ad
2665 3815 3110 3888 pranominatum
3152 3814 3525 3869 Desiderium.
3581 3817 3683 3884 Qui
3733 3825 3780 3870 et

2193 3918 2506 3967 constanter
2547 3924 2671 3964 eum
2720 3908 3072 3977 deprecantes
3124 3905 3398 3960 adhortati
3448 3917 3601 3972 sunt,
3655 3908 3782 3962 sicut

2193 4002 2300 4058 illis
2332 4017 2364 4057 a
2409 4015 2507 4058 suo
2540 4014 2665 4071 rege
2714 4007 3040 4069 praeceptum
3095 3997 3346 4063 exstitit,
3410 4008 3475 4053 ut
3523 4001 3784 4055 πηρωθῇ

2193 4110 2328 4166 quas
2369 4093 2666 4152 abstulerat
2694 4091 2940 4148 civitates
2987 4090 3211 4162 paciﬁce
3256 4091 3422 4148 beato
3464 4091 3626 4147 Petro
3672 4093 3783 4147 red-

2195 4189 2380 4255 deret,
2414 4194 2471 4242 et
2508 4184 2747 4255 justitias
2786 4183 2930 4254 parti
2981 4183 3350 4240 Romanorum
3402 4182 3633 4240 fecisset
3679 4184 3781 4258 [Ea-

2195 4281 2401 4355 cerct].
2451 4281 2560 4337 Sed
2627 4279 2847 4335 minime
2895 4278 3169 4350 quidpiam
3221 4279 3422 4336 horum
3476 4283 3626 4352 apud
3673 4299 3786 4337 eum

2195 4377 2440 4435 obtinere
2489 4371 2806 4438 valuerunt,
2855 4380 3192 4427 asserentem
3244 4386 3305 4426 se
3352 4372 3591 4430 minime
3643 4375 3786 4445 quid-

2194 4469 2342 4540 piam
2379 4466 2734 4522 redditurum.
2775 4463 3011 4534 Accepto
3038 4463 3219 4534 itaque
3248 4478 3521 4536 responso
3557 4466 3679 4530 hoc,
3714 4483 3791 4521 re-

507 4559 736 4615 ducatus
783 4556 1054 4624 Perusini,
1080 4565 1136 4616 et
1169 4557 1474 4628 aliquantos
1519 4560 1586 4614 de
1618 4559 1930 4617 civitatibus
1956 4559 2097 4618 Pen-
2121 4560 2340 4652 Dversi
2360 4567 2486 4618 sunt
2511 4559 2610 4631 ipsi
2630 4558 2856 4616 antefati
2875 4559 3028 4615 missi
3060 4558 3396 4617 Francorum
3419 4562 3481 4618 in
3521 4564 3792 4636 regionem

506 4653 768 4722 tapoleos,
802 4652 1034 4708 munivit
1063 4651 1206 4708 hanc
1229 4651 1504 4708 civitatem
1526 4651 1855 4718 Rmnanam,
1877 4667 2094 4711 omnes-

505 4759 612 4814 que
637 4743 834 4800 armati
853 4743 1030 4812 parati
1061 4751 1234 4806 erant,
1275 4751 1336 4799 ut
1363 4743 1412 4800 si
1439 4742 1558 4813 ipse
1594 4757 1692 4800 rex
1717 4743 2016 4807 adveniret,
2046 4745 2100 4804 ei

507 4836 720 4893 fortiter
761 4851 888 4892 eum
913 4836 1011 4894 Dei
1052 4836 1253 4895 auxilio
1277 4844 1336 4894 et
1364 4835 1510 4894 ὕθῦή
1535 4833 1704 4901 Petri,
1742 4834 1864 4892 fulti
1888 4835 2097 4895 oratio-

507 4929 668 4985 nibus
714 4927 955 4999 pradicti
997 4926 1328 4984 sanctissimi
1373 4925 1644 4996 praesulis,
1704 4923 1782 4982 illi
1843 4925 2104 4982 resistere

506 5016 687 5090 [Fort
742 5019 1103 5092 resisterent].
1160 5018 1300 5076 Nam
1336 5018 1596 5076 ecclesias
1640 5019 1783 5076 beati
1842 5017 1990 5074 Petri
2045 5027 2104 5081 et

506 5108 656 5166 Pauli
707 5127 974 5170 exornare
1009 5113 1087 5185 [id
1117 5120 1220 5178 est,
1275 5111 1480 5168 nudare
1528 5111 1760 5187 ornatu]
1807 5110 1938 5170 fecit
1981 5111 2102 5182 ejus

507 5201 788 5266 sanctitas,
815 5213 871 5260 et
917 5212 1112 5262 cuncta
1166 5219 1358 5260 eorum
1401 5203 1614 5259 cimelia
1660 5211 1718 5258 et
1762 5212 1987 5260 ornatus
2042 5203 2099 5260 in

507 5293 648 5348 hanc
669 5293 941 5350 civitatem
985 5295 1290 5352 Romanam
1333 5295 1652 5362 introduxit,
1683 5294 1861 5352 claudi
1891 5294 2098 5351 faciens

505 5400 697 5442 omnes
734 5383 932 5453 januas
963 5387 1207 5444 ecclesia
1239 5387 1384 5444 beati
1412 5386 1597 5453 Petri,
1633 5394 1688 5442 et
1731 5388 1945 5446 deictus
1992 5396 2102 5442 ter-

508 5477 584 5534 ris
618 5489 646 5518 ει
671 5476 900 5548 supponi
927 5493 990 5533 ac
1030 5479 1227 5536 muniri
1249 5480 1432 5550 jussit,
1481 5489 1542 5540 ut
1567 5481 1614 5536 si
1660 5481 1774 5550 ipse
1811 5489 2099 5552 protervus

507 5589 604 5629 rex
650 5572 770 5628 sine
809 5571 1027 5630 licentia
1055 5583 1112 5630 et
1152 5576 1419 5644 permisso
1461 5578 1732 5646 pontiﬁcis
1768 5577 2097 5644 advenisset,

507 5667 729 5722 minime
751 5666 956 5720 aditum
981 5665 1036 5719 in
1063 5667 1307 5724 eamdem
1349 5670 1636 5727 ecclesiam
1668 5673 1979 5729 introeundi
2007 5674 2098 5728 ha-

506 5759 677 5825 beret,
731 5757 834 5813 nisi
867 5758 1090 5814 brachio
1133 5759 1256 5816 forti
1316 5763 1386 5819 ad
1419 5779 1532 5820 sua
1586 5765 1779 5823 anima
1817 5766 2095 5822 interitum

579 5885 602 5913 ο
636 5873 767 5929 Cod.
797 5872 956 5940 Luc.,
995 5877 1175 5930 serv-is.

2203 4667 2376 4710 suam.

2267 4744 2628 4813 Properantes
2670 4740 2831 4799 simul
2855 4749 2912 4799 et
2935 4740 3244 4813 apostolica
3299 4742 3452 4798 sedis
3503 4744 3688 4809 missi,
3709 4744 3794 4815 qui

2197 4838 2449 4898 subtilius
2471 4845 2668 4894 cuncta
2704 4835 3022 4900 referentes,
3051 4844 3108 4891 et
3143 4835 3214 4891 de
3243 4835 3488 4908 maligno
3521 4840 3794 4908 proposito

2197 4931 2574 5006 pranominati
2609 4928 2874 4988 Desiderii
2901 4929 3284 4986 annuntiantes
3333 4930 3596 4988 antelata
3629 4933 3800 4986 excet-

2198 5028 2500 5086 lentissimo
2525 5033 2582 5086 et
2601 5040 2632 5080 a
2654 5022 2767 5101 Deo
2784 5007 3031 5094 protecta
3047 5020 3242 5077 Carolo
3269 5036 3474 5092 magno
3503 5023 3650 5095 regi,
3679 5039 3798 5078 uan-

2198 5121 2378 5177 festim
2409 5121 2551 5176 idem
2597 5116 2916 5172 mitissimus
2961 5123 3017 5170 et
3060 5128 3248 5168 revera
3288 5110 3802 5172 Christianissimus

2199 5215 2424 5271 Carolus
2471 5211 2804 5268 Francorum
2857 5223 2954 5266 rex
3009 5207 3207 5263 direxit
3269 5205 3450 5262 eidem
3523 5208 3799 5264 Desiderio

2199 5322 2328 5363 suos
2357 5305 2570 5369 missos,
2607 5302 2660 5356 id
2681 5309 2765 5356 est
2789 5299 3088 5369 deprecans
3105 5305 3167 5352 ut
3191 5297 3412 5352 easdem
3443 5313 3600 5366 quas
3624 5302 3805 5356 absta-

2201 5398 2340 5454 lerat
2369 5394 2594 5466 pacifica
2630 5392 2880 5448 redderet
2922 5389 3191 5455 civitates,
3237 5396 3294 5444 et
3338 5388 3632 5457 plenarias
3667 5393 3804 5463 parti

2201 5487 2568 5544 Romanorum
2611 5482 2817 5538 faceret
2833 5480 3093 5550 justitias.
3127 5479 3462 5535 Promittens
3490 5481 3732 5553 insuper
3763 5484 3806 5535 ei

2205 5581 2369 5636 tribui
2416 5575 2825 5648 quatuordecim
2855 5573 3023 5628 millia
3051 5572 3170 5630 auri
3198 5572 3503 5628 solidorum
3525 5614 3544 5638 ,
3594 5577 3808 5646 quami—

2202 5683 2367 5732 tatem
2412 5673 2466 5727 in
2493 5686 2624 5726 auro
2665 5678 2719 5724 et
2761 5676 3003 5738 argento.
3038 5666 3144 5721 Sed
3172 5679 3350 5735 neque
3399 5667 3808 5735 deprecatioui.

2201 5771 2514 5844 bus,ncque
2540 5761 2854 5817 muneribus
2875 5759 2991 5828 ejus
3013 5758 3414 5813 ferocissimum
3452 5774 3558 5814 eor
3594 5761 3809 5818 ﬂectere

2277 5878 2306 5919 ι)
2339 5875 2471 5931 Cod.
2505 5872 2660 5940 Luc.,
2689 5867 3245 5924 Alboinusdeficiosus
3273 5868 3440 5939 ipsius
3473 5871 3648 5940 regis.
