3950 6312
169 440 301 500 1181

1689 431 1872 493 “TA.

3274 450 3416 512 1189

161 550 348 611 valuit.
373 544 519 603 Nihil
555 543 703 603 enim
734 510 1062 611 obtinentes,
1097 542 1202 617 ipsi
1224 542 1375 604 missi
1401 544 1733 604 Francorum
1760 547 1812 611 Δ
1837 549 2162 608 sanctissimi
2217 553 2488 627 pontiﬁcis
2538 552 2784 625 iurantes
2843 566 2996 616 more
3046 510 3413 627 Romanorum

160 645 235 703 ad
271 639 551 715 praefatum
597 653 754 696 suum
783 637 1293 695 christianissimum
1326 640 1560 711 regressi
1605 647 1733 698 sunt

160 752 359 811 regem.
393 735 543 793 Tunc
572 747 870 804 aggregxms
891 733 1005 802 ipse
1028 747 1061 787 a
1080 732 1192 789 Deo
1211 740 1488 803 protectus
1507 733 1733 792 Carolus

161 836 381 907 Magnus
406 848 505 890 rex
547 831 863 889 universam
898 829 1052 900 regni
1088 828 1172 885 sui
1205 827 1538 885 Francorum
1577 843 1731 885 exer-

156 929 360 985 cituum
393 922 817 989 multitudinem,
866 928 1029 990 atque
1056 920 1124 977 ad
1163 922 1504 991 occupandas
1552 921 1733 979 clusas

156 1038 228 1078 ex
251 1020 436 1077 eodem
460 1034 561 1075 suo
599 1014 845 1074 exercitu
892 1013 1131 1082 dirigens
1150 1054 1166 1080 ,
1214 1013 1332 1084 ipse
1364 1028 1581 1085 quoque
1607 1030 1732 1072 cum

155 1112 400 1185 plurimis
429 1109 743 1169 fortissimis
785 1107 1136 1166 bellatoribus
1182 1109 1405 1167 Francis
1447 1125 1546 1183 per
1582 1126 1732 1167 mon-

156 1212 268 1262 tem
580 1214 609 1243 ι
633 1202 703 1259 ad
725 1202 944 1259 easdem
975 1202 1426 1275 appropinquavit
1449 1202 1647 1269 clusas,
1676 1209 1732 1260 et

154 1306 396 1355 remotus
418 1296 475 1353 in
506 1293 704 1352 ﬁnibus
722 1293 1057 1352 Francorum
1087 1308 1211 1351 cum
1247 1296 1361 1351 suis
1400 1295 1731 1353 exercitibus

152 1388 373 1448 resedit.
398 1387 518 1445 .lam
539 1388 717 1446 dictus
745 1402 878 1445 vero
900 1387 1212 1445 Desiderius
1234 1397 1290 1445 et
1313 1388 1564 1445 universa
1588 1389 1730 1445 Lon-

152 1481 511 1554 gobardorum
546 1479 885 1537 exercituum
925 1479 1214 1539 multitudo
1247 1481 1315 1537 ad
1365 1481 1729 1539 resistendum

148 1574 364 1632 fortiter
397 1573 453 1630 in
474 1573 607 1645 ipsis
631 1573 799 1631 clusis
820 1573 1184 1644 assistebant,
1222 1589 1360 1646 quas
1406 1575 1629 1633 fabricis
1674 1586 1731 1633 et

147 1665 379 1724 diversis
401 1664 655 1723 maceriis
681 1665 895 1722 curiose
930 1665 1144 1721 munire
1178 1666 1283 1722 nisi
1324 1673 1469 1721 sunt.
1504 1665 1577 1721 At
1600 1679 1730 1723 vero

145 1773 261 1830 qua
274 1760 401 1815 hora
429 1759 854 1832 prmnominatus
878 1758 1377 1816 Christianissimus
1393 1759 1746 1824 Francorum!

147 1866 249 1907 rex
290 1851 356 1908 ad
392 1850 612 1908 easdem
657 1851 1054 1922 approximavit
1106 1850 1315 1918 clusas,
1367 1850 1513 1909 illico
1553 1853 1727 1909 denuo

140 1960 277 2003 suos
307 1945 505 2002 missos
524 1946 592 2002 ad
619 1944 903 2017 prmfatum
929 1946 1129 2003 direxit
1155 1946 1512 2012 Desiderinm,
1541 1945 1727 2017 depre-

141 2052 301 2106 cans,
326 2037 468 2094 sicut
489 2038 721 2110 pridem,
743 2046 803 2093 ut
817 2039 1173 2109 quantitatem
1195 2038 1579 2110 praedictorum
1592 2038 1723 2094 soli-

138 2132 337 2188 dorum
363 2131 660 2202 susciperet
705 2146 803 2187 rex
846 2142 900 2187 et
943 2132 1159 2188 easdem
1204 2129 1430 2202 paciﬁce
1477 2130 1724 2187 redderet

135 2223 409 2282 civitates.
456 2221 565 2282 Sed
592 2238 933 2297 nequaquam
960 2227 1178 2298 penitus
1222 2226 1569 2297 acquiescere
1592 2239 1723 2281 ma-

137 2315 265 2384 luit,
289 2322 345 2373 et
369 2316 499 2372 dum
531 2316 591 2373 in
616 2324 766 2373 tanta
790 2317 990 2373 duritia
1038 2327 1323 2389 protervus
1369 2317 1484 2389 ipse
1510 2331 1723 2389 perma-

133 2416 300 2464 neret
326 2422 424 2464 rex
447 2407 774 2474 Desiderius,
802 2408 1024 2479 cupiens
1054 2407 1359 2465 antedictus
1373 2408 1724 2465 Christianis-

132 2499 315 2555 simus
362 2496 695 2553 Francorum
729 2513 823 2554 rex
855 2499 1079 2570 paciﬁce
1117 2499 1357 2570 justitias
1388 2499 1543 2556 beati
1573 2498 1722 2556 Petri

133 2586 385 2657 recipere
409 2584 780 2661 [restituere],
805 2586 1003 2645 direxit
1030 2589 1207 2644 eidem
1243 2580 1721 2661 Longobardoruih

132 2676 259 2749 regi
277 2684 339 2732 ut
372 2676 713 2735 solummodo
737 2688 849 2735 tres
872 2680 1088 2736 obsides
1132 2680 1612 2753 Langobardorum
1633 2680 1723 2752 ju-

133 2768 322 2826 dieum
370 2769 512 2827 ﬁlios
562 2770 641 2827 illi
700 2772 1015 2829 tradidisset
1054 2787 1157 2843 pro
1202 2773 1333 2845 ipsis
1371 2772 1723 2830 restituendis

132 2863 469 2932 civitatibus,
495 2874 552 2922 et
575 2867 835 2925 continuo
875 2869 993 2925 sine
1012 2868 1122 2923 ulla
1164 2868 1359 2924 inferta
1387 2869 1592 2925 malitia
1615 2868 1723 2942 [in-

132 2966 293 3015 serta
316 2959 531 3033 militia]
571 2968 667 3015 aut
701 2959 993 3017 commisso
1018 2959 1206 3031 praelia
1232 2961 1301 3017 ad
1345 2961 1563 3032 propria
1596 2974 1720 3016 cum

131 3048 256 3106 su'u
281 3049 612 3107 Francorum
637 3050 968 3107 exercitibus
997 3057 1377 3107 reverteretur.
1411 3048 1519 3107 Sed
1546 3061 1722 3121 neque

131 3140 222 3197 sic
238 3139 406 3197 valuit
427 3139 544 3210 ejus
556 3140 848 3214 malignam
869 3150 1107 3199 mentem
1119 3141 1355 3199 flectere.
1376 3140 1529 3200 Unde
1547 3141 1721 3199 omni-

129 3242 332 3336 potens
368 3235 511 3291 Deus
523 3235 895 3336 ‘c-ouspiciens
927 3234 1125 3336 ipsius
1172 3236 1394 3336 maligni
1455 3235 1718 3294 Desiderii
1747 3268 1797 3336 ο

129 3327 380 3398 iniquam
420 3324 701 3398 perﬁdiam
730 3335 892 3400 atque
925 3327 1318 3385 intolerabilem
1365 3330 1716 3399 proterviam,

127 3420 268 3477 dum
294 3419 495 3476 vellent
515 3418 712 3477 Franci
737 3420 844 3477 alio
870 3421 958 3477 die
981 3421 1050 3479 ad
1076 3423 1293 3495 propria
1320 3422 1540 3490 reverti,
1570 3423 1723 3480 misit

126 3520 408 3567 terrorem
440 3519 497 3566 et
516 3509 748 3568 validam
777 3511 1191 3583 trepidationem
1229 3513 1284 3569 in
1333 3529 1429 3570 cor
1474 3512 1611 3584 ejus,
1638 3514 1725 3570 vel

128 3604 236 3661 filii
261 3603 433 3675 ipsius
476 3603 715 3676 Adalgisi
741 3604 947 3661 scilicet
991 3614 1046 3661 et
1095 3607 1473 3662 universorum
1510 3605 1724 3679 Longo-

128 3694 457 3761 bardorum,
484 3700 540 3750 et
574 3695 763 3751 eadem
793 3703 976 3763 nocte,
1001 3694 1240 3752 dimissis
1271 3697 1506 3768 prepriis
1549 3706 1725 3755 tento-

128 3786 238 3842 riis
258 3792 424 3856 atque
444 3785 592 3841 omni
606 3785 958 3855 supellectile,
978 3785 1159 3859 fugam
1174 3802 1364 3843 omnes
1378 3788 1722 3858 generaliter,

127 3880 360 3937 nemine
398 3892 493 3936 eos
512 3886 889 3951 persequente,
922 3881 1287 3952 arripuerunt.
1314 3880 1468 3950 Quod
1498 3898 1725 3939 cernen-

129 3970 518 4028 teaexercitus
541 3968 873 4025 Francorum
900 3971 1170 4040 persecuti
1197 3981 1322 4028 sunt
1365 3988 1476 4037 eos,
1519 3981 1574 4029 et
1608 3973 1726 4046 plu-

129 4074 229 4120 res
256 4060 431 4118 exeis
452 4060 863 4119 interfecerunt.
886 4061 1005 4134 ipse
1044 4077 1174 4119 vero
1212 4062 1520 4121 Desiderius
1556 4080 1727 4137 quan-

130 4155 326 4211 tocius
367 4168 488 4211 cum
528 4148 644 4212 suis
686 4153 959 4223 judicibns
996 4153 1252 4211 velociori
1291 4170 1454 4212 cursu
1494 4155 1724 4228 fugiens,

132 4256 310 4318 atque
331 4245 550 4315 Papiam
583 4244 935 4316 conjungens,
963 4243 1162 4301 ibidem
1204 4260 1265 4303 se
1286 4262 1409 4302 cum
1437 4247 1569 4317 ipsis
1616 4249 1728 4303 suis

126 4336 413 4410 jndicibus
451 4343 506 4394 et
531 4335 876 4394 multitudine
916 4335 1097 4408 populi
1141 4336 1617 4408 Langobardorum
1643 4354 1729 4395 re-

132 4427 287 4485 cludi
313 4427 542 4484 studuit.
589 4427 659 4483 Et
684 4426 934 4483 muniens
976 4441 1164 4485 muros
1192 4428 1365 4500 ipsius
1394 4430 1630 4485 civitatis
1659 4431 1729 4487 ad

130 4518 508 4576 resistendum
557 4517 892 4578 Francorum
931 4521 1263 4579 exercitibus
1286 4564 1301 4591 ,
1349 4532 1405 4580 et
1448 4524 1726 4596 propriam

1834 648 2097 703 tonsurati
2118 655 2261 704 sunt.
2290 647 2359 703 Et
2382 647 2498 718 jam
2539 658 2596 705 et
2636 651 2828 723 reliqui
2844 655 2881 695 λι
2907 667 3098 711 omnes
3125 671 3194 713 ex
3221 661 3412 716 eodem

1832 738 2030 795 ducatu
2077 740 2355 812 Spoletino
2391 741 2663 797 inhianter
2689 744 3071 802 desiderabant
3096 761 3156 804 se
3187 751 3412 809 traden-

1833 834 1957 889 dum
1985 833 2243 907 [tradere]
2278 835 2335 890 in
2364 830 2584 891 servitio
2606 837 2751 893 beati
2780 835 2928 895 Petri
2972 848 3277 913 sanctaque
3303 842 3416 900 Ro-

1831 938 2005 982 manae
2045 926 2317 983 Ecclesiae.
2348 924 2455 984 Sed
2482 935 2782 985 metuentes
2804 944 2963 987 suum
2987 946 3172 1005 regem
3207 948 3414 1006 nequa-

1832 1032 1992 1090 quam
2021 1018 2134 1073 ausi
2160 1026 2285 1074 sunt
2302 1027 2634 1091 perpetrare,
2656 1022 2797 1077 unde
2822 1022 2950 1077 dum
2987 1036 3020 1076 a
3045 1022 3210 1080 clusis
3229 1024 3413 1097 fugam

1830 1112 2198 1183 arripuisseut,
2230 1124 2525 1183 omnesque
2568 1112 2766 1169 exinde
2806 1112 2875 1169 de
2919 1114 3145 1171 diversis
3179 1115 3415 1173 civitati-

1828 1206 1929 1262 bus
1955 1206 2180 1261 ducatus
2202 1204 2462 1275 Spoletini
2490 1205 2694 1261 reversi
2716 1213 2915 1271 essent,
2945 1206 3227 1263 confestim
3249 1222 3414 1279 gene-

1830 1297 2017 1352 raliter
2039 1297 2106 1353 ad
2130 1296 2411 1369 prtefatum
2438 1296 2729 1353 almiﬁcum
2748 1296 3059 1368 pontiﬁcem
3080 1297 3411 1355 confluentes

1828 1391 2180 1457 advenerunt,
2208 1390 2429 1461 ejusque
2452 1388 2718 1461 provoluti
2767 1389 2993 1460 pedibus
3042 1388 3241 1445 obnixe
3287 1405 3414 1446 san-

1828 1491 1973 1543 ctam
2003 1484 2170 1554 ipsius
2199 1491 2281 1538 ter
2304 1481 2692 1539 beatitudinem
2715 1481 2989 1553 deprecati
3012 1488 3157 1550 sunt,
3170 1488 3230 1537 ut
3249 1481 3411 1538 eosin

1828 1579 2049 1637 servitio
2067 1578 2209 1635 beati
2231 1576 2379 1633 Petri
2398 1585 2706 1646 sanctasque
2729 1572 2847 1644 ejus
2873 1574 3129 1631 Romanae
3152 1570 3415 1631 Ecclesia

1828 1674 2125 1744 susciperet
2157 1678 2212 1727 et
2260 1684 2414 1727 more
2465 1670 2831 1726 Romanorum
2869 1667 3139 1724 tonsurari
3182 1664 3407 1723 faceret.

1897 1764 2045 1834 Quos
2061 1763 2359 1832 suscipiens
2383 1760 2660 1832 profectus
2679 1767 2764 1817 est
2784 1774 2907 1816 cum
2940 1758 3021 1815 eis
3045 1760 3098 1815 in
3123 1759 3412 1815 ecclesiam

1828 1862 1975 1919 beati
1990 1859 2157 1925 Petri,
2183 1862 2238 1913 et
2262 1869 2449 1912 omnes
2492 1853 2823 1911 unanimiter
2849 1867 2879 1907 a
2923 1865 3119 1923 magno
3140 1863 3314 1929 usque
3342 1848 3413 1905 ad

1833 1966 2060 2025 parvum
2098 1950 2197 2005 sub
2243 1946 2477 2003 indiculo
2505 1942 2788 2019 [vinculo]
2843 1943 3171 2000 sacramenti
3207 1938 3413 2011 jureju-

1827 2047 2003 2100 rando
2029 2039 2398 2114 promiserunt
2452 2037 2627 2093 eidem
2656 2037 2753 2094 Dei
2804 2037 3046 2108 apostolo
3084 2038 3140 2094 in
3187 2038 3412 2096 servitio

1825 2136 1941 2209 ejus
1962 2144 2125 2207 atque
2152 2130 2409 2188 antedicti
2434 2130 2623 2186 vicarii
2644 2130 2813 2201 ipsius
2834 2129 3161 2186 sanctissimi
3187 2129 3413 2187 Adriani

1825 2243 1978 2302 papae
2006 2234 2168 2297 atque
2194 2224 2437 2281 omnium
2457 2237 2831 2280 successorum
2863 2220 2979 2292 ejus
3004 2220 3318 2294 pontiﬁcum
3347 2222 3411 2277 ﬁ-

1825 2321 2019 2380 deliter
2034 2334 2420 2394 permansuros
2440 2334 2563 2376 cum
2591 2317 2715 2373 ﬁliis
2739 2325 2793 2374 et
2818 2326 3012 2374 cuncta
3037 2332 3223 2373 eorum
3247 2330 3411 2390 gene-

1826 2417 2054 2473 ratione.
2087 2414 2238 2471 Tunc
2259 2419 2383 2484 post
2420 2411 2722 2483 praestitum
2769 2419 3168 2467 sacramentum
3222 2422 3411 2465 omnes

1824 2525 1977 2567 more
2005 2508 2373 2565 Romanorum
2400 2501 2664 2560 tonsurati
2695 2509 2839 2559 sunt.
2870 2501 2938 2557 Et
2967 2500 3250 2559 confestim
3296 2500 3411 2571 ipse

1826 2609 1909 2658 ter
1925 2599 2269 2657 beatissimus
2294 2590 2468 2652 bonus
2492 2601 2680 2666 pastor
2725 2601 2780 2651 et
2799 2602 2955 2666 pater
2994 2608 3118 2650 cum
3158 2594 3409 2650 omnibus

1823 2691 2121 2757 exsultans,
2137 2686 2417 2745 constituit
2445 2685 2525 2741 eis
2549 2684 2742 2741 ducem
2768 2700 2930 2756 quem
2956 2684 3056 2755 ipsi
3079 2683 3297 2755 propria
3317 2698 3412 2738 vo-

1824 2781 2030 2855 luntate
2060 2778 2164 2836 sibi
2187 2777 2481 2849 elegerunt,
2505 2774 2712 2832 scilicet
2735 2773 3160 2845 Hildeprandum
3188 2772 3413 2830 nobilis-

1824 2872 2042 2939 simum,
2062 2870 2156 2941 qui
2181 2868 2337 2941 prius
2357 2881 2481 2925 cum
2504 2866 2730 2939 reliquis
2759 2866 2828 2923 ad
2847 2865 3198 2937 apostolicam
3228 2865 3411 2922 sedem

1825 2959 2093 3034 refugium
2123 2960 2343 3016 fecerat.

1893 3054 1960 3110 Et
1985 3055 2058 3110 ita
2079 3055 2191 3110 Deo
2212 3059 2482 3109 annuente
2526 3051 2846 3123 praedictum
2897 3049 3151 3107 ducatum
3180 3048 3415 3122 Spoleti-

1823 3161 1953 3202 num
1977 3144 2300 3220 generaliter
2326 3160 2425 3201 suo
2450 3143 2745 3201 certamine
2767 3142 2909 3199 idem
2945 3143 3247 3214 praecipuus
3270 3155 3408 3213 pon-

1825 3238 1956 3295 tifex
1982 3239 2081 3296 sub
2100 3238 2223 3309 jure
2250 3247 2302 3294 et
2322 3245 2589 3310 potestate
2613 3239 2758 3294 beati
2779 3237 2924 3294 Petri
2945 3237 3270 3309 subjugavit.
3302 3236 3413 3293 Sed

1825 3343 1878 3393 et
1906 3350 2094 3391 omnes
2120 3333 2456 3389 habitatores
2489 3339 2599 3386 tam
2649 3331 2875 3387 ducatus
2916 3328 3195 3397 Firmani,
3244 3329 3413 3386 Auxi-

1826 3428 1989 3493 mani,
2020 3435 2074 3483 et
2092 3424 2438 3489 Anconitani,
2464 3421 2731 3492 simulque
2774 3432 2827 3478 et
2873 3423 2940 3477 de
2960 3419 3191 3477 Castello
3217 3418 3411 3475 Felici-

1828 3519 1952 3575 tatis
1979 3512 2367 3593 [Fulginatis],
2389 3521 2444 3570 et
2467 3514 2599 3586 ipsis
2624 3514 2752 3569 dum
2779 3527 2809 3568 a
2838 3513 3004 3569 clusis
3030 3510 3413 3583 Longobardo—

1826 3606 2240 3680 rum'fugientcs
2278 3605 2483 3663 reversi
2514 3612 2640 3661 sunt
2687 3606 2754 3660 ad
2800 3602 3083 3677 praefatum
3135 3601 3412 3659 sanctissi-

1827 3717 1973 3758 mum
1998 3700 2306 3772 pontificem
2328 3706 2713 3755 concurrentes
2738 3695 2853 3766 ejus
2881 3712 2940 3752 se
2987 3706 3069 3752 ter
3090 3694 3410 3753 beatitudini

1825 3794 2180 3849 tradiderunt.
2234 3792 2590 3860 Pnestitoque
2614 3796 2952 3846 sacramento
2977 3789 3032 3843 in
3058 3787 3163 3843 ﬁde
3198 3795 3255 3844 et
3297 3802 3412 3843 ser-

1826 3884 1958 3940 vitio
1986 3883 2130 3939 beati
2156 3881 2304 3938 Petri
2348 3889 2509 3952 atque
2535 3880 2652 3951 ejus
2681 3878 2870 3936 vicarii
2918 3878 3143 3934 antefati
3193 3876 3414 3935 almiﬁci

1826 3977 2048 4035 Adriani
2068 3991 2222 4048 papas
2247 3988 2727 4046 successurumque
2748 3972 2863 4043 ejus
2883 3972 3196 4043 pontiﬁcum
3243 3970 3415 4028 ﬁdeli-

1827 4075 1912 4123 ter
1931 4079 2337 4137 permansuros,
2367 4080 2517 4120 more
2556 4062 2925 4120 Romanorum
2951 4064 3215 4119 tonsurati
3263 4073 3409 4119 sunt.

1897 4160 1968 4215 At
1994 4173 2123 4214 vero
2151 4154 2437 4228 saepefat'us
2476 4153 2970 4212 Christianissimus
2990 4153 3215 4210 Carolus
3242 4152 3414 4208 Fran-

1829 4266 2017 4308 corum
2046 4266 2140 4306 rcx
2170 4262 2392 4305 movens
2416 4263 2539 4303 cum
2564 4247 2677 4304 suis
2696 4246 3036 4320 generalibus
3064 4245 3407 4310 exercitibus,

1828 4353 1989 4416 atque
2017 4343 2236 4415 Papiam
2255 4340 2586 4415 conjungens
2623 4342 2928 4407 civitatem,
2983 4354 3103 4397 eam
3149 4354 3217 4396 ex
3264 4338 3410 4394 omni

1828 4447 1982 4508 parte
2026 4434 2368 4491 circumdans
2393 4432 2629 4500 vallavit,
2661 4432 3006 4504 dirigensque
3048 4430 3303 4488 continuo
3355 4429 3412 4485 in

1828 4527 2116 4584 Franciam
2142 4525 2344 4583 ibidem
2364 4524 2507 4597 apud
2548 4539 2606 4583 se
2634 4525 2858 4595 Papiam
2881 4525 3074 4581 adduci
3101 4524 3229 4579 fecit
3258 4538 3412 4579 suam

130 4609 540 4668 defendendam
586 4611 861 4667 civitatem
908 4626 1034 4669 cum
1090 4614 1204 4670 suis
1260 4614 1632 4688 Longobardis
1667 4632 1729 4675 se
1753 4629 1810 4693 ι)
1831 4618 2111 4691 coniugem
2140 4615 2648 4675 excellentissimam
2678 4616 3055 4686 Hildegardam
3081 4618 3319 4688 reginam
3358 4623 3416 4671 et

129 4704 510 4776 preparavit;
555 4704 839 4775 Adalgisus
864 4703 1195 4780 [Aldegisus]
1247 4720 1378 4765 vero
1425 4707 1543 4778 ejus
1586 4710 1731 4766 ﬁlius

130 4810 433 4853 assumens
453 4809 641 4851 secum
682 4794 1042 4851 Autcharium
1076 4796 1351 4855 Francum
1379 4806 1436 4857 et
1480 4813 1729 4867 uxorem,

130 4897 313 4960 atque
338 4890 479 4946 ﬁlios
502 4889 775 4960 saepedicti
796 4890 1197 4960 Carolomanni,
1229 4895 1285 4950 in
1309 4895 1583 4952 civitatem
1609 4910 1733 4968 quas

134 4982 365 5038 Verona
416 4990 797 5054 nuncupatur,
845 4997 948 5053 pro
989 4997 1056 5040 eo
1105 4987 1248 5055 quod
1292 4985 1588 5044 fortissim
1621 5000 1733 5059 prm

127 5073 402 5130 omnibus
432 5074 744 5133 civitatibus
786 5074 1267 5147 Langobardorum
1292 5092 1413 5136 esse
1436 5080 1729 5149 videretur,

128 5166 430 5238 ingressus
462 5175 567 5223 est.

210 5259 396 5317 Porro
420 5258 762 5333 longebardi
801 5262 995 5334 reliqui
1038 5263 1266 5334 dispersi
1290 5265 1345 5321 in
1371 5266 1620 5337 proprias
1645 5281 1734 5322 re-

124 5351 291 5408 versi
326 5360 456 5407 sunt
500 5353 771 5409 civitates.
801 5352 939 5410 Nam
964 5355 1227 5425 Spoletini
1267 5365 1321 5412 et
1370 5357 1587 5413 Reatini
1629 5359 1732 5414 ali-

124 5443 339 5515 quanti
369 5457 560 5499 eorum
581 5445 744 5502 utiles
767 5461 1015 5517 personae
1037 5488 1053 5514 ,
1097 5456 1389 5520 antequam
1427 5449 1733 5507 Desiderius

124 5550 240 5593 seu
272 5535 757 5607 Longobardomm
792 5537 910 5609 ejus
933 5541 1205 5597 exercitus
1227 5542 1296 5598 ad
1324 5542 1503 5599 clusas
1543 5558 1735 5617 perge-

122 5635 292 5693 rent,
351 5627 433 5682 illi
480 5631 549 5687 ad
586 5630 804 5686 beatum
850 5630 1069 5690 Petrum
1114 5633 1424 5707 confugium
1477 5634 1734 5693 facientes

119 5718 415 5791 pradicto
454 5719 795 5779 sanctissimo
835 5723 1073 5781 Adriano
1103 5741 1257 5798 papae
1298 5728 1652 5797 tradiderunt,
1680 5735 1737 5784 et

127 5812 192 5867 in
238 5809 356 5867 ﬁde
388 5811 559 5881 ipsius
596 5814 856 5885 principis
881 5818 1248 5886 apostolorum
1291 5828 1453 5892 atque
1492 5820 1734 5892 praedicti

209 5939 243 5968 ι
282 5925 425 5983 Cod.
453 5925 610 5997 Luc.,
651 5925 900 5985 Sinisem.

1829 4711 2195 4769 nobilissimos
2223 4708 2381 4766 ﬁlios.
2431 4708 2502 4765 Et
2545 4710 2673 4765 dum
2699 4709 3005 4780 agnovisset
3052 4706 3233 4781 fugam
3276 4707 3415 4763 arri-

1829 4804 2014 4875 puisse
2038 4803 2092 4859 in
2116 4802 2388 4859 Veronam
2414 4800 2863 4871 pramominatum
2886 4798 3222 4871 Adalgisum,
3252 4797 3415 4855 relin-

1832 4904 2000 4966 quens
2044 4894 2335 4966 plurimam
2360 4898 2569 4963 partem
2594 4906 2663 4946 ex
2690 4890 2804 4947 suis
2854 4891 3185 4948 exercitibus
3209 4891 3410 4961 Papiae,

1833 4992 1948 5065 ipse
1973 5006 2185 5064 quoque
2226 5006 2350 5047 cum
2400 4989 2688 5060 aliquantis
2737 4987 3045 5045 fortissimis
3090 4986 3317 5043 Francis
3357 4985 3414 5042 in

1832 5086 2077 5141 eamdem
2099 5084 2368 5141 Veronam
2393 5081 2704 5153 properavit
2724 5080 3016 5137 civitatem.
3038 5080 3105 5136 Et
3134 5079 3262 5135 dum
3286 5079 3417 5136 illuc

1834 5174 2220 5247 conjunxisset,
2249 5173 2497 5244 protinus
2522 5171 2865 5240 Antcharlus,
2898 5180 2953 5229 et
2974 5188 3132 5237 uxor,
3163 5178 3325 5242 atque
3350 5170 3414 5225 ﬁ-

1834 5270 1894 5326 lii
1940 5269 2137 5340 saepius
2180 5266 2443 5325 nominati
2470 5252 2867 5333 Carolomanni,
2895 5267 3116 5337 propria
3140 5265 3416 5322 voluntate

1833 5360 2008 5418 eidem
2036 5359 2424 5429 benignissimo
2451 5357 2645 5414 Carolo
2673 5356 2785 5430 regi
2816 5371 2875 5413 se
2894 5358 3253 5413 tradiderunt.
3283 5355 3416 5413 Eos-

1835 5469 1941 5526 que
1979 5452 2245 5524 recipiens
2269 5448 2385 5520 ejus
2411 5449 2729 5505 excellentia
2768 5447 2944 5505 denuo
2996 5448 3271 5521 repedavit
3311 5445 3414 5501 Pa-

1832 5547 2002 5618 piam.
2052 5543 2156 5611 Qui
2200 5540 2485 5598 confestim
2537 5539 2773 5613 dirigens
2831 5556 3031 5598 cuneos
3076 5539 3416 5597 exercituum

1833 5637 2154 5694 bellatorum
2181 5628 2590 5704 comprehendit
2629 5631 2869 5690 diversas
2910 5632 3155 5688 civitates
3205 5630 3418 5700 Longo-

1835 5730 2129 5787 bardorum
2151 5727 2293 5783 ultra
2321 5725 2526 5780 Padum
2580 5726 2918 5792 constitutas,
2948 5739 3164 5795 sumque
3212 5721 3416 5789 redegit

1835 5822 2109 5895 potestati.
2138 5820 2206 5875 Et
2250 5820 2375 5875 dum
2427 5832 2527 5889 per
2573 5832 2669 5875 sex
2716 5820 2981 5875 mensium
3023 5815 3255 5887 spatium
3302 5812 3414 5881 ipse

1910 5935 1939 5975 ι)
1974 5932 2106 5991 Cod.
2130 5932 2287 6001 Luc.,
2318 5931 2546 5987 utetiam
2568 5938 2617 5986 et
2644 5929 2847 6004 reliqui.
