3950 6312
896 380 930 425 ,δι
980 378 984 383 .
1036 375 1099 428 ιτς

505 431 645 488 1183

1824 408 2106 470 ADRIANI
2140 406 2342 465 PAWE
2380 407 2405 464 Ι

3640 410 3779 470 ιω

504 541 837 599 Francorum
881 548 978 591 rex
1029 532 1210 605 Papiae
1249 532 1623 588 demoraretur
1677 527 1733 582 in
1780 525 2091 583 obsessione
2113 522 2167 585 Δ
2190 523 2494 579 victoriam.
2527 523 2752 599 Expleta
2778 538 2910 583 vero
2935 525 3125 583 eadem
3167 525 3437 594 oratione,
3462 528 3663 585 obnixe
3696 535 3778 595 de.

506 633 677 706 ipsius
700 630 934 687 civitatis
958 669 974 695 ,
1023 641 1279 698 magnum
1322 622 1649 680 desiderium
1674 610 1883 676 habens
1907 620 1977 674 ad
2020 618 2087 672 li-

507 723 655 779 mina
680 720 1048 791 apostolorum
1087 714 1432 786 properandi,
1457 712 1807 769 considerans
1846 708 1992 781 quod
2035 715 2091 763 et

509 812 875 870 sacratissima
932 807 1204 879 paschalis
1260 804 1527 862 festivitas
1578 803 2088 875 appropinquasset,

508 913 640 961 tunc
676 903 970 960 abstolleus
992 916 1177 958 secum
1197 900 1439 955 diversos
1489 898 1771 969 episcopos
1793 936 1810 961 ,
1866 895 2091 950 abbates

430 976 437 983 ’
509 999 674 1054 etiam
699 1005 754 1052 et
790 995 1029 1064 judiees,
1090 994 1254 1049 duces
1288 1005 1481 1059 nempe
1504 996 1559 1045 et
1603 988 1926 1060 grapliiones
1967 1000 2093 1041 cum

511 1090 757 1159 plurimis
781 1087 1131 1152 exercitibus,
1161 1086 1251 1141 hic
1277 1084 1507 1141 Romam
1526 1097 1626 1153 per
1652 1082 1862 1137 Tuscia:
1911 1088 2095 1151 partes

509 1179 836 1250 properavit,
867 1178 943 1234 ita
967 1177 1288 1233 festinanter
1310 1174 1620 1240 adveniens,
1642 1181 1703 1228 ut
1729 1174 1784 1228 in
1830 1173 1948 1242 ipso
1971 1172 2095 1229 sab-

509 1269 636 1324 bato
656 1276 843 1323 sancto
866 1281 925 1323 se
945 1267 1222 1322 liminibus
1249 1272 1608 1336 prtesentaret
1632 1263 1961 1334 apostolicis.
1989 1260 2096 1318 Cu-

503 1358 595 1430 jus
615 1359 905 1414 adventum
939 1358 1162 1414 audiens
1186 1357 1489 1413 antedictus
1514 1354 1861 1411 beatissimus
1904 1352 2097 1407 Adria-

509 1466 612 1505 nus
632 1465 789 1520 papa,
818 1450 962 1520 quod
985 1450 1063 1504 sic
1091 1456 1315 1519 repente
1340 1448 1458 1519 ipse
1481 1446 1816 1502 Francorum
1840 1442 2093 1499 advenis-

510 1549 593 1598 set
620 1558 737 1609 rex,
762 1543 817 1597 in
842 1557 1035 1613 magno
1062 1550 1281 1612 stupore
1300 1548 1355 1596 et
1371 1540 1577 1596 exstasi
1598 1539 1878 1605 deductus,
1900 1537 2099 1594 direxit

507 1632 565 1688 in
585 1632 701 1702 ejus
727 1648 1013 1689 occursum
1041 1634 1321 1688 universos
1368 1632 1581 1703 judices
1605 1632 1673 1686 ad
1724 1630 1839 1687 fere
1870 1631 2097 1702 triginta

510 1724 680 1780 millia
710 1726 779 1782 ab
816 1727 917 1781 hac
942 1725 1187 1781 Romana
1216 1726 1350 1781 urbe
1395 1726 1451 1779 in
1500 1725 1700 1791 locum,
1732 1727 1826 1796 qui
1875 1732 2099 1782 vocatur

510 1816 711 1882 Novas,
740 1817 832 1872 ubi
852 1832 976 1873 eum
997 1833 1122 1872 cum
1141 1817 1382 1873 bandora
1410 1828 1438 1858 α
1468 1829 1841 1888 susceperunt.

2192 626 2441 689 precatus
2470 628 2553 674 est
2572 620 2714 675 idem
2741 619 3074 676 Francorum
3104 636 3199 676 rex
3223 622 3559 679 antedictum
3592 626 3779 685 almis-

2195 725 2316 767 cum
2350 713 2679 783 pontiﬁcem,
2712 714 2787 768 illi
2832 713 3110 769 licentiam
3141 716 3305 772 tribui
3335 716 3572 774 Romam
3614 720 3780 792 ingre.

2196 803 2374 861 diendi
2395 807 2463 861 ad
2497 821 2595 861 sua
2618 807 2924 862 orationum
2947 816 3074 863 vota
3111 823 3211 878 per
3230 810 3474 867 diversas
3491 812 3594 868 Dei
3623 818 3782 877 eule-

2196 899 2303 956 sias
2324 898 2698 968 persolvenda.
2729 900 2799 956 Et
2818 901 3202 958 descendentes
3251 904 3458 975 pariter
3478 908 3552 962 ad
3599 925 3781 980 corpus

2196 990 2339 1047 beati
2360 990 2505 1045 Petri
2533 999 2643 1045 tam
2672 992 2788 1062 ipse
2828 993 3207 1053 sanctissimus
3234 1009 3372 1065 papa
3401 1011 3684 1068 quamque
3704 1016 3781 1055 an-

2199 1079 2395 1136 tefatus
2423 1081 2919 1138 excellentissimus
2946 1083 3286 1140 Francorum
3327 1100 3423 1141 rex
3448 1103 3580 1142 cum
3602 1088 3782 1156 judici-

2198 1171 2300 1227 bus
2312 1170 2681 1227 Romanorum
2707 1180 2761 1227 et
2786 1172 3143 1241 Francorum,
3171 1190 3339 1247 seque
3359 1186 3555 1235 mutuo
3579 1195 3683 1251 per
3705 1198 3782 1238 sa-

2200 1271 2538 1318 cramentum
2566 1263 2870 1320 munientes
2892 1304 2909 1331 ,
2956 1266 3232 1336 ingressus
3255 1278 3340 1325 est
3376 1270 3621 1326 Romam
3670 1290 3784 1330 con-

2201 1352 2355 1410 tinuo
2392 1369 2515 1409 cum
2543 1356 2735 1411 eodem
2759 1356 3018 1427 pontiﬁce
3046 1360 3161 1429 ipse
3183 1360 3515 1419 Francorum
3542 1380 3650 1420 rex
3673 1383 3782 1423 cum

2203 1444 2315 1501 suis
2345 1444 2617 1515 iudicibus
2638 1456 2693 1503 et
2722 1449 2920 1520 populo
2953 1451 3010 1507 in
3034 1452 3223 1510 eodem
3252 1456 3477 1513 sabbato
3502 1469 3722 1516 sancto.

2273 1535 2343 1621 Et
2388 1537 2445 1592 in
2486 1538 2711 1595 basilica
2741 1538 3041 1598 Salvatoris
3080 1542 3235 1613 juxta
3281 1545 3567 1604 Lateranis
3605 1549 3784 1622 [Late-

2206 1627 2438 1700 ranum]
2460 1629 2666 1699 pariter
2685 1629 2914 1701 ingressi
2940 1632 3140 1689 ibidem
3160 1636 3277 1705 ipse
3303 1637 3785 1697 excellentissimus

2206 1731 2301 1774 rex
2328 1733 2452 1774 cum
2485 1720 2735 1777 omnibus
2761 1723 2873 1778 suis
2927 1739 3141 1795 quoque
3174 1726 3203 1766 ι’
3234 1728 3408 1783 sancti
3452 1730 3786 1799 baptismatis

2207 1818 2603 1866 sacramentum
2630 1812 2934 1869 antedictus
2963 1823 3048 1870 ter
3068 1816 3412 1873 beatissimus
3438 1820 3689 1889 pontifex
3713 1836 3787 1876 ce-

517 1935 537 1966 ~.
582 1907 652 1960 Et
677 1888 806 1962 dum
849 1910 1331 1978 appropinquasset
1356 1905 1470 1962 fere
1496 1924 1607 1964 uno
1631 1887 1887 1964 milliario
1933 1924 1965 1964 a
1993 1910 2100 1966 Ro-

2209 1898 2450 1957 lebravit.
2479 1901 2548 1957 Et
2579 1902 2655 1958 ita
2682 1905 3025 1974 postmodum
3056 1908 3124 1963 ad
3173 1910 3392 1966 beatum
3418 1887 3653 1969 neu-un
3686 1914 3787 1984 ipse

513 2012 675 2075 mana
701 1997 871 2063 urbe,
922 1998 1120 2053 direxit
1163 1999 1445 2055 universas
1485 1999 1700 2056 scholas
1741 1999 1949 2056 militize
1994 2017 2102 2058 una

512 2103 636 2144 cum
661 2088 924 2157 patronis,
951 2088 1217 2159 simulque
1243 2097 1298 2145 et
1336 2088 1523 2161 pueris
1567 2091 1660 2161 qui
1705 2090 1775 2145 ad
1820 2092 2104 2149 discendas

512 2179 725 2236 litteras
748 2180 1066 2251 pergebant,
1092 2180 1442 2251 deportantes
1468 2196 1658 2238 omnes
1682 2197 1863 2238 ramos
1891 2182 2100 2253 palma-

514 2290 633 2331 rum
660 2282 822 2347 atque
848 2274 1148 2341 olivarum;
1179 2274 1477 2347 laudesque
1501 2284 1956 2332 onmescanentes
1980 2291 2104 2332 cum

513 2365 964 2422 acclamationum
1017 2368 1330 2424 earumdem
1382 2365 1601 2423 laudum
1656 2367 1879 2424 vocibus
1928 2366 2104 2437 ipsum

511 2456 847 2514 Francorum
873 2465 1229 2528 susceperunt
1257 2472 1461 2528 regem.
1479 2455 1705 2514 Obviam
1737 2457 1812 2512 illi
1838 2456 1956 2526 ejus
1983 2471 2106 2513 san-

512 2548 672 2606 ctitas
692 2547 931 2618 dirigens
955 2548 1293 2604 venerandas
1318 2563 1530 2614 cruces,
1561 2548 1614 2603 id
1650 2556 1734 2604 est
1762 2548 1934 2618 signa,
1964 2547 2107 2603 sicut

514 2655 635 2695 mos
658 2638 831 2694 estad
851 2639 1170 2705 exarchum,
1197 2647 1291 2695 aut
1323 2638 1612 2709 patricium
1667 2638 2069 2708 suscipiendum
2086 2678 2102 2706 ,

512 2746 638 2786 cum
658 2745 781 2786 cum
806 2730 1011 2801 ingenti
1058 2731 1263 2785 honore
1308 2730 1510 2801 suscipi
1553 2728 1702 2785 fecit.
1734 2730 1853 2800 lpse
1898 2745 2029 2785 vero
2072 2745 2105 2787 a

513 2821 625 2877 Deo
649 2821 924 2878 institutus
950 2820 1368 2891 benignissimus
1396 2820 1622 2877 Carolus
1671 2836 1902 2892 magnus
1934 2820 2107 2877 Fran-

514 2928 704 2970 corum
733 2928 829 2968 rex
859 2921 915 2968 et
959 2913 1221 2984 patricius
1248 2912 1619 2969 Romanorum
1673 2929 1781 2983 qua
1827 2914 1963 2970 liora
1987 2929 2108 2970 eas-

452 3052 455 3055 .
512 3004 638 3061 dem
663 3004 1057 3060 sacratissimas
1084 3020 1272 3062 cruces
1291 3019 1356 3061 ac
1400 3004 1554 3077 signa
1575 3005 1677 3061 sibi
1709 3005 1925 3061 obviam
1948 3006 2108 3062 adve-

516 3095 665 3151 nisse
712 3095 1012 3168 conspexit,
1044 3096 1373 3155 descendens
1421 3097 1487 3153 de
1516 3111 1655 3168 equo
1681 3111 1789 3167 quo
1844 3098 2105 3163 sedebat,

513 3185 590 3241 ita
614 3201 737 3241 cum
764 3186 874 3242 suis
909 3185 1181 3257 iudicibus
1208 3189 1276 3243 ad
1319 3188 1537 3243 beatum
1580 3187 1800 3244 Petrum
1840 3188 2109 3258 pedestris

514 3290 806 3349 properare
832 3241 1235 3349 subuersum
1251 3241 2107 3352 Ιιυίάέέιιάιίὶηὶίεῖιξρὲζεέίίὲὶιίἐ
2134 3241 2183 3309 (³

514 3366 759 3441 pontifex
789 3368 1024 3426 diluculo
1064 3387 1291 3444 surgens
1318 3371 1374 3428 in
1417 3372 1606 3429 eodem
1645 3373 1871 3430 sabbato
1920 3382 2107 3430 sancto

515 3476 642 3519 cum
671 3461 923 3520 universo
952 3464 1098 3520 clero
1136 3473 1193 3521 et
1232 3464 1431 3537 populo
1470 3465 1715 3522 Romano
1765 3466 1835 3521 ad
1887 3467 2107 3522 beatum

515 3555 738 3613 Petrum
763 3560 1072 3630 properavit
1097 3560 1167 3616 ad
1212 3560 1615 3631 suscipiendum
1643 3559 1894 3615 eumdem
1937 3558 2109 3615 Fran-

517 3666 706 3709 corum
731 3668 932 3722 regem,
955 3654 1014 3708 in
1042 3653 1296 3725 gradibus
1320 3653 1493 3725 ipsius
1537 3652 1848 3725 apostolica:
1875 3651 2014 3709 aula:
2054 3657 2112 3707 et

518 3755 644 3796 eum
674 3757 797 3796 cum
824 3741 971 3798 clero
999 3758 1098 3799 suo
1119 3744 1461 3812 prmstolatus
1480 3751 1580 3800 est.

590 3830 962 3903 Conjungente
1004 3848 1134 3890 vero
1161 3835 1351 3891 eodem
1392 3834 1845 3892 excellentissimo
1874 3851 1939 3891 ac
1957 3835 2111 3891 beni-

520 3922 781 3995 gnissimo
806 3922 1001 3980 Carolo
1031 3940 1176 3998 rege,
1204 3940 1394 3983 omnes
1437 3927 1636 3999 gradus
1664 3926 1936 3998 sigillatim
1963 3925 2109 3996 ejus-

519 4021 646 4078 dem
673 4019 1053 4076 sacratissimae
1101 4018 1247 4075 beati
1288 4017 1435 4075 Petri
1467 4017 1725 4075 Ecclesia:
1769 4018 2112 4076 deosculatus

520 4122 623 4181 est,
652 4122 707 4170 et
728 4113 802 4169 ita
821 4127 992 4184 usque
1018 4111 1088 4168 ad
1132 4111 1587 4183 pramominatum
1630 4111 1875 4183 pervenit
1893 4111 2111 4183 pontiﬁ-

521 4223 661 4274 cem,
684 4206 777 4264 ubi
805 4207 860 4261 in
888 4207 1029 4262 atrio
1048 4220 1211 4277 super
1244 4205 1444 4275 gradus
1485 4202 1644 4274 juxta
1670 4202 1813 4261 fores
1870 4204 2113 4262 ecclesiae

521 4300 829 4357 assistebat.
852 4298 1038 4370 quue
1064 4306 1315 4368 suscepto
1364 4305 1552 4355 mutuo
1580 4312 1639 4353 se
1687 4296 2070 4369 amplectentes
2091 4338 2109 4364 ,

519 4391 694 4448 tenuit
720 4389 891 4446 isdem
932 4388 1427 4446 Christianissimus
1450 4387 1678 4445 Carolus
1705 4404 1802 4444 rex
1829 4387 2112 4446 dexteram

522 4498 746 4540 manum
788 4482 1045 4539 antedicti
1092 4481 1383 4554 pontiﬁcis.
1436 4482 1506 4537 Et
1540 4481 1617 4538 ita
1664 4482 1721 4538 in
1743 4482 1993 4539 eamdem
2018 4497 2112 4539 ve-

2202 1991 2548 2049 beatissimus
2577 1996 2855 2064 repedavit
2882 2011 2998 2053 rex.

2272 2085 2395 2143 Alio
2422 2101 2551 2143 vero
2596 2087 2684 2143 die
2722 2088 3068 2147 illucescente
3105 2090 3387 2149 Dominico
3445 2106 3640 2151 sancto
3662 2136 3678 2163 ,
3728 2097 3780 2152 in

2205 2172 2320 2244 ipsa
2360 2175 2729 2234 sacratissima
2750 2179 2990 2251 paschali
3014 2180 3311 2239 festivitate
3343 2183 3545 2241 direxit
3565 2186 3784 2244 dﬂucnio

2206 2264 2320 2335 ipse
2347 2267 2720 2325 sanctissimus
2755 2270 2956 2341 praesul
2976 2280 3204 2329 cunctos
3222 2271 3438 2342 judices
3464 2285 3522 2331 et
3550 2278 3781 2335 univusa

2204 2362 2466 2433 obsequia
2493 2363 2700 2423 militia:
2728 2367 2796 2423 ad
2814 2369 3065 2424 eumdem
3090 2382 3305 2441 regem,
3355 2380 3413 2426 et
3436 2386 3563 2428 cum
3610 2387 3783 2443 magno

2205 2453 2412 2511 honore
2436 2470 2560 2511 eum
2582 2457 2940 2528 suscipientes
2973 2459 3026 2514 in
3064 2460 3297 2517 ecclesia
3337 2460 3556 2518 Sanctae
3582 2465 3676 2519 Dei
3700 2463 3788 2520 Ge-

2206 2545 2418 2601 nitricis
2430 2546 2498 2603 ad
2512 2546 2775 2620 Praesepe,
2805 2550 3116 2619 properavit
3142 2565 3267 2607 cum
3282 2553 3537 2608 omnibus
3556 2554 3650 2623 qui
3668 2570 3785 2608 cum

2205 2650 2272 2693 eo
2298 2637 2630 2694 advenerant
2657 2639 2904 2696 Francis.
2957 2640 3023 2696 Et
3049 2650 3172 2711 post
3199 2643 3498 2699 missarum
3543 2644 3790 2700 solemnia

2206 2728 2476 2785 celebrata
2495 2732 2738 2802 perrexit
2766 2746 2890 2788 cum
2910 2736 3309 2804 praznominato
3350 2737 3615 2807 pontiﬁce
3648 2738 3786 2793 Late-

2206 2835 2436 2878 ranense
2464 2822 2877 2893 patriarchium,
2908 2824 3127 2896 illicque
3142 2826 3227 2888 .ad
3272 2842 3529 2884 mensam
3559 2829 3788 2899 apostoli»

2207 2926 2328 2969 cam
2358 2913 2562 2983 pariter
2587 2915 2787 2985 epulati
2808 2925 2953 2971 sunt.
2982 2916 3104 2974 Alio
3128 2933 3261 2975 vero
3285 2919 3380 2975 die
3407 2924 3649 2978 sewnda
3676 2922 3791 2977 feria

2205 3001 2371 3059 simili
2398 3004 2555 3060 modo
2583 3005 2638 3060 in
2666 3006 2895 3063 ecclesia
2944 3009 3088 3064 beati
3114 3008 3260 3066 Petri
3293 3026 3457 3067 more
3504 3014 3658 3069 solito
3692 3014 3796 3082 ipse

2208 3094 2530 3165 conspicuus
2547 3104 2704 3167 pater
2722 3104 2778 3153 et
2804 3099 3057 3170 egregius
3099 3101 3348 3170 pontifex
3376 3103 3669 3159 missarum
3713 3117 3794 3158 so-

2209 3184 2406 3241 lemnia
2434 3186 2742 3254 celebrans,
2766 3188 2880 3246 Deo
2899 3190 3256 3262 omnipotenti
3277 3199 3336 3248 et
3362 3194 3604 3263 praefato
3621 3193 3793 3251 Caiqu

2209 3277 2664 3337 excellentissimo
2684 3281 2797 3352 regi
2822 3281 3157 3340 Francorum
3174 3293 3232 3339 et
3274 3287 3522 3356 patricio
3545 3288 3796 3345 Romano-

2210 3382 2333 3423 rum
2359 3368 2545 3426 laudes
2565 3370 2790 3428 reddere
2818 3372 2965 3428 fecit.
2994 3373 3179 3429 Tertia
3205 3390 3339 3431 vero
3378 3377 3471 3433 die
3507 3388 3562 3443 ε,
3576 3377 3727 3448 juxta
3747 3388 3797 3449 ᾳ

2210 3473 2329 3514 mos
2349 3467 2455 3526 est,
2480 3460 2536 3515 in
2572 3461 2804 3519 ecclesia
2850 3464 2994 3520 beati
3022 3463 3174 3520 Pauli
3218 3467 3458 3537 apostoli
3498 3470 3697 3525 missas
3730 3470 3798 3524 ci-

2212 3550 2335 3606 dem
2366 3551 2480 3624 regi
2500 3551 2645 3609 fecit.
2678 3552 2749 3610 At
2769 3569 2900 3610 vero
2920 3565 3113 3626 quarta
3152 3556 3288 3613 feria
3310 3571 3586 3631 egressus
3611 3575 3799 3632 pnas-

2208 3643 2447 3699 minatus
2474 3645 2715 3715 pontifex
2740 3661 2866 3702 cum
2885 3648 2999 3703 suis
3022 3646 3300 3718 iudicibus
3324 3657 3444 3706 tam
3461 3651 3609 3708 cieri
3626 3669 3796 3731 quan-

2210 3747 2318 3804 que
2338 3735 2543 3792 militia:
2574 3737 2631 3791 in
2651 3738 2879 3795 ecclesia
2898 3740 3040 3797 beati
3052 3740 3199 3797 Petri
3230 3744 3473 3813 apostoli
3506 3748 3799 3816 pariterque

2210 3842 2337 3884 cum
2363 3829 2553 3885 eodem
2585 3844 2712 3902 rege
2740 3846 2798 3888 se
2819 3833 2889 3889 ad
2913 3833 3245 3905 loquendum
3283 3836 3661 3909 conjungens,
3694 3854 3803 3895 can-

2211 3928 2421 3978 stanter
2435 3937 2561 3978 eum
2592 3925 2915 3996 deprecatus
2947 3936 3050 3995 est,
3086 3936 3250 3999 atque
3298 3929 3628 3997 admonuit,
3651 3940 3801 4002 etp-

2210 4021 2369 4070 terno
2410 4013 2603 4072 affectu
2654 4017 2933 4075 adhortari
2983 4019 3214 4087 studuit,
3276 4027 3337 4076 ut
3392 4024 3805 4092 promissione-

2210 4119 2374 4183 quam
2396 4107 2510 4178 ejus
2544 4115 2746 4166 sanctae
2766 4111 3042 4167 memoriae
3080 4112 3294 4184 genitor
3324 4112 3610 4185 Pippinns
3637 4131 3731 4170 rex
3760 4124 3805 4168 et

2210 4206 2326 4278 ipse
2372 4204 2902 4278 praecellentissimus
2948 4205 3173 4263 Carolus
3211 4221 3337 4263 cum
3386 4223 3495 4263 suo
3559 4221 3802 4282 germano

2209 4300 2603 4359 Carolomanno
2635 4310 2799 4371 atque
2825 4301 3077 4357 omnibus
3106 4300 3385 4370 iudicibus
3412 4300 3663 4359 Francis
3690 4301 3808 4357 fere

2208 4404 2336 4453 rant
2371 4397 2533 4453 beato
2573 4394 2736 4450 Petro
2774 4402 2833 4451 et
2868 4393 2986 4464 ejus
3032 4394 3239 4450 vicario
3277 4403 3488 4450 sancta:
3539 4395 3808 4451 memori:

2210 4486 2412 4544 domno
2435 4485 2709 4557 Stephano
2731 4482 2938 4555 juniori
2982 4500 3156 4556 papae,
3191 4485 3411 4556 quando
3440 4485 3503 4540 in
3528 4487 3810 4542 Frana‘an

521 4574 822 4631 nerandam
852 4574 1034 4630 aulam
1057 4574 1205 4630 beati
1251 4573 1400 4630 Petri
1427 4572 2107 4668 principisgapostolorum
2130 4605 2187 4668 Β
2210 4575 2450 4650 perrexit
2471 4590 2573 4647 pro
2597 4575 2957 4632 concedendis
2980 4575 3210 4633 diversis
3258 4575 3601 4635 civitatibus
3627 4594 3696 4633 ac
3726 4585 3813 4631 trr-

523 4666 752 4740 ingressi
776 4674 921 4735 sunt,
954 4665 1171 4722 laudem
1198 4666 1316 4722 Deo
1336 4674 1393 4722 et
1420 4664 1539 4736 ejus
1557 4666 1890 4725 excellentiae
1913 4669 2112 4726 decan-

521 4772 721 4832 tantes,
751 4764 1039 4821 universus
1062 4763 1241 4821 clerus
1264 4770 1321 4820 et
1346 4763 1527 4820 ctincti
1552 4762 1791 4835 religiosi
1808 4763 1905 4820 Dei
1923 4761 2115 4821 famuli

522 4868 748 4917 extensa
772 4874 907 4916 voce
955 4857 1319 4914 acclamantes
1346 4871 1362 4912 :
1393 4856 1707 4913 Benedictus
1737 4856 1828 4928 qui
1872 4857 2011 4912 venit
2056 4856 2116 4913 in

523 4952 732 5009 nomine
781 4949 1015 5015 Domini,
1040 4957 1144 5005 etc.
1196 4948 1395 5020 Sicque
1448 4963 1575 5006 cum
1620 4948 1812 5005 eodem
1858 4947 2115 5019 pontiﬁce

524 5043 641 5114 ipse
667 5042 1004 5098 Francorum
1047 5055 1164 5105 rex,
1193 5039 1463 5109 simulque
1498 5046 1554 5095 et
1607 5054 1797 5095 omnes
1832 5038 2110 5109 episcopi,

525 5133 773 5199 abbates,
801 5140 858 5188 et
874 5131 1106 5202 judices,
1132 5138 1189 5187 et
1226 5130 1466 5187 universi
1517 5130 1714 5188 Franci
1743 5130 1837 5201 qui
1885 5145 2010 5186 cum
2046 5144 2114 5187 eo

525 5221 857 5276 advenerant
882 5223 952 5278 ad
1000 5220 1394 5277 confessionem
1444 5220 1591 5280 beati
1639 5219 1787 5275 Petri
1827 5220 2116 5292 appropin-

525 5319 785 5382 quantes,
842 5328 1066 5384 seseque
1111 5314 1270 5385 proni
1297 5313 1496 5370 ibidem
1528 5320 1956 5385 prosternentes,
2003 5314 2114 5371 Deo

526 5410 713 5459 nostro
759 5404 1115 5475 omnipotenti
1154 5413 1212 5461 et
1246 5405 1420 5461 eidem
1468 5406 1835 5478 aposmlorum
1881 5405 2115 5478 principi

526 5494 745 5566 propria
804 5495 1154 5551 reddiderunt
1211 5507 1337 5553 vota
1362 5538 1377 5565 ,
1452 5498 1818 5569 gloriﬁcantes
1877 5499 2115 5555 divinam

529 5587 826 5659 potentiam
861 5586 917 5641 in
944 5601 1010 5641 eo
1034 5589 1178 5656 quod
1198 5588 1356 5643 talem
1404 5603 1502 5659 per
1529 5590 1979 5647 interventionem
2004 5589 2116 5646 suf-

528 5675 701 5751 fragia
722 5677 962 5748 ejusdem
980 5678 1239 5750 principis
1258 5680 1625 5749 apostolorum
1645 5681 1941 5739 concedere
1955 5680 2118 5752 jussit

604 5808 630 5869 fi
659 5796 911 5869 {tandem
939 5804 1021 5853 est
1039 5797 1276 5852 militare
1303 5798 1534 5869 signum.

604 5866 633 5906 ι’
660 5866 790 5923 Cod.
819 5868 973 5937 Luc.,
1003 5885 1285 5938 quousque.

2212 4672 2422 4729 ritoriis
2440 4671 2601 4729 istius
2620 4669 2790 4727 Italia
2813 4670 3129 4742 provinciae,
3153 4677 3213 4727 et
3228 4670 3644 4728 contradendis
3672 4674 3815 4728 beati

2212 4767 2377 4826 Petro
2401 4764 2626 4838 ejusque
2650 4765 2906 4822 omnibus
2943 4764 3166 4822 vicariis
3199 4764 3258 4820 in
3296 4774 3648 4837 perpetuum
3668 4764 3817 4841 pusi-

2213 4862 2421 4929 dendis,
2452 4859 2774 4933 adimpleret
2798 4859 2856 4915 in
2880 4859 3161 4927 omnibus;
3214 4874 3455 4931 cumque
3482 4862 3682 4934 ipsam
3707 4878 3816 4935 pu-

2211 4955 2548 5021 missionem,
2576 4969 2697 5025 quae
2717 4954 2775 5009 in
2798 4951 3029 5009 Francia
3057 4952 3112 5009 in
3153 4952 3273 5009 loco
3311 4952 3409 5023 qui
3434 4964 3692 5011 vocatur
3730 4954 3819 5010 Ca-

2212 5045 2444 5102 risiacus
2468 5042 2612 5100 facta
2633 5051 2736 5113 est,
2760 5044 2864 5100 sibi
2896 5042 3065 5115 relegi
3097 5042 3335 5109 fecisset,
3359 5045 3823 5114 complacuerunt

2213 5136 2292 5194 illi
2317 5144 2373 5193 et
2390 5134 2506 5206 ejus
2521 5133 2797 5205 iudicibus
2810 5133 2993 5189 omnia
3014 5148 3136 5204 qua:
3150 5132 3350 5189 ibidem
3386 5144 3564 5191 erant
3594 5137 3824 5198 adnexa,

2213 5237 2270 5286 et
2292 5228 2513 5300 propria
2556 5226 2854 5293 voluntate,
2880 5225 3026 5281 bono
3057 5238 3124 5280 ac
3173 5224 3365 5281 libenti
3413 5226 3623 5284 animo
3674 5228 3825 5283 alia.

2214 5317 2521 5376 donationis
2553 5315 2971 5389 promissionem
2996 5319 3065 5371 ad
3108 5316 3280 5371 instar
3314 5318 3674 5387 anterioris,
3730 5321 3827 5390 ipse

2215 5409 2517 5466 antedictus
2545 5405 3077 5477 prmcellentissimus
3096 5415 3154 5463 et
3190 5420 3381 5463 revera
3411 5407 3832 5466 Christianissi-

2214 5517 2337 5558 mus
2360 5499 2585 5557 Carolus
2609 5497 2944 5554 Francorum
2973 5513 3072 5554 rex
3097 5498 3295 5555 ascribi
3319 5496 3491 5567 jussit
3512 5515 3630 5571 per
3672 5503 3823 5558 Ethe-

2215 5596 2359 5653 rium
2397 5592 2706 5666 religiosum
2743 5606 2807 5646 ac
2853 5591 3338 5662 prudentissimum
3387 5594 3759 5664 capellarum
3782 5600 3834 5651 et

2218 5686 2489 5744 notarium
2545 5699 2726 5750 suum,
2756 5684 2849 5739 ubi
2899 5682 3168 5739 concessit
3213 5685 3440 5741 easdem
3476 5687 3757 5744 civitates
3784 5691 3834 5740 et

2294 5813 2318 5841 α
2356 5798 2487 5861 Cod.
2511 5797 2665 5867 Luc.,
2693 5796 2869 5855 Tertia
2896 5796 3032 5867 feria
3058 5812 3179 5871 vero
3205 5795 3310 5850 die.
