3950 6312
158 407 182 469 l
208 413 312 471 m3

1723 402 1903 464 V'ITA.

3276 408 3417 471 H86

155 528 446 585 territoria
474 526 633 583 beato
656 524 835 590 Petro,
855 536 1050 593 easque
1085 520 1309 595 prtefato
1336 518 1575 593 pontiﬁci
1619 535 1744 575 con-
1770 526 1818 583 Α
1844 521 1986 576 datis
2008 520 2135 577 fecit
2162 521 2278 577 vela
2324 535 2546 577 numero
2572 521 2851 591 sexaginta
2872 522 3128 594 quinque.
3178 525 3418 601 Denique

157 628 309 680 tradi
335 624 639 697 spopondit,
665 639 758 692 per
780 619 1199 690 designationem
1240 617 1529 671 confinium
1551 656 1565 683 ,
1602 616 1739 671 sicut

154 721 216 773 in
255 720 444 773 eadem
473 718 757 773 donatione
785 714 1059 767 continere
1112 718 1459 773 monstratur,
1487 709 1539 762 id
1577 717 1655 760 est
1709 724 1738 758 a

154 812 332 865 Lnnis
359 826 477 864 cum
506 807 679 863 insula
705 805 941 869 Corsica,
975 803 1163 858 deinde
1196 804 1248 856 in
1273 801 1521 864 Suriano,
1552 795 1740 851 deinde

157 904 216 957 in
253 912 434 958 monte
449 903 713 967 Bardone,
738 902 789 955 id
819 909 919 965 cst,
938 900 989 953 in
1013 900 1158 971 [inde
1180 896 1255 968 in]
1284 897 1527 955 Verecto,
1551 892 1740 944 deinde.

153 999 217 1053 in
242 997 461 1063 Parma,
493 994 684 1052 deinde
712 994 766 1050 in
796 994 986 1064 Regio,
1011 1000 1066 1048 et
1085 991 1280 1046 exinde
1313 989 1370 1044 in
1390 987 1624 1053 Mantua,
1655 991 1737 1038 at-

152 1104 271 1161 gue
296 1097 477 1145 monte
518 1084 746 1161 [ponte]
789 1083 989 1150 Silicis,
1020 1079 1285 1150 simulque
1339 1085 1395 1134 et
1430 1076 1742 1132 universum

152 1180 517 1237 exarchatum
542 1175 938 1233 Ravennatium
964 1173 1102 1230 sicut
1153 1168 1449 1239 antiquitus
1489 1171 1622 1227 erat,
1656 1168 1739 1216 at-

150 1290 270 1344 que
295 1271 599 1343 provincias
624 1266 991 1331 Venetiarum,
1015 1272 1070 1319 et
1100 1260 1380 1327 Histriam,
1411 1272 1514 1313 nec
1543 1270 1649 1310 non
1685 1258 1742 1308 et

151 1373 421 1421 cunctum
443 1362 693 1418 ducatum
729 1357 1065 1429 Spoletinum
1100 1361 1154 1410 et
1176 1353 1632 1408 Beneventanum.

233 1455 503 1524 Factaque
525 1453 713 1509 eadem
754 1448 1065 1513 donatione,
1090 1452 1143 1501 et
1177 1441 1396 1515 propria
1429 1453 1527 1497 sua
1574 1449 1741 1491 manu

151 1548 282 1617 ipse
303 1543 791 1603 Christianissimus
827 1539 1163 1596 Francorum
1187 1548 1286 1590 rex
1339 1546 1459 1588 eam
1493 1527 1742 1585 corrobo-

150 1655 316 1707 rans,
344 1639 625 1694 universos
647 1634 949 1707 episcopos,
975 1629 1218 1694 abbates,
1247 1627 1412 1683 duces
1433 1664 1448 1688 ,
1500 1620 1662 1676 etiam
1687 1625 1743 1675 et

150 1733 486 1807 graphiones
528 1730 585 1786 in
626 1743 692 1785 ea
740 1724 935 1783 ascribi
981 1720 1133 1795 [eam
1170 1711 1543 1787 subscribere]
1588 1710 1737 1767 fecit.

1845 611 1961 681 ejus
1985 612 2259 667 beatitudo
2292 611 2422 669 fecit
2463 613 2768 682 ctpbarum
2818 614 3076 682 maiorem
3136 615 3193 671 in
3230 620 3416 674 eadem

1841 704 1981 756 beati
2014 704 2155 756 Petri
2195 703 2421 761 ecclesia
2458 703 2513 757 in
2540 714 2721 774 typum
2744 706 3046 774 crucis,qni
3071 707 3265 775 pendet
3293 719 3417 764 ante

1841 795 2231 863 presbyterium
2260 795 2545 849 habentem
2582 793 2835 849 candelas
2865 796 3010 849 millc
3055 806 3321 852 trecentas
3366 810 3419 853 et

1842 888 2178 957 Septuaginta
2226 902 2269 942 ν.
2322 888 2389 942 Et
2434 889 2713 942 constituit
2759 898 2819 942 ut
2854 900 3084 958 quatuor
3123 890 3329 945 vicibus
3366 892 3417 945 in

1841 993 1981 1033 anno
2019 980 2192 1048 ipsum
2225 978 2452 1050 pharum
2483 978 2830 1045 accendatur,
2859 979 2913 1033 id
2938 986 3022 1035 est
3046 980 3103 1035 in
3126 979 3420 1035 Nativitate

1839 1068 2074 1136 Domini,
2102 1070 2157 1125 in
2186 1069 2413 1138 Pascha,
2456 1070 2513 1126 in
2550 1070 2716 1126 natali
2745 1070 3135 1140 apostolorum,
3163 1078 3218 1128 et
3239 1072 3295 1126 in
3322 1086 3419 1129 na-

1840 1162 1938 1217 tali
1964 1161 2255 1232 pontiﬁcis.
2290 1163 2531 1235 Itemque
2549 1162 2806 1233 praefatus
2824 1163 3199 1220 sanctissimus
3222 1162 3420 1235 praesit

1841 1250 1971 1307 fecit
2004 1253 2135 1308 inea
2157 1251 2380 1308 basilica
2402 1244 2628 1309 calicem
2651 1250 2932 1308 fundatum
2955 1260 3267 1326 argenteum
3289 1268 3420 1325 pen-

1841 1351 2051 1446 santem
2079 1343 2523 1446 librasquinque,
2557 1359 2717 1414 quem
2745 1351 2799 1399 et
2827 1343 3006 1414 posuit
3037 1343 3094 1399 in
3141 1344 3421 1416 presbyte-

1840 1434 1927 1490 rio
1949 1448 2048 1506 pro
2077 1447 2142 1490 eo
2165 1434 2256 1505 qui
2283 1434 2520 1505 perierat
2563 1434 2899 1506 temporibus
2934 1433 3118 1491 domni
3141 1432 3292 1490 Pauli
3321 1450 3419 1505 pa-

1839 1538 1944 1594 pae.
1983 1523 2118 1580 Nam
2148 1532 2203 1581 et
2242 1524 2296 1580 in
2332 1524 2561 1581 ecclesia
2592 1523 2739 1579 beati
2774 1522 3003 1581 Andrea:
3040 1522 3268 1595 apostoli
3313 1524 3418 1579 sita

1836 1612 1992 1685 iuxta
2020 1613 2264 1671 eamdem
2294 1615 2440 1670 beati
2489 1613 2634 1670 Petri
2671 1612 2897 1684 apostoli
2939 1612 3243 1679 ecclesiam,
3268 1614 3419 1669 cibo-

1841 1705 1984 1761 rium
2019 1705 2231 1761 noviter
2255 1719 2321 1761 ex
2361 1713 2583 1776 argento
2628 1702 2981 1760 mundissimo
3021 1704 3136 1775 ipse
3172 1711 3257 1758 ter
3296 1703 3419 1759 hea-

151 1795 337 1892 6qu
363 1821 514 1894 prius
546 1835 708 1892 super
732 1818 902 1874 altare
949 1814 1094 1871 beati
1119 1811 1287 1878 Petri,
1309 1816 1365 1865 et
1399 1805 1742 1879 postmodum
1762 1872 1814 1894 ﬁ
1843 1797 2086 1854 tissimus
2137 1797 2378 1868 pontifex
2422 1796 2553 1854 fecit
2575 1836 2591 1864 ,
2640 1796 2732 1867 qui
2765 1803 2955 1867 pensat
2996 1795 3164 1853 libras
3201 1803 3418 1851 centum

152 1915 315 1970 intus
350 1872 405 1970 iii
433 1872 765 1982 sanctareius
800 1904 1137 1965 confessione
1180 1872 1441 1974 ponentes
1478 1906 1590 1953 tam
1620 1897 1737 1967 ipse
1762 1872 1816 1937 Β
1840 1887 2059 1959 triginta
2105 1888 2361 1959 quinque.
2402 1888 2588 1959 Itaque
2632 1895 2688 1943 et
2723 1888 2778 1943 in
2810 1886 3039 1944 ecclesia
3081 1887 3224 1944 beati
3266 1886 3419 1941 Pauli

152 2007 497 2064 Francorum
524 2019 619 2062 rex
640 2015 910 2075 quamque
946 1997 1061 2069 cius
1097 1995 1307 2066 iudices
1327 1994 1486 2049 beato
1503 1990 1667 2046 Petro
1685 1994 1742 2043 et

148 2098 282 2170 ejus
305 2096 506 2153 vicario
543 2093 881 2151 sanctissimo
903 2090 1138 2146 Adriano
1167 2100 1339 2158 papae,
1365 2084 1465 2141 sub
1510 2079 1741 2136 terribili

146 2198 505 2249 sacramento
541 2203 659 2245 sese
685 2185 866 2243 omnia
886 2188 1301 2239 conservaturos
1326 2190 1446 2247 qua:
1474 2173 1530 2229 in
1551 2171 1741 2228 eadem

148 2262 456 2339 donatione
477 2277 821 2336 continentur
847 2273 1223 2346 promittentes
1250 2267 1607 2324 tradiderunt.
1631 2261 1740 2331 Ap-

149 2390 354 2448 parem
365 2372 446 2446 [id
470 2379 555 2428 est
581 2366 876 2440 exemplar]
905 2365 1075 2437 ipsius
1092 2376 1117 2405 ι
1145 2357 1449 2418 donationis
1470 2371 1569 2427 per
1588 2366 1740 2409 eum-

150 2447 293 2524 dem
325 2463 603 2521 Etherium
626 2460 823 2518 ascribi
866 2458 1071 2515 faciens
1096 2456 1212 2527 ipse
1245 2447 1740 2509 Christianissimus

151 2575 264 2617 rex
288 2557 639 2621 Francorum,
666 2553 811 2609 intus
835 2565 998 2622 super
1021 2560 1220 2617 corpus
1264 2541 1410 2600 beati
1438 2540 1585 2597 Petri
1612 2538 1741 2594 sub-

156 2660 256 2708 tus
284 2647 556 2719 evangelia
580 2661 700 2715 quae
721 2643 920 2701 ibidem
952 2638 1282 2702 osculantur,
1306 2650 1404 2706 pro
1428 2630 1737 2689 ﬁrmissima

156 2746 374 2803 cautela
398 2751 449 2797 et
472 2748 670 2797 aeterna
702 2735 933 2792 nominis
961 2735 1042 2789 sui
1087 2747 1151 2787 ac
1209 2730 1357 2799 regni
1406 2727 1739 2782 Francorum

155 2837 425 2895 memoria
453 2876 466 2901 ,
524 2832 757 2904 propriis
809 2829 921 2883 suis
965 2826 1211 2881 manibus
1260 2821 1456 2891 posuit.
1516 2817 1741 2885 Aliaque

156 2928 408 3002 eiusdem
433 2907 740 2982 donationis
768 2919 1008 2988 exetnpla
1058 2932 1151 2986 per
1192 2911 1531 2969 scriniarium
1584 2904 1740 2975 huius

155 3030 369 3080 sanctae
419 3028 615 3074 nostra:
672 3013 911 3069 ecclesia:
959 3009 1225 3078 descripta
1270 3005 1385 3072 ejus
1425 3002 1740 3057 excellentia

156 3129 354 3171 secum
376 3108 697 3182 deportavit.
726 3107 1102 3171 Reversusquc
1122 3114 1244 3155 cum
1276 3096 1388 3153 suis
1415 3092 1741 3150 exercitibus

158 3206 438 3271 Ticinum,
468 3198 582 3273 ips'e
629 3195 1110 3256 excellentissimus
1136 3190 1469 3248 Francorum
1500 3200 1596 3241 rex
1633 3183 1744 3241 for—
1767 3227 1817 3295 ο

159 3301 403 3368 titerque
422 3293 703 3352 debellans
740 3300 903 3360 atque
923 3283 1176 3344 obsidens
1201 3281 1476 3339 civitatem
1496 3278 1740 3349 Papiam,

158 3392 298 3448 dum
326 3391 407 3445 ira
426 3387 522 3443 Dei
542 3398 703 3457 super
730 3395 919 3439 omnes
942 3374 1328 3447 Longobardos
1354 3372 1448 3444 qui
1473 3372 1531 3428 in
1556 3368 1744 3426 eadem

160 3483 393 3542 civitate
412 3488 567 3539 erant
584 3483 923 3551 grassaretur
946 3481 1110 3543 atque
1128 3468 1372 3534 saeviret,
1396 3474 1452 3521 et
1470 3464 1655 3535 plures
1678 3461 1747 3519 de

160 3576 520 3651 languoribus
563 3587 661 3629 seu
693 3566 1039 3627 mortalitatis
1068 3562 1220 3620 clade
1254 3558 1614 3624 defecissent,
1670 3555 1745 3611 ita

162 3648 289 3728 Dei'
308 3675 441 3724 nutu
466 3663 711 3722 eamdem
732 3661 1026 3725 civitatem,
1044 3654 1313 3724 simulque
1331 3661 1387 3708 et
1407 3648 1745 3706 Desiderium

161 3760 647 3833 Langobardorum
680 3769 885 3826 regem,
922 3760 1084 3822 atque
1130 3754 1355 3804 cunctos
1389 3742 1480 3815 qui
1509 3756 1633 3797 cum
1682 3754 1747 3796 eo

162 3864 351 3923 erant,
377 3857 491 3925 ipse
512 3846 995 3908 excellentissimus
1023 3842 1355 3898 Francorum
1383 3851 1479 3892 rex
1503 3845 1749 3903 compre-

164 3948 382 4015 hendit,
410 3954 464 4003 et
491 3960 600 4001 suae
618 3939 872 4015 potestati
903 3944 1156 3996 cunctum
1191 3946 1418 4005 regnum
1439 3928 1750 3998 Longobar—

162 4045 370 4101 dorum
393 4037 712 4112 subiugavit.
760 4031 1050 4090 Prmfatum
1079 4043 1207 4085 vero
1246 4024 1582 4082 Desiderium
1608 4021 1750 4076 Lon-

164 4134 535 4213 gobardorum
559 4144 743 4202 regem
763 4135 819 4184 et
841 4124 958 4196 eius
980 4121 1262 4191 coniugem
1281 4131 1464 4175 secum
1496 4114 1551 4169 in
1582 4112 1751 4170 Fran-

162 4234 322 4291 ciam
352 4225 671 4299 deportavit.
1198 4254 1207 4259 -

243 4326 381 4381 Erat
408 4296 552 4378 enim
576 4312 860 4386 saepefatus
882 4304 1228 4367 Matissimus
1248 4296 1491 4371 pontifex
1544 4300 1753 4351 amator

164 4416 528 4478 ecclesiarum
561 4411 614 4465 ι).
642 4408 743 4464 llic
761 4404 908 4463 enim
945 4395 1286 4468 coangelicus
1306 4392 1391 4447 vir
1414 4387 1543 4446 fecit
1586 4387 1642 4442 in
1663 4399 1753 4442 ec-

168 4477 347 4571 clesia
366 4505 510 4564 beati
530 4503 677 4561 Petri
708 4495 937 4571 apostoli
961 4500 1166 4549 vestem
1197 4488 1351 4544 mirae
1397 4477 1753 4556 pulchritudi-

1840 1979 2068 2050 apostoli
2104 1979 2378 2036 investivit
2396 1994 2591 2050 corpus
2611 1978 2848 2048 eiusdem
2875 1978 3113 2036 doctoris
3144 1978 3331 2035 mundi
3352 1993 3419 2035 ex
3444 2004 3453 2015 -

1839 2073 2054 2130 laminis
2074 2073 2343 2146 argenteis
2365 2072 2719 2145 pensantibus
2738 2072 2906 2129 libras
2933 2071 3174 2144 triginta.
3216 2085 3231 2093 ‘

1910 2166 2057 2235 Quas
2094 2166 2298 2222 addidit
2318 2166 2459 2223 idem
2485 2166 2856 2223 sanctissimus
2882 2164 3079 2238 praesul
3102 2204 3118 2232 ,
3163 2164 3419 2235 quoniam

1838 2267 2120 2332 argentum
2147 2259 2280 2315 illud
2315 2259 2459 2329 quod
2480 2258 2730 2329 primitus
2748 2265 2867 2314 erat
2894 2257 3056 2313 nimis
3081 2254 3418 2313 confractum

1839 2354 2125 2412 existebat.
2151 2352 2286 2409 Item
2324 2352 2459 2409 fecit
2491 2352 2548 2407 in
2598 2351 2788 2408 eadem
2834 2349 3059 2407 basilica
3085 2347 3226 2406 beati
3265 2345 3420 2405 Pauli

1839 2446 2067 2520 apostoli
2091 2446 2357 2503 cortinam
2382 2443 2642 2515 maiorem
2680 2442 2832 2514 iuxta
2849 2439 3045 2513 ianuas
3093 2441 3421 2514 principales

1839 2557 1906 2599 ex
1926 2540 2105 2612 palliis
2126 2537 2469 2611 quadrapulis
2489 2537 2558 2592 ad
2596 2537 2768 2592 instar
2813 2535 3037 2592 cortinae
3064 2548 3227 2604 quam
3255 2533 3310 2588 in
3336 2547 3422 2588 ec-

1840 2632 2005 2689 clesia
2045 2631 2189 2686 beati
2214 2629 2360 2687 Petri
2388 2630 2533 2686 fecit.
2579 2627 2688 2684 Sed
2715 2634 2770 2683 et
2803 2626 2967 2681 aliam
3005 2625 3277 2682 cortinam
3300 2638 3417 2678 ma-

1834 2721 2007 2792 jorem
2031 2721 2155 2775 fecit
2185 2735 2247 2775 ex
2277 2720 2451 2790 palliis
2487 2717 2864 2789 quadrapolis,
2926 2731 3044 2786 qua:
3079 2716 3277 2785 pendet
3320 2696 3419 2769 sub

1842 2833 1968 2871 areu
1996 2815 2200 2883 maiore
2225 2813 2377 2883 iuxta
2406 2812 2605 2876 altare;
2641 2813 2800 2864 etiam
2832 2818 2887 2864 et
2913 2825 3009 2879 per
3046 2807 3289 2862 diversos
3327 2822 3414 2860 ar-

1843 2925 1937 2963 eus
1962 2908 2127 2977 ipsius
2166 2905 2405 2960 ecclesiae
2444 2918 2506 2957 cx
2547 2902 2721 2973 palliis
2759 2900 3102 2972 quadrapolis
3129 2899 3259 2951 fecit
3302 2898 3420 2953 vela

1843 3018 2067 3058 numero
2100 3000 2455 3070 septuaginta.
2482 2998 2705 3051 Atrium
2735 3010 2861 3049 vero
2885 2994 3050 3064 ipsius
3102 2989 3420 3068 beatiPauli

1842 3095 2102 3158 ecclesiae,
2134 3060 2481 3162 quodvantea
2507 3088 2535 3127 ἀ
2568 3088 2867 3143 desolatum
2893 3060 3183 3146 existebat,
3212 3060 3303 3137 ubi
3330 3082 3424 3136 bo—

1844 3201 1938 3243 ves
1996 3193 2158 3254 atque
2210 3180 2403 3238 caballi
2474 3177 2913 3249 ingrediebantur
2951 3175 3020 3231 ad
3058 3171 3424 3243 pabulandum

1843 3284 2065 3351 propter
2082 3276 2305 3331 herbam
2341 3286 2463 3343 quae
2492 3270 2689 3327 ibidem
2707 3267 3050 3332 nascebatur,
3073 3263 3368 3335 inspiratus
3392 3277 3425 3317 a

1844 3371 1955 3428 Deo
2010 3369 2181 3426 isdem
2226 3364 2601 3423 sanctissimus
2652 3360 2892 3434 pontifex
2950 3374 3019 3415 ex
3065 3357 3426 3414 marmoribus

1842 3460 2082 3537 pulchris
2109 3466 2350 3515 sternere
2377 3455 2524 3512 fecit.
2552 3454 2611 3508 ln
2648 3451 2876 3511 ecclesia
2907 3449 3004 3505 Dei
3039 3446 3316 3518 genitricis
3354 3443 3423 3499 ad

1841 3536 2090 3625 Praesepe
2118 3551 2245 3608 fecit
2279 3542 2460 3605 vestes
2479 3546 2614 3603 duas
2641 3558 2805 3616 super
2827 3542 2998 3597 altare
3020 3536 3244 3608 maiore,
3257 3550 3421 3593 unam

1844 3664 1911 3707 ex
1944 3661 2078 3704 auro
2102 3643 2391 3716 purissimo
2435 3648 2599 3711 atque
2632 3635 2856 3710 gemmis
2901 3632 3189 3688 habentem
3215 3642 3424 3684 assum-

1843 3740 2082 3812 ptionem
2107 3743 2308 3793 sach
2346 3732 2442 3789 Dei
2478 3728 2772 3803 genitricis,
2806 3734 2861 3782 et
2904 3723 3008 3780 alia
3049 3722 3117 3779 de
3153 3719 3426 3778 stauracin

1848 3831 2166 3909 [stauracio]
2190 3835 2381 3887 ornata
2408 3826 2463 3882 in
2492 3824 2721 3891 circuitu
2749 3818 2945 3876 blattin
2971 3812 3225 3890 [blattis].
3272 3811 3426 3869 Fecit

1848 3904 1905 3984 in
1926 3941 1990 3984 ea
2028 3922 2253 3980 ecclesia
2290 3928 2346 3975 et
2389 3916 2627 3974 cortinas
2661 3908 2893 3980 maiores
2949 3922 3018 3963 ex
3080 3904 3260 3976 palliis
3294 3916 3428 3973 qua-

1849 4017 2085 4091 drapolis
2102 4026 2126 4054 θ
2143 4009 2479 4089 [quadraptis
2490 4007 2573 4062 vel
2588 3998 2922 4076 quadruplis]
2934 3999 3005 4057 ad
3018 3995 3426 4055 similitudinem

1848 4124 2015 4182 quam
2055 4107 2111 4163 in
2136 4102 2365 4161 ecclesia
2414 4098 2585 4157 sancti
2605 4094 2753 4152 Petri
2789 4091 2938 4147 fecit.

1922 4201 2029 4258 Sed
2048 4208 2103 4256 et
2128 4211 2226 4269 per
2250 4195 2493 4251 diversos
2519 4203 2678 4244 arcus
2695 4184 2937 4256 eiusdem
2961 4178 3198 4237 basilica:
3224 4183 3428 4233 sanctae

1850 4298 1947 4356 Dei
1974 4266 2252 4370 genitricis
2284 4286 2447 4345 simili
2467 4284 2626 4340 modo
2648 4296 2717 4338 ex
2743 4276 2920 4351 palliis
2931 4269 3273 4347 quadrapulis
3300 4266 3432 4324 fecit

1852 4362 2224 4445 vela'numero
2268 4376 2625 4451 quadraginta
2677 4372 2781 4428 duo
2828 4368 2873 4422 ι.
2925 4366 2986 4423 In
3028 4362 3251 4421 basilica
3298 4373 3430 4415 vero

1854 4478 2137 4539 salvatoris
2160 4472 2373 4531 Domini
2418 4467 2589 4525 nostri
2615 4463 2746 4521 Jesu
2788 4459 2992 4519 Christi
3022 4456 3170 4528 iuxta
3204 4453 3429 4510 Latera-

168 4544 347 4571 cacata
368 4544 510 4564 uva-
531 4544 556 4561 ι
575 4544 677 4561 νυ.
708 4544 740 4556 .-
780 4544 937 4555 vv"...
976 4544 984 4549 ν
1004 4544 1166 4549 __-____
1398 4544 1418 4556 .

166 4606 261 4662 nis
291 4617 362 4659 ex
388 4615 521 4656 auro
532 4603 589 4653 ει
609 4544 834 4666 gemmis
854 4589 1142 4647 habentem
1161 4578 1560 4653 praeﬁgurata!“
1580 4572 1751 4628 Ῑιίειο-
1776 4590 1833 4654 ι)
1853 4590 1979 4637 num
2001 4569 2248 4629 similiter
2270 4563 2399 4621 fecit
2424 4570 2630 4618 vestem
2657 4556 2723 4614 de
2745 4552 3017 4612 stauracin
3038 4563 3135 4606 seu
3165 4544 3431 4603 cortinam

1641 4662 1653 4666 ‘
2309 4656 2385 4666 --ιι
2568 4652 2584 4666 1
2655 4664 2673 4666 ,s
2696 4648 2786 4666 κιρ,
2865 4643 2954 4666 --.ι
2984 4649 3032 4666 Α,
3073 4652 3171 4666 ..Δ-
3191 4636 3429 4666 ,ιευΔηΛο

166 4700 340 4763 riam,
363 4690 592 4764 qualiter
613 4662 806 4745 beatus
826 4682 1023 4738 Petrus
1069 4692 1102 4731 a
1127 4669 1357 4729 vinculis
1379 4683 1477 4740 per
1503 4662 1751 4764 angelum

165 4796 400 4859 ereptus
418 4792 522 4842 est.
544 4784 676 4839 Item
701 4778 760 4834 in
805 4773 997 4833 eadem
1046 4764 1271 4859 basilica
1306 4763 1374 4818 ab

170 4844 366 4953 ﬁngas
392 4889 563 4948 usque
600 4871 669 4930 ad
711 4867 1109 4935 confessionem
1152 4858 1518 4931 pavimentum
1540 4844 1756 4905 vestivit

1856 4667 2118 4741 maiorem
2144 4677 2214 4718 ex
2239 4656 2419 4732 palliis
2444 4648 2810 4726 quadrapulis,
2981 4649 3037 4697 et
3073 4652 3171 4711 per
3189 4636 3432 4692 diversos

1420 4756 1643 4816 ίιιιῐοίῑιι
1687 4753 1757 4809 de
1857 4734 2017 4819 arcus
2058 4756 2178 4813 vela
2201 4751 2376 4811 serica
2396 4759 2622 4804 numero
2642 4734 3028 4813 quinquaginta
3052 4735 3281 4800 septem,
3316 4737 3434 4780 om-

1857 4855 1945 4911 nia
1969 4867 2035 4909 ex
2053 4846 2230 4922 palliis
2254 4837 2599 4916 quadrapulis
2630 4849 2725 4891 seu
2744 4825 3036 4888 stauracin.
3070 4819 3223 4879 Fecit
3268 4819 3324 4874 in
3345 4831 3435 4872 ec-

229 4909 265 4940 u
303 4909 366 4937 a3
395 4909 428 4935 u
497 4909 563 4933 uc
600 4909 669 4930 au
711 4909 1109 4935 ννμιν-νν-νννκ-
1154 4909 1358 4931 ιν--νίθ
1858 4909 1908 4911 ’τί
2055 4909 2075 4922 -
2271 4909 2290 4916 -
2461 4909 2477 4911 -

166 4909 248 5033 ἓξ
267 4909 495 5046 gygen:
536 4964 825 5040 purissimo
848 5002 865 5029 ,
914 4955 1057 5031 quod
1103 4959 1295 5025 pensat
1336 4948 1505 5005 libras
1539 4947 1757 5000 centum
1857 4946 2023 5005 clesia
2067 4940 2213 4999 beati
2234 4932 2510 4994 Laurentii
2533 4926 2786 5000 martyris
2823 4921 2957 4980 foris
2979 4930 3183 4983 muros.
3199 4910 3436 5046 :Cilice‘

1227 5042 1239 5046 _
1377 5040 1390 5046 _
1532 5035 1548 5046 .
1635 5030 1687 5046 ..ο
1736 5045 1744 5046 ,
1896 5040 1911 5046 _
1936 5039 1949 5046 _
2115 5043 2123 5046 -
2284 5029 2297 5042 ο
2347 5043 2360 5046 -
2399 5039 2581 5046 μ-..-η
2625 5014 2913 5046 ..υ-..ξηράν
2964 5016 3169 5046 unciam
3234 5012 3436 5046 nam“.

169 5042 589 5140 quinquaginta.
640 5056 793 5114 Fecit
844 5047 1101 5109 etiamin
1143 5042 1331 5101 eadem

168 5127 495 5219 beati-Petri
539 5154 692 5225 iuxta
713 5150 911 5222 ianuas
940 5142 1173 5213 maiores
1197 5141 1481 5207 argenteas
1522 5127 1761 5225 cortinas
1790 5127 1825 5215 ξ
1860 5129 2032 5195 racia,

172 5217 341 5312 mirae
362 5217 747 5320 magnitudinis
773 5240 841 5296 de
865 5236 1042 5309 palliis
1071 5227 1345 5289 stauracin
1392 5238 1490 5280 seu
1528 5217 1763 5292 quadra-
1861 5230 2021 5279 stem.

1651 5318 1763 5366 sto-
1861 5274 2257 5377 licmmarlyris
2283 5298 2427 5372 quod
2445 5274 2581 5367 iam
2937 5290 3056 5397 er‘at
3081 5284 3145 5397 ξζ.
3179 5285 3236 5336 et
3257 5274 3438 5332 trabes

1702 5417 1764 5456 ιι·-
1784 5373 1828 5483 ’ῖ
1863 5399 1979 5473 eius
2029 5373 2318 5456 confracta
2343 5432 2359 5459 ,
2412 5388 2625 5447 noviter
2667 5382 2817 5440 fecit.
2885 5378 2948 5435 In
2989 5373 3215 5434 basilica
3256 5376 3437 5425 autem

1768 5485 1855 5569 BF"
1939 5527 1964 5556 ε
2002 5511 2134 5569 Cod.
2156 5508 2324 5564 Luc.:
2352 5500 2724 5576 juxtajanuas
2750 5494 2979 5567 majores
3005 5506 3071 5549 ea:
3093 5484 3269 5561 palleii
3306 5496 3439 5554 qua-

669 5585 1175 5675 EZc'iZe'JiiZa’béi,
1191 5615 1438 5674 magnam
1469 5594 1767 5675 indesinen-
1867 5585 2119 5675 drqult'g.

170 5347 346 5421 polis.
372 5318 508 5401 Nam
534 5349 592 5397 et
621 5353 719 5411 per
763 5333 1045 5391 universos
1075 5337 1233 5380 arcus
1260 5318 1499 5389 eiusdem
1546 5328 1648 5383 apo

171 5400 647 5509 lorumprincipis
667 5426 908 5485 basilica:
932 5420 1002 5477 de
1031 5416 1210 5490 palliis
1228 5410 1408 5484 Tyriis
1455 5414 1618 5475 atque
1643 5400 1696 5458 fu

256 5567 286 5600 ι
322 5553 457 5615 Cod.
482 5551 640 5617 Luc.,
667 5545 748 5603 Ad
769 5551 969 5617 partem
991 5536 1176 5617 ipsius.

256 5627 289 5669 δ
325 5624 459 5684 Cod.
484 5625 636 5686 Luc.,

172 5712 265 5758 ter
827 5662 933 5756 pro
958 5662 1085 5771 cura
1110 5662 1264 5771 omni.
1278 5662 1577 5728 Earumdem
1601 5662 1764 5721 cccle-

173 5750 395 5829 ﬁeri};
408 5750 535 5821 Dei.
564 5762 665 5817 Hic
685 5759 821 5814 enim
840 5750 1187 5825 'coaugelicus,
1217 5754 1323 5803 ctc.

262 5853 287 5882 ε
327 5839 459 5896 Cod.
493 5835 650 5899 Luc.,
681 5840 964 5899 ucccnxrva
1312 5832 1321 5839 ·

256 5912 285 5955 ἀ
327 5909 462 5970 Cod.
487 5897 805 5970 Luc.'add.,
838 5897 1015 5953 nimis.

1376 5040 1493 5111 ipsa
1532 5030 1759 5090 baSilica
1859 5039 1952 5097 ubi
1978 5043 2225 5095 sanctum
2252 5029 2368 5101 eius
2391 5039 2585 5097 corpus
2625 5014 2937 5090 requiescit,
2964 5005 3266 5135 vestem'de
3289 5012 3437 5061 stau-

1642 5127 1655 5135 .
1840 5114 1843 5117 .
1956 5129 1970 5135 _
2114 5133 2122 5135 Α
2150 5124 2162 5135 .
2314 5115 2458 5135 jus-
2493 5110 2695 5135 ΑΛ-..
2722 5107 2880 5135 ..ηοω
2900 5099 3154 5135 ,ἓωίιὲιριι
3195 5093 3301 5135 Mil
3344 5105 3436 5135 vn.—

2075 5124 2205 5182 etin
2232 5093 2467 5177 ecclesia
2487 5093 2698 5182 iuniore
2721 5107 2882 5162 aliam
2900 5099 3154 5160 similiter
3172 5093 3302 5152 fecit
3344 5105 3436 5149 ve-

2068 5215 2207 5272 Nam
2224 5220 2281 5270 et
2312 5216 2512 5266 tectum
2542 5202 2783 5275 eiusdem
2805 5195 2952 5255 beati
2981 5188 3262 5250 Laurentii
3283 5185 3431 5243 basi-

1943 5601 2127 5713 F355:
2149 5652 2308 5715 Luc.,
2336 5642 2520 5701 ιλιι.

1943 5698 1968 5772 ὲ
2152 5698 2601 5779 miliarium
2623 5709 2844 5786 majoris
2866 5705 3006 5784 quod
3023 5706 3139 5777 jam
3163 5698 3438 5755 dimatant

1903 5812 2001 5867 rat,
2041 5807 2146 5853 etc.
