3950 6312
555 342 693 408 1187

1858 349 2143 409 ADRIANI
2179 347 2380 411 ΡΑΡᾹΞ
2427 346 2450 409 Ι

3688 353 3823 412 1188

548 469 690 528 beati
722 460 992 524 Valentini
1031 465 1194 525 simili
1220 466 1377 523 modo
1399 465 1527 522 fecit
1563 473 1768 522 vestem
1809 466 1877 522 de
1909 477 2120 524 staura-
2145 474 2196 532 Α
2223 485 2326 542 que
2352 480 2406 526 et
2431 471 2692 526 laudunas
2717 467 3021 543 [laudanas]
3050 467 3179 524 duas
3206 483 3274 524 ex
3305 470 3536 540 argento
3575 483 3824 540 pensan-

549 564 656 618 cin.
719 561 775 615 ln
804 561 1026 618 basilica
1070 560 1213 616 beati
1257 559 1526 614 Pancratii
1573 559 1735 614 aliam
1765 559 1930 615 simili
1963 561 2121 616 modo

551 655 614 710 de
661 653 934 708 stauracin
982 652 1107 729 fecit
1160 658 1385 706 vestem.
1457 650 1515 705 lu
1554 650 1780 707 ecclesia
1810 667 1941 706 vero
1979 653 2122 708 beati

551 746 737 813 Marci,
782 744 930 813 cujus
964 752 1162 799 tectum
1178 741 1290 812 jam
1316 750 1583 800 vetustate
1622 744 1858 814 positum
1885 744 2126 800 vicinum

549 839 718 896 ruina:
742 836 1026 899 existebat,
1066 833 1323 903 depositis
1351 835 1732 891 vetustissimis
1759 835 2022 902 trabibus,
2070 842 2125 890 et

547 929 668 984 aliis
691 926 951 998 impositis
973 925 1183 980 naviter
1198 938 1223 966 ιι
1251 925 1426 995 ipsum
1452 933 1672 992 testum,
1695 935 1858 996 atque
1882 925 2126 997 porticus

547 1020 604 1080 in
627 1019 852 1075 circuitu
885 1016 1032 1084 fecit,
1059 1018 1413 1088 eamdemque
1437 1019 1720 1073 ecclesiam
1734 999 2124 1075 restauravitb.

549 1112 720 1168 Arcus
749 1127 876 1166 vero
914 1119 1022 1166 tres
1052 1121 1098 1176 ο,
1150 1110 1242 1180 qui
1282 1111 1643 1167 vetustissimi
1689 1120 1863 1180 erant,
1922 1113 2126 1169 addens

549 1202 687 1260 idem
707 1200 1048 1256 beatissimus
1062 1200 1304 1272 pontifex
1318 1202 1526 1268 argenti
1540 1202 1798 1260 librarum
1820 1201 2122 1270 duodecim,

547 1294 758 1351 naviter
804 1293 952 1350 fecit.
1013 1292 1164 1349 Fecit
1205 1293 1368 1347 etiam
1406 1293 1456 1346 in
1488 1293 1675 1349 eadem
1703 1293 1930 1349 ecclesia
1958 1308 2120 1364 super

547 1386 706 1442 altari
744 1386 948 1456 majore
973 1393 1178 1441 vestem
1202 1385 1270 1442 de
1291 1386 1561 1442 stauracin
1587 1427 1603 1452 ,
1640 1385 1734 1442 sed
1761 1393 1814 1440 et
1836 1401 1933 1455 per
1953 1386 2129 1441 diver-

546 1494 638 1536 sos
665 1477 1069 1548 arcusejusdem
1091 1479 1332 1536 ecclesite
1349 1494 1418 1534 ex
1438 1479 1614 1550 palliis
1639 1477 1982 1548 quadrapolis
2002 1476 2130 1532 fecit

549 1586 774 1627 numero
798 1570 914 1626 vela
944 1571 1132 1640 viginti
1178 1580 1405 1641 septem,
1459 1571 1725 1641 simulque
1770 1578 1826 1625 et
1871 1585 2127 1627 coronam

545 1679 616 1720 ex
641 1663 844 1724 eisdem
860 1663 885 1702 ιι
900 1662 1076 1736 palliis
1096 1663 1462 1734 quadrapolis,
1478 1679 1599 1734 qua:
1615 1664 1811 1735 pendet
1839 1664 1938 1722 sub
1954 1665 2124 1732 trabe,

549 1755 699 1812 fecit.
1739 1777 1764 1802 κ

549 1866 551 1869 ·
623 1847 847 1904 Tectum
888 1863 1016 1908 vero
1054 1847 1291 1905 basilicae
1327 1848 1471 1905 beati
1506 1847 1786 1904 Laurentii
1826 1887 1841 1902 .
1887 1888 1900 1902 .
1943 1886 1958 1901 .

552 1936 863 1996 Taurcllum
907 1952 950 2006 ε,
981 1943 1108 1998 dum
1139 1941 1302 1996 nimis
1328 1940 1755 1996 vetustissimum
1798 1941 1994 2007 inerat,
2017 1955 2129 1996 om-

551 2048 646 2088 nes
665 2029 780 2100 ejus
803 2033 982 2088 trabes
1011 2048 1179 2089 novas
1211 2033 1408 2089 ibidem
1431 2033 1630 2104 posuit,
1656 2032 1892 2104 illudque
1915 2041 2126 2089 restau-

549 2125 709 2181 ravit.
735 2125 1012 2197 Simulque
1039 2135 1094 2182 et
1114 2134 1315 2182 vestem
1329 2125 1397 2182 de
1420 2125 1749 2196 quadrapulo
1774 2141 1935 2197 super
1960 2127 2132 2182 altare

547 2217 785 2288 ejusdem
817 2219 1058 2276 ecclesiae
1101 2217 1230 2275 fecit
1250 2226 1412 2289 atque
1458 2218 1672 2274 obtulit.
1749 2216 1978 2273 Basilica
2000 2232 2129 2274 vero

549 2312 694 2370 beati
716 2311 910 2370 Felicis
933 2312 1109 2384 posita
1130 2311 1186 2366 in
1209 2311 1435 2382 princis,
1465 2327 1586 2382 qua:
1622 2312 1679 2368 in
1711 2310 1871 2365 ruina
1923 2318 2042 2366 erat
2077 2316 2132 2366 et

549 2413 752 2463 tectum
780 2405 897 2477 ejus
945 2407 1234 2463 distectum
1260 2406 1552 2474 existebat,
1600 2403 1743 2461 facta
1770 2403 1960 2460 eadem
1986 2409 2132 2459 tecta

537 2498 761 2554 naviter
811 2499 984 2569 ipsam
1009 2496 1296 2554 ecclesiam
1323 2498 1620 2564 renovavit,
1658 2505 1712 2552 et
1738 2504 1943 2552 vestem
1971 2511 2136 2567 super

551 2591 722 2646 altare
742 2590 978 2660 ejusdem
1000 2593 1243 2650 ecclesia:
1275 2593 1342 2650 de
1378 2591 1723 2662 quadrapolis
1748 2589 1952 2646 faciens
1974 2592 2136 2646 obtu-

553 2680 634 2734 lit.
699 2683 1000 2740 Renovavit
1030 2683 1195 2740 etiam
1239 2691 1293 2741 et
1321 2692 1520 2743 tectum
1539 2684 1772 2740 basilica:
1798 2683 1970 2740 sancti
1999 2683 2138 2740 Lau-

554 2774 714 2830 rentii
754 2791 916 2845 cpiam
963 2777 1180 2832 Damasi
1223 2785 1418 2836 vocant
1441 2818 1457 2843 ,
1501 2777 1593 2832 ubi
1639 2785 1695 2831 et
1732 2784 1937 2833 vestem
1979 2791 2140 2846 super

551 2865 668 2934 ejus
695 2867 865 2923 altare
912 2867 980 2926 de
1006 2870 1302 2935 stauracin,
1355 2870 1617 2940 simulque
1659 2878 1714 2926 et
1742 2869 1904 2926 aliam
1935 2878 2140 2924 vestem

552 2954 742 3028 depost
765 2958 950 3015 altare
987 2960 1137 3027 fecit,
1186 2960 1278 3017 ubi
1300 2961 1592 3031 requiescit
1611 2975 1806 3032 corpus
1831 2961 2007 3016 sancti
2035 2960 2138 3016 Da-

553 3052 710 3107 masi.
736 3051 975 3109 Basilica:
1000 3054 1183 3124 itaque
1209 3054 1575 3126 apostolorum
1604 3054 1658 3109 in
1687 3055 1775 3110 via
1805 3054 1938 3109 Lata
1963 3053 2136 3125 parti-

553 3160 649 3202 cus
673 3146 726 3199 in
754 3145 983 3202 circuitu
1006 3146 1306 3212 renovavit,
1342 3161 1476 3217 quas
1507 3154 1664 3202 antea
1693 3146 2000 3202 initiaverat
2023 3143 2140 3214 ejus

2226 565 2301 620 tia
2322 565 2489 619 libras
2517 572 2658 629 octo,
2683 577 2816 632 quas
2841 562 3021 633 posuit
3032 576 3188 632 super
3205 577 3369 633 rugas
3391 561 3459 617 de
3471 563 3825 634 presbyterio

2227 657 2319 713 ubi
2339 672 2495 712 arcus
2517 655 2585 711 de
2611 663 2832 726 argento
2869 655 3052 711 existit
3079 653 3122 708 τ.
3173 654 3322 709 Fecit
3345 656 3518 708 etiam
3545 662 3606 709 et
3646 664 3824 713 vestes

2228 749 2360 806 duas
2383 749 2450 804 de
2473 750 2768 817 stauracin,
2823 764 2986 804 unam
3016 763 3175 818 super
3195 747 3361 802 altare
3392 748 3549 802 beati
3572 747 3817 817 Adriani,

2227 848 2282 898 et
2309 842 2470 897 aliam
2502 857 2664 914 super
2676 842 2846 898 altare
2865 848 3065 896 sanctae
3087 840 3348 906 Martium,
3381 840 3479 896 sed
3507 847 3571 896 et
3595 841 3724 894 vela
3765 842 3820 896 de

2226 931 2404 1003 palliis
2427 932 2768 1003 quadrapolis
2789 947 3015 986 numero
3059 931 3362 1002 quindecim
3409 931 3464 985 in
3512 931 3720 985 eadem
3747 948 3818 987 ec-

2229 1026 2393 1083 clesia
2429 1025 2575 1082 fecit.
2637 1025 2860 1081 Tectum
2906 1027 3134 1096 denique
3178 1025 3320 1079 tituli
3368 1025 3557 1079 beata:
3607 1023 3816 1086 Prim,

2225 1119 2372 1190 quod
2395 1117 2507 1189 jam
2536 1132 2782 1174 casurum
2809 1125 2925 1172 erat
2949 1125 3003 1171 et
3028 1117 3082 1170 in
3110 1116 3278 1170 ruinis
3318 1115 3594 1188 positum,
3623 1117 3816 1169 naviter

2229 1210 2377 1276 fecit,
2428 1210 2522 1264 ubi
2554 1218 2609 1264 et
2660 1219 2862 1265 vestem
2909 1207 2975 1262 de
3017 1207 3291 1262 stauracin
3353 1206 3510 1262 fecit.
3574 1207 3639 1260 In

2231 1302 2308 1357 sia
2328 1317 2456 1357 vero
2481 1302 2758 1357 beatorum
2787 1299 2998 1356 Cosmm
3026 1307 3080 1355 et
3115 1299 3354 1354 Damiani
3407 1299 3466 1353 in
3496 1297 3713 1352 Tribus
3737 1297 3821 1351 Fa-

2229 1393 2300 1450 tis
2325 1401 2531 1449 vestem
2556 1391 2624 1448 de
2644 1392 2914 1448 stauracin
2952 1391 3100 1455 fecit,
3153 1391 3421 1460 simulque
3448 1398 3503 1444 et
3560 1390 3818 1445 cortinam

2229 1495 2356 1545 ante
2400 1487 2640 1544 absidam
2667 1501 2733 1542 ex
2769 1485 2947 1556 palliis
2971 1484 3314 1556 quadrapolis
3361 1483 3516 1548 fecit,
3575 1499 3682 1538 nec
3720 1500 3814 1538 nan

2225 1587 2285 1636 et
2305 1579 2423 1636 vela
2444 1595 2510 1635 cx
2529 1578 2731 1636 eisdem
2758 1577 3098 1648 quadrapolis
3130 1575 3258 1631 fecit
3282 1590 3507 1632 numera
3541 1577 3743 1646 viginti
3772 1587 3814 1630 et

2225 1671 2395 1738 lintea
2417 1671 2628 1742 viginti.
2693 1668 2827 1725 Nam
2847 1677 2902 1724 et
2926 1684 3022 1741 per
3051 1668 3295 1724 diversos
3319 1667 3527 1734 titulos,
3560 1683 3664 1722 seu
3695 1669 3814 1721 alias

2230 1765 2508 1830 ecclesias,
2561 1771 2722 1834 atque
2759 1770 2980 1818 cunctas
3033 1760 3328 1826 diaconias,
3384 1769 3437 1815 et
3476 1762 3816 1814 monasteria

2003 1886 2018 1902 -
2058 1847 2124 1903 ad
2155 1854 2206 1918 B
2230 1868 2642 1931 quantacunque
2673 1855 2811 1912 infra
2854 1871 3068 1910 murum
3131 1853 3292 1924 hujus
3343 1852 3590 1908 Romanze
3612 1856 3640 1892 ε’
3665 1855 3820 1908 urbis

2225 1950 2486 2015 existunt,
2537 1948 2713 2003 divina
2753 1945 3102 2017 inspiratione
3139 1943 3340 2012 ignitus
3370 1943 3483 2012 ipse
3528 1943 3820 1998 sanctissi—

2228 2057 2350 2096 mus
2399 2038 2641 2111 pontifex
2670 2053 2737 2094 ex
2755 2037 2952 2108 palliis,
3004 2035 3059 2090 id
3087 2044 3169 2090 est
3195 2035 3491 2099 stauracin,
3530 2035 3817 2107 seuTyriis

2230 2140 2408 2188 vestes
2435 2129 2564 2186 fecit
2589 2138 2749 2199 atque
2789 2127 3002 2183 obtulit.
3050 2127 3116 2181 Et
3138 2125 3277 2181 sicut
3305 2125 3482 2180 bonus
3499 2135 3692 2196 pastor
3713 2144 3814 2180 om-

2230 2237 2327 2278 nes
2371 2222 2466 2277 Dei
2508 2219 2764 2277 ecclesias
2790 2229 2900 2274 tam
2947 2227 3100 2274 extra
3137 2233 3324 2274 muros
3369 2217 3535 2288 hujus
3563 2219 3808 2275 Roman:

2231 2319 2383 2376 urbis
2403 2331 2671 2388 quamque
2701 2315 2842 2370 infra
2873 2329 3058 2371 muros
3107 2315 3176 2369 ad
3214 2313 3434 2369 laudem
3467 2313 3570 2369 Dei
3622 2325 3807 2369 restau-

2233 2410 2375 2468 ravit
2411 2416 2572 2478 atque
2593 2405 2892 2472 decoravit,
2929 2421 3117 2461 verum
3159 2404 3326 2460 etiam
3345 2412 3402 2458 et
3447 2419 3648 2459 murus
3669 2413 3808 2475 atque

2234 2511 2414 2559 turres
2435 2500 2596 2570 huius
2621 2500 2879 2555 Romanae
2900 2497 3072 2565 urbis,
3108 2512 3229 2568 quae
3254 2497 3452 2552 dirutae
3474 2504 3642 2551 erant
3663 2507 3710 2551 et
3734 2511 3810 2552 us-

2236 2610 2340 2666 que
2365 2595 2432 2650 ad
2473 2595 2825 2650 fundamenta
2863 2592 3173 2660 destructm,
3212 2593 3519 2659 renovavit,
3544 2600 3705 2662 atque
3725 2591 3814 2645 uti-

2237 2689 2362 2746 liter
2381 2688 2559 2745 omnia
2586 2687 2642 2742 in
2667 2686 2898 2743 circuitu
2926 2684 3271 2751 restauravit,
3321 2683 3415 2738 ubi
3449 2692 3508 2739 et
3533 2684 3704 2738 multa
3726 2685 3785 2735 sti

2237 2781 2430 2853 pendia
2474 2779 2660 2838 tribuit
2708 2787 2817 2832 tam
2870 2778 2926 2833 in
2956 2776 3235 2832 mercedes
3277 2791 3473 2833 eorum
3521 2778 3619 2847 qui
3660 2777 3810 2846 ipsum

2239 2889 2454 2931 murum
2481 2871 2881 2928 fabricaverunt
2913 2885 3182 2940 quamque
3217 2869 3273 2924 in
3329 2868 3579 2938 ipsarum
3611 2869 3812 2922 alimen-

2240 2966 2330 3031 tis,
2390 2964 2656 3035 simulque
2693 2963 2830 3018 etin
2857 2963 3003 3018 calce
3029 2969 3190 3030 atque
3229 2959 3464 3015 diversis
3509 2959 3814 3012 utilitatibus

2239 3071 2413 3127 usque
2450 3053 2518 3110 ad
2538 3065 2754 3110 centum
2779 3054 2897 3108 auri
2935 3053 3101 3108 libras
3138 3050 3418 3122 expendit.
3463 3048 3555 3103 Hic

2241 3165 2362 3206 mus
2387 3146 2787 3220 praisuldiviua
2814 3145 3166 3216 inspiratione
3212 3144 3418 3215 ignitus
3465 3143 3737 3200 constituit
3768 3139 3817 3194 in

552 3238 913 3308 praedecessor
936 3239 1164 3295 domnus
1190 3239 1390 3296 Paulus
1421 3255 1559 3311 papa
1586 3248 1641 3297 et
1665 3255 1773 3295 non
1803 3238 2135 3309 expleverat,
2165 3224 2214 3290 Ο
2243 3241 2573 3298 monasterio
2604 3238 2777 3296 sancti
2800 3237 3055 3308 Stephani
3100 3237 3466 3292 catabarbara
3502 3235 3727 3306 patricia
3749 3233 3814 3287 si-

551 3331 732 3385 omnia
754 3331 864 3386 Deo
887 3332 1117 3402 propitio
1139 3331 1393 3403 prazfatus
1413 3332 1757 3390 beatissimus
1781 3329 2029 3402 pontifex
2057 3345 2142 3386 re-

549 3425 778 3494 paravit,
813 3425 1078 3495 simulque
1100 3433 1154 3480 et
1176 3433 1380 3482 tectum
1406 3423 1580 3494 majus
1608 3425 1955 3481 restauravit.
2001 3422 2137 3478 Nam

551 3518 793 3573 absidam
809 3518 976 3588 ipsius
992 3517 1233 3573 ecclesiae
1251 3531 1478 3574 cernens
1492 3517 1633 3573 idem
1653 3516 1999 3572 beatissimus
2009 3529 2142 3584 pon-

552 3609 683 3664 tifex
703 3611 816 3680 jam
830 3613 998 3666 ruina:
1027 3611 1257 3667 vicinam
1276 3611 1618 3678 existentem,
1657 3610 1893 3668 eancalis
1929 3608 2140 3682 [For-te,

554 3701 852 3773 cancelliis]
880 3702 1069 3758 ferreis
1097 3705 1341 3759 eamdem
1365 3703 1611 3760 absidam
1645 3703 1957 3760 confirmari
1986 3702 2137 3770 fecit,

553 3799 608 3846 et
637 3793 709 3846 ita
731 3808 852 3849 eam
879 3794 1178 3849 renovavit.
1218 3794 1371 3850 Fecit
1399 3803 1605 3852 vestem
1629 3794 1685 3851 in
1710 3794 1898 3852 eadem
1911 3794 2141 3852 ecclesia

553 3898 720 3954 super
745 3883 906 3939 altari
932 3884 1126 3954 majori
1151 3887 1216 3942 de
1245 3887 1540 3942 stauracin.

626 3974 1007 4030 C(emeterium
1027 3975 1157 4030 item
1177 3976 1458 4032 beatorum
1484 3975 1630 4033 Petri
1649 3983 1704 4032 et
1731 3975 2030 4032 Marcellini
2051 3974 2140 4031 via

554 4066 821 4124 Lavicana
838 4067 992 4138 juxta
1016 4067 1293 4124 basilicam
1319 4069 1491 4124 beatae
1516 4067 2052 4136 Helenzerenovavit,
2085 4076 2141 4123 et

555 4169 756 4217 tectum
779 4159 916 4228 ejus,
940 4161 994 4216 id
1019 4167 1103 4216 est
1127 4161 1300 4216 sancti
1327 4161 1577 4227 Tiburtii,
1605 4167 1659 4216 et
1679 4160 1992 4218 earumdem
2021 4174 2141 4214 san-

556 4262 768 4309 ctorum
793 4251 940 4307 Petri
991 4259 1046 4308 et
1086 4251 1381 4308 Marcellini
1433 4253 1646 4308 naviter
1670 4251 1818 4321 fecit,
1864 4261 1918 4307 et
1943 4252 2141 4324 gradus

554 4343 670 4414 ejus
695 4344 787 4414 qui
815 4343 1154 4400 descendunt
1199 4344 1266 4399 ad
1293 4361 1484 4402 eorum
1505 4345 1874 4403 sacratissima
1911 4360 2141 4416 corpora

556 4438 772 4493 naviter
794 4435 938 4500 fecit,
989 4437 1247 4506 quoniam
1274 4437 1452 4495 nullus
1472 4444 1591 4495 erat
1628 4437 1734 4506 iam
1754 4437 2046 4493 descensus
2072 4435 2140 4492 ad

557 4529 673 4599 ipsa
711 4535 896 4583 sancta
927 4543 1174 4598 corpora.
1247 4525 1399 4583 Fecit
1422 4527 1720 4586 inbasilica
1741 4527 1882 4584 beati
1914 4527 2140 4582 Adriani

2245 3343 2362 3391 tum
2381 3333 2451 3388 ad
2470 3334 2688 3388 beatum
2711 3329 3074 3401 apostolorum
3094 3328 3121 3368 ιι
3145 3326 3627 3400 congregationem
3661 3338 3817 3379 mana-

2243 3427 2488 3490 chorum,
2527 3425 2600 3479 ibi
2641 3433 2696 3480 et
2717 3423 2965 3480 abbatem
2995 3430 3048 3477 et
3086 3419 3337 3475 idoneam
3366 3433 3664 3491 personam
3689 3416 3814 3472 ardi-

2243 3532 2396 3572 naus.
2443 3515 2641 3570 Statuit
2683 3521 2742 3568 ut
2773 3511 2986 3567 sedulas
3032 3511 3218 3566 laudes
3255 3511 3271 3552 ί
3308 3509 3368 3564 in
3413 3509 3653 3565 ecclesia
3694 3506 3815 3562 beati

2243 3610 2388 3666 Petri
2413 3608 2719 3680 persolvant
2741 3606 2879 3661 sicut
2902 3613 2958 3660 et
3013 3612 3207 3660 caetera
3240 3602 3600 3668 monasteria,
3635 3596 3694 3655 ut
3726 3598 3811 3652 duo

2243 3701 2493 3758 monachi
2520 3715 2618 3771 pro
2674 3699 2841 3754 latere
2867 3697 3033 3769 ipsius
3083 3693 3326 3751 ecclesia:
3350 3693 3466 3748 Deo
3511 3701 3696 3748 nostra
3734 3705 3808 3744 ca-

2241 3802 2374 3850 nant
2399 3791 2604 3858 laudes,
2645 3789 2904 3860 quoniam
2925 3788 3097 3858 ipsum
3139 3784 3545 3841 monasterium
3566 3783 3624 3837 in
3645 3793 3812 3849 magna

2243 3887 2446 3946 desidia
2486 3893 2543 3941 et
2601 3882 2847 3952 neglectu
2898 3880 3212 3949 incuria‘que
3256 3877 3503 3947 positum
3554 3883 3668 3931 erat
3693 3916 3709 3939 ,
3772 3881 3814 3924 et

2243 3977 2453 4034 nullum
2474 3975 2715 4031 divinum
2740 3970 2982 4030 officium
3010 3969 3159 4026 cultu
3179 3965 3419 4023 ibidemi
3457 3965 3811 4022 exhibebatur.

2242 4069 2342 4124 llic
2365 4066 2709 4123 beatissimus
2731 4061 2926 4134 praesul
2963 4060 3092 4117 fecit
3112 4069 3274 4130 atque
3297 4059 3593 4114 constituit
3631 4055 3814 4110 naviter

2242 4159 2430 4216 domos
2464 4159 2635 4214 cultas
2667 4163 2918 4226 quatuor.
2949 4155 2977 4194 ιι
3000 4152 3175 4210 Unam
3198 4153 3420 4222 quidem
3454 4167 3581 4221 qua:
3620 4155 3814 4204 vocatur

2242 4251 2570 4324 Caprearum
2597 4236 3003 4322 [Capi-acorum]
3026 4244 3202 4316 posita
3231 4243 3286 4298 in
3319 4243 3606 4298 territorio
3639 4242 3816 4310 Vigui-

2244 4352 2371 4400 tauo
2419 4342 2674 4399 milliaria
2709 4342 2778 4398 ab
2823 4341 2957 4396 urbe
2988 4339 3157 4394 Roma
3179 4335 3299 4406 plus
3345 4335 3538 4389 minus
3558 4332 3819 4405 quintade-

2244 4435 2403 4499 cimo,
2455 4449 2523 4492 ex
2550 4448 2654 4504 qua
2699 4433 2950 4504 primitus
2989 4429 3214 4486 fundum
3251 4428 3435 4496 ipsum
3473 4425 3819 4496 Capt-acaum

2243 4543 2367 4584 cum
2393 4527 2514 4582 aliis
2541 4525 2785 4597 pluribus
2810 4524 2992 4578 fundis
3021 4522 3072 4577 ei
3119 4519 3530 4575 cohterentibus
3569 4534 3640 4573 ex
3673 4518 3820 4571 hare-

555 4626 823 4676 cerostata
852 4627 1102 4692 argentea
1123 4618 1406 4690 pensantia
1433 4617 1599 4675 libras
1619 4619 1926 4686 duodecim,
1953 4618 2142 4674 simul-
2169 4587 2220 4650 θ
2248 4622 2441 4678 ditaria
2467 4628 2753 4692 parentum
2793 4632 3016 4674 suorum
3058 4613 3405 4671 successione
3433 4620 3658 4681 ~tenere
3694 4609 3819 4663 vide-

630 4789 655 4820 ι
695 4776 1018 4846 Cod.Luc.;
1075 4785 1123 4833 et
1173 4776 1293 4832 aliis
1337 4776 1634 4847 fortissimis
1686 4777 1942 4846 impositis
1999 4779 2144 4832 novi-

559 4858 656 5044 :rl:
685 4857 908 4978 ilicem.
937 4919 1102 4977 Luc.:
1133 4919 1467 4990 eamdemque
1516 4917 1787 4974 ecclesiam
1828 4921 2142 4975 restauravit

595 5000 728 5044 eest.
2062 5041 2069 5044 _

595 5000 728 5047 eest.
2062 5041 2069 5046 .

633 5075 653 5100 ε
694 5063 876 5119 Prima
895 5079 1086 5118 manus
1109 5063 1164 5119 in
1201 5064 1320 5120 cod.
1353 5063 1481 5117 Luc.
1513 5060 1746 5116 ferebat:
1784 5060 1993 5114 arcoria
2025 5078 2142 5115 vero

559 5133 662 5186 tria
685 5150 799 5203 quae
815 5143 862 5188 et
885 5136 1246 5190 vetustissima.
1306 5133 1412 5187 Sed
1441 5133 1609 5186 altera
1641 5146 1833 5185 manus
1864 5147 1973 5186 non
2005 5131 2141 5188 adeo

563 5203 781 5272 antiqua
813 5203 1145 5271 reformavit,
1184 5215 1243 5259 ut
1275 5205 1330 5258 in
1357 5203 1538 5257 editis.

630 5271 654 5309 ἀ
687 5271 816 5327 Cod.
843 5273 997 5340 Luc.,
1023 5286 1069 5329 et
1095 5277 1351 5330 cortinam
1376 5283 1423 5328 et
1451 5274 1664 5337 eisdem,
1691 5280 1796 5332 etc.

566 5343 830 5469 In;
889 5343 1054 5402 Luco:
1113 5346 1385 5416 Laurentii
1431 5343 1570 5416 quod
1624 5345 1770 5415 prius
1826 5346 1894 5400 ad
1933 5343 2145 5400 Tauri!-

625 5432 640 5467 1
681 5455 694 5469 .
2024 5445 2034 5450 Π

681 5455 694 5480 ,
724 5445 808 5469 ῡιι.
2024 5445 2034 5450 -

2323 4782 2338 4820 i
2385 4777 2518 4834 Cod.
2555 4775 2722 4830 Luc.:
2753 4773 2951 4828 Abbate
2976 4771 3219 4826 idoneam
3243 4784 3540 4840 personam
3575 4766 3820 4824 ordinatas

2244 4851 2457 4913 statuis,
2493 4857 2548 4902 ut
2576 4845 2786 4902 sedula:
2825 4843 3030 4909 laudes,
3060 4850 3166 4913 etc.

2319 4922 2333 4974 ἱ
2383 4911 2516 4976 Cad.
2548 4919 2680 4974 Luc.
2699 4957 2713 4981 ,
2740 4916 2913 4970 divino
2941 4913 3084 4968 cultu
3110 4911 3320 4966 ibidem.

2317 4995 2344 5031 κ
2383 4991 2515 5047 Cod.
2551 4977 2715 5044 l.uc.i
2745 4987 2942 5040 naviter
2965 4985 3177 5038 domum
3201 4981 3400 5035 cultam
3420 4981 3478 5034 in
3503 4977 3820 5051 Capricorni:

2245 5063 2494 5120 milliaria
2525 5061 2589 5115 ab
2615 5059 2740 5112 urbe
2772 5055 2942 5110 Roma
2969 5071 3040 5109 xv
3068 5069 3184 5108 cum
3213 5052 3332 5106 aliis
3375 5051 3634 5123 plurim
3670 5049 3826 5120 {uini

2246 5138 2292 5190 ei
2319 5131 2698 5190 cohwrentibus
2725 5144 2788 5182 ea:
2817 5127 3122 5181 hazreditate
3146 5133 3427 5194 parentum
3454 5139 3710 5194 suoramt,‘
3755 5131 3826 5170 εειι

2245 5217 2294 5262 et
2323 5205 2458 5259 alias
2485 5214 2587 5257 tres
2612 5219 2644 5256 a
2668 5216 2796 5254 novo
2825 5197 3062 5267 fundarit
3090 5191 3442 5267 domoeultas,
3468 5203 3521 5267 et
3552 5192 3729 5267 statuit
3759 5201 3828 5267 per

2247 5231 2292 5262 ει
2323 5231 2457 5259 uuas
2485 5231 2587 5257 "to
2612 5231 2644 5256 ιι
2668 5231 2796 5254 ηυιύ
2825 5231 3061 5267 μηιιιιιιιι
3090 5231 3442 5258 υνυσινυιοιιμσ,
3468 5231 3520 5244 ν.
3552 5231 3727 5245 ωας...-
3789 5231 3800 5266 ἴ

2247 5274 2591 5350 apostolicum
2612 5266 3060 5350 privilegiumfub
3100 5264 3303 5350 magnis
3335 5263 3698 5350 αηαιιςίςφᾳιξξ
3721 5231 3834 5350 oba-

2246 5331 2543 5421 pationibus
2578 5331 2634 5398 u't
2652 5343 2719 5421 .in
2744 5331 2894 5394 usum
2925 5339 3150 5421 fratrum
3175 5331 3701 5421 nostronr‘Chriui

2246 5404 2427 5491 perum
2452 5413 2745 5491 perenniter
2761 5404 3118 5491 permaneant,
3146 5417 3193 5460 et
3219 5421 3400 5491 omnes
3425 5404 3634 5485 fruges,
3657 5404 3832 5491 ein-rs.
3897 5431 3899 5436 -

2247 5474 2293 5544 et
2322 5474 2491 5543 oleum
2515 5474 2793 5554 diligenter
2816 5482 2870 5534 in
2899 5480 3111 5554 horreas
3127 5474 3738 5554 paracellario-shsanctw
3763 5489 3834 5519 ns-
3897 5519 3899 5552 Ι

2247 5570 2373 5615 stne
2389 5544 2929 5634 ecclesiazvdeferat-ur.
2964 5544 3216 5631 Magnam
3236 5547 3400 5634 etiam
3413 5544 3834 5634 sollicitudinis“.

2249 5612 2432 5685 curam
2454 5637 2500 5682 et
2540 5612 2738 5682 amoris
2775 5624 3019 5693 aﬂ'ectum
3045 5612 3101 5672 i'n
3121 5627 3363 5693 sanctam
3400 5633 3466 5670 ac
3500 5612 3834 5693 murenam
3895 5612 3899 5654 ε

566 5700 693 5770 foris
718 5699 896 5753 omnia
944 5684 1251 5752 restauravit
1280 5707 1326 5752 et
1357 5709 1516 5752 vestes
1546 5708 1593 5772 et
1630 5699 1784 5772 Adon‘a
1819 5700 2025 5768 obtulit,
2068 5718 2150 5756 ve—
2249 5684 2556 5772 patriarcltii
2586 5684 3022 5772 domum'certum
3049 5699 3126 5748 εει
3150 5689 3418 5757 habuisse,
3456 5696 3573 5745 etc.
3626 5684 3836 5752 Belias-1
3895 5741 3897 5772 ξ

567 5765 681 5824 rum
707 5772 864 5825 etiam
885 5779 931 5824 et
958 5785 1134 5824 muros
1161 5778 1314 5839 atque
1348 5779 1516 5822 turres
1546 5769 1704 5838 hujus
1733 5765 2020 5839 Romanae,
2039 5782 2145 5829 etc.
2249 5765 2570 5829 intet‘media
2598 5766 2781 5825 omnia
2807 5765 3019 5822 desunt.
3894 5769 3897 5834 ί

639 5843 661 5880 ιι
695 5842 825 5898 Cod.
857 5840 1019 5897 Luc.:
1055 5840 1272 5896 Petrum
1290 5839 1604 5910 apostolum.
3895 5873 3897 5910 ρ

642 5485 658 5522 ί
693 5483 822 5558 Cod.
873 5485 1041 5558 Luc.:
1102 5489 1365 5543 laudimas
1399 5486 1533 5542 duas
1576 5488 1748 5558 posuit
1800 5503 1955 5558 super
1989 5504 2145 5558 rugas

565 5556 627 5610 de
651 5557 964 5632 presbyterio
987 5557 1273 5632 ubi-areum
1300 5556 1600 5632 deargento
1615 5559 1806 5632 existit.
1838 5556 2004 5624 Fecit,
2035 5556 2142 5615 etc.

638 5627 660 5668 ε
701 5628 831 5683 Cod.
866 5628 1030 5682 Luc.:
1073 5628 1214 5696 infra
1253 5627 1386 5681 hanc
1437 5627 1695 5682 civitatem
1724 5627 2020 5683 Romanam
2056 5647 2146 5684 seu
