3950 6312
161 391 299 449 “89

1732 389 1910 456 VITA.

3293 405 3432 472 H90

157 507 336 561 batur.
412 501 542 574 Ejus
587 502 792 575 proprii
848 501 976 560 olim
1007 504 1320 576 existentes,
1366 509 1459 566 ubi
1507 515 1563 565 ct
1602 508 1735 567 alios
1765 517 1822 588 Α
1845 510 2072 576 sianum,
2115 520 2169 568 et
2195 510 2356 569 aliam
2379 511 2668 584 Galeriam,
2693 515 2883 574 statuit
2903 517 3020 590 ejus
3046 525 3132 577 ter
3155 514 3442 584 beatitudo
3503 536 3522 555 '

156 601 340 672 plures
365 597 579 665 fundos,
615 614 713 656 seu
749 599 956 656 casales
981 610 1036 656 et
1088 616 1296 658 massas
1342 603 1466 659 data
1490 603 1638 673 justa
1664 620 1751 664 re-

159 693 594 765 compensatione
630 693 698 748 ad
735 693 909 750 vicem
963 709 995 748 a
1024 694 1253 752 diversis
1282 697 1528 772 personis
1547 711 1747 766 emere,

159 796 218 844 et
247 787 413 845 cidem
442 787 624 843 domui
646 787 806 842 cultae
833 787 1032 843 addere
1051 787 1202 843 visus
1240 796 1343 844 est.
1405 788 1579 856 Quam
1605 789 1752 844 vide-

159 880 289 935 licet
308 879 667 936 domocultam
696 877 1058 949 Capracorum
1106 893 1230 935 cum
1278 879 1494 946 massis,
1546 878 1746 944 fundis,

158 972 445 1037 casalibus,
476 970 669 1049 vineis,
697 969 929 1034 olivetis,
954 969 1271 1040 aquaamolis
1294 969 1654 1044 [aquimolis],
1697 978 1750 1026 et

159 1067 409 1123 omnibus
421 1065 470 1123 ei
494 1064 913 1137 pertinentibus,
932 1065 1122 1122 statuit
1141 1081 1239 1138 per
1259 1068 1616 1138 apostolicum
1639 1067 1753 1138 pri-

158 1159 412 1232 vilegium
440 1159 538 1215 sub
567 1158 773 1230 magnis
796 1157 1157 1214 anathematis
1209 1158 1651 1230 obligationibus,
1691 1167 1752 1215 ut

161 1252 222 1306 in
262 1266 410 1306 usum
457 1249 689 1305 fratrum
713 1256 1046 1330 .nostrorum
1077 1250 1394 1320 perenniter
1415 1260 1747 1322 permaneat,

159 1350 221 1396 et
247 1342 499 1409 triticum,
539 1349 592 1398 et
615 1341 898 1409 hordeum,
961 1342 1106 1412 quod
1150 1357 1328 1398 annue
1367 1343 1420 1397 in
1453 1343 1587 1402 locis
1609 1343 1753 1413 ejus—

162 1433 290 1489 dem
317 1433 632 1489 domocultae
652 1443 842 1488 natum
875 1431 1061 1500 fuerit,
1117 1433 1405 1506 diligenter
1454 1436 1510 1494 in
1556 1436 1752 1494 horreo

161 1536 363 1585 sancta:
412 1534 611 1585 nostrae
671 1526 914 1585 ecclesiae
957 1526 1234 1586 deferatur
1265 1538 1321 1588 et
1369 1531 1750 1602 sequestratim

161 1629 474 1694 reponatur.
505 1621 703 1678 Vinum
740 1637 869 1680 vero
904 1637 999 1679 seu
1046 1623 1258 1680 diversa
1305 1624 1580 1696 legumina
1630 1641 1751 1696 qua:

163 1713 226 1770 in
251 1711 460 1784 praediis
488 1729 552 1770 ac
574 1713 709 1772 locis
736 1715 908 1786 ipsius
934 1715 1187 1774 antefatae
1219 1717 1542 1774 domocultae
1573 1734 1752 1776 annue

160 1821 236 1862 na
245 1815 297 1862 ta
317 1805 551 1874 fuerunt,
573 1808 738 1864 simili
762 1808 922 1865 modo
941 1810 1155 1868 curiose
1173 1810 1224 1866 in
1249 1811 1751 1883 paracellarioprze

1850 619 1949 675 per
1973 607 2326 676 apostolicum
2354 608 2694 682 privilegium
2720 612 2818 668 sub
2858 611 3050 670 validis
3071 615 3435 674 anathematis

1851 696 2281 768 obligationibus,
2339 707 2399 754 ut
2424 699 2480 754 in
2510 716 2610 756 usu
2641 710 2696 758 et
2721 704 2938 778 propria
2966 705 3197 763 utilitate
3233 716 3436 766 sanctae

1852 795 2051 844 nostra:
2076 789 2318 846 ecclesiae
2336 791 2648 863 perenniter
2672 804 3045 866 permaneant.

1922 880 1990 933 At
2037 895 2166 935 vero
2212 897 2334 936 cum
2384 884 2636 940 omnibus
2685 885 3020 956 spiritalibus
3067 888 3278 958 studiis,
3319 905 3439 960 quae

1852 968 1995 1026 idem
2030 977 2114 1026 ter
2137 973 2503 1042 beatissimus,
2539 984 2701 1048 atque
2729 977 2994 1034 almiﬁcus
3032 980 3271 1050 pontifex
3327 989 3439 1038 tam

1851 1075 1950 1132 per
1974 1073 2321 1134 augmentum
2348 1076 2402 1122 et
2424 1069 2711 1125 utilitatem
2740 1070 3075 1144 profectibus
3101 1082 3300 1130 sanctae
3323 1074 3437 1129 Ro-

1852 1166 2029 1208 manae
2055 1152 2310 1210 Ecclesiae
2330 1156 2675 1227 perficiendis
2703 1176 2974 1232 quamque
3021 1178 3121 1236 pro
3161 1171 3441 1218 restaura-

1853 1241 2091 1300 tionibus
2136 1247 2490 1303 ecclesiarum
2521 1249 2636 1318 Dei,
2678 1260 2732 1306 et
2776 1252 2942 1308 divini
2982 1254 3158 1310 cultus
3195 1255 3441 1310 meliora-

1853 1333 2000 1390 tione
2027 1350 2214 1407 gerere
2249 1337 2549 1407 videbatur,
2591 1358 2843 1412 magnam
2870 1346 3032 1400 etiam
3080 1346 3442 1403 solicitudinis

1853 1439 2039 1482 curam
2066 1436 2120 1482 Cl.
2150 1429 2351 1486 amoris
2378 1429 2627 1489 allectum
2725 1443 2971 1492 sanctam
2995 1452 3058 1493 ac
3077 1441 3441 1495 venerandam

1850 1505 2168 1594 patriarchii
2229 1523 2447 1580 domum
2477 1533 2686 1581 certum
2730 1537 2813 1584 est
2849 1529 3121 1586 habuisse.
3185 1530 3339 1586 Unde
3376 1545 3442 1586 ex

1851 1613 2019 1671 nimia
2046 1614 2275 1672 fervoris
2296 1616 2582 1674 dilectione
2608 1634 2706 1690 pro
2729 1621 2938 1678 honore
2965 1622 3110 1678 beati
3137 1622 3286 1678 Petri
3311 1638 3442 1696 apo-

1853 1707 2112 1764 stolorum
2129 1709 2408 1781 principis,
2439 1719 2494 1766 ct
2518 1720 2716 1768 ornatu
2743 1713 2911 1784 ipsius
2933 1714 3107 1769 sancti
3126 1714 3443 1784 patriarchii

1853 1799 2153 1854 construxit
2194 1806 2354 1871 atque
2400 1799 2690 1858 aediﬁcavit
2736 1801 2936 1858 ibidem
2986 1803 3202 1860 noviter
3237 1810 3444 1858 turrem

164 1899 456 1956 nominatae
479 1907 684 1956 sanctae
706 1907 909 1958 nostrae
955 1902 1198 1960 ecclesiae
1225 1902 1562 1961 deducantur
1584 1912 1640 1960 et
1665 1920 1749 1963 se-

1867 1893 2006 1948 mirae
2057 1892 2476 1965 pulchritudinis
2527 1894 2837 1950 decoratam
2894 1893 3186 1950 cohaerenti
3232 1895 3447 1965 porticu

158 1992 396 2064 paratim
423 2003 774 2066 reponantur.

243 2082 349 2138 Sed
373 2093 427 2139 et
451 2101 644 2159 porcos
673 2086 765 2158 qui
797 2101 972 2143 annue
1003 2087 1060 2144 in
1082 2088 1353 2146 casalibus
1372 2090 1570 2160 saepius
1600 2091 1757 2148 dicte

164 2175 490 2233 domocultze
517 2177 813 2249 inglandati
849 2178 1072 2248 fuerint,
1099 2182 1276 2252 capita
1303 2191 1521 2242 centum
1564 2184 1758 2244 exinde

160 2267 507 2336 occidantur,
548 2276 602 2327 et
655 2270 710 2326 in
757 2269 951 2328 eodem
1005 2273 1359 2343 paracellario
1405 2285 1754 2347 reponantur.

158 2357 476 2416 Decernens
500 2358 616 2430 ejus
659 2369 739 2418 ter
767 2361 1043 2418 beatitudo
1078 2372 1239 2436 atque
1269 2366 1615 2439 promulgans
1657 2370 1757 2426 sub

155 2450 519 2508 validissimis
540 2452 980 2524 obligationibus,
1009 2455 1502 2526 interdictionibus,
1529 2467 1590 2514 ut
1610 2459 1759 2517 omni

158 2543 258 2600 die
290 2551 506 2600 centum
529 2542 726 2602 fratres
752 2547 927 2604 nostri
955 2545 1158 2604 Christi
1192 2564 1492 2622 pauperum
1513 2553 1677 2609 etiam
1711 2553 1759 2610 si

154 2637 350 2711 plures
386 2636 608 2708 fuerint,
646 2650 1006 2714 aggregentur
1039 2642 1096 2698 in
1117 2643 1474 2706 Lateranensi
1527 2647 1759 2718 patriar-

156 2731 328 2799 chio,
360 2741 416 2789 et
439 2734 840 2792 constituantur
866 2738 921 2792 in
945 2740 1160 2810 porticu
1189 2756 1310 2811 quae
1335 2750 1418 2799 est
1449 2741 1606 2812 juxta
1642 2757 1762 2800 sca-

155 2821 281 2880 lam
317 2839 432 2896 qu1e
462 2827 706 2883 ascendit
733 2827 789 2882 in
813 2830 1164 2900 patriarchio,
1210 2832 1304 2888 ubi
1327 2841 1382 2889 et
1416 2833 1518 2904 ipsi
1552 2849 1757 2906 paupe-

154 2930 263 2974 res
287 2916 480 2987 depicti
502 2927 629 2976 sunt
658 2928 715 2976 et
740 2921 1130 2995 quinquaginta
1153 2939 1321 2996 panes
1345 2935 1638 2996 pensantes
1663 2943 1762 2998 per

156 3024 339 3065 unum
362 3025 628 3083 quemque
646 3028 842 3084 panem
869 3014 1038 3072 libras
1075 3016 1229 3084 duas,
1274 3017 1547 3088 simulque
1586 3028 1643 3076 et
1669 3019 1761 3076 de-

158 3103 398 3162 cimatas
422 3105 531 3162 vini
558 3106 693 3164 duas
715 3117 1008 3179 pensantes
1035 3125 1133 3181 per
1155 3127 1592 3183 unamquamque
1617 3113 1762 3172 deci-

159 3205 376 3256 matam
408 3198 575 3256 libras
625 3201 930 3273 sexaginta,
977 3211 1034 3260 et
1067 3203 1307 3264 caldaria
1346 3192 1508 3276 plena
1541 3208 1607 3265 de
1641 3207 1762 3279 pul—

1857 1998 1978 2054 quae
2000 1984 2276 2041 descendit
2303 1984 2371 2040 ad
2401 1984 2675 2041 balneum.
2731 1986 2838 2043 Ubi
2861 1995 2918 2042 et
2939 1986 3446 2054 deambulatorium,

1857 2076 2064 2132 scilicet
2093 2076 2352 2133 solarium
2375 2093 2531 2133 suum
2550 2093 2673 2134 cum
2691 2079 2946 2136 cancellis
2963 2081 3120 2138 mrcis
3145 2081 3306 2136 nimis
3333 2081 3452 2154 pul—

1857 2169 2125 2228 cherrimc
2150 2170 2393 2232 construi
2416 2169 2574 2238 fecit;
2635 2173 2730 2227 sed
2755 2180 2810 2228 et
2836 2173 3106 2244 porticum
3129 2173 3302 2244 ipsam
3329 2190 3452 2246 quae

1857 2268 2130 2318 vetustate
2157 2262 2339 2318 diruta
2366 2262 2562 2331 inerat,
2600 2262 2764 2320 nimis
2788 2263 2996 2320 utiliter
3022 2267 3318 2321 renovavit.
3383 2266 3453 2323 Et

1857 2354 2082 2428 picturis
2105 2362 2267 2426 atque
2293 2354 2656 2411 marmoribus
2679 2355 2927 2411 eamdem
2956 2363 3164 2411 turrem
3175 2363 3231 2411 et
3255 2364 3452 2412 cuncta

1859 2446 2087 2503 aediﬁcia
2122 2447 2189 2504 ab
2211 2461 2276 2504 eo
2305 2447 2517 2503 noviter
2551 2455 2862 2505 constructa
2906 2449 3202 2505 decoravit.
3266 2449 3454 2521 Itaque

1859 2538 2004 2596 idem
2036 2547 2120 2595 ter
2143 2539 2507 2608 beatissimus,
2539 2548 2595 2598 et
2623 2555 2811 2598 revera
2837 2543 3139 2614 praecipuus
3160 2552 3337 2616 pater,
3364 2552 3452 2598 aut-

1863 2648 1967 2706 que
1991 2633 2165 2689 bonus
2194 2643 2399 2705 pastor,
2442 2633 2800 2706 egregiusque
2819 2633 3019 2705 praesul
3044 2643 3201 2691 tanto
3254 2636 3455 2692 amoris

1861 2725 2059 2781 affectu
2079 2723 2294 2780 fervens
2308 2740 2436 2796 erga
2465 2724 2788 2781 nutritorem
2814 2741 2971 2782 suum
2996 2727 3215 2784 beatum
3234 2727 3455 2783 Petrum

1860 2816 2163 2890 principem
2192 2817 2583 2888 apostolorum,
2612 2819 2738 2874 dum
2764 2829 3020 2878 cunctum
3041 2829 3292 2878 ornatum
3315 2820 3456 2892 ejus-

1864 2912 1986 2969 dem
2003 2911 2313 2982 apostolicae
2363 2912 2499 2969 aula:
2545 2920 2658 2968 tam
2685 2914 2740 2968 in
2786 2913 3067 2986 praeclaris
3113 2931 3180 2971 ex
3219 2931 3351 2972 auro
3400 2926 3457 2973 et

1863 3009 2117 3080 gemmis,
2139 3010 2400 3077 vestibus,
2442 3025 2539 3068 seu
2574 3011 2802 3068 diversis
2843 3011 3041 3082 palliis,
3069 3019 3124 3070 et
3151 3010 3271 3066 aliis
3301 3025 3458 3065 orna-

1862 3107 2062 3164 mentis
2090 3122 2159 3164 ex
2186 3123 2318 3164 auro
2345 3117 2401 3164 et
2445 3115 2669 3179 argento
2698 3108 2755 3163 in
2774 3109 2963 3165 eadem
3001 3107 3298 3178 apostolica
3333 3107 3456 3163 aula

1864 3197 1993 3256 fecit
2022 3208 2186 3270 atque
2208 3199 2424 3256 obtulit.
2480 3199 2659 3256 Etiam
2679 3207 2734 3256 et
2759 3213 2948 3256 omnes
2981 3199 3098 3270 ejus
3119 3200 3319 3272 gradus
3343 3215 3459 3256 ma-

161 3302 358 3351 mento
394 3303 684 3367 erogantur
708 3299 858 3355 omni
887 3298 978 3356 die
1010 3315 1110 3370 per
1137 3317 1332 3360 manus
1369 3305 1530 3362 unius
1553 3304 1759 3362 ﬁdelis-

1867 3289 2011 3364 jores
2030 3292 2122 3364 qui
2152 3293 2450 3349 ascendunt
2493 3292 2550 3348 in
2575 3291 2794 3359 atrium,
2836 3291 3104 3363 simulque
3139 3299 3193 3348 et
3235 3307 3303 3348 ex
3327 3291 3458 3346 dua-

159 3385 298 3443 simi
322 3387 664 3458 paracellarii
691 3391 896 3451 eisdem
921 3395 1270 3465 pauperibus,
1301 3397 1575 3468 accipiens
1597 3414 1760 3456 unus-

161 3480 403 3551 quisque
423 3497 610 3542 eorum
656 3486 964 3554 portionem
1009 3490 1187 3559 panis,
1247 3497 1410 3561 atque
1455 3492 1761 3562 portionem

161 3570 309 3639 vini,
340 3572 396 3629 id
416 3583 520 3642 est,
559 3591 788 3647 cuppam
800 3580 1105 3651 capientem
1122 3581 1319 3640 calices
1345 3584 1499 3653 duos,
1528 3602 1630 3644 nec
1654 3601 1762 3644 non

163 3671 230 3720 et
271 3679 493 3724 carnem
546 3667 614 3725 de
635 3669 944 3740 pulmento:
985 3673 1061 3729 ita
1086 3674 1337 3732 videlicet
1372 3684 1616 3734 statuens
1648 3676 1764 3747 ejus

159 3756 411 3813 almiﬁca
452 3759 729 3818 beatitudo
753 3765 1116 3836 promulgavit
1152 3783 1259 3823 una
1287 3784 1412 3826 cum
1443 3771 1765 3827 sacerdotali

161 3851 424 3923 collegio,
457 3861 517 3910 ut
545 3854 602 3911 in
631 3855 795 3914 nullis
825 3857 949 3914 aliis
975 3859 1301 3918 utilitatibus
1327 3878 1396 3918 ex
1440 3863 1656 3936 frugum
1680 3879 1762 3921 re-

160 3942 382 4001 ditibus
409 3945 495 4003 vel
517 3946 746 4004 diversis
765 3951 996 4020 peculiis
1018 3952 1276 4011 antefata:
1305 3955 1628 4014 domocultae
1645 3971 1766 4014 ero-

161 4044 335 4108 getur
355 4044 447 4094 aut
465 4040 821 4110 expendatur,
861 4043 968 4100 nisi
1020 4048 1392 4106 tantummodo
1438 4050 1492 4104 in
1528 4051 1766 4122 propriis

161 4125 456 4193 subsidiis,
486 4137 541 4186 et
565 4129 896 4200 quotidianis
927 4132 1200 4192 alimentis
1247 4137 1630 4208 praedictorum
1659 4139 1769 4195 fra-

159 4226 328 4274 trum
358 4227 668 4278 nostrorum
692 4221 894 4279 Christi
940 4240 1238 4297 pauperum
1265 4237 1458 4285 cuncta
1484 4231 1770 4301 proficiant

161 4319 345 4382 atque
366 4314 676 4380 perenniter
701 4324 1015 4387 erogentur.
1073 4318 1224 4376 Alias
1247 4335 1376 4378 vero
1409 4329 1520 4379 tres
1551 4323 1772 4381 domos-

163 4404 374 4470 cultas,
414 4406 665 4466 videlicet
691 4409 964 4468 Galeriam
1011 4415 1247 4483 positam
1288 4416 1374 4472 via
1398 4417 1617 4474 Aurelia
1655 4419 1775 4474 mil-

160 4495 340 4553 liario
364 4499 432 4554 ab
454 4500 588 4556 urbe
618 4499 792 4558 Roma
820 4503 943 4573 plus
973 4505 1153 4561 minus
1179 4507 1389 4564 decimo
1427 4510 1494 4566 ad
1528 4518 1772 4569 sanctam

164 4588 436 4644 Rufinam
470 4606 594 4647 cum
619 4591 818 4660 fundis,
879 4603 937 4651 et
980 4598 1273 4666 casalibus,
1314 4602 1511 4670 vineis,
1536 4604 1771 4671 olivetis,

1862 3382 1966 3442 bus
1993 3383 2294 3455 porticibus
2319 3398 2440 3453 quae
2466 3383 2769 3438 ascendunt
2796 3383 2853 3438 in
2881 3383 3128 3442 eamdem
3172 3383 3458 3440 ecclesiam

1863 3492 1933 3536 ex
1979 3477 2265 3551 utriusque
2304 3478 2567 3536 lateribus
2610 3478 2914 3554 renovavit,
2953 3479 3050 3535 sed
3091 3487 3148 3535 et
3203 3485 3460 3536 cunctum

1863 3569 2237 3642 pavimentum
2264 3570 2436 3641 ipsius
2458 3569 2704 3628 ecclesiae
2727 3571 2823 3632 ubi
2867 3585 3144 3630 marmora
3183 3570 3461 3646 confracta

1865 3669 2042 3729 erant,
2066 3662 2324 3719 adhibitis
2349 3663 2473 3720 aliis
2493 3663 2872 3736 pulcherrimis
2891 3664 3206 3723 melioribus
3226 3651 3463 3722 marmo-

1865 3755 2041 3824 ribus,
2072 3756 2374 3812 renovavit.
2392 3755 2639 3816 Porticus
2662 3772 2792 3816 vero
2811 3774 2880 3816 ex
2899 3759 3181 3829 utriusque
3202 3757 3463 3815 lateribus

1865 3849 2250 3922 suprascripta:
2279 3849 2595 3907 ecclesiazin
2633 3851 2832 3922 quibus
2851 3849 3143 3909 confracta;
3170 3852 3356 3908 trabes
3375 3851 3460 3908 in-

1867 3952 2048 4010 erant,
2078 3951 2134 4000 et
2159 3952 2361 4000 tectum
2382 3943 2554 4000 ruinae
2576 3943 2814 4006 vicimun
2837 3944 3076 4017 positum
3105 3953 3244 4010 erat,
3273 3944 3466 4015 positis

1868 4037 2026 4096 novis
2051 4036 2295 4095 trabibus
2324 4036 2504 4108 ipsum
2533 4045 2736 4095 tectum
2758 4037 2968 4097 noviter
3012 4037 3220 4096 faciens
3254 4045 3466 4096 restau-

1871 4131 2034 4188 ravit.
2078 4129 2235 4187 Fecit
2263 4131 2430 4189 etiam
2462 4138 2544 4188 ter
2566 4129 2846 4188 beatitudo
2861 4127 2981 4199 ejus
2999 4129 3261 4200 imagines
3283 4144 3379 4185 sex
3399 4144 3467 4183 ex

1871 4222 2090 4279 laminis
2133 4221 2406 4294 argenteis
2435 4222 2741 4278 investitas.
2804 4221 2888 4277 Ex
2915 4221 3110 4292 quibus
3155 4229 3264 4278 tres
3284 4222 3464 4292 posuit

1871 4331 2035 4386 super
2063 4331 2246 4388 rugas,
2277 4329 2398 4386 quae
2423 4323 2548 4372 sunt
2575 4316 2632 4373 in
2661 4315 2886 4371 introitu
2911 4315 3156 4372 ecclesiae
3181 4327 3209 4358 ι
3246 4316 3465 4386 presby-

1873 4411 2019 4477 terii,
2058 4411 2152 4467 ubi
2166 4417 2220 4465 et
2245 4413 2551 4482 regularem
2581 4425 2650 4466 ex
2680 4418 2906 4481 argento
2931 4410 3186 4467 investito
3223 4408 3371 4476 fecit,
3409 4417 3464 4463 et

1874 4505 2057 4577 posuit
2088 4519 2249 4576 super
2277 4504 2529 4561 eumdem
2559 4505 2866 4578 regularem
2887 4503 3148 4577 praefatas
3193 4510 3304 4558 tres
3334 4502 3468 4558 ima-

1878 4600 2028 4673 gines
2045 4641 2060 4667 ,
2093 4600 2150 4655 in
2173 4598 2352 4656 medio
2373 4598 2592 4670 quidem
2605 4613 2772 4655 unam
2799 4597 3141 4663 existentem,
3181 4597 3471 4652 habentem

166 4688 353 4748 atque
377 4680 556 4749 molis,
596 4683 682 4739 vel
702 4685 956 4743 omnibus
975 4687 1025 4743 ei
1046 4689 1465 4759 pertinentibus.
1517 4693 1776 4765 Reliquas
1803 4689 1859 4752 D
1881 4693 2152 4763 depictum
2179 4692 2389 4748 vultum
2425 4691 2740 4759 Salvatoris,
2787 4699 2843 4748 et
2879 4706 2947 4747 ex
2975 4689 3257 4760 utriusque
3282 4688 3468 4744 lateri-

165 4786 315 4827 vero
348 4773 501 4841 duas,
531 4774 589 4830 id
613 4785 720 4844 est,
751 4777 915 4834 aliam
961 4779 1235 4838 Galeriam
1263 4785 1495 4854 positam
1523 4789 1609 4843 via
1643 4789 1776 4848 Por-

166 4866 367 4924 tuensi
415 4868 669 4926 milliario
694 4871 764 4928 ab
818 4873 952 4929 urbe
991 4873 1162 4932 Roma
1207 4877 1328 4948 plus
1363 4880 1542 4937 minus
1569 4884 1775 4941 duode-

165 4959 332 5016 cimo
362 4975 487 5020 cum
513 4960 712 5031 fundis,
743 4971 799 5020 et
827 4966 1114 5035 casalibus,
1140 4970 1331 5038 vineis,
1349 4973 1656 5042 aquimolis,
1683 4993 1777 5034 seu

164 5051 580 5110 monasterium
604 5055 750 5111 beati
778 5054 1058 5114 Laurentii
1102 5062 1336 5130 positum
1369 5065 1424 5120 in
1450 5065 1624 5121 insula
1655 5083 1781 5139 perm

169 5151 274 5200 tus
294 5141 528 5202 Romani
550 5162 674 5204 cum
695 5147 870 5206 vineis
898 5151 952 5206 ei
977 5153 1389 5221 pertinentibus,
1433 5157 1703 5228 simulque
1726 5169 1780 5216 et

167 5234 570 5308 Lecticariam,
598 5256 720 5313 qua:
739 5251 964 5301 vocatur
987 5245 1238 5316 Asprula.
1301 5250 1502 5307 Verum
1530 5252 1696 5308 etiam
1727 5262 1783 5310 et

167 5331 359 5392 aliam
385 5332 606 5392 domum
628 5335 833 5392 cultam
854 5352 976 5408 quae
1001 5348 1227 5396 vocatur
1264 5342 1630 5399 Calvisianum
1657 5361 1781 5402 cum

168 5426 401 5497 fundis,
431 5437 488 5486 et
520 5431 812 5499 casalibus,
853 5432 1046 5502 vineis,
1094 5435 1326 5505 olivetis,
1375 5438 1681 5509 aquimolis,
1727 5451 1783 5497 et

170 5523 452 5582 omnibus
477 5525 531 5581 ei
573 5527 990 5596 pertinentibus,
1026 5531 1211 5601 posita
1232 5533 1319 5588 via
1340 5533 1636 5592 Ardeatina
1663 5536 1784 5592 mil-

172 5611 357 5670 liario
379 5616 446 5671 ab
476 5617 609 5674 urbe
633 5619 802 5674 Roma
819 5621 940 5691 plus
960 5623 1142 5680 minus
1180 5624 1601 5697 quintodecimo.
1644 5628 1790 5700 Quas

171 5705 450 5767 videlicet
472 5718 585 5768 tres
622 5713 1006 5786 domoscultas,
1035 5719 1244 5778 scilicet
1269 5719 1565 5796 Galeriam,
1610 5721 1791 5786 Calvi-

267 5897 299 5929 ι
333 5886 398 5943 In
416 5890 534 5947 cod.
562 5889 693 5948 Luc.
725 5892 956 5949 ecclesiae
990 5895 1159 5952 deest.

1882 4787 1985 4844 bus
2023 4785 2286 4858 imagines
2321 4786 2583 4843 habentes
2607 4785 2848 4856 depictas
2868 4783 3092 4857 efﬁgies,
3124 4799 3288 4839 unam
3326 4783 3471 4839 beati

1887 4879 2162 4937 Michaelis
2197 4889 2254 4936 et
2275 4880 2438 4936 aliam
2462 4880 2606 4936 beati
2631 4879 2900 4936 Gabrielis
2927 4878 3258 4950 angelorum.
3297 4877 3354 4933 In
3383 4893 3473 4932 su-

1884 4975 2086 5048 periori
2125 4989 2254 5031 vero
2284 4989 2417 5046 ruga
2445 4974 2495 5042 1',
2527 4973 2584 5030 id
2608 4981 2692 5030 est
2727 4973 2785 5029 in
2811 4973 2991 5029 medio
3016 4969 3360 5044 presbyterii,
3394 4968 3474 5025 fa-

1889 5067 2039 5123 ciens
2064 5068 2224 5123 aliam
2255 5067 2562 5141 regularem
2590 5082 2657 5123 ex
2687 5073 2910 5138 argento
2932 5066 3188 5122 investito
3209 5105 3224 5132 ,
3272 5064 3475 5122 consti-

1887 5158 1990 5214 tuit
2015 5174 2178 5230 super
2204 5174 2321 5214 eam
2348 5160 2582 5232 reliquas
2605 5169 2718 5218 tres
2768 5161 3031 5232 imagines
3069 5160 3126 5214 in
3156 5157 3333 5216 medio
3357 5157 3477 5228 qui-

1888 5251 2011 5308 dem
2039 5252 2326 5309 habentem
2345 5252 2750 5324 prteliguratum
2781 5253 2989 5310 vultum
3027 5260 3231 5310 sanctae
3259 5250 3355 5305 Dei
3383 5240 3476 5321 ge;

1888 5344 2119 5411 nitricis,
2148 5352 2204 5399 et
2236 5360 2304 5401 ex
2333 5345 2540 5402 duobus
2564 5345 2826 5403 lateribus
2860 5361 3023 5416 unam
3047 5345 3336 5402 habentem
3362 5341 3479 5397 vul-

1889 5443 2005 5491 tum
2047 5435 2319 5508 depictum
2363 5438 2536 5493 sancti
2571 5437 2802 5494 Andreae
2843 5436 3072 5509 apostoli
3103 5477 3118 5503 ,
3191 5443 3247 5490 et
3314 5432 3478 5489 aliam

1895 5527 2070 5584 sancti
2095 5527 2320 5585 Joannis
2345 5529 2689 5602 evangelista
2709 5571 2724 5597 ,
2770 5538 3028 5600 utrasque
3061 5543 3190 5585 vero
3219 5541 3315 5583 sex
3338 5526 3475 5579 ima-

1897 5621 2070 5692 gines,
2107 5631 2165 5678 ut
2187 5610 2394 5679 dictum.
2410 5631 2516 5690 est,
2554 5624 2619 5681 de
2641 5623 2857 5682 laminis
2880 5622 3150 5698 argenteis
3175 5619 3336 5676 nimis
3355 5617 3477 5700 pul-

1898 5715 2167 5775 cherrime
2215 5714 2389 5774 factas
2413 5716 2714 5784 deauravit,
2737 5717 2794 5774 in
2818 5717 3016 5788 quibus
3039 5712 3362 5792 imaginibus
3389 5724 3484 5783 po-

1977 5900 2004 5943 ¹³
2043 5898 2176 5959 Cod.
2201 5900 2356 5969 Luc.,
2393 5901 2462 5958 In
2488 5905 2715 5960 secunda
2743 5920 2859 5961 vero
2890 5917 3040 5973 ruga,
3068 5906 3172 5958 etc.
