3950 6312
515 402 646 511 ίίόι
752 515 760 522 ,

515 655 704 728 viginti
729 671 752 694 τι
786 667 1044 711 annorum
1072 647 1242 718 spatia
1270 645 1441 698 forma
1471 658 1592 713 quae
1629 649 1852 695 vocatur
1887 638 2091 693 Sabbu-

513 749 628 803 ‘lina
663 745 824 800 nimis
843 742 1116 796 confracta
1141 738 1408 800 existens,
1460 749 1556 804 per
1585 750 1747 802 quium
1775 732 2094 786 deciirrebat

515 854 652 908 aqua
681 854 778 908 per
802 830 1173 891 centenarium
1227 829 1280 882 in
1324 825 1467 882 atrio
1503 822 1749 880 ecclesia:
1774 821 1917 876 beati
1945 820 2092 872 Petri

515 929 760 1002 apostoli,
791 927 1057 995 simulque
1079 931 1135 979 et
1155 923 1210 978 in
1241 919 1438 976 balneo
1463 915 1620 986 juxta
1651 918 1896 971 eamdem
1923 913 2096 969 eet-le-

513 1022 654 1088 siam
674 1019 799 1085 sito,
826 1015 919 1072 ubi
940 1012 1138 1092 fratres
1167 1009 1338 1066 nostri
1367 1006 1569 1064 Christi
1589 1018 1870 1078 pauperes,
1907 1003 2002 1074 qui
2026 1003 2096 1058 ad

513 1109 879 1182 accipiendam
901 1105 1302 1176 eleemosynam
1327 1099 1385 1158 in
1408 1099 1721 1170 paschalem
1745 1096 2094 1154 festivitatem

511 1218 688 1258 annue
708 1211 994 1257 occurrere
1025 1203 1082 1252 et
1120 1193 1291 1250 lavari
1327 1191 1589 1256 solebant,
1619 1197 1676 1246 et
1694 1203 1762 1246 ex
1789 1202 1896 1259 qua
1919 1185 2098 1243 diver-

510 1308 585 1350 ste
601 1290 758 1348 molae
782 1290 838 1346 in
873 1283 1151 1344 Genuculo
1196 1281 1648 1340 machinabantur
1699 1275 2096 1352 [macinabant]

509 1401 650 1456 aqua
682 1399 752 1441 ex
770 1381 961 1438 eadem
987 1378 1165 1436 forma
1205 1390 1383 1447 neque
1423 1375 1480 1431 in
1517 1374 1716 1430 atrium
1743 1369 1887 1428 beati
1923 1369 2094 1434 Petri,

507 1489 686 1546 neque
712 1473 854 1529 infra
882 1468 1161 1528 civitatem
1185 1466 1566 1532 decurrebant,
1612 1464 1740 1520 dum
1759 1462 1876 1534 ipsa
1894 1458 2093 1527 forma,

509 1577 570 1623 ut
593 1566 799 1624 dictum
821 1569 929 1631 est,
976 1561 1154 1618 diruta
1173 1557 1401 1625 exstitit,
1423 1557 1494 1613 ob
1513 1561 1732 1612 centum
1752 1567 1913 1610 arcus
1927 1551 2096 1624 ipsius

507 1661 700 1720 formae
717 1672 930 1730 magna:
951 1655 981 1698 ι)
1013 1652 1314 1710 altitudinis
1342 1656 1700 1716 constructos,
1739 1654 1798 1704 et
1839 1661 1872 1702 a
1899 1644 2094 1701 funda-

507 1752 710 1809 mentis
737 1747 1022 1806 demolitos
1050 1753 1214 1818 atque
1238 1745 1562 1808 destructas,
1587 1748 1649 1797 ut
1662 1739 1777 1812 jam
1795 1738 1945 1796 nulla
1970 1752 2096 1810 spes

508 1845 789 1902 videretur
808 1856 930 1900 esse
949 1841 1170 1898 eosdem
1190 1851 1352 1894 arcus
1376 1836 1460 1893 vel
1495 1835 1724 1892 fractam
1747 1832 1980 1890 formam
2007 1845 2095 1888 re-

1069 507 1076 516 .
1185 512 1191 516 _
1594 515 1597 516 ν
1679 497 1687 507 ,
1817 430 2093 490 annum

2196 426 2402 487 lPAil
3135 482 3163 489 ,,
3305 491 3335 514 η

396 527 416 545 .
495 537 622 626 suit
643 541 849 634 argenti
878 527 1306 616 iibiié‘i‘ciiuim'.‘
1365 549 1435 606 At
1466 565 1596 606 vero
1617 546 1729 617 jam
1757 562 1856 618 per
1879 547 2095 603 evoluta
2120 547 2176 610 Α
2197 551 2404 615 gentes:
2438 538 2694 602 existunt,
2741 546 2862 604 quae
2901 539 3140 634 pensant
3173 529 3343 587 libras

3341 458 3349 465 .
3665 406 3804 474 H99.

3349 491 3404 516 ,τ
3421 496 3426 500 .

3447 529 3461 542 .
3663 530 3679 541 .

3371 541 3797 602 quinquaginta.

2194 635 2332 688 Nam
2350 642 2406 689 et
2426 647 2522 702 per
2547 630 2786 684 diversas
2811 625 3086 680 diaconias
3116 624 3242 679 fecit
3279 623 3446 679 simili
3484 624 3656 678 mulo
3691 626 3796 678 vel:

2195 725 2462 782 stam-acia
2494 737 2588 778 seu
2613 719 2778 791 Tyria
2803 731 2906 789 pro
2931 732 3248 786 [nunquamne
3278 717 3535 772 diaconi:
3571 735 3796 772 numera

2175 799 2310 882 sex,
2353 833 2474 885 qua-
2514 812 2648 867 fiunt
2693 809 2850 864 simul
2897 809 3012 862 vela
3059 825 3285 863 numero
3325 810 3632 879 nonaginta
3687 826 3789 863 sex.

2197 910 2328 963 item
2367 908 2512 962 idem
2550 905 2926 962 sanctissimus
2959 904 3176 976 pnesnl,
3214 903 3450 960 formam
3488 921 3619 976 qua:
3649 903 3791 962 lolii:

2198 996 2394 1070 [Jovia]
2444 1004 2685 1060 vocatur,
2721 1010 2845 1066 quae
2889 1009 2988 1066 per
3019 993 3235 1050 evoluta
3279 993 3476 1065 viginti
3529 1009 3792 1050 annorum

2196 1087 2372 1160 spatia
2401 1087 2564 1144 nimis
2583 1085 2864 1143 confracta
2879 1083 3116 1156 iacebat,
3143 1099 3176 1140 a
3195 1081 3582 1140 fundamentis
3603 1092 3794 1140 restau-

2197 1195 2323 1236 rare
2371 1178 2520 1235 fecit.
2575 1177 2758 1234 Simili
2795 1176 2958 1234 modo
2997 1174 3127 1233 fecit
3152 1183 3230 1242 (et
3269 1175 3328 1231 in
3371 1175 3616 1232 basilica
3661 1176 3795 1232 beati

2197 1271 2470 1328 Pancratii
2495 1270 2755 1342 martyris
2779 1279 2828 1336 ο,
2856 1284 2976 1340 qua:
3003 1276 3088 1324 est
3122 1265 3257 1324 foris
3291 1283 3484 1325 muros
3527 1265 3700 1338 hujus
3727 1269 3795 1324 ei-

2198 1361 2384 1420 vitatis
2405 1363 2688 1429 Romanae,
2714 1359 2835 1418 vela
2855 1361 2926 1416 de
2948 1359 3223 1416 stauracin
3252 1373 3350 1416 seu
3370 1357 3550 1430 Tyria
3575 1375 3792 1417 numera

2197 1453 2422 1525 triginta
2451 1458 2577 1510 octo
2609 1459 2670 1506 et
2695 1449 2841 1506 linea
2871 1448 3094 1520 triginta
3131 1456 3257 1504 octo
3279 1446 3331 1514 ἀ,
3363 1457 3423 1504 et
3465 1447 3528 1502 in
3577 1448 3792 1506 basilica

2195 1543 2346 1602 beati
2393 1540 2659 1614 Stephani
2706 1538 3122 1612 protomartyris
3157 1537 3215 1593 in
3247 1536 3423 1594 Coelio
3453 1544 3654 1593 monte
3679 1535 3793 1593 fecit

2197 1637 2317 1694 vela
2363 1635 2431 1693 de
2474 1633 2750 1692 stauracin
2780 1648 2878 1690 seu
2910 1631 3073 1704 Tyria
3097 1644 3324 1687 numero
3350 1629 3555 1702 viginti
3580 1639 3638 1685 et
3665 1631 3789 1686 linea

2196 1727 2409 1801 viginti.
2461 1727 2570 1784 Sed
2607 1735 2664 1784 et
2709 1727 2766 1782 in
2801 1723 3030 1781 basilica
3070 1722 3217 1779 beati
3253 1721 3598 1793 Apollinaris
3633 1723 3786 1778 simili

2198 1823 2360 1880 modo
2403 1821 2525 1880 vela
2570 1820 2640 1879 de
2685 1819 2901 1892 octaplo
2946 1832 3174 1875 numero
3197 1817 3412 1892 {decem
3443 1825 3498 1874 et
3529 1811 3683 1874 linea
3701 1818 3786 1874 de-

508 1937 813 1995 tedificandi
863 1943 1028 2007 atque
1077 1931 1453 1999 restaurandi,
1499 1930 1614 2004 ipse
1641 1929 1992 1986 beatissimus
2029 1942 2096 1985 ac
2115 1911 2172 1972 Β
2203 1929 2343 1972 εθιῐι·
2371 1912 2592 2007 nam?“
2615 1911 2841 2007 basin“!
2868 1910 3015 2007 δξδθιί
3039 1908 3655 2007 Ϋέιθηξίηί-ωπίῖήδν.
3675 1926 3784 2007 ξιξ

506 2025 884 2084 sanctissimus
908 2021 1106 2095 praesul
1151 2035 1446 2094 aggregans
1471 2019 1872 2076 multitudinem
1907 2017 2094 2090 populi

505 2132 606 2188 per
629 2115 982 2187 semetipsum
1005 2113 1074 2170 ad
1101 2110 1478 2169 fabricandum
1491 2119 1656 2182 atque
1680 2110 2095 2168 restaurandum

505 2211 756 2266 eamdem
767 2207 998 2266 formam
1014 2204 1432 2280 prteparavit,et
1449 2211 1658 2260 tantam
1685 2218 1873 2260 curam
1898 2217 1962 2260 ac
1987 2201 2096 2258 sol-

504 2303 841 2360 licitudinem
865 2302 922 2357 in
941 2299 1182 2370 ejusdem
1207 2297 1396 2356 formai
1422 2297 1631 2354 fabrica
1657 2295 1926 2364 exhibuit,
1948 2297 2094 2366 quod

504 2395 672 2452 etiam
695 2395 906 2451 noviter
935 2409 966 2450 a
989 2391 1342 2450 fundamento
1367 2406 1490 2448 eam
1515 2389 1796 2446 renovavit
1817 2396 1981 2460 atque
2003 2401 2092 2443 re-

505 2488 790 2556 stauravit,
846 2496 901 2544 et
943 2485 1232 2544 confestim
1257 2483 1630 2542 centenarium
1649 2481 1805 2550 illud,
1847 2479 1991 2552 quod
2027 2494 2096 2536 ex

503 2585 694 2642 eadem
715 2581 889 2638 forma
912 2579 968 2636 in
994 2580 1134 2636 atrio
1161 2575 1404 2655 ecclesia;
1420 2576 1565 2632 beati
1583 2573 1733 2630 Petri
1753 2573 2094 2638 decurrebat,

504 2677 632 2728 dum
661 2671 882 2726 nimiam
895 2669 1170 2738 neglectus
1195 2666 1458 2721 incuriam
1469 2665 1748 2735 plumbum
1775 2663 1944 2734 ipsius
1969 2677 2098 2717 cen-

505 2763 699 2818 tenarii
722 2761 906 2815 furtim
931 2758 1045 2828 jam
1073 2759 1307 2830 plurima
1335 2773 1402 2812 ex
1441 2763 1592 2826 parte
1637 2755 1830 2810 exinde
1856 2754 2097 2808 ablatura

503 2855 713 2920 fuisset,
755 2853 1024 2921 reliquum
1051 2851 1329 2922 plumbum
1363 2854 1806 2916 conquassatum,
1845 2844 2095 2914 protinus

505 2945 646 3002 idem
692 2943 994 3014 prter-ipuus
1047 2949 1234 3011 pastor
1283 2939 1464 2994 addita
1514 2935 1853 2992 multitudine
1890 2933 2096 3004 plumbi

503 3038 680 3107 ipsum
707 3033 1079 3090 centenarium
1105 3033 1316 3088 noviter
1335 3029 1480 3097 fecit,
1511 3037 1566 3086 et
1579 3028 1690 3083 Deo
1714 3027 1933 3096 auspice
1955 3041 2094 3096 aqua

505 3129 560 3184 in
589 3127 728 3182 atrio
751 3124 897 3184 beati
935 3123 1104 3190 Petri,
1143 3122 1410 3192 simulque
1455 3129 1511 3176 et
1541 3118 1597 3175 in
1623 3117 1850 3190 praefato
1878 3117 2090 3184 balneo,

469 3201 478 3215 ’
502 3234 692 3276 verum
720 3217 884 3276 etiam
919 3222 974 3272 et
997 3213 1146 3270 intus
1173 3213 1470 3278 civitatem,
1509 3211 1566 3268 id
1597 3218 1684 3266 est
1709 3209 1766 3266 in
1793 3208 2090 3273 Genuculo,

2194 2007 2300 2062 sita
2323 2013 2410 2063 est
2435 2004 2572 2062 foris
2607 2018 2795 2061 muros
2827 2001 2989 2073 hujus
3020 2001 3258 2058 civitatis
3304 2000 3576 2058 Romana:
3609 2003 3783 2058 siali-

2193 2105 2280 2156 ter
2339 2097 2470 2154 fecit
2518 2096 2640 2154 vela
2699 2097 2766 2154 de
2817 2095 3093 2154 stauracin
3149 2109 3249 2153 seu
3299 2095 3501 2168 octapli
3559 2111 3780 2154 unum

2193 2191 2385 2261 viginti
2408 2189 2535 2257 duo,
2575 2197 2631 2247 et
2656 2189 2800 2246 linea
2831 2187 3024 2260 viginti
3045 2187 3172 2245 duo.
3218 2199 3221 2203 '

2264 2282 2404 2338 Dum
2451 2295 2582 2336 vero
2623 2279 2797 2337 forma
2825 2293 2945 2350 quae
2973 2277 3196 2334 Claudia
3228 2287 3460 2336 vocatur
3481 2293 3589 2350 per
3618 2295 3778 2336 anno-

2195 2387 2318 2430 rum
2341 2371 2516 2442 spatia
2543 2371 2796 2428 demolita
2833 2386 2956 2428 esse
2985 2370 3289 2439 videbatur,
3324 2371 3468 2428 unde
3489 2381 3548 2428 et
3575 2373 3636 2428 in
3663 2373 3776 2428 hal-

2195 2465 2314 2522 neis
2357 2463 2814 2521 Lateranensibus
2847 2463 2914 2520 de
2947 2463 3064 2534 ipsa
3089 2478 3230 2534 aqua
3256 2463 3428 2520 lavari
3461 2465 3688 2530 solebat,
3723 2475 3779 2520 et

2195 2556 2252 2613 in
2280 2554 2598 2626 baptisterio
2633 2553 2878 2611 ecclesia:
2905 2552 3201 2611 Salvatoris
3221 2554 3431 2611 Domini
3454 2555 3623 2609 nostri
3642 2553 3779 2608 Iesu

2194 2646 2427 2713 Christi,
2467 2646 2524 2702 in
2553 2645 2738 2716 plures
2783 2644 3043 2702 ecclesias
3081 2644 3138 2700 in
3182 2645 3270 2701 die
3325 2655 3494 2700 sanae
3532 2643 3774 2700 Pascha:

2197 2739 2485 2793 decurrere
2521 2737 2749 2801 solebat,
2794 2745 2851 2792 et
2877 2737 3002 2791 dum
3040 2736 3251 2790 modica
3302 2752 3430 2806 aqua
3461 2736 3521 2790 de
3545 2751 3775 2791 mno-

2195 2827 2402 2883 minata
2445 2825 2621 2880 forma
2671 2825 2816 2881 intus
2862 2825 3137 2880 civitatem
3175 2825 3514 2890 decurrebat,
3553 2827 3775 2896 prospi-

2197 2922 2345 2975 ciens
2391 2920 2693 2990 prmcipuus
2731 2925 2790 2974 et
2826 2917 3164 2986 coangelicus
3213 2917 3432 2986 praesul.
3483 2931 3778 2988 aggregans

2196 3010 2600 3066 multitudinem
2642 3009 2828 3080 populi
2855 3024 2921 3064 ex
2949 3008 3195 3078 partibus
3231 3008 3549 3078 Campania:
3573 3025 3670 3080 per
3693 3025 3776 3064 se-

2195 3104 2484 3176 metipsum
2506 3103 2575 3160 ad
2591 3101 2966 3160 fabricandum
2991 3111 3153 3172 atque
3185 3104 3614 3158 restanrandum
3635 3119 3778 3160 ean-

2193 3194 2318 3251 dem
2343 3193 2576 3250 formam
2603 3193 2735 3249 totis
2763 3193 2970 3250 viribus
2990 3193 3322 3264 properavit,
3360 3201 3424 3248 ut
3449 3201 3660 3249 tantam
3687 3209 3776 3248 ca-

502 3270 1272 3370 inblaivmachinabantur,
1312 3270 1468 3358 sicut,
1478 3300 1776 3372 antiquitus
1822 3270 2093 3356 abundan-

2196 3300 2316 3342 ram
2339 3300 2408 3342 ac
2431 3284 2853 3342 sollicitudinem
2873 3285 2934 3342 in
2956 3283 3199 3355 ejusdem
3223 3284 3418 3341 forma:
3449 3285 3664 3342 talaria
3683 3301 3774 3342 ex-

501 3411 590 3458 ter
611 3402 900 3459 decurrere
923 3400 1072 3458 fecit.
1123 3398 1402 3470 Simulque
1434 3397 1579 3454 idem
1600 3395 1945 3452 beatissimus
1961 3409 2096 3466 pon-

501 3495 634 3553 tifex
662 3491 791 3552 fecit
831 3495 888 3552 in
915 3485 1141 3552 basilica
1167 3487 1323 3550 beati
1341 3489 1490 3546 Pauli
1521 3487 1752 3560 apostoli
1781 3501 1849 3543 ex
1876 3485 2094 3542 laminis

501 3586 776 3660 argenteis
797 3585 1062 3656 imagines
1085 3592 1199 3640 tres
1223 3596 1345 3652 quae
1368 3586 1642 3653 ponuntur
1669 3593 1833 3650 super
1844 3590 2006 3649 rugas
2035 3575 2093 3632 in

503 3678 732 3734 introitu
763 3675 1110 3748 presbyterii.
1193 3673 1370 3732 Unam
1403 3671 1622 3743 quidem
1654 3671 1945 3727 habentem
1969 3667 2092 3724 vul-

499 3775 618 3824 tum
644 3767 918 3837 depictum
939 3765 1236 3821 Salvatoris
1273 3762 1488 3820 Domini
1511 3762 1684 3818 nostri
1713 3761 1842 3818 Iesu
1864 3759 2090 3826 Christi,

503 3865 561 3914 et
589 3871 656 3912 ex
683 3856 934 3924 utrisque
966 3853 1228 3910 lateribus
1271 3853 1535 3924 imagines
1563 3850 1806 3921 depictas
1829 3850 2092 3906 habentes

501 3943 708 4014 effigies
756 3943 1095 4014 angelorum,
1133 3941 1228 4012 qui
1259 3935 1491 4012 pensant
1515 3939 1681 3996 libras
1717 3938 1906 4011 viginti
1959 3951 2092 4008 qua“-

502 4042 648 4090 tuor.
681 4061 684 4064 ~
721 4033 876 4089 Fecit
914 4041 970 4090 et
997 4033 1054 4088 in
1091 4031 1319 4089 basilica
1367 4030 1732 4101 apostolorum
1758 4029 1812 4085 in
1842 4029 1928 4084 via
1954 4027 2092 4084 Lata

503 4125 624 4181 vela
668 4125 736 4182 de
777 4124 961 4196 palliis
989 4122 1183 4180 sericis
1223 4136 1452 4179 numero
1498 4120 1691 4192 viginti
1735 4126 1792 4175 et
1834 4119 1977 4176 linea
2003 4119 2089 4175 vi-

503 4216 658 4288 ginti.
734 4215 795 4272 in
839 4213 1070 4272 ecclesia
1127 4227 1258 4270 vero
1306 4212 1453 4270 beati
1501 4209 1781 4268 Laurentii
1833 4208 2090 4281 martyris

502 4317 667 4378 atque
699 4305 878 4363 levita
912 4305 1048 4362 foris
1097 4319 1284 4362 muros
1341 4301 1502 4372 hujus
1551 4301 1786 4358 civitatis
1833 4301 2090 4357 Romanae

501 4397 632 4456 fecit
677 4397 798 4454 vela
851 4411 918 4453 ex
941 4395 1122 4469 palliis
1157 4395 1350 4454 sericis
1376 4408 1604 4452 numero
1633 4394 1826 4468 viginti
1863 4402 1920 4450 et
1945 4392 2086 4448 linea
2119 4429 2124 4434 ς

503 4491 715 4563 viginti.

490 4599 496 4629 ί
571 4581 708 4638 Nam
736 4589 793 4638 et
815 4581 875 4639 in
909 4581 1139 4639 ecclesia
1175 4581 1349 4638 beatae
1383 4581 1480 4637 Dei
1504 4577 1796 4637 Genitricis
1832 4577 1903 4635 ad
1945 4577 2088 4634 Mar-

2192 3378 2389 3445 bibuit,
2407 3377 2501 3450 qui
2524 3377 2690 3432 etiam
2707 3377 2924 3434 naviter
2937 3372 3062 3434 am
3081 3377 3556 3450 renovavit‘atque
3573 3387 3778 3435 rata:-

2193 3470 2354 3539 ravit,
2379 3477 2438 3526 et
2463 3468 2756 3526 confestim
2774 3483 2844 3525 ex
2863 3469 3056 3526 eadem
3074 3467 3256 3526 forma
3272 3485 3438 3542 aqua
3471 3473 3533 3528 in
3557 3473 3774 3545 praebia

2195 3561 2392 3618 balnea
2434 3561 2599 3617 etiam
2650 3569 2709 3617 et
2745 3561 2898 3618 intus
2951 3560 3231 3618 civitatem
3279 3561 3430 3620 sicut
3483 3566 3778 3636 antiquitus

2191 3653 2528 3710 abundanter
2563 3651 2855 3708 decurrere
2893 3650 3040 3708 fecit.
3094 3649 3268 3722 Hujus
3315 3655 3661 3724 temporibus
3693 3657 3778 3712 dc-

2190 3741 2410 3800 functus
2453 3741 2728 3798 Leoninus
2767 3741 2958 3798 consul
2983 3749 3041 3798 et
3075 3741 3206 3809 dux,
3249 3744 3610 3814 postmodum
3657 3760 3777 3801 vero

2189 3837 2510 3903 monachus,
2560 3835 2631 3892 ob
2673 3834 2888 3892 veniam
2927 3849 3150 3891 suorum
3183 3835 3520 3893 delictorum
3545 3846 3659 3894 tiu
3680 3853 3777 3894 un.

2191 3927 2306 3984 cias
2338 3941 2535 3982 massae
2569 3926 2847 3982 Aratianaa
2892 3924 3190 3999 [Aricinae],
3219 3941 3328 3997 qua
3356 3943 3428 3984 ex
3471 3929 3780 3986 hereditate

2188 4027 2480 4094 parentum
2521 4033 2746 4077 suomm
2793 4018 3096 4085 fruebatur,
3133 4019 3274 4076 sitas
3295 4024 3371 4078 ab
3403 4022 3518 4080 hac
3545 4023 3782 4079 Romana

2190 4115 2326 4170 urbe
2350 4111 2606 4169 milliario
2639 4111 3006 4168 sextodecimo
3037 4111 3128 4178 via
3152 4111 3482 4182 Ardeatina,
3525 4117 3582 4172 in
3599 4131 3714 4188 quo
3731 4123 3786 4170 α

2187 4202 2477 4260 ecclesiam
2511 4201 2658 4258 beati
2702 4201 2898 4258 Edistii
2922 4217 3047 4260 esse
3081 4203 3444 4276 dignoscitur,
3479 4221 3648 4279 quam
3675 4209 3784 4278 ipse

2185 4292 2533 4350 beatissimus
2562 4307 2702 4364 papa
2729 4307 2942 4366 magna:
2977 4296 3405 4353 constructionis
3443 4295 3679 4355 fabricis
3701 4299 3790 4354 de»

2187 4386 2416 4454 coravit,
2448 4385 2834 4458 ampliavitque
2869 4387 2925 4442 in
2966 4387 3187 4444 easdem
3209 4395 3328 4444 tres
3351 4382 3558 4445 uncias
3598 4403 3788 4461 supra-

2187 4476 2406 4548 scriptzc
2453 4491 2648 4534 massa:
2691 4476 2968 4534 Aratiana:
3007 4477 3142 4535 alias
3182 4492 3280 4535 se:
3317 4479 3526 4537 uncias
3563 4497 3602 4537 a
3629 4481 3790 4538 Petra

2192 4567 2392 4625 comite
2409 4608 2426 4636 ,
2473 4576 2640 4640 atque
2687 4569 2896 4642 Agnete
2935 4568 3126 4625 relicta
3171 4570 3484 4640 Agathonis
3513 4574 3790 4630 εαἱήιέ

501 4684 651 4748 tyres
683 4673 848 4731 simili
874 4673 1036 4731 modo
1062 4672 1194 4730 fecit
1215 4672 1334 4730 vela
1356 4673 1422 4729 de
1447 4671 1624 4744 palliis
1646 4671 1834 4728 sericis
1861 4683 2090 4726 numero

2196 4621 3125 4731 raﬁaismlpreiié’tﬁuésia}
3149 4621 3792 4732 magna;

501 4765 693 4838 viginti
713 4772 770 4822 et
793 4764 938 4821 linea
975 4764 1188 4836 viginti.
1218 4764 1352 4820 ltem
1383 4763 1526 4820 idem
1552 4761 1928 4818 sanctissimus
1955 4775 2091 4832 pon-
2191 4749 2583 4826 [pmfectorii].
2617 4751 2782 4809 Fines
2820 4751 2988 4808 etiam
3023 4766 3095 4810 ex
3131 4751 3282 4808 omni
3307 4761 3480 4824 parte

502 4857 636 4913 tifex
663 4857 794 4914 fecit
814 4871 913 4928 per
934 4856 1176 4916 diversos
1210 4853 1398 4910 titulos
1433 4851 1554 4908 vela
1584 4852 1652 4910 de
1687 4851 1962 4908 stauracin
1991 4865 2086 4908 seu
2187 4847 2286 4904 vit.
2315 4847 2452 4904 Data
2476 4846 2623 4904 enim
2651 4845 2814 4920 digna
2841 4847 3282 4918 compensatione
3311 4848 3535 4906 nemini
3559 4853 3680 4908 vim
3707 4853 3793 4908 il-

503 4947 664 5019 Tyria
697 4962 798 5020 per
836 4960 1276 5020 unumquemque
1307 4945 1522 5002 tituium
1547 4959 1776 5001 numero
1810 4942 2002 5016 viginti
2027 4951 2085 5001 et
2185 4939 2388 5007 ferens,
2429 4941 2528 4998 sed
2565 4941 2758 5013 magis,
2783 4942 2856 4997 'ut
2889 4942 3150 4999 condecet
3175 4943 3336 5014 patri,
3373 4955 3592 5002 evincta
3631 4961 3794 5004 sem

503 5038 646 5096 linea
693 5040 924 5110 viginti:
951 5041 1088 5096 ﬁunt
1132 5039 1294 5098 simul
1333 5037 1456 5094 vela
1491 5036 1666 5095 serica
1704 5025 1930 5094 nurnero
1951 5049 2086 5108 qua-
2186 5034 2438 5092 eumdem
2463 5033 2640 5092 locum
2669 5035 2845 5092 amica
2879 5037 3128 5108 pactione
3153 5036 3288 5093 emit
3306 5037 3550 5108 praedia.
3591 5041 3670 5096 Et
3701 5040 3796 5096 do-

501 5137 628 5188 tuor
659 5139 876 5188 centum
899 5138 956 5187 et
979 5130 1358 5202 quadraginta.
1511 5149 1514 5153 -
2185 5125 2539 5184 mumcultam
2582 5128 2744 5185 beato
2783 5128 2946 5185 Petro
2984 5129 3232 5186 eumdem
3281 5123 3466 5186 locum
3509 5130 3647 5200 ine
3667 5145 3798 5202 per»

491 5262 498 5277 .
572 5222 691 5294 ipse
715 5237 844 5279 vero
871 5223 1179 5294 praecipuus
1207 5219 1450 5294 pontifex
1471 5219 1600 5278 fecit
1625 5219 1886 5291 imagines
1903 5233 1970 5276 ex
2001 5218 2085 5276 la-
2183 5226 2348 5290 petuo
2382 5219 2590 5288 statuit
2612 5220 3060 5292 permanendum.
3101 5220 3273 5288 Quem
3319 5229 3378 5278 et
3423 5222 3796 5280 domumi-

503 5315 668 5372 minis
701 5314 967 5386 argenteis
1007 5314 1278 5371 deauratis
1301 5314 1564 5371 habentes
1585 5310 1816 5384 efﬁgiem
1841 5310 2089 5368 Salvato-
2185 5321 2298 5368 tam
2355 5311 2532 5370 sancti
2582 5311 2779 5370 Edistii
2845 5319 3044 5371 Vocant
3086 5327 3264 5387 usque
3317 5314 3382 5372 in
3447 5315 3800 5375 bodierum

501 5407 583 5464 ris
614 5405 830 5462 Domini
861 5407 1035 5461 nostri
1056 5405 1186 5462 Iesu
1217 5405 1442 5474 Christi,
1469 5420 1591 5479 qua:
1614 5405 1792 5477 posita
1811 5412 1897 5462 est
1923 5419 2090 5476 super

503 5499 728 5559 introitu
769 5497 1008 5556 basilicae
1034 5499 1183 5556 beati
1208 5499 1358 5558 Petri
1381 5499 1630 5572 apostoli,
1678 5499 1774 5558 ubi
1794 5507 1966 5572 porta:
1998 5514 2086 5556 ar-

564 5656 757 5732 ξορας
780 5657 936 5732 Luc.,
967 5674 1062 5732 per
1087 5656 1283 5714 abolita
1307 5659 1510 5731 viginti.

569 5731 624 5786 1».
648 5730 782 5789 Cod.
805 5729 1148 5803 Luc.,qsam
1191 5738 1241 5786 et
1281 5729 1528 5788 carcoras
1555 5729 1723 5804 ipsius
1751 5729 1937 5802 {arma
1967 5746 2086 5787 ma-

499 5811 934 5941 σκῗῖὶὲξίῗὶιιο..
953 5872 1203 5948 martyris
1234 5831 1388 5944 atque
1411 5870 1578 5929 levita
1603 5887 1744 5945 quat,
1769 5878 1874 5930 etc.

2185 5406 2350 5464 diem.
2734 5443 2740 5449 ρ
2789 5439 2795 5448 ο
2830 5437 2855 5448 -ι
3781 5448 3791 5456 .

2253 5499 2468 5558 Pariter
2504 5499 2672 5562 etiam
2699 5507 2758 5559 et
2785 5514 2965 5558 massa
2993 5515 3118 5574 quae
3153 5509 3387 5564 vocatur
3427 5502 3722 5562 Acatim
3749 5501 3806 5579 ι,

2255 5655 2284 5698 ἀ
2310 5655 2444 5728 Cod.
2471 5656 2628 5728 Luc.,
2653 5675 2874 5722 xnvm.,
3059 5670 3070 5706 ι

2261 5739 2286 5770 ο
2317 5727 2450 5785 Cod.
2478 5727 2636 5798 Luc.,
2663 5741 2712 5786 et
2741 5730 3040 5788 Theodauz.

2191 5869 2216 5894 ί
2261 5799 2284 5842 ί
2313 5799 2446 5858 Cod.
2475 5800 2629 5870 Luc.,
2655 5803 2936 5858 Acutiam.
