3950 6312
153 374 285 439 ηαδ

1681 361 1863 437 vim.

3245 394 3381 453 ηθι

147 507 265 563 «ιω
280 488 437 559 juxta
476 486 726 544 eamdem
764 486 1188 547 domumcultam
1225 502 1346 547 esse
1378 490 1607 556 Videtur,
1643 493 1721 547 ab.
1738 505 1789 562 Α
1816 493 2191 551 sanctissimus
2208 496 2425 565 prmsnl,
2452 496 2507 551 in
2527 496 2752 554 basilica
2780 499 2923 556 vasis
2940 500 3220 560 electionis
3240 507 3383 565 beati

147 583 329 639 eodem
358 580 601 635 Leouino
625 578 787 634 beato
821 578 983 634 Petro
1017 594 1274 635 concessa
1306 589 1410 637 est.
1440 582 1573 637 ltem
1598 581 1721 653 ipse.

147 686 233 731 ter
254 671 597 730 beatissimus
616 670 809 741 praesul
830 670 886 725 in
906 670 1131 727 basilica
1151 671 1362 740 majori,
1391 688 1513 742 qua:
1532 673 1713 744 appet.-

146 763 286 819 latur
319 759 534 816 Sanctae
556 756 653 813 Dei
672 757 985 822 Genitricis,
1037 758 1130 827 qui
1172 759 1361 814 aderat
1386 757 1545 827 juxta
1569 760 1713 816 basi-

144 851 299 908 licam
326 850 470 907 hceti
495 848 773 905 Laurentii
794 850 1054 920 martyris
1075 859 1238 920 atque
1263 850 1458 917 levita,
1485 851 1577 908 ubi
1595 850 1723 920 eius.

142 950 384 999 sanctitm
413 955 609 1009 corpus
632 940 926 1010 requiescit
955 940 1090 996 foris
1121 956 1307 997 muros
1334 940 1493 1010 hujus
1522 942 1715 997 civita-

143 1034 211 1091 tis
234 1033 440 1097 item,
465 1031 797 1088 obtulitvela
822 1031 889 1086 de
921 1031 1220 1095 stauracin,
1245 1047 1340 1086 seu
1367 1032 1715 1102 auadrapolis

139 1139 365 1180 numero
387 1122 695 1193 quindecim
726 1130 782 1176 et
806 1120 947 1177 linea
967 1120 1296 1190 quindecim.
1490 1185 1494 1188 y

210 1212 441 1268 Tectum
482 1224 614 1266 vero
654 1209 798 1265 tituli
839 1209 982 1264 beati
1022 1208 1315 1264 Clementis
1360 1208 1505 1278 quod
1543 1208 1712 1264 etiam

137 1316 391 1359 casurum
418 1284 629 1355 erat'et
669 1297 729 1353 in
773 1296 945 1355 ruinis
982 1296 1219 1367 positum
1264 1297 1500 1368 regionis
1538 1297 1712 1352 tertia:

136 1391 349 1447 noviter
383 1388 729 1455 restauravit,
773 1402 875 1443 nec
914 1403 1023 1443 non
1045 1396 1103 1442 et
1128 1387 1405 1444 basilicam
1431 1390 1572 1445 beati
1605 1388 1713 1443 Sil-

133 1483 303 1539 vestri
349 1482 679 1538 confessoris
706 1488 871 1550 atque
910 1478 1181 1550 pontiﬁcis
1223 1479 1385 1535 sitam
1430 1481 1487 1535 in
1529 1478 1709 1547 Orfea,

130 1588 256 1642 quae
272 1569 389 1640 jam
412 1570 467 1625 in
492 1570 664 1626 ruinis
686 1570 860 1640 posita
886 1579 1008 1625 erat
1032 1577 1089 1625 et
1110 1577 1313 1626 tectum
1336 1568 1454 1639 ejus
1473 1570 1711 1627 dirutum

128 1662 420 1726 existebat,
457 1660 599 1715 l'acto
630 1661 820 1716 eodem
859 1668 1021 1725 tecto,
1073 1661 1286 1715 noviter
1329 1660 1500 1731 ipsam
1540 1660 1713 1718 eccle-

128 1752 270 1807 siam
296 1751 593 1807 renovavit.
631 1749 809 1806 Simili
835 1750 995 1809 modo
1020 1760 1077 1805 et
1102 1749 1160 1805 in
1189 1748 1544 1805 famosissima
1570 1758 1709 1807 toto-

1810 584 1966 639 Pattli
2007 585 2233 654 apostoli
2281 603 2513 643 cernens
2544 589 2838 645 existentes
2862 592 3046 649 trabes
3081 609 3178 664 per
3203 600 3383 666 prisca

1811 679 2052 741 tempora
2072 682 2311 729 vetustas
2331 674 2402 731 ad
2421 676 2796 746 modicumque
2818 680 3069 746 ruituras,
3094 682 3224 739 fecit
3245 687 3385 743 sicut

1809 762 2057 831 superius
2091 762 2147 816 in
2180 763 2403 819 basilica
2438 764 2583 820 beati
2628 765 2773 841 Petri
2808 769 3073 839 principis
3112 777 3395 843 apostolom‘

1810 866 1953 917 rum,
1984 857 2177 907 ctmcta
2205 850 2498 923 disponens
2530 870 2630 925 per
2662 854 2975 913 Ianuarium
3013 860 3382 921 ﬁdelissimum

1810 948 1961 995 vesta
1968 942 2169 996 riarum
2181 940 2619 1017 {F.vestiarium]
2635 962 2792 1001 suum
2802 963 2926 1004 cum
2940 951 3278 1011 multitudine
3292 972 3387 1026 poi

1808 1030 1942 1099 puli.
1959 1030 2067 1085 Sed
2078 1032 2249 1100 etipse
2270 1041 2353 1089 ter
2368 1034 2562 1089 beatis:
2572 1035 2713 1093 imus
2722 1046 2911 1105 pastor
2922 1054 3020 1107 per
3034 1046 3382 1114 semetipsum

1810 1118 2158 1189 frequentans
2206 1129 2374 1177 totam
2414 1124 2626 1177 noviter
2671 1129 3013 1194 restauravit,
3059 1142 3115 1195 et
3156 1137 3384 1192 mutavit

1814 1209 1994 1263 trabes
2006 1206 2239 1276 majores
2252 1225 2482 1265 numero
2498 1212 2718 1281 triginta
2736 1215 2992 1284 quinque,
3010 1227 3064 1272 et
3077 1236 3173 1289 per
3185 1224 3383 1280 circui-

1813 1307 1925 1354 tum
1938 1297 2183 1367 qjusdem
2194 1300 2438 1357 ecclesia:
2450 1303 2663 1358 noviter
2686 1308 3010 1363 restauravit
3028 1321 3049 1348 ο
3059 1348 3075 1363 .
3089 1311 3189 1367 Hic
3200 1322 3381 1369 autem

1814 1396 1898 1447 ter
1921 1388 2267 1444 beatissimus
2286 1397 2345 1446 et
2368 1392 2695 1459 apostolicus
2721 1394 2804 1449 vir
2826 1397 2951 1451 dum
2973 1398 3382 1471 diligentissima

1811 1477 2171 1548 exquisitione
2220 1494 2321 1535 sua
2377 1482 2668 1550 reperisset
2720 1488 3107 1543 monasterium
3161 1491 3384 1550 llonorii

1809 1584 1962 1641 papae
2008 1569 2063 1622 in
2100 1570 2327 1627 nimiam
2376 1570 2759 1629 desolationem
2776 1590 2877 1645 per
2905 1582 3193 1648 quamdam
3217 1586 3384 1655 negli-

1810 1664 2046 1734 gentiam
2089 1662 2296 1727 venire,
2340 1662 2518 1718 divina
2562 1663 2913 1734 inspiratione
2958 1680 3138 1728 motus
3175 1676 3384 1731 noviter

1810 1753 2098 1809 tedilican't
2137 1761 2302 1822 atque
2345 1753 2560 1820 ditavit,
2600 1764 2655 1809 et
2688 1757 2938 1813 abbatem
2981 1776 3104 1815 cum
3150 1766 3363 1820 cmteris

125 1857 233 1912 que
255 1843 389 1899 orbe
411 1850 678 1898 terrarum
704 1840 963 1912 praeclara
986 1839 1295 1897 veneranda
1321 1840 1546 1895 basilica
1566 1839 1711 1896 beati
1739 1845 1791 1907 ι
1813 1845 2093 1909 monachis
2118 1844 2436 1915 regulariter
2464 1845 2663 1901 ibidem
2694 1847 2860 1911 vitam
2888 1849 3144 1919 degentes
3170 1855 3388 1911 ordina-

124 1932 280 1989 Petri
321 1931 688 2003 apostolorum
725 1930 1005 2001 principis,
1041 1930 1171 1986 dum
1201 1944 1303 2001 per
1341 1931 1545 1987 olitana
1569 1938 1711 1986 tem-

120 2039 265 2094 pora
307 2024 703 2083 vetustissimas
745 2023 944 2089 trabes,
981 2037 1103 2091 quae
1144 2021 1342 2079 ibidem
1385 2022 1709 2088 existebant,

119 2123 382 2171 cerneret
421 2115 567 2171 idem
600 2114 913 2185 praecipuus
946 2112 1212 2184 pontifex,
1238 2115 1475 2177 mittens
1513 2113 1715 2169 Janua-

121 2206 274 2260 rium
303 2204 660 2260 vestararium
690 2217 716 2247 ι
734 2220 897 2260 suum
918 2219 1255 2275 cognoscens
1292 2220 1420 2261 eum
1464 2206 1713 2264 idoneam

116 2310 439 2365 personam,
468 2310 595 2351 cum
634 2295 978 2352 multitudine
1015 2297 1197 2368 populi
1230 2286 1469 2353 'mutavit
1512 2298 1711 2353 ibidem

120 2386 314 2441 trabes
352 2398 582 2440 numero
606 2385 1037 2453 quatuordeeim,
1075 2392 1437 2455 atquetotum
1468 2384 1713 2456 ejusdem

117 2476 371 2533 basilicae
396 2477 597 2531 tectum
624 2484 681 2530 et
702 2476 949 2545 porticus
979 2476 1193 2533 noviter
1228 2477 1574 2532 restauravit.
1612 2476 1712 2532 llic

118 2567 275 2623 idem
316 2565 582 2629 almilicus
624 2565 823 2635 praesul
866 2566 1046 2621 divina
1089 2565 1437 2637 inspiratione
1475 2566 1713 2636 repletus

117 2665 295 2728 atque
320 2655 693 2733 misericordia
736 2661 919 2712 motus
946 2654 1152 2721 formae.
1199 2670 1320 2725 qua:
1361 2655 1596 2725 Virginis
1622 2670 1712 2725 ap-

114 2748 376 2818 pellatur,
412 2747 536 2803 dum
564 2761 663 2821 per
689 2762 954 2803 annorum
984 2746 1156 2818 spatia
1193 2745 1449 2801 demolita
1491 2754 1653 2817 atque
1677 2762 1710 2802 a

116 2837 298 2893 ruinis
334 2836 491 2907 plena
533 2836 823 2904 existebat,
871 2838 961 2892 vix
1002 2836 1212 2895 modica
1258 2852 1400 2907 aqua
1435 2838 1490 2892 in
1517 2838 1709 2896 urbem

116 2929 355 2985 Romam
377 2928 731 3000 ingrediente,
773 2928 1108 2999 prospiciens
1131 2928 1271 2984 sicut
1290 2929 1710 2998 benignissimus

114 3032 171 3077 et
193 3022 327 3092 pius
359 3030 547 3091 pastor
588 3021 801 3077 noviter
842 3036 962 3075 eam
1007 3020 1358 3086 restauravit,
1409 3029 1464 3076 et
1502 3028 1707 3076 tantam

114 3112 511 3169 abundantiam
550 3127 705 3182 aqua:
733 3110 922 3167 ell'udit
955 3119 1014 3166 ut
1044 3125 1183 3182 pene
1213 3118 1384 3167 totam
1428 3112 1704 3168 civitatem

113 3202 355 3259 satiarit.
550 3277 553 3280 ⁴

182 3295 418 3350 Tectum
445 3294 679 3366 denique
709 3294 948 3352 basilica
986 3295 1131 3351 beati
1173 3294 1416 3351 Januarii
1446 3295 1708 3367 martyris

111 3386 238 3442 sita:
292 3387 359 3442 ad
405 3395 619 3457 portam
651 3387 799 3444 beati
829 3387 1106 3443 Laurentii
1150 3387 1405 3457 martyris
1440 3396 1603 3457 atque
1632 3387 1709 3444 le-

112 3476 243 3532 viue
297 3477 508 3533 noviter
553 3477 894 3533 restauravit.
940 3476 1073 3531 ltem
1119 3475 1174 3531 in
1217 3475 1529 3532 cmmeterio
1571 3477 1706 3532 bea—

113 3576 306 3623 torum
349 3577 648 3640 martyrum
685 3568 880 3627 Abdon
917 3577 976 3625 et
1019 3568 1235 3625 Senneu
1257 3609 1272 3634 ,
1321 3567 1455 3626 foris
1496 3576 1709 3640 portam

112 3657 473 3719 Portueusem
494 3690 517 3728 ν
550 3668 757 3717 vestem
799 3659 869 3716 de
908 3659 1185 3716 stauracin
1230 3658 1360 3715 fecit
1403 3667 1568 3731 atque
1608 3660 1708 3717 ob-

117 3753 271 3808 tulit.

182 3844 295 3900 llic
317 3844 464 3899 enim
489 3845 836 3917 coangelicus
858 3846 944 3899 vir
973 3844 1155 3901 divina
1182 3843 1535 3915 inspiratione
1570 3843 1706 3915 igni-

110 3944 201 3992 tus
222 3935 515 3992 constituit
543 3936 820 3992 diaconias
862 3945 974 3992 tres
1012 3935 1145 3993 foris
1179 3944 1389 4006 portam
1421 3936 1705 3992 beatorum

107 4027 488 4096 apostolorum
533 4027 813 4099 principis,
854 4027 910 4084 id
933 4036 1040 4093 est,
1072 4043 1231 4083 unam
1258 4026 1476 4097 quidem
1502 4032 1706 4082 sancta:

108 4128 169 4175 et.
215 4119 474 4189 gloriosa:
525 4134 740 4189 semper
784 4118 1010 4190 virginis
1060 4118 1156 4174 Dei
1203 4118 1479 4188 genitricis
1524 4116 1705 4172 Maria:

108 4210 357 4265 domina:
396 4218 616 4275 nostrae,
651 4224 771 4279 quae
813 4208 916 4265 sita
948 4216 1034 4265 est
1070 4209 1125 4263 in
1166 4208 1393 4264 Atriano
1421 4208 1448 4248 δ
1495 4207 1699 4280 [atrio],

107 4302 281 4357 aliam
310 4316 436 4357 vero
471 4301 856 4372 suprascripta).
890 4311 945 4355 et
980 4301 1314 4357 intemeratae
1354 4301 1584 4356 dominae
1612 4314 1703 4354 non

108 4402 269 4458 astra,
285 4408 407 4463 qua:
426 4394 532 4450 sita
554 4401 642 4449 est
662 4391 797 4448 foris
815 4402 1026 4462 portam
1046 4394 1188 4448 beati
1210 4392 1355 4448 Petri
1381 4391 1608 4462 apostoli
1650 4390 1705 4445 in

1812 1934 1910 1999 vit,
1939 1941 1994 1988 et
2017 1933 2301 1989 constituit
2341 1948 2437 1989 eos
2479 1942 2538 1989 ut
2580 1936 2634 2011 in
2674 1937 2897 1992 basilica
2926 1936 3237 2006 Salvatoris,
3267 1958 3387 2014 qum

1812 2033 1867 2082 et
1907 2025 2352 2081 Constantiniana
2395 2024 2539 2079 dicta
2585 2034 2669 2081 est
2692 2025 2863 2095 juxta
2891 2029 3254 2090 Lateranense
3291 2050 3388 2106 pa-

1813 2114 2131 2171 triarchium
2156 2114 2355 2184 posita,
2385 2113 2559 2171 ollicia
2587 2115 2943 2183 celebrarent,
2972 2121 3075 2175 hoc
3107 2130 3193 2177 est
3216 2132 3388 2178 matu-

1813 2208 1979 2263 tinum
2024 2208 2237 2272 horam,
2284 2206 2540 2276 primum,
2567 2208 2800 2273 tertiam,
2831 2218 3060 2276 sextam,
3098 2213 3191 2267 sed
3219 2221 3276 2268 et
3295 2231 3388 2271 uo-

1810 2313 1937 2353 nam
1962 2297 2126 2360 etiam
2157 2304 2213 2351 et
2238 2298 2596 2366 vespertinam
2621 2298 2689 2352 ab
2713 2313 2820 2353 uno
2843 2299 3009 2357 choro
3033 2302 3272 2370 quidem,
3293 2303 3388 2372 qui

1811 2390 2012 2445 dudum
2056 2387 2402 2458 singulariter
2439 2388 2494 2441 in
2532 2395 2760 2457 utroque
2798 2390 3101 2459 psallebant
3137 2393 3391 2450 monachi

1810 2494 1878 2534 ex
1946 2477 2275 2541 monasterio
2336 2476 2508 2531 sancti
2578 2476 2853 2539 Pancratii
2906 2479 3106 2537 ibidem
3165 2484 3345 2551 posito
3365 2516 3397 2549 ς,

1809 2576 1865 2624 et
1908 2569 1977 2623 ab
2029 2567 2203 2622 altero
2246 2567 2434 2631 choro,
2486 2567 2743 2622 monachi
2774 2567 2889 2637 jam
2929 2568 3025 2625 fati
3069 2573 3387 2628 monasterii

1810 2658 1985 2714 sancti
2021 2656 2271 2722 Andreae,
2295 2665 2351 2713 et
2378 2656 2771 2724 Bartholomaei,
2798 2658 3018 2716 llonorii
3052 2676 3224 2731 papae,
3252 2678 3401 2733 quae

1809 2755 1968 2804 tenus
2012 2746 2116 2818 piis
2161 2746 2429 2811 laudibus,
2482 2745 2689 2815 pariter
2736 2747 3027 2817 psallentes
3070 2750 3389 2821 bymnil’eris

1810 2840 1993 2897 choris
2016 2839 2124 2897 laeti
2149 2844 2403 2894 resonent
2434 2845 2626 2893 cantus
2672 2838 2961 2896 reddentes
3000 2841 3065 2898 Β(
3082 2843 3229 2899 mino
3270 2844 3387 2916 glo-

1810 2931 1984 2986 riosos
2008 2928 2195 2995 melos,
2226 2928 2520 2999 persaepius
2551 2936 2913 2985 memorantes
2941 2934 3228 2999 venerandi
3250 2950 3388 3004 pon-

1810 3020 1970 3077 tiﬁcis
1995 3035 2213 3085 nomen,
2240 3019 2448 3074 scilicet
2472 3019 2529 3089 in
2553 3019 2747 3075 saecula
2774 3022 3083 3080 memoriale
3108 3023 3224 3093 ejus
3243 3042 3385 3096 pan-

1808 3119 1996 3182 gentes
2020 3108 2370 3163 carminibus.
2680 3114 2683 3117 ‘

1725 3188 1777 3255 α
1875 3205 1976 3261 Hic
2008 3205 2148 3260 idem
2178 3203 2556 3259 sanctissimus
2582 3202 2777 3272 prmsul
2811 3203 2864 3258 in
2895 3204 3201 3262 dotnoculta
3219 3223 3384 3276 quam

1806 3297 2172 3368 Capracorum
2219 3302 2434 3359 vocant,
2473 3309 2636 3363 quam
2671 3307 2737 3347 cx
2762 3292 2885 3361 jure
2907 3295 3130 3365 proprio
3156 3311 3255 3353 suo
3278 3297 3381 3353 ob.

1805 3389 1929 3445 tulit
1950 3404 2049 3458 pro
2073 3387 2348 3444 alimoniis
2388 3401 2684 3456 pauperum
2728 3387 2887 3441 beato
2926 3387 3085 3443 Petro
3111 3390 3385 3460 apostolo-

1805 3497 1927 3537 rum
1960 3478 2194 3550 principi
2239 3476 2495 3532 nutritori
2545 3490 2663 3540 suo,
2706 3490 2736 3529 a
2772 3475 2885 3531 solo
2927 3475 3172 3533 fundavit
3218 3487 3383 3549 atque

1803 3573 2089 3630 tedilicavit
2118 3571 2424 3635 ecclesiam,
2457 3571 2725 3639 simulque
2765 3572 3008 3639 speciose
3047 3573 3281 3640 ornavit,
3323 3583 3382 3628 et

1806 3666 1862 3720 in
1913 3664 2133 3720 nomine
2172 3660 2414 3731 ejusdem
2441 3662 2553 3717 Deo
2574 3660 2770 3719 factori
2795 3677 2894 3716 suo
2922 3661 3191 3718 dedicavit
3214 3658 3263 3729 d',
3289 3680 3382 3719 re;

1802 3755 2043 3812 condens
2070 3754 2126 3809 in
2157 3768 2221 3809 ea
2248 3752 2505 3822 reliquias
2541 3767 2609 3808 cx
2646 3752 2984 3808 vestimentis
3021 3763 3044 3791 ε
3084 3750 3384 3810 Salvatoris

1804 3846 2014 3904 Domini
2044 3845 2216 3901 nostri
2234 3842 2365 3899 Jesu
2387 3843 2611 3908 Christi,
2636 3852 2690 3899 et
2711 3843 2950 3913 ejusdem
2983 3845 3076 3900 Dei
3101 3844 3382 3914 genitricis

1808 3950 2149 4015 semperque
2170 3934 2393 4005 virginis
2423 3934 2622 4000 Marim,
2662 3943 2824 4005 atque
2851 3937 3133 3994 duodecim
3162 3950 3391 4011 aposto-.

1803 4030 2000 4095 lorum,
2033 4040 2088 4084 et
2109 4028 2340 4085 aliorum
2367 4027 2754 4084 venerabilium
2782 4038 3102 4100 martyrum,
3129 4032 3185 4087 in
3212 4048 3379 4103 quam

1804 4122 2227 4179 sacratissimam
2280 4120 2565 4177 ecclesiam
2610 4136 2735 4176 cum
2772 4131 2966 4177 cuncto
2996 4122 3141 4179 clero
3169 4139 3270 4180 suo
3297 4140 3384 4180 se-

1804 4225 2043 4284 natuque
2072 4213 2319 4268 Romano
2348 4225 2577 4282 pergens
2607 4226 2732 4268 cum
2760 4212 2927 4267 nimia
2961 4213 3129 4282 gloria
3164 4229 3262 4270 seu
3286 4229 3383 4269 ex-

1804 4306 2094 4362 sultatione
2137 4303 2343 4373 pariter
2386 4312 2628 4369 ovantes,
2670 4312 2725 4360 et
2766 4305 2822 4360 in
2865 4320 3129 4375 pauperes
3171 4307 3385 4365 Christi

1805 4398 2002 4454 ibidem
2052 4409 2303 4466 magnam
2358 4404 2672 4453 consuetam
2722 4394 3121 4466 eleemosynam
3173 4393 3381 4453 faciens

105 4492 283 4555 caput
333 4485 593 4555 porticus,
643 4500 745 4541 nec
795 4501 903 4543 non
942 4492 999 4541 et
1026 4484 1193 4540 aliam
1236 4484 1539 4540 diaconiam
1582 4498 1704 4553 qua:
1735 4538 1780 4557 η
1807 4486 2166 4551 translatavit,
2210 4494 2375 4556 atque
2418 4484 2717 4540 introduxit
2748 4484 2803 4540 in
2845 4500 2964 4540 eam
2999 4501 3228 4557 corpora
3253 4502 3381 4542 san-

105 4576 420 4647 appellatur
439 4576 611 4634 sancti
635 4575 880 4633 Silvestri
896 4576 1054 4646 juxta
1087 4574 1351 4646 hospitale
1373 4582 1545 4630 sancti
1569 4573 1703 4631 Cre-

103 4667 279 4737 gorii.
309 4665 455 4735 Quas
480 4670 877 4739 suprascriptas
900 4668 1179 4726 diaconias
1208 4668 1298 4724 hic
1324 4666 1593 4723 almilicus
1618 4665 1703 4721 vir

103 4757 162 4813 in
191 4758 403 4815 abditis
426 4759 547 4815 sine
570 4760 956 4817 misericordiae
979 4758 1158 4815 fructu
1184 4759 1463 4830 reperiens
1492 4757 1703 4821 noviter

100 4849 463 4903 restauravit.
490 4848 593 4906 Ubi
627 4858 684 4906 et
707 4849 849 4905 dona
876 4849 1111 4920 plurima
1140 4848 1356 4903 mobilia
1398 4857 1562 4917 atque
1601 4846 1704 4902 im-

102 4938 341 4997 mobilia
383 4953 483 5008 pro
524 4940 766 4997 remedio
788 4940 983 4995 anima:
1018 4954 1129 4995 suae
1166 4937 1380 5001 obtulit,
1418 4946 1472 4992 et
1500 4936 1703 4991 consti-

101 5030 241 5095 tuit,
267 5037 330 5083 ut
350 5044 447 5099 per
466 5046 901 5101 unamquamque
922 5030 1309 5086 hebdomadam
1333 5029 1531 5100 quinta:
1556 5027 1702 5081 ferite

99 5120 196 5176 die
226 5134 356 5174 cum
382 5120 666 5190 psallentio
701 5119 778 5194 [id
802 5131 876 5176 est
899 5128 1060 5175 cantu
1086 5116 1438 5191 psalmorum]
1464 5135 1495 5172 a
1522 5118 1703 5172 diaco-

96 5204 202 5268 nia
229 5222 404 5283 usque
441 5214 510 5268 ab
545 5210 799 5270 balneum
825 5220 1135 5285 pergerent,
1168 5219 1223 5267 et
1248 5210 1445 5266 ibidem
1478 5208 1698 5278 dispen-

96 5305 335 5361 satione
384 5319 482 5374 per
531 5304 776 5360 ordinem
829 5302 1155 5373 pauperibus
1210 5299 1478 5357 consolari
1539 5308 1701 5367 atque

94 5392 518 5466 eleemosynam
547 5396 682 5451 lieri.
723 5395 837 5452 lmo
860 5396 950 5451 hic
986 5395 1101 5465 ipse
1142 5394 1341 5464 sapius
1393 5392 1707 5447 nominatus

178 5607 210 5635 ι
244 5592 379 5648 Cod.
406 5592 560 5659 Luc...
598 5596 917 5649 vestiarium.

177 5666 213 5705 δ
242 5662 375 5730 Cod.
400 5664 557 5730 Luc.,
587 5666 643 5719 in
664 5666 916 5719 Adriano.

180 5746 206 5805 ς
251 5728 382 5805 Cod.
413 5728 569 5798 Luc.,
591 5732 792 5805 portica
822 5737 997 5789 omnia
1029 5736 1359 5790 restauravit.

175 5804 206 5843 ἀ
249 5802 381 5859 Cod.
412 5806 565 5870 Luc.,
591 5802 827 5874 ejusdem
868 5805 965 5858 Dei
999 5805 1219 5876 apostoli
1249 5806 1471 5865 t'rtutaris
1506 5808 1587 5858 sui
1612 5806 1700 5858 de-

405 5900 674 5961 PtrnOL.
716 5898 905 5963 XCVI

1733 4538 1781 4597 Ι)

1805 4588 2016 4637 clerum
2068 4587 2369 4651 martyrum
2424 4577 2692 4647 simulque
2740 4577 3077 4648 pontiﬁcum,
3130 4578 3386 4636 videlicet

1806 4685 2003 4743 corpus
2032 4670 2203 4727 sancti
2239 4669 2474 4726 Cornelii
2507 4668 2765 4737 martyris
2816 4676 2873 4724 et
2916 4668 3211 4738 pontilicis,
3256 4683 3383 4725 suc-

1805 4761 2143 4829 cessorisque
2169 4758 2286 4827 ejus
2313 4758 2487 4814 sancti
2515 4757 2664 4811 Lucii
2702 4757 2956 4828 martyris
2995 4765 3161 4828 atque
3201 4758 3381 4827 ponti-

1806 4852 1943 4918 licis,
1976 4861 2030 4907 et
2054 4867 2251 4922 corpus
2284 4851 2458 4906 sancti
2491 4848 2685 4904 Felicis
2715 4849 2876 4904 simili
2919 4851 3079 4905 modo
3124 4850 3382 4921 martyris

1804 4957 1901 5000 seu
1942 4942 2232 5013 pontilicis,
2279 4941 2590 5011 pariterque
2639 4955 2835 5009 corpus
2870 4942 3043 4995 sancti
3083 4939 3384 4996 Innocentii

1804 5032 2131 5089 confessoris
2169 5042 2330 5101 atque
2354 5031 2641 5102 pontilicis,
2672 5044 2809 5098 quos
2830 5037 2888 5083 ut
2907 5036 3164 5098 patronos
3193 5029 3248 5084 in
3276 5030 3381 5085 Do-

1805 5126 1953 5180 mino
1984 5125 2157 5179 almus
2185 5139 2339 5179 sacer
2375 5121 2616 5191 pontifex
2644 5121 2714 5177 ob
2743 5135 2984 5175 amorem
3014 5119 3035 5159 τ
3068 5128 3270 5175 sanch
3300 5136 3381 5175 se-

1806 5216 1891 5271 dis
1927 5215 2257 5284 apostolicm,
2287 5213 2341 5268 in
2376 5228 2479 5283 qua
2514 5220 2569 5267 et
2596 5211 2986 5283 praasederunt,
3014 5210 3156 5268 sicut
3178 5213 3378 5279 decuit,

1806 5308 2112 5364 honoravit.
2154 5305 2266 5362 Nec
2299 5321 2407 5360 non
2433 5313 2489 5360 et
2523 5311 2724 5359 tectum
2750 5302 2891 5357 tituli
2916 5303 3089 5359 beata:
3121 5304 3380 5360 Susanna:

1805 5402 2061 5472 martyris
2086 5401 2225 5455 inter
2251 5400 2386 5454 duas
2408 5398 2596 5453 domos
2622 5397 2785 5453 situm
2805 5394 2961 5467 juxta
2986 5408 3232 5456 sanctum
3257 5398 3370 5469 Qui

1803 5595 2011 5658 dicavit,
2034 5604 2139 5650 etc.

1880 5677 1904 5705 ε
1936 5664 1992 5719 ln
2022 5666 2141 5720 cod.
2170 5665 2326 5728 Luc.,
2352 5679 2416 5718 ex
2438 5665 2748 5718 vestimentis
2769 5665 2917 5720 deest

1883 5735 1902 5775 ί
1934 5734 2065 5791 Cod.
2114 5736 2268 5799 Luc.,
2293 5743 2341 5789 et
2370 5744 2615 5805 patronos
2655 5736 2709 5790 in
2751 5734 2977 5789 Domino
3021 5734 3190 5788 almus
3232 5746 3379 5785 sacer

1806 5806 1986 5875 fruens
2017 5807 2079 5860 ob
2115 5821 2365 5871 amoma,
2398 5813 2502 5860 etc.

2920 5890 2998 5952 88
