3950 6312
529 368 681 426 ιω

1869 359 2152 416 ADRIANl
2191 359 2389 416 ΡΛΡᾸΞ
2425 357 2446 418 Ι

3673 330 3826 424 υθέ

524 487 752 551 riacum,
776 484 920 556 quod
934 482 1046 555 jam
1065 482 1320 540 castmim
1343 481 1461 536 erat
1488 479 1617 534 etin
1645 478 1820 536 ruinis
1836 478 2092 548 positum,
2123 482 2174 541 Δ
2201 480 2532 550 temporibus
2551 485 2945 536 marcescentes
2978 479 3032 534 in
3066 475 3242 534 ruinis
3273 473 3420 534 male
3441 475 3810 546 Mat,

525 577 738 641 naviter
783 575 1128 632 restauravit.
1183 571 1361 628 Simili
1405 569 1566 624 modo
1611 577 1669 622 et
1705 567 1924 630 titulum
1957 566 2102 622 beati

525 667 740 738 Cyriaci
764 666 1038 738 martyris,
1063 663 1358 719 Ecclesiam
1379 660 1550 714 sancti
1577 658 1852 714 Laurentii
1878 657 1945 713 ad
1973 657 2106 713 For-

528 772 738 815 mosam
763 755 970 825 pariter
989 771 1019 809 a
1042 768 1182 808 novo
1215 749 1566 807 restauravit.

597 847 714 902 imo
760 855 818 901 et
865 845 1144 900 basilicam
1177 841 1496 905 Salvatoris,
1543 854 1666 910 quae
1696 846 1752 892 et
1789 837 2104 894 Constanti-

528 937 689 992 niana
731 943 976 1000 vocatur,
997 932 1152 1001 juxta
1205 931 1568 986 Lateranense
1613 925 2001 997 patriarchium
2048 925 2106 980 in

528 1028 702 1083 ruinis
729 1029 983 1096 positam,
1013 1039 1118 1079 una
1148 1037 1272 1078 cum
1309 1019 1730 1090 quadriperticis
1773 1019 1887 1073 suis
1927 1017 2108 1073 atriis-

529 1131 636 1186 que
651 1156 667 1181 ,
692 1124 748 1171 et
765 1114 949 1170 fontes
971 1114 1200 1177 naviter,
1225 1111 1364 1166 sicut
1384 1109 1641 1165 ecclesias
1659 1109 1941 1164 beatorum
1962 1107 2110 1177 prin-

527 1212 708 1276 cipum
735 1205 883 1260 Petri
913 1203 1012 1276 [et]
1039 1201 1211 1265 Pauli,
1251 1197 1552 1263 renovavit,
1581 1197 1634 1251 in
1669 1212 1776 1267 qua
1800 1204 1856 1251 et
1877 1197 2107 1252 mutavit

525 1296 710 1352 trabes
719 1291 952 1361 majores
963 1304 1190 1345 numero
1204 1285 1532 1358 quindecim.
1553 1285 1684 1340 Item
1701 1285 1790 1339 hic
1801 1284 1940 1339 idem
1959 1284 2110 1339 almi-

527 1389 666 1442 iieus
703 1383 903 1457 praisul
945 1380 1334 1437 monasterium
1369 1376 1542 1432 sancti
1574 1375 1851 1430 Laurentii
1875 1375 2019 1445 quod
2049 1374 2106 1429 in

525 1481 788 1536 Palatinis
827 1491 854 1521 α
902 1479 958 1533 in
1005 1476 1234 1533 desertis
1279 1473 1483 1543 reperit
1525 1473 1738 1528 noviter
1789 1481 2108 1526 restaurans

525 1581 689 1642 atque
726 1571 780 1625 in
817 1568 1072 1624 omnibus
1101 1566 1300 1628 ditans,
1331 1561 1607 1632 conjunxit
1633 1577 1758 1618 cum
1784 1562 1892 1618 alio
1923 1577 2109 1618 mona-

525 1659 695 1714 sterio
733 1656 890 1727 juxta
935 1656 1110 1728 ipsum
1153 1651 1352 1724 posito,
1377 1651 1583 1707 scilicet
1615 1651 1788 1707 sancti
1825 1651 2106 1720 Stephani,

529 1753 675 1824 quod
715 1748 1127 1821 cognominatur
1163 1745 1416 1816 Baganda
1444 1743 1498 1808 δ,
1529 1751 1584 1798 et
1626 1743 1896 1802 ordinavit
1921 1757 2109 1798 mona-

2203 585 2338 640 quas
2384 571 2686 641 praecipuis
2721 569 2951 625 antistes
2990 567 3206 624 fervens
3227 569 3288 623 in
3326 582 3528 623 arnore
3574 565 3810 637 Sﬁilus

2204 663 2377 720 sancti
2405 663 2458 716 in
2481 663 2736 719 omnibus
2773 677 2882 717 una
2905 677 3028 717 eum
3047 660 3352 731 porticibus
3377 675 3588 715 earum
3611 675 3648 714 a
3673 677 3810 718 lore

2203 752 2372 806 riimio
2399 753 2595 808 decore
2632 752 2931 808 renovavit.
2967 751 3170 807 Verum
3218 750 3386 805 etiarn
3433 749 3595 805 tituli
3643 755 3808 808 aaacu'

2205 843 2343 898 Sixti
2371 853 2426 898 et
2464 845 2700 900 basilica:
2741 844 2918 899 sancti
2947 843 3172 898 Adriani
3195 857 3228 896 a
3257 856 3406 898 novo
3437 842 3626 896 simili
3661 845 3808 898 math

2205 934 2484 988 renovavit
2514 932 2678 998 mdes,
2699 943 2755 988 et
2788 933 3070 989 basilicam
3102 933 3248 989 beati
3273 930 3572 986 Pancratii
3617 941 3807 1004 marty-

2205 1023 2282 1078 ris
2322 1025 2488 1080 nimia
2509 1033 2774 1080 vetustate
2802 1026 3038 1080 dirutam
3060 1033 3222 1092 atque
3264 1023 3445 1078 ruinis
3469 1033 3803 1094 parentant

2206 1111 2376 1168 isdem
2411 1114 2677 1169 almilicus
2698 1115 2754 1168 in
2807 1115 3078 1184 integrum
3121 1129 3152 1168 a
3189 1127 3333 1168 novo
3385 1114 3573 1168 nimio
3623 1113 3804 1170 decora

2207 1217 2311 1256 una
2345 1217 2466 1258 cum
2499 1205 2828 1259 monasterio
2873 1203 3047 1259 sancti
3076 1203 3318 1258 Victoris
3347 1202 3566 1258 ibidem
3593 1202 3704 1258 aito
3735 1219 3798 1258 re

2205 1293 2487 1346 stauravit.
2522 1293 2654 1348 Item
2689 1293 2988 1362 praecipuus
3029 1291 3226 1364 praesul
3275 1285 3580 1347 basilicam
3621 1304 3804 1348 sanat

2208 1379 2303 1434 Dei
2329 1380 2622 1437 Genitrieis
2646 1383 2714 1437 ad
2737 1381 3007 1451 Praesepe,
3034 1395 3156 1450 qua:
3179 1395 3214 1435 a
3235 1380 3447 1452 priscis
3479 1381 3804 1452 tapetibus

2205 1478 2319 1526 tota
2343 1480 2674 1535 marcuerat,
2701 1471 2843 1526 ultro
2861 1471 3108 1540 citroque
3141 1469 3518 1534 restauravit,
3545 1478 3612 1524 et
3631 1471 3688 1524 ia
3707 1484 3796 1524 sar

2210 1569 2262 1615 ta
2291 1569 2430 1618 tecta
2455 1560 2698 1630 ejusdem
2723 1561 2967 1618 ecclesiae
2993 1561 3175 1632 posuit
3213 1561 3408 1616 trabes
3455 1559 3698 1629 majores
3735 1563 3796 1616 vi-

2208 1653 2365 1724 ginti.

2284 1743 2457 1799 Simili
2492 1743 2654 1800 modo
2686 1751 2742 1800 et
2767 1743 3046 1799 basilicam
3075 1743 3248 1800 sancti
3298 1742 3536 1800 Eusebii
3585 1744 3797 1813 ultimi:

527 1847 681 1909 citos,
711 1850 767 1898 et
795 1839 1080 1896 constituit
1104 1846 1164 1892 ut
1195 1837 1247 1891 in
1279 1835 1438 1891 titulo
1466 1835 1612 1890 beati
1639 1833 1809 1889 Marci
1837 1844 1859 1872 α
1894 1833 2113 1904 pontiti-
2145 1827 2190 1888 Β
2216 1835 2513 1890 renovavit.
2562 1833 2846 1891 Cameram
2895 1849 3026 1889 vero
3049 1835 3196 1890 beati
3239 1833 3398 1889 Petri
3443 1837 3798 1904 apostolorum

529 1937 612 1992 eis
633 1941 796 2005 atque
821 1928 1149 1988 confessoris
1183 1925 1360 1987 ol‘licio
1390 1924 1760 1998 fungerentur,
1805 1924 1859 1980 id
1887 1932 1973 1980 est
1997 1939 2112 1978 ma-

532 2027 707 2082 tutina
744 2025 893 2089 hora,
933 2022 1133 2093 prima,
1161 2019 1320 2076 tertia
1345 2029 1402 2074 et
1423 2027 1596 2086 sexta,
1626 2026 1791 2088 atque
1821 2031 1984 2082 nona,
2013 2031 2118 2072 seu

530 2117 838 2187 vespertina
867 2155 882 2181 ,
911 2111 1208 2186 psallerent
1236 2126 1334 2183 pro
1360 2110 1546 2182 requie
1589 2110 1784 2165 anima:
1825 2124 1958 2164 suae.
2003 2107 2114 2164 Sed

529 2218 584 2264 et
610 2210 664 2266 in
688 2208 946 2280 praedicta
987 2205 1210 2262 basilica
1247 2205 1394 2261 beati
1429 2202 1598 2259 Marci
1629 2201 1762 2258 fecit
1779 2200 1920 2256 alios
1950 2214 2114 2256 arcus

531 2305 818 2368 argenteos
864 2309 1091 2352 numero
1117 2309 1234 2362 sex,
1263 2304 1554 2366 pensantes
1575 2293 1737 2349 simul
1761 2293 1931 2348 libras
1954 2292 2115 2362 quin-

527 2389 782 2458 quaginta
809 2386 1068 2458 quinque,
1095 2387 1404 2456 pariterque
1426 2393 1481 2441 et
1509 2385 1706 2442 calices
1733 2382 2114 2440 ministeriales

527 2497 559 2533 a
593 2477 862 2532 catholica
889 2475 916 2515 δ
941 2476 1298 2546 procedentes
1343 2490 1412 2531 ex
1455 2463 1748 2545 purissimo
1773 2485 1798 2514 ε
1817 2473 2109 2546 reparavit,

529 2576 819 2638 pensantes
846 2566 1013 2621 libras
1038 2581 1228 2621 novem
1257 2573 1312 2620 et
1339 2566 1522 2620 semis.

597 2659 697 2713 llic
713 2657 910 2728 quippe
929 2671 1205 2727 praesagus
1229 2656 1312 2710 vir
1332 2655 1680 2711 considerans
1713 2653 1928 2725 plurimi
1946 2667 2114 2724 popu-

531 2750 569 2804 li
611 2747 865 2812 salutem,
915 2759 1076 2816 super
1117 2745 1290 2815 ripam
1345 2743 1583 2803 iluminis
1651 2744 1940 2814 porticum,
1993 2757 2114 2814 quae

537 2838 683 2892 ducit
705 2835 771 2890 ad
794 2837 1010 2892 beatum
1035 2834 1256 2890 Petrum
1289 2834 1588 2904 apostolum
1613 2841 1820 2889 arctam
1858 2841 1914 2887 et
1945 2847 2114 2906 angu-

539 2937 679 2984 stam
692 2928 1032 2992 existentem,
1045 2941 1144 2998 per
1164 2943 1326 2998 quam
1351 2928 1494 2982 viam
1517 2935 1856 2983 transeuntes
1876 2927 1945 2984 ad
1963 2941 2114 2982 eum

533 3023 653 3077 dem
679 3021 898 3077 beatum
933 3019 1297 3090 apostolorum
1322 3021 1622 3090 principem
1662 3019 1880 3076 Petrum
1929 3033 2115 3091 perve-

531 3113 772 3180 niebant,
815 3111 1100 3184 plusquam
1135 3111 1419 3167 duodecim
1462 3111 1628 3166 millia
1662 3110 1806 3166 tufos
1831 3111 1887 3166 in
1932 3109 2114 3166 littore

2211 1926 2472 1996 principis
2521 1925 2576 1980 in
2626 1925 2886 1982 omnibus
2943 1925 3286 1982 destructam
3343 1935 3520 1996 atque
3585 1926 3798 1982 dit-Iar-

2211 2017 2458 2088 exemplo
2479 2017 2682 2073 olitano
2717 2015 3039 2086 exsculpens
3065 2016 3304 2071 diversis
3323 2017 3658 2072 coloribusa
3677 2031 3794 2072 arva

2211 2106 2361 2164 fecit.
2395 2107 2671 2163 Porticum
2705 2121 2836 2162 vero
2871 2119 2994 2177 qua
3029 2107 3178 2166 ducit
3221 2107 3296 2163 ad
3325 2107 3562 2162 beatum
3595 2107 3794 2162 Plain

2212 2199 2514 2271 apostolum
2551 2215 2582 2254 a
2606 2209 2766 2269 porta
2800 2213 2906 2254 una
2955 2213 3082 2253 cum
3119 2199 3357 2256 ecclesia
3421 2202 3607 2255 sancti
3654 2201 3792 2270 Eupi

2211 2306 2384 2361 usque
2403 2291 2470 2345 ad
2493 2291 2807 2360 praedictam
2837 2290 3117 2349 basilicam
3168 2292 3346 2346 sancti
3391 2290 3554 2346 Pauli
3601 2307 3634 2345 a
3675 2307 3793 2347 aura

2211 2383 2556 2439 restauravit.
2594 2381 2709 2436 lmo
2725 2391 2781 2437 et
2811 2382 3075 2452 porticum
3099 2397 3220 2452 quae
3249 2383 3402 2438 ducit
3461 2384 3530 2438 ad
3564 2391 3794 2439 unum

2212 2475 2562 2530 Lurcntium
2590 2473 2725 2530 foris
2751 2489 2964 2529 murum
2997 2489 3030 2528 a
3055 2483 3212 2544 porta
3239 2490 3416 2546 usque
3453 2477 3508 2530 in
3557 2477 3796 2532 eam

2211 2566 2491 2622 basilicam
2529 2582 2560 2620 a
2601 2582 2742 2622 neve
2769 2567 3092 2622 construxit.
3123 2567 3225 2622 llic
3254 2568 3399 2624 idem
3423 2567 3684 2623 alnilrua
3698 2583 3792 2638 pu-

2213 2667 2296 2714 ter
2329 2657 2576 2713 eamdem
2635 2657 2918 2712 basilicam
2975 2657 3147 2712 sancti
3197 2656 3466 2714 Laurentii
3507 2657 3798 2727 martyris,

2212 2749 2302 2804 ubi
2328 2756 2574 2804 sanctum
2586 2761 2784 2818 corpus
2803 2748 2920 2818 ejus
2941 2747 3258 2818 requiescit,
3282 2762 3538 2803 annexam
3553 2746 3798 2803 Milia

2212 2839 2423 2912 majori,
2449 2854 2611 2911 quam
2625 2839 2824 2895 dudum
2849 2840 2997 2895 idem
3015 2840 3213 2908 pnesul
3231 2850 3646 2906 construxerat,
3659 2842 3802 2896 ultro

2213 2932 2460 3001 citroque
2490 2945 2521 2985 a
2549 2943 2690 2986 novo
2709 2931 3055 2986 restauravit.

2283 3024 2396 3080 lmo
2425 3033 2480 3080 et
2497 3025 2780 3080 ecclesiam
2819 3023 2988 3078 sancti
3029 3022 3287 3092 Stephani
3308 3024 3474 3094 juxta
3503 3039 3604 3080 cas
3631 3024 3796 3084 illi.

2214 3114 2308 3172 ubi
2337 3129 2535 3184 corpus
2563 3113 2734 3170 sancti
2765 3113 2960 3168 Leonis
2984 3113 3220 3186 episcopi
3243 3123 3302 3170 et
3349 3119 3621 3189 martyris
3654 3119 3796 3189 quie-

531 3205 666 3262 alvei
700 3173 934 3260 fluminis
954 3173 1008 3259 in
1039 3203 1400 3259 fundamentis
1420 3219 1627 3273 ponens
1656 3219 1686 3258 a
1712 3202 1829 3258 solo
1851 3217 2021 3273 usque
2041 3202 2110 3258 ad
2138 3173 2181 3236 c
2213 3205 2336 3270 scit,
2365 3173 2614 3260 similiter
2633 3205 2872 3274 undique
2892 3173 3188 3269 renovavit,
3212 3221 3320 3259 una
3346 3221 3478 3260 cum

531 3309 801 3350 summum
827 3301 1028 3350 tectum
1067 3293 1220 3348 mit-re
1253 3293 1637 3364 magnitudinis
1662 3293 1930 3363 porticum
1955 3305 2114 3362 repa-

533 3386 692 3453 ravit,
728 3394 784 3442 et
809 3402 978 3457 usque
1033 3385 1100 3442 ad
1142 3387 1339 3457 gradus
1381 3386 1524 3442 bruti
1568 3385 1717 3442 Petri
1765 3385 2108 3442 restauravit.

532 3477 845 3534 Dlaconiam
873 3493 1003 3534 vero
1023 3485 1224 3533 sanctze
1247 3477 1340 3532 Dei
1367 3477 1641 3548 genitricis
1665 3465 1982 3548 semperque
2003 3477 2116 3532 vir-

532 3567 674 3637 ginis
692 3566 874 3623 Maria:
895 3567 1092 3624 schola:
1121 3566 1322 3622 (ΙΙ-περῶ
1355 3567 1400 3637 f,
1422 3583 1542 3638 quae
1567 3568 1864 3639 appellatur
1891 3567 2116 3624 Cosme-

532 3659 648 3726 din,
669 3659 871 3714 dudum
892 3659 1108 3714 brevem
1137 3659 1190 3712 in
1223 3657 1464 3714 aediﬁciis
1485 3659 1805 3715 existentem
1853 3660 1953 3716 sub
2001 3659 2104 3714 rui-

532 3751 618 3806 nis
653 3750 884 3820 positam
914 3751 1238 3805 restauravit
1274 3768 1287 3804 :
1322 3765 1446 3805 nam
1479 3752 1774 3806 maximum
1796 3767 2116 3808 monumen-

533 3848 646 3892 tum
677 3827 744 3893 de
784 3837 1066 3894 Tiburtino
1101 3839 1212 3894 tnfo
1254 3853 1417 3911 super
1466 3857 1584 3896 eam
1629 3842 1956 3912 dependens,
2013 3859 2114 3916 per

532 3926 660 3980 anni
699 3925 962 3982 circulum
1007 3927 1292 3997 plurimam
1323 3929 1717 3987 multitudinem
1767 3934 1944 4003 populi
1984 3950 2087 3990 con

535 4030 786 4086 gregans,
827 4016 1226 4087 multorumque
1272 4017 1537 4090 lignorum
1581 4028 1784 4075 struem
1822 4022 2116 4080 incendens

533 4106 820 4162 demolitus
837 4117 943 4174 est,
976 4107 1240 4179 simrulque
1261 4108 1630 4166 collectionem
1672 4110 1926 4168 ruderum
1957 4129 2115 4169 mun-

535 4199 694 4264 dans,
731 4212 762 4254 a
793 4197 1156 4256 fundamentis
1183 4201 1475 4268 mdilicans,
1525 4204 1947 4276 praedictamque
1974 4207 2118 4262 basi-

533 4288 696 4344 licam
727 4289 870 4344 ultro
895 4290 1138 4360 citroque
1159 4293 1395 4362 spatiose
1423 4293 1658 4363 largans,
1701 4304 1917 4368 tresque
1967 4299 2117 4354 absi-

533 4378 634 4435 das
679 4379 734 4434 in
789 4381 1230 4446 eaconstituens,
1276 4383 1580 4456 prmcipuus
1625 4387 1881 4454 antistes,
1930 4403 2115 4444 veram

533 4465 824 4534 Cosmedin
847 4471 1236 4543 amplissimam
1259 4489 1294 4530 a
1317 4489 1458 4532 novo
1481 4477 1772 4546 reparavit.
1798 4477 2112 4550 Pariterque

533 4571 588 4617 et
609 4562 820 4618 titulum
845 4563 990 4620 beati
1011 4563 1285 4622 Laurentii
1313 4569 1568 4640 martyris
1603 4584 1766 4639 quam
1797 4569 2014 4626 Lucinae
2031 4571 2114 4626 di-

533 4664 680 4720 cunt,
707 4671 802 4712 seu
823 4657 1106 4714 ecclesiam
1129 4659 1274 4715 beati
1302 4661 1514 4716 Martini
1541 4662 1699 4716 sitam
1715 4663 1870 4732 juxta
1899 4663 2114 4718 titulum

533 4746 705 4802 sancti
733 4745 999 4812 Silvestri,
1025 4747 1291 4818 simulque
1336 4757 1392 4803 et
1412 4749 1689 4805 basilicam
1725 4751 1870 4806 beati
1898 4751 2112 4822 Agapiti

536 4837 792 4908 martyris
822 4836 956 4894 foris
987 4853 1171 4892 muros
1187 4837 1342 4906 juxta
1360 4849 1606 4896 sanctum
1629 4841 1986 4896 Laurentium
2011 4857 2114 4912 po-

535 4925 694 4980 sitam
730 4928 1020 4998 reparavit,
1053 4929 1077 4967 Β
1102 4926 1244 5000 [qu-.c
1286 4928 1518 4999 pruriam
1551 4929 1792 4989 ecclesiae
1828 4945 1862 4985 a
1914 4932 2114 5003 priscis

611 5152 636 5214 fl
663 5140 793 5214 (jod.
825 5139 978 5214 Luc,
1015 5143 1156 5214 quod
1184 5163 1216 5198 α
1249 5143 1528 5214 Palatinis.

611 5209 638 5248 ιι
663 5209 794 5284 Qud.
820 5209 981 5284 _Luc.,
1027 5209 1299 5284 Vaganda.

609 5291 634 5352 ιζ
658 5279 790 5352 Qud.
819 5281 975 5352 Lue.,
1003 5294 1060 5338 ut
1081 5279 1138 5338 iit
1158 5287 1418 5340 territorio
1444 5287 1578 5342 beati
1601 5287 1790 5344 Marci.

611 5349 638 5388 ιι
662 5349 794 5419 (iud.
821 5351 977 5419 Lue.,
1001 5355 1056 5409 in
1075 5354 1352 5410 catholica.

615 5430 640 5494 ε
663 5418 795 5494 _Cod.
823 5419 978 5494 Luc"
1009 5435 1138 5494 auro
1157 5426 1456 5494 purissimo.

616 5487 638 5528 ί
661 5489 718 5544 In
739 5491 861 5544 cod.
886 5490 1037 5556 Luc.,
1062 5487 1253 5547 schola:
1281 5495 1478 5551 Greca:
1498 5497 1664 5554 deest.

612 5559 638 5600 ε
662 5559 866 5644 [insunt
907 5561 960 5614 in
993 5560 1189 5644 codice.
1215 5563 1443 5644 Lucensi
1489 5584 1609 5638 quae
1639 5570 1791 5626 uncis
1833 5569 2114 5644 includun-

543 5637 662 5685 tur:
687 5631 772 5686 his
803 5645 932 5686 vero
959 5631 1300 5699 paucissimis
1321 5631 1626 5694 coarctatnr
1645 5640 1888 5694 narratio
1919 5659 1930 5693 :
1964 5639 2110 5694 Fecit

542 5711 712 5772 autem
749 5702 857 5772 ipse
873 5702 1112 5772 pontifex
1145 5719 1177 5756 α
1205 5719 1334 5759 noro
1371 5707 1641 5763 ecclesiam
1667 5711 1836 5764 sancti
1889 5711 2110 5765 Adriani

544 5781 585 5823 tt
612 5770 903 5842 Laurentii,
923 5770 1044 5845 quur
1065 5772 1242 5828 diruta
1275 5787 1384 5830 erat
1420 5779 1475 5834 in
1510 5790 1690 5850 crypta
1725 5779 1992 5838 miracula
2013 5798 2112 5836 rte-

2209 3296 2382 3350 beattc
2414 3293 2658 3366 Cyriacte
2678 3309 2772 3350 seu
2798 3308 3078 3351 ascensum
3289 3298 3500 3354 Verum
3547 3301 3714 3354 etiam
3751 3309 3800 3352 ct

2209 3385 2486 3442 basilicam
2509 3383 2828 3450 Jerusalem,
2875 3388 3069 3456 quain
3105 3387 3430 3449 Sessorium
3457 3391 3568 3445 sita
3612 3400 3712 3456 est,
3751 3397 3802 3444 et

2209 3475 2442 3532 olitanas
2485 3474 2603 3545 ejus
2623 3492 2745 3547 qua:
2773 3487 3121 3533 marcuerant
3147 3479 3354 3545 trabes,
3383 3480 3634 3536 mirifice
3664 3483 3798 3551 ipsas

2209 3577 2428 3624 mutans
2452 3567 2506 3622 in
2535 3569 2684 3623 omni
2711 3569 3034 3624 restauravit
3057 3578 3234 3640 parte.

2283 3660 2494 3717 Pariter
2521 3670 2578 3716 et
2597 3663 2860 3732 templum
2907 3663 3276 3733 apostolorum
3308 3665 3462 3735 quod
3511 3665 3798 3736 appellant

2211 3751 2468 3807 Eudoxite
2495 3751 2564 3806 ad
2591 3752 2837 3820 Vincula,
2881 3762 3045 3810 totam
3073 3756 3189 3826 ejus
3233 3771 3264 3810 a
3305 3771 3454 3813 novo
3490 3756 3800 3812 restauravit

2211 3833 2515 3902 ecclesiam.
2544 3842 2660 3900 lmo
2677 3852 2733 3899 et
2753 3835 3031 3900 basilicam
3057 3855 3260 3902 sancta:
3282 3845 3506 3902 Baliare
3519 3855 3578 3912 et
3607 3847 3801 3902 Secun-

2213 3933 2314 3998 dae,
2345 3949 2465 4005 qua:
2491 3933 2716 4003 ponitur
2755 3934 2812 3988 in
2851 3935 3123 4004 episcopio
3166 3933 3330 3990 Silvae
3373 3934 3803 4005 Candida,“

2213 4023 2412 4078 olitana
2459 4032 2730 4080 vetusute
2783 4036 3108 4090 marcuerat,
3151 4041 3260 4082 una
3308 4041 3436 4084 cum
3487 4027 3802 4097 baptisteria

2216 4127 2430 4170 summo
2455 4114 2637 4170 studio
2663 4115 2965 4182 renovavit,
2979 4115 3231 4172 videlicet
3250 4126 3306 4170 et
3325 4115 3622 4172 basilica-
3669 4117 3800 4172 belli

2217 4204 2361 4261 Petri
2387 4206 2791 4275 apostolisitam
2813 4207 2899 4261 via
2921 4207 3092 4277 Appia
3118 4207 3172 4262 in
3199 4207 3366 4266 Silice
3385 4207 3536 4262 ultra
3561 4217 3802 4264 sanen-

2218 4297 2479 4353 Thomam
2507 4299 2808 4369 apostolum
2841 4315 2948 4356 non
2971 4298 3160 4369 procul
3184 4313 3216 4352 a
3241 4299 3546 4364 tricesimo,
3603 4299 3806 4356 dada-

2219 4393 2363 4447 tione
2381 4392 2660 4462 ruinisque
2679 4401 3008 4462 praeventam
3042 4407 3228 4448 anovo
3257 4406 3514 4446 uuacurn
3551 4392 3806 4464 baptist-

2219 4483 2300 4538 rio
2334 4491 2647 4538 restaurans
2699 4483 2840 4538 mole
2889 4483 3277 4554 magnitudinis
3307 4483 3616 4539 decuravit.

2283 4574 2494 4630 Pariter
2515 4585 2572 4630 et
2590 4575 2867 4631 basilicam
2889 4583 3203 4630 sanctorum
3221 4571 3438 4630 Cosme
3469 4581 3534 4630 et
3557 4572 3806 4630 narraui

2214 4666 2372 4722 sitam
2398 4666 2453 4720 in
2495 4666 2691 4721 Tribus
2709 4665 2876 4728 Fatis,
2911 4661 3034 4735 quia
3061 4665 3224 4724 nimia
3251 4672 3536 4722 vetustate
3561 4665 3806 4723 imit!

2214 4759 2394 4814 trabes
2421 4757 2540 4828 ejus
2573 4765 2972 4816 marcescentes
2999 4756 3326 4822 defecerant,
3373 4771 3408 4811 a
3441 4771 3596 4814 novo
3645 4766 3806 4814 ω

2213 4848 2560 4904 restauravit.
2603 4849 2670 4904 Et
2691 4849 2978 4904 ecclesiam
3017 4848 3161 4906 beati
3179 4845 3412 4904 Joannis
3431 4847 3706 4920 Raptus
3737 4849 3806 4902 si-

2214 4947 2322 4994 tam
2344 4938 2497 5009 jnxta
2520 4947 2730 5011 portam
2755 4939 3002 4994 Latinam
3035 4939 3210 4996 ruinis
3237 4949 3590 5010 prteverrtam
3618 4943 3678 4998 in
3694 4955 3806 4996 ol-

2213 5157 2418 5213 cularta
2445 5200 2460 5224 ,
2509 5169 2556 5214 ct
2599 5159 2822 5215 donaria
2846 5160 2916 5214 ibi
2945 5159 3129 5214 obm’it
3163 5159 3327 5215 mauu
3359 5172 3411 5216 et
3440 5161 3563 5217 vela
3588 5163 3802 5217 dirum.

2213 5225 2318 5282 Hic
2341 5230 2477 5302 idem
2499 5229 2721 5302 eximius
2744 5247 2880 5302 papa
2901 5230 3070 5302 altare
3095 5231 3230 5302 beati
3259 5229 3420 5286 Pauli
3447 5233 3683 5302 apostoli
3703 5246 3806 5302 ut!

2213 5311 2348 5370 cum
2377 5299 2610 5370 ejusdem
2647 5299 2990 5370 confessionis
3035 5301 3328 5370 foribus.“
3349 5299 3496 5356 cura
3529 5301 3810 5362 ..ιι-ωε.

2211 5369 2378 5452 aacrjs
2388 5369 2646 5452 designat,
2661 5369 2894 5452 historiis
2907 5369 3128 5452 miriﬁce
3141 5371 3344 5440 ornavit
3359 5389 3519 5442 petra.
3535 5373 3632 5430 lib.
3645 5387 3810 5429 an.

2212 5436 2460 5514 ζςέεζε-ἱη
2501 5436 2614 5509 ipsa
2641 5439 2860 5514 ecclesia
2887 5436 3126 5514 patenum
3153 5436 3219 5495 ea:
3241 5436 3378 5514 auro
3406 5461 3551 5514 puro
3581 5460 3694 5497 cum
3722 5455 3808 5514 cu-

2211 5507 2310 5561 lice
2328 5505 2406 5562 ῖῆὶ
2435 5505 2582 5578 petis.
2607 5507 2765 5562 simul
2786 5505 2994 5564 libfxx.
3024 5509 3362 5565 Reataurarit
3406 5505 3602 5568 om
3629 5512 3808 5566 tiri.

2211 5587 2258 5631 ct
2281 5579 2520 5632 universa
2548 5580 2858 5652 tantast-ia,
2873 5589 2920 5634 et
2935 5580 3076 5652 dorsa
3097 5580 3306 5652 obtulit,
3325 5582 3806 5652 quaram".

2213 5663 2315 5770 πίονι
2357 5657 2593 5770 possunt.
2628 5647 2774 5704 Fecit
2804 5659 2977 5704 autem
3008 5649 3280 5705 basilicam
3324 5647 3646 5710 monasterii
3661 5651 3806 5708 ﬁcari

2213 5747 2228 5770 ι
2260 5735 2354 5770 nas
2381 5735 2500 5770 usu.
2533 5729 2642 5770 etc.

2212 5728 2500 5786 Anastasii,
2533 5729 2642 5774 etc.
