3950 6312
522 402 669 457 H99

1878 372 2161 434 ADRIANI
2200 368 2402 428 ΡΑΡᾸΞ
2441 366 2459 426 l

518 518 809 585 Aspectnm
847 519 977 562 vero
1019 503 1209 560 altaris
1250 512 1410 569 super
1434 494 1681 551 eamdem
1710 488 2104 546 confessionem
2131 487 2189 547 Α
2208 482 2403 537 decim.
2442 481 2499 534 In
2519 479 2748 585 ecclesia
2776 493 2908 535 vero
2928 477 3241 538 Salvatoris,
3273 490 3399 585 qua:
3419 482 3666 531 vocatur
3686 472 3815 529 Cou-

429 592 448 609 ’
521 578 685 677 auiae
710 603 902 658 dextra
926 599 1165 666 laevaque
1198 598 1353 663 parte
1371 587 1536 677 juxta
1564 582 1765 677 gradus
1790 579 1906 677 jam
1949 578 2113 677 dicta:

523 662 898 754 confessionis,
940 662 1142 743 addens
1163 662 1219 738 in
1240 696 1304 735 ea
1331 674 1539 745 argenti
1572 671 1745 727 libras
1762 675 1978 723 centum

524 788 674 858 ginta
702 798 798 839 sex
839 752 1049 839 curiose
1089 766 1403 847 [cariosum]
1444 760 1737 823 renovavit,
1782 752 2115 858 ejusque

525 845 722 936 storias
739 890 809 931 ex
849 886 980 926 auro
1007 845 1295 939 purissimo
1324 859 1478 915 libris
1503 857 1693 912 decem
1718 860 1774 909 et
1820 857 1946 906 octo
1987 845 2116 902 niti-

528 1155 663 1211 dens
689 1153 743 1206 in
767 1149 848 1204 eis
875 1143 1086 1214 argenti
1112 1142 1281 1197 libras
1315 1144 1532 1193 centum
1558 1150 1573 1199 ;
1621 1138 1748 1187 ante
1766 1127 1963 1197 ianuas
1988 1137 2119 1179 vero

528 1251 831 1317 argenteas,
880 1238 1010 1294 fecit
1033 1235 1302 1291 canistros
1327 1235 1613 1300 argenteos
1656 1221 1939 1279 duodecim
1985 1233 2123 1289 pen-

528 1313 712 1391 saliuas
730 1325 1152 1397 libras,triginta
1173 1336 1291 1378 ses.
1320 1318 1492 1375 Simili
1514 1316 1675 1372 modo
1697 1323 1754 1370 et
1781 1313 1834 1367 in
1858 1319 2007 1365 turre
2034 1323 2122 1364 ca-

530 1424 730 1479 nistros
780 1425 1067 1490 argenteos
1092 1410 1377 1470 duodecim
1424 1415 1711 1479 pensantes
1750 1401 1885 1457 inihi
1928 1400 2120 1464 libras,

531 1513 887 1586 quadraginta
923 1509 1183 1581 quinque.
1232 1505 1291 1561 In
1317 1503 1509 1560 eadem
1546 1499 1745 1569 quippe
1782 1495 1926 1552 beati
1972 1492 2129 1548 Petri

531 1606 759 1663 ecclesia
792 1618 890 1673 per
915 1600 1157 1656 diversas
1184 1609 1410 1651 coronas
1444 1591 1575 1647 fecit
1609 1588 1890 1660 delphinos
1917 1601 1985 1641 ex
2027 1599 2123 1638 ara

534 1705 696 1768 gento
719 1695 984 1749 librarum
1026 1695 1263 1745 centum.
1303 1686 1373 1740 Et
1410 1685 1466 1738 in
1509 1680 1740 1737 ecclesia
1784 1678 1933 1768 beati
1971 1675 2123 1731 Pauli

537 1767 769 1855 apostoli
802 1782 972 1837 instar
994 1791 1182 1834 eorum
1206 1788 1345 1845 quos
1380 1778 1636 1843 posuerat
1665 1770 1719 1824 in
1734 1767 1973 1824 ecclesia
1998 1781 2127 1821 san-

2211 573 2560 637 stantiniana,
2590 570 2721 627 fecit
2741 579 2867 627 ante
2893 568 3219 625 vestibulum
3247 566 3439 622 altaris
3480 578 3697 621 aureas
3714 574 3817 623 tres

2212 667 2435 737 gabatas
2460 671 2750 735 pensantes
2792 663 2964 718 libras
3009 662 3217 716 decem.
3274 659 3387 714 Sed
3416 668 3481 713 et
3510 659 3574 712 in
3600 657 3815 713 m

2211 756 2384 811 beate
2419 754 2514 809 Dei
2541 752 2832 809 Genitrieis
2866 751 2937 805 ad
2962 749 3211 820 praesepe
3237 748 3375 804 fecit
3403 748 3711 818 delphinos
3736 763 3815 801 an

2212 854 2433 917 genteo's
2468 859 2568 916 per
2587 845 2830 900 diversas
2857 857 3090 898 coronas
3112 849 3410 912 pensantes
3426 840 3614 895 libras

2213 942 2466 1004 quatuor.
2491 932 2978 988 Prmstantissimus
3003 930 3147 985 idem
3160 929 3409 984 eximius
3432 928 3683 984 antistes
3700 927 3815 984 fecit

2216 1027 2272 1081 in
2305 1025 2533 1082 ecclesia
2557 1025 2700 1080 beati
2726 1023 2873 1079 Petri
2898 1021 3131 1093 apostoli
3156 1020 3225 1075 ad
3262 1034 3474 1089 corpus
3506 1018 3811 1087 imaginem.

2215 1134 2338 1190 qua:
2360 1118 2563 1172 dudum
2580 1131 2649 1171 ex
2680 1123 2907 1185 argento
2936 1113 3114 1167 inerat
3138 1109 3480 1173 Salvator-is,
3508 1108 3812 1164 mea

2217 1210 2521 1283 genitricis,
2564 1215 2876 1263 sanctorum
2921 1201 3293 1274 apostolorum
3333 1198 3496 1255 Petri
3524 1214 3629 1254 ac
3662 1197 3812 1262 Pali.

2219 1310 2382 1371 atque
2407 1299 2639 1354 Λεὼ-ξω
2674 1297 2743 1353 de
2758 1309 2902 1350 auro
2936 1292 3231 1364 purissimo
3247 1291 3414 1346 mire
3437 1289 3815 1361 ιιιῳὶωῶ

2219 1397 2541 1462 pensantem
2553 1388 2722 1443 libras
2738 1387 3026 1442 ducentas.
3274 1406 3279 1409 τ

2286 1477 2395 1535 ilic
2419 1475 2854 1546 elegantissimas
2865 1472 3069 1543 mutaui
3110 1480 3279 1542 atque
3301 1470 3815 1528 fortissimum

2222 1572 2349 1629 ﬁdei
2377 1571 2706 1641 prmtﬁcator
2730 1568 2931 1625 direxit
2955 1567 3152 1621 missos
3179 1580 3349 1630 suos,
3390 1564 3661 1620 videlicet
3684 1579 3814 1633 prea-

2220 1666 2473 1736 byterum
2509 1661 2732 1717 Petrum
2786 1668 2990 1716 sanam
3025 1659 3291 1714 Romam:
3329 1656 3619 1721 ecclesia,
3647 1665 3703 1710 et
3732 1655 3811 1709 Pes

2228 1766 2375 1813 trum
2428 1755 2744 1825 religiosum
2798 1754 3051 1809 abbatem
3102 1751 3492 1808 venerabilem
3526 1750 3812 1806 mansueti

813 1870 1093 1942 delphinos
1109 1836 1288 1939 posuit
1307 1836 1593 1935 argenteos
1620 1863 1881 1917 librarum
1909 1866 2128 1914 centum
2158 1836 2204 1895 Β
2231 1849 2407 1905 sancti
2444 1846 2622 1942 Saba,
2642 1861 2765 1942 quae
2786 1845 3082 1915 appellatur
3478 1881 3499 1906 ,
3520 1844 3592 1897 ad

538 1964 855 2035 octoginta;
900 1961 1106 2033 pariter
1149 1967 1207 2014 et
1247 1958 1303 2013 in
1353 1955 1582 2012 ecclesia
1629 1951 1926 2008 Salvatoris
1952 1991 1966 2015 ,
2013 1962 2136 2020 quae

540 2056 840 2128 appellatur
861 2051 1326 2116 Constantiniana,
1358 2046 1488 2104 fecit
1521 2045 1805 2116 delphinos
1851 2050 2139 2113 argenteos

540 2149 803 2204 librarum
827 2145 1067 2213 triginta.
1098 2142 1249 2199 Fecit
1275 2148 1333 2198 et
1354 2141 1412 2196 in
1439 2139 1668 2195 ecclesia
1694 2136 1837 2192 beati
1864 2134 2010 2190 Petri
2038 2142 2136 2203 per

542 2236 759 2293 diversa
797 2234 1036 2291 oratoria
1057 2233 1293 2289 canistra
1318 2237 1575 2302 argentea
1601 2240 1830 2282 numero
1850 2223 2135 2280 duodecim

542 2327 822 2400 pensantia
845 2325 1006 2383 simul
1031 2325 1200 2383 libras
1227 2320 1605 2393 quadraginta.
1634 2320 1703 2374 Et
1726 2332 1888 2386 rugas
1915 2316 1969 2369 in
1991 2328 2138 2384 pres-

542 2418 754 2490 byterio
787 2431 815 2470 a
850 2422 1000 2487 parte
1031 2413 1273 2468 virorum
1297 2418 1352 2467 et
1379 2409 1666 2466 mulierum
1703 2421 1768 2461 ex
1791 2411 2015 2477 argento
2036 2419 2139 2473 pu-
2183 2471 2189 2479 ι

545 2509 762 2565 rissimo
785 2512 1073 2577 pensantes
1099 2503 1267 2567 libras
1287 2508 1504 2556 centum
1541 2498 1779 2568 triginta,
1828 2508 1930 2551 nec
1950 2508 2057 2549 non
2083 2500 2138 2548 et

546 2600 685 2657 alias
708 2613 870 2669 rugas
899 2597 952 2651 in
973 2603 1135 2666 caput
1156 2590 1479 2666 presbyterii
1503 2597 1628 2645 ante
1651 2586 2043 2644 confessionem
2067 2597 2141 2639 ex

548 2697 803 2760 argenteo
833 2694 1122 2759 pensantes
1153 2682 1313 2738 simul
1339 2690 1554 2738 centum
1586 2688 1647 2735 et
1672 2686 1925 2749 quatuor.
1960 2676 2045 2731 .Et
2080 2676 2137 2730 in

548 2781 777 2837 ecclesia
806 2786 1006 2836 sancta:
1052 2777 1148 2835 Dei
1187 2774 1465 2847 genitricis
1492 2772 1672 2827 Maria:
1704 2780 1852 2826 trans
1897 2768 2139 2827 Tiberim

551 2871 682 2931 fecit
694 2872 930 2926 canistra
951 2875 1206 2940 argentea
1227 2864 1762 2936 quinquepensantia
1788 2862 1947 2919 simul
1972 2861 2140 2917 libras

553 2960 881 3033 quindecim.
930 2958 1219 3019 Enimvero
1262 2953 1317 3009 in
1362 2953 1582 3008 basilica
1628 2961 1828 3008 sancta:
1858 2952 1951 3007 Dei
1978 2950 2143 3008 Geni-

552 3052 735 3119 tricis,
784 3066 905 3122 qua:
931 3059 1016 3105 est
1040 3049 1109 3104 ad
1138 3047 1400 3119 Prmsepe,
1433 3046 1488 3101 in
1516 3044 1673 3100 altari
1700 3046 1868 3116 ipsius
1894 3044 2141 3115 praesepit

2232 1949 2407 1996 torem
2433 1936 2851 1994 Constantinum
2880 1944 2936 1990 et
2961 1942 3191 1990 matrem
3216 1934 3345 2005 ejus
3363 1934 3591 1990 [restem
3607 1975 3622 1998 ,
3646 1933 3814 1987 abor-

2234 2041 2358 2088 tans
2380 2045 2476 2086 eos
2522 2036 2688 2099 atque
2739 2027 2974 2083 fideliter
2999 2028 3313 2097 pmdicans
3338 2041 3451 2097 per
3478 2034 3813 2095 sanando-

2234 2126 2369 2181 licas
2416 2123 2629 2179 litteras
2681 2135 2784 2191 pro
2842 2120 3014 2175 sacris
3072 2120 3419 2190 imaginibus
3471 2118 3811 2176 eversionem.-

2232 2216 2468 2288 qualiter
2491 2222 2594 2286 per
2616 2213 2927 2269 testimonia
2978 2211 3399 2281 Scripturarum
3420 2252 3438 2275 ,
3472 2224 3575 2266 seu
3594 2207 3813 2263 undein-

2233 2324 2358 2365 nem
2393 2306 2759 2378 probabilium
2781 2306 3002 2361 Patrum
3030 2320 3060 2358 a
3077 2303 3279 2374 priscis
3306 2302 3651 2374 temporius
3668 2311 3817 2368 usqu

2234 2401 2498 2456 hactenus
2516 2394 2820 2453 orthodoxe
2840 2402 3169 2450 venerantur
3192 2392 3250 2447 in
3271 2400 3473 2448 sancta
3496 2391 3749 2447 eam
3768 2398 3816 2443 et

2236 2491 2530 2565 apostolica
2552 2489 2798 2545 Romana
2814 2487 3075 2551 Ecclesia,
3091 2487 3236 2557 quod
3252 2485 3471 2556 praefati
3486 2487 3822 2555 superatura

2235 2582 2483 2640 eamdem
2529 2587 2854 2637 venerantes
2880 2586 3045 2648 atque
3068 2576 3463 2647 amplectentes
3480 2573 3824 2643 om

2237 2674 2545 2746 epistolam,
2578 2671 2873 2729 concilium
2912 2671 2968 2725 in
3013 2668 3192 2724 Nicasa
3234 2666 3543 2739 congregari
3574 2665 3824 2720 fervenu

2238 2775 2604 2824 trecentorum
2634 2763 3025 2835 quinquaginta
3067 2761 3450 2831 episcoporum
3474 2799 3491 2823 ,
3512 2758 3607 2827 qui
3630 2771 3825 2811 seem-

2238 2862 2366 2918 dnm
2406 2861 2713 2917 doctrinam
2764 2855 3169 2928 przedicatiouis
3224 2852 3541 2923 apostolicae
3598 2847 3829 2921 epistok

2240 2954 2499 3011 nimirum
2546 2949 2917 3007 crediderunt.
2975 2947 3042 3002 lli
3072 2947 3489 3017 promulgantes
3516 2951 3827 3000 cumeram

2242 3056 2297 3104 et
2323 3061 2421 3117 per
2448 3043 2715 3116 synodum
2740 3039 3102 3095 universalem
3126 3037 3466 3093 definierunt
3500 3034 3739 3089 unanimi
3756 3044 3825 3085 asa

555 3143 684 3199 fecit
730 3140 959 3207 laminas
994 3154 1063 3194 ex
1113 3153 1246 3193 auro
1286 3137 1571 3209 purissimo
1622 3136 1865 3192 historiis
1916 3134 2144 3205 depictis
2171 3184 2219 3209 η
2247 3140 2483 3196 sertione
2540 3151 2640 3207 pro
2704 3130 3035 3189 honorandis
3100 3130 3433 3201 imaginibus
3495 3127 3829 3182 evectionem

556 3184 684 3199 ων..
730 3184 959 3207 ...........-
997 3184 1063 3194 ν..
1114 3184 1244 3193 -..η
1287 3184 1569 3209 ..-ηπ-..-ν
1624 3184 1864 3192 νην---
1920 3184 2141 3205 --Γπ-η
2248 3184 2482 3196 πων..-
2542 3184 2635 3207 τη
3186 3184 3242 3201 νυ

556 3243 845 3308 pensantes
880 3231 1039 3289 simul
1084 3232 1250 3287 libras
1296 3228 1624 3301 quindecim.
1672 3227 1971 3282 Ecclesiam
2016 3240 2145 3281 vero
2168 3184 2222 3252 Β
2250 3229 2423 3295 Quam
2468 3222 2735 3296 synodum
2773 3219 2887 3289 jam
2935 3219 3065 3275 dicti
3101 3219 3251 3273 missi
3279 3218 3336 3272 in
3360 3216 3569 3272 Gram
3606 3228 3830 3271 serum

558 3330 727 3383 beaue
754 3324 976 3394 Agnetis
1016 3322 1290 3393 martyris,
1343 3335 1438 3376 seu
1467 3319 1748 3375 basilicam
1775 3319 1947 3378 lenta:
1990 3317 2149 3373 Eme—

560 3418 836 3483 rentianae,
866 3418 1072 3487 pnitcr
1095 3415 1257 3470 etiam
1285 3422 1343 3470 et
1365 3411 1649 3469 ecclesiam
1677 3411 1819 3467 beati
1844 3409 2150 3472 Nicomedis

559 3512 719 3567 sitam
746 3508 879 3566 for‘s
912 3516 1125 3579 portam
1166 3504 1589 3568 Numcntanam,
1622 3502 1783 3558 simul
1809 3510 1866 3556 et
1892 3509 2150 3558 cmmem-

563 3603 702 3656 rium
746 3600 889 3656 beati
928 3597 1199 3669 Hippolyti
1252 3595 1505 3667 martyris
1527 3592 1683 3662 juxta
1724 3600 1970 3647 sanctum
2010 3590 2183 3667 Lau-‘

562 3692 817 3755 rentium,
867 3705 987 3758 quae
1017 3704 1047 3742 a
1084 3685 1278 3757 priscis
1323 3690 1670 3740 marcuerant
1710 3681 2074 3752 temporibus,
2120 3696 2152 3735 a

566 3796 704 3836 novo
733 3779 1028 3834 renovavit.
1074 3777 1200 3831 Pari
1225 3776 1384 3831 modo
1423 3783 1477 3829 et
1496 3773 1781 3830 ecclesiam
1826 3772 1970 3827 beati
1994 3769 2153 3826 Chri-

566 3873 633 3927 sti
665 3870 919 3941 martyris
961 3869 1220 3941 Stephani
1253 3870 1411 3923 sitam
1433 3866 1587 3936 juxta
1612 3865 1927 3937 praedictum
1956 3879 2155 3919 creme-

571 3962 763 4015 terium
802 3960 970 4016 sancti
1018 3959 1304 4031 llypnolyti
1343 3958 1588 4012 similiter
1617 3956 1956 4011 restauravit.
2005 3954 2158 4010 Fecit

571 4066 703 4107 vero
743 4059 797 4105 et
835 4051 889 4105 in
937 4049 1270 4106 confessione
1314 4048 1456 4104 beati
1485 4047 1637 4103 Pauli
1669 4047 1893 4117 apostoli
1922 4062 1989 4100 ex
2022 4062 2155 4101 auro

567 4142 859 4215 purissimo
892 4142 1178 4212 imaginem
1217 4141 1270 4195 in
1294 4139 1515 4195 modum
1553 4137 1983 4208 evangeliorum,
2013 4136 2159 4201 intus

571 4247 734 4306 super
772 4232 1012 4302 ejusdem
1055 4232 1479 4296 sacratissimum
1516 4244 1712 4301 corpus
1749 4237 2061 4300 pensantem
2094 4228 2158 4282 li-

570 4327 700 4381 bras
728 4323 937 4395 viginti.
983 4323 1125 4378 idem
1153 4337 1278 4377 vero
1305 4321 1545 4376 omnium
1570 4321 1834 4376 bonorum
1854 4318 2158 4388 prmcipuus

572 4418 771 4489 praesul
800 4434 829 4472 a
852 4432 989 4471 novo
1009 4415 1277 4471 dedicavit
1295 4422 1456 4484 atque
1479 4413 1758 4470 constituit
1771 4410 2156 4467 monasterium

575 4520 884 4569 Sanctorum
932 4508 1150 4563 Adriani
1178 4516 1339 4578 atque
1368 4507 1663 4573 Laurentii,
1712 4507 1856 4577 quod
1884 4506 1939 4560 in
1987 4504 2158 4559 ruinis

575 4599 943 4654 marcescebat
967 4614 994 4651 a
1022 4597 1215 4667 priscis
1235 4597 1580 4666 temporibus,
1608 4604 1663 4651 et
1690 4605 1944 4666 tanquam
1970 4603 2157 4667 crypta

575 4705 607 4743 a
635 4689 984 4745 saecularibus
1004 4688 1425 4742 inhabitabatur.
1460 4686 1578 4757 Ipse
1605 4702 1732 4743 vero
1772 4687 2021 4757 egregius
2064 4703 2162 4741 an-

576 4778 730 4835 tistes
751 4793 781 4832 a
810 4792 948 4833 novo
988 4778 1043 4833 id
1075 4777 1400 4832 restauravit
1442 4776 1495 4831 in
1521 4764 1898 4847 praedictorum
1941 4788 2159 4832 sancto-
2188 4824 2193 4827 .

576 4885 720 4936 rum,
743 4868 989 4925 videlicet
1009 4868 1229 4926 Adriani
1258 4876 1314 4923 et
1338 4869 1611 4923 Laurentii
1636 4870 1871 4934 nomine,
1901 4870 1954 4925 in
1975 4885 2089 4939 quo
2107 4880 2163 4927 ct

578 4961 745 5018 multa
771 4960 990 5016 donavit
1019 4969 1126 5014 tam
1156 4959 1210 5014 in
1255 4975 1388 5013 auro
1426 4974 1695 5030 quamque
1733 4969 1791 5014 et
1829 4960 1883 5014 in
1912 4971 2163 5032 argento,

578 5066 673 5108 seu
701 5052 754 5107 in
779 5051 954 5121 agris,
1001 5059 1163 5120 atque
1197 5052 1252 5106 in
1290 5049 1508 5106 familiis
1547 5053 1882 5123 diversisque
1914 5054 2156 5123 peculiis,

579 5143 846 5211 simulque
884 5151 939 5199 et
975 5158 1042 5198 ex
1072 5143 1380 5199 mobilibus.
1426 5145 1492 5199 Et
1528 5146 1806 5200 constituit
1846 5147 1899 5201 in
1938 5147 2159 5204 basilica

581 5230 794 5287 Sanctae
820 5232 915 5287 Dei
956 5231 1244 5290 Gcnitricis
1271 5249 1588 5305 semperque
1626 5232 1850 5307 virginis
1877 5237 2060 5295 Maria:
2095 5240 2164 5296 ad

584 5320 828 5392 Praesepe
856 5330 911 5376 ct
934 5323 987 5377 in
1008 5325 1217 5380 ceteris
1242 5327 1581 5383 monasteriis
1613 5329 1811 5384 ibidem
1836 5332 2163 5395 constitutis,

584 5414 694 5470 Deo
732 5414 818 5471 die
842 5424 1117 5485 noctuque.
1129 5427 1381 5475 canentes
1405 5420 1590 5475 solitas
1609 5420 1787 5479 dicere
1816 5421 2019 5479 laudes.
2062 5422 2169 5477 Fe-s

584 5504 657 5561 cit
675 5504 875 5561 ibidem
901 5504 1155 5574 przefatus
1176 5509 1400 5563 antistes
1416 5509 1473 5562 in
1489 5508 1823 5565 confessione
1847 5510 1988 5566 beati
2015 5512 2165 5568 Lau-

586 5597 741 5653 rentii
798 5596 1054 5667 martyris
1116 5594 1249 5652 foris
1306 5613 1518 5656 murum
1575 5599 1861 5668 imaginem
1914 5616 1981 5657 ex
2035 5618 2168 5659 auro

588 5691 871 5764 purissimo
896 5689 950 5745 in
973 5688 1192 5743 modum
1213 5690 1609 5760 evangeliorum
1618 5689 1860 5761 ejusdem
1876 5694 2018 5749 beati
2031 5694 2163 5749 Lata

580 5783 745 5849 rentii
771 5780 973 5853 elligics
1002 5778 1383 5845 continentem,
1432 5797 1550 5853 qum
1588 5792 1776 5855 pensat
1804 5785 1966 5839 libras
2008 5786 2169 5854 quin-

2251 3333 2434 3375 secum
2460 3316 2704 3372 detulere
2723 3327 2830 3367 una
2853 3326 2975 3368 cum
2996 3309 3370 3381 imperialicus
3392 3309 3582 3364 sacris
3606 3307 3830 3363 macilis

2248 3409 2485 3481 propriis
2532 3405 2898 3474 subscriptam
2925 3440 2940 3467 ,
2992 3412 3223 3470 eamque
3272 3399 3583 3469 prtedictus
3604 3397 3831 3469 egregia

2251 3501 2479 3555 antistes
2509 3498 2564 3552 in
2592 3495 2855 3551 Latinam
2887 3492 3127 3562 linguam
3162 3488 3487 3544 translatati
3510 3488 3767 3557 ᾔαεωμει
3786 3488 3831 3537 ii

2251 3603 2409 3646 sacra
2436 3586 2762 3642 bibliotheca
2789 3583 2998 3655 pariter
3023 3580 3244 3637 recondi
3270 3620 3285 3642 ,
3316 3579 3547 3650 dignam
3576 3580 3655 3635 ibi
3674 3579 3829 3635 αὐο-

2252 3682 2406 3738 ἀοιεε
2452 3679 2577 3734 fidei
2618 3675 2939 3733 memoriam
2987 3682 3247 3729 atemam
3287 3670 3525 3726 faciens.
3578 3671 3683 3726 llic
3714 3671 3829 3724 ide-

2252 3774 2484 3830 eximius
2523 3786 2666 3843 papa
2712 3769 2888 3823 altare
2920 3766 3063 3822 beati
3099 3764 3249 3819 Pauli
3299 3764 3540 3834 apostoli
3593 3779 3704 3819 una
3731 3774 3831 3814 an

2254 3865 2495 3936 ejusdem
2524 3860 2882 3918 confessionis
2906 3857 3117 3913 foribus
3138 3870 3274 3910 auro
3304 3855 3516 3911 mundo
3545 3857 3727 3911 sacris
3756 3852 3831 3905 ὰ»

2256 3972 2450 4014 rorans
2496 3953 2739 4011 historiis
2786 3949 3017 4006 miriﬁce
3057 3946 3272 4002 ornavit
3331 3958 3640 4017 pensantes
3695 3945 3833 4000 ﬁbras

2255 4057 2473 4106 centum
2510 4045 2735 4114 triginta
2755 4082 2770 4109 ,
2802 4040 2897 4097 scd
2936 4049 2992 4095 et
3016 4049 3168 4095 sarta
3192 4046 3336 4094 tecta
3365 4038 3515 4093 tituli
3542 4048 3831 4094 saneta-

2257 4143 2499 4210 Quatuor
2540 4136 2937 4193 Coronatorum
2966 4174 2982 4197 ,
3019 4147 3143 4204 qum
3180 4132 3237 4187 in
3276 4132 3457 4187 ruinis
3503 4132 3834 4188 eratet-8.

2259 4234 2444 4288 trabes
2466 4230 2665 4286 ibidem
2686 4228 2872 4298 plures
2896 4227 3195 4296 imponens,
3217 4226 3401 4280 omnia
3425 4240 3461 4278 a
3484 4241 3635 4280 novo
3660 4231 3839 4280 resta-

2263 4323 2417 4378 ravit.
2454 4321 2588 4376 Item
2641 4318 2770 4374 fecit
2821 4325 3077 4387 patcnam
3126 4325 3181 4370 et
3227 4315 3461 4370 calicem
3526 4316 3585 4370 in
3640 4314 3837 4377 basiis:

2260 4413 2403 4471 beati
2444 4410 2592 4467 Petri
2628 4408 2857 4479 apostoli
2905 4422 3007 4477 pro
3053 4405 3387 4476 quotidianis
3420 4406 3750 4462 minima-iis
3780 4418 3837 4457 es

2263 4520 2395 4560 auro
2428 4503 2739 4573 purissimo,
2765 4507 3060 4572 pensantes
3087 4497 3250 4554 simul
3283 4498 3460 4553 libras
3506 4499 3703 4567 viginti
3721 4512 3841 4567 qua—

2265 4606 2407 4652 tuor.
2444 4596 2576 4649 ltem
2615 4591 2961 4648 beatissimus
2996 4589 3080 4643 vir
3108 4587 3238 4643 fecit
3278 4588 3335 4643 in
3374 4588 3616 4644 ecclcsia
3662 4596 3839 4642 sanet:

2264 4687 2358 4742 Dei
2379 4684 2675 4741 Genitricis
2701 4681 2884 4737 Maria:
2907 4681 2975 4735 ad
2998 4679 3245 4749 Pnesepe
3265 4687 3537 4749 patellam
3562 4688 3621 4734 et
3638 4680 3839 4735 alia!

2263 4787 2510 4836 sanctum
2558 4791 2629 4832 ex
2663 4789 2799 4830 auro
2836 4774 3028 4829 οι.»τίῑο
3070 4783 3368 4843 pensantes
3416 4771 3597 4827 libras
3652 4770 3839 4842 viginti.

2263 4872 2397 4926 Item
2426 4871 2482 4924 in
2502 4867 2664 4923 titulo
2690 4865 2956 4930 Eudoxio,
2978 4863 3233 4918 videlicet
3266 4862 3415 4917 beati
3451 4861 3611 4919 Petri
3636 4860 3843 4934 apta-i5

2264 4966 2332 5020 ad
2361 4961 2603 5027 Vincula,
2620 4958 2752 5015 fecit
2779 4958 3020 5014 canistra
3054 4954 3339 5014 duodecim
3369 4959 3669 5026 pensanda
3697 4958 3845 5011 liras

2264 5074 2357 5114 sex
2384 5065 2440 5111 et
2471 5055 2688 5125 triginta
2721 5093 2735 5118 ,
2791 5060 2850 5108 et
2897 5051 3179 5122 delphinos
3211 5064 3311 5120 per
3333 5051 3597 5107 diversas
3634 5064 3843 5107 carem

2266 5150 2486 5220 triginta
2510 5148 2748 5217 quinque
2776 5150 3071 5215 pensantes
3102 5143 3270 5198 libras
3298 5155 3449 5205 octo,
3473 5147 3845 5215 pariter-quaet

2265 5242 2549 5299 ecclesiam
2587 5241 2762 5294 beata:
2809 5237 3026 5292 Sabinae
3054 5237 3216 5291 sitam
3248 5236 3302 5288 in
3350 5238 3641 5293 territorio
3669 5236 3847 5290 Furr

2266 5332 2451 5390 tinello
2500 5348 2534 5387 a
2581 5345 2720 5386 novo
2762 5329 3052 5400 reparavit.
3088 5328 3335 5396 Hicipse
3363 5328 3646 5386 aimilicus
3668 5327 3847 5401 ιιι-δή

2267 5425 2396 5482 fecit
2424 5426 2477 5480 in
2502 5423 2728 5480 basilica
2752 5421 2899 5477 beati
2930 5420 3085 5476 Petri
3101 5420 3335 5490 apostoli
3358 5429 3627 5490 patenum
3642 5439 3709 5479 es
3728 5434 3849 5477 an!

2265 5518 2453 5574 chriso
2497 5530 2625 5572 cum
2664 5512 2836 5570 calice
2869 5521 3056 5568 sancto
3084 5553 3100 5580 ,
3147 5523 3449 5582 pensantes
3497 5515 3668 5570 simul
3701 5515 3851 5569 ὥτε

2267 5608 2479 5679 viginti.

2340 5698 2600 5754 Similiter
2636 5706 2691 5753 et
2733 5697 2790 5751 in
2826 5695 3051 5753 ecclesia
3088 5695 3233 5751 beati
3270 5694 3563 5754 Laurentii
3612 5696 3851 5767 martyris

2270 5791 2403 5845 foris
2429 5804 2642 5844 murum
2670 5788 2795 5843 fecit
2831 5803 2896 5841 ex
2940 5802 3073 5842 auro
3102 5786 3404 5857 purissimo
3439 5799 3696 5860 patrnam
3732 5803 3845 5844 tua
