3950 6312
104 356 220 451 iam

1632 376 1787 461 VITA
1797 416 1810 429 .

3216 362 3355 425 i202

98 511 252 573 calice
274 510 462 562 sancto
487 508 776 574 pensantes
796 498 956 554 simul
981 498 1147 554 libras
1172 472 1665 566 quindeeim..ltcm
1698 492 1747 551 Α
1776 491 1841 544 ad
1886 504 2074 545 arcum
2121 488 2212 558 qui
2260 494 2483 542 vocatur
2524 486 2657 542 Tres
2717 480 3001 542 faccieelas
3030 482 3055 524 ἀ
3097 500 3213 541 eam
3270 485 3356 541 de-

98 596 387 657 diaconiam
429 600 740 649 sanctorum
773 590 946 660 Sergii
972 600 1026 644 et
1061 588 1260 643 Bacchi
1288 584 1528 655 ejusdem
1554 583 1669 637 dia-

99 689 257 746 conia:
281 686 620 754 dispensator
642 689 863 753 propter
889 688 1089 734 metum
1114 677 1318 747 templi,
1334 673 1477 746 quod
1504 673 1668 729 situm

96 795 252 850 super
269 793 362 833 eas
389 776 693 838 videbatur,
717 781 968 827 evertens
1000 786 1164 840 super
1208 768 1455 825 eamdem
1498 766 1671 822 eccle-

98 871 228 926 siam
251 884 282 927 a
311 864 674 921 fundamentis
712 864 883 932 ipsam
928 861 1206 917 basilicam
1245 857 1668 921 exterminavit,

97 973 255 1027 quam
280 963 588 1011 restaurare
611 952 834 1007 minime
866 950 1051 1006 valens
1083 948 1456 1006 misericordia
1491 956 1674 1004 motus

97 1051 165 1104 ab
192 1062 375 1104 eorum
399 1053 699 1115 martyrum
728 1058 915 1098 amore
943 1043 1034 1098 hic
1071 1057 1343 1113 prarsagus
1368 1042 1594 1097 antistes
1637 1057 1671 1096 a

97 1137 453 1193 fundamentis
480 1136 536 1191 in
560 1135 877 1205 ampliorem
905 1135 1229 1190 restauravit
1272 1134 1468 1189 decore
1510 1131 1695 1213 nimii

97 1246 218 1285 rum
240 1229 482 1301 statum.]
506 1215 731 1284 BaSilica
754 1242 882 1284 vero
893 1227 1206 1283 monasterii
1227 1227 1368 1282 beati
1394 1223 1669 1281 Anastasii

92 1321 295 1378 Christi
320 1320 581 1390 martyris
605 1334 711 1374 una
730 1334 865 1374 cum
906 1317 1227 1387 baptisterio
1246 1322 1302 1383 ἀ,
1329 1324 1386 1371 et
1416 1315 1674 1383 hegnme-

94 1409 340 1473 narcbio,
371 1409 688 1477 ueterisque
727 1408 973 1464 :ediliciis
1010 1422 1113 1477 per
1164 1407 1430 1463 incuriam
1487 1421 1674 1461 mona-

92 1502 319 1555 chorum
361 1508 627 1555 nocturno
676 1497 894 1555 silentio
943 1505 1192 1553 exustam
1235 1512 1266 1551 a
1307 1496 1674 1552 fundamentis

92 1604 269 1658 usque
315 1590 385 1643 ad
420 1605 691 1645 summum
726 1596 927 1643 tectum
971 1603 1094 1643 cum
1136 1586 1340 1643 audivit
1367 1586 1675 1642 misericor-

92 1678 353 1735 dssimus
397 1679 617 1750 praesul,
657 1678 812 1735 valde
858 1677 1094 1734 diluculo
1142 1676 1402 1731 velociter
1446 1690 1676 1731 currens

1772 580 1923 636 duxit
1941 598 1954 645 ;
1972 581 2174 635 interea
2198 587 2251 635 et
2278 593 2465 633 muros
2488 577 2543 632 in
2564 577 2832 648 aliquibus
2856 577 3188 633 transcendit
3203 576 3355 639 locis,

1772 680 1933 739 atque
1973 669 2115 725 ultra
2154 668 2431 725 basilicam
2470 669 2643 724 sancti
2691 668 2855 724 Marci
2896 676 3145 724 evertens
3191 665 3357 738 porti-

1770 777 1893 818 cum
1928 773 1952 803 ε
1984 778 2104 833 qua:
2138 770 2367 817 vocatur
2405 760 2672 826 Palatina,
2714 770 2769 816 et
2813 777 2911 832 per
2955 756 3162 831 plateas
3187 774 3246 816 se
3270 773 3338 815 ex

1771 856 1999 912 tendens
2025 870 2196 925 usque
2219 854 2287 910 ad
2316 862 2538 924 pontem
2575 852 2858 917 Antonini,
2888 854 3174 925 ipsumque
3196 865 3327 907 ever
3352 881 3360 890 ς

1769 955 1891 1002 tens
1910 961 2161 1009 murum,
2185 958 2441 1014 egressus
2464 945 2521 999 in
2546 960 2646 1000 suo
2668 960 2728 1000 se
2758 946 2959 1000 iterum
2982 942 3157 999 univit
3182 942 3357 1005 alveo.

1772 1036 1846 1091 ita
1881 1043 1943 1089 ut
1964 1035 2050 1088 via
2077 1034 2212 1088 Lata
2238 1033 2472 1107 amplius
2504 1050 2665 1104 quam
2693 1034 2829 1111 duas
2854 1041 3092 1089 staturas
3116 1030 3358 1103 ejusdem

1771 1129 2007 1183 [luminis
2048 1143 2191 1199 aqua
2229 1129 2588 1192 excrevisset,
2630 1136 2796 1200 atque
2832 1130 2901 1187 ad
2951 1138 3167 1200 portam
3215 1128 3358 1185 beati

1770 1219 1917 1276 Petri
1964 1233 2138 1289 usque
2183 1220 2252 1276 ad
2298 1228 2517 1289 pontem
2565 1220 2802 1275 Milvium
2836 1219 2855 1260 ί
2889 1235 3043 1292 aqua:
3072 1220 3357 1276 descende-

1771 1321 1914 1378 rant,
1951 1312 2110 1383 juxta
2159 1311 2443 1367 remissam
2488 1312 2598 1367 vim
2644 1311 2818 1383 ipsius
2841 1310 3080 1367 ﬂuminis
3106 1311 3358 1367 reddidit.

1774 1405 1975 1460 Domus
2016 1403 2201 1473 itaque
2240 1404 2455 1468 evertit,
2488 1417 2650 1472 agros
2670 1402 2967 1460 desertavit
2992 1444 3006 1467 ,
3038 1402 3275 1458 evellens
3307 1410 3359 1455 et

1769 1497 2057 1555 eradieans
2102 1498 2325 1553 arbusta
2359 1504 2416 1552 et
2459 1506 2692 1567 segetes.
2721 1495 2856 1551 Nam
2882 1506 2983 1552 nec
3007 1510 3193 1552 serere
3221 1506 3362 1564 pars

1772 1590 2008 1645 maxima
2037 1588 2403 1644 Romanorum
2435 1587 2603 1643 valuit
2632 1587 2747 1658 ipso
2773 1596 3037 1661 tempore,
3059 1595 3113 1643 et
3137 1601 3239 1658 per
3258 1588 3362 1642 hoc

1772 1680 2092 1739 imminebat
2136 1679 2413 1737 tribulatio
2457 1695 2672 1751 magna.
2703 1679 2819 1747 Quo
2850 1679 3035 1734 audito
3068 1678 3183 1749 ipse
3224 1692 3362 1749 pra:-

88 1770 299 1838 reperit
340 1786 460 1827 eam
495 1770 672 1828 adhuc
701 1772 1004 1835 ardentem,
1024 1777 1083 1826 et
1113 1770 1451 1825 solummodo
1491 1785 1675 1826 arcam
1708 1835 1741 1841 _
1776 1771 1967 1841 cipuus
2011 1770 2231 1839 praesul.
2260 1769 2363 1826 hoc
2387 1802 2405 1836 ι
2453 1770 2708 1839 quoniam
2769 1783 2868 1840 per
2902 1768 3139 1827 triduum
3187 1768 3363 1837 ipsum

86 1835 335 1928 ejusdem
358 1864 617 1934 martyris
649 1870 861 1918 erutam
899 1862 955 1917 in
1002 1861 1177 1918 media
1199 1866 1353 1916 certe
1369 1860 1671 1930 jacentem;
1708 1835 1749 1894 Β
1775 1835 1976 1947 llumen
2012 1835 2175 1921 euasi
2203 1876 2300 1932 per
2327 1835 2537 1917 alveum
2572 1876 2672 1931 per
2710 1835 2983 1918 civitatem
3004 1835 3281 1923 currebat,
3306 1873 3365 1912 se

84 1960 293 2006 canem
324 1967 454 2007 vero
481 1953 805 2016 sanctuaria,
841 1967 935 2007 seu
966 1952 1264 2006 ministeria
1288 1960 1397 2006 tam
1419 1953 1474 2007 in
1500 1952 1676 2009 eccle—

80 2044 164 2097 sia
213 2060 381 2114 quam
406 2045 460 2100 in
487 2046 741 2101 vestiario
783 2047 851 2100 ab
877 2047 995 2116 ipso
1024 2046 1145 2116 igne
1168 2045 1501 2116 .couﬂagrata
1531 2055 1676 2102 sunt.

84 2133 190 2201 Qui
253 2137 419 2192 nimio
454 2151 688 2192 mter-ore
722 2151 846 2192 cum
872 2136 988 2197 suis
1012 2136 1458 2193 ministerialibus
1501 2146 1680 2194 certa-

85 2227 183 2281 tim
246 2225 593 2295 exstinguens
639 2227 856 2296 ignem,
884 2226 1169 2283 confestim
1229 2228 1437 2283 viribus
1480 2228 1611 2284 totis
1648 2244 1678 2284 a

78 2312 432 2371 ﬂamiferis
459 2315 631 2370 ruinis
650 2322 859 2372 erutam
880 2331 913 2370 a
937 2332 1079 2374 novo
1099 2318 1152 2372 in
1176 2319 1455 2374 meliorem
1479 2326 1678 2375 statum

82 2402 412 2473 praedictam
444 2403 749 2469 eccle5iam,
787 2421 912 2461 eum
946 2407 1204 2462 vestiario
1237 2415 1295 2463 et
1318 2409 1680 2480 hegumenar-

86 2494 245 2558 chio,
275 2500 576 2562 czeteraque
599 2495 826 2551 ediﬁcia
846 2497 1124 2553 renovavit
1144 2507 1307 2568 atque
1334 2500 1676 2555 restauravit.

85 2585 157 2639 Et
194 2584 432 2654 amplius
463 2585 518 2640 in
538 2600 603 2641 ea
628 2588 935 2644 sanctuaria
957 2597 1121 2658 atque
1154 2590 1477 2657 ministeria,
1513 2600 1568 2647 et
1590 2606 1680 2648 or-

84 2687 351 2735 namenta
378 2677 584 2747 maiora
613 2695 778 2750 quam
806 2697 927 2752 quae
956 2682 1156 2739 ibidem
1195 2684 1477 2741 combusta
1503 2695 1631 2742 sunt
1659 2726 1675 2752 ,

84 2766 351 2823 contulit.
381 2768 500 2837 Ipse
531 2784 663 2825 vero
689 2769 819 2836 Deo,
845 2779 906 2825 ut
929 2771 1150 2839 dicitur,
1174 2780 1452 2842 protectus
1482 2776 1679 2845 praesul

80 2856 440 2926 conspiciens
462 2874 646 2914 muros
660 2858 819 2928 hujus
831 2860 1067 2917 civitatis
1081 2861 1339 2919 Romanae
1360 2878 1458 2934 per
1478 2864 1680 2921 olitana

88 2955 346 3017 tempora
378 2948 430 3003 in
461 2950 630 3005 ruinis
655 2950 880 3020 positos,
914 2960 969 3005 et
995 2966 1092 3024 per
1117 2950 1234 3009 loca
1277 2953 1460 3024 plures
1504 2962 1682 3012 turres

87 3054 276 3110 usque
324 3039 389 3094 ad
434 3048 634 3097 terram
664 3056 901 3108 eversas,
938 3058 1035 3113 per
1068 3059 1225 3099 suum
1269 3044 1679 3103 solertissimum

85 3132 340 3187 studium
366 3139 505 3187 totas
532 3132 780 3188 civitates
824 3140 933 3187 tam
976 3133 1187 3192 Tusciae
1220 3150 1491 3207 quamque
1522 3135 1680 3192 Cam-

86 3223 279 3293 pania:
311 3236 646 3294 congregans
668 3239 775 3279 una
796 3239 921 3279 cum
940 3224 1138 3295 populo
1167 3226 1430 3293 Romano,
1457 3226 1682 3298 ejusque

84 3316 448 3381 suburbanis,
491 3331 592 3372 nec
622 3331 731 3372 non
749 3324 809 3385 et.
826 3325 940 3373 toto
969 3318 1337 3375 ecclesiastico
1358 3320 1682 3389 patrimonio

82 3405 354 3461 omnibus
374 3408 673 3476 praedicans
708 3415 765 3463 et
811 3406 1053 3465 dividens
1085 3425 1153 3466 ex
1189 3410 1491 3480 sumptibus
1533 3409 1683 3480 dapi-

83 3497 312 3566 basque
335 3497 661 3567 apostolicis,
700 3506 870 3557 totam
898 3500 1087 3557 urbem
1116 3501 1175 3561 in
1210 3501 1441 3564 circuitu
1475 3509 1684 3559 restau-

88 3603 235 3643 rans
262 3587 511 3647 universa
550 3592 827 3651 renovavit
859 3599 1022 3662 atque
1051 3593 1352 3652 decoravit.
1373 3592 1682 3651 Praisertim

84 3672 149 3731 et
180 3678 240 3732 in
270 3677 424 3734 altari
460 3679 648 3749 majori
688 3681 929 3743 ecclesia:
953 3682 1099 3739 beati
1127 3684 1274 3745 Petri
1299 3684 1525 3754 apostoli
1554 3682 1683 3741 fecit

80 3783 162 3824 ex
196 3784 335 3823 auro
354 3771 642 3840 purissimo
666 3772 903 3830 diversas
926 3774 1184 3830 historias
1205 3784 1493 3845 pensantes
1517 3775 1682 3832 libras

85 3864 428 3936 quingentas
451 3867 741 3938 nonaginta
764 3874 970 3937 septem
996 3869 1045 3935 δ,
1062 3878 1116 3923 et
1150 3870 1297 3925 intus
1317 3870 1371 3923 in
1395 3868 1684 3925 confessio-

82 3968 168 4010 ne
193 3956 482 4028 imaginem
508 3958 562 4011 in
583 3958 799 4013 modum
821 3959 1218 4031 evangeliorum
1242 3976 1309 4017 ex
1334 3976 1469 4016 auro
1497 3961 1684 4019 obrizo

81 4058 397 4119 pensantes
442 4048 610 4105 libras
656 4050 844 4121 viginti
880 4051 1082 4118 simul,
1149 4061 1205 4107 et
1251 4051 1516 4109 cancellos
1554 4061 1683 4110 ante

78 4138 354 4196 eamdem
377 4139 768 4197 confessionem
804 4156 874 4197 ex
915 4157 1049 4198 auro
1074 4143 1364 4213 purissimo
1394 4152 1684 4215 pensantes

82 4231 282 4285 libras
307 4231 693 4301 quinquaginta
733 4248 867 4299 sex;
913 4234 1008 4304 qui
1054 4231 1182 4288 fecit
1226 4234 1385 4289 simul
1423 4235 1479 4289 in
1522 4234 1683 4290 altari

82 4323 255 4378 intus
284 4322 337 4376 in
364 4336 519 4379 sacra
563 4323 708 4378 ultro
748 4324 991 4397 citroque
1033 4306 1369 4383 confessione
1393 4324 1682 4394 imaginem

83 4416 151 4470 in
190 4413 413 4473 modum
441 4416 858 4488 evangeliorum,
891 4432 991 4474 nec
1013 4434 1122 4474 non
1149 4427 1205 4472 et
1237 4419 1291 4474 in
1317 4418 1560 4488 postibus
1601 4419 1683 4474 in-

72 4506 399 4564 ferioribus
416 4516 473 4563 et
489 4510 857 4579 superioribus
869 4518 1029 4579 atque
1050 4509 1322 4574 cancellis,
1337 4508 1500 4565 simul
1518 4509 1680 4567 etiam

76 4606 149 4651 et
186 4598 341 4653 circa
363 4613 559 4668 corpus
584 4614 652 4661 ex
672 4616 806 4662 auro
831 4601 1019 4657 obrizo
1042 4600 1210 4658 libras
1238 4600 1385 4657 mille
1410 4608 1679 4661 trecentas

76 4690 303 4761 viginti
325 4700 449 4747 octo
474 4703 523 4745 ο.
550 4692 608 4746 In
635 4694 894 4764 vigesimo
923 4694 1071 4749 enim
1094 4692 1303 4765 prmfati
1323 4695 1507 4750 eximii
1544 4709 1679 4765 pon-

75 4781 275 4837 tificis
315 4796 475 4847 anno,
526 4798 711 4839 mense
754 4784 1056 4850 Decembri,
1106 4784 1312 4839 decima
1359 4786 1548 4855 quinta
1598 4785 1681 4840 in-

70 4872 347 4933 dictione
390 4873 582 4930 fluvius
612 4876 822 4931 Tiberis
871 4892 902 4931 a
942 4893 1042 4933 suo
1076 4892 1328 4948 egressus
1360 4877 1514 4931 alveo
1540 4877 1682 4932 intu-

70 4976 358 5021 mescens
381 4980 500 5020 sese
526 4980 625 5037 per
646 4966 968 5036 campeStria
1013 4967 1191 5032 dedit,
1221 4982 1339 5036 quae
1365 4965 1530 5021 etiam
1570 4980 1681 5034 prae

68 5055 277 5111 nimia
307 5054 656 5112 inundatione
695 5064 906 5126 portam
942 5071 1063 5126 quae
1092 5057 1291 5113 dicitur
1314 5056 1575 5112 Flaminia
1600 5056 1683 5110 iu-

62 5160 350 5218 gressus,
373 5147 542 5218 ipsam
567 5162 599 5203 a
626 5147 992 5204 fundamentis
1017 5149 1253 5205 evelleus
1268 5156 1483 5221 portam
1508 5162 1682 5218 usque

164 5313 202 5339 ⁸
232 5299 369 5356 Cod.
394 5300 548 5369 Luc.,
578 5304 838 5358 vestiario.

169 5369 208 5411 δ
232 5368 371 5425 Cod.
398 5368 552 5439 Luc.,‘
586 5371 749 5428 libras
783 5390 926 5429 cxcn

134 5450 201 5489 ορ
235 5439 373 5513 God.
395 5442 547 5507 Luc.,
582 5441 740 5497 simul
764 5454 872 5499 tam
897 5445 951 5497 in
975 5442 1143 5497 altare
1169 5458 1326 5513 quam
1349 5443 1489 5513 intus
1516 5443 1682 5513 iu_su—

50 5527 195 5566 cra
222 5509 364 5594 ultro
385 5514 997 5594 citroqueconpssione,
1026 5530 1117 5566 seu
1142 5509 1367 5582 imagine
1392 5509 1680 5594 inlutos-lum.

50 5579 491 5661 qgugeliornm
523 5579 579 5637 in
622 5579 993 5653 inferioribus,
1030 5592 1204 5661 latque
1252 5579 1483 5636 camella
1526 5581 1682 5661 simul

46 5652 273 5726 aliqua
287 5658 344 5726 et
370 5652 510 5726 circa
535 5652 722 5726 corpus
746 5670 962 5726 exfauro
992 5652 1167 5708 obrizo
1202 5660 1677 5717 nccccxxvm,etc.

158 5716 200 5757 δ
230 5720 365 5774 Cod.
389 5719 544 5785 Luc.,
571 5716 673 5779 tris
699 5724 937 5777 catcicla.

162 5799 202 5829 ι’
234 5787 367 5845 (bd.
402 5791 553 5859 Luc.,
583 5810 868 5860 regummas
892 5809 989 5855 per
1013 5794 1287 5862 porticum.

1777 1958 1940 2013 nimis
1960 1954 2514 2013 m‘lamentationibus
2543 1954 2712 2019 dedit,
2734 1962 2787 2010 et
2808 1951 2956 2009 humi
2979 1946 3034 2007 in
3065 1950 3365 2005 orationem

1774 2054 2082 2117 prostratus
2106 2045 2422 2116 persistens,
2451 2043 2707 2103 misertus
2740 2042 3002 2099 Dominus
3027 2036 3147 2107 ejus
3166 2039 3366 2094 oratio-

1779 2139 1939 2194 nibus
1962 2146 2084 2207 post
2108 2137 2345 2193 triduum
2363 2136 2616 2191 cessavit.
2639 2134 2745 2189 Sed
2769 2149 2868 2203 per
2890 2132 3075 2202 plures
3089 2130 3207 2186 dies
3224 2144 3365 2199 aqua

1774 2232 2010 2288 numam
2031 2228 2261 2285 detinuit
2283 2230 2523 2283 invasam
2542 2225 2666 2295 ;qui
2690 2226 2807 2295 ipse
2827 2222 3128 2293 praxipuus
3139 2220 3367 2277 antistes

1776 2323 1958 2381 divina
1997 2329 2275 2392 permotus
2298 2318 2655 2389 inspiratione
2668 2332 2771 2388 per
2793 2313 3071 2371 naviculas
3094 2314 3120 2355 ⁸
3148 2327 3361 2368 mum

1780 2415 1925 2470 tibus
1954 2413 2041 2467 via
2067 2412 2200 2467 Lata
2227 2411 2347 2467 cibo
2368 2409 2589 2466 advenit
2608 2409 2664 2475 ιι,
2694 2415 2755 2462 ιιι
2780 2421 2886 2463 non
2921 2405 3063 2461 fame
3105 2416 3365 2459 necaren-

1780 2515 1891 2572 tur,
1939 2521 2006 2563 eo
2049 2505 2193 2575 quod
2232 2503 2458 2560 minime
2492 2503 2606 2559 suis
2654 2499 2944 2557 domiciliis
2987 2497 3135 2554 exire
3176 2494 3363 2565 nequi-

1779 2599 1912 2654 bant
1961 2600 1978 2638 ί
2021 2594 2323 2667 praenimis
2367 2592 2652 2650 altitudine
2682 2605 2967 2662 aquarum.
3017 2586 3367 2643 Postmodum

1782 2705 1909 2745 vero
1944 2689 2180 2745 arefacta
2208 2702 2347 2757 aqua
2383 2699 2574 2745 omnes
2601 2699 2667 2739 ex
2694 2684 2808 2754 ipsa
2848 2682 3073 2754 regione
3112 2681 3200 2736 via
3233 2678 3367 2734 Lata

1781 2781 1837 2837 in
1882 2781 2043 2837 domo
2089 2780 2398 2836 consolatus
2442 2786 2545 2835 est.
2590 2775 2738 2832 idem
2785 2790 2916 2830 vero
2967 2772 3369 2830 sactatissimus

1780 2869 1980 2942 praesul
2004 2877 2195 2940 portas
2216 2883 2388 2926 aareas
2418 2860 2654 2937 majores
2690 2866 2843 2922 mira:
2871 2864 3258 2935 magnitudinis
3282 2863 3367 2918 de-

1783 2968 1998 3017 coratas
2040 2960 2279 3016 studiose
2309 2975 2340 3015 a
2367 2959 2583 3016 civitate
2613 2956 2876 3013 Perusina
2898 2955 3171 3012 deducens
3196 2954 3252 3010 in
3276 2954 3291 3007 l
3312 2970 3367 3007 a-

1783 3051 1992 3107 silicam
2045 3052 2189 3106 beati
2229 3050 2376 3109 Petri
2428 3048 2659 3119 apostoli
2723 3050 2793 3103 ad
2866 3047 3094 3105 Turrem
3158 3053 3370 3115 compte

1786 3143 2029 3201 erexiti.
2059 3142 2166 3199 Sed
2193 3149 2249 3197 et
2299 3143 2354 3196 in
2392 3141 2548 3196 titulo
2586 3140 2732 3199 beati
2783 3125 3235 3197 Marci'nutritori
3270 3152 3370 3192 suo

1785 3231 1912 3289 fecit
1938 3241 2188 3304 patenam
2218 3239 2269 3288 ct
2287 3231 2507 3288 calicem
2533 3241 2779 3286 sanctum
2806 3230 2872 3286 de
2893 3245 3027 3284 auro
3052 3228 3366 3301 purissimo,

1783 3335 2078 3395 pensantes
2126 3324 2295 3379 libras
2319 3323 2591 3379 undecim;
2623 3321 2737 3377 lmo
2761 3330 2818 3377 et
2850 3321 3051 3377 calices
3079 3330 3366 3392 argenteos

1782 3390 2017 3486 quatuor
2033 3422 2326 3484 pensantes
2350 3412 2520 3469 libras
2537 3411 2842 3469 duodecim.
3148 3390 3165 3392 —
3383 3390 3411 3413 °

1853 3504 2119 3561 Praeterea
2151 3504 2205 3559 in
2231 3503 2455 3560 basilica
2492 3504 2778 3560 beatorum
2799 3497 3010 3560 (iustine
3038 3506 3093 3557 et
3121 3498 3367 3558 Damiani

1784 3597 2033 3659 sittiiliter
2056 3606 2307 3669 pateuam
2343 3605 2399 3653 et
2420 3595 2646 3653 calicem
2668 3611 2736 3651 ex
2769 3610 2903 3651 auro
2928 3594 3114 3651 obrizo
3139 3608 3368 3664 pensan-

1784 3699 1868 3747 tes
1894 3691 2062 3746 libras
2095 3690 2302 3759 pariter
2340 3689 2591 3746 undecim
2616 3687 2830 3744 obtulit.
2861 3688 3060 3745 Verum
3104 3687 3267 3743 etiam
3311 3694 3369 3740 ct

1782 3785 1840 3840 in
1886 3782 2134 3839 diaconia
2165 3781 2342 3837 sancti
2371 3780 2597 3838 Adriani
2620 3788 2872 3852 patenum
2902 3787 2959 3837 et
2987 3779 3217 3835 calicem
3240 3778 3272 3819 ι
3297 3792 3364 3831 ex

1784 3889 1920 3930 auro
1965 3874 2169 3930 mundo
2216 3871 2448 3929 contudit
2483 3878 2774 3942 pensantes
2808 3869 2972 3927 simul
3006 3870 3178 3927 libras
3204 3868 3369 3924 unde-

1784 3970 1912 4024 cim.
1942 3966 2097 4022 Fecit
2123 3973 2304 4021 autem
2326 3972 2384 4022 et
2410 3964 2467 4020 in
2494 3963 2742 4021 diaeonia
2768 3962 2941 4018 sancti
2969 3960 3194 4016 Adriani
3223 3975 3370 4015 mar-

1785 4061 1920 4132 tyris
1943 4074 2103 4115 arcus
2129 4059 2196 4115 de
2223 4065 2447 4129 argento
2469 4058 2607 4114 duos
2640 4062 2931 4126 pensantes
2960 4054 3128 4109 libras
3152 4052 3366 4122 viginti.

1855 4153 1925 4207 Et
1952 4152 2008 4206 in
2041 4150 2267 4207 basilica
2303 4157 2506 4205 sanctae
2547 4147 2792 4203 Martium
2829 4159 2992 4201 arcus
3024 4144 3094 4201 de
3140 4154 3369 4213 argento

1784 4252 1897 4300 tres
1938 4247 2231 4314 pensantes
2268 4240 2434 4297 libras
2489 4238 2733 4309 triginta.
2772 4237 2887 4291 imo
2938 4242 2995 4289 et
3042 4232 3098 4288 iu
3138 4230 3367 4287 ecclesia

1783 4346 1998 4405 semper
2028 4329 2253 4403 virginis
2304 4326 2505 4393 Μανία),
2545 4341 2665 4398 qua:
2693 4325 2762 4381 ad
2798 4322 3377 4425 Martyres.vocatur,.

1785 4422 2063 4481 renovavit
2090 4420 2370 4494 cyburium
2403 4416 2712 4492 [cibarium1
2738 4419 2807 4475 de
2852 4414 3109 4489 argento:
3127 4414 3273 4486 quod
3298 4429 3375 4469 ex

1708 4536 1761 4598 υ
1785 4519 2052 4571 vetustate
2072 4518 2451 4581 consumptum
2473 4518 2593 4568 erat
2609 4550 2635 4577 ,_
2648 4519 2705 4565 et
2730 4508 2936 4567 addidit
2956 4552 2961 4557 .
2984 4508 3040 4565 in
3066 4520 3133 4564 eo
3156 4505 3366 4576 argenti

1780 4607 1949 4664 libras
1973 4604 2277 4676 sexaginta,
2300 4611 2358 4661 et
2388 4603 2443 4659 in
2463 4603 2753 4674 pristinum
2779 4616 2907 4658 eum
2933 4600 3111 4657 erexit
3152 4598 3368 4655 naviter

1779 4700 1978 4756 locum.
2010 4698 2118 4754 Sed
2143 4705 2197 4753 et
2220 4712 2407 4753 arcum
2452 4698 2509 4754 in
2554 4695 2745 4752 eadem
2786 4693 3084 4750 venerabili
3135 4692 3366 4749 ecclesia

1780 4790 1910 4846 fecit
1955 4789 2024 4846 de
2071 4795 2297 4860 argento
2326 4794 2646 4862 pensantem
2692 4784 2861 4841 libras
2905 4782 3208 4839 duodecim.
3266 4781 3368 4837 llic

1777 4883 2126 4941 beatissimus
2172 4878 2413 4951 pontifex
2449 4878 2632 4935 omnia
2658 4877 2865 4933 utiliter
2890 4876 3208 4945 uoviterque
3231 4874 3366 4933 fecit

1780 4980 1894 5027 tam
1936 4973 1994 5027 in
2039 4970 2398 5041 eleemosyuis
2444 4980 2750 5039 pauperum
2786 4980 3058 5037 quamque
3103 4966 3159 5020 in
3192 4979 3359 5022 orna-

1780 5063 1978 5121 mentis
2024 5068 2334 5120 Sanctarum
2393 5059 2744 5116 ecclesiarum
2793 5057 3101 5129 proﬁciens.
3158 5056 3360 5113 Verum

1782 5152 1947 5207 etiam
1977 5168 2195 5209 cursum
2219 5165 2603 5206 consummatis
2629 5156 2793 5220 atque
2821 5148 2979 5203 [idem
3008 5148 3363 5207 orthodoxam

1862 5304 1882 5346 ί
1915 5305 2045 5361 Cod.
2072 5305 2232 5370 an.,
2257 5304 2469 5359 olm’nm.

1857 5379 1882 5417 ⁸
1908 5374 2040 5434 Cod.
2072 5376 2229 5439 l.uc.,
2256 5391 2349 5445 per
2375 5376 2620 5431 sandalu.

1853 5447 1879 5487 ιι
1915 5446 2048 5500 Cod.
2075 5444 2228 5505 Luc.,
2253 5444 2444 5500 alebat.

1861 5520 1875 5557 i
1909 5515 2041 5587 (iud.
2068 5515 2223 5587 [sucu
2250 5515 2486 5587 quibam.

1857 5589 1872 5637 t
1912 5586 2042 5648 Cod.
2075 5585 2230 5650 Luc.,
2264 5585 2546 5641 conterea'it

1855 5656 1881 5695 ¹ι
1909 5654 2041 5710 Cod.
2072 5654 2226 5723 Luc,
2256 5655 2424 5710 sancti
2450 5655 2671 5713 Adriani
2698 5658 2869 5713 instar
2907 5668 3110 5729 potem?
3144 5655 3358 5712 calicem

1781 5742 1864 5792 thr,
1889 5733 1990 5783 etc.
2152 5740 2157 5747 ‘
