3950 6312
517 302 654 389 tati

1063 399 1395 474 EPISTOLA
1424 413 1536 470 LII.-

1011 523 1079 562 AD
1109 521 1354 562 CABOLUH
1380 519 1576 560 REGE“.

504 594 851 655 llel’clluntur
886 596 1219 668 obiectiones
1242 604 1429 653 contra
1476 597 1763 667 septimam
1798 595 2083 666 synodum.

581 690 786 755 Domno
825 690 1294 754 excellentissimo,
1346 697 1451 745 etc.
1510 687 1733 760 Reliqua
1786 687 1900 742 ride
1951 687 2089 740 inter

513 776 685 848 Opera
706 779 771 833 B.
806 777 983 833 Caroli
1010 778 1215 848 Magni,
1238 788 1376 833 tomo
1400 788 1456 832 ut
1477 794 1657 849 supra,
1685 775 1788 831 col.
1826 774 1984 831 1247.

1037 878 1043 885 ’
1061 887 1394 945 EPISTOLA
1424 889 1551 953 Llll,

512 959 631 1025 Qua
660 960 961 1029 conceditur
986 960 1310 1029 privilegium
1350 960 1665 1029 monasterio
1693 960 1858 1013 sancti
1886 958 2086 1028 Diony-

576 1029 644 1082 sii
668 1029 723 1081 in
752 1027 1045 1092 Parisiaco,
1064 1038 1119 1081 ut
1141 1030 1409 1099 proprium
1429 1029 1476 1082 ei
1501 1027 1651 1083 liceat
1679 1029 1868 1084 habere
1893 1027 2087 1099 episco-

577 1113 724 1167 pum.

502 1217 508 1225 ε
574 1185 844 1242 Adrianus
860 1187 1142 1257 episcopus
1165 1203 1354 1243 servus
1378 1202 1656 1243 servorum
1685 1187 1802 1253 Dei,
1844 1186 2087 1258 Magiua-

502 1276 588 1347 rio
637 1276 887 1348 religioso
950 1278 1131 1333 abbati
1166 1277 1486 1334 venerabilis
1543 1277 1855 1331 monasterii
1910 1277 2083 1333 sancti

503 1358 702 1422 Christi
729 1368 985 1439 martyris
1010 1367 1284 1439 Dionysii,
1317 1367 1407 1423 siti
1429 1368 1483 1422 in
1509 1366 1783 1424 Parisiaco
1804 1408 1818 1428 .
1866 1367 1954 1422 ubi
1988 1383 2081 1421 vc-

502 1457 741 1512 nerabile
788 1457 959 1513 sancti
987 1470 1185 1528 corpus
1235 1458 1482 1528 quiescit,
1534 1467 1591 1513 et
1613 1474 1712 1529 per
1752 1472 1876 1514 eum
1906 1459 2081 1513 eidem

501 1547 792 1604 venerabili
830 1550 1157 1605 monasterio
1189 1551 1243 1604 in
1271 1560 1611 1619 perpetuum.

569 1636 709 1692 Tum
736 1626 959 1694 summae
980 1623 1286 1708 apostolicte
1314 1632 1591 1710 dignitatis
1613 1655 1749 1710 apex
1776 1641 1828 1695 in
1856 1640 1961 1696 hoc
1998 1642 2081 1697 di-

502 1725 610 1780 vini
638 1734 955 1796 prospectus
982 1728 1159 1784 nitore
1203 1729 1536 1800 dignoscitur
1575 1730 1911 1801 pra-fulgere,
1954 1746 2077 1786 cum

502 1907 703 1963 laboris
720 1909 974 1965 exhibere
988 1918 1283 1967 certamen.
1309 1913 1389 1969 0b
1407 1915 1509 1969 hoc
1529 1915 1707 1968 debita
1721 1931 1819 1969 nos
1839 1914 2078 1983 ejusdem

500 2000 809 2071 apostolicae
853 2004 1143 2073 pastoralis
1200 2006 1459 2076 compulit
1502 2006 1879 2062 sollicitudinis
1928 2023 2076 2072 cura,

498 2106 725 2163 quaeque
742 2092 811 2148 ad
839 2094 1188 2150 stabilitatem
1210 2096 1423 2167 piorum
1448 2097 1722 2167 pertinere
1747 2097 2083 2168 dignoscitur

498 2182 762 2250 locorum,
799 2185 1034 2241 ubertim
1066 2186 1416 2263 promulgari,
1464 2196 1628 2257 atque
1664 2188 1920 2243 olitanam
1947 2202 2079 2242 con-

497 2273 839 2330 suetudinem
882 2275 1086 2331 eisdem
1141 2277 1537 2333 venerabilibus
1583 2276 1718 2333 locis
1772 2276 2082 2347 apostolicae

498 2347 857 2422 institutionis
897 2351 1125 2422 censura
1171 2368 1501 2422 conﬁrmari.
1545 2367 1717 2440 Igitur
1746 2368 1871 2438 quia
1896 2378 2084 2440 postu-

497 2454 650 2510 lastis
674 2470 706 2509 a
732 2456 910 2522 nobis,
936 2463 1203 2527 quatenus
1222 2457 1582 2528 privilegium,
1621 2458 1766 2529 quod
1786 2459 2083 2527 prmdeces-

494 2548 637 2603 suris
687 2550 859 2604 nostri
912 2556 1113 2605 sancta:
1163 2549 1552 2605 recordationis
1595 2550 1779 2605 domni
1820 2546 2080 2621 Stephani

495 2636 719 2706 junioris
738 2644 889 2708 papze
915 2638 969 2692 in
1009 2639 1268 2711 praedicto
1296 2639 1624 2707 monasterio
1648 2648 1829 2695 vestro
1869 2647 2082 2709 aposto-

495 2725 601 2781 lica
648 2724 765 2795 ejus
787 2730 968 2784 sanxit
1003 2731 1319 2795 auctoritas,
1348 2731 1565 2786 demum
1588 2730 2032 2786 conﬁrmaremus
2057 2748 2071 2787 :

495 2815 699 2872 idcirco
720 2819 915 2873 vestris
935 2829 1233 2875 annnentes
1256 2820 1414 2887 votis,
1438 2821 1647 2890 prmlati
1666 2821 2082 2891 prmdeccssors

495 2908 663 2963 nostri
690 2910 1047 2966 institutionis
1075 2913 1351 2979 decretum
1390 2928 1613 2984 prorsus
1657 2912 1970 2982 apostolicis
1992 2914 2078 2968 in-

494 2996 621 3054 fulis
640 3000 949 3066 sancimus,
979 3001 1246 3072 simulque
1274 3004 1464 3060 eadem
1493 3005 1814 3079 roboramus
1855 3014 2095 3074 aposto~
2114 3079 2135 3089 _

495 3087 596 3146 lica
633 3090 687 3144 in
717 3106 832 3147 aevo
856 3094 1017 3149 serie.
1047 3092 1388 3164 Quapropter
1414 3095 1737 3151 auctoritate
1764 3095 1907 3150 beati
1928 3096 2078 3152 Petri

494 3183 860 3252 apostolorum
889 3176 1148 3257 principis
1196 3184 1334 3253 fulti,
1368 3188 1421 3241 in
1454 3178 1569 3256 jam
1599 3188 1743 3243 dicto
1784 3188 2080 3244 venerabili

496 3275 829 3330 monasterio
848 3284 1149 3332 statuentes
1162 3278 1582 3349 promulgamus,
1610 3286 1669 3333 ut
1689 3279 1902 3347 penitus
1922 3279 2081 3334 liccat

495 3362 698 3419 ibidem
729 3364 929 3421 habere
948 3367 1279 3438 episcopum,
1307 3369 1448 3424 sicut
1476 3383 1506 3422 a
1532 3369 1727 3438 priscis
1750 3370 2081 3439 temporibus

499 3462 556 3509 et
583 3444 1042 3526 usque-hactenus
1068 3458 1190 3526 fuit,
1215 3475 1311 3530 per
1337 3460 1489 3530 cujus
1517 3461 1952 3531 pnedicationem
1985 3477 2082 3533 po-

496 3545 655 3615 pulus
674 3547 766 3617 qui
795 3564 825 3603 a
854 3548 1085 3605 diversis
1122 3552 1432 3623 regionibus
1474 3552 1667 3609 devota
1695 3566 1875 3611 mente
1900 3557 2079 3629 quoti-

495 3637 581 3692 die
609 3637 679 3692 ad
733 3649 921 3696 sancta
965 3642 1207 3712 ejusdem
1236 3647 1491 3718 martyris
1530 3646 1733 3704 Christi
1767 3650 2079 3707 monasterii

495 3726 681 3783 limina
709 3734 1040 3797 convenerit,
1068 3737 1363 3793 remedium
1397 3742 1656 3811 consequi
1680 3749 1951 3801 mereatur
1971 3745 2081 3807 ani.-

497 3831 730 3875 marum.
759 3818 826 3872 Et
851 3825 1068 3889 quando
1087 3827 1372 3896 episcopus
1408 3828 1619 3896 pncfati
1652 3832 1826 3886 sancti
1868 3834 1970 3888 loci
2013 3835 2081 3890 de

496 3905 601 3962 hoc
625 3909 823 3965 sarculo
851 3911 1184 3982 migraverit,
1222 3927 1277 3972 et
1313 3918 1452 3975 alius
1498 3922 1566 3975 ab
1591 3924 1783 3978 abbate
1815 3934 1869 3980 et
1898 3942 2081 3982 mona-

496 3997 614 4052 chis
642 3997 839 4067 dignus
867 4002 1074 4060 electus
1102 4004 1286 4073 fuerit,
1310 4008 1427 4065 sine
1451 4011 1690 4082 qualibet
1711 4019 2078 4075 controversia

497 4103 598 4161 pro
620 4088 952 4161 longitudine
974 4096 1185 4154 itineris
1199 4140 1214 4165 ,
1236 4116 1267 4155 a
1290 4102 1481 4158 vicinis
1493 4104 1780 4176 episcopis,
1803 4109 1943 4164 sicut
1963 4126 2078 4167 mos

496 4180 725 4246 astitit,
755 4195 1118 4242 consecretur.
1147 4188 1307 4256 Quod
1324 4192 1368 4246 si
1397 4208 1495 4263 pro
1523 4194 1762 4264 qualibet
1795 4200 2079 4257 occasione

496 4266 591 4325 aut
615 4270 816 4329 invidia
862 4277 1144 4334 ordinandi
1183 4296 1243 4336 se
1272 4283 1601 4353 distulerint,
1638 4294 1771 4344 tunc
1800 4290 2076 4348 licentiam

497 4357 788 4419 tribuimus
805 4372 865 4420 ut
891 4366 959 4423 ad
986 4362 1187 4425 sedem
1208 4374 1579 4443 apostolicam,
1607 4392 1730 4434 cum
1766 4382 2076 4439 testimonio

1865 304 2143 361 ADRIANI
2181 303 2383 361 PAP/E
2420 307 2443 362 Ι

2115 417 2165 487 Δ
2193 415 2539 471 emendanda,
2577 424 2633 472 et
2679 418 2998 490 corrigenda
3044 431 3191 489 sunt,
3229 440 3357 481 cum
3382 441 3666 489 omnes
3694 438 3776 488 ab-

3650 322 3783 377 12ιὲ

2187 504 2330 561 batis
2357 506 2443 561 sui
2463 508 2728 563 canamica
2754 511 3164 570 institutioneet
3198 520 3499 574 secundum
3527 524 3773 580 orrﬁnen

2186 602 2378 650 cuncta
2407 607 2650 667 peragat.
2681 599 2739 654 Si
2767 615 2896 655 vero
2918 604 3167 671 quaelibet
3199 606 3473 665 discordia
3504 612 3659 668 inter
3704 618 3774 669 vi-

2188 685 2339 741 cinos
2361 688 2662 757 episcopos,
2697 706 2790 746 seu
2816 693 3128 764 episcopum
3153 700 3402 766 prmdicti
3433 708 3776 769 monasterii,

2187 776 2331 846 quod
2358 793 2466 835 non
2492 790 2759 852 optamus,
2781 790 2899 838 orta
2923 782 3106 848 fuerit,
3134 788 3311 844 nullus
3336 792 3564 856 audeat,
3582 796 3776 851 abbate

2184 868 2409 925 minime
2447 881 2737 938 annuente,
2782 875 2977 937 sturnus
3022 879 3282 934 nominati
3310 886 3638 939 monasterii
3675 890 3776 958 cpi.

2185 957 2409 1034 scopum
2437 958 2758 1032 distringere
2796 964 2880 1019 vel
2927 966 2983 1019 in
3023 968 3261 1037 qualibet
3295 971 3556 1041 judicare

2185 1045 2338 1114 Quod
2363 1047 2410 1102 si
2434 1049 2602 1106 abbas
2628 1050 2873 1121 ejusdem
2911 1061 3226 1114 monasterii
3256 1061 3366 1117 ullo
3392 1065 3561 1120 modo
3596 1045 3771 1123 value

2186 1135 2257 1190 rit
2286 1136 2430 1191 inter
2465 1152 2563 1194 eos
2595 1140 2910 1210 declamari,
2948 1148 3152 1204 nostris
3180 1153 3499 1218 apostolicis
3528 1160 3771 1214 everiiant

2184 1226 2459 1284 obtutibus
2480 1234 2765 1289 concordia
2797 1235 3146 1295 reformandi.
3191 1240 3515 1301 Statuentes
3560 1259 3771 1318 aposto-

2185 1315 2286 1372 lica
2316 1333 2543 1374 censura
2585 1323 2684 1378 sub
2712 1324 2877 1380 divini
2910 1323 3101 1394 judicii
3142 1327 3533 1400 obtestatione,
3559 1315 3616 1391 et
3650 1356 3771 1394 ana-

2184 1408 2435 1465 thematis
2461 1411 2982 1482 interpositionibus,
3013 1425 3074 1471 ut
3093 1419 3275 1474 nullus
3298 1438 3550 1494 unquam
3576 1438 3771 1483 nostro-

2184 1512 2306 1551 rum
2334 1513 2703 1557 successorum
2732 1496 3067 1572 pontiﬁcum,
3094 1518 3187 1563 aut
3212 1511 3464 1580 qualibet
3497 1515 3767 1584 dignitatis

2180 1590 2438 1658 praeditus
2478 1600 2762 1663 potestate,
2799 1597 2878 1655 vel
2918 1599 3023 1653 alia
3060 1616 3390 1675 quacunque
3418 1620 3623 1677 magna
3649 1625 3763 1678 par-

2183 1696 2355 1752 vaque
2388 1699 2641 1753 persona,
2670 1697 2963 1756 praesumat
2998 1699 3186 1747 contra
3214 1694 3321 1750 hoc
3364 1706 3622 1752 nostrum
3655 1715 3767 1769 apo-

506 1758 610 1780 Vllll
638 1758 955 1796 γιυδγῦυειιδ
982 1758 1159 1784 11119111⁷0
1203 1758 1535 1800 υιδιιυδυιιυι*
1576 1758 1911 1801 μιῖιειυιδιπε,
1954 1758 2077 1786 υιιιιι
2113 1758 2157 1823 Β
3293 1804 3307 1816 ⁸

502 1817 556 1871 ίιι
597 1819 911 1873 exercendis
953 1819 1048 1874 Dei
1084 1818 1334 1875 laudibus
1365 1822 1447 1876 sui
1510 1822 1805 1892 impensius
1844 1824 2081 1879 studebit
2138 1836 2143 1845 '
2183 1862 2395 1892 “mum
2454 1877 2615 1892 _,___A
2661 1871 2851 1892 “Am;
3125 1884 3138 1892 _
3293 1826 3307 1839 ’
3342 1880 3380 1892 ,,
3622 1882 3635 1892 ,
3700 1883 3713 1892 ,

2183 1862 2398 1947 ﬁrmum
2452 1877 2617 1938 atque
2660 1871 2854 1927 stabile
2891 1874 3095 1929 nostris
3124 1880 3473 1948 temporibus
3501 1880 3640 1936 illud
3683 1883 3763 1937 de-

2182 1942 2455 2013 cernimus
2503 1963 2954 2031 permanendum.
3009 1965 3065 2020 Si
3117 1970 3242 2037 quis
3296 1978 3489 2025 autetn
3541 1974 3764 2042 quislibet

2181 2054 2443 2114 tempore,
2469 2050 2613 2117 quod
2634 2051 2780 2105 nullo
2802 2054 2962 2109 modo
2985 2054 3279 2123 credimus,
3308 2058 3481 2126 hujus
3500 2060 3761 2116 decretum

2180 2136 2451 2209 privilegii
2491 2142 2786 2211 apostolica
2817 2146 3142 2203 auctoritate
3185 2149 3493 2214 ﬁrmatum,
3523 2154 3579 2207 in
3602 2161 3757 2208 totum

2180 2228 2266 2285 vel
2311 2229 2366 2285 in
2405 2240 2558 2302 parte
2589 2240 2857 2293 temerare
2884 2240 3191 2304 tentaverit,
3218 2255 3493 2311 suamque
3516 2259 3761 2313 prauu—

2180 2320 2420 2390 ptionem
2448 2323 2607 2393 digna
2645 2328 3023 2384 emendatione
3048 2324 3230 2386 minus
3270 2335 3599 2398 correxerit,
3640 2335 3760 2389 sciat

2182 2422 2240 2463 se
2293 2412 2615 2468 auctoritate
2674 2415 2876 2470 domini
2912 2418 3055 2473 beati
3103 2421 3476 2489 apostolorum

2180 2496 2328 2553 Petri
2356 2501 2714 2559 anathematis
2732 2505 2946 2562 vinculo
2968 2524 3089 2565 esse
3103 2511 3441 2577 innodatum,
3463 2525 3517 2568 et
3544 2531 3576 2568 ει
3600 2531 3765 2585 regno

2183 2588 2279 2646 Dei
2306 2591 2565 2659 alienum,
2599 2604 2761 2665 atque
2782 2614 2909 2653 cum
2941 2599 3155 2655 diabolo
3177 2610 3235 2657 et
3255 2602 3379 2669 ejus
3399 2606 3753 2661 atmdssimis

2181 2682 2393 2750 pompis
2421 2685 2610 2739 mterni
2656 2686 2890 2743 incendii
2929 2690 3193 2760 supplicio
3226 2693 3523 2765 deputatam
3549 2703 3606 2749 et
3631 2710 3763 2763 per-

2180 2778 2358 2839 petua:
2387 2772 2823 2834 condemnationi
2867 2780 3235 2836 summissum.
3267 2782 3339 2837 At
3376 2799 3498 2839 vero
3524 2786 3627 2851 qui
3670 2786 3764 2839 oi;-

2182 2871 2427 2918 servator
2464 2873 2519 2919 et
2571 2876 2754 2922 custos
2781 2868 2940 2937 hujus
2968 2858 3141 2926 nostri
3168 2874 3452 2944 apostolici
3495 2875 3763 2946 privilegii

2181 2954 2468 3020 exstiterit,
2498 2958 2890 3017 benedictionis
2925 2963 3153 3032 gratiam
3197 2965 3477 3034 vitamque
3507 2976 3762 3021 aeternam

2183 3060 2214 3097 a
2233 3045 2739 3105 misericordissima
2765 3049 2993 3107 Domino
3027 3052 3136 3107 Deo
3162 3061 3348 3108 nostro
3369 3057 3639 3123 consequi
3664 3072 3766 3109 me-

2184 3144 2384 3190 rcatur.
2419 3136 2689 3209 Scriptum
2711 3152 2809 3210 per
2833 3157 3052 3196 manum
3086 3143 3469 3213 ChristOphori
3490 3148 3696 3201 notarii
3715 3158 3765 3201 et

2182 3229 2454 3284 scriniarii
2472 3232 2615 3286 sedis
2627 3242 2842 3297 nostraz,
2872 3234 2927 3290 in
2950 3250 3135 3291 mense
3160 3235 3347 3301 iunio,
3371 3238 3679 3295 indictione
3695 3255 3781 3305 u.‘

2180 3318 2323 3374 Bene
2348 3319 2541 3375 valete.
2574 3321 2769 3377 Datum
2792 3323 3044 3381 Kalendis
3065 3325 3222 3382 Juliis
3258 3343 3358 3397 per
3378 3344 3613 3384 manum
3638 3330 3767 3384 Ana-

2180 3412 2359 3481 stasiii
2388 3413 2704 3482 primicerii,
2734 3426 2994 3488 regnante
3018 3418 3246 3474 Domino
3273 3420 3388 3476 Deo
3410 3429 3473 3475 et
3500 3423 3764 3477 salvatore

2178 3502 2307 3560 Iesu
2331 3503 2568 3571 Christo,
2607 3522 2730 3562 cum
2748 3507 2858 3564 Deo
2883 3507 3043 3563 Patre
3064 3512 3460 3580 omnipotente,
3485 3522 3543 3567 et
3566 3513 3766 3584 Spiritl

2180 3601 2387 3663 saneto,
2415 3610 2513 3666 per
2537 3595 2745 3653 inﬁnita
2768 3598 2984 3653 satcula.
3011 3598 3187 3664 Anno,
3216 3600 3330 3655 Deo
3359 3603 3625 3673 propitio,
3648 3619 3765 3672 pal-

2181 3690 2414 3746 tiﬁcatus
2472 3692 2674 3747 domini
2711 3693 2883 3748 nostri
2936 3694 2989 3749 in
3046 3694 3343 3764 apostolica
3396 3698 3767 3753 sacratissima

2178 3780 2324 3836 beati
2352 3781 2494 3836 Petri
2529 3784 2656 3837 sede
2671 3798 2762 3846 xv,
2792 3783 3084 3839 indictione
3107 3799 3183 3839 ix.

2717 3872 3056 3929 EPISTOLA
3088 3862 3158 3930 LI
3167 3874 3226 3927 ν.

2352 3979 2421 4018 Αἰ)
2461 3978 2716 4018 τιιρικυιι
2754 3977 3201 4023 ARCHIEPISCOPUJI
3242 3980 3595 4021 Wlﬁm.

2178 4053 2467 4125 Conﬁrmat
2499 4069 2627 4125 nouo
2660 4054 2930 4125 priuilegio
2957 4056 3175 4125 antiqua
3202 4056 3337 4124 jura
3372 4057 3619 4111 ecclesia
3640 4058 3767 4111 Rho

2246 4122 2457 4198 Mensis,
2491 4133 2539 4176 et
2558 4122 2631 4198 de
2662 4122 2814 4198 μαιζο
2849 4122 3090 4194 episcopo
3121 4122 3441 4195 Moguntina
3468 4128 3769 4198 inmori

2245 4204 2292 4249 et
2313 4194 2383 4247 ad
2408 4210 2463 4248 se
2490 4194 2674 4263 referri
2695 4194 2867 4264 jubet.

2246 4283 2517 4340 Adrianus
2563 4285 2849 4355 episcopus
2896 4300 3085 4341 servus
3129 4299 3415 4340 servorum
3464 4287 3584 4352 Dei,
3618 4303 3771 4344 reve-

2176 4374 2499 4430 rendissiino
2539 4383 2594 4429 et
2635 4376 2975 4431 sanctissimo
3009 4374 3270 4431 conti-atri
3306 4388 3506 4433 nostro
3533 4379 3767 4449 Tilpino,

499 4454 711 4512 abbatis
761 4464 816 4513 et
865 4460 1272 4530 monachorum,
1323 4470 1558 4538 propriis
1594 4487 1784 4528 eorum
1829 4478 2077 4534 manibus

2185 4466 2420 4522 ecclesia:
2446 4465 2737 4522 Rhemensi
2768 4466 3193 4538 archiepiscopo.
3262 4520 3265 4529 ,

501 4544 661 4602 simul
696 4547 971 4605 decretum
1003 4553 1364 4625 subscriptum
1410 4558 1607 4625 ferens,
1656 4568 2078 4625 consecrationis

499 4652 661 4693 causa
685 4640 935 4697 adveniat
961 4652 1017 4698 et
1036 4649 1499 4705 consecrationem
1530 4653 1781 4724 accipiat,
1811 4658 1937 4727 quia
1981 4675 2079 4715 no-

499 4725 675 4787 lumus
694 4735 755 4784 ut
774 4730 956 4788 lumen
999 4736 1143 4805 quod
1165 4738 1362 4794 ibidem
1383 4741 1644 4799 hactenus
1665 4753 1813 4803 tanto
1829 4725 2081 4822 tempore

498 4834 596 4890 per
620 4824 990 4895 episcoporum
1022 4830 1458 4898 praedicationem
1491 4837 1705 4903 claruit,
1726 4841 1928 4897 nostris
1950 4850 2082 4898 tem-

498 4913 720 4985 poribus
735 4917 1128 4989 exstinguatur.
1153 4920 1220 4975 Et
1240 4938 1398 4981 nemo
1410 4925 1783 4998 episcOporum
1806 4932 2081 5000 parochia-

501 5003 587 5059 nis
624 5005 680 5060 in
721 5008 946 5078 praefato
992 5014 1347 5081 monasterio,
1396 5015 1451 5071 in
1501 5018 1667 5085 cellis,
1708 5020 1969 5090 ecclesiis,
1996 5025 2081 5081 vel

502 5092 691 5175 titulis,
741 5112 836 5153 seu
870 5102 1121 5167 oraculis,
1168 5105 1268 5159 sub
1307 5105 1510 5162 ditione
1561 5107 1730 5177 ipsius
1771 5098 2081 5171 constitutis

501 5182 869 5244 ordinationes
897 5189 1095 5256 facere,
1118 5194 1233 5248 sive
1256 5208 1356 5264 pro
1393 5195 1686 5254 chrismate
1720 5200 2077 5269 conﬁciendo,

502 5282 563 5327 ut
602 5290 923 5362 quacunque
961 5283 1230 5351 exquisita
1273 5299 1352 5351 re,
1396 5300 1574 5356 agere,
1604 5297 1696 5343 aut
1734 5290 2078 5362 distringere,

507 5362 589 5452 vel
616 5361 683 5418 ad
706 5378 765 5419 se
786 5366 1130 5438 presbyteros
1161 5387 1458 5429 convocare
1486 5388 1800 5446 praesumat.
1832 5361 1942 5435 Sed
1983 5397 2082 5452 per

504 5451 645 5507 hanc
666 5454 1041 5511 auctoritatem
1064 5461 1344 5528 apostolici
1368 5463 1636 5536 privilegii
1659 5469 1848 5537 nostri,
1874 5451 2082 5540 cpisco-

501 5558 604 5614 pns
640 5559 708 5598 ex
738 5545 856 5613 ipso
884 5549 1177 5604 venerabili
1220 5555 1550 5611 monasterio
1592 5561 1850 5615 canonice
1892 5577 2078 5617 curam

502 5635 830 5723 pastoralem
867 5635 1242 5696 sollicitudinis
1291 5644 1577 5702 ministerii
1617 5649 1720 5715 sui,
1767 5652 1819 5706 in
1845 5653 2081 5723 praelatis

502 5722 711 5795 [Hard.
734 5725 995 5802 pnefatis]
1017 5727 1386 5797 adjacentibus
1409 5735 1540 5795 locis
1562 5738 1754 5796 habeat
1780 5752 1835 5841 et
1850 5722 2081 5816 quaeque

2247 4556 2382 4624 Quia
2411 4558 2478 4613 ad
2503 4557 2819 4628 petitionem
2851 4559 3107 4629 spiritalis
3134 4557 3228 4613 ﬁlii
3256 4562 3431 4617 nostri
3461 4572 3521 4617 et
3549 4564 3774 4635 gloriosi

2177 4648 2320 4719 regis
2342 4647 2675 4713 Francorum
2702 4647 2899 4716 Caroli,
2929 4651 3203 4719 prazbente
3236 4651 3335 4707 tibi
3366 4653 3583 4707 bonum
3620 4656 3774 4709 testi-

2178 4741 2418 4795 monium
2440 4740 2506 4794 de
2534 4744 2825 4797 sanctitate
2864 4751 2922 4796 et
2941 4742 3191 4797 doctrina
3214 4743 3459 4800 Fulrado
3492 4747 3775 4802 amabilis-

2179 4831 2317 4886 simo
2357 4831 2567 4897 abbate,
2597 4830 2838 4888 Francia:
2883 4834 3376 4907 archipresbyteri),
3410 4837 3651 4908 pallium
3690 4855 3776 4895 se-

2179 4924 2415 4980 cundum
2457 4924 2898 4979 consuetudinem
2938 4926 3033 4981 tibi
3077 4928 3449 4983 transmisisse
3494 4946 3621 4995 nos,
3650 4947 3776 4986 cum

2177 5014 2479 5086 privilegio,
2509 5023 2569 5070 ut
2600 5015 2910 5086 metropolis
2943 5017 3175 5075 ecclesia
3206 5018 3544 5079 Rhemensis
3583 5025 3640 5079 in
3680 5038 3779 5077 sna

2181 5112 2325 5159 statu
2371 5111 2630 5170 maneret,
2664 5105 2801 5161 bene
2831 5121 3217 5164 memoramus.
3265 5109 3379 5164 Tua
3405 5127 3548 5167 vero
3580 5114 3782 5169 frater-

2180 5193 2321 5249 nitas
2367 5195 2523 5250 nobis
2570 5194 2786 5260 retulit,
2848 5195 2974 5267 quia
3022 5196 3256 5255 faciente
3298 5202 3587 5261 discordia
3632 5207 3783 5263 ima

2180 5284 2451 5351 Francos,
2495 5287 2930 5357 archiepiscopus
2963 5288 3304 5356 Rhemensis,
3344 5295 3580 5351 nomine
3607 5297 3785 5367 Rigo-

2179 5375 2384 5442 bertus,
2429 5392 2460 5430 a
2487 5378 2612 5433 sede
2640 5386 2829 5432 contra
2863 5394 3100 5436 canones
3144 5378 3390 5450 dejectus
3425 5394 3483 5440 et
3515 5389 3787 5458 expulsus

2180 5463 2301 5532 fuit,
2336 5467 2454 5522 sine
2496 5466 2606 5521 ullo
2645 5467 2874 5523 crimine
2900 5477 2954 5522 et
2987 5471 3105 5525 sine
3144 5471 3254 5527 ullo
3280 5475 3604 5543 apostolicae
3630 5481 3789 5535 sedis

2183 5572 2451 5614 consensu
2490 5559 2574 5613 vel
2616 5561 3058 5632 interrogatione,
3104 5564 3199 5620 sed
3243 5564 3594 5626 solummodo
3630 5575 3788 5643 quod

2185 5658 2340 5706 antea
2369 5668 2476 5707 non
2501 5654 2775 5710 consensit
2800 5655 2853 5710 in
2882 5664 3036 5727 parte
3060 5657 3204 5714 illius
3228 5661 3320 5727 qui
3345 5670 3539 5730 postea
3562 5679 3790 5733 mrtem

2186 5744 2331 5801 illam
2350 5742 2417 5801 de
2438 5759 2604 5815 regno
2628 5745 2684 5801 in
2708 5761 2803 5801 sua
2834 5756 3103 5815 potestate
3123 5750 3357 5821 accepit,
3392 5752 3447 5807 in
3472 5768 3583 5824 qua
3620 5766 3789 5826 parte
