3950 6312
211 336 348 398 HIS

1617 321 1998 384 EPISTOLIE.

3297 333 3439 392 ﬂii

199 451 524 510 {inmensis
575 451 767 508 civitas
819 459 937 520 est;
1001 460 1057 508 et
1105 450 1336 507 donatus
1391 455 1554 518 atque
1598 443 1776 517 magis
1801 439 1852 500 Δ
1877 441 2076 496 saeculo
2104 441 2492 498 evocationem.
2545 441 2730 514 Neque
2752 441 2948 514 aliquis
2989 451 3110 501 tuas
3137 445 3442 516 parochias,

203 549 492 614 usurpatas
519 549 706 598 contra
731 543 898 597 Deum
925 551 981 599 et
1009 539 1124 610 ejus
1149 539 1524 596 auctoritatem
1554 534 1654 590 fuit
1680 533 1771 590 ille

201 637 542 708 episcopatus
568 633 728 690 simul
752 650 875 689 cum
902 632 1008 688 alio
1033 633 1344 702 episcopatu
1370 635 1424 686 et
1447 627 1566 684 aliis
1599 627 1771 682 cccle-

197 727 300 784 siis
326 742 359 782 a
382 723 730 781 saecularibus
773 724 1145 794 potestatibus,
1177 721 1358 776 Miloni
1399 719 1609 776 cuidam
1659 717 1773 774 sola

201 823 428 874 tonsura
466 816 682 882 clerico,
729 815 861 871 nihil
905 815 1132 887 sapienti
1179 813 1246 869 de
1281 813 1470 868 ordine
1511 810 1771 866 ecclesia-

201 911 370 975 stico;
409 916 465 964 et
487 907 576 963 alii
599 909 940 978 episcopatus
968 907 1034 962 de
1063 905 1177 976 ipsa
1206 905 1424 960 ditecesi
1454 901 1774 961 Rhemensis

203 999 416 1056 diverso
436 999 596 1054 modo
624 1007 804 1053 essent
829 995 1006 1062 divisi,
1037 1004 1092 1052 et
1115 995 1281 1066 aliqui
1303 1009 1370 1050 ex
1402 1009 1598 1063 magna
1623 1001 1776 1062 parte

202 1087 321 1142 sine
349 1085 616 1156 episcopis
651 1085 1028 1145 consistentes,
1066 1090 1120 1138 et
1145 1083 1213 1137 ad
1251 1081 1384 1136 alios
1412 1080 1778 1151 metropolita~

202 1192 305 1234 nos
343 1174 575 1248 episcopi
615 1183 669 1229 et
707 1175 891 1231 clerici
920 1175 1288 1230 ordinationes
1314 1173 1602 1243 aliquando
1631 1171 1776 1227 acci-

200 1267 413 1338 pientes
439 1273 670 1323 erantet
696 1265 902 1337 refugis
939 1266 1175 1322 indebita
1207 1263 1493 1328 habebant,
1529 1272 1584 1318 et
1607 1279 1638 1318 a
1663 1263 1777 1318 suis

201 1359 468 1434 episcopis
507 1355 739 1426 iudicari
787 1366 841 1413 et
887 1357 1136 1430 distringi
1183 1373 1291 1414 non
1329 1355 1684 1420 sustinebant,
1721 1361 1778 1410 et

201 1447 407 1514 clerici,
429 1455 486 1502 et
511 1447 837 1509 sacerdotes,
867 1455 922 1502 et
945 1446 1215 1512 monachi,
1240 1454 1293 1501 et
1314 1443 1772 1508 sanctimoniales,

201 1539 323 1596 sine
342 1540 458 1611 lege
483 1539 846 1602 ecclesiastica
877 1555 977 1616 pro
1007 1539 1280 1594 voluntate
1308 1545 1362 1593 et
1386 1537 1600 1591 licentia
1629 1536 1776 1590 vive-

199 1625 353 1684 bant.
403 1629 605 1684 Deinde
649 1637 850 1684 sancla:
875 1630 1154 1684 memoria:
1179 1627 1490 1684 Bonifacius
1511 1627 1777 1696 archiepi-

201 1733 419 1788 scopus,
449 1726 504 1774 et
527 1718 736 1790 legatus
759 1727 960 1775 sancta:
981 1718 1236 1773 Romanze
1258 1717 1526 1780 Ecclesiae,
1554 1725 1608 1772 et
1630 1731 1772 1786 pra:-

199 1807 350 1870 fatus
385 1809 802 1868 amabilissimus
825 1809 1089 1865 Fulradus
1119 1809 1360 1864 Francia:
1401 1807 1777 1878 archipresby—

201 1907 309 1964 ter,
340 1908 578 1971 tempore
620 1908 1026 1954 antecessorum
1075 1907 1384 1954 nostrorum
1411 1897 1688 1952 Zacharite
1725 1905 1780 1953 et

201 1989 468 2062 Stephani
514 1991 842 2047 successoris
890 1991 1052 2055 illius,
1101 1991 1325 2045 multum
1379 1989 1777 2056 laboraverunt,

200 2088 267 2138 ut
286 2081 439 2136 bona:
463 2083 734 2138 memoria:
755 2082 1120 2151 przedecessor
1143 2090 1329 2136 noster
1343 2081 1570 2136 domnus
1583 2077 1784 2133 Zacha-

196 2171 318 2226 rias
351 2171 573 2242 pallium
611 2171 1014 2242 archiepiscopo
1045 2171 1350 2234 Rhemensi,
1384 2169 1518 2226 Abel
1545 2169 1780 2232 nomine,

198 2269 306 2328 per
326 2257 759 2326 deprecationem
793 2257 1144 2327 suprascripti
1167 2255 1422 2312 Bonifacii
1451 2256 1784 2310 transmitte-

203 2356 312 2404 ret.
348 2345 451 2414 Qui
483 2349 552 2402 ab
581 2347 674 2403 illo
699 2349 1022 2402 constitutus
1059 2345 1191 2412 fuit,
1228 2347 1320 2402 sed
1353 2346 1427 2402 ibi
1465 2361 1784 2417 permanere

201 2438 505 2512 permissus
538 2453 646 2492 non
673 2437 800 2502 fuit,
842 2438 937 2493 sed
968 2439 1138 2510 magis
1173 2447 1360 2493 contra
1385 2438 1552 2492 Deum
1582 2436 1784 2510 ejectus

203 2537 314 2596 est,
337 2537 394 2586 et
413 2529 733 2589 Rhemensis
776 2531 1002 2586 ecclesia
1032 2547 1129 2602 per
1153 2531 1318 2586 multa
1346 2539 1584 2600 tempora
1611 2539 1664 2586 et
1687 2545 1787 2600 per

204 2619 411 2675 multos
443 2633 615 2674 annos
658 2620 775 2676 sine
816 2621 1068 2692 episcopo
1113 2621 1229 2683 fuit,
1263 2629 1316 2674 et
1343 2638 1429 2676 res
1451 2619 1692 2677 ccclesizn
1720 2621 1785 2677 de

205 2703 309 2763 illo
335 2707 646 2778 episcopatu
667 2716 796 2763 sunt
824 2709 1016 2764 ablata:
1044 2717 1097 2764 et
1121 2721 1221 2782 per
1237 2709 1402 2765 laicos
1423 2710 1608 2765 divisae
1635 2719 1780 2778 sunt,

207 2797 356 2854 sicut
399 2807 457 2854 et
498 2799 565 2855 de
603 2799 724 2854 aliis
771 2799 1187 2871 episeopatibus,
1239 2802 1470 2856 maxime
1513 2806 1691 2856 autem
1720 2805 1786 2858 de

209 2887 504 2946 Rhemensi
533 2891 946 2960 metropolitana
981 2892 1217 2947 civitate.
1261 2893 1327 2947 Et
1357 2900 1446 2948 tua
1473 2894 1786 2952 fraternitas

200 2978 322 3050 jam
347 2967 632 3052 ex'magna
662 2990 814 3050 parte
839 2997 927 3036 res
962 2983 1106 3052 ipsas
1130 2984 1269 3052 apud
1303 2984 1592 3052 gloriosum
1619 2985 1787 3039 tilium

1803 1777 1852 1836 B

1873 540 1965 586 aut
1992 530 2267 597 ecclesias,
2297 532 2380 587 vel
2405 532 2650 590 civitates
2675 534 3014 600 subtrahere,
3052 549 3228 604 neque
3250 534 3448 592 dioece-

1873 619 1975 676 sim
2003 619 2359 676 Rhemensem
2386 622 2499 676 ullo
2529 637 2768 693 unquam
2798 632 3040 696 tempore
3062 624 3318 690 dividere,
3350 625 3445 680 sed

1875 711 2084 782 integra
2109 721 2326 767 maneat
2344 713 2484 768 sicut
2503 714 2798 784 antiquitus
2817 713 2941 782 fuit,
2968 725 3022 771 et
3044 717 3186 772 sacri
3212 731 3454 792 canones

1873 809 1928 855 et
1952 801 2408 871 praedecessorum
2439 810 2745 859 nostrorum
2786 804 3023 860 firmavit
3049 815 3105 860 et
3125 814 3310 862 nostra
3352 805 3444 861 fir-

1875 898 1988 944 mat
2009 891 2322 946 auctoritas.
2369 892 2435 947 Et
2479 901 2534 948 te
2571 900 2665 947 aut
2706 893 2906 950 futuris
2944 897 3278 965 temporibus
3301 896 3448 952 Rhe-

1875 992 2115 1035 mensem
2163 983 2469 1053 episcopum
2493 991 2548 1037 et
2573 984 2859 1053 primatem
2891 985 3034 1040 illius
3064 987 3314 1042 dioecesis
3339 1004 3446 1042 non

1875 1063 2165 1140 praisumat
2187 1087 2361 1142 neque
2379 1074 2551 1128 valeat
2573 1065 2810 1144 unquam
2833 1075 3028 1148 aliquis
3049 1076 3116 1133 de.
3136 1078 3448 1149 episcopatu

1877 1159 2106 1234 dejicere
2150 1162 2266 1218 sine
2311 1165 2570 1220 canonico
2601 1164 2827 1234 judicio,
2860 1175 2916 1222 et
2957 1183 3132 1237 neque
3169 1168 3280 1223 ullo
3305 1166 3450 1236 judi-

1877 1253 1962 1311 cio
1988 1254 2106 1328 sine
2126 1269 2390 1310 consensu
2413 1256 2642 1318 Romani
2669 1257 2960 1328 pontiﬁcis,
2985 1259 3031 1314 si
3059 1260 3128 1314 ad
3154 1259 3296 1314 hanc
3318 1273 3447 1316 san-

1877 1351 2020 1400 ctam
2065 1344 2246 1400 sedem
2272 1345 2591 1412 Romanam,
2631 1364 2751 1418 qua;
2783 1359 2943 1418 caput
2971 1364 3090 1406 esse
3119 1349 3457 1420 dignoscitur

1878 1435 2024 1492 orbis
2061 1443 2236 1502 terrae,
2264 1435 2614 1506 appellaverit
2645 1439 2699 1492 in
2735 1439 2850 1509 ipso
2869 1437 3094 1507 judicio.
3126 1440 3232 1496 Sed
3257 1441 3314 1496 in
3339 1441 3454 1498 sola

1879 1527 2209 1599 subjectione
2229 1527 2457 1585 Romani
2485 1529 2759 1599 pontificis
2788 1547 3130 1600 permanens,
3173 1533 3456 1593 dioecesim

1879 1627 1933 1673 et
1971 1618 2283 1688 parochiam
2309 1619 2704 1685 .Rhemensem,
2756 1620 3043 1691 adiuvante
3097 1621 3348 1690 Domino,
3399 1630 3457 1677 et

1879 1719 2062 1765 nostra
2111 1718 2271 1781 atque
2317 1711 2459 1766 beati
2489 1711 2634 1767 Petri
2679 1711 2846 1767 fultus
2888 1713 2942 1768 in
2976 1714 3080 1769 ista
3110 1723 3296 1770 sancta
3330 1714 3458 1770 sede

1881 1799 2223 1864 auctoritate,
2252 1799 2546 1856 secundum
2565 1811 2782 1858 sanctos
2808 1818 3045 1860 canones
3071 1812 3126 1859 et
3151 1803 3310 1873 hujus
3336 1820 3460 1872 san-

1881 1899 1985 1945 cta:
2018 1891 2160 1946 sedis
2193 1892 2600 1962 prazceptiones,
2633 1893 2729 1948 tibi
2767 1891 3038 1962 subiectas
3083 1895 3160 1949 ita
3199 1903 3376 1950 certes
3405 1901 3463 1950 et

1882 1980 2099 2035 studeas
2147 1981 2470 2051 gubernare,
2521 1990 2582 2036 ut
2626 1983 2771 2038 illam
2815 1975 3230 2040 desiderabilem
3271 2000 3462 2042 vocem

1884 2069 2096 2125 Domini
2141 2070 2313 2125 nostri
2335 2067 2464 2126 'Jesu
2493 2071 2693 2128 Christi
2741 2074 2921 2130 valeas
2957 2090 3081 2130 cum
3129 2075 3317 2132 electis
3346 2074 3464 2144 eius

1884 2159 2111 2216 audire:
2142 2147 2314 2232 Euge,
2337 2178 2478 2216 serve
2515 2161 2643 2216 bone
2689 2171 2736 2217 et
2773 2161 2946 2235 ﬁdelis
2982 2180 3000 2218 :
3030 2164 3155 2234 quia
3199 2164 3254 2218 in
3291 2181 3464 2235 pauca

1882 2245 2030 2322 fuisti
2077 2249 2270 2320 ﬁdelis,
2319 2269 2480 2324 supra
2530 2253 2695 2306 multa
2749 2241 2799 2307 :3
2851 2253 3184 2328 constituam,
3229 2254 3368 2308 intra
3407 2253 3464 2308 in

1883 2343 2134 2414 gaudium
2171 2341 2386 2398 Domini
2430 2343 2507 2398 tui
2548 2337 2764 2416 (Matth.
2787 2344 2937 2417 xxv).
2980 2343 3048 2399 Et
3085 2345 3228 2415 quod
3263 2345 3332 2402 ad
3369 2359 3466 2401 no-

1885 2437 2055 2484 stram
2085 2431 2332 2484 notitiam
2369 2431 2683 2501 perduxisti,
2721 2432 2849 2502 quia
2883 2433 2952 2489 ad
2997 2433 3135 2490 alios
3183 2434 3466 2506 episcopos

1887 2519 1953 2574 de
2025 2519 2140 2590 ipsa
2198 2520 2419 2576 dioecesi
2475 2521 2766 2578 Rhemensi
2843 2523 3063 2594 quidam
3133 2523 3467 2595 accipiebant

1885 2612 2271 2677 ordinationes,
2323 2624 2377 2667 et
2405 2613 2676 2670 habebant
2723 2615 2960 2674 indebita
3009 2613 3238 2686 refugia,
3279 2623 3335 2672 et
3364 2615 3468 2672 hoc

1885 2720 1984 2776 per
2037 2705 2216 2761 omnia
2294 2705 2681 2776 prohibemus;
2761 2707 2855 2764 sed
2910 2707 3051 2764 sicut
3105 2723 3256 2764 sacra
3307 2707 3468 2763 docet

1887 2798 2202 2862 auctoritas,
2228 2806 2283 2852 et
2321 2799 2374 2852 in
2417 2799 2636 2869 synodis
2686 2797 3230 2871 comprovincialihus
3271 2814 3468 2855 convo-

1887 2889 2076 2945 candis
2104 2897 2158 2944 et
2187 2888 2469 2956 faciendis,
2503 2899 2560 2944 et
2595 2891 2648 2944 in
2679 2891 3116 2946 ordinationibus
3164 2906 3229 2946 ac
3272 2887 3470 2960 dijudi-

1890 2979 2213 3046 cationibus,
2266 2977 2587 3035 Rhemensis
2639 2981 2868 3036 ecclesia
2920 2989 2975 3036 et
3029 2981 3469 3052 archiepiscopus

209 3079 460 3126 nostrum
486 3071 758 3137 Catulum,
781 3081 834 3128 et
860 3082 984 3130 ante
1017 3075 1084 3129 ad
1113 3073 1560 3130 Carolomannum
1594 3075 1790 3146 glorio—
1814 3120 1862 3146 η
1891 3059 1982 3138 (ιὺὶ
2010 3069 2062 3122 in
2085 3083 2148 3124 ea
2178 3070 2501 3124 constitutus
2530 3069 2695 3124 fuerit
2723 3071 2887 3126 talem
2933 3072 3132 3127 habeat
3175 3073 3473 3127 auctorita-

207 3158 490 3216 sissimum
535 3160 758 3218 fratrem
797 3160 931 3232 ejus,
971 3164 1285 3234 impetratas
1331 3165 1517 3232 habes,
1549 3174 1603 3220 et
1645 3168 1788 3223 ordi-

207 3266 341 3308 nem
382 3265 449 3309 ex
473 3251 652 3324 aliqua
679 3262 834 3324 parte
873 3263 927 3310 et
963 3256 1018 3310 in
1049 3257 1316 3326 episcopis
1351 3264 1406 3311 et
1445 3257 1500 3312 in
1540 3257 1657 3312 aliis
1705 3273 1791 3312 se-

209 3344 450 3403 cundum
492 3348 806 3402 canonicam
833 3360 883 3401 et
907 3356 1109 3403 sanctae
1137 3348 1280 3402 sedis
1305 3347 1560 3404 Romana:
1603 3359 1790 3404 aucto-

209 3437 434 3506 ritatem
479 3436 743 3494 directum
789 3439 975 3494 habes.
1020 3439 1313 3510 Propterea
1342 3439 1524 3508 petisti
1568 3457 1597 3494 a
1631 3440 1790 3495 nobis

207 3528 313 3596 tibi
349 3535 404 3598 et
429 3528 670 3587 ecclesia:
703 3539 809 3588 tua:
839 3532 953 3587 fieri
979 3533 1320 3605 privilegium
1361 3547 1429 3588 ex
1471 3535 1790 3592 auctoritate

209 3617 364 3674 beati
388 3617 531 3676 Petri
565 3621 822 3692 principis
866 3624 1250 3694 apostolorum,
1293 3632 1348 3681 et
1390 3633 1590 3681 sancta:
1646 3626 1790 3682 sedis

213 3707 502 3776 Romanae,
565 3728 629 3768 ac
678 3722 862 3768 nostra
885 3755 899 3778 ,
971 3724 1030 3769 ut
1074 3714 1217 3785 quod
1275 3714 1567 3784 perfectum
1625 3716 1792 3772 habes

211 3800 401 3858 inante
443 3803 620 3858 valeat
643 3817 981 3870 permanere,
1009 3813 1064 3860 et
1091 3806 1235 3875 quod
1276 3807 1450 3861 adhuc
1493 3806 1789 3882 perfectum

212 3906 326 3954 non
370 3892 556 3959 habes,
585 3908 683 3966 per
721 3901 960 3949 nostram
996 3897 1372 3952 auctoritatem
1421 3897 1596 3970 possis
1637 3898 1791 3954 auxi-

210 3979 386 4040 liante
411 3981 521 4037 Deo
553 3991 608 4037 et
638 3985 797 4038 beato
821 3984 984 4041 Petro
1021 3987 1265 4059 apostolo
1309 3991 1376 4046 ad
1402 3987 1790 4058 perfectionem

208 4073 526 4146 perducere.
573 4073 680 4130 Pro
704 4091 812 4145 quo
835 4085 892 4131 et
917 4093 1017 4132 nos
1045 4079 1253 4132 ardenti
1299 4080 1500 4146 animo,
1528 4087 1582 4134 et
1608 4079 1790 4136 divino

202 4161 485 4236 juvamine
509 4165 910 4235 apostolicaque
941 4165 1057 4221 fulti
1101 4169 1440 4233 auctoritate,
1470 4187 1577 4226 non
1615 4170 1790 4226 solum

204 4239 399 4314 vetera
421 4254 712 4312 secundum
751 4269 934 4312 sacros
961 4271 1196 4313 canones
1224 4267 1278 4314 et
1299 4259 1606 4329 apostolica:
1633 4259 1790 4330 hujus

203 4349 416 4402 sanctae
438 4343 582 4399 sedis
607 4345 822 4400 decreta
850 4346 1156 4414 statuimus,
1187 4347 1284 4404 sed
1321 4357 1376 4404 et
1401 4365 1537 4404 nova
1568 4351 1665 4406 tibi
1690 4366 1792 4422 pro

1813 3120 1864 3186 ο

1895 3169 2022 3224 tem,
2055 3162 2194 3216 sicut
2225 3162 2364 3217 sacri
2410 3178 2646 3218 canones
2691 3170 2748 3220 et
2783 3163 2942 3234 hujus
2983 3173 3183 3222 sancta:
3227 3165 3472 3222 ecclesiae

1889 3250 2303 3306 constitutiones
2333 3250 2548 3306 docent.
2599 3252 2666 3308 Et
2706 3253 2884 3309 nullus
2912 3270 3010 3324 per
3036 3255 3204 3316 ullum
3233 3272 3470 3328 unquam

1890 3345 2103 3408 tempus
2146 3339 2264 3406 tibi,
2301 3339 2382 3394 vel
2409 3339 2702 3396 Rhcmcnsi
2733 3343 2995 3409 ecclesize,
3025 3345 3092 3399 de
3124 3347 3286 3402 rebus
3310 3346 3377 3402 ad
3407 3347 3472 3423 ilf

1890 3430 1995 3484 lam
2025 3430 2202 3486 debite
2239 3432 2631 3501 pertinentibus
2676 3433 2996 3488 divisionem
3024 3435 3106 3488 vel
3138 3435 3468 3500 violentiam,

1891 3521 2032 3577 sicut
2077 3530 2237 3576 antea
2282 3521 2483 3576 factum
2531 3521 2655 3588 fuit,
2683 3522 2862 3578 facere
2883 3531 3198 3594 praesumat.
3227 3523 3360 3580 Nam
3402 3526 3470 3591 si.

1890 3615 2034 3686 quod
2079 3631 2185 3669 non
2224 3616 2514 3681 credimus,
2555 3616 2602 3670 si
2651 3615 2776 3686 quis
2813 3615 2902 3672 ille
2947 3615 3113 3672 fuerit
3138 3619 3229 3688 qui
3281 3626 3472 3674 contra

1891 3703 2032 3764 hanc
2076 3714 2316 3760 nostram
2349 3707 2762 3777 praeceptionem
2793 3707 3083 3762 temerario
3131 3723 3264 3764 ausu
3289 3709 3474 3764 venire

1893 3799 2199 3866 tentaverit,
2240 3801 2341 3854 nisi
2379 3815 2437 3854 se
2464 3801 2574 3856 cito
2601 3809 2657 3856 et
2694 3801 2929 3855 maxime
2954 3809 3078 3870 post
3105 3803 3474 3861 commonitio-

1893 3905 2016 3944 nem
2047 3890 2364 3956 correxerit,
2398 3891 2534 3946 sciat
2569 3906 2628 3946 se
2653 3900 2858 3946 aeterno
2893 3891 2988 3946 Dei
3006 3891 3214 3961 judicio
3249 3893 3460 3952 anathe-

1894 3983 2055 4038 matis
2082 3982 2298 4039 vinculo
2321 3999 2441 4039 esse
2470 3983 2804 4039 innodatum.
2854 3984 2911 4039 Si
2938 3985 3060 4056 quis
3100 4001 3230 4042 vero
3260 3995 3477 4056 aposto-.

1890 4071 1994 4130 lica
2025 4077 2320 4130 servaverit
2345 4085 2634 4148 przecepta,
2663 4084 2718 4130 et
2741 4091 2986 4132 normam
3028 4085 3191 4152 recta:
3211 4085 3267 4131 et
3289 4077 3470 4142 ortho,

1891 4161 2045 4221 dera:
2091 4165 2215 4222 fidei
2254 4165 2416 4222 fuerit
2465 4175 2764 4232 assecutus,
2809 4167 3198 4224 benedictionis
3239 4169 3475 4238 gratiam

1891 4263 2275 4326 consequatur.
2313 4255 2440 4312 [hec
2469 4273 2501 4312 a
2528 4259 2682 4320 nobis
2705 4256 2922 4313 definita
2949 4273 3047 4328 per
3087 4257 3248 4328 hujus
3273 4269 3479 4318 nostra

1891 4347 2318 4404 confirmationis
2359 4349 2610 4420 paginam
2661 4351 2714 4404 in
2767 4358 2857 4405 tua
2917 4349 3146 4407 ecclesia
3198 4351 3476 4422 perpetuis

208 4442 312 4490 tuo
331 4434 474 4492 bono
501 4435 680 4492 studio
719 4437 1085 4505 concedimus,
1113 4449 1274 4510 atque
1301 4444 1622 4498 auctoritate
1644 4445 1786 4500 beati
1823 4471 1874 4532 υ
1896 4439 2228 4508 temporibus
2253 4454 2353 4510 pro
2379 4443 2460 4494 sui
2502 4440 2912 4496 conﬁrmatione
2935 4441 3304 4496 conservanda
3345 4455 3470 4496 esse

207 4523 363 4579 Petri
405 4525 663 4596 principis
702 4529 1086 4598 apostolorum,
1117 4532 1204 4587 cui
1249 4534 1372 4590 data
1397 4545 1482 4591 est
1523 4553 1554 4591 a
1582 4537 1692 4593 Deo
1734 4546 1790 4592 et

201 4613 480 4670 salvatore
528 4625 712 4674 nostro
751 4616 875 4677 Iesu
923 4619 1141 4677 Christo
1194 4623 1391 4696 ligandi
1439 4626 1791 4699 solvendique

203 4713 452 4780 potestas
479 4715 700 4776 peccata
729 4709 1004 4771 hominum
1043 4713 1098 4774 in
1115 4715 1272 4776 coelo
1295 4724 1352 4772 et
1385 4716 1440 4772 in
1469 4725 1634 4784 terra,
1664 4735 1790 4775 con-

202 4795 494 4862 ﬁrmamus
530 4805 694 4868 atque
738 4801 1050 4863 solidamus.
1094 4804 1456 4863 Rhemensem
1501 4809 1790 4867 ecclesiam

200 4886 359 4943 sicut
403 4893 457 4948 et
490 4889 786 4962 antiquitus
826 4891 927 4953 fuit
967 4897 1306 4971 metropolim
1349 4914 1788 4976 permansuram,

194 4983 263 5032 et
291 4977 524 5048 primam
553 4997 664 5038 sua:
688 4982 986 5042 diteccseos
1029 4988 1214 5045 sedem
1235 5005 1384 5058 esse,
1415 5001 1472 5048 et
1506 5001 1576 5059 te,
1599 4994 1693 5065 qui
1734 4997 1789 5051 in

193 5068 404 5124 eadem
445 5071 572 5129 sede
592 5083 917 5144 cooperante
940 5075 1053 5132 Deo
1085 5079 1368 5141 ordinatus
1391 5097 1469 5147 es,
1497 5085 1789 5154 primatem

196 5157 386 5247 ipsius
411 5159 666 5219 ditecesis
691 5179 832 5232 esse,
863 5181 985 5222 cum
1020 5170 1271 5237 omnibus
1319 5173 1633 5234 civitatibus
1668 5192 1790 5247 qum

189 5245 278 5303 ab
333 5249 554 5321 antiquo
593 5260 835 5332 tempore
872 5255 1165 5330 Rhemensi
1215 5263 1502 5333 metropoli
1544 5245 1790 5324 ecclesia:

187 5335 466 5406 abiecta
493 5339 730 5411 fuerunt,
753 5353 916 5416 atque
943 5348 1108 5404 etiam
1134 5353 1410 5421 perpetuis
1450 5358 1787 5425 temporibus

189 5432 308 5488 sibi
344 5439 401 5488 et
435 5439 838 5497 successoribus
882 5442 992 5500 tuis
1019 5443 1090 5499 sit
1117 5445 1528 5503 confirmatum.
1578 5449 1647 5506 Et
1683 5451 1788 5509 hoc

187 5521 594 5594 interdicentes
627 5537 686 5584 ut
712 5531 890 5589 nullus
926 5535 1141 5602 audeat,
1168 5535 1325 5606 juxta
1353 5549 1668 5598 sanctorum
1696 5559 1790 5602 ca-

185 5631 410 5673 nonum
435 5619 800 5689 traditionem,
821 5639 890 5680 ex
911 5626 1020 5682 alio
1045 5628 1356 5700 episcopatu
1380 5631 1582 5690 ibidem
1613 5642 1800 5692 transw

183 5706 399 5777 latarc,
429 5723 521 5770 aut
552 5716 882 5773 constituere
907 5720 1216 5793 episcopum
1249 5733 1368 5795 post
1412 5733 1557 5784 tuam
1592 5727 1660 5785 dc
1686 5731 1786 5786 hoc

1896 4529 2231 4584 mandamus.
2279 4529 2608 4600 lnjungimus
2645 4531 2810 4586 etiam
2863 4529 3188 4586 fraternitati
3234 4540 3359 4596 tute,
3413 4537 3473 4586 ut

1893 4626 2020 4696 quia
2065 4625 2132 4680 de
2177 4624 2516 4680 ordinatione
2561 4625 2799 4695 episcopi
2843 4625 3062 4680 nomine
3081 4624 3242 4690 Lulli,
3271 4635 3476 4682 saneta

1893 4715 2217 4787 Moguntina;
2243 4715 2512 4781 ecclesiae,
2549 4717 2618 4772 ad
2663 4731 2763 4772 nos
2793 4716 3040 4786 quaedam
3082 4725 3471 4788 pervenerunt,

1891 4806 2180 4882 assumptis
2231 4815 2406 4862 tecum
2462 4805 2722 4879 Viomago
2778 4805 2988 4880 [Hard.
3035 4807 3108 4862 αι.
3162 4805 3472 4876 Wiomado,

1890 4899 2124 4972 episcopo
2149 4896 2466 4970 Trevereusi]
2498 4904 2553 4953 et
2575 4896 2892 4954 Possessore
2917 4899 3184 4970 episcopis
3214 4908 3272 4954 et
3291 4899 3477 4956 missis

1891 4988 2111 5058 gloriosi
2148 5003 2214 5043 ac
2255 4987 2513 5056 spiritalis
2556 4987 2655 5042 lilii
2699 4989 2871 5044 nostri
2915 4987 3098 5046 Caroli
3136 4989 3472 5050 Francorum

1891 5078 2052 5150 regis,
2077 5077 2363 5147 diligenter
2384 5077 2626 5148 inquiras
2649 5079 2829 5134 omnia
2851 5080 2917 5136 de
2945 5079 3088 5136 illius
3111 5081 3469 5150 ordinatione,

1890 5177 1946 5225 et
1977 5169 2140 5226 fidem
2171 5185 2237 5226 ac
2261 5170 2562 5227 doctrinam
2597 5171 2761 5238 illius,
2785 5180 2948 5242 atque
2984 5175 3469 5241 conversationem,

1891 5272 1948 5320 et
1975 5280 2158 5320 mores
2199 5280 2264 5320 ac
2290 5265 2453 5320 vitam
2496 5265 2784 5336 investiges
2814 5274 2916 5321 :ut
2958 5266 3003 5322 si
3029 5275 3192 5338 aptus
3232 5266 3476 5323 fueritet

1891 5355 2085 5424 dignus
2128 5354 2197 5409 ad
2241 5353 2606 5424 episcopalem
2665 5355 2980 5410 cathedram
3040 5352 3472 5428 gubernandum,

1890 5449 2188 5518 expositam
2216 5456 2272 5503 et
2291 5447 2674 5518 conscriptam,
2701 5456 2758 5503 et
2781 5463 2945 5504 manu
2971 5465 3068 5505 sua
3099 5449 3318 5522 propria
3346 5447 3475 5504 sub-

1890 5543 2171 5613 scriptam,
2194 5543 2518 5600 eatholicam
2541 5551 2596 5597 et
2618 5543 2972 5599 orthodoxam
2989 5543 3148 5600 fide
3164 5559 3262 5613 per
3279 5542 3475 5597 missos

1891 5647 2020 5688 suos
2045 5648 2168 5688 cum
2195 5633 2392 5688 litteris
2420 5647 2485 5688 ac
2516 5633 2822 5689 testimonio
2847 5641 2958 5692 tuo.
2983 5649 3076 5689 seu
3107 5632 3336 5690 aliorum
3361 5630 3474 5700 epi-

1891 5741 2176 5800 scoporum
2206 5743 2341 5799 quos
2371 5735 2548 5784 tecum
2577 5743 2698 5786 esse
2730 5730 3122 5792 mandavimus,
3163 5725 3230 5782 ad
3268 5740 3366 5781 nos
3395 5724 3472 5780 di-
