3950 6308
144 435 296 492 1925

1603 413 1987 476 ΕΡΙΒΤΟῙΛΕ.

3278 410 3414 468 ιιοθ

139 545 394 614 titulum,
408 541 638 601 fundens
665 541 844 600 oleum
863 541 1113 612 desuper,
1131 537 1524 611 appellavitque
1545 515 1762 614 locum}.

1863 526 2223 600 ’ροσεκὺνησιν.
2291 524 2439 581 Οὕτω
2484 545 2538 580 τε
2604 527 2689 580 καί
2742 526 2888 598 ήμιῖς
2949 528 3078 582 κατά
3126 529 3278 584 πόθον
3331 537 3415 589 καί

137 640 303 695 illum
342 639 551 704 Bethel,
581 637 806 692 dicens:
841 634 968 692 Non
1008 643 1084 690 est
1108 635 1192 688 hic
1227 632 1375 688 aliud
1399 632 1500 687 nisi
1545 633 1704 684 domu

137 729 270 796 Dei,
307 739 354 784 et
375 738 528 800 porta
549 727 663 783 cadi
687 725 842 797 (Gen.
866 727 1080 798 xxvm).
1109 726 1215 781 Pro
1249 740 1358 796 quo
1394 725 1735 794 nequaquam

137 825 494 896 omnipotens
508 823 648 879 Deus
666 822 837 876 iratus
858 829 962 887 est,
977 821 1121 890 quod
1137 819 1369 889 lapidem
1384 817 1536 872 illum
1559 817 1735 872 erexit

139 915 204 970 in
252 916 468 971 titulum
494 931 593 970 suo
618 913 849 970 arbitrio
869 921 924 968 et
950 911 1400 968 consideratione.
1427 909 1580 967 Unde
1615 920 1738 980 post

135 1008 428 1078 paululum
470 1008 527 1062 in
572 1006 800 1062 historia
854 1003 1129 1060 Geneseos
1173 1002 1346 1059 fertur
1397 1002 1604 1058 dictum
1659 1001 1738 1056 illi

138 1099 364 1153 fuisse:
401 1097 515 1168 Ego
539 1113 655 1151 sum
677 1095 821 1150 Deus
863 1092 1077 1158 Bethel,
1127 1093 1217 1148 ubi
1245 1092 1443 1148 unxisti
1487 1091 1736 1163 lapidem,

141 1197 198 1242 et
223 1197 396 1242 votum
439 1187 619 1242 vovisti
647 1185 798 1240 milii.
830 1184 990 1248 Ecce,
1016 1183 1351 1240 serenissimi
1385 1184 1589 1240 domini
1639 1182 1737 1238 ﬁlii

146 1277 336 1348 magni
362 1275 653 1345 principes,
687 1274 869 1329 omnia
895 1290 1017 1345 quae
1041 1274 1279 1334 humana
1305 1273 1742 1331 consideratione

147 1365 226 1422 ad
252 1365 464 1432 laudem
489 1363 583 1418 Dei
608 1371 886 1432 parantur,
938 1379 1047 1419 non
1071 1372 1198 1419 sunt
1242 1364 1600 1439 prohibenda,
1646 1381 1751 1435 po—.

149 1455 269 1510 tius
303 1463 482 1510 autem
510 1455 732 1509 omnino
756 1455 990 1519 creatori
1018 1462 1206 1510 nostro
1253 1455 1481 1511 Domino
1526 1465 1748 1518 Constat

150 1561 282 1602 esse
317 1545 621 1616 placabilia.
674 1544 809 1601 Nam
847 1546 991 1602 idem
1020 1547 1136 1617 ipse
1163 1546 1337 1604 J.:cob
1384 1549 1604 1624 proprio
1651 1550 1744 1606 de-

151 1653 310 1692 mum
330 1637 556 1694 arbitrio
580 1639 946 1706 summitatem
987 1640 1152 1711 virga:
1173 1640 1268 1695 filii
1285 1641 1373 1697 sui
1395 1640 1596 1711 Ioseph
1649 1642 1745 1699 de-

148 1727 433 1784 osculatus
478 1737 594 1796 est,
653 1730 780 1786 ﬁdei
841 1730 1130 1788 dilectione
1190 1732 1296 1787 hoc
1357 1747 1556 1801 agens,
1606 1734 1767 1816 sicut,

151 1818 354 1875 beatus
413 1819 609 1876 Paulus
635 1821 713 1888 ,in
777 1822 1005 1892 epistola
1067 1822 1135 1877 ad
1194 1823 1450 1880 Hebrtnos
1514 1833 1747 1882 testatur

151 1818 354 1875 beatus
413 1819 609 1876 Paulus
635 1821 713 1888 ,in
777 1822 1005 1892 epistola
1067 1822 1135 1877 ad
1194 1823 1450 1880 Hebrtnos
1514 1817 1826 1940 testaturlB

150 1907 361 1980 (Hebr.
411 1910 490 1982 xi)
529 1927 684 1966 :non
732 1912 926 1984 virgaa,
975 1915 1070 1969 sed
1107 1916 1307 1970 tenenti
1345 1931 1465 1972 eam
1525 1915 1763 1992 honoris;

149 2014 228 2054 ac
273 2000 576 2056 dilectionis
626 2003 872 2056 exhibuit
921 2003 1194 2060 affectum.
1247 2005 1340 2061 Sic
1390 2015 1447 2063 et
1501 2024 1600 2064 nos
1649 2025 1774 2080 prop

151 2104 353 2144 amore
403 2099 458 2145 et
511 2091 798 2147 dilectione
826 2108 990 2162 quam
1029 2097 1171 2164 apud
1209 2097 1495 2153 Dominum
1523 2107 1579 2155 et
1621 2115 1777 2156 ωηο.

147 2188 283 2237 ctos
311 2180 429 2249 ejus
459 2182 739 2250 habemus,
779 2185 1123 2244 honorabiles
1151 2205 1340 2248 eorum
1383 2190 1588 2264 eﬂigies
1613 2193 1751 2249 ima-

152 2273 383 2344 ginibus
420 2275 792 2348 depingentes,
835 2295 943 2335 non
975 2281 1171 2338 tabulis
1219 2291 1275 2338 et
1331 2285 1602 2342 coloribus
1654 2288 1754 2344 ho-e

155 2378 357 2418 norem
406 2364 762 2432 exhibemus,
815 2369 911 2424 sed
965 2370 1072 2426 illis
1112 2387 1212 2443 pro
1267 2389 1498 2444 quorum
1548 2377 1756 2440 honoro

155 2454 492 2509 consistunt.
537 2454 884 2527 Rursumque
926 2459 1156 2530 legimus
1201 2475 1532 2536 przeceptum
1589 2469 1755 2526 fuisse

165 2537 341 2613 lloysi
369 2558 401 2596 a
424 2543 652 2601 Domino
673 2547 786 2601 Deo
814 2557 1021 2616 nostro,
1067 2567 1190 2607 cum
1225 2554 1424 2609 dicitur
1447 2573 1462 2610 :
1491 2555 1681 2613 Facies
1704 2569 1754 2622 et

164 2635 595 2706 propitiatorium
625 2638 690 2692 de
726 2657 858 2700 auro
883 2643 1257 2712 mundissimo,
1297 2647 1523 2702 duorum
1548 2652 1754 2706 cubito-

169 2740 296 2778 rum
333 2734 382 2778 et
411 2725 618 2782 dimidii
643 2731 741 2784 erit
777 2730 1050 2803 longitudo
1075 2736 1211 2805 ejus,
1239 2740 1394 2793 semis
1423 2751 1470 2795 et
1499 2742 1658 2796 cubiti
1683 2743 1758 2799 la-

171 2816 368 2870 titudo.
413 2817 560 2874 Duos
599 2838 803 2894 quoque
840 2825 1104 2882 cherubim
1139 2846 1328 2886 aureos
1356 2842 1404 2887 et
1439 2835 1760 2904 productiles

169 2909 341 2980 facies
367 2929 433 2966 ex
454 2924 674 2985 utraque
697 2926 846 2986 parte
890 2920 1090 2974 oraculi
1121 2921 1319 2993 (Exod.
1359 2941 1544 2981 xxxv"
1569 2967 1584 2992 ,
1627 2928 1754 3000 25);

166 3011 230 3059 et
268 3012 390 3074 post
425 3005 736 3081 paululum,
792 3009 863 3062 ad
907 3013 1307 3081 cooperiendam
1338 3032 1538 3081 arcam,
1566 3019 1620 3073 in
1654 3037 1760 3090 qua

166 3110 336 3165 partes
365 3096 749 3163 testimonium,
776 3099 916 3169 quod
964 3101 1100 3156 dabo
1137 3103 1228 3156 tibi
1255 3121 1274 3158 :
1303 3105 1424 3160 inde
1458 3109 1760 3179 prarcipiam

1832 619 2083 690 ἀγάπησιν
2105 618 2163 676 ἣν
2191 617 2321 692 πρὸς
2347 617 2434 672 τὸν
2461 613 2636 693 Κύριον
2679 620 2762 672 mi
2811 618 2931 678 τοὺς
2978 617 3156 689 ἁγίους
3201 616 3416 692 ἴχομεν,

1833 711 1956 770 τούς
1996 717 2334 781 χαρακτῆρας
2363 710 2410 762 ἐν
2441 710 2628 763 εἰκόσιν
2679 709 3003 784 ἱστοροῦμεν,
3051 712 3144 765 οὐκ
3170 711 3218 766 ἐν
3251 713 3422 770 σανίδι

1836 801 1922 853 καί
1966 798 2214 873 χρώμασι
2252 803 2342 858 τήν
2384 805 2534 869 τιμήν
2582 797 2836 870 ἔχοντες,
2886 801 3063 856 ἀλλ’έν
3110 803 3308 880 αὐτοῖς,
3356 802 3425 858 ὧν

1836 901 1928 956 τήν
1980 897 2258 970 ὀνομασίαν
2306 894 2357 949 αἰ
2411 891 2590 954 εἰκόνες
2652 887 2885 967 φέρουσι.
2957 893 3106 948 Παλιν
3150 892 3204 949 δέ
3249 897 3428 968 ἀναγι.

1835 993 2090 1059 νὼσκομεν
2117 989 2429 1064 πρόσταγμα
2471 994 2543 1057 τῷ
2587 995 2764 1042 Μυσεῑ
2789 987 3023 1058 γενέσθαι
3055 978 3197 1064 παρὰ
3245 991 3427 1065 κυρίου

1836 1078 2093 1152 λέγοντος-⁸
2130 1096 2148 1127 ι
2182 1082 2411 1138 Ποιήσεις
2467 1076 2767 1153 ἱλαστήριον
2811 1077 2866 1131 ἐκ
2914 1079 3142 1150 χρυσίου
3199 1080 3430 1156 καθαροῦ

1841 1167 1932 1224 δύο
1975 1172 2188 1238 πήχεων
2233 1165 2318 1239 |L.
2374 1165 2422 1222 δ.
2469 1189 2530 1223 π.
2578 1169 2656 1221 καὶ
2707 1166 2953 1240 ήμίσεως]
3009 1164 3296 1242 τόμῆκος,
3345 1174 3429 1225 καί

1841 1263 1963 1330 μιᾶς
2009 1261 2231 1330 ἡμίσεως
2282 1261 2497 1328 πήχεως
2541 1259 2598 1314 τό
2635 1257 2844 1320 πλάτος.
2895 1262 2984 1314 Καὶ
3032 1257 3124 1316 δύο
3168 1253 3429 1337 χερουϐἰμ

1843 1357 2032 1427 χρυσᾶ
2059 1352 2231 1418 έλατὰ,
2256 1353 2307 1416 ἐξ
2355 1353 2646 1426 ἀμφοτέρων
2688 1359 2788 1408 τῶν
2831 1360 3000 1428 μερῶν
3029 1351 3250 1426 ὁρῶντα⁶
3287 1373 3305 1434 ι
3346 1358 3430 1410 καί

1843 1444 1973 1515 μιτά
2013 1443 2214 1519 μικρόν·
2261 1461 2277 1492 ι
2309 1441 2594 1504 Ἐπιθήσεις
2636 1445 2695 1498 τό
2723 1442 3092 1522 μαρτύριονέό
3131 1443 3282 1500 δώσω
3323 1467 3432 1512 σοι.

1844 1540 1974 1612 πρὸς
2017 1539 2074 1592 τὸ
2113 1535 2336 1606 καλύψαι
2381 1541 2470 1596 τήν
2507 1531 2747 1591 κιϐωτόν·
2815 1539 2898 1591 καί
2943 1537 3148 1596 λαλήσω
3184 1559 3272 1596 σοι
3305 1535 3435 1594 ἅνω-

1845 1629 1925 1682 θεν
1970 1633 2062 1683 τοῦ
2091 1623 2095 1627 ’
2124 1626 2442 1702 ίλαστηρίου,
2483 1647 2502 1680 ι
2535 1627 2771 1683 τουτέστι
2814 1628 2969 1698 μέσον
3019 1635 3120 1683 τῶν
3175 1630 3436 1706 χερουϐἰμ

1846 1715 1946 1774 τῶν
2007 1717 2118 1786 δύο,
2164 1727 2263 1774 τῶν
2308 1714 2485 1786 ὄντων,
2522 1721 2698 1775 ἐπάνω
2745 1728 2836 1781 τῆς
2895 1721 3114 1776 κιϐωτοῦ
3162 1728 3255 1777 τοῦ
3301 1744 3439 1798 μαρ-

1849 1799 2051 1887 τυρίου.
2102 1808 2246 1866 Ἀλλὰ
2288 1814 2371 1866 καί
2421 1811 2472 1864 ἐν
2520 1809 2716 1881 βήλοις,
2764 1813 2848 1866 καί
2889 1812 2940 1866 έν
2984 1821 3057 1886 τῷ
3105 1814 3441 1884 οκεπὰσματι

1853 1908 1942 1957 τοῦ
1990 1902 2323 1973 σκηνώματός
2351 1909 2451 1958 τῶν
2495 1897 2778 1975 χιρουϐἰμ,
2813 1900 2958 1977 ἔργον
2996 1903 3212 1977 ὐφαντὸν
3243 1904 3296 1957 ἐκ
3332 1900 3443 1959 δια·-

1855 1984 2046 2068 φόρων
2079 1990 2373 2071 χρωμάτων
2442 1993 2674 2065 γενέσθαι
2735 1993 3038 2068 προσέταξε.
3111 1999 3443 2051 Κατανοήσαι

1855 2084 1908 2142 δέ
1967 2087 2096 2148 ἐστι,
2143 2085 2483 2158 γαληνότατοι
2545 2083 2795 2140 δεσπόται
2821 2087 2924 2162 καί
2995 2086 3181 2151 τέκνα,
3235 2086 3446 2158 μεγάλοι

1856 2179 2114 2260 ἀρχηγοὶ,
2149 2175 2330 2254 ὅτιπερ
2360 2174 2387 2230 ό
2413 2162 2799 2246 παντοδῦναμος
2828 2176 3012 2252 Κύριος.
3031 2179 3124 2252 .καί
3152 2177 3273 2236 Θεὸς
3303 2179 3445 2246 ήμῶν

1856 2271 2011 2344 μέσον
2044 2275 2146 2325 τῶν
2187 2267 2450 2341 χερουείμ
2485 2271 2866 2344 χειροποιήτων
2899 2268 3284 2340 τυγχανόντων,
3307 2269 3444 2343 ὑπέρ

1858 2367 2119 2444 σωτηρίας
2170 2372 2262 2422 τοῦ
2303 2365 2430 2421 λαοῦ
2483 2365 2701 2424 λαλῆσαι
2749 2365 3051 2438 κατηξίωσε.
3100 2364 3183 2420 Διό
3219 2361 3443 2420 ἁδίστα-

1857 2457 1974 2512 κτόν
2019 2457 2152 2523 ἐστι,
2201 2459 2372 2513 πάντα
2418 2458 2486 2513 τὰ
2536 2457 2588 2510 iv
2639 2462 2751 2516 ταῖς
2797 2455 3120 2514 Ἐκκλησίαις
3173 2459 3266 2509 τοῦ
3314 2460 3446 2509 Θεοῦ

1859 2551 1992 2626 πρὸς
2027 2548 2222 2605 ἔπαινον
2265 2551 2346 2604 καὶ
2377 2549 2679 2627 εὐπρέπειαν
2715 2555 2808 2618 τοῦ
2857 2544 2997 2602 οἴκου
3036 2547 3191 2618 αὐτοῦ
3241 2568 3446 2603 συστα-

1859 2644 2024 2707 θέντα.
2083 2645 2167 2697 καί
2229 2641 2351 2715 ἅγια
2379 2643 2499 2711 ⁸καί
2571 2641 2835 2711 σεϐάσμια
2905 2635 3032 2696 εἶναι
3089 2642 3443 2712 γινώσκεσθαι.

1860 2734 2163 2804 Προσθεῖναι
2211 2731 2266 2789 δέ
2318 2735 2433 2796 ἐστι
2469 2737 2550 2790 καί
2595 2741 2773 2800 τοῦτο,
2814 2734 3144 2807 γαλῃνότατοι
3172 2733 3444 2793 δεσπόται.

1860 2827 1988 2905 πρὸς
2030 2831 2124 2885 τήν
2173 2833 2274 2882 τῶν
2320 2828 2554 2882 ἀπίστων
2617 2827 2978 2903 πληροφορίαν,
3042 2830 3130 2884 καὶ
3185 2825 3446 2902 διόρθωσιν

1862 2923 1963 2972 τῶν
2006 2917 2413 2988 πεπλανημένων,
2441 2915 2569 2992 ὅπερ
2619 2916 2646 2973 ό
2689 2919 2815 2980 Θεὸς
2854 2915 2928 2992 τῷ
2971 2915 3244 2995 θεράποντι
3289 2922 3447 2976 αὖτοῦ

1865 3013 2048 3062 Mutati
2089 3009 2397 3084 προσέταξε,
2447 3011 2612 3070 καθὼς
2652 3010 2708 3074 ,ἐν
2755 3017 2818 3084 τῇ
2871 3009 3031 3080 βίϐλῳ
3077 3016 3186 3070 τῶν,
3226 3010 3448 3085 ἀριθμῶν

1865 3097 2295 3167 ἀναγινώσκεται,
2321 3096 2421 3167 διὰ,
2462 3100 2550 3154 τόν
2595 3098 2766 3169 λοιμόν
2817 3101 2901 3155 τὸν
2949 3100 3217 3156 ἐπελθόντα
3253 3103 3445 3164 αὐτοῖς,

171 3194 229 3239 et
262 3185 480 3256 eloquar
523 3187 594 3242 ad
641 3198 691 3243 te
720 3188 920 3262 (Exod.
948 3190 1071 3262 XL),
1119 3208 1284 3264 super
1328 3197 1758 3265 propitiatorium

1865 3185 2041 3256 λέγων’
2075 3205 2094 3238 ε
2123 3189 2330 3259 Ποίησον
2369 3184 2496 3260 ὅφιν,
2537 3191 2624 3243 καί
2668 3190 2749 3252 θές
2795 3191 2949 3254 αὐτὸν
2993 3192 3066 3252 εἰς
3119 3199 3341 3263 σημεῖον·
3365 3193 3449 3246 καί

173 3277 389 3333 scilicet
413 3295 478 3335 ac
503 3281 711 3337 medios
735 3283 1038 3349 cherubim,
1067 3287 1158 3354 qui
1197 3295 1355 3342 erant
1391 3304 1556 3359 super
1579 3307 1762 3347 arcam

173 3369 497 3426 testimonii.
538 3370 646 3428 Sed
668 3380 724 3428 et
754 3374 809 3428 in
830 3376 1056 3432 cortinis
1084 3385 1249 3446 atque
1281 3381 1556 3449 opertorio
1584 3383 1765 3438 taber-

171 3459 360 3514 naculi
405 3462 685 3518 cherubim
737 3466 973 3521 textrino
1016 3482 1179 3537 opere
1199 3530 1202 3532 ,
1222 3469 1451 3527 diversis
1495 3473 1769 3531 coloribus

173 3549 301 3604 ﬁeri
363 3562 693 3624 praeceptum
740 3565 842 3612 est.
890 3557 1353 3618 Considerandum
1405 3565 1603 3635 quippe
1661 3575 1766 3632 est,

178 3643 612 3712 tranqmllissimi
664 3647 867 3704 domini
920 3650 1017 3706 ﬁlii
1060 3654 1241 3723 magni
1290 3655 1584 3726 principes,
1624 3663 1769 3729 quod

173 3734 524 3803 omnipotens
573 3737 832 3796 Dominus
879 3749 1067 3797 noster
1122 3744 1264 3801 inter
1303 3748 1523 3804 eosdem
1582 3750 1771 3806 ehem-

177 3822 298 3877 bim
343 3841 504 3882 manu
529 3826 702 3887 factos
729 3832 1044 3899 existentes,
1068 3836 1139 3891 ob
1176 3837 1407 3894 salutem
1450 3841 1634 3911 populi
1684 3843 1769 3899 sui

181 3914 334 3983 loqui
353 3916 604 3985 dignatus
627 3928 731 3976 est.
753 3920 860 3978 Pro
884 3938 992 3994 quo
1013 3925 1234 3981 dubium
1257 3944 1364 3984 non
1381 3938 1484 3995 est,
1498 3933 1643 4001 quod
1653 3947 1773 3988 om-

181 4005 278 4060 nia
306 4020 424 4074 qua:
450 4007 506 4062 in
523 4008 770 4067 ecclesiis
793 4012 886 4068 Dei
911 4016 980 4070 ad
1003 4014 1218 4072 laudem
1247 4027 1302 4075 et
1323 4019 1575 4077 decorem
1599 4022 1771 4092 ipsius

179 4096 482 4151 constituta
501 4107 646 4164 sunt,
675 4109 862 4156 sancta
887 4118 953 4159 ac
972 4110 1280 4162 veneranda
1305 4125 1427 4165 esse
1453 4121 1768 4168 noscantur.

183 4186 369 4242 Etiam
389 4187 512 4256 hoc,
552 4191 883 4246 serenissimi
925 4194 1039 4260 lilii,
1065 4197 1367 4254 addendum
1390 4211 1474 4256 est
1497 4203 1564 4258 ad
1592 4203 1772 4260 inere-

183 4279 442 4335 dolorum
491 4281 916 4340 satisfactionem
960 4294 1016 4341 et
1059 4288 1410 4345 directionem
1451 4293 1773 4361 errantium,

182 4378 339 4447 quod
380 4378 517 4435 Deus
562 4371 763 4437 famulo
813 4397 913 4438 suo
956 4383 1126 4455 Moysi
1179 4387 1438 4457 pra-cepit
1483 4389 1668 4445 dicens
1699 4390 1776 4462 (in

184 4473 334 4528 libro
380 4475 522 4530 enim
574 4473 934 4565 Numerorum
983 4479 1060 4533 ita
1096 4479 1295 4549 legitur
1329 4490 1520 4538 contra
1569 4491 1776 4552 pestem

1867 3277 2010 3350 ὅστις
2057 3281 2298 3353 κρουσθῇ.
2331 3282 2416 3333 καί
2463 3277 2545 3352 ἴδῃ
2593 3280 2747 3336 αὑτὸν
2794 3284 3027 3346 ζήσεται.
3057 3279 3322 3342 ἐποίησεν
3361 3277 3449 3336 οὖν

1866 3376 2054 3429 Μωσῆς
2101 3366 2209 3442 ὅφιν
2255 3369 2510 3441 χαλκοῦν,
2554 3375 2639 3426 καί
2682 3369 2825 3426 ἔθετο
2881 3373 3035 3427 αὐτὸν
3089 3377 3164 3433 είς
3210 3378 3448 3444 σημεῖον·

1867 3463 1952 3515 καί
1989 3461 2172 3522 πάντες
2201 3461 2248 3515 οἰ
2285 3462 2579 3536 κρουόμενοι
2605 3467 2687 3522 καί
2716 3465 3219 3539 θεωροῦντεςαὺτόν,
3247 3467 3447 3522 ἰῶντο.»

1866 3547 1929 3604 *Ω
1973 3557 2066 3612 τῆς
2111 3551 2283 3612 ἀνοίας
2330 3558 2432 3606 τῶν
2478 3555 2862 3627 φρυαττομένων
2908 3557 3038 3610 κατά
3090 3562 3183 3616 τῆς
3226 3559 3452 3618 πίστεως

1868 3644 1954 3696 καί
1991 3643 2259 3716 θρησκείας
2297 3652 2398 3701 τῶν
2449 3653 2781 3716 Χριστιανῶν
2826 3645 2906 3704 ὅτι
2950 3649 3343 3706 συνειθίσθησαν
3381 3654 3454 3720 μή

1868 3733 2108 3790 σέϐεσθαι
2165 3737 2257 3796 τὰς
2319 3735 2640 3804 σεϐασμίους
2690 3738 2888 3800 εἰκόνας
2911 3776 2928 3804 ,
2978 3741 3029 3794 iv
3079 3737 3161 3800 αἷς
3225 3741 3454 3810 ίστορίαε

1870 3827 1972 3880 εἰσί
2018 3832 2109 3880 τοῦ
2157 3836 2386 3903 Σωτῆρος
2434 3829 2614 3900 ήμῶν,
2654 3832 2742 3884 καί
2788 3837 2881 3891 τῆς
2929 3834 3220 3906 γεννητρίας
3271 3833 3451 3898 αὐτοῦ,

1871 3919 1956 3972 καί
2002 3919 2207 3973 πάντων
2253 3925 2352 3973 τῶν
2405 3918 2560 3994 ἁγίων
2584 3959 2600 3986 ,
2645 3917 2711 3974 ὧν
2756 3923 2808 3986 ἡ,
2834 3920 3049 3993 δύναμις
3099 3930 3319 3996 συνιστᾷ
3372 3927 3458 3980 καί

1870 4012 2024 4074 σώζει
2056 4009 2115 4066 τὸ
2167 4011 2475 4088 ἀνθρώπινον
2517 4013 2678 4087 γένοςι
2717 4013 2830 4082 ’βὰν
2878 4018 2978 4091 γὰρ
3029 4017 3116 4072 τόν
3144 4019 3457 4092 ἰσραηλίτην

1870 4101 1991 4156 λαὸν
2040 4105 2368 4175 πιστεύωμεν
2411 4102 2495 4160 διὰ
2537 4114 2631 4168 τῆς
2673 4108 2898 4182 ι’ρασεως
2940 4115 3032 4163 τοῦ
3075 4109 3276 4178 χαλκοῦ,
3299 4107 3458 4181 ὄφεως

1872 4195 2146 4258 σώζεσθαι,
2169 4198 2240 4264 μή
2285 4196 2479 4267 γένοιτο
2507 4197 2624 4267 ήμῖν
2680 4195 2952 4262 διστάσαι,
2999 4197 3125 4270 μηδέ
3169 4200 3459 4262 ἀποστῆναι

1874 4287 1931 4342 έκ
1981 4296 2072 4348 τῆς
2121 4287 2457 4361 παραδόσεως
2493 4301 2594 4350 τῶν
2831 4295 3083 4370 Πατέρων,
3131 4295 3260 4367 μηδέ
3291 4299 3344 4352 ἐκ
3369 4308 3464 4360 τᾶς

1876 4375 2098 4451 διδαχῆς
2139 4382 2306 4437 αὐτῶν
2359 4385 2599 4442 ἐκκλῖναι.
2649 4389 2745 4453 [ai
2788 4386 3008 4460 Σολομὼν
3049 4388 3104 4445 δέ
3147 4389 3175 4446 ὁ
3220 4392 3460 4464 βασιλεὺς

1878 4472 1928 4526 ἐν
1971 4481 2044 4542 τῷ
2087 4482 2193 4545 ναῷ
2263 4472 2304 4548 ᾧ
2353 4474 2527 4533 ἔκτισε
2569 4486 2644 4552 τῷ
2687 4487 2823 4551 Θεῷ,
2877 4483 3138 4556 χερουϐἰμ
3187 4487 3260 4546 εἰς
3315 4482 3465 4549 δόξαν

187 4581 318 4636 qua:
346 4566 400 4620 in
428 4581 521 4622 eos
559 4565 813 4641 irruerat)
846 4583 861 4622 :
893 4567 1008 4624 Fac
1039 4580 1343 4640 serpentem,
1392 4583 1441 4628 et
1481 4589 1613 4644 pone
1655 4591 1762 4631 eum

1879 4570 2008 4627 Θεοῦ
2059 4565 2288 4633 ἐποίησε,
2313 4571 2400 4623 καί
2435 4569 2488 4624 ἐκ
2515 4568 2763 4644 διαφόρων
2801 4575 3101 4648 χρωμάτων
3147 4573 3466 4632 κατεσκεύα-

181 4673 288 4728 pro
322 4657 470 4728 signo
511 4673 530 4713 :
563 4658 653 4729 qui
694 4675 969 4729 percussus
994 4661 1253 4731 aspexerit
1280 4679 1419 4728 eum,
1446 4663 1596 4718 vivet.
1626 4662 1777 4725 Fecit

177 4764 316 4819 ergo
342 4747 548 4820 Moyses
575 4760 866 4821 serpentem
907 4768 1134 4819 aeneum,
1164 4763 1213 4808 et
1251 4755 1426 4825 posuit
1470 4771 1564 4826 pro
1590 4757 1776 4828 signa;

177 4855 345 4911 quem
393 4857 510 4894 cum
565 4843 800 4912 percussi
845 4845 1154 4914 aspicerent,
1203 4846 1532 4902 sanabuntur
1567 4847 1774 4919 (Num.

183 4930 336 5003 ιιι).
365 4932 408 4989 0
444 4933 655 4989 insania
682 4931 1027 4991 frementium
1054 4946 1245 4992 contra
1283 4937 1444 4994 fidem
1467 4947 1524 4994 et
1561 4940 1780 5009 religio-

180 5039 322 5081 nem
350 5023 736 5091 Christianam,
759 5033 820 5081 ut
845 5036 1095 5083 asseram
1136 5043 1243 5084 non
1282 5029 1461 5085 colere
1492 5039 1588 5085 aut
1612 5047 1775 5088 vene-

183 5115 310 5172 rari
359 5115 639 5187 imagines,
674 5117 731 5171 in
779 5117 974 5188 quibus
1024 5118 1268 5190 ﬁgurata
1315 5128 1442 5174 sunt
1479 5119 1779 5180 Salvatoris

182 5204 420 5275 effigies,
454 5217 508 5263 et
549 5205 665 5276 ejus
690 5208 996 5277 genitricis,
1027 5209 1112 5264 vel
1162 5198 1505 5276 sanctorum,
1550 5227 1780 5280 quorum

184 5299 401 5354 virtute
439 5299 685 5355 subsistit
720 5300 888 5364 orbis,
921 5307 1083 5370 atque
1119 5301 1324 5370 potitur
1349 5302 1644 5357 humanum
1691 5318 1781 5373 ge-

184 5405 304 5448 nus
351 5390 550 5447 salute!
603 5389 766 5448 dinei
813 5392 1080 5462 serpentis
1129 5393 1463 5463 inspectione
1512 5394 1788 5452 credimus

182 5479 552 5538 lsraeliticum
590 5482 845 5553 populum
883 5498 916 5538 a
951 5482 1258 5540 calamitate
1303 5482 1499 5552 injecta
1542 5485 1784 5550 liberari,

182 5579 252 5629 ct
280 5571 483 5628 Christi
509 5573 720 5629 Domini
757 5575 929 5630 nostri
964 5583 1021 5630 et
1061 5582 1372 5630 sanctorum
1400 5575 1604 5648 elligies
1638 5577 1788 5646 aspi-

184 5663 412 5720 cientes
437 5673 599 5735 atque
626 5673 947 5722 venerantes
990 5667 1298 5722 dubitamus
1345 5667 1584 5724 salvari?
1631 5667 1791 5724 Absit

188 5753 299 5810 tali
348 5752 567 5812 nefaria!
613 5758 905 5813 temeritati
961 5759 1151 5814 cedere
1202 5775 1504 5816 assensum.
1561 5759 1784 5816 Patrum

189 5851 416 5924 priscas
439 5867 732 5924 sequamur
757 5855 1094 5922 traditiones,
1133 5864 1187 5910 et
1230 5858 1297 5912 ab
1327 5871 1512 5912 eorum
1541 5857 1785 5914 doctrina

496 5947 770 6008 ΡΑτιιοι.
824 5947 1036 6010 XCVI.

1878 4678 1966 4714 σεν
1994 4657 2077 4730 [ι.
2107 4655 2191 4715 ἄλ.
2229 4659 2631 4736 κατεκόσμησεν]
2661 4666 2831 4721 αὐτόν.
2867 4667 3054 4722 Λοιπὸν
3095 4665 3154 4724 δέ
3193 4671 3282 4723 καί
3322 4670 3468 4741 ἡμεῖς

1879 4754 1966 4806 καί
2009 4753 2194 4813 πάντες
2241 4753 2586 4830 οἰόρθόδοξοι
2639 4760 2728 4815 τήν
2789 4756 3080 4829 ὁμολογέειν
3103 4768 3196 4819 τῆς
3241 4760 3468 4821 πίστεως

1880 4841 2022 4910 ήμῶν
2046 4879 2064 4907 ,
2118 4844 2200 4898 καί
2259 4847 2353 4903 τήν
2403 4846 2718 4921 ὡραιότητα.
2745 4851 2838 4901 τοῦ
2903 4845 3038 4902 οἴκου
3087 4855 3180 4904 τοῦ
3231 4856 3365 4905 Θεοῦ
3403 4852 3470 4905 in

1882 4934 2130 5010 διαφόρων
2185 4937 2479 5010 χρωμάτων
2527 4939 2612 4991 καί
2660 4941 2958 5008 κοσμήσεως
2984 4941 3273 5014 ζωγράφων·
3292 4945 3471 4996 ποιοῦ·

1881 5045 1994 5094 μεν.
2027 5023 2172 5081 ’15πεί
2195 5029 2278 5081 καί
2301 5025 2513 5086 Ἡσαΐας
2539 5020 2568 5082 ὂ
2598 5030 2854 5102 προφήτης
2882 5023 3040 5084 εἶπεν
3067 5046 3086 5077 ι
3117 5027 3192 5084 Ἐν
3215 5039 3278 5106 τῇ
3306 5033 3472 5108 ἡμέρᾳ

1883 5117 2044 5190 ἐκείνῃ
2091 5114 2237 5174 ἔσται
2281 5120 2647 5194 θυσιαστήριον
2680 5127 2754 5189 τῷ
2805 5127 2916 5190 Θεῷ
2960 5121 3014 5175 iv
3063 5122 3206 5193 μέσῳ
3248 5131 3343 5184 τῆς
3376 5133 3472 5196 γῆς

1883 5209 2166 5279 Αἰγύπτου,
2196 5211 2283 5264 καί
2329 5209 2488 5268 στήλη
2542 5210 2769 5281 ἐχόμενα
2812 5219 2916 5268 τῶν
2952 5211 3104 5287 ὁρίων
3145 5215 3330 5275 αὐτ-ἦς’
3389 5219 3474 5270 καί

1887 5295 2038 5354 ἔσται
2093 5301 2164 5359 εἰς
2215 5308 2428 5373 σημεῖον
2474 5303 2558 5355 καί
2609 5303 2684 5362 εἰς
2737 5303 3018 5379 μαρτύριον
3051 5306 3217 5377 κυρίῳ
3251 5302 3325 5377 τῷ
3361 5311 3474 5378 Θεῷ

1887 5392 1939 5446 ἰν
1979 5398 2044 5466 γῇ
2083 5392 2365 5462 Αἰγύπτου.
2410 5396 2657 5452 Baianum
2681 5390 2736 5448 δέ
2763 5394 3094 5469 πρός-κύριον
3123 5397 3226 5452 ἀπὸ
3265 5399 3473 5471 προσώ-

1887 5503 1987 5536 που
2049 5481 2336 5549 θλιϐόντων,
2388 5486 2472 5538 καί
2540 5484 2842 5540 ἀποστελεῖ.
2876 5477 3050 5546 αὐτοῖς
3119 5495 3328 5564 σωτῆρα
3394 5489 3478 5541 καί

1887 5578 2197 5654 ὖπέρμαχον
2245 5578 2332 5633 τὸν
2379 5577 2720 5652 λυτρούμενον
2769 5579 2980 5646 αὐτούς.
3009 5598 3028 5630 ι
3065 5583 3164 5634 Καὶ
3191 5579 3218 5635 ὃ
3266 5577 3478 5649 ψαλίῳ·

1891 5669 1974 5733 δὸς
1999 5669 2052 5727 δέ
2079 5668 2236 5726 Δαϐἰδ
2277 5672 2428 5741 ὑμνεῖ
2446 5671 2602 5742 λέγων
2619 5687 2632 5700 ⁶
2668 5689 2686 5719 ι
2714 5669 3096 5745 Ἐξομολόγησις
3123 5673 3205 5727 καί
3230 5669 3478 5746 ὡραιότης

1891 5766 2102 5822 ἐνώπιον
2130 5765 2311 5819 αὐτοῦ.
2349 5785 2366 5815 ι
2405 5767 2494 5819 1ίαί
2523 5765 2670 5820 πάλιν
2697 5763 2723 5820 ό
2746 5765 2898 5827 αὐτός
2924 5782 2939 5797 ’
2973 5784 2991 5815 ι
3030 5761 3214 5838 Κύριε,
3235 5763 3480 5836 ἠγάπησα

1894 5858 2200 5934 εὐπρέπεικν
2256 5853 2392 5911 οἴκου
2439 5877 2568 5924 σου,
2623 5858 2708 5910 καί
2751 5855 2907 5912 τόπον
2950 5857 3281 5924 σκηνὼματος
3332 5849 3480 5915 δόξης

2927 5944 3005 6002 39
