3950 6308
563 333 701 389 1245

1897 331 2123 388 BULLA
2161 329 2462 389 ADRIANI.

3686 337 3798 396 1944

1216 581 1265 681 ⁷,
1382 584 1427 679 7;
1538 678 1541 681 .
1740 584 2103 708 'BULLA
2177 629 2596 708 ADRIANI

562 813 703 891 Quo
735 809 1055 891 conﬁrmat
1079 804 1984 891 partitionemArgentinensis
2014 804 2288 891 digressis
2333 806 2401 866 in
2454 815 2681 891 septem
2709 807 3292 891 archidiaconatus,
3323 807 3696 891 divisionem
3722 832 3798 873 re-

639 882 884 959 dituum
914 882 1191 966 episcopi
1222 904 1260 945 a
1290 882 1595 945 reditibus
1613 882 1916 964 capituli,
1953 892 2007 943 et
2037 883 2167 945 alia
2184 884 2343 965 jura
2369 882 2815 946 canonicorum
2848 885 3124 966 ejusdem
3153 887 3440 966 εοειεείιε,
3477 886 3635 950 data
3657 890 3740 953 die
3769 893 3797 953 Β

572 1036 579 1042 ,
638 966 884 1048 Aprilis
917 963 1083 1047 78.1..
1119 963 1155 1051 ί

1406 1080 1438 1108 ρ
1520 1061 1611 1126 (ες
1630 1048 1942 1143 βηρὰἰάίοτ,
1975 1063 2096 1113 Hist.
2122 1060 2183 1113 de
2208 1060 2401 1125 l‘Bglise
2418 1061 2481 1113 de
2505 1059 2857 1143 srrastourg.)

626 1278 894 1337 Adrianus
937 1276 1221 1345 episcopus
1247 1286 1273 1315 ει
1309 1289 1496 1330 servus
1533 1288 1817 1329 servorum
1845 1273 1962 1327 Dei.
1987 1272 2131 1328 Con-
2156 1274 2207 1336 Α
2232 1286 2299 1327 ac
2318 1270 2860 1338 electionefratrum,
2892 1271 3006 1328 Deo
3034 1272 3108 1328 ibi
3149 1272 3573 1343 famulantium;
3623 1278 3695 1336 eis

555 1371 705 1426 venit
740 1367 1037 1439 apostolico
1066 1363 1440 1428 moderamini,
1463 1363 1549 1433 pia
1580 1362 1836 1433 religione
1862 1362 2135 1432 pollenti-

554 1464 699 1519 tibus
751 1459 999 1517 benivola
1044 1455 1418 1526 eompassione
1448 1468 1877 1520 succurrere,.ac
1902 1469 2135 1524 poscen-
2162 1498 2182 1503 ,.

555 1556 688 1611 tium
709 1551 819 1620 iuri
847 1549 1012 1606 alacri
1041 1547 1323 1604 devotione
1347 1545 1609 1615 impertiri
1638 1560 1937 1600 assensum.
1966 1545 2147 1617 igitur”

553 1644 804 1701 ouinibus
829 1649 1014 1697 sancte
1046 1639 1139 1694 Dei
1186 1635 1423 1692 Ecclesie
1467 1634 1742 1701 ﬁdelibus,
1795 1637 2137 1706 presentibus

553 1735 757 1792 scilicet
781 1748 846 1787 ac
874 1730 1085 1794 futuris,
1120 1737 1304 1783 notum
1328 1742 1449 1782 esse
1472 1725 1738 1791 volumus,
1761 1727 1888 1797 quia
1916 1741 2140 1781 venera-

550 1825 676 1881 bilis
708 1823 988 1890 fraterne
1036 1820 1383 1890 eoepiscopus
1426 1824 1614 1873 noster
1666 1818 2137 1889 Argentoratensis

552 1917 691 1973 Etbo
720 1914 954 1979 nomine,
968 1888 1164 1967 ocoram
1195 1910 1544 1967 dilectissimo
1566 1909 1679 1965 ﬁlio
1706 1917 1914 1976 nostro,
1938 1909 2136 1967 Carolo

552 2024 679 2079 rege
697 2006 1051 2071 Francorum,
1079 2016 1264 2060 nostro
1289 2003 1554 2075 suggessit
1599 2003 1939 2074 apostolatui,
1965 2004 2137 2073 quali-

550 2111 634 2159 ter
658 2101 770 2170 ipse
796 2115 895 2171 pro
929 2098 1230 2153 alleviando
1259 2096 1343 2152 sui
1383 2095 1660 2167 regiminis
1687 2084 1871 2165 opere,
1908 2094 2135 2151 consilio

548 2206 613 2246 ac
642 2204 908 2245 consensu
932 2186 1317 2258 sapientiorum
1366 2186 1543 2255 tocius
1566 2200 1662 2241 sue
1687 2185 1984 2250 dioceseos,
2016 2184 2133 2255 epi-

548 2290 826 2352 scopatum
880 2280 1391 2351 Argentoratensem
1441 2278 1495 2332 in
1551 2286 1756 2348 septem
1805 2277 2137 2334 archidiaco-

547 2383 709 2430 natus
735 2371 1098 2435 conSIituerit,
1122 2378 1285 2440 atque
1310 2368 1417 2423 hiis
1443 2368 1669 2439 singulis
1694 2367 1935 2437 singulos
1956 2366 2135 2422 archi-

547 2466 801 2521 diacones
828 2465 967 2520 bone
1003 2463 1114 2517 vite
1161 2478 1225 2518 ac
1250 2461 1391 2540 bone
1443 2459 1877 2516 conversacionis
1931 2459 1986 2513 in
2015 2458 2134 2514 vice

548 2576 644 2616 sua
683 2556 1040 2629 proposuerit,
1064 2563 1124 2609 ut
1146 2554 1339 2625 singuli
1367 2569 1488 2609 cum
1515 2551 1630 2610 suis
1657 2551 2132 2622 archipresbiteris

2239 1376 2401 1432 quem
2420 1376 2488 1417 ex
2507 1361 2620 1417 suis
2647 1363 3029 1429 concauonicis
3055 1379 3382 1434 preponere,
3417 1366 3521 1436 qui
3547 1367 3630 1423 die
3652 1381 3798 1427 noctu-

2237 1467 2351 1523 que
2364 1451 2637 1521 sollicitus
2659 1468 2748 1510 res
2773 1469 2961 1509 eorum
2981 1455 3148 1511 sciret
3172 1456 3383 1511 utiliter
3406 1458 3795 1528 administrare,

2236 1560 2304 1599 ac
2326 1544 2418 1615 qui
2446 1543 2651 1599 nullum
2677 1543 2899 1602 fratrem
2920 1545 3037 1601 sine
3073 1544 3223 1614 justa
3244 1564 3415 1605 causa
3444 1552 3625 1607 vellet
3642 1553 3797 1609 distur-

2236 1636 2388 1701 bare,
2420 1650 2485 1691 ac
2514 1635 2608 1725 tali
2634 1650 2758 1692 cum
2803 1637 3313 1725 deliita.obcdientia
3352 1642 3638 1710 maximus
3664 1646 3796 1699 how

2238 1740 2304 1780 ac
2322 1724 2621 1779 reverentia
2650 1733 2772 1795 post
2786 1726 3097 1797 episcopum
3128 1729 3197 1783 ab
3224 1730 3489 1786 omnibus
3518 1733 3796 1788 exhiberen-

2238 1825 2344 1883 tur,
2377 1831 2443 1872 ac
2471 1824 2665 1872 cuncta
2686 1817 2947 1873 beneﬁcia
2968 1818 3212 1886 claustri,
3232 1828 3429 1889 preter
3438 1824 3790 1893 preposituns,

2237 1924 2336 1965 sua
2373 1909 2773 1980 dispensatione
2797 1910 3076 1979 fratribus,
3098 1922 3261 1983 prout
3287 1916 3535 1986 quisque
3579 1935 3701 1988 opm
3721 1919 3793 1973 ln-

2234 2000 2409 2066 berct,
2438 2001 2907 2057 distribuerentur.
2934 2002 3148 2060 Nullum
3173 2014 3360 2063 tamen
3384 2010 3645 2083 episeopo
3670 2011 3789 2081 (mi

2235 2108 2302 2148 ex
2333 2091 2515 2148 debito
2542 2091 2608 2147 de
2628 2092 2734 2149 hac
2771 2092 3001 2149 fratrum
3027 2096 3379 2166 prepositnra
3410 2097 3793 2156 ἤθει-εὐώδει

2236 2183 2547 2250 servicium,
2575 2183 2679 2238 nisi
2709 2186 2852 2253 quod
2884 2184 2988 2240 sibi
3017 2196 3163 2241 esset
3189 2187 3600 2255 voluntarium,
3645 2200 3791 2261 preter

2236 2273 2534 2330 sententias
2553 2274 2861 2343 canonicas,
2884 2290 3019 2346 quas
3041 2277 3096 2332 in
3137 2278 3331 2334 sinodo
3353 2280 3433 2335 ad
3460 2297 3647 2338 causas
3671 2285 3793 2339 daret

2235 2363 2494 2435 singulas.
2520 2364 2627 2420 Pro
2660 2379 2825 2436 supra
2849 2366 2980 2421 dicti
3007 2381 3221 2438 quoque
3243 2367 3485 2426 Ethonis
3532 2381 3707 2443 rogatu
3751 2380 3796 2426 et

2234 2452 2523 2509 dilectione
2547 2452 2930 2511 dilectissimus
2982 2456 3126 2512 ﬁlius
3162 2467 3358 2514 noster
3386 2459 3609 2516 Carolus
3630 2462 3692 2518 de
3728 2477 3796 2517 re-

2231 2547 2336 2604 bus
2362 2547 2776 2618 episcopalibus,
2804 2547 3009 2605 scilicet
3035 2551 3103 2606 de
3132 2560 3354 2607 moneta
3374 2594 3393 2618 ,
3438 2553 3702 2618 tbeloneo,
3742 2569 3799 2609 ac

543 2653 710 2707 verbo
738 2666 802 2705 ac
837 2647 1083 2717 exemplo
1108 2645 1462 2716 procedendo,
1494 2643 1739 2700 subditos
1782 2643 1837 2697 in
1876 2642 1991 2712 lege
2032 2641 2129 2697 Dei
2165 2649 2208 2708 Β
2232 2636 2355 2691 aliis
2381 2634 2576 2693 ofﬁciis
2596 2636 2665 2691 ad
2713 2652 2772 2694 se
2793 2638 3193 2707 pertinentibus
3240 2640 3351 2697 hoc
3402 2642 3664 2698 consmuit
3685 2683 3701 2707 ,
3743 2651 3801 2696 ut

544 2742 753 2797 utiliter
782 2741 1129 2803 instruerent,
1161 2753 1225 2792 ac
1262 2735 1619 2807 episcopalem
1668 2747 1853 2789 curam
1877 2774 1893 2801 ,
1943 2741 2129 2804 preter

543 2830 896 2903 penitentium
936 2826 1448 2892 reconciliationem,
1478 2824 1801 2880 omnimodis
1844 2831 2124 2895 gererent,

544 2923 735 2978 altaria
791 2921 1152 2985 concedendo,
1184 2918 1442 2974 ecclesias
1480 2914 1725 2985 iudiciali
1770 2915 1960 2971 ordine
2003 2930 2127 2970 cum

544 3014 719 3084 sigillo
747 3010 983 3083 episcopi
1011 3010 1329 3076 claudendo,
1357 3010 1585 3066 clericos
1620 3008 1688 3064 ab
1736 3006 1910 3064 oliicio
1934 3008 2127 3063 vdivino

544 3102 941 3172 suspendendo,
976 3117 1040 3157 ac
1068 3114 1387 3173 quecunquc
1402 3100 1501 3174 ipsi
1523 3099 1793 3170 corrigere
1821 3114 1919 3170 per
1938 3115 1997 3177 se
2019 3115 2150 3177 non

542 3194 821 3259 valerent,
863 3193 931 3248 ad
958 3192 1284 3262 presentiam
1321 3191 1583 3247 nominati
1612 3190 1843 3247 Ethonis
1866 3190 1950 3246 vel
2003 3204 2127 3247 suo-

543 3299 664 3339 rum
692 3297 1064 3338 successorum
1099 3282 1434 3338 emendanda
1462 3282 1674 3337 deferre
1700 3281 1996 3346 deberent;
2026 3294 2129 3351 nec

542 3374 599 3429 in
626 3372 853 3442 alicujus
870 3373 1106 3444 episcopi
1130 3372 1270 3428 foret
1285 3381 1553 3444 potestate
1577 3372 1814 3443 aliquem
1843 3372 1911 3427 de
1948 3371 2128 3442 prcdi-

542 3469 646 3524 etis
671 3466 933 3523 fratribus
965 3465 1032 3522 de
1065 3465 1158 3522 tali
1187 3479 1468 3522 removere
1506 3450 1789 3536 dignitate,
1816 3463 1922 3519 nisi
1947 3463 2086 3518 forte
2108 3504 2124 3529 ,

541 3558 687 3630 quod
734 3558 1124 3624 absit,,talibus
1152 3555 1481 3613 facinoribus
1521 3556 1943 3621 inuodarentur,
1984 3553 2127 3624 quod

533 3652 659 3719 jure
686 3651 948 3707 canonico
988 3652 1056 3707 ab
1091 3651 1239 3706 omni
1281 3648 1570 3721 episcopali
1599 3648 1800 3705 vicaria
1830 3646 2023 3703 merito
2035 3646 2127 3701 (le-

540 3750 890 3814 ponerentur.
916 3741 1169 3796 Preterea
1196 3742 1337 3796 idem
1381 3741 1607 3795 antistes
1656 3739 1813 3795 nobis
1857 3739 2124 3802 innotuit,

539 3830 774 3900 qualiter
798 3845 988 3885 omnes
1044 3844 1132 3884 res
1156 3829 1488 3899 episcOpales
1515 3847 1551 3884 a
1575 3829 1958 3884 canonicorum
2005 3843 2130 3898 pre-

540 3919 715 3975 henda
742 3925 1108 3987 sequestratas
1143 3918 1388 3983 haberet,
1418 3919 1471 3973 in
1500 3918 1703 3987 quibus
1736 3917 1866 3972 nulli
1918 3918 2128 3987 episeo-

2227 2730 2697 2800 quotienscunque
2722 2729 2823 2785 hec
2848 2731 3145 2787 ministeria
3178 2743 3539 2802 mutarentur,
3554 2752 3653 2806 pro
3667 2736 3801 2790 salu-

2227 2822 2301 2878 tis
2325 2836 2421 2877 sue
2449 2830 2738 2894 augmento
2760 2830 2963 2894 septem
2987 2824 3144 2890 libre,
3171 2833 3288 2880 tres
3316 2828 3629 2896 preposito,
3681 2842 3796 2895 qm-

2227 2920 2351 2969 tuor
2373 2913 2666 2979 canonicis,
2695 2914 2747 2968 in
2775 2929 3061 2971 commune
3106 2915 3482 2973 traderentur.
3519 2919 3668 2973 Hanc
3686 2934 3796 2989 ergo

2228 3009 2341 3056 tam
2362 3002 2522 3072 regis,
2559 3018 2724 3074 quam
2753 3003 2941 3061 fratris
2969 3020 3032 3061 ac
3057 3007 3365 3078 coepiscopi
3397 3012 3581 3065 nostri
3619 3009 3782 3078 disne!

2227 3095 2489 3153 satoriam
2509 3097 2950 3153 constitutionem
2976 3109 3200 3171 propter
3219 3101 3485 3158 humilem
3514 3119 3701 3161 eorum
3724 3120 3801 3175 pe-

2226 3185 2493 3252 titionem,
2531 3194 2705 3242 ratam
2753 3203 2873 3244 esse
2918 3190 3332 3259 conﬁrmamus;
3390 3210 3459 3249 ac
3504 3212 3586 3251 ne
3609 3210 3801 3266 priscas

2225 3277 2529 3347 episcopus,
2560 3277 2646 3333 vel
2671 3278 2868 3349 aliquis
2893 3295 3265 3339 successorum
3318 3299 3577 3352 suorum,
3608 3302 3701 3341 nec
3723 3284 3795 3340 ali

2224 3383 2331 3441 qua
2374 3382 2612 3440 persona
2649 3376 2846 3441 potens
2898 3370 2985 3426 vel
3031 3371 3337 3444 impotens,
3405 3390 3641 3430 manum
3679 3375 3799 3429 dein-

2225 3475 2354 3529 ceps
2382 3461 2577 3516 audeat
2600 3460 2904 3525 admittere,
2926 3477 2991 3519 ac
3039 3464 3332 3536 quicquam
3377 3466 3450 3522 de
3490 3467 3801 3539 supradictis

2227 3549 2544 3621 infringere,
2557 3550 2658 3619 vel
2683 3550 2944 3609 fratribus
2963 3554 3284 3611 subtrahere
3300 3598 3317 3622 ,
3368 3559 3706 3613 auctoritate
3726 3557 3800 3611 Dei

2227 3660 2292 3700 ac
2316 3645 2603 3699 beatorum
2649 3645 3013 3715 apostolorum
3042 3646 3189 3704 Petri
3208 3656 3263 3702 et
3293 3647 3490 3713 Pauli,
3542 3666 3617 3705 ac
3661 3648 3803 3704 nostri

2191 3735 2327 3807 ,sub
2366 3735 2714 3789 anathemate
2754 3734 3076 3791 inhibemus.
3120 3735 3396 3806 Scriptum
3452 3753 3564 3810 per
3613 3754 3800 3793 unum

2226 3823 2488 3880 Zacharie
2532 3832 2719 3883 sancte
2742 3824 2984 3881 Romane
3010 3825 3152 3881 sedis
3179 3827 3617 3885 bibliothecarii.
3638 3830 3803 3884 Actum

2225 3918 2415 3983 Rome,
2449 3918 2503 3972 in
2530 3916 2665 3972 feria
2695 3917 2931 3972 secunda
2975 3914 3202 3983 Pasebe,
3232 3934 3375 3975 anno
3426 3920 3804 3979 incarnationis

540 4023 732 4081 porum
772 4008 1062 4079 quicquam
1089 4008 1279 4086 liceret
1298 4006 1497 4074 facere,
1528 4006 1634 4063 nisi
1683 4008 1806 4063 cum
1850 4007 2126 4067 voluntate
2148 4005 2197 4067 ϐ
2227 4010 2443 4069 Domini
2481 4011 2510 4052 ιι
2539 4010 2665 4078 773,
2696 4025 2880 4067 coram
2920 4010 3105 4067 multis
3137 4011 3498 4086 principibus,
3532 4012 3775 4071 feliciter.

538 4156 644 4213 que
670 4140 772 4198 787
814 4157 936 4213 eum
976 4141 1097 4197 inde
1123 4141 1357 4213 Capuam
1400 4156 1613 4212 quoque
1654 4156 1717 4197 ac
1754 4141 2117 4198 Beneventum

540 4212 795 4269 adversus
821 4212 1185 4268 Grimoaldum
1213 4212 1405 4268 ducem
1444 4214 1716 4282 profectus
1749 4223 1861 4278 est,
1893 4228 2011 4279 nos,
2039 4221 2120 4268 ta-

539 4283 699 4339 metsi
732 4298 818 4338 res
843 4282 1046 4353 incerta
1069 4290 1171 4347 est,
1197 4284 1436 4353 codicem
1446 4281 1680 4339 ’Adriani
1702 4285 1768 4338 ad
1788 4291 2119 4353 postremam

537 4354 723 4424 potius
772 4352 1157 4424 profectionem
1202 4352 1557 4424 referendum
1616 4352 1900 4424 duximus,
1953 4368 2115 4422 quam

540 4368 723 4424 ponus
772 4368 1157 4475 prorecuonem
1217 4368 1557 4408 reierenaum
1616 4368 1900 4420 nummus,
1953 4368 2115 4422 quam

540 4422 702 4504 (quod
738 4420 1114 4504 aiis‘placuitl
1151 4422 1217 4477 ad
1255 4423 1506 4504 primam,
1548 4424 1634 4504 cui
1672 4423 2023 4504 multa,qu
2061 4425 2116 4479 in

538 4491 655 4566 eius
674 4491 911 4566 epistola
940 4491 1208 4563 leguntur,
1233 4494 1527 4566 convenire
1547 4494 1647 4566 vix
1681 4491 1937 4566 possint;
1955 4494 2113 4549 Sum.

611 4576 638 4605 ι
678 4562 837 4634 Papae
867 4562 1067 4634 octavo
1088 4562 1287 4634 saeculo
1315 4562 1461 4634 nullo
1510 4565 1616 4620 alio
1654 4562 1808 4621 titulo
1838 4565 1920 4620 usi
1949 4572 2113 4632 sunt,

537 4649 700 4705 quam
738 4632 881 4689 servi
908 4646 1189 4705 serv_or_um
1232 4632 1347 4697 Dei,
1371 4633 1520 4705 illum
1561 4650 1590 4705 a
1620 4642 1807 4690 sancto
1854 4635 2117 4705 Gregorio

537 4701 859 4775 usurpantes
896 4715 912 4756 :
959 4720 979 4754 ι
1014 4701 1228 4775 Primus
1276 4702 1515 4775 omnium
1554 4702 1886 4775 Gregorius,
1945 4701 2118 4775 inquit

536 4772 771 4829 Joannes
800 4773 1086 4837 Diaconus,
1116 4786 1175 4827 se
1201 4772 1270 4856 in
1305 4772 1569 4856 principio
1597 4772 1947 4856 epistolarurn
1994 4772 2118 4856 sua-

538 4859 657 4971 Burin
673 4858 902 4969 servum
923 4857 1202 4899 servorum
1229 4842 1326 4898 Dei
1354 4842 1517 4901 scribi
1541 4842 1673 4925 satis
1721 4843 1996 4899 humiliter
2022 4844 2118 4900 de-

580 4931 612 4969 n
638 4930 688 4969 vn
716 4953 731 4968 .
765 4934 783 4967 ι

580 4915 731 4969 nivit.
765 4934 783 4967 ι
1571 4917 1580 4925 ‘

611 4985 640 5024 δ
660 4983 944 5057 Adrianus
973 4987 1125 5057 'papa
1149 5002 1179 5057 ει
1209 4985 1295 5040 die
1321 4983 1656 5057 erebi-uarii
1684 4984 1790 5057 772
1831 4985 1898 5040 ad
1917 4985 1987 5041 25
2016 4986 2119 5043 De-

541 5054 775 5111 cembris
798 5053 921 5122 795,
949 5053 1230 5128 qua—obiit,
1259 5054 1441 5111 sedem
1471 5055 1834 5128 pontiﬁcalem
1861 5057 2112 5113 obtinuit.

2223 4143 2647 4227 l’apebrockifuﬁsl1
2670 4142 2725 4197 in
2747 4142 3161 4227 suo_l’rop_yl:eg
3191 4144 3257 4198 ad
3304 4144 3446 4227 μορε

2224 4212 2369 4286 Maii,
2393 4230 2514 4286 pag.
2543 4213 2680 4286 298,
2708 4213 2904 4269 asserit
2949 4212 3272 4286 se'hullam
3303 4214 3503 4286 legisse
3550 4219 3805 4273 sincera-

2223 4285 2422 4340 hullam
2434 4299 2554 4355 qum
2578 4285 2801 4341 haberet
2831 4298 3001 4355 annos
3017 4285 3403 4355 incarnationis
3427 4295 3562 4342 ante
3586 4288 3803 4343 Im

2223 4370 2424 4410 nonum
2442 4352 2571 4426 {cui
2602 4353 2871 4409 consentit
2914 4352 3210 4426 Mahillon"
3233 4355 3300 4409 de
3326 4355 3407 4410 Re
3427 4356 3771 4426 diplomatiea
3788 4396 3804 4418 ,

2221 4440 2344 4496 pag.
2385 4424 2506 4481 185.
2543 4423 2891 4496 Reverazcra
2921 4424 3243 4496 Dionysiana
3268 4426 3343 4496 Vin
3385 4423 3695 4496 pontiﬁciis
3736 4443 3807 4483 re

2223 4494 2439 4566 scriptis
2468 4494 2680 4551 nonnisi
2708 4494 2864 4566 initio
2883 4494 3071 4566 sgeculi
3086 4495 3358 4566 undecimi
3386 4494 3721 4555 constanter
3738 4500 3807 4551 ia-

2222 4563 2410 4650 valtiit.
2455 4566 2563 4648 βεξιί
2598 4579 2706 4650 non
2751 4563 3189 4650 indefalsmndici
3214 4576 3445 4650 possunt
3466 4568 3635 4623 bulla:
3680 4576 3807 4650 ante

2224 4638 2416 4700 riores,
2453 4635 2507 4689 in
2531 4634 2727 4705 quibus
2749 4634 3007 4689 inseritur
3034 4636 3123 4691 illa
3156 4634 3361 4705 epocha
3387 4678 3402 4699 ,
3452 4654 3587 4708 qua
3625 4648 3809 4694 octavo

2226 4707 2423 4762 saeculo
2448 4706 2630 4777 Bome
2646 4703 2759 4772 jam
2789 4704 2890 4758 fuit
2916 4706 3145 4777 celebris
3171 4709 3485 4777 e‘tcognita.
3516 4709 3662 4765 Huic
3705 4724 3807 4764 sel-

2225 4778 2433 4849 tentize
2450 4774 2630 4830 favent
2654 4782 2930 4849 Δτιιιοιριίεε
2965 4776 3155 4832 Gallici
3200 4774 3365 4833 Nova:
3390 4778 3801 4849 ,Diplomaticz,

2225 4856 2355 4902 tom.
2387 4847 2449 4909 ν,
2479 4861 2604 4916 pag.
2648 4843 2780 4916 224.
2814 4844 3079 4902 Praeterea
3125 4863 3328 4903 annum
3386 4843 3805 4905 incarnationis.

2225 4932 2386 4988 quem
2409 4915 2503 5000 hic
2525 4916 2685 5000 habet
2703 4915 2929 5000 Adriani
2958 4916 3125 4999 bulla,
3158 4917 3395 5000 adjicere
3419 4922 3603 5000 potuit

2223 4983 2319 5043 cus
2336 4987 2624 5070 episcopus
2651 4983 3084 5067 Argentinensis,
3106 4986 3200 5059 qui
3225 4983 3392 5045 illam
3419 4983 3486 5047 in
3504 5006 3602 5048 sua
3627 4992 3805 5047 chum

2224 5073 2350 5113 anni
2380 5055 2517 5111 1205
2541 5056 2846 5125 ἀθεετιιιειῑ.
