3950 6308
156 523 3376 556 Mm

150 392 277 473 tas:
1209 403 1213 406 -
1543 380 1697 439 cum

1801 380 1956 439 com.
2817 464 2827 473 ι
3251 388 3407 448 ιῑςις

355 592 419 662 0
846 626 1248 706 INCIPIT
1288 626 1784 745 praeter:
1854 616 2678 720 ,IMPEBATOIIUM',
2756 712 2819 721 ρ
2896 642 2899 645 ·
3154 628 3159 633 ”
3246 630 3251 635 “
3362 736 3365 737 ,

171 848 177 855 ,
220 770 679 842 ‘VEL'ARABUM
714 766 1249 844 EPHEMERIDES,
1285 775 1521 844 ATQUE
1574 771 1914 829 HISPANUE
1954 771 2541 829 CllRONOGBAPHlA
2589 775 3295 840 suumovowmmg

1564 862 1945 921 COLLECTA.

169 1013 250 1068 τι.
287 1007 420 1065 Era
444 1005 549 1063 M9
575 1018 624 1072 ³,
657 1005 1023 1060 Romanorum
1050 999 1140 1069 57,
1162 999 1444 1058 Heraclius
1470 1000 1703 1071 imperio
1734 1004 1777 1062 Λ
1807 997 1940 1051 deus
1982 984 2200 1062 auxilio,
2252 1012 2416 1066 super
2461 984 2586 1055 eum
2632 998 2989 1072 descendens,
3038 969 3146 1062 uno
3178 1002 3390 1070 bostcm'

130 1109 412 1164 coronatus
437 1115 549 1171 reg.
593 1114 684 1153 an.
709 1096 778 1154 30
803 1098 832 1137 ιι
852 1097 1088 1167 peractis
1127 1112 1157 1150 a
1208 1092 1477 1165 principio
1512 1091 1696 1147 mundi

131 1197 280 1254 annis
314 1192 455 1249 5838
480 1202 528 1244 θ.
585 1190 687 1246 llic
728 1190 798 1245 ob
828 1203 1066 1244 amorem
1113 1185 1312 1242 Flavia:
1346 1185 1698 1242 nobilissimae

130 1289 347 1361 virginis
396 1287 473 1342 illi
500 1286 639 1357 apud
662 1283 903 1339 Africam
928 1291 1057 1338 ante
1093 1292 1365 1352 sumptum
1408 1280 1697 1352 imperiunm

129 1383 474 1452 desponsam,
502 1387 559 1433 et
570 1377 724 1447 jussu
750 1375 943 1432 Phoca:
975 1376 1234 1446 principis
1267 1389 1334 1431 ex
1356 1374 1539 1446 Libya:
1580 1373 1697 1427 lini-

127 1472 223 1527 bus
244 1467 761 1537 Constantinopolim
789 1467 1101 1537 deportatae,
1133 1465 1477 1521 rebellionem
1505 1464 1697 1519 adver-

126 1577 214 1617 sus
232 1560 467 1616 Phocam
495 1575 619 1615 cum
638 1557 851 1613 Nicbita
914 1557 1170 1628 magistro
1203 1556 1410 1610 militia:
1448 1554 1696 1617 moliens,

125 1660 309 1708 contra
333 1649 713 1721 rempublicam
725 1648 948 1703 consilio
969 1647 1190 1703 delinito
1212 1645 1491 1701 lleraclius
1517 1661 1700 1714 aequo-

125 1757 234 1807 reo,
284 1740 497 1795 Nichita
515 1738 760 1794 terrestri
789 1738 1030 1793 exercitu
1057 1737 1292 1793 adunato
1332 1735 1426 1790 tali
1462 1734 1695 1790 invicem

123 1831 383 1888 definiunt
404 1838 580 1902 pacto,
622 1836 682 1884 ut
717 1828 961 1898 quisquis
985 1842 1174 1884 eorum
1203 1828 1413 1898 primus
1434 1828 1698 1882 Constan—

120 1922 395 1995 tin0polim
417 1923 752 1985 adventaret,
791 1919 846 1973 in
874 1919 993 1974 loco
1018 1926 1308 1974 coronatus
1363 1918 1523 1989 digne
1552 1917 1697 1973 frue-

119 2022 265 2069 retur
293 2014 541 2084 imperio.
579 2012 684 2068 Sed
705 2011 986 2067 Heraclius
1012 2012 1079 2066 ab
1091 2010 1271 2067 Africa
1302 2012 1477 2066 navali
1503 2027 1696 2067 ascen-

116 2105 246 2161 dens
274 2104 520 2175 collegio,
556 2104 622 2159 ad
650 2103 874 2174 Regiam
904 2117 1076 2174 usque
1093 2105 1245 2160 ocius
1275 2105 1523 2175 pervenit
1548 2104 1699 2161 navi-

115 2195 314 2266 gando.
350 2192 523 2262 Quem
545 2193 934 2265 aliquantulum
961 2195 1313 2251 obsistentem
1336 2196 1390 2251 in
1403 2196 1546 2252 bello
1558 2196 1699 2251 Plio-

117 2298 231 2343 c‘am
252 2286 499 2358 Byzantii
524 2295 740 2357 captum
769 2284 1100 2357 ﬁammigero
1122 2286 1324 2342 feriunt
1343 2286 1537 2357 gladio.
1592 2286 1694 2354 Qui

1799 1086 2017 1156 perimit
2062 1084 2282 1154 iaculo:
2325 1088 2513 1159 sicque
2548 1089 2838 1147 Persarum
2890 1093 3101 1166 irrupto
3147 1099 3389 1173 diffugio,

1798 1189 1971 1244 usque
1994 1175 2063 1230 ad
2089 1176 2285 1231 Susam
2311 1178 2519 1259 urbem,
2552 1194 2674 1248 qua:
2698 1190 2860 1251 caput
2880 1193 2934 1237 et
2962 1186 3173 1242 culmen
3199 1184 3389 1248 eorum

1797 1276 1897 1332 est,
1930 1269 2177 1339 pervenit
2209 1267 2473 1325 feriendo.
2504 1270 2576 1325 At
2619 1279 2748 1335 tunc
2791 1276 3043 1333 Cosdroa:
3098 1266 3387 1353 regnaue—

1799 1364 2036 1422 structo,
2065 1366 2121 1411 et
2148 1358 2410 1429 imperiali
2439 1362 2735 1441 dominatui
2767 1356 2998 1433 tradito,
3024 1371 3252 1441 populus
3279 1389 3390 1431 non

1798 1446 1933 1512 Deo,
1963 1447 2063 1523 sed
2085 1448 2184 1517 ipsi
2213 1448 2460 1505 Heraclio
2486 1450 2744 1508 honorem
2772 1455 3062 1525 reddendo,
3094 1469 3146 1516 et
3173 1461 3262 1517 ille
3287 1446 3391 1520 hoc

1799 1550 1957 1611 aucte
2000 1541 2016 1581 i
2067 1542 2437 1610 receptando,
2486 1542 2713 1599 Romam
2760 1549 3007 1615 pervenit
3057 1542 3384 1624 repedando.

1799 1630 2039 1711 Denique
2063 1632 2304 1687 exercitu
2334 1633 2494 1703 digne
2522 1646 2888 1703 remunerate,
2919 1639 3172 1696 thronum
3201 1624 3390 1700 25cc..-

1798 1722 1876 1797 dit
1898 1720 2128 1797 gloriose
2159 1722 2560 1795 triumphando.
2599 1724 2751 1781 Tunc
2783 1726 2834 1780 in
2863 1728 3069 1784 somnis
3097 1730 3164 1786 de
3199 1732 3391 1788 re.|m-

1790 1812 2027 1882 jusmodi
2060 1814 2226 1871 multa
2250 1815 2301 1869 ei
2330 1816 2517 1871 venire
2546 1814 2559 1865 i
2592 1815 2772 1872 ferunt
2801 1834 2868 1873 ex
2900 1819 3105 1875 monito
3131 1837 3147 1877 :
3188 1832 3244 1877 et
3269 1834 3327 1879 ut
3357 1826 3384 1866 ιι

1798 1919 1830 1958 a
1862 1903 2106 1959 muribus
2131 1904 2298 1958 eremi
2328 1900 2831 1963 immisericorditer
2860 1917 3183 1970 vastaretur.
3210 1922 3265 1966 et
3289 1928 3391 1984 per

1799 1994 2074 2049 stellarum
2099 2010 2316 2050 cursum
2339 1996 2664 2067 astrologico
2691 2010 3121 2068 praemoneretur
3161 2004 3385 2060 Indicio.

1799 2085 1900 2141 llic
1926 2085 2228 2152 lleraclius,
2261 2094 2321 2140 ut
2345 2084 2557 2156 praefati
2588 2103 2796 2154 sumus,
2824 2089 3020 2146 Persas
3064 2092 3390 2151 rebellantes

1798 2175 2039 2232 edomuit
2063 2192 2077 2228 :
2102 2175 2405 2246 imperiales
2430 2177 2636 2247 patrias
2658 2170 3023 2249 belligerando
3048 2180 3382 2238 reformavit.

1799 2268 2067 2337 Seductus
2107 2283 2138 2322 a
2175 2269 2425 2344 laudibus
2454 2270 2659 2341 p0puli,
2705 2286 2813 2325 non
2855 2272 2985 2337 Deo,
3018 2273 3112 2331 Sed
3157 2274 3281 2339 sibi,
3328 2284 3387 2330 ut

117 2380 236 2433 mox
257 2385 319 2431 ut
347 2392 470 2431 eum
492 2377 748 2447 perspicit
766 2377 1091 2448 iugulatum,
1116 2378 1259 2433 illico
1281 2379 1510 2448 imperio
1530 2379 1696 2433 subli-
1728 2372 1772 2433 Β
1798 2358 1998 2439 rerum.
2039 2360 2300 2416 honorem
2344 2362 2581 2418 victorian
2625 2349 3022 2449 exaggerando.
3057 2366 3381 2438 increpatio-

118 2475 313 2522 matur.
354 2466 567 2522 Nichita
586 2483 714 2523 vero
733 2469 901 2522 eremi
931 2468 1142 2523 deserta
1161 2469 1513 2538 penetrando,
1530 2467 1701 2539 Egy-

118 2566 278 2628 ptum,
305 2556 543 2629 Syriam,
571 2556 853 2621 Arabiam,
875 2555 1140 2623 Judaeam,
1176 2566 1230 2613 et
1256 2557 1697 2628 Mesopotamiam

119 2650 400 2720 aggressus
439 2657 539 2711 est,
592 2646 786 2703 Persas
814 2648 1015 2704 acriter
1036 2648 1388 2719 insequendo,
1424 2658 1482 2705 et
1508 2665 1701 2720 supra-

119 2740 420 2795 nominatas
467 2738 773 2810 provincias
819 2737 1085 2808 imperiali
1143 2738 1443 2793 dominatui
1482 2750 1697 2794 restau-

120 2829 299 2895 rando.
350 2828 459 2884 Sed
487 2829 665 2885 Persaa
686 2829 798 2884 suis
823 2844 854 2883 a
882 2827 1102 2884 sedibus
1138 2828 1499 2898 prosilientes,
1529 2828 1700 2884 conti-

117 2920 296 2975 dentes
322 2935 396 2975 ex
423 2920 622 2975 virtute
661 2929 716 2975 et
735 2933 962 2975 numero
994 2920 1190 2975 iterum
1220 2919 1322 2975 sibi
1349 2919 1559 2975 vicinas
1579 2934 1701 2990 pro-

115 3013 314 3068 vincias
356 3011 657 3078 stimulant,
710 3012 1089 3068 reformando:
1144 3011 1395 3082 filiusque
1446 3011 1700 3068 Cosdroa:

117 3103 251 3175 regis
284 3103 593 3167 Persarum,
627 3101 888 3173 patrem!l
928 3101 1324 3158 tumultualiter
1372 3101 1694 3172 ell'ugiendo,

116 3198 336 3268 principi
365 3212 426 3252 se
441 3195 584 3252 dedit
600 3196 860 3260 Romano,
886 3195 1155 3266 spondens
1176 3209 1397 3249 omnem
1417 3193 1695 3250 Persidem

117 3278 284 3343 vivide
307 3305 327 3326 ·
361 3290 580 3344 tradere
602 3285 716 3357 jam
754 3286 899 3343 dicto
945 3287 1230 3357 Augusto:
1282 3286 1376 3342 sed
1416 3285 1698 3342 Heraelius

115 3379 352 3435 exercitu
400 3379 634 3434 adunato
689 3394 813 3433 cum
855 3376 1003 3433 omni
1031 3392 1193 3431 manu
1220 3374 1396 3431 ferrea
1418 3374 1697 3431 Persidem

116 3469 477 3538 proﬁciscitur
500 3470 848 3541 insequendo.
869 3468 1020 3525 Tunc
1044 3468 1065 3508 ί
1082 3468 1350 3525 Cosdroas
1366 3469 1461 3525 tali
1495 3470 1697 3525 certio—

119 3569 259 3617 ratus
291 3562 508 3627 nuntio,
540 3578 662 3617 cum
693 3568 888 3617 cuncto
909 3560 1197 3617 Persarum
1237 3561 1462 3633 collegio
1504 3562 1698 3618 obvius

117 3653 317 3708 exstitit
340 3651 665 3709 resistendo.
715 3652 956 3722 Denique
993 3653 1084 3707 ubi
1118 3651 1398 3708 Heraclius
1421 3667 1547 3707 cum
1563 3651 1697 3708 Cos-

1799 2466 1924 2505 nem
1966 2450 2063 2521 per
2096 2450 2276 2527 visum
2318 2467 2426 2507 non
2469 2452 2737 2508 modicam
2760 2448 3013 2523 gnaviter
3037 2454 3389 2528 pnesa'gando

1797 2543 1993 2598 crebro
2026 2542 2262 2612 expavit.

1866 2638 1921 2692 5.
1962 2636 2134 2705 Hujus
2185 2637 2516 2708 temporibus
2567 2639 2623 2694 in
2664 2654 2774 2694 tera
2820 2640 2941 2704 655,
2977 2656 3121 2696 anno
3170 2639 3383 2711 imperii

1797 2723 1915 2795 ejus
1955 2735 2169 2795 quarto,
2186 2720 2376 2781 ‘Sclavi
2400 2726 2669 2782 Graeciam
2702 2738 2990 2800 occupant.
3024 2729 3281 2785 Saraceni
3328 2732 3383 2786 in

1797 2832 1908 2872 tera
1959 2816 2080 2882 656,
2132 2833 2275 2872 anno
2318 2817 2531 2887 imperii
2569 2816 2804 2897 lleraclii
2862 2818 3114 2889 septimo,
3146 2812 3382 2890 Syriam,

1795 2911 2055 2967 Arabiam
2083 2919 2137 2966 et
2159 2910 2610 2989 Mesopotamiam
2652 2909 2841 2989 furtim
2885 2912 3059 2982 magis
3088 2928 3250 2985 quam
3278 2913 3380 2967 vir-

1798 3010 1934 3066 tute,
1964 3000 2234 3056 Mabomet
2268 2988 2505 3061 1eorum
2539 2988 2771 3056 ductore,
2790 3001 3010 3058 rebellia
3040 3002 3383 3069 adhortante,

1798 3093 1903 3150 sibi
1923 3092 2200 3147 vindicant
2215 3103 2288 3146 In:
2318 3100 2481 3167 atque
2503 3106 2611 3147 non
2636 3099 2858 3169 tantum
2882 3091 3114 3162 publicis
3135 3091 3384 3162 irruptio-

1797 3184 1976 3249 nibus,
2014 3191 2277 3254 quantum
2321 3182 2583 3238 clanculis
2610 3168 3090 3259 incursationilms
3124 3192 3384 3252 perseve—

1798 3275 1969 3344 rando
1998 3275 2203 3330 vicinas
2229 3273 2535 3345 provincias
2558 3283 2586 3311 η
2608 3278 2822 3329 vaStant
2846 3288 2861 3328 :
2886 3273 3070 3343 sicque
3106 3284 3171 3328 eo
3201 3274 3382 3339 mmlo,

1797 3374 1915 3421 arte
1937 3364 2253 3435 fraudeque,
2269 3381 2376 3421 non
2398 3365 2618 3428 virtute,
2634 3372 2860 3420 cunctas
2884 3364 3192 3433 adjaceutcs
3213 3364 3382 3434 impe-

1796 3458 1865 3514 rii
1891 3458 2138 3514 civitates
2158 3456 2463 3513 stimulant:
2490 3465 2544 3511 et
2559 3452 3095 3527 postmodumjugnm
3121 3470 3151 3507 a
3172 3450 3382 3509 cervice

1796 3550 2150 3613 excutientcs,
2205 3556 2391 3619 aperte
2442 3546 2722 3603 rebellant.
2773 3545 2874 3613 Qui
2920 3556 2975 3602 et
3022 3532 3074 3600 in
3112 3536 3221 3600 acra
3254 3536 3380 3612 656,

1798 3656 1941 3710 anno
1986 3639 2202 3710 imperii
2245 3636 2479 3693 lleraclii
2518 3636 2572 3704 7,
2621 3652 2849 3708 regnum
2905 3636 3187 3702 invadunt,
3237 3634 3384 3707 quod

118 3706 595 3815 d,,,".‘,‘;,‘mq'.,,
622 3706 948 3810 gemmas;
973 3706 1082 3799 ὦ
1110 3706 1169 3800 3,,
1202 3706 1690 3816 ἐρριεέαηιρεέεδς
1722 3706 1991 3787 cerebro
2033 3706 2264 3785 etvario
2306 3716 2501 3785 eventu
2548 3706 2927 3816 belligerantes
2954 3717 3185 3783 fortiter
3210 3706 3385 3783 viaui-

119 3834 214 3891 hoc
234 3838 356 3907 pari
380 3836 642 3892 definiunt
668 3839 855 3901 verbo,
895 3843 954 3891 ut
1008 3837 1075 3892 ad
1104 3836 1380 3907 singulare
1419 3844 1697 3892 certamen

116 3924 267 3981 electi
292 3942 362 3982 ex
392 3933 622 3996 utroque
637 3925 880 3981 exercitu
898 3925 1139 3997 belligeri
1164 3926 1453 3982 deveniam
1479 3926 1605 3989 duo,
1640 3932 1700 3980 ut

117 4013 169 4068 in
214 4016 349 4086 ipsis
394 4016 743 4086 experiantur
791 4017 1143 4087 przesagando
1189 4016 1450 4086 quidquid
1483 4016 1539 4070 in
1580 4014 1700 4084 ejus

117 4123 303 4179 pugnae
334 4118 533 4164 eventu
554 4108 926 4179 prospexerint
941 4108 1008 4163 de
1033 4115 1146 4162 toto
1170 4107 1309 4163 bello
1333 4108 1696 4162 secernendo:

118 4198 194 4253 sic
238 4202 342 4256 sub
388 4199 511 4254 divo
557 4199 847 4254 deliniant:
895 4213 1122 4268 quorum
1152 4197 1467 4269 belligerum
1517 4197 1699 4267 animo

115 4287 197 4342 vel
221 4289 453 4344 consilio
493 4296 736 4343 statuunt
758 4292 996 4358 proprio,
1044 4296 1105 4343 ut
1128 4288 1410 4359 quidquid,
1450 4298 1512 4343 ut
1565 4287 1699 4342 dixi-

119 4393 255 4444 mus,
303 4388 603 4450 proventus
638 4378 863 4435 fortuna:
890 4394 986 4450 per
1028 4394 1214 4435 eorum
1264 4377 1561 4434 ostenderit
1586 4377 1699 4448 gla-

118 4468 251 4538 dios,
290 4472 399 4527 hoc
429 4471 690 4527 redundet
717 4472 770 4526 in
800 4473 1013 4528 socios:
1064 4472 1296 4543 qualiter
1337 4487 1405 4527 ex
1456 4471 1697 4542 ipsorum

119 4564 338 4620 omnino
382 4571 660 4620 teneretur
721 4563 963 4634 auspicio
992 4604 1008 4629 ,
1058 4571 1118 4618 ut
1160 4562 1359 4633 regalia
1394 4563 1514 4617 sine
1559 4577 1696 4617 cun-

118 4654 355 4711 ctatione
391 4655 583 4710 victori
632 4655 775 4711 illico
811 4656 1088 4710 mitterent
1112 4654 1354 4709 vicissim
1398 4653 1533 4709 colla
1596 4653 1697 4708 sub

108 4756 261 4816 iugo.
1466 4780 1470 4784 ι
1534 4780 1538 4785 -

186 4834 243 4890 2.
282 4836 393 4893 Sed
419 4836 681 4893 Cosdroas
715 4851 867 4892 more
886 4835 1294 4892 Pbilistinorum
1330 4836 1647 4907 superbiens
1667 4833 1696 4875 ι

108 4927 366 4995 ίῳιιτίιιιιι
407 4928 693 4998 quemdam
738 4935 995 4997 tanquam
1023 4927 1252 4981 alterum
1277 4926 1489 4982 Goliam
1517 4925 1699 4980 educit

121 5014 175 5071 in
202 5017 412 5086 praelio.
458 5018 658 5074 Territi
691 5033 880 5074 omnes
907 5017 1143 5073 Heraelii
1171 5017 1464 5073 bellatores
1505 5016 1698 5087 pedem

1801 3832 1927 3897 eant
1954 3841 1969 3877 :
2001 3817 2185 3893 sreque
2237 3821 2422 3878 multis
2461 3821 2660 3894 puellis
2706 3814 2998 3878 dimicante
3048 3831 3237 3877 contra
3288 3835 3387 3876 eos

1801 3917 2084 3974 Theodoro
2108 3915 2341 3973 lleraclii
2367 3914 2593 3987 Augusti
2619 3929 2900 3987 germano,
2961 3912 3165 3968 monitu
3184 3898 3385 3968 fratris

1798 4012 2246 4084 pratsagationem
2288 3992 2525 4066 murium
2568 3998 2995 4074 reminiscentis',
3025 4008 3092 4063 ad
3122 4007 3383 4079 nudtipli-

1798 4106 2001 4175 caudas
2044 4113 2101 4161 et
2140 4103 2468 4175 colligendas
2513 4103 2569 4158 in
2612 4088 2810 4157 bellum
2850 4085 3042 4179 gentes
3068 4099 3320 4179 discedit
3351 4116 3382 4154 a

1798 4196 1985 4267 prtelio
2014 4212 2027 4249 :
2056 4197 2153 4251 sed
2179 4195 2422 4265 quotidie
2458 4209 2644 4250 eorum
2678 4178 2984 4248 incrasante
3003 4178 3194 4261 jugulo
3211 4198 3269 4269 _°,
3307 4190 3383 4245 ita

1799 4287 1854 4343 in
1884 4286 2141 4341 Romanis
2177 4285 2477 4357 legionibus
2520 4283 2681 4339 irruit
2734 4270 3015 4360 timor,.u't
3043 4280 3182 4351 apud
3208 4278 3383 4359 Gaba-

1799 4377 1950 4433 tbam
1981 4377 2238 4448 oppidum
2268 4376 2556 4432 commisso
2586 4375 2866 4452 belligero,
2905 4372 3176 4452 exercitus
3204 4368 3383 4425 fundi-

1800 4477 1888 4524 tus
1911 4447 2092 4533 Iasus,
2121 4477 2176 4522 ct
2204 4466 2523 4522 Theodorus
2553 4447 2777 4539 necatus
2803 4448 3073 4535 migraret
3106 4447 3379 4521 esreculo.

1800 4561 1952 4616 Tunc
1973 4558 2231 4615 Saraceni
2258 4559 2325 4614 de
2353 4565 2501 4613 tanta
2528 4557 2788 4632 nobilium
2813 4557 3175 4635 Romanorum
3199 4563 3383 4634 strage

1798 4650 2027 4707 ﬁrmiter
2052 4649 2206 4713 certi,
2236 4657 2384 4705 metu
2405 4663 2625 4723 excuso,
2644 4626 2787 4719 apud
2800 4622 3119 4729 Damascum
3149 4626 3383 4717 splendi-

1799 4740 2078 4797 dissimam
2107 4740 2280 4811 Syria).
2308 4740 2497 4816 urbem
2534 4737 2904 4813 conscendunt
2928 4736 2983 4811 in
3015 4750 3202 4815 regno.

1866 4830 1921 4897 4,
1963 4831 2190 4902 Expleta
2229 4814 2358 4886 vero
2392 4828 2662 4908 Mahomet
2709 4828 2919 4883 decimo
2970 4814 3140 4908 anno,
3159 4823 3380 4908 Abuba-

1792 4942 1893 4987 car
1923 4937 1951 4977 p
1978 4927 2046 4982 de
2069 4923 2186 4995 ejus
2217 4926 2357 4993 tribu
2388 4904 2894 4997 succedit'in'solio,
2925 4936 3032 4976 non
3054 4904 3296 4976 modicas
3322 4925 3380 4973 et

1788 5016 1917 5086 ipse
1950 5015 2276 5086 irruptiones
2320 5015 2376 5070 in
2406 5013 2776 5070 Romanorum
2820 5013 2959 5067 lines
3004 5020 3059 5066 et
3089 5007 3382 5085 Persarqu

100 5077 452 5166 subtrahunt
489 5119 657 5167 retro.
692 5110 849 5166 .Tunc
872 5109 1150 5166 lleraclius
1196 5108 1263 5166 de
1283 5077 1697 5174 Domini-conﬂ-

1803 5077 2263 5179 molitus-Igitur,
2293 5115 2352 5163 ut
2369 5104 2484 5175 jam
2514 5105 2614 5177 fati
2649 5106 2859 5193 simus,“
2876 5104 2932 5159 in
2953 5118 3062 5159 tera
3084 5100 3209 5170 653,
3235 5077 3382 5157 aunt)

193 5255 219 5285 ι
258 5243 365 5299 Ms.
400 5244 797 5318 Complutense,
824 5244 949 5302 648.

190 5312 221 5353 δ
261 5314 376 5371 ΑΙ..
396 5315 486 5371 29.

98 5408 153 5458 δ-
191 5392 216 5422 ⁸
258 5383 677 5458 -ῌβς-οοωριη.
706 5386 879 5453 5858;
923 5385 1029 5453 aL,
1080 5384 1258 5452 sses;
1318 5386 1413 5443 sed
1460 5386 1700 5443 retinen-

120 5452 252 5509 dum
276 5454 441 5511 5837.

192 5522 222 5562 ά
260 5523 368 5598 _M_s.
397 5526 667 5598 Mat-ialm,
698 5536 898 5598 partem
926 5526 1217 5582 adversam.

197 5605 223 5633 ε
259 5592 368 5660 ld.,
395 5596 633 5651 veridice.

199 5662 221 5702 ¹
263 5663 372 5729 ld.,
399 5664 617 5722 Cosdro.

201 5735 228 5817 ξ
267 5731 374 5817 ιρι,
397 5746 444 5817 ρ
463 5735 681 5793 Cosdro.

198 5801 227 5841 δ
271 5801 371 5856 Ed.
402 5804 579 5874 Berg.,
604 5806 839 5869 auctior;
866 5806 1198 5877 ms.-(‘.ompl.
1230 5807 1417 5861 actior.

1881 5244 1899 5313 ξ
1943 5241 2039 5309 M.,
2074 5240 2321 5313 superbe;
2355 5239 2545 5305 Sand.,
2575 5247 2820 5295 auctore.-

1878 5312 1892 5385 ξ
1943 5313 2030 5385 9.,
2068 5311 2227 5385 inulti
2247 5313 2297 5365 ei
2321 5312 2565 5385 caenis/se.

1876 5383 1904 5424 ¹ι
1944 5382 2040 5448 ιι,
2076 5382 2189 5448 fore
2216 5391 2294 5435 ut.

1881 5451 1900 5492 ι
1939 5453 2039 5519 LL,
2063 5448 2325 5518 Maltmel;
2353 5450 2544 5517 Sand.,
2578 5449 2827 5505 Mantum
2851 5448 3121 5504 ἀκοαῖσι-ει

1876 5536 1917 5564 ιιι
1943 5522 2029 5587 C.,
2062 5520 2319 5575 radicum.

1807 5663 1848 5719 ϐ
1878 5584 2222 5719 ηθὲζξόξὲτε.
2254 5592 2402 5646 addit
2425 5607 2610 5647 vocem
2629 5594 2890 5663 proprias,
2910 5606 3029 5663 qum
3054 5590 3202 5687 deest
3235 5584 3380 5655 ³1)υά

1856 5702 1872 5717 .
1901 5672 1956 5719 et
1982 5672 2149 5718 Santi.
2989 5718 2995 5723 _
3184 5679 3193 5687 -
3280 5704 3285 5709 .

1882 5744 1908 5770 ο
1949 5733 2041 5797 Νη
2071 5730 2283 5801 fortuna
2313 5742 2591 5795 (resectae.

1884 5815 1912 5854 P
1943 5803 2031 5868 (3.,
2058 5803 2286 5856 Aburar.
