3950 6308
541 372 683 431 195Ξὶ

1146 374 1323 433 SEO.
1362 375 1473 433 VIII
1509 372 1882 433 AUCTORES
1918 370 2079 429 ANNI
2118 368 2413 430 INCER'I‘I.
2455 401 2526 419 -—-
2561 370 2816 432 ISIDOHI
2853 374 3194 438 PACENSIS

3657 391 3767 449 I256

539 490 753 563 Imperii
786 491 1019 549 Heraclii
1050 502 1266 564 quarto,
1292 494 1503 550 Arabes
1544 493 1931 567 tyranuizant:
1958 499 2013 547 et
2056 491 2111 545 in
2137 494 2188 551 Α
2213 496 2414 560 gnante
2440 489 2495 544 in
2519 490 2601 546 eis
2622 490 2808 558 Omar,
2836 508 2979 548 anno
3000 510 3137 565 pene
3164 494 3400 566 expleto,
3427 512 3534 570 per
3568 506 3771 573 tyranni.

539 599 652 641 ιιι-ει
702 582 827 651 656,
873 584 1219 642 Theodorum
1246 580 1473 656 Augusti
1502 597 1818 657 germanum
1859 581 2120 655 aggressi,

541 691 682 747 pene
704 690 805 751 per
824 676 1011 734 decem
1030 690 1199 733 annos
1219 675 1420 745 praeliis
1441 674 1744 747 fatigatum,
1770 682 2044 746 postremo
2069 674 2124 728 in

541 765 683 824 bello
706 767 958 824 ditl'usum
994 776 1324 838 exsuperant
1350 783 1365 833 ;
1404 768 1589 837 sicque
1616 767 1957 823 resistentem
1985 765 2126 821 acri-

542 866 628 914 ter
666 866 902 927 necant:
927 872 1260 929 regnumque
1304 858 1446 928 apud
1492 858 1815 913 Damascum
1859 856 2124 927 propheta

541 963 731 1005 eorum
756 947 1029 1015 Mahomet
1055 945 1338 1011 innitente.
1369 963 1598 1004 excusso
1616 945 1733 1017 jam
1758 946 1990 1003 Romani
2022 961 2124 1002 no—

541 1039 705 1096 minis
734 1048 899 1104 metu,
927 1038 1144 1109 publice
1186 1039 1471 1096 collocant.
1512 1038 1643 1114 Post
1672 1038 1826 1107 cujus
1852 1037 2126 1094 Mahomet
2152 1088 2155 1097 η

540 1130 729 1186 decem
778 1129 931 1201 regni
962 1129 1207 1201 expletos
1256 1146 1429 1187 annos
1470 1130 1526 1184 in
1556 1145 1665 1186 aera
1693 1128 1814 1195 666,
1847 1144 1991 1184 anno
2021 1128 2125 1183 im-

536 1221 672 1291 perii
697 1219 929 1277 Heraclii
954 1221 1041 1288 I7,
1056 1220 1171 1290 jam
1196 1221 1403 1277 dictum
1425 1220 1711 1277 Abubacar
1735 1221 1802 1276 de
1830 1219 1974 1275 tribu
2001 1219 2120 1290 ipsa

539 1310 595 1366 in
623 1310 743 1368 loco
770 1312 971 1383 prioris
1013 1312 1324 1382 subrogant,
1359 1311 1739 1381 Persidemque
1764 1312 1867 1366 sub
1893 1310 2122 1381 imperio

428 1412 439 1421 ’
537 1402 783 1460 Romano
814 1405 1130 1463 derelictam
1158 1405 1365 1463 Arabes
1398 1404 1576 1477 gladio
1605 1403 1806 1461 feriunt
1829 1412 1855 1441 ι
1888 1421 1904 1459 :
1934 1403 2121 1473 sicque

537 1495 778 1552 triennio
801 1512 938 1567 pene
967 1496 1345 1569 belligerantes
1369 1496 1732 1569 potentialiter
1764 1503 2012 1567 regnant.

606 1585 662 1642 5.
703 1584 874 1658 Hujus
916 1588 1147 1645 Heraclii
1192 1588 1545 1659 temporibus,
1583 1587 1637 1643 in
1673 1603 1783 1643 tera
1813 1588 1937 1653 669,
1976 1602 2119 1644 anno

464 1744 474 1754 ί
535 1679 749 1751 imperii
778 1681 863 1736 sui
899 1681 987 1747 20,
1016 1681 1255 1736 Arabum
1282 1679 1573 1752 incipiente
1597 1679 1684 1745 I4,
1709 1679 1832 1736 vita:
1862 1680 2113 1747 termino,

533 1771 755 1843 expleto
800 1771 1053 1838 triennio,
1083 1772 1373 1829 Abubacar
1416 1771 1564 1837 dato,
1589 1769 1757 1827 Amer
1777 1771 1808 1812 ιι
1829 1770 2118 1841 dereliquit

2226 581 2349 636 dem
2378 597 2544 652 regno
2562 582 2862 639 Gothorum
2885 585 3095 651 invaso,
3125 588 3498 658 quinquennio
3530 594 3684 664 regali
3707 596 3771 651 lo-

2224 678 2380 725 catus
2405 679 2491 726 est
2526 671 2701 727 solio:
2738 672 2831 742 qui
2870 689 3015 729 anno
3044 676 3195 744 regni
3232 677 3319 732 sui
3356 679 3528 737 tertio
3570 687 3771 756 sexag'u

2224 761 2404 818 sexies
2416 761 2588 818 Tolcti
2606 805 2621 830 ,
2635 763 2821 819 Gallia:
2845 773 2901 819 et
2918 765 3192 836 Hispania;
3211 769 3483 841 episcopis
3508 780 3775 845 aggregatis

2225 865 2347 905 cum
2383 853 2687 909 absentium
2723 855 2974 920 vicariis,
3023 857 3106 924 vel
3144 859 3342 928 palatii
3397 864 3695 922 senioribus
3731 869 3772 924 in

2223 940 2449 997 ecclesia
2473 950 2674 998 sancta
2686 943 2967 1001 Leucadiae
2984 946 3212 1018 virginis
3231 958 3287 1003 et
3306 953 3771 1023 ωλι-ι]τίεῶιὶεὼ

2223 1041 2347 1102 post
2391 1035 2626 1105 priorem
2671 1034 3038 1093 Beccaredum
3076 1038 3376 1096 Gothorum
3426 1058 3638 1113 regem,
3677 1062 3773 1102 οω-

2225 1134 2403 1180 stante
2420 1127 2597 1182 adhuc
2615 1126 2912 1199 Hispalensi
2936 1130 3144 1187 Isidoro
3164 1133 3423 1205 episcopo
3440 1136 3534 1192 vel
3558 1137 3613 1193 in
3632 1139 3775 1196 Illis

2214 1212 2328 1283 jam
2357 1216 2508 1272 libris
2534 1215 2772 1288 fulgente
2797 1219 3042 1286 miriﬁce,
3071 1222 3139 1276 de
3167 1223 3402 1281 diversis
3428 1228 3616 1282 causis
3633 1230 3774 1285 conci-

2222 1304 2354 1360 lium
2382 1306 2694 1362 celebravit.
2742 1307 2878 1364 Huic
2924 1318 3125 1365 sancta:
3166 1313 3375 1383 synodo
3417 1315 3776 1373 interea:th

2220 1396 2435 1453 Braulio
2459 1397 2971 1471 Caesaraugustanus
2995 1402 3284 1473 episcopus
3309 1403 3569 1462 interfuit
3595 1419 3636 1472 ε,
3659 1409 3774 1476 cujus

2132 1538 2141 1543 ,
2218 1490 2581 1560 eloquentiam
2604 1491 2854 1557 Romam,
2877 1493 3090 1548 urbium
3116 1503 3294 1551 mater
3314 1504 3374 1550 et
3400 1496 3643 1564 domina,
3663 1508 3776 1570 post-

2218 1581 2437 1636 modum
2465 1596 2563 1652 per
2591 1580 2879 1652 epistolare
2905 1582 3177 1654 eloquium
3204 1586 3340 1661 satis
3368 1593 3460 1641 est
3489 1589 3691 1644 n.irata.

2288 1670 2376 1725 I0.
2424 1670 2597 1741 Hujus
2636 1671 2868 1729 Heraclii
2903 1675 3237 1743 temporibus
3283 1675 3531 1732 Chintila
3565 1678 3593 1719 δ
3621 1680 3667 1735 in
3688 1695 3772 1735 an

2217 1763 2337 1827 674,
2367 1779 2511 1819 anno
2536 1764 2746 1836 imperii
2771 1764 2889 1835 ejus
2915 1764 3005 1830 25,
3022 1765 3263 1821 Arabum
3292 1767 3357 1823 I8
3390 1778 3443 1833 ε,
3468 1782 3707 1840 manu:
3728 1772 3769 1825 ia

536 1861 592 1916 in
606 1839 772 1917 “solio.
803 1862 1001 1934 Sicque
1020 1863 1186 1919 Amer
1213 1863 1572 1936 gubernacula
1592 1863 1791 1936 prioris
1816 1839 2113 1935 suscipiens

2218 1855 2300 1910 eis
2317 1853 2503 1919 0.nar,
2531 1870 2673 1910 anno
2697 1855 2884 1925 quinto
2902 1854 3019 1925 jam
3040 1854 3198 1927 plene
3231 1857 3250 1895 ί
3270 1846 3527 1939 expleto,
3543 1839 3689 1932 atque
3707 1861 3769 1916 in-

534 1954 741 2019 omnia,
770 1953 968 2026 populo
990 1957 1178 2012 decem
1202 1972 1306 2028 per
1348 1972 1522 2013 annos
1565 1956 1773 2029 rigidus
1816 1955 2016 2012 mansit
2063 1955 2118 2011 in

534 2058 724 2115 regno.
761 2043 863 2099 Hie
886 2044 1267 2102 Alexandriam
1302 2047 1734 2118 antiquissimam
1765 2063 1831 2103 ac
1854 2046 2119 2103 ﬂorentisa

536 2132 734 2189 simam
780 2133 1058 2191 civitatem
1113 2137 1454 2208 metropolim
1476 2135 1697 2209 Egypti
1735 2135 1864 2209 jugo
1891 2134 2120 2205 subjecit

532 2224 837 2280 eeusuario.
893 2224 995 2292 Qui
1049 2240 1171 2282 cum
1203 2227 1270 2283 de
1294 2228 1546 2284 omnibus
1589 2228 1851 2300 partibus,
1881 2226 2119 2284 Orientis

532 2314 737 2371 scilicet
757 2324 812 2371 et
833 2316 1159 2385 Occidentis,
1186 2318 1519 2391 triumphum
1539 2319 1781 2377 victoria:
1803 2320 2118 2392 deportaret

534 2413 644 2460 tam
678 2406 733 2461 in
756 2408 1004 2464 terrestri
1034 2425 1198 2479 quam
1223 2410 1277 2464 in
1307 2426 1558 2481 aequoreo
1582 2410 1787 2483 praelio,
1825 2427 1857 2467 a
1883 2414 2116 2483 quodam

530 2510 689 2551 servo
732 2497 964 2552 orationi
1012 2498 1220 2555 instans
1260 2501 1581 2557 verberatus
1615 2510 1699 2558 est
1728 2502 1927 2574 gladio.
1964 2504 2116 2560 Tunc

530 2584 660 2640 vitae
706 2587 995 2642 terminum
1038 2589 1202 2654 dedit,
1228 2589 1462 2660 expleto,
1514 2600 1574 2646 ut
1610 2591 1866 2660 diximus,
1904 2594 2115 2651 decimo

533 2691 697 2733 anno.
1607 2732 1610 2735 λ

603 2767 657 2851 li.
711 2767 880 2839 Hujus
921 2769 1157 2827 Heraclii
1202 2774 1534 2843 temporibus
1564 2774 1847 2833 Sisebutus
1900 2776 1956 2832 in
2003 2793 2113 2834 tera

529 2855 654 2924 650,
703 2875 847 2916 anno
895 2860 1108 2932 imperii
1152 2864 1445 2933 supradicti
1497 2867 1769 2933 secundo,
1824 2866 2147 2931 Saracenis.

529 2946 706 3004 adhuc
729 2949 1152 3008 consistentibus
1181 2953 1280 3009 sub
1307 2953 1672 3011 Romanorum
1698 2958 1920 3023 tributo,
1950 2958 2114 3015 Ilibe-

531 3040 670 3095 riam
701 3049 762 3096 ut
802 3041 888 3098 vir
933 3042 1150 3114 sapiens
1190 3050 1245 3098 et
1279 3045 1507 3101 nimium
1554 3046 1871 3105 litteratum
1899 3050 2112 3107 deditus

529 3139 819 3202 retemptat
855 3148 1027 3188 annos
1050 3149 1148 3204 per
1170 3143 1312 3190 octo.
1357 3135 1457 3192 Hic
1484 3152 1583 3208 per
1606 3137 1917 3210 Hispaniam
1946 3141 2111 3196 urbes

528 3223 803 3282 Romanas
830 3226 1081 3300 subjugat
1108 3247 1122 3284 :
1150 3227 1365 3287 Iudaeos
1389 3232 1456 3287 ad
1479 3232 1681 3289 Christi
1709 3235 1868 3290 Iidem
1891 3235 1942 3290 vi
1981 3250 2111 3291 con-

527 3327 705 3372 vocat.
738 3318 1112 3377 Venerabilem
1144 3321 1443 3377 Helladium
1468 3323 1739 3381 Toletanze
1774 3326 1918 3382 sedis
1958 3326 2111 3383 urbis
2138 3388 2141 3391 _

529 3408 691 3480 regia:
725 3411 1197 3482 metropolitanum
1229 3413 1539 3485 episcopum
1567 3416 1870 3474 sanctitatis
1902 3434 2112 3489 praeco-

526 3500 617 3555 nio
643 3500 1047 3573 pnefulgentem
1073 3501 1315 3561 Ecclesia
1343 3504 1602 3561 clamitat.
1631 3506 1890 3564 lsidorum
1911 3510 2110 3581 Hispa-

526 3589 731 3646 lensem
757 3594 1227 3663 metropolitanqu
1252 3597 1581 3667 pontiﬁcem,
1605 3598 1810 3654 clarum
1833 3599 2109 3657 doctorem

527 3681 785 3751 Hispania
810 3683 1048 3740 celebrat
1074 3703 1090 3743 :
1115 3687 1209 3756 qui
1237 3703 1379 3745 anno
1408 3690 1638 3760 septimo
1684 3692 1942 3762 suprafati
1968 3694 2110 3764 prin-

527 3771 665 3841 cipis
689 3771 923 3828 Sisebuti
950 3785 1138 3831 contra
1164 3777 1573 3848 Acmphalorum
1619 3782 1868 3838 hmmsim
1912 3802 2107 3856 magna

496 3860 852 3925 ,auctoritate
873 3861 1076 3933 Hispali
1115 3864 1170 3920 in
1216 3868 1509 3924 secretario
1549 3877 1749 3925 sancta:
1775 3871 2109 3929 Ilierusalem

524 3952 814 4009 concilium
845 3957 1053 4026 agitat:
1084 3967 1248 4029 atque
1272 3975 1370 4030 per
1393 3961 1629 4017 veridica
1659 3964 1935 4020 doctorum
1960 3967 2112 4023 testi-

526 4044 709 4099 monia
757 4044 957 4118 Syrum
996 4051 1284 4121 quemdam
1313 4051 1725 4124 Acaephalorum
1775 4057 2106 4130 episcopum,

525 4132 859 4204 suprafatam
882 4138 1133 4195 hatresim
1162 4140 1528 4200 vindicantem
1556 4157 1864 4218 exsuperat,
1894 4158 1950 4204 et
1976 4165 2105 4206 vera

522 4220 736 4276 concilii
765 4234 972 4280 asserta
1000 4227 1344 4295 confirmans,
1380 4230 1498 4300 ejus
1531 4233 1836 4305 eloquentia
1862 4238 2103 4305 damnat,

521 4317 687 4380 atque
713 4327 744 4375 a
772 4314 1001 4383 pristino
1024 4332 1209 4374 errore
1246 4320 1529 4391 praefatum
1561 4325 1872 4396 pontiﬁcem
1897 4328 1989 4383 diu
2018 4329 2104 4384 in-

519 4404 795 4471 sequendo
816 4408 1202 4477 perpetualitcr
1232 4410 1444 4469 liberat.
2086 4450 2115 4497 χ

592 4492 644 4547 7.
677 4493 1245 4572 Reccaredqdeuique
1270 4504 1396 4562 huic
1420 4504 1671 4565 Sisebuto
1699 4512 2021 4569 succedente
2045 4513 2099 4569 in

516 4583 673 4653 solio,
698 4587 823 4642 dum
847 4604 945 4660 per
972 4599 1083 4647 tres
1108 4608 1322 4651 menses
1347 4597 1682 4656 solummodo
1704 4610 1911 4670 regnat,
1940 4603 2100 4674 hujus

517 4676 646 4732 vita:
677 4678 916 4735 brevitas
941 4681 1075 4737 nihil
1105 4684 1323 4755 dignum
1350 4699 1635 4758 prtenotat.

588 4768 643 4824 8.
672 4767 843 4840 Hujus
865 4770 1097 4828 Heraclii
1127 4777 1458 4847 temporibus
1488 4778 1719 4836 Suintila
1751 4782 1805 4837 in
1837 4799 1947 4840 tera
1972 4785 2095 4853 659,

516 4874 661 4915 anno
693 4861 906 4933 imperii
935 4863 1054 4933 ejus
1079 4866 1308 4932 decimo,
1335 4867 1576 4925 Arabum
1602 4881 1798 4941 quarto
1836 4886 2099 4945 regnante

519 4951 577 5006 in
614 4952 694 5009 eis
719 4953 1008 5024 Mahomet,
1035 4957 1196 5030 digne
1218 4959 1581 5027 gubernacula
1615 4963 1669 5018 in
1699 4979 1866 5035 regno
1893 4964 2100 5025 Gotho-

516 5056 637 5096 rum
662 5047 898 5117 suscepit
923 5057 1158 5118 sceptra,
1186 5049 1372 5105 decem
1397 5052 1553 5107 annis
1583 5066 1834 5123 regnans.
1866 5054 1966 5111 Hic
1988 5072 2099 5113 eua-

513 5144 667 5208 ptum
694 5139 889 5198 bellum
911 5158 1034 5199 cum
1053 5144 1312 5201 Romanis
1330 5146 1555 5218 peregit,
1574 5148 1845 5223 celerique
1868 5150 2097 5209 victoria

513 5227 679 5282 totius
706 5227 971 5300 Hispaniae
1003 5235 1373 5291 monarchiam
1405 5237 1661 5293 obtinuit.

577 5316 632 5372 9.
684 5318 853 5388 Hujus
873 5321 1102 5381 Heraclii
1153 5328 1503 5400 temporibus,
1530 5329 1867 5389 Sisenandus
1908 5334 1963 5390 in
1988 5351 2095 5392 tera

509 5409 634 5478 669,
685 5427 827 5467 anno
850 5411 1059 5484 imperii
1104 5416 1221 5487 ejus
1262 5419 1552 5492 \‘IngIlllO,
1599 5421 1839 5479 Arabum
1874 5425 1962 5493 I4,
2005 5440 2094 5482 re-

580 5600 607 5628 ⁸
648 5584 732 5651 C.,
761 5585 886 5642 667.

580 5657 610 5698 1ο
648 5656 731 5720 Β.,
767 5657 952 5713 0mm.

579 5737 603 5796 ς
648 5726 739 5782 Sic
773 5727 842 5784 M.
876 5729 962 5796 B.,
988 5728 1202 5785 claruit.

575 5795 604 5838 ἀ
641 5795 1012 5875 Exemplares,
1045 5801 1300 5861 Sinthila.

2218 1945 2450 2016 cipiente
2471 1943 2584 2013 jam
2610 1954 2784 2011 sexto,
2820 1946 3013 2003 Gothis
3039 1947 3357 2018 pneticitnr,
3390 1967 3512 2022 reg.
3539 1970 3655 2009 ann.
3682 1954 3710 2010 ι
3732 1957 3768 2006 ι.

2216 2035 2319 2091 Hie
2379 2036 2668 2093 concilium
2710 2036 3027 2092 Toletanum
3071 2039 3265 2110 viginti
3309 2051 3559 2110 quatuor
3598 2046 3767 2114 episeo-

2216 2141 2410 2197 porum
2454 2126 2697 2182 habitum
2741 2128 2912 2199 agitat
2961 2144 2975 2181 :
3024 2128 3115 2183 ubi
3164 2146 3274 2184 non
3327 2132 3519 2188 solum
3548 2135 3613 2190 de
3643 2136 3770 2190 rebus

2215 2219 2526 2285 mundanis,
2569 2235 2757 2274 verum
2806 2219 2968 2276 etiam
3017 2221 3082 2275 de
3125 2220 3348 2289 divinis,
3398 2225 3573 2280 multa
3608 2226 3767 2297 ignaris

2215 2312 2487 2368 mentibus
2512 2311 2841 2367 infundendo
2871 2311 3157 2368 illuminat.
3187 2313 3410 2380 Quanta
3438 2332 3571 2373 vero
3595 2328 3771 2374 saneto-

2217 2418 2336 2458 rum
2366 2404 2710 2475 congregatio
2744 2419 2775 2459 a
2800 2403 3019 2459 vieariis
3044 2405 3433 2476 episcoporum
3474 2411 3770 2466 consederun-

2214 2495 2339 2560 bus,
2353 2494 2437 2550 vel
2457 2510 2487 2549 a
2510 2494 2813 2551 senioribus
2834 2494 3038 2566 palatii,
3056 2496 3151 2566 qui
3177 2496 3455 2554 interesse
3476 2500 3612 2570 digni
3631 2499 3773 2556 habiti

2214 2584 2435 2639 fuerunt
2473 2583 2761 2639 concilium
2801 2584 3257 2655 perlustrantibus
3292 2599 3578 2659 aggregata
3619 2589 3668 2642 in
3692 2602 3776 2644 cc-

2203 2675 2380 2731 clesia
2412 2684 2612 2730 sancta:
2637 2674 2915 2731 Leocadize
2944 2677 3169 2746 virginis
3198 2687 3255 2734 et
3290 2685 3547 2753 martyris
3571 2681 3776 2747 Christi,

2213 2766 2440 2832 exstitit,
2464 2765 2889 2823 liberCanonum
2912 2766 3130 2822 indicat.
3152 2768 3210 2823 In
3233 2769 3339 2826 hac
3358 2774 3574 2843 synodo
3593 2772 3775 2828 lit-aulis

2212 2856 2725 2927 Cmsaraugustanus
2774 2854 3057 2928 episcopus
3108 2874 3220 2929 pra:
3277 2865 3498 2918 caeteris
3542 2863 3780 2935 qtiscopis

2213 2945 2447 3012 excellit,
2475 2956 2638 3015 atque
2663 2946 2805 3017 piam
2832 2944 3134 3015 doctrinam
3160 2948 3496 3007 Christianis
3534 2954 3780 3009 munibus

2214 3037 2469 3092 decenter
2496 3036 2747 3104 infundit,
2774 3036 2929 3107 cujus
2956 3048 3013 3093 et
3038 3040 3299 3111 opuscula
3322 3058 3475 3099 nunc
3503 3061 3673 3116 usque
3698 3044 3778 3101 Ec-

2214 3124 2378 3181 clesia
2406 3126 2614 3198 relegit.

2286 3217 2376 3273 II.
2424 3216 2592 3288 Hujus
2623 3219 2854 3277 Ilcraclii
2899 3222 3233 3294 temporibus
3279 3223 3334 3279 in
3362 3225 3643 3292 aram,
3664 3240 3781 3281 anas

2211 3307 2425 3378 imperii
2468 3307 2587 3377 ejus
2627 3310 2716 3375 29,
2753 3311 2992 3368 Arabum
3020 3313 3111 3379 25,
3146 3323 3409 3385 regnante
3446 3317 3502 3372 in
3533 3321 3622 3374 eis
3643 3318 3783 3376 Otmr

2212 3412 2355 3453 anno
2378 3397 2464 3465 I9,
2498 3398 2698 3471 Tulgas
2733 3402 2888 3458 bona:
2926 3403 3122 3460 indolis
3150 3415 3209 3461 et
3244 3407 3451 3465 radicis
3473 3408 3780 3477 Gothorum,

2211 3510 2376 3566 regno
2411 3506 2661 3567 suscepto
2683 3498 3016 3569 principatur
3050 3517 3179 3556 anu.
3206 3501 3261 3557 2.

2282 3586 2371 3641 I2.
2405 3586 2540 3642 Era
2565 3588 2702 3657 679,
2749 3591 3116 3647 Romanorum
3142 3593 3243 3661 58,
3274 3594 3675 3657 Constantinus
3699 3599 3784 3655 He

2212 3676 2363 3732 raclii
2389 3678 2533 3735 Illius
2561 3680 2788 3752 imperio
2812 3692 3124 3767 coronatur,
3155 3701 3388 3757 regnans
3413 3692 3587 3747 antiis
3608 3693 3664 3758 6,
3684 3707 3785 3762 ἀι

2210 3769 2348 3825 actis
2379 3785 2412 3824 a
2433 3772 2700 3843 principio
2730 3775 2913 3831 mundi
2959 3778 3117 3833 annis
3138 3777 3299 3834 5845.
3338 3779 3512 3851 Hujus
3547 3786 3784 3858 tempati-

2208 3859 2310 3916 bus
2346 3860 2402 3916 in
2431 3877 2541 3917 aera
2566 3862 2691 3930 680,
2735 3879 2877 3920 anno
2912 3865 3126 3938 imperii
3163 3866 3280 3934 ejus
3322 3871 3528 3941 primo,
3562 3876 3786 3932 Araha-

2207 3951 2298 4018 25,
2326 3951 2613 4009 Othomam
2647 3970 2759 4010 sua:
2787 3956 2965 4026 gentis
2997 3956 3531 4018 administrationem
3564 3968 3787 4034 suscepit

2207 4041 2452 4107 ann.12,
2485 4043 2576 4112 qui
2599 4041 2715 4113 jam
2759 4045 2980 4100 secundi
3014 4047 3142 4101 anni
3188 4050 3565 4119 gubernacula
3616 4072 3792 4137 pron-

2206 4150 2341 4205 gans
2366 4132 2621 4208 Libyam,
2653 4134 3069 4207 Marmoricham
3113 4149 3168 4195 et
3216 4141 3602 4214 Pentapolim,
3626 4132 3790 4205 Gaza-

2206 4225 2350 4279 niam
2381 4239 2615 4296 quoque,
2644 4225 2732 4283 vel
2748 4225 3058 4299 Ait-yOpiam
3087 4246 3208 4301 qua:
3235 4247 3404 4304 supra
3419 4235 3792 4311 Egyptumia

2205 4316 2372 4370 eremi
2411 4314 2658 4385 adjacent
2700 4318 2888 4390 plagis,
2936 4319 3334 4379 Saracenorum
3377 4328 3623 4385 sociavit
3669 4332 3791 4400 regio

2086 4450 2091 4457 .
2204 4405 2354 4470 mini,
2387 4408 2655 4463 etditioni
2681 4409 2952 4479 subjecit:
2976 4411 3346 4483 plurimasque
3383 4417 3650 4478 civitates
3677 4420 3791 4475 Pcr-

2204 4512 2387 4553 sarum
2417 4498 2732 4555 tributarias
2775 4500 2903 4555 fecit
2930 4518 2945 4555 :
2974 4511 3249 4572 postremo
3288 4507 3530 4563 tumultu
3575 4526 3791 4567 snt-ru

2201 4590 2486 4653 occiditur,
2514 4606 2749 4663 regnans
2772 4609 2901 4648 ann.
2927 4594 3015 4649 η.

2273 4679 2363 4736 I5.
2411 4678 2578 4749 Hujus
2626 4684 2977 4754 temporibus,
3009 4685 3062 4740 in
3088 4702 3197 4742 aera
3223 4687 3351 4756 680,
3376 4706 3527 4747 anno
3580 4694 3795 4770 ἰιιξιαὶ

2200 4769 2541 4828 Constantini
2562 4776 2755 4844 primo,
2777 4775 3015 4832 Arabum
3037 4778 3125 4841 25,
3151 4791 3413 4852 regnante
3439 4785 3497 4840 in
3518 4787 3611 4843 eis
3631 4769 3788 4843 Othr-

2200 4882 2345 4923 mam
2370 4884 2515 4926 anno
2535 4873 2791 4939 secundo,
2817 4872 3283 4934 Chindasvinthus
3308 4895 3411 4950 per
3448 4886 3795 4956 tynmaitu

2199 4974 2427 5031 regnum
2452 4960 2753 5035 Gothorum
2796 4965 3040 5024 invasum
3064 4967 3300 5026 Hiberia:
3329 4972 3795 5046 triumphahiﬁu

2196 5052 2591 5124 principaturh,
2636 5056 2939 5116 demoliens
2962 5060 3196 5131 Gothos,
3220 5079 3429 5137 sexque
3474 5084 3577 5140 per
3624 5087 3801 5128 aulas

2198 5156 2409 5217 regnat.
2448 5147 2551 5203 Hic
2578 5148 2633 5203 in
2662 5148 2922 5208 Toletana
2964 5155 3097 5211 urbe
3124 5156 3385 5227 synodalc
3406 5158 3711 5218 decretu-
3731 5162 3800 5219 δ’

2195 5236 2570 5308 episcoporum
2597 5255 2719 5296 cum
2747 5243 2895 5298 omni
2918 5242 3064 5301 clero
3088 5245 3172 5301 vel
3195 5247 3417 5305 vicariis
3445 5265 3653 5308 eorum
3686 5254 3804 5327 epi-

2195 5342 2483 5398 scoporum
2525 5345 2662 5399 quos
2701 5330 2928 5402 languor
2972 5333 3057 5389 vel
3102 5334 3282 5407 inopia
3331 5330 3655 5409 praesentes
3690 5343 3803 5400 lare

2195 5436 2302 5476 non
2342 5419 2490 5486 fecit,
2522 5430 2684 5492 atque
2718 5423 3014 5493 palatinum
3041 5426 3348 5500 collqium,
3377 5433 3472 5503 qui
3513 5433 3808 5493 electius

2270 5609 2294 5637 ε
2334 5597 2425 5652 Sic
2452 5597 2537 5663 Β..
2565 5597 2627 5654 C.
2659 5599 2748 5656 I9.

2274 5667 2294 5706 ί
2327 5668 2366 5706 n
2447 5686 2575 5706 ηρ...»

2274 5668 2294 5706 r

2271 5739 2296 5825 ξ
2444 5686 2800 5825 ξξῖῖῖημαμρι·
2822 5741 3042 5825 Βίεξωδες
3069 5738 3256 5818 Berg.,
3291 5745 3348 5804 6.

2262 5809 2290 5850 ιι
2324 5809 2407 5877 Β.,
2438 5809 2823 5882 triumphaliter
2845 5814 3125 5886 principal.
