3950 6308
187 371 305 435 ΙΆὨ

1577 326 1991 402 CHRONICON.

2729 248 2806 258 ..ικ-

3281 341 3422 402 1258

177 469 365 546 collegii
389 449 650 526 interemi:
671 469 1010 531 meruerunt,
1041 460 1269 519 mirifice
1295 472 1437 518 anno
1459 458 1619 544 regni
1647 457 1734 514 sui
1761 460 1815 521 Α
1840 456 2052 527 tigium,
2081 462 2138 510 et
2158 457 2374 530 auctum
2397 454 2645 512 redderet
2669 447 3044 526 longissimum
3070 455 3424 520 desiderium.

176 567 342 640 quinto
387 561 577 619 indicit
617 559 1022 624 celebrandum,
1058 553 1486 612 discurrentibus
1533 557 1741 606 tantum

174 653 380 714 notariis
401 668 537 724 quos
562 652 630 707 ad
653 649 990 707 recitandum
1009 647 1095 704 vel
1122 648 1191 704 ad
1214 643 1589 717 excipiendum
1601 643 1742 719 ordo

172 747 402 820 requirit.
433 744 534 801 llic
558 742 817 814 Tajonem
841 741 1384 812 Caesaraugustanum
1407 736 1740 808 episcopum,

171 839 356 895 ordinis
402 836 727 892 litteratura:
776 831 907 888 satis
936 831 1221 896 imbutum,
1257 837 1313 885 et
1341 828 1575 884 amicum
1599 825 1744 881 Scri-

167 939 466 1001 pturarum,
498 927 728 1002 Romam
762 923 830 979 ad
857 922 1350 992 suam,petitionem
1376 935 1475 991 pro
1511 917 1745 974 residuis

167 1022 305 1078 libris
343 1019 627 1075 Moralium
674 1015 940 1072 navaliter
975 1014 1207 1086 porrigit
1244 1013 1593 1068 destinatum.
1641 1008 1745 1077 Qui

163 1129 275 1170 cum
309 1129 338 1168 a
365 1128 503 1184 papa
529 1109 788 1167 Romensi
835 1108 902 1166 de
931 1107 1020 1164 die
1063 1107 1120 1162 in
1154 1107 1300 1163 diem
1338 1105 1648 1161 differretur
1688 1103 1745 1158 in

165 1204 392 1274 longum,
445 1202 598 1274 quasi
651 1201 705 1256 in
757 1201 994 1256 armario
1039 1197 1299 1254 Romana:
1340 1197 1596 1252 Eeelesite
1632 1209 1746 1266 pra:

161 1293 492 1349 multitudine
527 1292 835 1362 qumsitum,
863 1289 1021 1346 facile
1056 1303 1403 1361 nequaquam
1443 1286 1748 1359 reperirent

160 1382 410 1450 libellum,
454 1375 759 1449 Dominum,
803 1389 1147 1454 pernoctans,
1177 1390 1232 1435 et
1262 1376 1381 1448 ejus
1422 1376 1744 1434 misericor-

160 1477 294 1532 diam
335 1476 402 1531 ad
441 1475 668 1547 vestigia
704 1475 851 1531 beati
877 1475 1023 1530 Petri
1073 1473 1440 1546 apostolorum
1485 1469 1747 1542 principis

162 1569 474 1640 deposcens,
502 1569 554 1626 ei
589 1569 847 1626 scrinium
877 1569 932 1623 in
972 1583 1080 1639 quo
1109 1569 1415 1640 tegebatur,
1449 1566 1517 1621 ab
1557 1565 1748 1637 angelo

159 1675 320 1716 manu
359 1669 444 1716 est
481 1669 780 1718 ostensum.
813 1659 932 1728 Quo
969 1675 1098 1716 mox
1133 1667 1196 1714 ut
1228 1675 1288 1715 se
1327 1673 1466 1730 papa
1495 1655 1748 1730 praevidit

1844 551 1994 606 Tunc
2036 551 2398 622 interrogatus
2429 550 2474 606 si
2512 550 2729 606 tandem
2754 551 2823 612 in
2843 548 3154 608 illa'saneta
3181 554 3428 612 multitu-

1843 642 1966 698 dine
1979 641 2189 699 adesset
2202 642 2418 712 sapiens
2428 640 2778 713 Augustinus,
2793 642 3014 712 eofquod
3038 641 3113 698 ita
3131 641 3299 699 libros
3311 645 3430 715 ejus

1842 736 1983 790 sicut
2009 743 2065 790 et
2089 734 2258 806 ipsius
2285 733 2454 790 sancti
2483 732 2730 802 Gregorii
2768 729 2982 805 semper
3012 735 3079 790 ab
3107 735 3240 806 ipsis
3269 753 3430 794 cuna-

1842 827 1985 883 bulis
2016 839 2038 867 ο
2071 834 2308 882 amasset
2340 825 2522 898 legere
2548 827 2678 881 satis
2705 825 2995 897 peravidus
3032 843 3044 880 :
3082 827 3186 882 hoc
3227 827 3432 883 solum-

1843 920 2004 976 modo
2047 920 2389 998 respondisse
2441 919 2614 974 fertur
2656 919 2812 974 :‘Vir
2858 919 2946 974 ille
2995 920 3330 977 clarissimus
3375 929 3434 978 et

1843 1012 2084 1069 omnium
2114 1012 2518 1085 exspectatione
2545 1012 2884 1084 gratissimus
2910 1011 3242 1084 Augustinus
3268 1029 3434 1084 quem

1845 1108 2064 1178 qumris,
2092 1107 2252 1163 altior
2289 1123 2321 1162 a
2346 1106 2502 1162 nobis
2527 1121 2652 1161 eum
2679 1106 2921 1161 continet
2955 1105 3125 1162 locus.
3149 1107 3306 1162 Certe
3336 1107 3434 1164 ubi

1845 1197 1915 1252 ad
1959 1211 2147 1253 eorum
2192 1197 2355 1267 pedes
2398 1196 2562 1268 ccepit
2604 1211 2865 1266 proruere
2905 1215 2923 1254 :
2958 1197 3117 1254 citius
3155 1199 3224 1254 ab
3259 1199 3432 1255 oculis

1847 1289 1982 1361 ejus,
2016 1289 2256 1344 ostiariis
2281 1296 2336 1343 et
2364 1288 2498 1360 ipsis
2532 1289 2760 1355 territis,
2793 1287 2953 1344 simul
2993 1305 3116 1345 cum
3151 1289 3270 1345 luce
3305 1306 3434 1346 eva-

1845 1382 1967 1437 nuit
1990 1381 2074 1435 vir
2101 1379 2190 1435 ille
2220 1379 2614 1436 sanctissimus.
2665 1378 2819 1436 Unde
2844 1381 2912 1435 ab
2934 1395 3000 1436 eo
3023 1380 3110 1436 die
3136 1381 3345 1437 cunctis
3374 1383 3431 1437 in

1847 1475 2039 1530 eadem
2087 1471 2454 1546 apostolorum
2500 1471 2628 1526 sede
2674 1471 2999 1526 venerabilis
3045 1470 3178 1540 Tajo
3223 1473 3430 1528 exstitit

1849 1565 2132 1638 gloriosus,
2164 1563 2258 1634 qui
2293 1571 2419 1618 ante
2445 1561 2908 1633 despicabatur'ut
2936 1557 3204 1634 ignavus.
3367 1561 3370 1564 ’

1920 1657 2007 1712 id.
2037 1656 2174 1712 IEra
2198 1655 2320 1721 684,
2350 1655 2720 1710 Romanorum
2741 1655 3222 1726 quinquagesimus
3247 1673 3428 1716 nonus

156 1752 566 1821 reprehensum,
613 1768 738 1808 cum
783 1751 951 1807 nimia
993 1751 1343 1808 veneratione
1389 1751 1463 1813 ei,
1477 1748 1745 1820 adjutoria
1850 1748 2118 1806 Constans
2159 1745 2503 1803 Constantini
2534 1744 2678 1801 filius
2718 1745 2945 1818 imperio
2972 1756 3287 1815 coronatur,
3347 1767 3435 1806 re-

154 1842 346 1898 tribuit
401 1845 469 1900 ad
518 1844 1011 1910 conseribendum,
1068 1852 1124 1899 et
1169 1842 1423 1914 Hispanis
1473 1858 1572 1915 per
1615 1821 1820 1900 eum.B
1847 1857 2020 1914 gnans
2047 1857 2174 1896 ann.
2209 1838 2299 1904 27,
2358 1837 2598 1909 peractis
2646 1852 2679 1892 a
2729 1837 2995 1908 principio
3036 1839 3221 1894 mundi
3273 1839 3436 1897 annis

151 1936 478 1992 transmittit
523 1938 591 1992 ad
638 1935 1016 2007 relegendum;
1048 1935 1174 2005 quia
1215 1943 1346 1992 tunc
1373 1951 1440 1992 ex
1470 1936 1614 1992 beati
1641 1935 1744 1994 Job

148 2027 305 2085 libris
334 2029 643 2100 expositum
689 2029 1086 2099 retemptabant
1129 2027 1303 2085 solum
1325 2028 1469 2098 quod
1495 2043 1594 2098 per
1615 2028 1746 2085 bea-

145 2129 264 2177 tum
294 2123 606 2178 Leandrum
633 2109 1012 2194 Hispalensem'
1042 2123 1353 2194 episcopum
1382 2121 1561 2178 fuerat
1583 2123 1744 2178 adve-

145 2221 319 2280 ctum,
346 2222 402 2270 et
425 2215 554 2270 olim
575 2215 873 2271 honorifice
898 2215 1259 2286 deportatum.
1280 2213 1593 2285 Requisitus
1613 2229 1745 2270 vero

143 2312 198 2358 et
232 2299 558 2371 conjuratus
589 2303 720 2372 Tajo
759 2304 1044 2374 episcopus
1083 2320 1113 2360 a
1147 2319 1284 2376 papa
1313 2304 1578 2372 Romano,
1611 2319 1745 2375 quo-

143 2395 307 2451 modo
349 2396 401 2451 ei
439 2405 550 2452 tam
576 2397 812 2453 veridice
842 2396 1034 2454 fuisset
1060 2399 1324 2456 librorum
1348 2399 1566 2454 illorum
1593 2397 1746 2456 locus

1845 1934 2006 1992 5870.
2032 1934 2133 1989 Hic
2158 1947 2283 1988 cum
2328 1929 2598 1986 Arabibus
2626 1930 2806 1985 navali
2835 1931 3024 2001 praelio
3049 1921 3252 1987 acriter
3272 1933 3436 1988 dimi-

1845 2026 1990 2083 cavit
2016 2039 2032 2080 :
2061 2024 2152 2096 qui
2177 2023 2518 2095 postmodum
2538 2021 2681 2092 apud
2706 2020 3054 2092 Syracusam,
3115 2023 3321 2079 Sicilite
3351 2025 3435 2079 iu-

1844 2117 2043 2189 clytam
2070 2116 2282 2179 urbem,
2330 2111 2704 2181 conjuratione
2726 2122 3038 2185 peremptus
3062 2122 3165 2181 est,
3191 2118 3433 2185 peractis

1843 2210 1914 2266 27
1961 2209 2175 2282 imperii
2208 2209 2291 2264 sui
2325 2207 2502 2263 annis.
2535 2203 2709 2274 Hujus
2734 2205 2963 2278 imperio
2992 2207 3105 2265 sole
3133 2209 3314 2265 medio
3343 2210 3435 2267 die

1843 2303 2138 2359 obscurato
2160 2299 2359 2356 coelum
2393 2297 2578 2354 stellas
2603 2297 2804 2369 prodit.
3136 2350 3144 2356 η

1852 2455 1855 2458 _
1917 2391 2004 2448 15.
2041 2387 2214 2462 Hujus
2239 2389 2596 2460 temporibus,
2628 2388 2684 2443 in
2708 2404 2819 2445 aera
2845 2387 2972 2458 686,
2992 2403 3134 2447 anno
3155 2392 3305 2463 regni
3335 2392 3436 2449 Sa-

141 2498 434 2555 ostensus,
482 2490 585 2545 hoc
618 2490 694 2545 illi
733 2500 856 2561 post
894 2491 1118 2547 nimiam
1157 2491 1591 2564 deprecationem
1618 2509 1744 2550 cum
1844 2500 2168 2542 racenol‘um
2191 2483 2284 2550 '50.
2324 2490 2587 2554 νθεηειιιιθ
2625 2481 2680 2537 in
2707 2481 2788 2539 eis
2810 2482 3099 2540 Oihomam
3149 2485 3169 2525 ί
3207 2502 3350 2543 anno
3372 2488 3432 2555 7.

143 2581 311 2636 nimia
358 2579 640 2638 alacritate
683 2591 767 2639 est
799 2582 1005 2651 fassus,
1047 2584 1193 2655 quod
1217 2586 1452 2656 quadam
1489 2595 1650 2642 nocte
1686 2602 1746 2643 se
1843 2579 2304 2639 Chindasvintbus
2329 2577 2772 2643 Recesvinthum,
2822 2577 2953 2633 licet
2975 2578 3325 2651 flagitiosum,
3352 2590 3436 2639 ta-

139 2673 208 2729 ab
235 2673 485 2731 ostiariis
510 2673 753 2732 ecclesiae
779 2677 920 2732 beati
947 2675 1094 2732 Petri
1119 2676 1347 2747 apostoli
1371 2676 1600 2747 expetiit
1622 2691 1746 2733 esse
1844 2690 1971 2732 men
1994 2675 2134 2730 bene
2171 2672 2435 2728 monitum
2462 2675 2510 2738 ε,
2561 2670 2730 2726 filium
2755 2687 2912 2727 suum
2937 2688 3104 2744 regno
3132 2673 3437 2733 Gothorum

140 2766 438 2823 excubium
457 2782 480 2822 τ
502 2777 666 2839 atque
693 2768 785 2824 ubi
811 2769 915 2825 hoc
946 2769 1146 2841 reperit
1169 2768 1538 2840 impetratum,
1566 2769 1746 2825 subito
1842 2767 2120 2842 proponit,
2147 2780 2380 2838 regnans
2405 2763 2563 2820 annis
2581 2762 2674 2818 24.
2701 2761 2805 2818 Hic
2826 2765 3017 2820 crebra
3041 2765 3274 2822 concilia
3295 2768 3436 2838 egit,

135 2858 205 2913 ad
235 2861 421 2916 noctis
448 2861 711 2927 medium,
738 2876 862 2918 cum
897 2875 956 2916 se
981 2860 1145 2918 nimis
1175 2860 1427 2917 lamentis
1448 2868 1575 2916 ante
1598 2859 1745 2917 beati
1845 2861 2086 2918 clarente
2115 2859 2358 2932 Eugenio
2381 2857 2536 2914 urbis
2557 2856 2719 2928 regia:
2738 2857 3154 2930 metropolitano
3174 2859 3435 2932 episcOpo

131 2947 281 3007 Petri
309 2951 552 3022 apostoli
581 2950 816 3008 loculum
845 2951 1187 3023 deprecando
1215 2951 1420 3008 faceret
1445 2967 1740 3008 cernuum:
1845 2954 2034 3012 Toleto
2071 2954 2184 3026 pio,
2239 2952 2312 3008 46
2354 2952 2732 3024 episcOporum
2768 2969 2894 3010 eum
2920 2952 3133 3009 infinito
3176 2953 3326 3010 clero
3347 2954 3440 3012 vel

124 3037 248 3098 luce
287 3041 524 3100 ewlitus
563 3044 783 3110 emissa,
813 3044 887 3100 ita
918 3045 984 3100 ab
1022 3043 1371 3101 inenarrabili
1401 3043 1606 3100 lumine
1633 3053 1746 3102 tota
1843 3045 2064 3102 vicariis
2107 3044 2504 3110 desistentium,
2555 3051 2719 3115 atque
2769 3043 3007 3101 ofﬁcium
3055 3045 3438 3117 dignissimum

123 3133 361 3190 ecclesia
388 3135 614 3191 exstitit
640 3136 989 3206 perlustrata,
1019 3145 1079 3192 ut
1107 3152 1208 3194 nec
1234 3136 1507 3193 modicum
1535 3134 1745 3193 reluce-
1770 3190 1820 3212 _
1843 3138 2144 3212 palatinum
2163 3138 2220 3192 in
2241 3151 2410 3194 unum
2434 3136 2492 3191 in
2510 3135 2736 3192 basilica
2755 3136 3098 3207 pratoriensi
3120 3143 3438 3193 sanctorum

122 3236 250 3284 rent
279 3227 549 3285 ecclesiae
575 3190 899 3285 candelabra
925 3247 937 3283 :
965 3190 1234 3300 simulque
1258 3228 1519 3309 eumipsa
1541 3227 1745 3284 lumine
1767 3190 1822 3260 ϐ
1847 3190 1996 3291 ίιθιιιὶ
2019 3241 2076 3288 et
2105 3230 2258 3287 Pauli
2277 3228 2644 3302 apostolorum
2690 3190 3018 3284 excellenter
3041 3227 3332 3301 recolligit,
3377 3236 3437 3284 et

121 3335 231 3376 una
261 3337 410 3378 eum
444 3321 667 3377 vocibus
694 3320 1038 3393 psallentium
1074 3329 1132 3378 et
1160 3320 1498 3392 lampadibus
1551 3319 1747 3376 relam—
1847 3342 1957 3384 non
2007 3325 2180 3382 solum
2229 3323 2298 3380 de
2325 3322 2616 3378 mundanis
2651 3322 2885 3389 actibus,
2926 3335 3118 3378 verum
3162 3322 3329 3378 etiam
3360 3323 3432 3380 de

119 3413 378 3482 pantium
426 3411 684 3468 introiere
722 3421 1033 3469 sanctorum
1080 3411 1315 3484 agmina.
1366 3411 1609 3482 Denique
1650 3412 1745 3469 ubi
1847 3414 2942 3488 sanctaeTrinitatismysterioignorantes
2961 3414 3172 3471 animas
3189 3415 3436 3473 instruit.

120 3501 364 3562 horrore
423 3515 449 3545 ει
480 3504 648 3561 nimio
698 3505 909 3560 exstitit
955 3504 1207 3570 territus,
1260 3503 1505 3560 oratione
1553 3504 1622 3560 ab
1664 3503 1747 3562 eis
1847 3513 2021 3585 Hujus
2054 3512 2391 3584 temporibus
2423 3510 2644 3582 eclipsis
2670 3509 2823 3578 solis,
2881 3509 3067 3565 stellas
3116 3509 3172 3565 in
3204 3510 3435 3566 meridie

122 3598 448 3670 completa,
477 3597 737 3669 paukitim
765 3613 833 3656 ex
866 3597 956 3654 illa
982 3607 1297 3655 sanctorum
1325 3597 1480 3655 curia
1513 3598 1622 3654 duo
1652 3597 1746 3653 de-
1847 3607 2150 3664 visentibus
2183 3605 2470 3669 omnibus,
2555 3602 2871 3675 Hispaniam
2915 3601 3136 3658 genita;
3195 3619 3210 3656 ε
3267 3608 3433 3672 atque

117 3692 293 3748 albati
327 3705 513 3749 senes
543 3703 789 3763 gressum
818 3691 875 3747 in
913 3705 1035 3747 eam
1079 3700 1296 3762 partem
1324 3706 1431 3762 qua
1460 3690 1747 3762 episcopus
1849 3699 2272 3756 ineursationem
2307 3693 2632 3754 Vasconum
2661 3710 2772 3752 non
2793 3711 2920 3751 cum
2971 3685 3187 3751 modico
3230 3694 3440 3750 exerci-

117 3785 172 3842 in
213 3788 410 3843 oratio
425 3800 498 3842 ne
533 3786 792 3858 degebat,
832 3791 1112 3856 coeperunt
1145 3785 1276 3840 dare
1317 3783 1743 3856 praependulum.
1851 3801 1937 3852 ιυε
1957 3795 2156 3851 damno
2179 3799 2507 3866 prospectat.
3123 3815 3129 3824 ι
3444 3787 3451 3800 ‘

113 3876 186 3933 At
208 3879 311 3935 ubi
340 3891 492 3933 eum
521 3884 842 3948 repererunt
879 3890 1020 3948 pene
1031 3874 1148 3947 jam
1190 3884 1484 3940 mortuum,
1515 3873 1748 3930 dulciter
1919 3887 2006 3941 16,
2039 3883 2211 3956 Hujus
2233 3883 2568 3957 temporibus
2596 3883 2652 3939 in
2679 3898 2789 3940 mra
2832 3883 2958 3952 690,
3003 3898 3147 3939 anno
3189 3882 3434 3938 Arabum

114 3973 452 4030 salutatum
478 3971 810 4026 reduxerunt
837 3971 905 4026 ad
926 3971 1206 4040 proprium
1233 3984 1473 4026 sensum.
1502 3968 1745 4038 Cumque

1852 3978 1938 4048 55,
1967 3978 2180 4034 Moabia
2220 3977 2637 4050 praedecessoris
2676 3976 2900 4033 sortitus
2953 3984 3038 4032 est
3091 3977 3300 4041 sedem,
3347 3991 3436 4030 re-

111 4064 184 4118 ab
215 4065 306 4120 θίε
341 4065 815 4133 interrogarem“,
843 4076 1008 4133 quam
1044 4066 1114 4118 οί)
1142 4077 1362 4119 causam
1405 4069 1515 4116 tam
1540 4060 1744 4133 grande
1846 4084 2020 4142 gnans
2041 4069 2096 4124 in
2123 4085 2188 4126 ea
2212 4069 2370 4124 annis
2403 4068 2510 4136 25;
2537 4069 2631 4124 sed
2655 4069 2895 4138 quinque
2923 4083 2992 4124 ex
3020 4067 3100 4124 eis
3126 4068 3283 4122 annis
3307 4081 3456 4143 eum.

111 4161 379 4210 exstaret
446 4151 692 4226 fatigium
720 4153 750 4194 b
788 4153 872 4210 vel
905 4169 1005 4210 cur
1034 4154 1102 4208 ab
1127 4153 1420 4210 Occidente
1449 4167 1746 4225 properans
1847 4162 1962 4218 suis
2006 4159 2146 4216 bella
2201 4159 2378 4214 civilia
2427 4157 2615 4228 gessit,
2672 4157 2865 4229 viginti
2904 4173 3037 4213 vero
3075 4156 3221 4211 omni
3269 4156 3431 4226 plebe

105 4249 226 4301 tam
257 4245 514 4317 longum
541 4252 749 4316 peteret
777 4244 1113 4316 navigerium
1143 4255 1200 4299 οε
1237 4245 1343 4301 hoc
1371 4253 1428 4301 et
1454 4246 1557 4300 hoc
1584 4246 1650 4300 ab
1679 4259 1745 4300 eo

1852 4252 2238 4310 lsmaelitarum
2265 4249 2572 4316 obediente,
2616 4264 2827 4305 summa
2883 4264 3004 4306 cum
3036 4247 3294 4304 felicitate
3312 4245 3434 4318 per-

109 4339 282 4408 quasi
338 4338 520 4394 inscii
570 4337 800 4394 relatum
855 4337 1231 4395 auscultabant
1272 4351 1449 4409 operae
1486 4337 1740 4409 pretium.
1846 4343 1975 4416 egit.
2008 4341 2280 4398 Adversus
2329 4355 2491 4410 quem
2538 4339 2806 4396 Constans
2851 4340 3128 4412 Augustus
3176 4337 3432 4395 milleVet

109 4431 260 4488 Tum
310 4431 420 4488 ille
462 4429 651 4486 multis
688 4431 917 4502 eloquiis
956 4430 1251 4496 consolatio,
1289 4429 1338 4485 ei
1377 4436 1742 4500 ορροτιιιιιιιιι
1847 4436 2077 4508 amplius
2101 4435 2307 4490 lembos
2333 4447 2674 4506 aggregans,‘
2707 4433 3000 4490 infeliciter
3028 4433 3351 4500 decertavit,
3378 4439 3438 4488 et

107 4529 208 4585 ubi
261 4529 386 4600 ipsi
438 4526 567 4583 libri
613 4525 852 4583 latebant
893 4527 1247 4584 ostenderunt
1281 4523 1535 4581 loculum.
1575 4522 1743 4595 lgitur
1767 4561 1824 4627 υ
1845 4531 1937 4587 vix
1965 4545 2088 4587 cum
2114 4528 2307 4600 paucis
2329 4527 2733 4599 :equorabiliter
2761 4526 3064 4597 aufugiens,
3096 4525 3279 4598 lapsus
3306 4540 3436 4580 em-

97 4623 300 4678 sancti
330 4620 423 4676 illi
457 4618 705 4689 requisiti
731 4634 852 4690 quae
875 4629 1021 4676 esset
1047 4627 1358 4676 sanctorum
1384 4617 1473 4672 illa
1501 4624 1738 4683 caterva,

1853 4625 1944 4682 sit.
1977 4623 2084 4680 Per
2118 4623 2314 4678 ducem
2351 4636 2566 4692 quoque
2599 4620 2818 4676 nomine
2843 4619 3089 4686 Abdalla,
3122 4619 3213 4689 qui
3237 4617 3438 4674 dudum

95 4725 205 4768 eos
241 4718 382 4767 tam
431 4708 585 4764 0131‘0
631 4724 756 4765 cum
793 4708 995 4765 lumine
1022 4708 1418 4775 comitantium.
1460 4708 1752 4780 τεθροηάο·
1853 4719 1908 4774 in
1940 4723 2162 4788 peracto
2187 4713 2482 4770 certamine
2508 4713 2763 4768 ducatum
2791 4711 3030 4777 tenebat,
3055 4701 3111 4765 in
3137 4711 3431 4767 Occidente

91 4812 243 4861 runt
295 4802 592 4866 dicentes,
633 4798 855 4857 Petrum
907 4815 1028 4856 esse
1056 4799 1260 4856 Christi
1307 4798 1630 4871 apostolum,
1680 4797 1753 4855 si—
1851 4821 2110 4879 prospera
2145 4804 2315 4861 multa
2361 4812 2580 4874 peracta
2626 4810 2771 4867 sum,
2819 4800 3080 4872 Tripolim
3129 4801 3312 4856 venit;
3341 4799 3434 4855 Ci-

91 4899 357 4976 mulque
403 4903 474 4952 et
502 4893 758 4962 Paulum,
787 4893 1019 4951 invicem
1053 4908 1113 4950 se
1148 4908 1312 4948 manu
1349 4898 1594 4948 tenentes
1627 4905 1745 4945 cum

1854 4901 2073 4955 damum
2100 4911 2316 4969 quoque
2343 4904 2398 4951 et
2423 4894 2708 4965 Elemptim
2729 4893 2981 4950 bellando
3000 4908 3290 4965 aggressus
3312 4901 3432 4950 est:

87 4993 396 5050 omnibus
444 4982 861 5046 successoribus
896 4988 1140 5045 ecclesiae
1177 4988 1232 5042 in
1264 4986 1354 5042 illo
1385 4985 1506 5042 loco
1533 4983 1751 5055 requie-
1853 4997 1908 5048 et
1938 4999 2060 5062 post
2078 4989 2278 5046 multas
2302 4987 2661 5044 desolationes
2685 4985 2924 5054 auectas,
2965 4985 3052 5040 vel
3083 4986 3328 5041 diversas
3342 5001 3439 5058 pa-

85 5085 464 5142 sectilibus;
505 5080 678 5137 Porro
720 5081 814 5138 ubi
850 5090 906 5138 et
941 5081 1044 5151 ipsi
1081 5079 1330 5150 requisiti
1372 5077 1620 5143 fuerunt.
1649 5076 1752 5147 .qui
1855 5085 1991 5142 trias
2014 5083 2207 5150 victas,
2261 5090 2422 5153 atque
2467 5079 2778 5151 provincias
2801 5087 2987 5135 vastas
3007 5078 3294 5146 edomitus,
3320 5080 3438 5135 sive

84 5176 336 5233 domini
393 5179 597 5230 essent
640 5171 735 5244 qui
775 5186 898 5228 eum
941 5186 1006 5226 eo
1049 5179 1160 5224 tam
1198 5167 1448 5224 mirabile
1481 5165 1756 5222 habebant
1854 5176 2114 5249 plurimas
2158 5183 2405 5232 catervas
2429 5173 2485 5229 in
2528 5172 2634 5230 δάε
2678 5180 2948 5243 acceptas,
2993 5156 3171 5228 adhuc
3215 5173 3436 5244 sangni-

81 5276 514 5348 colloquium,
553 5289 695 5331 unus
730 5288 798 5330 ex
833 5273 939 5331 illis
971 5272 1272 5343 respondit,
1307 5285 1366 5328 se
1401 5285 1523 5328 esse
1550 5269 1755 5340 Grego-

76 5377 282 5448 rium,
325 5374 520 5446 cujus
559 5383 617 5432 et
653 5375 768 5448 ipse
801 5374 1144 5432 desiderabat
1175 5386 1401 5429 cernere
1446 5371 1665 5436 librum,
1698 5377 1754 5425 et

73 5482 226 5540 ideo
259 5475 572 5536 advenire
590 5475 619 5517 ει
647 5484 708 5533 ut
730 5475 847 5547 ejus
883 5482 1257 5532 remuneraret
1284 5482 1397 5529 tam
1425 5479 1641 5530 vastum
1672 5471 1755 5527 fa-

1855 5287 1981 5328 nem
2003 5271 2211 5336 sitiens,
2267 5263 2517 5324 Africam
2543 5267 2995 5324 adventavit'cum
3023 5260 3280 5342 omnibus
3301 5282 3440 5338 prae-

1854 5363 2108 5439 liatorurn
2151 5361 2530 5435 phalangibus.
2585 5361 2898 5431 Praeparato
2922 5361 3090 5433 igitur
3137 5359 3442 5416 certamine

1856 5456 2002 5513 illico
2032 5457 2089 5511 in
2115 5456 2300 5527 fugam
2332 5451 2643 5511 Maurorum
2680 5461 2765 5510 est
2787 5454 2935 5512 acies
2972 5470 3155 5522 versa,
3178 5462 3234 5509 et
3258 5450 3438 5508 omnis

1854 5573 1912 5630 in
1944 5569 2205 5641 singulari
2233 5545 2459 5643 numero
2483 5570 2694 5642 positis,
2715 5585 2825 5628 non
2858 5571 2916 5628 in
2940 5569 3158 5643 plurali,
3194 5575 3256 5625 ut
3279 5568 3338 5624 in
3367 5565 3433 5622 B.

1931 5653 1955 5681 ο
1978 5644 2038 5698 Β.
2050 5683 2064 5706 ,
2098 5641 2434 5697 inamabilis.

1902 5705 1907 5710 ’
1931 5715 1952 5755 τ
1993 5705 2104 5780 AL,
2130 5713 2395 5768 Athuman
2414 5721 2469 5770 et
2486 5709 2768 5771 Athaman.
3453 5749 3463 5778 π

1932 5788 1958 5829 ε
1988 5787 2074 5856 Β.,
2103 5785 2222 5841 boni
2253 5793 2486 5856 motum;
2513 5783 2609 5854 M.,
2641 5796 2814 5843 tamen
2845 5786 2992 5843 bona:
3029 5783 3246 5846 indolis.

160 5610 195 5642 α
247 5597 326 5652 Β.
341 5637 360 5661 ,
420 5592 645 5648 timore.

153 5671 189 5710 ι»
231 5668 353 5723 Sic
399 5664 566 5736 B._et
594 5664 693 5720 Ms.
724 5663 929 5732 Tolet.;
959 5663 1069 5736 alii,
1107 5662 1402 5736 fastigium.

154 5752 212 5824 ο.
241 5740 459 5819 Deest
489 5733 544 5789 in
594 5736 656 5790 B.
699 5745 910 5807 peteret.
964 5735 1071 5791 Alii
1104 5733 1310 5807 ponunt
1331 5733 1598 5805 navigium
1631 5739 1749 5791 loco

57 5821 518 5881 navigertum.

143 5882 179 5926 ιι
249 5882 365 5949 1).,
417 5875 734 5933 advenerat.
765 5875 865 5932 Ms.
893 5875 1094 5944 Tolet.,
1120 5878 1387 5952 advenire,
1411 5875 1537 5936 aliis
1565 5875 1749 5939 verbis

578 5971 849 6038 ΡΑτιοι.
897 5967 1121 6040 XCVI.

1911 5913 1972 5938 0⁸⁸
1987 5911 2075 5938 Α)-
2099 5918 2127 5936 Ι·-

2908 5959 2998 6060 Ν
