3950 6308
204 413 344 486 1961-

1623 405 2035 471 CHRONICON.

3317 411 3461 484 tm

199 560 349 606 mum
387 533 594 600 obtinet
633 527 996 610 principatum
1037 547 1052 588 :
1096 535 1287 606 regnat
1327 541 1498 586 annos
1540 520 1628 583 is.
1677 523 1779 582 Hic
1805 505 1857 588 Α
1879 525 2110 596 pristino
2137 523 2244 584 iste
2268 521 2561 588 reducebat
2587 522 2645 588 in
2667 524 2895 606 gaudio;
2924 537 2981 592 et
3005 535 3144 606 quos
3165 535 3260 596 ille
3279 552 3313 596 a
3335 553 3464 612 pro-

203 638 408 696 Gothos
425 633 629 691 'acerva
663 637 838 686 morte
866 625 1208 699 persequitur
1237 643 1250 680 :
1278 621 1434 698 plaga
1458 621 1678 690 insuper
1697 619 1782 674 in-

203 717 433 802 guinalis
484 721 646 794 hujus
692 729 934 792 tempore
978 715 1473 773 immisericorditer
1519 711 1776 768 illabitur.

201 801 501 878 Concilium
539 829 680 872 anno
705 811 822 884 ejus
858 811 1033 885 primo
1069 809 1125 864 in
1158 825 1266 866 aera
1291 806 1394 862 726
1423 803 1564 878 apud
1591 801 1780 859 urbem

200 915 516 972 Toletanam
540 913 597 968 in
611 910 845 975 ,ecclesia
871 907 1208 980 praetoriensi
1233 919 1542 962 sanctorum
1569 909 1782 974 aposto-

198 1005 373 1064 lorum
420 1005 568 1062 Petri
609 1011 664 1060 et
702 1000 852 1058 Pauli
893 999 1144 1056 omnibus
1182 995 1452 1069 Hispania:
1496 1003 1552 1050 et
1594 993 1780 1050 Gallia:

195 1097 537 1170 pontiﬁcibus
565 1093 888 1167 aggregatis,
925 1091 1098 1148 beata}
1130 1088 1407 1146 memoria:
1437 1085 1652 1143 Juliano
1686 1085 1781 1140 do-

197 1200 346 1245 ctore
366 1187 622 1250 clarente,
641 1187 740 1242 sub
761 1182 1112 1254 sexagenario
1133 1183 1508 1252 episcoporum
1529 1191 1776 1244 numero,

194 1282 281 1339 vel
321 1279 605 1352 multiplici
641 1278 1074 1336 Christianorum
1119 1274 1363 1346 collegio,
1407 1271 1570 1338 clero,
1617 1279 1780 1340 atque

193 1375 343 1434 omni
381 1373 575 1446 vulgali
602 1385 627 1414 ιι
659 1372 713 1428 in
749 1370 980 1428 circuitu
1016 1367 1340 1424 ferventium
1380 1361 1597 1436 populo,
1639 1359 1780 1418 cele-

190 1467 336 1524 brat.
363 1464 420 1520 In
450 1479 558 1536 quo
585 1478 684 1534 pro
713 1460 942 1518 diversis
969 1458 1164 1525 causis,
1198 1457 1282 1511 vel
1313 1471 1412 1527 pro
1443 1451 1780 1510 absolutionc

186 1554 481 1634 juramenti
511 1557 655 1626 quod
681 1551 905 1625 praefato
935 1551 1162 1623 principi
1189 1548 1408 1622 Ervigio
1436 1545 1780 1603 noxiabilitcr

187 1647 518 1715 reddiderat,
553 1646 816 1719 synodum
844 1649 906 1700 ut
930 1643 1298 1700 cxsolveretur
1321 1635 1644 1709 expostulat.

259 1762 351 1818 26.
388 1761 518 1834 Ejus
553 1761 609 1816 in
647 1768 888 1828 tempore
919 1755 1118 1813 librum
1143 1755 1211 1810 de
1237 1754 1411 1810 tribus
1437 1750 1773 1820 substantiis,

185 1869 354 1927 quem
401 1853 600 1912 dudum
649 1851 877 1906 Romam
922 1845 1296 1945 sanctissimus
1337 1842 1581 1900 Julianus
1625 1842 1775 1945 urbis
1803 1879 1853 1945 Β

183 1951 354 2022 regiae
390 1945 836 2020 metropolitanus
875 1943 1160 2012 episcopus
1199 1939 1452 2005 miserat,
1500 1945 1556 1994 et
1596 1935 1776 1991 minus

181 2051 350 2100 caute
379 2041 666 2096 tractando
699 2049 838 2107 papa
867 2033 1144 2090 Romanus
1167 2030 1459 2087 arcendum
1483 2027 1774 2094 indixerat,

179 2139 260 2194 ob
296 2136 350 2192 id
383 2135 528 2206 quod
560 2133 809 2190 voluntas
845 2129 1032 2201 genuit
1067 2127 1428 2190 voluntatem,
1459 2129 1585 2177 ante
1624 2119 1776 2176 bien-

179 2230 342 2294 Itium
369 2227 587 2284 tandem
611 2211 903 2296 scripserat
926 2220 1177 2278 veridicis
1203 2215 1524 2274 testimoniis
1539 2254 1555 2284 ,
1587 2213 1646 2269 in
1671 2212 1777 2268 hoc

179 2321 422 2380 concilio
467 2321 536 2376 ad
584 2318 922 2375 exactionem
965 2312 1175 2386 praelati
1222 2308 1484 2381 principis
1531 2305 1776 2363 Julianus

178 2417 472 2488 episcopus
525 2427 625 2485 per
680 2409 898 2466 oracula
951 2403 1217 2476 majorum
1261 2418 1326 2460 ea
1376 2416 1497 2472 qua:
1548 2398 1775 2455 Romam

178 2507 568 2566 transmiserat
631 2517 760 2558 vera
816 2516 936 2557 esse
1000 2498 1329 2554 conﬁrmans
1381 2491 1774 2564 apologeticum

181 2598 354 2666 facit;
380 2605 434 2654 et
457 2596 683 2652 Romam
705 2607 804 2664 per
827 2605 956 2648 suos
979 2591 1186 2662 legatos
1211 2585 1606 2642 ecclesiasticos
1629 2583 1775 2640 viros

177 2695 564 2768 presbyterum
578 2730 594 2758 ,
626 2689 904 2745 diaconcm
921 2727 936 2752 ,
975 2692 1030 2740 et
1058 2683 1443 2739 subdiaconem
1468 2675 1773 2733 eruditissi-

179 2767 330 2855 mos,
359 2787 388 2827 ι)
419 2786 474 2840 in
515 2782 764 2840 omnibus
803 2787 859 2835 et
898 2793 996 2849 per
1035 2775 1217 2831 omnia
1241 2770 1440 2828 divinis
1480 2767 1775 2838 Scripturis

179 2881 454 2946 imbutos,
491 2877 690 2934 iterum
720 2885 844 2930 cum
875 2869 1123 2927 versibus
1155 2863 1552 2922 acclamatoriis
1583 2875 1775 2916 secun-

179 2977 320 3036 dum
345 2972 488 3045 quod
517 2978 573 3026 et
601 2968 730 3025 olim
759 2963 1134 3021 transmiserat
1159 2959 1228 3015 de
1253 2957 1409 3013 laude
1434 2951 1775 3025 imperatoris

177 3067 356 3126 mittit
385 3084 397 3120 :
432 3062 576 3135 quod
605 3061 777 3117 Roma
819 3057 980 3128 digne
1015 3063 1072 3110 et
1094 3053 1186 3124 pie
1223 3049 1450 3121 recipit,
1485 3053 1542 3104 et
1563 3045 1775 3102 cunctis

178 3157 478 3232 legendum
507 3153 736 3212 indicit:
765 3159 928 3221 atque
948 3160 1160 3204 summo
1191 3140 1504 3214 nuperatori
1525 3139 1661 3196 satis
1685 3153 1776 3194 ac-

178 3251 472 3312 clamando
501 3266 516 3304 :
549 3247 689 3302 Laus
716 3255 828 3312 tua,
855 3243 1020 3310 Dm,
1049 3242 1104 3295 in
1132 3239 1264 3310 ﬁnes
1293 3247 1468 3303 terrae,

179 3342 340 3405 facit.
380 3343 482 3414 Qui
517 3350 572 3400 et
607 3339 930 3410 rescriptum
965 3336 1162 3393 domno
1197 3331 1410 3388 Juliano
1444 3343 1544 3400 per
1583 3341 1775 3398 supra-

177 3435 331 3496 latos
358 3435 562 3507 legatos
589 3431 721 3488 satis
753 3443 876 3485 cum
903 3425 1200 3499 gratiarum
1227 3422 1442 3479 actione
1479 3416 1776 3475 honoriﬁce

177 3527 450 3594 remittit,
489 3532 544 3582 et
576 3523 756 3582 omnia
793 3531 1126 3592 quaecunque
1161 3514 1377 3586 scripsit
1406 3511 1555 3584 iusta
1593 3516 1650 3568 et
1682 3509 1774 3581 pia

179 3633 312 3678 esse
335 3617 618 3690 depromit.

255 3733 349 3790 27.
389 3727 522 3786 Era
565 3729 696 3796 756,
751 3725 1119 3784 Romanorum
1163 3720 1232 3778 62
1285 3735 1382 3792 per
1434 3715 1772 3792 tyrannidem

180 3817 299 3891 L‘co
345 3821 570 3894 imperio
613 3825 923 3885 coronatur,
971 3829 1199 3887 regnans
1245 3811 1575 3867 tumultuose
1614 3808 1773 3866 annis

179 3905 397 3996 :tribus,
438 3914 675 3988 peractis
712 3929 742 3968 a
780 3910 1045 3984 principio
1081 3905 1266 3964 mundi
1296 3905 1453 3962 annis
1481 3904 1640 3961 5898.
1670 3901 1773 3958 Hic

181 3994 584 4068 tumultualitcr
623 4003 926 4062 Iustiniano
969 3999 1208 4072 dejecto,
1257 3997 1475 4070 ejuS‘se
1519 3994 1774 4052 sublimat

181 4109 436 4180 imperio.
761 4159 764 4162 .

257 4222 352 4278 28.
389 4219 558 4288 Hujus
583 4214 935 4288 temporibus,
959 4211 1016 4268 in
1041 4226 1150 4268 tera
1178 4205 1650 4280 septingentesima
1677 4202 1775 4258 tri-

180 4313 396 4388 gesima
442 4318 615 4376 sexta,
650 4306 881 4378 septima
914 4311 969 4360 et
999 4311 1211 4368 octava,
1250 4313 1392 4354 anno
1417 4295 1629 4366 imperii
1660 4292 1776 4363 ejus

179 4383 389 4481 primo,
414 4402 668 4467 secundo,
699 4407 752 4456 et
776 4397 956 4463 tertio,
982 4394 1223 4450 Arabum
1248 4389 1336 4456 79,
1369 4387 1438 4444 80
1467 4393 1522 4443 et
1549 4384 1638 4452 81,
1667 4383 1777 4440 Ab-

181 4498 424 4562 damelic
453 4507 684 4568 regnans
720 4490 926 4562 peregit
950 4487 1169 4544 tertium
1195 4481 1492 4547 decimum,
1523 4483 1776 4550 quartum

181 4593 463 4654 deeimum
482 4597 537 4643 et
561 4585 826 4644 decimum
855 4580 1103 4653 quintum
1123 4591 1342 4632 annum.

261 4705 355 4762 ξ).
396 4701 564 4772 Hujus
603 4697 963 4769 temporibus,
999 4695 1057 4750 in
1084 4707 1192 4750 atra
1230 4689 1354 4756 756,
1385 4703 1529 4744 anno
1564 4683 1778 4756 imperii

183 4797 393 4857 Leonis
419 4795 616 4866 primo,
642 4791 880 4847 Arabum
901 4787 990 4856 80,
1021 4783 1333 4843 Abdamelic
1363 4784 1429 4839 15
1457 4793 1504 4850 ο,
1533 4781 1698 4852 Egica
1722 4779 1776 4836 in

185 4889 472 4949 conect'tio
505 4886 656 4958 regni
690 4883 1010 4940 Witizanem
1049 4879 1217 4935 ﬁlium
1253 4878 1355 4934 sibi
1392 4875 1661 4932 btercdem
1701 4871 1782 4928 fa-

185 4985 348 5040 ciens
369 4979 672 5037 Gothorum
696 4990 920 5048 regnum
945 4979 1250 5042 retemptat.
1278 4970 1378 5026 Hic
1402 4967 1572 5040 patris
1599 4979 1784 5022 succe-

187 5075 334 5130 dens
363 5073 422 5128 in
459 5062 594 5128 solio
629 5083 935 5141 quanquam
975 5065 1296 5137 petulanter,
1334 5059 1785 5119 clementissimus

171 5169 384 5223 tamen
402 5164 708 5236 quindecim
734 5175 834 5232 per
857 5174 1027 5216 annos
1051 5164 1229 5214 exstat
1252 5156 1310 5212 in
1333 5169 1499 5226 regno
1523 5171 1536 5207 :
1565 5152 1655 5223 qui
1677 5166 1785 5206 non

189 5257 377 5314 solum
403 5272 494 5312 eos
517 5271 653 5327 quos
675 5260 828 5324 pater
857 5252 1222 5313 damnaverat,
1247 5246 1314 5301 ad
1338 5244 1568 5316 gratiam
1593 5241 1788 5312 recipit

191 5358 380 5406 tentos
423 5349 632 5415 exsilio,
673 5353 861 5403 verum
905 5335 1068 5400 etiam
1111 5337 1396 5397 clientulos
1433 5337 1463 5378 ἀ
1504 5343 1687 5392 manet
1731 5335 1786 5390 in

187 5435 556 5501 restaurando
587 5458 600 5495 :
636 5451 762 5494 nam
790 5447 926 5509 quos
957 5433 1049 5492 ille
1082 5429 1234 5506 gravi
1267 5433 1608 5502 oppresserat
1630 5424 1784 5500 jngo,

280 5609 306 5670 9
335 5599 428 5670 Bo.
457 5596 680 5670 νειιθεινίι

282 5668 310 5709 δ
345 5659 432 5736 0.,
463 5659 618 5724 ΜῘθι
645 5659 834 5734 Sand.,
861 5665 919 5722 in
946 5662 1122 5721 omnia
1150 5659 1248 5717 Dei
1274 5674 1468 5726 servos,
1498 5663 1568 5714 et.

278 5749 306 5853 ξι
344 5739 693 5875 ἓέιίὲἆηόζ,
709 5801 1016 5872 ειὶεηιιιιαέε
1033 5793 1098 5862 Ῑ).
1113 5777 1308 5870 Ro‘drz,
1325 5803 1478 5873 quasi
1493 5799 1784 5858 clientulos.

285 5897 308 5927 ο
345 5883 429 5955 Β.,
459 5881 547 5958 pio
578 5879 870 5952 reparabat.

1877 617 1998 690 prio
2026 618 2368 676 abdicaverat
2391 621 2528 690 solo,
2558 623 2662 680 iste
2681 624 2770 696 pie
2793 624 3146 688 °,relormans
3173 633 3464 702 reparabat

1879 721 1946 764 ex
1983 707 2122 767 dono
2155 728 2169 765 :
2205 710 2393 784 sicque
2425 715 2734 772 convocatis
2768 717 2995 788 cunctis,
3022 729 3298 794 postretno
3327 731 3461 784 cau-

1878 800 2055 858 tiones
2081 817 2218 873 quas
2241 819 2440 876 parens
2473 821 2626 864 more
2657 809 3000 868 subtraxerat
3034 813 3259 872 subdolo
3285 815 3332 885 τ,
3357 816 3465 878 ista

1878 885 1935 986 in
1972 904 2264 966 conspectu
2299 897 2541 954 omnium
2578 899 2742 972 digno
2776 903 3037 960 cremavit
3071 904 3322 966 incendio
3350 925 3369 965 :
3405 912 3462 968 et

1878 999 1984 1040 non
2017 986 2189 1043 solum
2217 989 2468 1048 innoxios
2495 993 2521 1034 8
2548 993 2807 1062 reddidit,
2834 993 2883 1052 si
2906 996 3132 1066 vellent,
3157 999 3225 1055 ab
3251 1000 3462 1060 insolu-

1878 1077 1972 1134 bili
1998 1077 2229 1148 vinculo,
2260 1093 2446 1140 Verum
2484 1085 2646 1143 etiam
2675 1087 2835 1144 rebus
2858 1089 3092 1160 propriis
3125 1091 3371 1163 redditis,
3407 1093 3462 1152 et

1876 1169 2008 1226 olim
2038 1170 2151 1240 jam
2178 1173 2308 1231 ﬁsco
2335 1173 2672 1250 mancipatis,
2699 1181 2936 1250 palatino
2965 1191 3236 1240 restaurat
3261 1185 3458 1244 cilicio.

1876 1258 1982 1318 Per
2021 1263 2162 1320 idem
2205 1274 2416 1338 tempus
2455 1269 2607 1327 Felix
2646 1273 2796 1330 urbis
2835 1275 2996 1348 regia:
3021 1275 3292 1335 Toletanie
3315 1273 3462 1339 sedis

1877 1357 2187 1429 episcopus,
2227 1363 2508 1432 gravitatis
2544 1372 2600 1420 et
2623 1366 2926 1436 prudentiae
2951 1363 3268 1429 excellentia
3291 1373 3462 1434 nimia

1875 1443 2069 1522 pollet,
2107 1462 2161 1510 et
2199 1455 2426 1510 concilia
2456 1457 2590 1514 satis
2624 1459 2881 1530 praeclara
2919 1462 3086 1520 etiam
3123 1465 3300 1525 adhuc
3336 1481 3461 1526 cum

1877 1544 2140 1600 ambobus
2161 1547 2494 1618 principibus
2518 1551 2649 1622 agit.

1946 1635 2035 1691 50.
2077 1635 2210 1693 Era
2247 1637 2370 1706 858,
2401 1639 2770 1699 Romanorum
2794 1643 2864 1702 65
2887 1643 3204 1718 Αρέἰωειηιε
3229 1649 3463 1724 imperio

1875 1737 2184 1800 coronatur,
2213 1747 2443 1803 regnans
2476 1734 2635 1791 annis
2665 1745 2902 1808 septem,
2927 1739 3164 1810 peractis
3189 1757 3221 1797 a
3249 1743 3458 1814 princi-

1874 1820 1966 1892 pio
1991 1822 2176 1878 mundi
2201 1823 2356 1879 annis
2379 1823 2539 1881 5905.
2571 1823 2740 1896 Hujus
2766 1830 3100 1900 temporibus
3127 1831 3183 1887 in
3204 1847 3314 1889 aera
3333 1833 3460 1902 738,

1877 1925 2020 1967 anno
2062 1912 2273 1984 imperii
2317 1912 2432 1984 ejus
2471 1916 2664 1987 primo,
2703 1917 2946 1976 Arabum
2975 1919 3072 1989 72,
3107 1923 3376 1996 simulque
3409 1931 3465 1983 et

1876 2003 2040 2060 tertio
2070 2013 2266 2076 coepto,
2306 2016 2564 2078 regnante
2593 2007 2908 2068 Abdamelic
2941 2027 3066 2068 ann.
3095 2015 3164 2070 17
3183 2017 3235 2083 ιι,
3263 2013 3465 2075 Witiza

1876 2093 2148 2180 decrepito
2177 2094 2292 2166 jam
2317 2105 2470 2169 patre
2503 2099 2706 2168 pariter
2739 2111 2927 2173 regnat
2957 2121 2970 2158 :
3001 2101 3094 2174 qui
3131 2105 3186 2162 in
3217 2121 3326 2163 atra
3359 2107 3464 2168 739

1875 2185 2164 2274 supralata:
2187 2189 2354 2246 cladis
2374 2205 2481 2246 non
2507 2189 2742 2249 ferentes
2760 2195 3008 2264 exitium,
3029 2213 3131 2270 per
3149 2199 3464 2272 Hispaniam

1875 2293 1907 2334 e
1941 2279 2141 2349 palatio
2170 2281 2440 2352 vagitant,
2479 2295 2584 2353 qua
2615 2283 2680 2338 de
2714 2299 2874 2341 causa
2908 2287 3126 2358 propria
3159 2291 3334 2348 morte
3367 2291 3464 2349 de-

1874 2386 2030 2428 cesso
2057 2370 2172 2442 jam
2209 2377 2394 2445 patre,
2423 2373 2802 2434 ﬂorentissime
2839 2379 3144 2450 supralatos
3167 2397 3268 2454 per
3290 2395 3464 2443 annos

1875 2483 2102 2541 regnum
2127 2479 2434 2542 retemptat,
2466 2481 2628 2544 atque
2653 2475 2830 2530 omnis
2868 2475 3126 2548 Hispania
3148 2478 3346 2550 gaudio
3374 2477 3463 2535 ni-

1873 2559 1985 2615 mio
2011 2559 2152 2618 freta
2173 2561 2427 2619 alacriter
2449 2563 2681 2620 laetatur.
2707 2563 2815 2622 Per
2838 2567 2980 2623 idem
3002 2574 3216 2639 tempus
3241 2565 3463 2626 Gunde-

1873 2647 2020 2706 ricus
2050 2651 2202 2708 urbis
2229 2653 2390 2722 regia:
2410 2653 2683 2712 Toletanae
2705 2655 2848 2714 sedis
2872 2659 3317 2730 metropolitanus
3341 2659 3462 2734 epi-

1873 2755 2069 2834 scopas
2117 2743 2488 2834 sanctimoniae
2539 2746 2680 2802 dono
2722 2746 2947 2806 illustris
2995 2749 3257 2820 habetur,
3302 2755 3358 2809 et
3403 2751 3463 2810 in

1873 2831 2061 2887 multis
2088 2833 2426 2890 mirabilibus
2455 2841 2644 2892 auctor
2667 2837 2989 2894 celebratur.

1876 2925 1880 2928 ’
1944 2925 2034 2982 51.
2065 2919 2198 2982 Era
2225 2925 2348 2997 745,
2379 2927 2746 2987 Romanorum
2773 2929 2862 3000 6-1,
2888 2933 2981 3006 qui
3001 2941 3056 2991 et
3088 2932 3463 3004 61,.Ju'stinia-

1875 3033 1978 3114 nus
2025 3019 2176 3090 copia
2220 3029 2276 3075 et
2321 3021 2521 3078 virtute
2565 3023 2832 3082 Gazaru'm
2885 3027 3176 3086 auxiliatus
3226 3030 3458 3104 imperio

1875 3113 2230 3176 restauratur,
2269 3127 2502 3184 regnans
2539 3113 2734 3172 iterum
2763 3117 2920 3174 annis
2968 3118 3176 3188 decem,
3216 3123 3458 3194 peractis

1497 3232 1774 3307 ωεηίιηω
1801 3243 1850 3313 c
1879 3217 1910 3258 a
1937 3203 2204 3313 piinC'ipio
2238 3205 2424 3260 mundi
2448 3207 2608 3313 annis
2635 3205 2796 3311 8915,

1946 3293 2036 3352 32.
2084 3295 2254 3367 Hujus
2293 3298 2626 3368 temporibus
2646 3299 2702 3354 in
2727 3315 2836 3356 mra
2877 3317 3042 3374 supra
3088 3302 3254 3372 dicta,
3309 3321 3455 3362 anno

1875 3383 2089 3458 imperii
2118 3383 2236 3456 ejus
2260 3387 2458 3458 primo,
2491 3387 2732 3453 Arabum
2762 3389 2852 3457 89,
2899 3392 3040 3463 apud
3087 3393 3296 3452 Arabes
3344 3393 3459 3453 Ulit

1872 3494 2100 3550 regnum
2132 3485 2442 3549 retemptat.
2475 3479 2534 3536 ln
2561 3479 2837 3552 Hispaniis
2874 3497 3004 3540 vero
3025 3485 3216 3557 quinto
3239 3484 3454 3544 decimo

1873 3590 2017 3630 anno
2045 3569 2245 3630 Witiza
2281 3583 2598 3645 perseverat
2621 3574 2675 3632 in
2707 3591 2892 3648 regno.

1944 3667 2034 3725 53.
2072 3665 2242 3738 Hujus
2285 3668 2639 3739 temporibus,
2669 3669 2726 3725 in
2764 3685 2874 3728 tera
2902 3669 3028 3738 748,
3055 3686 3198 3729 anno
3241 3669 3461 3745 imperii

1871 3758 2165 3818 Iustiniani
2187 3760 2371 3824 tertio,
2403 3759 2642 3817 Arabum
2673 3761 2764 3829 91,
2796 3761 2910 3818 Uiit
2934 3771 3148 3836 sceptra
3174 3765 3326 3836 regni
3349 3763 3450 3822 Sa-

1874 3868 2217 3932 racenorum,
2261 3853 2556 3908 secundum
2581 3854 2726 3926 quod
2753 3863 3079 3926 expoSuerat
3129 3864 3282 3928 pater
3312 3855 3450 3927 ejus,

1873 3953 2109 4018 quatuor
2151 3959 2252 4016 per
2298 3961 2469 4002 annos
2497 3945 2866 4018 belligerando
2909 3957 3100 4021 gentes
3132 3945 3246 4018 jam
3291 3963 3460 4022 regno

1872 4044 2034 4097 aucto
2060 4040 2076 4080 ί
2111 4037 2295 4094 multis
2319 4037 2616 4096 honoribus
2634 4039 2894 4112 praeditus
2914 4040 3208 4110 triumphat
3231 4057 3329 4112 per
3353 4056 3454 4097 an-

1874 4147 1974 4189 nos
2032 4148 2246 4189 novem.
2297 4131 2394 4189 Vir
2455 4132 2622 4189 totius
2669 4130 2970 4203 prudentiae
3018 4131 3075 4186 in
3129 4132 3464 4203 exponendis

1875 4224 2222 4292 exercitibus,
2270 4233 2483 4281 tantum
2539 4234 2594 4280 ut
2633 4240 2754 4280 cum
2799 4223 2981 4279 divino
3017 4238 3212 4294 expers
3269 4223 3456 4281 favore

1875 4325 2030 4383 esset,
2082 4329 2222 4387 pene
2252 4316 2496 4372 omnium
2539 4316 2780 4388 gentium
2829 4315 3050 4372 sibimet
3097 4315 3466 4386 proximarum

1875 4410 2133 4465 virtutem
2165 4405 2179 4458 ἱ
2225 4407 2590 4481 confregerit:
2626 4407 3056 4480 Romaniamque
3101 4407 3245 4464 inter
3282 4407 3464 4462 omnia

1879 4500 2098 4558 assidua
2153 4499 2452 4556 vastatione
2501 4499 2731 4556 debilem
2771 4499 2940 4556 fecit:
2995 4497 3201 4556 insulas
3247 4513 3465 4570 quoque

1796 4603 1854 4669 ι)
1877 4607 2044 4665 prope
2073 4593 2143 4650 ad
2171 4591 2635 4665 consumptionem
2675 4591 2896 4648 adduxit
2921 4609 2935 4646 :
2979 4589 3143 4648 India:
3176 4591 3313 4646 ﬁnes
3341 4601 3465 4647 vas-

1882 4683 2047 4740 tando
2093 4683 2372 4740 edomuit:
2415 4683 2664 4740 civitates
2709 4681 2777 4739 ad
2825 4681 3039 4737 irritam
3083 4681 3320 4751 inopiam
3369 4681 3465 4737 ad-

1881 4777 2034 4834 duxit
2062 4790 2077 4830 :
2105 4774 2338 4832 Castella
2387 4774 2698 4832 obsessione
2749 4771 2984 4828 aﬁlixit:
3027 4772 3084 4828 in
3132 4763 3316 4846 Libya:
3363 4773 3464 4827 an-

1881 4869 2146 4927 lractibus
2187 4884 2402 4924 omnem
2437 4865 2814 4923 Mauritaniam
2859 4862 3186 4936 subiugavit.
3221 4862 3280 4918 lu
3319 4861 3466 4919 occl-

1882 4961 2004 5018 duis
2027 4976 2242 5033 quoque
2269 4959 2512 5030 partibus
2548 4971 2772 5029 regnum
2792 4955 3090 5012 Gothorum
3129 4948 3350 5033 antiqua
3379 4957 3468 5010 so-

1884 5032 2090 5106 liditate
2137 5064 2276 5120 pene
2301 5063 2400 5120 per
2442 5051 2714 5104 trecentos
2746 5045 3134 5117 quinquaginta
3185 5032 3358 5100 annos
3397 5045 3467 5101 ab

1884 5143 2020 5200 [Era
2065 5140 2595 5214 quadringentesima
2633 5137 2701 5194 ab
2735 5137 2958 5194 exordio
2992 5143 3046 5192 et
3081 5136 3350 5208 principio
3377 5135 3462 5192 sui

1887 5235 2202 5301 ﬁrmatum;
2233 5229 2375 5304 apud
2419 5227 2706 5303 Hispanias
2742 5243 2871 5285 vero
2923 5243 2954 5284 a
2989 5225 3295 5300 Liuvigildo
3323 5222 3464 5299 pene

1886 5340 1986 5397 per
2029 5334 2249 5382 centum
2293 5322 2650 5394 quadraginta
2695 5336 2868 5378 annos
2915 5320 3140 5392 paciﬁca
3191 5334 3364 5392 usque
3409 5318 3469 5376 in

1887 5435 2052 5476 seram
2091 5417 2194 5474 750
2226 5423 2556 5488 porrectum,
2591 5429 2691 5488 per
2737 5415 2930 5472 ducem
2958 5413 3046 5473 sui
3065 5414 3342 5473 exercitus
3360 5424 3470 5470 no-I

1965 5581 1986 5622 ί
2025 5579 2135 5647 AL,
2165 5577 2259 5634 sub
2287 5575 2429 5633 dolo.

1963 5656 1990 5696 ε
2025 5652 2110 5720 Β.,
2177 5650 2267 5706 uia
2292 5648 2554 5704 innoxios.

1957 5725 1989 5766 ιι
2015 5721 2102 5778 C..
2129 5667 2214 5777 ἃ).

1967 5797 1980 5835 ί
2134 5761 2452 5846 mirabiliter
2469 5791 2696 5846 auctior.

1966 5866 1979 5918 i
2015 5866 2077 5922 B.
2089 5905 2103 5933 ,
2134 5864 2341 5918 virtute.

2503 5944 2538 5978 ο
