3950 6308
163 491 300 545 1205

1567 478 1979 538 CHRONICO‘N.

3279 488 3420 548 1266

163 599 448 667 etpactum
472 584 618 663 quod
641 588 844 646 dudum
879 590 948 647 ab
970 587 1279 645 Abdallaziz
1314 596 1616 660 acceperat,
1646 587 1739 643 ﬁr-
1760 594 1819 655 Α
1841 592 2043 664 Hispali
2096 594 2300 651 divitiis
2350 604 2406 652 et
2462 597 2729 653 honorum
2774 599 3011 657 fascibus
3057 615 3181 658 cum
3234 606 3422 676 regina

164 688 321 744 miter
348 686 415 741 ab
455 699 522 740 eo
550 689 851 753 reparatur.
911 681 1108 753 Sicque
1150 682 1414 737 hactenus
1458 688 1738 753 permanet
1838 686 2107 759 Hispanim
2125 688 2180 744 in
2208 687 2458 759 conjugio
2484 691 2751 759 copulata,
2770 691 2906 750 tilias
2933 707 3120 767 regum
3144 710 3208 753 ac
3221 697 3423 767 princi.
3495 691 3513 743 ί

163 779 452 845 stabilitus,
494 785 556 833 ut
601 776 908 832 nullatenus
961 792 994 830 a
1047 775 1452 831 successoribus
1497 773 1739 829 Arabum
1835 791 1964 848 pum
1989 778 2297 849 pellicatas,
2324 788 2381 835 ct
2406 781 2775 853 imprudenter
2815 784 3104 842 distractas
3132 795 3422 858 :estuaret,

163 877 328 927 tanta:
352 869 437 925 vis
458 866 1153 939 proligationis‘solvatur,
1167 873 1222 922 et
1241 865 1319 922 sic
1340 865 1409 921 ad
1426 863 1741 936 Hispaniam
1803 897 1815 908 -
1840 869 2104 927 seditione
2148 888 2369 928 suorum
2426 873 2590 943 facta,
2641 875 2874 932 orationi
2923 877 3159 945 instans,
3197 881 3425 938 consilio

162 969 370 1022 remeat
388 960 784 1031 gaudibundus.

164 1088 173 1097 -
231 1056 322 1113 59.
349 1052 706 1111 Athanaildus
723 1062 848 1125 post
873 1060 1107 1110 mortem
1132 1052 1303 1124 ipsius
1328 1050 1485 1107 multi
1517 1050 1745 1107 honoris

1839 958 1979 1030 Ajub
2000 962 2298 1018 occiditur:
2323 972 2485 1035 atque
2508 982 2573 1022 eo
2594 966 2912 1038 Hispaniam
2936 969 3224 1053 retinente,
3238 986 3431 1029 mense

1842 1052 2081 1125 impleto,
2114 1055 2319 1114 Alahor
2354 1059 2409 1114 in
2440 1075 2605 1131 regno
2653 1060 2928 1132 Hesperia:
2970 1052 3430 1136 perprincipalia

159 1156 221 1204 et
251 1144 639 1218 magnitudinis
663 1145 912 1201 habetur.
940 1144 1074 1200 Erat
1098 1144 1243 1200 enim
1267 1143 1321 1197 in
1341 1142 1593 1199 omnibus
1610 1156 1743 1210 opu-
1834 1142 1987 1213 jussa
2002 1148 2256 1214 succedit,
2274 1149 2360 1203 cui
2383 1149 2635 1206 demortc
2658 1151 2965 1208 Abdallaziz
2987 1154 3059 1209 ita
3083 1154 3335 1223 edicitur,
3365 1163 3431 1213 ut

166 1237 502 1295 lentissimus
520 1237 787 1303 dominus,
811 1245 868 1293 et
887 1235 942 1292 in
964 1235 1096 1307 ipsis
1116 1234 1342 1290 nimium
1365 1232 1609 1305 pecuniae
1634 1231 1746 1288 dis-

161 1338 424 1404 pensator
451 1348 467 1385 :
497 1329 594 1386 sed
617 1338 739 1401 post
768 1329 1041 1386 modicum
1070 1328 1400 1385 Alhoozzam
1426 1341 1525 1381 rex
1552 1324 1746 1397 Hispa-

162 1420 315 1477 niam
356 1416 707 1492 aggrediens,
736 1420 919 1476 nescio
963 1434 1073 1491 quo
1112 1417 1299 1475 furore
1334 1423 1587 1487 arreptus
1602 1457 1617 1481 ,
1637 1429 1747 1472 non

161 1511 409 1568 modicas
442 1509 668 1581 injurias
702 1511 760 1567 in
784 1525 909 1567 eum
934 1510 1137 1577 attulit,
1159 1516 1216 1567 et
1238 1510 1294 1565 in
1315 1516 1400 1564 ter
1417 1508 1607 1564 novies
1625 1505 1749 1563 mil-

161 1600 239 1658 lia
260 1601 560 1659 solidorum
571 1602 867 1660 damnavit.
892 1601 1210 1672 Quoﬁaudito
1230 1600 1503 1657 exercitus
1512 1598 1606 1670 qui
1623 1612 1749 1653 cum

163 1694 305 1750 duce
333 1694 482 1766 Belgi
508 1694 860 1762 advenerant,
885 1695 987 1751 sub
1014 1693 1189 1765 spatio
1210 1691 1326 1748 fere
1351 1691 1517 1747 trium
1537 1690 1750 1746 dierum

159 1786 353 1842 omnia
393 1793 606 1858 parant,
629 1794 686 1842 et
726 1786 891 1844 citius
916 1786 987 1842 ad
1014 1785 1363 1850 Alhoozzam,
1393 1788 1752 1854 cognomento

160 1878 522 1946 Abulchatar,
551 1878 784 1948 gratiam
805 1878 835 1919 ιι
866 1886 1145 1944 revocant,
1171 1875 1507 1946 diversisque
1536 1871 1753 1929 muniﬁ-

157 1958 471 2028 cationibus
504 1971 902 2027 remunerando
937 1970 1250 2026 sublimant.

234 2061 329 2119 40.
362 2060 715 2132 Supradictus
736 2061 848 2119 Ulit
868 2061 1341 2119 Amiralmuminin
1366 2059 1532 2133 (quod
1555 2059 1752 2116 idioma

155 2154 323 2225 regni
348 2154 406 2210 in
425 2154 607 2225 lingua
627 2170 816 2211 eorum
839 2163 1058 2212 resonat
1081 2156 1258 2211 omnia
1279 2170 1523 2226 prospere
1547 2150 1754 2224 gerens)

154 2242 415 2315 pmvisis
442 2254 466 2284 ο
508 2244 678 2315 copiis
721 2244 1098 2301 universarum
1142 2243 1407 2315 gentium,
1432 2258 1535 2299 nec
1563 2256 1673 2297 non
1699 2246 1757 2297 et

160 2352 401 2395 munera
433 2337 706 2409 Hispania:
722 2353 845 2395 cum
870 2338 1172 2411 puellarum
1193 2337 1488 2394 decoritate
1517 2335 1622 2392 sibi
1661 2349 1757 2391 ex-

156 2428 365 2496 hibita,
389 2437 446 2486 et
470 2429 527 2485 in
550 2430 726 2488 oculis
750 2429 868 2501 ejus
893 2430 1187 2502 praevalida
1233 2429 1377 2485 fama
1410 2429 1755 2501 parvipensa,

157 2522 301 2579 dum
321 2537 446 2578 cum
474 2524 760 2583 tormentis
787 2524 1130 2595 plectendum
1156 2524 1318 2581 morti
1339 2522 1633 2593 adiudicat,
1655 2522 1760 2578 im-

154 2619 386 2686 petratu
435 2625 537 2683 pro
588 2627 656 2671 eo
701 2613 997 2685 praesulum
1045 2612 1132 2669 vel
1187 2613 1510 2684 optimatum
1563 2611 1761 2682 quibus

162 2702 344 2761 multa
373 2718 441 2761 ex
472 2703 580 2761 illis
606 2702 1031 2762 aﬁluentissimis
1062 2704 1264 2760 divitiis
1300 2704 1443 2761 bona
1465 2703 1758 2767 obtulerat,

161 2794 323 2852 mille
338 2794 503 2851 millia
522 2802 580 2852 et
588 2795 771 2854 decies
789 2804 1018 2853 centena
1031 2794 1201 2853 millia
1222 2792 1515 2852 solidorum
1531 2805 1761 2848 numero

159 2885 455 2954 damnans,
475 2886 585 2945 Ulit
606 2888 729 2943 vitae
753 2886 1045 2945 terminum
1071 2888 1249 2945 dando
1270 2902 1302 2943 e
1330 2886 1528 2944 saeculo
1542 2884 1777 2956 migrat;

159 2975 331 3045 Quod
366 2976 458 3034 ille
492 2977 718 3036 consilio
746 2977 1068 3036 nobilissimi
1102 2978 1208 3034 viri
1244 2977 1470 3043 Urbani,
1491 2976 1764 3033 Africana:

163 3069 413 3142 regionis
435 3070 537 3127 sub
557 3069 811 3141 dogmate
835 3067 1114 3127 cathon
1139 3067 1263 3126 ﬁdei
1285 3068 1484 3134 exorti,
1508 3066 1604 3138 qui
1635 3082 1763 3123 cum

158 3174 232 3218 eo
270 3168 499 3218 cunctas
522 3161 795 3232 Hispania:
836 3162 1221 3219 adventaverat
1246 3160 1475 3231 patrias,
1516 3166 1758 3229 accepto,

159 3250 556 3322 complendum
603 3266 704 3324 pro
747 3250 918 3308 nihilo
962 3258 1202 3321 exoptat,
1241 3259 1403 3322 atque
1447 3264 1548 3321 pro
1591 3249 1763 3307 multa

1843 1238 1999 1310 quasi
2028 1239 2253 1295 consilio
2274 1239 2514 1312 Egilonis
2548 1244 2710 1314 regiae
2738 1243 2983 1316 conjugis
3015 1247 3286 1317 quondam
3317 1248 3430 1304 Ru-

1846 1335 2014 1391 derici
2042 1336 2205 1416 regis,
2235 1352 2399 1407 quam
2424 1337 2529 1394 sibi
2570 1338 3100 1410 sociaverat,jugum
3135 1320 3431 1397 Arabicum

1847 1418 1880 1484 a
1916 1443 2015 1484 sua
2042 1429 2252 1485 cervice
2280 1438 2567 1487 conaretur
2592 1440 2838 1488 avertere
2868 1435 2918 1500 ⁸,
2941 1441 2998 1489 et
3033 1448 3258 1505 regnum
3286 1432 3432 1490 inva-

1848 1538 1970 1581 sum
1994 1524 2230 1582 Hiberiae
2254 1526 2474 1585 sibimet
2492 1536 2838 1603 retemptare.

1870 1706 1875 1713 .
1919 1636 2010 1694 43.
2034 1636 2171 1695 Era
2196 1638 2319 1705 754,
2350 1640 2717 1699 Romanorum
2739 1644 2808 1699 64
2833 1602 3164 1716 Philippicas
3200 1641 3435 1716 imperio

1849 1737 2145 1788 coronatur
2170 1745 2407 1802 regnans
2425 1733 2662 1790 civiliter
2684 1737 2960 1806 quadrans
2978 1753 3105 1794 cum
3124 1752 3287 1801 anno,
3309 1751 3435 1807 pcr-

1853 1821 1992 1876 actis
2017 1836 2051 1876 a
2084 1821 2352 1892 principio
2380 1824 2567 1879 mundi
2605 1826 2763 1882 annis
2783 1826 2941 1883 5916.
2972 1826 3144 1897 Hujus
3194 1835 3437 1897 tempore

1774 1955 1831 2020 Β
1854 1912 1909 2020 in
1932 1928 2041 2020 atra
2062 1914 2358 2020 supralata,
2381 1931 2523 1975 anno
2544 1918 2830 1991 Philippici
2860 1922 3056 1993 primo,
3079 1921 3322 1978 Arabum
3345 1922 3439 1988 98,

1854 2003 2130 2087 Zulemam
2155 2004 2550 2064 Saracenorum
2576 2022 2744 2082 regno
2774 2018 3038 2082 retempto
3068 2022 3253 2084 regnat
3283 2011 3442 2067 annis

1857 2098 2051 2156 tribus.
2087 2098 2296 2155 Arabes
2326 2100 2643 2157 Romaniam
2693 2104 2893 2161 acriter
2934 2106 3282 2175 populantur.
3312 2106 3443 2161 Per-

1858 2205 2076 2263 gamum
2101 2192 2535 2262 antiquissimam
2556 2210 2620 2250 ac
2655 2194 3094 2252 florentissimam
3134 2196 3277 2253 Asia:
3304 2197 3440 2252 civi-

1859 2287 2026 2337 tatem
2064 2281 2247 2339 ultrici
2277 2285 2527 2341 incendio
2551 2295 2902 2344 concremant
2928 2289 2979 2341 ιι.
3004 2287 3176 2358 Hujus
3201 2296 3447 2361 tempore

1858 2371 2063 2431 Alahor
2084 2390 2183 2445 per
2204 2374 2519 2448 Hispaniam
2545 2376 2779 2435 lacertos
2802 2377 3050 2448 iudicum
3069 2380 3256 2447 mittit,
3279 2388 3446 2452 atque

1861 2464 2179 2523 debellando
2207 2474 2264 2522 ct
2296 2467 2631 2538 paciﬁcando
2671 2485 2810 2540 pene
2847 2485 2945 2541 per
2968 2480 3082 2527 tres
3121 2486 3293 2528 annos
3316 2470 3445 2535 Gal-

1861 2555 1992 2645 liam
2035 2556 2443 2616 Narhonenscm
2490 2562 2631 2632 petit
2652 2602 2669 2629 ,
2720 2570 2778 2619 et
2831 2563 3093 2634 paulatim
3127 2564 3445 2635 Hispaniam

1861 2646 2174 2706 ulteriorem
2201 2652 2484 2722 vectigalia
2509 2654 2781 2722 censendo
2805 2671 3166 2728 componens,
3196 2657 3265 2713 ad
3287 2656 3449 2713 Hibe-

1862 2740 2000 2796 riam
2031 2741 2341 2800 citeriorem
2367 2759 2426 2801 se
2453 2746 2685 2818 subrigit
2719 2750 2763 2816 ί,
2788 2762 3024 2821 regnans
3055 2764 3229 2805 annos
3257 2764 3451 2819 supra-

1863 2831 2118 2903 scriptos.

1935 2944 2027 2999 44.
2068 2943 2201 3002 Era
2230 2946 2355 3015 756,
2384 2948 2757 3008 Romanorum
2799 2951 2868 3008 65
2907 2953 3231 3009 Anastasius
3279 2953 3452 3024 impc-

1865 3035 1949 3092 rio
1973 3045 2267 3097 coronatur
2288 3079 2303 3105 ,
2337 3055 2569 3110 regnans
2588 3042 2820 3098 civiliter
2860 3036 3095 3100 dodrans
3122 3059 3247 3099 cum
3287 3060 3450 3113 anno,

1865 3132 2103 3201 peractis
2132 3147 2164 3186 a
2191 3131 2461 3205 principio
2480 3136 2669 3192 mundi
2710 3136 2870 3193 annis
2920 3137 3081 3194 5918.
3112 3137 3282 3208 Hq'us
3308 3144 3452 3192 tem-

1867 3223 2092 3294 poribus
2118 3222 2401 3281 Zulemam
2432 3225 2675 3282 Arabum
2697 3242 2925 3300 regnum
2947 3236 3137 3284 tenens
3161 3226 3333 3283 ﬁlium
3357 3243 3455 3299 pa-

162 3313 455 3416 opul'emia
477 3313 671 3416 ωηιξη
698 3344 1011 3416 imposimm
1053 3313 1198 3402 6mm"
1235 3313 1547 3401 exi’sﬁqu“
1579 3344 1764 3415 sicque
1786 3321 1837 3388 ο
1868 3313 1978 3368 trui
1998 3313 2166 3370 Omar
2192 3316 2430 3416 nomine,
2457 3317 2801 3416 vel-fratrem
2830 3316 2947 3416 ejus
2972 3318 3073 3373 lzit
3106 3319 3210 3416 sibi
3239 3333 3457 3375 succes-

167 3434 529 3505 ﬁdejussores
552 3436 731 3497 dando
758 3452 857 3508 per
881 3452 1009 3494 suos
1027 3437 1253 3495 libertos
1278 3437 1584 3509 congeriem
1610 3453 1767 3493 num-

168 3543 398 3585 morum
431 3528 755 3593 dinumerat,
780 3536 945 3598 atque
978 3528 1118 3585 mira
1145 3527 1431 3585 velocitate
1458 3528 1769 3600 impositura

167 3619 394 3691 pondus
429 3626 645 3677 exactat
676 3617 726 3686 δ,
755 3618 946 3690 sicque
985 3620 1319 3677 successoris
1367 3627 1609 3692 tempore
1635 3619 1770 3677 ﬁsco

169 3713 446 3784 assignat.
1712 3768 1717 3773 .

244 3803 344 3859 41.
377 3806 394 3825 ⁶
431 3814 455 3844 ο
482 3803 654 3883 Hujus
680 3804 1016 3875 temporibus
1045 3804 1099 3859 in
1137 3818 1248 3859 tera
1276 3803 1403 3871 752,
1436 3808 1451 3827 ⁶
1482 3819 1625 3860 anno
1670 3804 1774 3860 im-

168 3895 322 3967 perii
349 3892 470 3966 ejus
492 3904 704 3962 octavo,
731 3895 973 3953 Arabum
1002 3896 1092 3965 96,
1119 3896 1227 3953 Ulit
1253 3905 1469 3953 mortuo
1494 3895 1773 3951 Zulemam

168 3987 446 4060 sanguine
471 3986 641 4044 frater
666 3988 963 4047 honoriﬁce
986 3989 1282 4046 secundum
1313 3989 1619 4059 expositum
1665 3988 1775 4043 fra-

172 4080 286 4136 tris
313 4079 558 4136 succedit
582 4080 638 4137 in
665 4096 854 4153 regno.
895 4081 1106 4152 Regnat
1130 4096 1257 4136 ann.
1284 4080 1340 4135 5.
1396 4079 1497 4135 Hic
1547 4078 1777 4137 infestus

172 4170 486 4240 Romaniae,
513 4170 741 4230 fratrem
781 4187 892 4228 non
924 4172 991 4228 de
1019 4172 1185 4227 simili
1220 4179 1395 4228 matre
1434 4172 1776 4243 progenitum

174 4264 495 4322 Muzzilima
518 4265 770 4338 nomine,
787 4281 912 4322 cum
932 4274 1152 4322 centum
1179 4265 1416 4321 millibus
1442 4273 1777 4320 armatorum

173 4355 253 4413 ad
283 4356 571 4414 delendam
595 4357 917 4414 Bomaniam
938 4356 1126 4413 mittit.
1166 4355 1268 4412 Hic
1293 4356 1612 4428 Pergamum
1640 4358 1782 4412 anti-

173 4449 497 4521 quissimam
522 4458 571 4505 et
600 4450 1029 4520 ﬂorentissimam
1074 4449 1215 4504 Asiw
1243 4449 1502 4504 ciuitatem
1525 4447 1659 4504 bello
1684 4449 1782 4504 im-

174 4543 405 4615 petitam
424 4542 601 4614 gladio
622 4542 785 4599 simul
812 4557 936 4598 cum
959 4543 1083 4613 igne
1109 4541 1285 4598 ﬁnivit
1312 4541 1613 4597 seductione
1633 4540 1785 4597 dece-

174 4644 333 4705 ptam
384 4632 429 4687 ί.
479 4633 680 4691 Deinde
723 4634 1249 4705 Constantinopolim
1294 4649 1615 4705 properans,
1655 4634 1784 4689 dum

1867 3420 2021 3462 seres
2065 3406 2219 3477 regni
2271 3408 2519 3465 adciscit.
2562 3410 2622 3466 In
2652 3410 2912 3481 Hispania
2939 3426 3071 3467 vero
3096 3410 3301 3467 Alahor
3340 3410 3457 3481 jam

1868 3499 2045 3556 dictus
2067 3499 2351 3570 patriciam
2376 3499 2390 3551 i
2424 3500 2724 3558 Cordobam
2739 3503 3049 3561 obseditans
3061 3504 3459 3558 Saracenorum

1870 3592 2203 3663 disponendo
2232 3609 2458 3665 regnum
2494 3604 2784 3667 retemptat
2817 3597 2867 3662 ιι,
2892 3604 3056 3666 atque
3084 3611 3172 3652 res
3201 3595 3407 3650 ablatas
3434 3593 3455 3634 ι

1868 3690 2126 3763 paeiﬁcas
2159 3690 2487 3749 Christianis
2523 3693 2593 3748 ob
2621 3693 2902 3764 vectigalia
2940 3693 3211 3749 thesauris
3230 3691 3463 3762 publicis

1872 3782 2154 3840 inferenda
2184 3784 2470 3841 instaurat.
2504 3784 2706 3841 Mauris
2744 3786 2946 3841 dudum
2990 3784 3279 3855 Hispanias
3308 3799 3460 3838 com-

1871 3864 2180 3939 meantibus
2206 3892 2396 3948 pmnas
2415 3892 2516 3949 pro
2566 3878 2837 3933 thesauris
2885 3877 3167 3933 absconsis
3216 3877 3461 3946 irrogat:

1874 3981 2039 4042 atque
2081 3972 2135 4025 in
2158 3971 2335 4043 cilicio
2356 3981 2412 4026 et
2440 3970 2643 4037 cinere,
2693 3970 2970 4026 vermibus
3015 3968 3100 4026 vel
3127 3967 3392 4041 pcdiculis
3420 3977 3462 4005 ιιι

1875 4065 2296 4122 scaturientibus
2322 4062 2571 4135 alligatos
2593 4062 2650 4117 in
2678 4076 2898 4118 carcere
2926 4070 2982 4117 et
3008 4061 3217 4117 catenis
3240 4067 3467 4115 onustos

1877 4165 2209 4228 retemptat;
2232 4166 2289 4214 et
2317 4156 2726 4228 quaestionando
2740 4196 2756 4223 ,
2787 4154 2873 4211 vel
2896 4155 3141 4211 diversas
3163 4167 3353 4224 poenas
3381 4151 3466 4208 in-

1876 4249 2121 4316 ferendo,
2153 4248 2404 4320 ﬂagellat.

1947 4360 2039 4416 45.
2066 4361 2173 4416 Per
2184 4360 2327 4416 idem
2350 4367 2563 4430 tempus
2583 4359 2875 4430 incipiente
2889 4373 2997 4415 aera
3022 4356 3147 4423 757,
3174 4372 3317 4413 anno
3337 4356 3467 4412 Ara-

1879 4454 2012 4510 bum
2038 4451 2159 4520 100,
2211 4453 2269 4509 in
2295 4454 2557 4524 Hispania
2583 4454 2879 4525 deliquium
2908 4454 3039 4510 solis
3094 4454 3163 4509 ab
3190 4452 3325 4508 hora
3358 4450 3469 4507 dici

1882 4549 2111 4621 septima
2154 4562 2327 4619 usque
2373 4550 2429 4605 in
2453 4549 2645 4605 horam
2670 4565 2869 4605 nonam
2899 4548 3034 4612 ﬁeri,
3071 4546 3242 4603 stellis
3268 4544 3401 4603 visis
3436 4562 3468 4602 a

1808 4642 2161 4747 Dnonnullis
2198 4640 2367 4698 fuisse
2421 4641 2799 4713 dignoscitur;
2833 4656 2865 4696 a
2904 4639 3179 4712 plerisque
3216 4652 3325 4693 non
3364 4634 3505 4723 nisi,

174 4727 493 4798 periclitari
535 4743 593 4783 se
622 4728 852 4784 diversis
888 4728 1305 4785 necessitatibus
1333 4726 1639 4783 Manilium
1663 4743 1786 4798 pro-
1808 4726 1863 4747 ”
1888 4744 2133 4806 tempore
2171 4733 2352 4793 Zama:
2392 4733 2721 4790 successoris
2766 4733 2871 4789 hoc
2917 4730 3233 4805 apparuisse
3255 4729 3475 4787 convin-

176 4819 369 4891 spicit,
402 4819 625 4877 alterius
653 4819 911 4893 principis
932 4818 1089 4891 jussu
1113 4836 1226 4878 non
1276 4820 1505 4877 nimium
1553 4818 1788 4885 feliciter

178 4911 492 4984 repedavit.

258 5005 356 5062 42.
393 5006 497 5063 Per
525 5006 668 5064 idem
702 5015 932 5080 tempus,
965 5008 1024 5063 in
1075 5021 1187 5064 tera
1224 5005 1354 5071 753,
1381 5020 1525 5062 anno
1574 5005 1788 5078 imperii

178 5101 314 5172 ejus
364 5101 420 5169 9,
459 5101 701 5159 Arabum
732 5102 822 5169 97,
849 5100 1162 5158 Ahdallaziz
1204 5114 1423 5156 omnem
1470 5098 1788 5169 Hispaniam

176 5208 294 5267 per
337 5200 447 5251 tres
495 5208 665 5253 annos
713 5193 815 5249 sub
837 5192 1121 5249 censuario
1164 5190 1298 5265 jugo
1328 5188 1641 5261 paciﬁcans,
1662 5205 1789 5247 cum

209 5409 223 5421 ο
260 5349 299 5378 ι
336 5334 527 5420 §ic_H.
564 5334 757 5403 Μαι-0.,
792 5333 1202 5407 proﬂigationis.
1226 5331 1314 5401 B.,
1359 5338 1520 5386 tanta:
1555 5330 1657 5385 vim
1695 5348 1790 5402 per

179 5417 485 5481 .igatioms.

266 5477 302 5560 ξι
338 5478 422 5560 9.,
447 5476 939 5560 Abuliatarﬂratia.

270 5559 298 5621 ς
340 5548 528 5621 §and.,
553 5548 860 5621 prmptissis.

266 5619 301 5659 ά
341 5618 433 5691 Sic
454 5616 620 5674 Sand.
654 5619 750 5691 B.,,
770 5626 1000 5691 exoptat.
1026 5616 1120 5685 M.,
1145 5619 1395 5691 congerit.

271 5704 303 5731 θ
338 5690 625 5760 Asteriscis
650 5687 1080 5760 inclusaidesunt
1109 5687 1260 5760 apud
1284 5689 1353 5743 Μ.
1384 5698 1440 5744 et
1472 5687 1642 5760 Sand.

277 5760 299 5802 ί
343 5761 427 5832 Β.,
458 5759 559 5815 Hic
581 5760 767 5832 Asiam
787 5759 919 5832 bello
948 5757 1465 5832 impedit—anngladio
1491 5757 1649 5832 simpl
1670 5774 1789 5832 eam

177 5835 323 5902 igne
349 5831 533 5899 ﬁnivit,
554 5829 841 5901 dereptam.
872 5828 1033 5902 Deest
1066 5831 1122 5885 in
1150 5828 1213 5886 (Ξ.
1240 5828 1544 5902 άέοεριανι.
1566 5828 1786 5902 contio.

236 5900 402 5958 iclar.
434 5911 494 5955 ut
518 5902 573 5957 in
598 5900 767 5967 textu,
785 5901 985 5955 rectius
1005 5908 1185 5965 certe;
1208 5917 1332 5971 non
1344 5900 1501 5971 enim
1521 5900 1670 5971 Asia,
1693 5900 1790 5958 sed

168 5972 515 6045 supradicta
542 5973 735 6033 civitas
770 5970 1114 6045 Pergamum,
1137 5970 1313 6033 deleta
1331 5969 1452 6031 fuit.

1887 4830 2051 4887 citur.
3076 4878 3079 4881 .

1958 4920 2049 4976 46.
2080 4919 2215 4976 Era
2256 4918 2381 4984 757,
2412 4918 2782 4974 Romanorum
2812 4916 2881 4973 66
2902 4915 3239 4981 Arthemius,
3271 4914 3365 4987 qui
3417 4922 3476 4973 et

1888 5014 2247 5079 Theodosius,
2286 5011 2514 5082 imperio
2551 5018 2863 5074 coronatur,
2896 5022 3130 5079 regnans
3158 5007 3317 5062 annis
3342 5006 3477 5063 duo-

1888 5108 2010 5174 bus,
2042 5106 2277 5177 peractis
2302 5122 2331 5160 a
2357 5100 2624 5175 principio
2669 5101 2853 5157 mundi
2903 5100 3061 5155 annis
3110 5099 3270 5155 5920.
3303 5097 3476 5169 Hujus

1888 5200 2226 5273 temporibus
2249 5198 2469 5254 tutelam
2492 5197 2563 5252 ob
2584 5192 2999 5252 sanctimoniam
3020 5192 3155 5266 legis
3173 5207 3285 5249 sua:
3310 5190 3477 5248 Omar

1964 5342 1991 5380 ⁸
2012 5339 2083 5394 Μ.
2113 5346 2168 5392 et
2194 5334 2385 5395 δίψά..
2409 5343 2654 5390 evertere.

1962 5411 1991 5451 ιι
2018 5409 2154 5464 Vide
2175 5424 2325 5462 num.
2354 5406 2441 5461 Μ.

1970 5481 2112 5564 'i‘Sic
2139 5479 2272 5534 Mar.
2324 5488 2388 5553 ⁴ει
2426 5476 2617 5544 Sand.,
2657 5475 2745 5543 B.,
2791 5474 3027 5549 Iberiam
3066 5475 3362 5532 citeriorem
3422 5488 3477 5527 se

1890 5552 2126 5623 subﬁgit.
2328 5552 2331 5553 ⁷

1965 5622 1979 5672 l
2020 5623 2110 5687 Μ.,
2138 5622 2385 5687 patriam.

1965 5641 2113 5777 ligio
2133 5641 2489 5777 (lgneo
2509 5692 2927 5777 habet-regnum,
2954 5698 3007 5746 et
3031 5689 3150 5744 loco
3177 5682 3477 5742 obseditans

1889 5764 2043 5840 ponit
2064 5765 2349 5820 obsidione.
2377 5763 2469 5826 M.,
2501 5763 2767 5835 praesidio.

1973 5835 1989 5876 ι
2020 5836 2111 5891 Sic
2137 5836 2196 5890 Β.
2226 5834 2349 5900 Alii,
2378 5844 2534 5906 atque
2561 5833 2810 5894 resculas.
2836 5831 2934 5904 M.,
2956 5829 3196 5887 resialas.

1964 5921 2007 5954 ιιι
2036 5907 2121 5977 B.,
2146 5906 2475 5979 potiunculis.
