3950 6308
417 399 554 466 ηδτ

1051 388 1227 449 SEC.
1267 385 1385 446 VIII
1417 378 1992 443 AUCTORESANNI
2025 376 2322 436 lNCERTl.
2353 406 2427 420 —
2448 373 2702 434 ISIDORI
2732 372 3072 433 PACENSIS

3560 375 3707 437 ιω

412 507 572 568 fratri
591 503 801 565 suolzit
819 500 1029 575 gerenti
1053 496 1413 574 gubernacula
1438 493 1594 566 regni
1621 492 1670 575 ei
1699 489 1926 547 adciscit
1945 501 1995 543 α.
2024 492 2082 564 ᾼ
2105 487 2263 544 annis
2291 485 2458 549 .5944.
2507 485 2610 542 Hic
2647 485 2760 544 Leo
2807 487 3063 542 militaris
3102 484 3402 558 disciplina:
3445 498 3708 557 expert“

414 601 520 670 Qui
545 595 712 657 Omar
728 603 960 652 vacante
988 592 1134 649 omni
1157 587 1347 662 praalio
1373 593 1540 644 tantae
1564 581 1918 654 benignitatis
1944 587 2002 635 et

413 695 690 770 patientiae
739 690 796 747 in
837 704 1003 759 regno
1030 685 1271 751 exstitit,
1317 690 1378 736 ut
1406 681 1674 770 hactenus
1729 684 1914 770 tantus
1950 674 2002 770 ei

413 762 591 844 lionor
617 783 841 852 lausque
882 778 1170 842 referatur,
1201 781 1262 830 ut
1310 787 1419 828 non
1449 768 1625 824 solum
1675 782 1706 820 a
1735 766 1867 830 suis,
1907 762 2003 819 sed

417 881 582 936 etiam
608 878 676 932 ab
701 872 940 932 externis
971 885 1083 944 pra:
1109 867 1321 924 cunctis
1345 862 1631 920 retroactis
1665 857 2003 932 principibus

417 970 780 1028 beatiﬁcetur.
813 966 989 1022 Tanta
1018 969 1201 1016 autem
1228 955 1584 1015 sanctimonia
1617 951 1666 1008 ei
1690 948 2002 1013 ascribitur,

419 1068 622 1134 quanta
649 1057 783 1114 nulli
808 1068 1051 1126 unquam
1079 1067 1147 1109 ex
1175 1048 1418 1105 Arabum
1444 1051 1622 1116 gente.
1657 1041 1764 1134 Sed
1798 1039 1852 1093 in
1885 1051 2006 1109 reg-

417 1131 554 1224 num
575 1167 685 1208 non
702 1151 794 1207 diu
822 1143 1187 1220 gubernacula
1222 1146 1515 1214 prorogata
1542 1142 1673 1192 sunt
1698 1131 1753 1187 ι).

488 1223 580 1298 47.
603 1241 778 1314 Igitur
793 1232 1294 1310 lzitgubernaculis
1316 1229 1470 1304 regni
1488 1229 1889 1284 Saracenorum
1915 1223 2008 1280 de-

420 1335 642 1392 cedente
662 1333 829 1389 fratre
857 1346 956 1403 per
982 1328 1376 1386 successionem
1403 1322 1561 1394 plene
1587 1319 1842 1390 acceptis,
1856 1332 2012 1374 exer-

422 1427 565 1484 citus
587 1425 800 1498 generis
829 1423 913 1479 sui
941 1422 1033 1493 qui
1059 1420 1201 1492 apud
1242 1418 1436 1474 Persas
1463 1413 1690 1470 tutelam
1725 1411 2007 1482 gerebant,

420 1519 776 1577 rebellionem
817 1516 992 1572 moliti
1032 1513 1214 1570 civilia
1259 1515 1571 1583 praeparant
1611 1506 1791 1564 bella:
1826 1505 2012 1574 sicque

421 1599 653 1668 fratrem
679 1610 880 1666 dudum
905 1621 1068 1678 supra
1089 1605 1446 1665 nominatum,
1474 1599 1746 1655 bluzilima
1771 1596 2010 1662 nomine,

423 1718 549 1760 cum
577 1702 791 1758 infinito
815 1701 1062 1756 exercitu
1085 1699 1328 1762 mittens,
1360 1695 1416 1750 in
1437 1693 1644 1763 campis
1669 1691 2014 1764 Babylonicis

423 1809 591 1866 supra
625 1793 834 1866 Tigrim
854 1793 1078 1848 fluvium
1104 1806 1286 1863 pugna
1307 1787 1618 1852 commissa,
1649 1786 1835 1841 statim
1867 1785 2013 1841 acies

2103 580 2224 636 fuit.
2254 577 2514 635 Saraceni
2541 579 2641 634 sub
2668 578 2854 646 Omar,
2883 580 2975 648 qui
2999 578 3159 636 fratri
3186 595 3419 648 regnum
3450 579 3708 638 decreve-

2106 683 2218 741 rat,
2243 674 2313 729 ad
2341 673 2616 730 modicum
2640 673 2919 743 degentes,
2944 670 3083 728 nihil
3102 686 3428 743 prosperum
3456 682 3709 744 captant:

2107 767 2206 826 sub
2253 765 2354 822 Izit
2396 780 2525 822 vero
2569 763 2756 835 praelia
2804 762 2984 818 multa
3031 773 3371 834 exegerunt:
3399 764 3608 833 quibus
3659 775 3712 821 et

2106 869 2230 932 post
2268 859 2540 915 modicum
2585 859 2686 914 sub
2728 857 2949 913 Hiscam
2987 872 3085 912 suo
3122 871 3250 927 rege
3272 858 3474 911 urbem
3507 858 3714 927 regiam

2106 952 2525 1028 properantibus
2591 949 3014 1022 expugnandam
3046 986 3063 1014 ,
3135 946 3458 1017 reipublicae
3536 947 3714 1000 accla-

2110 1052 2291 1107 mante
2317 1043 2467 1100 omni
2489 1048 2682 1099 senatu
2713 1040 2825 1098 Leo
2847 1039 3084 1110 imperii,
3112 1045 3173 1095 ut
3195 1037 3459 1104 diximus,
3476 1037 3713 1108 suscepit

2110 1144 2348 1208 sceptra.
3423 1157 3432 1160 -

2182 1227 2272 1284 5i.
2313 1226 2485 1298 Hujus
2528 1226 2868 1299 temporibus
2909 1224 3012 1282 lzit
3056 1239 3156 1280 rex
3205 1222 3618 1280 Saracenorum
3663 1223 3716 1280 in

2113 1337 2226 1394 zera
2270 1320 2546 1392 suprafala
2594 1320 2749 1392 regni
2772 1318 3035 1390 primmva
3065 1317 3276 1373 obtinet
3301 1315 3714 1387 gubernacula:

2113 1416 2240 1473 talis
2283 1415 2432 1472 enim
2467 1415 2610 1472 inter
2635 1413 2846 1469 Arabes
2871 1420 3088 1467 tenetur
3114 1410 3392 1480 perpetim
3414 1425 3632 1474 norma,
3661 1416 3716 1463 ut

2115 1521 2224 1564 non
2268 1506 2376 1562 nisi
2422 1519 2521 1575 per
2566 1512 2793 1562 cunctas
2844 1517 3033 1573 regum
3078 1501 3466 1557 successiones
3515 1515 3716 1571 prtem-

2116 1599 2298 1673 gative
2344 1614 2375 1654 a
2425 1597 2670 1669 principe
2724 1596 3026 1666 percipiant
3083 1594 3360 1650 nomina.:
3400 1602 3466 1648 ut
3515 1607 3578 1648 eo
3626 1594 3716 1648 de-

2117 1692 2342 1752 cedente
2393 1690 2598 1761 absque
2643 1687 2900 1745 scandan
2943 1686 3142 1744 adeant
3527 1688 3716 1757 guber-

2117 1785 2334 1842 uacula.

421 1885 888 1961 tyrannizantium
937 1884 1078 1939 mira
1128 1881 1386 1939 dilabitur
1433 1878 1578 1949 fuga,
1605 1885 1770 1948 atque
1819 1877 2014 1932 ducem
2043 1865 2096 1938 Β
2189 1880 2279 1935 52.
2322 1879 2424 1935 Per
2470 1877 2611 1933 idem
2646 1884 2856 1946 tempus
2898 1876 2954 1930 in
2996 1889 3108 1930 arra
3156 1873 3282 1938 759,
3323 1888 3478 1928 anno
3512 1873 3715 1944 imperii

423 1979 649 2038 sceleris
675 1979 896 2035 nomine
922 1976 1021 2034 lzit
1071 1974 1522 2047 comprehensum
1559 1971 1717 2028 venia
1754 1983 2013 2042 concessa

425 2080 713 2130 reservant
735 2071 805 2127 ad
831 2071 1019 2128 vitam.

498 2163 588 2220 d8.
619 2163 772 2220 Tunc
813 2163 869 2218 in
897 2161 1207 2220 Occidentis
1242 2160 1493 2231 partibus
1539 2158 1710 2216 multa
1750 2158 1831 2215 illi
1871 2173 2015 2230 prm-

424 2257 609 2316 liando
632 2257 958 2330 proveniunt
984 2271 1264 2328 prospera,
1305 2264 1466 2326 atque
1487 2271 1585 2328 per
1621 2258 1811 2311 ducem
1849 2254 2015 2312 Zama

423 2348 647 2404 nomine
687 2355 799 2404 tres
822 2349 1002 2404 minus
1022 2349 1299 2421 paululum
1326 2363 1497 2404 annos
1531 2348 1588 2402 in
1615 2347 1874 2418 Hispania
1918 2348 2015 2402 du-

427 2445 611 2495 catum
651 2438 937 2495 habentem
957 2479 973 2506 ,
1017 2437 1330 2494 ulteriorem
1370 2437 1457 2493 vel
1497 2437 1811 2493 citeriorem
1853 2436 2017 2491 Hibe—

424 2529 566 2587 riam
588 2531 807 2602 proprio
832 2531 974 2603 stylo
998 2531 1068 2586 ad
1090 2530 1374 2602 vectigalia
1413 2528 1694 2586 inferenda
1734 2528 2011 2584 describit.

424 2620 638 2678 Praedia
668 2632 692 2662 ο
735 2629 792 2679 et
825 2621 1118 2688 manualia,
1157 2621 1242 2676 vel
1273 2621 1535 2690 quidquid
1580 2619 1710 2674 illud
1753 2628 1838 2675 est
1873 2619 2016 2689 quod

425 2713 560 2772 olim
579 2715 947 2785 praedabiliter
971 2715 1262 2771 indivisum
1292 2713 1654 2784 retemptabat
1678 2711 1732 2765 in
1758 2711 2017 2780 Hispania

428 2823 563 2878 gens
591 2808 767 2864 omnis
800 2808 1053 2872 Arabica,
1104 2816 1251 2863 sorte
1275 2806 1439 2862 sociis
1467 2804 1754 2860 dividendo
1786 2803 2019 2877 (partem

430 2899 653 2971 reliquit
697 2901 960 2956 militibus
1005 2896 1392 2970 dividendam),
1415 2905 1627 2967 partem
1672 2911 1740 2950 ex
1785 2895 1932 2951 omni
1959 2912 2018 2953 re

432 2991 621 3050 mobili
641 2999 697 3048 et
723 2991 988 3048 immobili
1025 2989 1158 3048 ﬁsco
1201 2991 1454 3046 associat.
1498 2989 1780 3045 Postremo
1812 2987 2020 3045 Narbo-

432 3095 658 3144 nensem
683 3075 915 3136 Galliam
957 3097 1111 3137 suam
1149 3079 1299 3146 facit,
1331 3088 1655 3152 gentemque
1684 3080 2020 3136 Francorum

345 3233 349 3237 ,
431 3169 810 3242 frequentibus
837 3172 994 3230 bellis
1018 3173 1280 3239 stimulat,
1317 3179 1373 3228 et
1399 3172 1601 3228 electos
1634 3171 1834 3228 milites
1857 3171 2020 3227 Sara-

433 3278 691 3322 cenorum
713 3264 770 3320 in
794 3267 1112 3337 praedictum
1138 3265 1488 3323 Narbonense
1511 3266 1766 3337 oppidum
1787 3266 1856 3321 ad
1879 3280 2020 3336 pra:-

434 3355 574 3424 sidia
600 3360 798 3415 tuenda
823 3358 1080 3418 decenter
1099 3358 1329 3416 collocat
1353 3377 1366 3413 :
1393 3369 1557 3428 atque
1590 3359 1648 3413 in
1669 3357 2019 3414 concurrenti

433 3449 636 3508 virtute
677 3449 798 3520 jam
828 3451 1008 3508 dictus
1052 3452 1162 3508 dux
1209 3451 1460 3508 Tolosam
1508 3466 1679 3522 usque
1724 3450 2022 3519 przeliando

434 3543 698 3614 pervenit,
727 3560 955 3616 eamque
978 3545 1260 3604 obsidione
1284 3546 1528 3618 cingens,
1557 3546 1740 3602 fundis
1763 3553 1820 3602 et
1845 3546 2024 3603 diver-

434 3633 514 3690 sis
540 3650 804 3707 generum
837 3637 1109 3693 machinis
1149 3653 1464 3710 expugnare
1500 3646 1730 3694 conatus
1770 3647 1891 3694 est:
1919 3638 2024 3694 sic-

438 3740 543 3795 que
570 3725 907 3783 Francorum
953 3736 1142 3796 gentes
1188 3728 1284 3783 tali
1318 3729 1386 3784 de
1419 3730 1613 3784 nuntio
1653 3737 1835 3792 certae,
1881 3729 2024 3800 apud

437 3819 632 3874 ducem
651 3817 822 3888 ipsius
842 3820 1024 3890 gentis.
1044 3820 1324 3876 Eudonem
1347 3821 1566 3878 nomine
1593 3830 2020 3893 congregantur:

439 3907 535 3974 ubi
559 3907 688 3962 dum
731 3908 874 3978 apud
924 3909 1175 3968 Tolosam
1224 3911 1507 3982 utriusque
1557 3913 1832 3968 exercitus
1879 3913 2028 3969 acies

439 4000 596 4080 gravi~
615 3999 968 4066 dimicatione:
987 4003 1302 4077 conﬂigunt,
1334 4005 1502 4062 Zama
1526 4006 1718 4062 ducem
1755 4007 2028 4063 exercitus

446 4091 848 4160 Saracenorum
895 4112 1020 4154 cum
1067 4105 1225 4169 parte
1275 4099 1637 4156 multitudinis
1689 4110 2028 4173 congregatae

442 4183 737 4240 occidunt:
767 4186 1032 4258 reliquum
1078 4190 1379 4246 exercitum
1421 4206 1519 4262 per
1563 4191 1744 4265 fugam
1784 4194 2028 4264 elapsum

440 4283 763 4348 sequuntur.
801 4277 1043 4348 Quorum
1074 4280 1474 4340 Abderramam
1487 4286 1725 4357 suscepit
1753 4287 2028 4357 principa-

443 4375 560 4424 tum
605 4385 773 4432 unum
812 4387 910 4442 per
947 4388 1210 4440 mensem,
1242 4375 1414 4434 donec
1441 4378 1510 4432 ad
1536 4379 1853 4449 principalia
1877 4377 2030 4449 jussa

441 4463 653 4520 veniret
677 4464 906 4521 Ambiza
930 4465 958 4506 ἀ
989 4483 1178 4524 eorum
1199 4478 1400 4528 rector.

2115 1970 2312 2026 Leonis
2352 1968 2610 2034 secundo,
2661 1966 2904 2022 Arabum
2947 1965 3072 2028 105,
3116 1964 3352 2020 Ambiza
3397 1964 3573 2019 semis
3605 1979 3715 2018 cum

2116 2069 2348 2134 quatuor
2375 2061 2532 2116 annis
2559 2058 2924 2130 principatum
2949 2057 3224 2126 Hispaniae
3252 2066 3386 2127 apte
3416 2063 3713 2124 retemptat,

2116 2155 2207 2226 qui
2232 2162 2288 2212 et
2322 2155 2437 2225 ipse
2484 2169 2611 2210 cum
2650 2161 2812 2223 gente
2844 2163 2866 2191 ο
2895 2151 3234 2207 Francorum
3279 2165 3504 2221 pugnas
3557 2149 3714 2203 medi-

2118 2252 2306 2317 tando,
2333 2259 2389 2306 et
2413 2265 2513 2320 per
2533 2249 2772 2304 directos
2790 2244 3418 2316 satrapasinsequendn,
3439 2240 3717 2297 infeliciter

2118 2351 2311 2402 certat.
2323 2341 2575 2397 'Furtivis
2590 2356 2721 2396 vero
2735 2338 3144 2410 obreptionibus
3163 2351 3266 2406 per
3286 2336 3625 2390 lacertorum
3641 2349 3717 2388 cn-

2117 2451 2249 2494 neos
2262 2434 2547 2491 nonnullas
2561 2433 2812 2489 civitates
2823 2432 2908 2486 vel
2921 2429 3144 2487 castella
3160 2427 3716 2485 demutilandostimu'

2118 2530 2224 2587 lat:
2243 2530 2430 2600 sicque
2450 2527 2734 2599 vectigalia
2758 2525 3086 2582 Christianis
3110 2522 3392 2593 duplicata
3419 2521 3714 2590 exagitans,

2119 2623 2358 2680 fascibus
2384 2623 2654 2678 honorum
2679 2619 2823 2690 apud
2838 2617 3129 2688 Hispanias
3147 2615 3314 2671 valde
3333 2615 3642 2684 triumphat.

2193 2718 2283 2773 55.
2317 2716 2366 2789 [ί
2406 2715 2578 2785 Hujus
2609 2723 2666 2770 et
2693 2723 2937 2786 tempore
2968 2711 3136 2768 Judaei
3173 2712 3397 2776 tentati,
3434 2710 3592 2765 sicuti
3613 2708 3716 2777 iam

2122 2810 2180 2866 in
2208 2807 2498 2864 Theodosii
2521 2806 2749 2862 minoris
2778 2805 3015 2872 fuerant,
3040 2821 3070 2860 a
3102 2805 3345 2875 quodam
3388 2801 3576 2859 Iudaeo
3608 2809 3720 2856 sunt

2125 2902 2356 2968 seducti,
2407 2901 2501 2971 qui
2549 2907 2606 2956 et
2647 2914 2746 2970 per
2793 2899 3153 2970 antiphrasim
3198 2912 3407 2952 nomen
3460 2895 3720 2965 accipiens

2125 2996 2383 3062 Serenus,
2414 2994 2624 3052 nubilio
2664 3007 2853 3049 errore
2877 3007 2971 3048 eos
3001 2992 3218 3058 invasit,
3261 2990 3636 3060 Messiamque
3665 3005 3718 3044 se

2122 3087 2448 3160 praedicans,
2500 3085 2622 3141 illos
2674 3085 2742 3142 ad
2791 3092 2994 3139 terram
3054 3083 3514 3154 repromissionis
3565 3082 3716 3136 velari

2124 3182 2393 3247 enuntiat,
2445 3189 2610 3250 atque
2657 3180 2842 3235 omnia
2875 3195 2995 3250 quae
3028 3179 3390 3249 possidebant
3419 3187 3480 3233 ut
3519 3179 3718 3233 amitte-

2125 3282 2249 3330 rent
2292 3273 2561 3342 imperat:
2595 3287 2703 3342 quo
2742 3270 2887 3327 facto
2933 3272 3122 3328 inanes
3153 3278 3209 3326 et
3239 3272 3404 3327 vacui
3455 3287 3717 3327 remanse-

2124 3373 2271 3420 runt.
2301 3362 2410 3419 Sed
2443 3363 2533 3418 ubi
2564 3363 2666 3418 hoc
2695 3363 2763 3416 ad
2788 3362 3067 3418 Ambizam
3095 3363 3365 3432 pervenit,
3395 3365 3586 3418 omnia
3613 3379 3718 3434 qua

2129 3456 2429 3512 amiserant
2483 3454 2614 3510 fisco
2653 3455 2908 3510 associat.
2941 3455 3204 3511 Serenum
3231 3456 3302 3510 ad
3333 3471 3396 3512 se
3427 3472 3720 3514 convocans

2123 3549 2302 3604 virum
2328 3548 2374 3603 si
2406 3546 2631 3603 Messias
2659 3561 2778 3602 esse
2799 3562 2918 3617 qua:
2949 3548 3042 3602 Dei
3065 3546 3246 3604 facere
3279 3547 3606 3621 cogitaret.]
3634 3546 3720 3615 Qui

2126 3642 2255 3698 dum
2278 3648 2557 3712 postremo
2595 3641 2907 3712 suprafatus
2946 3640 3173 3698 Ambiza
3210 3656 3310 3712 per
3334 3658 3397 3698 se
3425 3645 3720 3715 expeditio-

2127 3749 2258 3790 nem
2297 3733 2634 3788 Francorum
2681 3732 3000 3804 ingeminat,
3054 3750 3178 3789 cum
3218 3735 3368 3790 omni
3422 3751 3595 3790 manu
3637 3753 3720 3807 pu-

2126 3824 2269 3882 blica
2293 3824 2664 3880 incursionem
2693 3823 2906 3879 illorum
2936 3825 3080 3881 illico
3109 3827 3429 3882 meditatur.
3474 3827 3584 3896 Qui
3609 3830 3721 3884 dum

2128 3920 2352 3975 rabidus
2395 3918 2659 3989 pervolat,
2702 3927 2878 3974 morte
2910 3920 3131 3990 propria
3155 3921 3280 3976 vita:
3305 3921 3612 3977 terminum
3638 3937 3702 3992 pa

2130 4022 2217 4069 rat
2264 4028 2280 4068 :
2326 4021 2493 4085 atque
2541 4012 2753 4069 Hodera
2814 4013 3092 4069 consulem
3158 4015 3352 4087 patria:
3415 4016 3523 4070 sibi
3585 4031 3722 4070 com-

2129 4107 2309 4162 missa:
2335 4105 2420 4161 vel
2447 4105 2750 4176 principem
2786 4106 3060 4162 exercitus
3089 4107 3424 4178 repedantis,
3457 4107 3547 4162 vel
3576 4103 3722 4179 quasi

2130 4197 2458 4254 refrenantis
2479 4199 2536 4252 in
2560 4180 2808 4253 extremo
2833 4199 2959 4254 vitae
2981 4200 3192 4269 positus
3217 4199 3462 4255 ordinat.

2201 4291 2291 4346 54.
2333 4291 2433 4347 Cui
2468 4292 2651 4346 statim
2689 4291 2741 4345 in
2777 4307 2885 4346 mra
2926 4291 3046 4357 765,
3077 4307 3218 4348 anno
3250 4291 3522 4364 suprafati
3562 4293 3720 4362 impe-

2132 4385 2333 4441 ratoris
2378 4398 2518 4454 pene
2558 4383 2671 4453 jam
2723 4393 2908 4451 sexto,
2962 4385 3205 4441 Arabum
3247 4386 3368 4450 107,
3420 4386 3721 4442 Saracenus

2132 4480 2279 4535 labia
2318 4480 2538 4536 nomine
2562 4480 2772 4536 monitu
2808 4481 3113 4552 principum
3140 4482 3439 4537 succedens
3469 4481 3722 4537 terribilis

513 4557 605 4661 .49.
643 4557 749 4616 Per
778 4560 920 4661 idem
958 4569 1170 4661 tempus
1214 4563 1540 4622 Fredoarius
1577 4564 1852 4622 Accitanae
1885 4565 2030 4622 sedis
2057 4599 2114 4661 D
2133 4579 2433 4642 potestator
2458 4571 2571 4627 fere
2591 4573 2826 4629 triennio
2848 4573 3082 4629 crudelis
3101 4582 3383 4639 exaestuat,
3420 4585 3589 4646 atque
3616 4575 3720 4629 acri

443 4649 748 4722 episcopus,
793 4650 1043 4710 Urbanus
1087 4653 1361 4718 Toletanae
1399 4657 1544 4714 sedis
1571 4659 1720 4713 urbis
1757 4658 1918 4728 regia:
1943 4674 2032 4714 ca-

444 4741 706 4801 thedralis
732 4754 1021 4804 veteranus
1046 4749 1362 4816 melodicus,
1407 4760 1569 4823 atque
1604 4751 1843 4821 ejusdem
1890 4754 2034 4810 sedis

443 4834 710 4893 Evantius
733 4839 1168 4908 archidiaconus,
1196 4841 1426 4899 nimium
1454 4843 1718 4912 doctrina,
1745 4854 1799 4900 et
1826 4846 2035 4915 sapien-

447 4926 543 4993 tia,
566 4929 854 4987 sanctitate
881 4948 1116 5005 quoquc,
1143 4941 1200 4989 et
1219 4935 1274 4990 in
1295 4936 1444 4991 omni
1467 4938 1764 4993 secundum
1793 4938 2035 5009 Scriptu-

447 5034 538 5074 ras
565 5035 679 5090 spe,
708 5022 812 5077 ﬁde
836 5031 891 5080 et
913 5024 1181 5082 charitate
1202 5026 1272 5083 ad
1299 5026 1706 5084 confortandam
1735 5029 2034 5086 Ecclesiam

447 5109 545 5166 Dei
567 5111 698 5167 clari
726 5115 1012 5172 habentur.

521 5202 608 5258 50.
639 5203 771 5260 ΛΕΜ
802 5205 923 5273 758,
963 5209 1328 5267 Romanorum
1361 5189 1429 5268 67
1477 5212 1588 5269 Leo
1619 5214 1845 5284 imperio
1880 5231 2034 5272 coro-

449 5302 628 5361 natur,
677 5306 870 5369 regnat
911 5302 1068 5358 annis
1101 5303 1194 5371 24,
1218 5307 1455 5376 peractis
1481 5321 1512 5362 a
1539 5307 1806 5379 principio
1843 5309 2031 5366 mundi

521 5460 547 5488 α
575 5449 670 5521 Μ.,
687 5450 875 5534 βίῄιιε
901 5456 1240 5534 τεηιροτιίιηέεΔ
1258 5461 1321 5514 ob
1343 5463 1745 5534 sanctimoniam
1772 5463 1898 5534 legis
1922 5482 2033 5520 sua:

451 5517 618 5611 93m:
638 5517 910 5611 ξίν-αὐτη.
945 5517 1101 5611 suurn
1159 5528 1303 5611 isis“
1339 5533 1429 5611 ad
1474 5517 1845 5611 gubernacula”
1879 5517 2032 5611 ’γέρήἡῖ

447 5589 546 5642 sibi
586 5589 796 5675 socium
839 5596 1105 5654 adsciscit.
1159 5600 1222 5655 D.
1265 5589 1514 5676 Rodrigr,
1547 5621 1668 5658 cum
1720 5605 1776 5659 in
1814 5589 2031 5661 tutelam

449 5669 596 5729 ream
628 5665 872 5722 adscivit.
1079 5694 1082 5696 ν

523 5707 1282 5818 v1.3:}gubernacula
1307 5783 1319 5796 .
1350 5784 1362 5797 .
1395 5785 1407 5797 .
1435 5746 1580 5818 plene
1604 5749 1819 5818 accepit.
1860 5747 2032 5801 Excr-

581 5802 901 5890 gcnerissui
926 5802 1095 5886 vapud'.
1125 5813 1314 5869 Persas
1343 5802 1558 5870 tutélam
1583 5802 1811 5890 gereb'at,
1867 5818 2030 5873 rebel-

452 5869 644 5928 lionem
665 5877 899 5934 molitus.
967 5869 978 5883 ”
1083 5879 1095 5886 ’
1428 5869 1435 5870 ⁷

2136 4663 2353 4735 ingenio
2388 4663 2660 4733 Hispania:
2702 4663 3006 4720 Saracenos
3033 4674 3088 4721 et
3113 4665 3330 4720 Mauros
3355 4681 3457 4735 pro
3484 4666 3721 4736 paciﬁcis

2135 4756 2297 4811 rebus
2317 4754 2448 4810 olim
2474 4753 2670 4811 ablatis
2707 4757 2963 4828 exagitat,
2998 4765 3163 4827 atque
3200 4756 3531 4813 Christianis
3570 4758 3721 4829 plum

2135 4855 2424 4904 restaurat.

2204 4937 2293 4993 55.
2335 4937 2508 5008 Hujus
2551 4938 2883 5008 temporibus
2925 4938 3025 4994 lzit
3067 4949 3264 5011 quarto
3311 4941 3530 5012 expiem
3582 4958 3720 4998 anno

2134 5030 2206 5086 ab
2229 5031 2333 5086 hac
2369 5031 2488 5087 luce
2532 5031 2803 5102 migravit,
2835 5031 2995 5086 fratri
3023 5048 3249 5103 regnum
3277 5033 3597 5105 relinquens
3627 5035 3718 5088 Hi-

2134 5137 2284 5178 scam
2331 5123 2568 5190 nomine,
2619 5129 2675 5178 et
2703 5132 2826 5194 post
2855 5124 3074 5180 fratrem
3105 5133 3294 5180 natum
3327 5127 3530 5196 proprii
3562 5125 3719 5180 semi-

2134 5215 2220 5271 nis
2256 5216 2534 5272 adciscens
2563 5216 2784 5274 nomine
2809 5216 2998 5274 Alulit.
3025 5217 3132 5286 Qui
3157 5218 3378 5275 Hiscam
3421 5219 3718 5289 primordio

2133 5321 2245 5364 sua:
2276 5310 2564 5380 potestatis
2600 5309 2656 5365 in
2683 5327 2792 5368 tera
2829 5311 2948 5378 761,
2980 5327 3123 5368 anno
3150 5313 3364 5384 imperii
3389 5314 3588 5371 Leonis
3609 5315 3718 5387 jam

2207 5478 2229 5540 εξ
2258 5467 2350 5540 Sic
2374 5467 2568 5540 B.AM.,
2597 5468 2853 5540 precatam.

2204 5537 2230 5578 ἀ
2258 5539 2369 5603 AL,
2410 5537 2652 5595 Umbiza.

2208 5621 2232 5649 θ
2254 5611 2338 5676 B.,
2363 5620 2548 5666 contra
2568 5619 2762 5676 gentes.

2211 5680 2228 5720 ί
2268 5682 2432 5738 Uncis
2480 5680 2689 5738 inclusa
2731 5682 2986 5743 periocha
3012 5683 3162 5741 deest
3189 5684 3245 5741 in
3267 5686 3398 5742 edit.
3432 5686 3511 5743 Re

2211 5697 2226 5720 ι
2271 5697 2432 5738 υιιοιε
2480 5697 2689 5738 inclusa
2801 5697 2986 5740 nocua
3012 5697 3162 5741 deest
3189 5697 3245 5741 in
3267 5697 3398 5742 edit.
3432 5697 3478 5741 ﬁ

2134 5761 2330 5834 autern
2346 5753 2401 5807 in
2422 5697 2943 5834 nis-Complectensi,
2990 5764 3064 5823 et,
3106 5764 3167 5814 ut
3212 5758 3379 5815 refert
3417 5759 3481 5816 D.

2136 5826 2192 5882 in
2215 5825 2401 5894 codice
2424 5823 2740 5890 Parisiensi.

3581 5686 3720 5742 ritur

3569 5773 3718 5826 arca,
