  <div class='ocr_page' id='page_1' title='image "/cluster/home/n/w/nwhite01/storage/ocr_20150623/96/hvd.32044015471204/640.png"; bbox 0 0 3950 6308; ppageno 0'>
   <div class='ocr_carea' id='block_1_1' title="bbox 201 302 350 359">
    <p class='ocr_par' dir='ltr' id='par_1_1' title="bbox 201 302 350 359">
     <span class='ocr_line' id='line_1_1' title="bbox 201 302 350 359; baseline 0 0"><span class='ocrx_word' id='word_1_1' title='bbox 201 302 350 359; x_wconf 69' lang='grc'><strong>1269</strong></span> 
     </span>
    </p>
   </div>
   <div class='ocr_carea' id='block_1_2' title="bbox 1624 299 2036 358">
    <p class='ocr_par' dir='ltr' id='par_1_2' title="bbox 1624 299 2036 358">
     <span class='ocr_line' id='line_1_2' title="bbox 1624 299 2036 358; baseline 0 -2"><span class='ocrx_word' id='word_1_2' title='bbox 1624 299 2016 358; x_wconf 77' lang='lat' dir='ltr'><strong>CHRONICON</strong></span> <span class='ocrx_word' id='word_1_3' title='bbox 2024 342 2036 356; x_wconf 92' lang='lat'><strong>.</strong></span> 
     </span>
    </p>
   </div>
   <div class='ocr_carea' id='block_1_3' title="bbox 3322 313 3455 374">
    <p class='ocr_par' dir='ltr' id='par_1_3' title="bbox 3322 313 3455 374">
     <span class='ocr_line' id='line_1_3' title="bbox 3322 313 3455 374; baseline 0.015 -3"><span class='ocrx_word' id='word_1_4' title='bbox 3322 313 3455 374; x_wconf 71' lang='grc'>1270</span> 
     </span>
    </p>
   </div>
   <div class='ocr_carea' id='block_1_4' title="bbox 195 405 3456 490">
    <p class='ocr_par' dir='ltr' id='par_1_4' title="bbox 195 405 3456 490">
     <span class='ocr_line' id='line_1_4' title="bbox 195 405 3456 490; baseline 0.004 -15"><span class='ocrx_word' id='word_1_5' title='bbox 195 417 338 475; x_wconf 78' lang='lat' dir='ltr'><strong>dicti</strong></span> <span class='ocrx_word' id='word_1_6' title='bbox 373 431 510 488; x_wconf 89' lang='lat' dir='ltr'><strong>pene</strong></span> <span class='ocrx_word' id='word_1_7' title='bbox 543 415 659 488; x_wconf 84' lang='lat' dir='ltr'><strong>jam</strong></span> <span class='ocrx_word' id='word_1_8' title='bbox 689 405 896 490; x_wconf 80' lang='lat' dir='ltr'><strong>quinto,</strong></span> <span class='ocrx_word' id='word_1_9' title='bbox 915 405 1177 476; x_wconf 64' lang='lat' dir='ltr'><strong>Arabum</strong></span> <span class='ocrx_word' id='word_1_10' title='bbox 1220 419 1346 489; x_wconf 66' lang='lat'><strong>406,</strong></span> <span class='ocrx_word' id='word_1_11' title='bbox 1379 419 1514 477; x_wconf 88' lang='lat' dir='ltr'><strong>satis</strong></span> <span class='ocrx_word' id='word_1_12' title='bbox 1558 434 1618 476; x_wconf 85' lang='lat' dir='ltr'><strong>se</strong></span> <span class='ocrx_word' id='word_1_13' title='bbox 1666 433 1782 474; x_wconf 92' lang='lat' dir='ltr'><strong>mo-</strong></span> <span class='ocrx_word' id='word_1_14' title='bbox 1803 421 1860 482; x_wconf 81' lang='grc' dir='ltr'><strong>Δ</strong></span> <span class='ocrx_word' id='word_1_15' title='bbox 1884 433 1996 475; x_wconf 89' lang='lat' dir='ltr'><strong>sem</strong></span> <span class='ocrx_word' id='word_1_16' title='bbox 2021 419 2277 477; x_wconf 85' lang='lat' dir='ltr'><strong>Mammet</strong></span> <span class='ocrx_word' id='word_1_17' title='bbox 2299 420 2453 486; x_wconf 89' lang='lat' dir='ltr'><strong>adiit,</strong></span> <span class='ocrx_word' id='word_1_18' title='bbox 2480 421 2728 480; x_wconf 89' lang='lat' dir='ltr'><strong>turbidus</strong></span> <span class='ocrx_word' id='word_1_19' title='bbox 2761 422 3131 484; x_wconf 81' lang='lat' dir='ltr'><strong>Abderraman</strong></span> <span class='ocrx_word' id='word_1_20' title='bbox 3157 425 3293 487; x_wconf 87' lang='lat' dir='ltr'><strong>&#39;cum</strong></span> <span class='ocrx_word' id='word_1_21' title='bbox 3335 446 3456 487; x_wconf 88' lang='lat' dir='ltr'><strong>ncc-</strong></span> 
     </span>
    </p>
   </div>
   <div class='ocr_carea' id='block_1_5' title="bbox 194 512 1784 585">
    <p class='ocr_par' dir='ltr' id='par_1_5' title="bbox 194 512 1784 585">
     <span class='ocr_line' id='line_1_5' title="bbox 194 512 1784 585; baseline -0.001 -17"><span class='ocrx_word' id='word_1_22' title='bbox 194 513 417 570; x_wconf 86' lang='lat' dir='ltr'><strong>destum</strong></span> <span class='ocrx_word' id='word_1_23' title='bbox 435 512 727 568; x_wconf 87' lang='lat' dir='ltr'><strong>ostendens</strong></span> <span class='ocrx_word' id='word_1_24' title='bbox 747 514 1004 570; x_wconf 88' lang='lat' dir='ltr'><strong>nonnulla</strong></span> <span class='ocrx_word' id='word_1_25' title='bbox 1029 530 1286 585; x_wconf 91' lang='lat' dir='ltr'><strong>prospera</strong></span> <span class='ocrx_word' id='word_1_26' title='bbox 1307 531 1406 585; x_wconf 89' lang='lat' dir='ltr'><strong>per</strong></span> <span class='ocrx_word' id='word_1_27' title='bbox 1430 516 1592 572; x_wconf 87' lang='lat' dir='ltr'><strong>duces</strong></span> <span class='ocrx_word' id='word_1_28' title='bbox 1627 528 1784 569; x_wconf 81' lang='lat' dir='ltr'><strong>exer-</strong></span> 
     </span>
    </p>
   </div>
   <div class='ocr_carea' id='block_1_6' title="bbox 191 606 1779 679">
    <p class='ocr_par' dir='ltr' id='par_1_6' title="bbox 191 606 1779 679">
     <span class='ocr_line' id='line_1_6' title="bbox 191 606 1779 679; baseline 0.003 -19"><span class='ocrx_word' id='word_1_29' title='bbox 191 606 340 662; x_wconf 90' lang='lat' dir='ltr'><strong>citus</strong></span> <span class='ocrx_word' id='word_1_30' title='bbox 362 622 393 661; x_wconf 90' lang='lat' dir='ltr'><strong>a</strong></span> <span class='ocrx_word' id='word_1_31' title='bbox 419 622 476 662; x_wconf 88' lang='lat' dir='ltr'><strong>se</strong></span> <span class='ocrx_word' id='word_1_32' title='bbox 522 606 718 664; x_wconf 90' lang='lat' dir='ltr'><strong>missos</strong></span> <span class='ocrx_word' id='word_1_33' title='bbox 746 607 801 661; x_wconf 92' lang='lat' dir='ltr'><strong>in</strong></span> <span class='ocrx_word' id='word_1_34' title='bbox 829 607 1092 662; x_wconf 83' lang='lat' dir='ltr'><strong>Romania</strong></span> <span class='ocrx_word' id='word_1_35' title='bbox 1126 617 1270 664; x_wconf 89' lang='lat' dir='ltr'><strong>terra</strong></span> <span class='ocrx_word' id='word_1_36' title='bbox 1294 616 1351 663; x_wconf 89' lang='lat' dir='ltr'><strong>et</strong></span> <span class='ocrx_word' id='word_1_37' title='bbox 1371 609 1558 679; x_wconf 92' lang='lat' dir='ltr'><strong>pclago</strong></span> <span class='ocrx_word' id='word_1_38' title='bbox 1593 609 1779 679; x_wconf 78' lang='lat' dir='ltr'><strong>gessit.</strong></span> 
     </span>
    </p>
   </div>
   <div class='ocr_carea' id='block_1_7' title="bbox 194 694 1783 771">
    <p class='ocr_par' dir='ltr' id='par_1_7' title="bbox 194 694 1783 771">
     <span class='ocr_line' id='line_1_7' title="bbox 194 694 1783 771; baseline 0.004 -20"><span class='ocrx_word' id='word_1_39' title='bbox 194 694 248 766; x_wconf 75' lang='grc' dir='ltr'><strong>[τι</strong></span> <span class='ocrx_word' id='word_1_40' title='bbox 289 697 345 751; x_wconf 92' lang='lat' dir='ltr'><strong>ln</strong></span> <span class='ocrx_word' id='word_1_41' title='bbox 384 697 626 753; x_wconf 82' lang='lat' dir='ltr'><strong>occiduis</strong></span> <span class='ocrx_word' id='word_1_42' title='bbox 667 712 882 769; x_wconf 90' lang='lat' dir='ltr'><strong>quoque</strong></span> <span class='ocrx_word' id='word_1_43' title='bbox 927 700 1173 769; x_wconf 88' lang='lat' dir='ltr'><strong>partibus</strong></span> <span class='ocrx_word' id='word_1_44' title='bbox 1216 715 1383 771; x_wconf 86' lang='lat' dir='ltr'><strong>prope</strong></span> <span class='ocrx_word' id='word_1_45' title='bbox 1416 701 1546 756; x_wconf 82' lang='lat' dir='ltr'><strong>nihil</strong></span> <span class='ocrx_word' id='word_1_46' title='bbox 1577 701 1783 757; x_wconf 89' lang='lat' dir='ltr'><strong>clarum</strong></span> 
     </span>
    </p>
   </div>
   <div class='ocr_carea' id='block_1_8' title="bbox 191 787 1784 863">
    <p class='ocr_par' dir='ltr' id='par_1_8' title="bbox 191 787 1784 863">
     <span class='ocr_line' id='line_1_8' title="bbox 191 787 1784 863; baseline 0.006 -23"><span class='ocrx_word' id='word_1_47' title='bbox 191 787 454 860; x_wconf 86' lang='lat' dir='ltr'><strong>peregit.]</strong></span> <span class='ocrx_word' id='word_1_48' title='bbox 500 788 702 845; x_wconf 85' lang='lat' dir='ltr'><strong>Deinde</strong></span> <span class='ocrx_word' id='word_1_49' title='bbox 748 791 1042 860; x_wconf 89' lang='lat' dir='ltr'><strong>cupiditate</strong></span> <span class='ocrx_word' id='word_1_50' title='bbox 1081 801 1381 863; x_wconf 86' lang='lat' dir='ltr'><strong>praereptus</strong></span> <span class='ocrx_word' id='word_1_51' title='bbox 1423 804 1526 859; x_wconf 89' lang='lat' dir='ltr'><strong>est,</strong></span> <span class='ocrx_word' id='word_1_52' title='bbox 1553 802 1608 849; x_wconf 90' lang='lat' dir='ltr'><strong>et</strong></span> <span class='ocrx_word' id='word_1_53' title='bbox 1633 801 1784 850; x_wconf 88' lang='lat' dir='ltr'><strong>tanta</strong></span> 
     </span>
    </p>
   </div>
   <div class='ocr_carea' id='block_1_9' title="bbox 190 870 1784 952">
    <p class='ocr_par' dir='ltr' id='par_1_9' title="bbox 190 870 1784 952">
     <span class='ocr_line' id='line_1_9' title="bbox 190 870 1784 952; baseline 0.007 -18"><span class='ocrx_word' id='word_1_54' title='bbox 190 879 446 934; x_wconf 71' lang='lat' dir='ltr'><strong>collectio</strong></span> <span class='ocrx_word' id='word_1_55' title='bbox 485 883 836 951; x_wconf 84' lang='lat' dir='ltr'><strong>pecuniarum</strong></span> <span class='ocrx_word' id='word_1_56' title='bbox 873 898 969 952; x_wconf 86' lang='lat' dir='ltr'><strong>per</strong></span> <span class='ocrx_word' id='word_1_57' title='bbox 1007 885 1170 940; x_wconf 89' lang='lat' dir='ltr'><strong>duces</strong></span> <span class='ocrx_word' id='word_1_58' title='bbox 1213 886 1268 940; x_wconf 91' lang='lat' dir='ltr'><strong>in</strong></span> <span class='ocrx_word' id='word_1_59' title='bbox 1302 885 1573 944; x_wconf 84' lang='lat' dir='ltr'><strong>Orientem</strong></span> <span class='ocrx_word' id='word_1_60' title='bbox 1601 898 1655 943; x_wconf 91' lang='lat' dir='ltr'><strong>et</strong></span> <span class='ocrx_word' id='word_1_61' title='bbox 1680 870 1784 944; x_wconf 75' lang='lat' dir='ltr'><strong>Dc-</strong></span> 
     </span>
    </p>
   </div>
   <div class='ocr_carea' id='block_1_10' title="bbox 191 968 1783 1047">
    <p class='ocr_par' dir='ltr' id='par_1_10' title="bbox 191 968 1783 1047">
     <span class='ocr_line' id='line_1_10' title="bbox 191 968 1783 1047; baseline 0.008 -24"><span class='ocrx_word' id='word_1_62' title='bbox 191 968 468 1025; x_wconf 87' lang='lat' dir='ltr'><strong>cidentem</strong></span> <span class='ocrx_word' id='word_1_63' title='bbox 517 972 585 1028; x_wconf 91' lang='lat' dir='ltr'><strong>ab</strong></span> <span class='ocrx_word' id='word_1_64' title='bbox 625 973 740 1042; x_wconf 90' lang='lat' dir='ltr'><strong>ipso</strong></span> <span class='ocrx_word' id='word_1_65' title='bbox 777 974 1021 1032; x_wconf 68' lang='lat' dir='ltr'><strong>missosb</strong></span> <span class='ocrx_word' id='word_1_66' title='bbox 1050 986 1133 1032; x_wconf 90' lang='lat' dir='ltr'><strong>est</strong></span> <span class='ocrx_word' id='word_1_67' title='bbox 1179 975 1341 1042; x_wconf 86' lang='lat' dir='ltr'><strong>facta,</strong></span> <span class='ocrx_word' id='word_1_68' title='bbox 1385 987 1584 1047; x_wconf 89' lang='lat' dir='ltr'><strong>quanta</strong></span> <span class='ocrx_word' id='word_1_69' title='bbox 1636 981 1783 1036; x_wconf 90' lang='lat' dir='ltr'><strong>nullo</strong></span> 
     </span>
    </p>
   </div>
   <div class='ocr_carea' id='block_1_11' title="bbox 193 1068 1782 1138">
    <p class='ocr_par' dir='ltr' id='par_1_11' title="bbox 193 1068 1782 1138">
     <span class='ocr_line' id='line_1_11' title="bbox 193 1068 1782 1138; baseline 0.009 -24"><span class='ocrx_word' id='word_1_70' title='bbox 193 1077 442 1132; x_wconf 83' lang='lat' dir='ltr'><strong>unquam</strong></span> <span class='ocrx_word' id='word_1_71' title='bbox 483 1070 725 1136; x_wconf 90' lang='lat' dir='ltr'><strong>tempore</strong></span> <span class='ocrx_word' id='word_1_72' title='bbox 768 1081 799 1120; x_wconf 90' lang='lat' dir='ltr'><strong>a</strong></span> <span class='ocrx_word' id='word_1_73' title='bbox 835 1068 1053 1136; x_wconf 81' lang='lat' dir='ltr'><strong>regibus</strong></span> <span class='ocrx_word' id='word_1_74' title='bbox 1079 1080 1100 1106; x_wconf 76' lang='grc' dir='ltr'><strong><em>ε</em></strong></span> <span class='ocrx_word' id='word_1_75' title='bbox 1127 1070 1218 1138; x_wconf 88' lang='lat' dir='ltr'><strong>qui</strong></span> <span class='ocrx_word' id='word_1_76' title='bbox 1261 1078 1386 1127; x_wconf 84' lang='lat' dir='ltr'><strong>ante</strong></span> <span class='ocrx_word' id='word_1_77' title='bbox 1410 1087 1533 1127; x_wconf 89' lang='lat' dir='ltr'><strong>eum</strong></span> <span class='ocrx_word' id='word_1_78' title='bbox 1563 1072 1782 1129; x_wconf 84' lang='lat' dir='ltr'><strong>fuerunt</strong></span> 
     </span>
    </p>
   </div>
   <div class='ocr_carea' id='block_1_12' title="bbox 188 1154 1781 1233">
    <p class='ocr_par' dir='ltr' id='par_1_12' title="bbox 188 1154 1781 1233">
     <span class='ocr_line' id='line_1_12' title="bbox 188 1154 1781 1233; baseline 0.008 -26"><span class='ocrx_word' id='word_1_79' title='bbox 188 1154 408 1209; x_wconf 79' lang='lat' dir='ltr'><strong>exstitit</strong></span> <span class='ocrx_word' id='word_1_80' title='bbox 451 1167 799 1230; x_wconf 86' lang='lat' dir='ltr'><strong>congregata.</strong></span> <span class='ocrx_word' id='word_1_81' title='bbox 833 1159 987 1216; x_wconf 82' lang='lat' dir='ltr'><strong>Unde</strong></span> <span class='ocrx_word' id='word_1_82' title='bbox 1036 1176 1144 1216; x_wconf 90' lang='lat' dir='ltr'><strong>non</strong></span> <span class='ocrx_word' id='word_1_83' title='bbox 1188 1163 1413 1219; x_wconf 72' lang='lat' dir='ltr'><strong>modica:</strong></span> <span class='ocrx_word' id='word_1_84' title='bbox 1459 1165 1781 1233; x_wconf 88' lang='lat' dir='ltr'><strong>populorum</strong></span> 
     </span>
    </p>
   </div>
   <div class='ocr_carea' id='block_1_13' title="bbox 188 1251 1780 1327">
    <p class='ocr_par' dir='ltr' id='par_1_13' title="bbox 188 1251 1780 1327">
     <span class='ocr_line' id='line_1_13' title="bbox 188 1251 1780 1327; baseline 0.007 -26"><span class='ocrx_word' id='word_1_85' title='bbox 188 1253 431 1303; x_wconf 84' lang='lat' dir='ltr'><strong>catervae</strong></span> <span class='ocrx_word' id='word_1_86' title='bbox 451 1259 738 1307; x_wconf 87' lang='lat' dir='ltr'><strong>cernentes</strong></span> <span class='ocrx_word' id='word_1_87' title='bbox 762 1251 816 1307; x_wconf 91' lang='lat' dir='ltr'><strong>in</strong></span> <span class='ocrx_word' id='word_1_88' title='bbox 845 1267 910 1308; x_wconf 87' lang='lat' dir='ltr'><strong>eo</strong></span> <span class='ocrx_word' id='word_1_89' title='bbox 941 1253 1242 1323; x_wconf 84' lang='lat' dir='ltr'><strong>improbam</strong></span> <span class='ocrx_word' id='word_1_90' title='bbox 1265 1270 1488 1310; x_wconf 88' lang='lat' dir='ltr'><strong>manere</strong></span> <span class='ocrx_word' id='word_1_91' title='bbox 1518 1258 1780 1327; x_wconf 90' lang='lat' dir='ltr'><strong>cupidita-</strong></span> 
     </span>
    </p>
   </div>
   <div class='ocr_carea' id='block_1_14' title="bbox 187 1342 1781 1415">
    <p class='ocr_par' dir='ltr' id='par_1_14' title="bbox 187 1342 1781 1415">
     <span class='ocr_line' id='line_1_14' title="bbox 187 1342 1781 1415; baseline 0.008 -20"><span class='ocrx_word' id='word_1_92' title='bbox 187 1347 328 1408; x_wconf 90' lang='lat' dir='ltr'><strong>tem,</strong></span> <span class='ocrx_word' id='word_1_93' title='bbox 362 1342 430 1399; x_wconf 89' lang='lat' dir='ltr'><strong>ab</strong></span> <span class='ocrx_word' id='word_1_94' title='bbox 473 1342 590 1412; x_wconf 87' lang='lat' dir='ltr'><strong>ejus</strong></span> <span class='ocrx_word' id='word_1_95' title='bbox 626 1345 830 1401; x_wconf 88' lang='lat' dir='ltr'><strong>ditione</strong></span> <span class='ocrx_word' id='word_1_96' title='bbox 860 1361 987 1402; x_wconf 85' lang='lat' dir='ltr'><strong>suas</strong></span> <span class='ocrx_word' id='word_1_97' title='bbox 1015 1347 1259 1403; x_wconf 90' lang='lat' dir='ltr'><strong>dividunt</strong></span> <span class='ocrx_word' id='word_1_98' title='bbox 1285 1357 1510 1415; x_wconf 89' lang='lat' dir='ltr'><strong>mentes,</strong></span> <span class='ocrx_word' id='word_1_99' title='bbox 1553 1351 1644 1406; x_wconf 91' lang='lat' dir='ltr'><strong>ubi</strong></span> <span class='ocrx_word' id='word_1_100' title='bbox 1671 1367 1781 1407; x_wconf 88' lang='lat' dir='ltr'><strong>non</strong></span> 
     </span>
    </p>
   </div>
   <div class='ocr_carea' id='block_1_15' title="bbox 185 1434 1779 1509">
    <p class='ocr_par' dir='ltr' id='par_1_15' title="bbox 185 1434 1779 1509">
     <span class='ocr_line' id='line_1_15' title="bbox 185 1434 1779 1509; baseline 0.008 -22"><span class='ocrx_word' id='word_1_101' title='bbox 185 1434 409 1489; x_wconf 87' lang='lat' dir='ltr'><strong>modica</strong></span> <span class='ocrx_word' id='word_1_102' title='bbox 451 1444 633 1508; x_wconf 79' lang='lat' dir='ltr'><strong>strage</strong></span> <span class='ocrx_word' id='word_1_103' title='bbox 668 1451 769 1507; x_wconf 90' lang='lat' dir='ltr'><strong>per</strong></span> <span class='ocrx_word' id='word_1_104' title='bbox 804 1447 916 1494; x_wconf 87' lang='lat' dir='ltr'><strong>tres</strong></span> <span class='ocrx_word' id='word_1_105' title='bbox 950 1438 1065 1495; x_wconf 79' lang='lat' dir='ltr'><strong>fere</strong></span> <span class='ocrx_word' id='word_1_106' title='bbox 1097 1448 1152 1495; x_wconf 92' lang='lat' dir='ltr'><strong>et</strong></span> <span class='ocrx_word' id='word_1_107' title='bbox 1181 1449 1414 1509; x_wconf 87' lang='lat' dir='ltr'><strong>quatuor</strong></span> <span class='ocrx_word' id='word_1_108' title='bbox 1442 1457 1614 1498; x_wconf 90' lang='lat' dir='ltr'><strong>annos</strong></span> <span class='ocrx_word' id='word_1_109' title='bbox 1641 1444 1779 1498; x_wconf 88' lang='lat' dir='ltr'><strong>civi-</strong></span> 
     </span>
    </p>
   </div>
   <div class='ocr_carea' id='block_1_16' title="bbox 183 1522 1780 1604">
    <p class='ocr_par' dir='ltr' id='par_1_16' title="bbox 183 1522 1780 1604">
     <span class='ocr_line' id='line_1_16' title="bbox 183 1522 1780 1604; baseline 0.007 -25"><span class='ocrx_word' id='word_1_110' title='bbox 183 1522 321 1581; x_wconf 89' lang='lat' dir='ltr'><strong>liter</strong></span> <span class='ocrx_word' id='word_1_111' title='bbox 360 1525 524 1596; x_wconf 88' lang='lat' dir='ltr'><strong>facta,</strong></span> <span class='ocrx_word' id='word_1_112' title='bbox 557 1529 646 1585; x_wconf 85' lang='lat' dir='ltr'><strong>vix</strong></span> <span class='ocrx_word' id='word_1_113' title='bbox 673 1544 784 1586; x_wconf 77' lang='lat' dir='ltr'><strong>sua:</strong></span> <span class='ocrx_word' id='word_1_114' title='bbox 807 1531 1058 1601; x_wconf 84' lang='lat' dir='ltr'><strong>potestati</strong></span> <span class='ocrx_word' id='word_1_115' title='bbox 1086 1532 1395 1602; x_wconf 85' lang='lat' dir='ltr'><strong>provincias</strong></span> <span class='ocrx_word' id='word_1_116' title='bbox 1419 1535 1662 1604; x_wconf 89' lang='lat' dir='ltr'><strong>perditas</strong></span> <span class='ocrx_word' id='word_1_117' title='bbox 1694 1552 1780 1590; x_wconf 82' lang='lat' dir='ltr'><strong>re-</strong></span> 
     </span>
    </p>
   </div>
   <div class='ocr_carea' id='block_1_17' title="bbox 185 1617 468 1678">
    <p class='ocr_par' dir='ltr' id='par_1_17' title="bbox 185 1617 468 1678">
     <span class='ocr_line' id='line_1_17' title="bbox 185 1617 468 1678; baseline 0.011 -5"><span class='ocrx_word' id='word_1_118' title='bbox 185 1617 468 1678; x_wconf 78' lang='lat' dir='ltr'><strong>formavit.</strong></span> 
     </span>
    </p>
   </div>
   <div class='ocr_carea' id='block_1_18' title="bbox 260 1709 1776 1790">
    <p class='ocr_par' dir='ltr' id='par_1_18' title="bbox 260 1709 1776 1790">
     <span class='ocr_line' id='line_1_18' title="bbox 260 1709 1776 1790; baseline 0.007 -25"><span class='ocrx_word' id='word_1_119' title='bbox 260 1709 354 1766; x_wconf 83' lang='lat'><strong>56.</strong></span> <span class='ocrx_word' id='word_1_120' title='bbox 392 1710 564 1782; x_wconf 83' lang='lat' dir='ltr'><strong>Hujus</strong></span> <span class='ocrx_word' id='word_1_121' title='bbox 613 1720 886 1784; x_wconf 88' lang='lat' dir='ltr'><strong>tempore,</strong></span> <span class='ocrx_word' id='word_1_122' title='bbox 934 1716 990 1770; x_wconf 90' lang='lat' dir='ltr'><strong>in</strong></span> <span class='ocrx_word' id='word_1_123' title='bbox 1031 1732 1138 1772; x_wconf 65' lang='lat' dir='ltr'><strong>aera</strong></span> <span class='ocrx_word' id='word_1_124' title='bbox 1196 1718 1317 1785; x_wconf 91' lang='lat'><strong>766,</strong></span> <span class='ocrx_word' id='word_1_125' title='bbox 1370 1735 1512 1775; x_wconf 93' lang='lat' dir='ltr'><strong>anno</strong></span> <span class='ocrx_word' id='word_1_126' title='bbox 1563 1720 1776 1790; x_wconf 87' lang='lat' dir='ltr'><strong>imperii</strong></span> 
     </span>
    </p>
   </div>
   <div class='ocr_carea' id='block_1_19' title="bbox 186 1777 1855 1892">
    <p class='ocr_par' dir='ltr' id='par_1_19' title="bbox 186 1777 1855 1892">
     <span class='ocr_line' id='line_1_19' title="bbox 186 1777 1855 1892; baseline 0.008 -35"><span class='ocrx_word' id='word_1_127' title='bbox 186 1801 436 1871; x_wconf 78' lang='lat' dir='ltr'><strong>ejusdem</strong></span> <span class='ocrx_word' id='word_1_128' title='bbox 473 1777 578 1873; x_wconf 62' lang='lat' dir='ltr'><strong>io,</strong></span> <span class='ocrx_word' id='word_1_129' title='bbox 625 1777 881 1865; x_wconf 22' lang='lat' dir='ltr'><strong>Ara-bum,</strong></span> <span class='ocrx_word' id='word_1_130' title='bbox 910 1811 1032 1876; x_wconf 78' lang='lat' dir='ltr'><strong>tu,</strong></span> <span class='ocrx_word' id='word_1_131' title='bbox 1074 1777 1392 1882; x_wconf 42' lang='lat' dir='ltr'><strong>Hiscam&#39;6,</strong></span> <span class='ocrx_word' id='word_1_132' title='bbox 1449 1777 1657 1871; x_wconf 38' lang='lat' dir='ltr'><strong>Oddifa‘</strong></span> <span class='ocrx_word' id='word_1_133' title='bbox 1693 1777 1855 1892; x_wconf 58' lang='grc' dir='ltr'><strong>νει-β</strong></span> 
     </span>
    </p>
   </div>
   <div class='ocr_carea' id='block_1_20' title="bbox 181 1894 1836 1970">
    <p class='ocr_par' dir='ltr' id='par_1_20' title="bbox 181 1894 1836 1970">
     <span class='ocr_line' id='line_1_20' title="bbox 181 1894 1836 1970; baseline 0.01 -20"><span class='ocrx_word' id='word_1_134' title='bbox 181 1894 412 1954; x_wconf 84' lang='lat' dir='ltr'><strong>levitate</strong></span> <span class='ocrx_word' id='word_1_135' title='bbox 465 1900 694 1970; x_wconf 89' lang='lat' dir='ltr'><strong>plenus,</strong></span> <span class='ocrx_word' id='word_1_136' title='bbox 750 1905 1072 1959; x_wconf 84' lang='lat' dir='ltr'><strong>auctoritate</strong></span> <span class='ocrx_word' id='word_1_137' title='bbox 1124 1922 1154 1960; x_wconf 90' lang='lat' dir='ltr'><strong>a</strong></span> <span class='ocrx_word' id='word_1_138' title='bbox 1199 1907 1336 1964; x_wconf 89' lang='lat' dir='ltr'><strong>duce</strong></span> <span class='ocrx_word' id='word_1_139' title='bbox 1391 1908 1644 1965; x_wconf 86' lang='lat' dir='ltr'><strong>Africano</strong></span> <span class='ocrx_word' id='word_1_140' title='bbox 1688 1925 1778 1966; x_wconf 81' lang='lat' dir='ltr'><strong>ac—</strong></span> <span class='ocrx_word' id='word_1_141' title='bbox 1825 1945 1836 1958; x_wconf 73' lang='grc' dir='ltr'><strong>ο</strong></span> 
     </span>
    </p>
   </div>
   <div class='ocr_carea' id='block_1_21' title="bbox 183 1991 1780 2073">
    <p class='ocr_par' dir='ltr' id='par_1_21' title="bbox 183 1991 1780 2073">
     <span class='ocr_line' id='line_1_21' title="bbox 183 1991 1780 2073; baseline 0.011 -32"><span class='ocrx_word' id='word_1_142' title='bbox 183 1997 372 2058; x_wconf 84' lang='lat' dir='ltr'><strong>cepta,</strong></span> <span class='ocrx_word' id='word_1_143' title='bbox 403 1991 495 2060; x_wconf 89' lang='lat' dir='ltr'><strong>qui</strong></span> <span class='ocrx_word' id='word_1_144' title='bbox 533 2001 678 2048; x_wconf 86' lang='lat' dir='ltr'><strong>sorte</strong></span> <span class='ocrx_word' id='word_1_145' title='bbox 709 1993 978 2065; x_wconf 64' lang='lat' dir='ltr'><strong>Hispaniae</strong></span> <span class='ocrx_word' id='word_1_146' title='bbox 1015 2005 1335 2067; x_wconf 88' lang='lat' dir='ltr'><strong>potestatem</strong></span> <span class='ocrx_word' id='word_1_147' title='bbox 1366 2016 1578 2073; x_wconf 86' lang='lat' dir='ltr'><strong>semper</strong></span> <span class='ocrx_word' id='word_1_148' title='bbox 1606 2018 1637 2056; x_wconf 88' lang='lat' dir='ltr'><strong>a</strong></span> <span class='ocrx_word' id='word_1_149' title='bbox 1663 2018 1780 2058; x_wconf 89' lang='lat' dir='ltr'><strong>mo-</strong></span> 
     </span>
    </p>
   </div>
   <div class='ocr_carea' id='block_1_22' title="bbox 179 2085 1778 2167">
    <p class='ocr_par' dir='ltr' id='par_1_22' title="bbox 179 2085 1778 2167">
     <span class='ocr_line' id='line_1_22' title="bbox 179 2085 1778 2167; baseline 0.009 -29"><span class='ocrx_word' id='word_1_150' title='bbox 179 2085 312 2140; x_wconf 84' lang='lat' dir='ltr'><strong>nitu</strong></span> <span class='ocrx_word' id='word_1_151' title='bbox 356 2087 617 2158; x_wconf 91' lang='lat' dir='ltr'><strong>principis</strong></span> <span class='ocrx_word' id='word_1_152' title='bbox 664 2089 767 2145; x_wconf 90' lang='lat' dir='ltr'><strong>sibi</strong></span> <span class='ocrx_word' id='word_1_153' title='bbox 817 2090 1014 2162; x_wconf 86' lang='lat' dir='ltr'><strong>gaudet</strong></span> <span class='ocrx_word' id='word_1_154' title='bbox 1054 2094 1172 2150; x_wconf 85' lang='lat' dir='ltr'><strong>fore</strong></span> <span class='ocrx_word' id='word_1_155' title='bbox 1223 2096 1506 2160; x_wconf 86' lang='lat' dir='ltr'><strong>collatam,</strong></span> <span class='ocrx_word' id='word_1_156' title='bbox 1553 2112 1652 2167; x_wconf 92' lang='lat' dir='ltr'><strong>per</strong></span> <span class='ocrx_word' id='word_1_157' title='bbox 1684 2111 1778 2152; x_wconf 78' lang='lat' dir='ltr'><strong>sex</strong></span> 
     </span>
    </p>
   </div>
   <div class='ocr_carea' id='block_1_23' title="bbox 184 2179 1781 2256">
    <p class='ocr_par' dir='ltr' id='par_1_23' title="bbox 184 2179 1781 2256">
     <span class='ocr_line' id='line_1_23' title="bbox 184 2179 1781 2256; baseline 0.009 -28"><span class='ocrx_word' id='word_1_158' title='bbox 184 2191 416 2230; x_wconf 88' lang='lat' dir='ltr'><strong>menses</strong></span> <span class='ocrx_word' id='word_1_159' title='bbox 483 2179 686 2248; x_wconf 87' lang='lat' dir='ltr'><strong>absque</strong></span> <span class='ocrx_word' id='word_1_160' title='bbox 745 2180 853 2236; x_wconf 91' lang='lat' dir='ltr'><strong>ulla</strong></span> <span class='ocrx_word' id='word_1_161' title='bbox 910 2185 1178 2253; x_wconf 84' lang='lat' dir='ltr'><strong>gravitate</strong></span> <span class='ocrx_word' id='word_1_162' title='bbox 1241 2195 1571 2256; x_wconf 88' lang='lat' dir='ltr'><strong>retemptans</strong></span> <span class='ocrx_word' id='word_1_163' title='bbox 1596 2227 1610 2252; x_wconf 96' lang='lat'><strong>,</strong></span> <span class='ocrx_word' id='word_1_164' title='bbox 1669 2202 1781 2256; x_wconf 77' lang='lat' dir='ltr'><strong>prae</strong></span> 
     </span>
    </p>
   </div>
   <div class='ocr_carea' id='block_1_24' title="bbox 184 2271 1778 2352">
    <p class='ocr_par' dir='ltr' id='par_1_24' title="bbox 184 2271 1778 2352">
     <span class='ocr_line' id='line_1_24' title="bbox 184 2271 1778 2352; baseline 0.009 -29"><span class='ocrx_word' id='word_1_165' title='bbox 184 2271 464 2339; x_wconf 85' lang='lat' dir='ltr'><strong>paucitate</strong></span> <span class='ocrx_word' id='word_1_166' title='bbox 516 2273 668 2344; x_wconf 89' lang='lat' dir='ltr'><strong>regni</strong></span> <span class='ocrx_word' id='word_1_167' title='bbox 718 2275 856 2330; x_wconf 89' lang='lat' dir='ltr'><strong>nihil</strong></span> <span class='ocrx_word' id='word_1_168' title='bbox 901 2276 1126 2348; x_wconf 89' lang='lat' dir='ltr'><strong>dignum</strong></span> <span class='ocrx_word' id='word_1_169' title='bbox 1179 2279 1576 2351; x_wconf 90' lang='lat' dir='ltr'><strong>adversumque</strong></span> <span class='ocrx_word' id='word_1_170' title='bbox 1627 2281 1778 2352; x_wconf 83' lang='lat' dir='ltr'><strong>inge-</strong></span> 
     </span>
    </p>
   </div>
   <div class='ocr_carea' id='block_1_25' title="bbox 184 2362 388 2418">
    <p class='ocr_par' dir='ltr' id='par_1_25' title="bbox 184 2362 388 2418">
     <span class='ocr_line' id='line_1_25' title="bbox 184 2362 388 2418; baseline 0.005 -2"><span class='ocrx_word' id='word_1_171' title='bbox 184 2362 388 2418; x_wconf 82' lang='lat' dir='ltr'><strong>tninat.</strong></span> 
     </span>
    </p>
   </div>
   <div class='ocr_carea' id='block_1_26' title="bbox 260 2455 1783 2534">
    <p class='ocr_par' dir='ltr' id='par_1_26' title="bbox 260 2455 1783 2534">
     <span class='ocr_line' id='line_1_26' title="bbox 260 2455 1783 2534; baseline 0.008 -26"><span class='ocrx_word' id='word_1_172' title='bbox 260 2455 355 2510; x_wconf 86' lang='lat'><strong>57.</strong></span> <span class='ocrx_word' id='word_1_173' title='bbox 398 2455 502 2512; x_wconf 88' lang='lat' dir='ltr'><strong>Per</strong></span> <span class='ocrx_word' id='word_1_174' title='bbox 545 2455 687 2512; x_wconf 86' lang='lat' dir='ltr'><strong>idem</strong></span> <span class='ocrx_word' id='word_1_175' title='bbox 729 2466 943 2529; x_wconf 85' lang='lat' dir='ltr'><strong>tempus</strong></span> <span class='ocrx_word' id='word_1_176' title='bbox 967 2464 1033 2516; x_wconf 89' lang='lat' dir='ltr'><strong>ad</strong></span> <span class='ocrx_word' id='word_1_177' title='bbox 1065 2465 1354 2534; x_wconf 88' lang='lat' dir='ltr'><strong>regendam</strong></span> <span class='ocrx_word' id='word_1_178' title='bbox 1388 2465 1702 2534; x_wconf 87' lang='lat' dir='ltr'><strong>Hispaniam</strong></span> <span class='ocrx_word' id='word_1_179' title='bbox 1726 2466 1783 2520; x_wconf 91' lang='lat' dir='ltr'><strong>in</strong></span> 
     </span>
    </p>
   </div>
   <div class='ocr_carea' id='block_1_27' title="bbox 189 2546 1782 2623">
    <p class='ocr_par' dir='ltr' id='par_1_27' title="bbox 189 2546 1782 2623">
     <span class='ocr_line' id='line_1_27' title="bbox 189 2546 1782 2623; baseline 0.006 -21"><span class='ocrx_word' id='word_1_180' title='bbox 189 2561 308 2602; x_wconf 62' lang='lat' dir='ltr'><strong>mra</strong></span> <span class='ocrx_word' id='word_1_181' title='bbox 338 2546 460 2614; x_wconf 87' lang='lat'><strong>767,</strong></span> <span class='ocrx_word' id='word_1_182' title='bbox 517 2563 658 2604; x_wconf 92' lang='lat' dir='ltr'><strong>anno</strong></span> <span class='ocrx_word' id='word_1_183' title='bbox 707 2549 919 2620; x_wconf 89' lang='lat' dir='ltr'><strong>imperii</strong></span> <span class='ocrx_word' id='word_1_184' title='bbox 968 2551 1208 2620; x_wconf 89' lang='lat' dir='ltr'><strong>ejusdem</strong></span> <span class='ocrx_word' id='word_1_185' title='bbox 1254 2555 1342 2620; x_wconf 81' lang='grc'><strong>11,</strong></span> <span class='ocrx_word' id='word_1_186' title='bbox 1372 2555 1610 2611; x_wconf 84' lang='lat' dir='ltr'><strong>Arabum</strong></span> <span class='ocrx_word' id='word_1_187' title='bbox 1659 2557 1782 2623; x_wconf 72' lang='lat'><strong>“2,</strong></span> 
     </span>
    </p>
   </div>
   <div class='ocr_carea' id='block_1_28' title="bbox 191 2635 1788 2716">
    <p class='ocr_par' dir='ltr' id='par_1_28' title="bbox 191 2635 1788 2716">
     <span class='ocr_line' id='line_1_28' title="bbox 191 2635 1788 2716; baseline 0.007 -24"><span class='ocrx_word' id='word_1_188' title='bbox 191 2635 416 2694; x_wconf 87' lang='lat' dir='ltr'><strong>Hiscam</strong></span> <span class='ocrx_word' id='word_1_189' title='bbox 455 2639 509 2706; x_wconf 92' lang='lat'><strong>7,</strong></span> <span class='ocrx_word' id='word_1_190' title='bbox 545 2639 809 2696; x_wconf 77' lang='lat' dir='ltr'><strong>Antuman</strong></span> <span class='ocrx_word' id='word_1_191' title='bbox 855 2643 923 2697; x_wconf 89' lang='lat' dir='ltr'><strong>ab</strong></span> <span class='ocrx_word' id='word_1_192' title='bbox 976 2642 1249 2700; x_wconf 80' lang='lat' dir='ltr'><strong>Africanis</strong></span> <span class='ocrx_word' id='word_1_193' title='bbox 1298 2648 1541 2716; x_wconf 89' lang='lat' dir='ltr'><strong>partibus</strong></span> <span class='ocrx_word' id='word_1_194' title='bbox 1590 2648 1788 2703; x_wconf 87' lang='lat' dir='ltr'><strong>tacitus</strong></span> 
     </span>
    </p>
   </div>
   <div class='ocr_carea' id='block_1_29' title="bbox 195 2732 1784 2812">
    <p class='ocr_par' dir='ltr' id='par_1_29' title="bbox 195 2732 1784 2812">
     <span class='ocr_line' id='line_1_29' title="bbox 195 2732 1784 2812; baseline 0.006 -26"><span class='ocrx_word' id='word_1_195' title='bbox 195 2740 480 2802; x_wconf 88' lang='lat' dir='ltr'><strong>properat.</strong></span> <span class='ocrx_word' id='word_1_196' title='bbox 519 2732 546 2772; x_wconf 77' lang='grc' dir='ltr'>ά</span> <span class='ocrx_word' id='word_1_197' title='bbox 596 2733 696 2790; x_wconf 90' lang='lat' dir='ltr'><strong>Hic</strong></span> <span class='ocrx_word' id='word_1_198' title='bbox 751 2736 988 2806; x_wconf 89' lang='lat' dir='ltr'><strong>quinque</strong></span> <span class='ocrx_word' id='word_1_199' title='bbox 1029 2740 1306 2794; x_wconf 88' lang='lat' dir='ltr'><strong>mensibus</strong></span> <span class='ocrx_word' id='word_1_200' title='bbox 1350 2739 1636 2810; x_wconf 84' lang='lat' dir='ltr'><strong>Hispanias</strong></span> <span class='ocrx_word' id='word_1_201' title='bbox 1682 2756 1784 2812; x_wconf 88' lang='lat' dir='ltr'><strong>gu-</strong></span> 
     </span>
    </p>
   </div>
   <div class='ocr_carea' id='block_1_30' title="bbox 190 2820 1786 2896">
    <p class='ocr_par' dir='ltr' id='par_1_30' title="bbox 190 2820 1786 2896">
     <span class='ocr_line' id='line_1_30' title="bbox 190 2820 1786 2896; baseline 0.005 -16"><span class='ocrx_word' id='word_1_202' title='bbox 190 2820 445 2880; x_wconf 82' lang='lat' dir='ltr'><strong>bernavit</strong></span> <span class='ocrx_word' id='word_1_203' title='bbox 479 2842 491 2878; x_wconf 93' lang='lat'><strong>:</strong></span> <span class='ocrx_word' id='word_1_204' title='bbox 523 2833 648 2895; x_wconf 89' lang='lat' dir='ltr'><strong>post</strong></span> <span class='ocrx_word' id='word_1_205' title='bbox 691 2841 829 2896; x_wconf 91' lang='lat' dir='ltr'><strong>quos</strong></span> <span class='ocrx_word' id='word_1_206' title='bbox 876 2829 1043 2884; x_wconf 88' lang='lat' dir='ltr'><strong>vitam</strong></span> <span class='ocrx_word' id='word_1_207' title='bbox 1098 2831 1291 2896; x_wconf 79' lang='lat' dir='ltr'><strong>finivit,</strong></span> <span class='ocrx_word' id='word_1_208' title='bbox 1345 2839 1398 2886; x_wconf 92' lang='lat' dir='ltr'><strong>et</strong></span> <span class='ocrx_word' id='word_1_209' title='bbox 1449 2834 1648 2889; x_wconf 90' lang='lat' dir='ltr'><strong>missus</strong></span> <span class='ocrx_word' id='word_1_210' title='bbox 1701 2840 1786 2890; x_wconf 88' lang='lat' dir='ltr'><strong>est</strong></span> 
     </span>
    </p>
   </div>
   <div class='ocr_carea' id='block_1_31' title="bbox 192 2915 1786 2995">
    <p class='ocr_par' dir='ltr' id='par_1_31' title="bbox 192 2915 1786 2995">
     <span class='ocr_line' id='line_1_31' title="bbox 192 2915 1786 2995; baseline 0.008 -26"><span class='ocrx_word' id='word_1_211' title='bbox 192 2915 338 2970; x_wconf 88' lang='lat' dir='ltr'><strong>alius</strong></span> <span class='ocrx_word' id='word_1_212' title='bbox 381 2917 657 2973; x_wconf 86' lang='lat' dir='ltr'><strong>Autuman</strong></span> <span class='ocrx_word' id='word_1_213' title='bbox 702 2920 942 2977; x_wconf 89' lang='lat' dir='ltr'><strong>nomine.</strong></span> <span class='ocrx_word' id='word_1_214' title='bbox 996 2921 1097 2977; x_wconf 82' lang='lat' dir='ltr'><strong>Hic</strong></span> <span class='ocrx_word' id='word_1_215' title='bbox 1146 2931 1383 2992; x_wconf 83' lang='lat' dir='ltr'><strong>quatuor</strong></span> <span class='ocrx_word' id='word_1_216' title='bbox 1428 2941 1525 2995; x_wconf 92' lang='lat' dir='ltr'><strong>per</strong></span> <span class='ocrx_word' id='word_1_217' title='bbox 1569 2941 1786 2982; x_wconf 88' lang='lat' dir='ltr'><strong>menses</strong></span> 
     </span>
    </p>
   </div>
   <div class='ocr_carea' id='block_1_32' title="bbox 191 3005 1784 3083">
    <p class='ocr_par' dir='ltr' id='par_1_32' title="bbox 191 3005 1784 3083">
     <span class='ocr_line' id='line_1_32' title="bbox 191 3005 1784 3083; baseline 0.008 -24"><span class='ocrx_word' id='word_1_218' title='bbox 191 3005 342 3061; x_wconf 73' lang='lat' dir='ltr'><strong>rexit</strong></span> <span class='ocrx_word' id='word_1_219' title='bbox 386 3015 587 3063; x_wconf 89' lang='lat' dir='ltr'><strong>terram</strong></span> <span class='ocrx_word' id='word_1_220' title='bbox 616 3025 631 3062; x_wconf 89' lang='lat'><strong>:</strong></span> <span class='ocrx_word' id='word_1_221' title='bbox 659 3019 784 3080; x_wconf 88' lang='lat' dir='ltr'><strong>post</strong></span> <span class='ocrx_word' id='word_1_222' title='bbox 832 3027 993 3083; x_wconf 89' lang='lat' dir='ltr'><strong>quem</strong></span> <span class='ocrx_word' id='word_1_223' title='bbox 1041 3012 1259 3069; x_wconf 89' lang='lat' dir='ltr'><strong>Hiscam</strong></span> <span class='ocrx_word' id='word_1_224' title='bbox 1296 3015 1575 3071; x_wconf 89' lang='lat' dir='ltr'><strong>substituit</strong></span> <span class='ocrx_word' id='word_1_225' title='bbox 1619 3017 1784 3072; x_wconf 87' lang='lat' dir='ltr'><strong>alium</strong></span> 
     </span>
    </p>
   </div>
   <div class='ocr_carea' id='block_1_33' title="bbox 193 3096 1862 3206">
    <p class='ocr_par' dir='ltr' id='par_1_33' title="bbox 193 3096 1862 3206">
     <span class='ocr_line' id='line_1_33' title="bbox 193 3096 1862 3206; baseline 0.008 -56"><span class='ocrx_word' id='word_1_226' title='bbox 193 3096 418 3158; x_wconf 79' lang='lat' dir='ltr'><strong>nomine</strong></span> <span class='ocrx_word' id='word_1_227' title='bbox 444 3099 752 3170; x_wconf 83' lang='lat' dir='ltr'><strong>Alhaytam.</strong></span> <span class='ocrx_word' id='word_1_228' title='bbox 778 3101 877 3157; x_wconf 87' lang='lat' dir='ltr'><strong>Hic</strong></span> <span class='ocrx_word' id='word_1_229' title='bbox 897 3104 965 3157; x_wconf 91' lang='lat' dir='ltr'><strong>ad</strong></span> <span class='ocrx_word' id='word_1_230' title='bbox 985 3103 1299 3174; x_wconf 89' lang='lat' dir='ltr'><strong>Hispaniam</strong></span> <span class='ocrx_word' id='word_1_231' title='bbox 1326 3108 1615 3178; x_wconf 87' lang='lat' dir='ltr'><strong>regendam</strong></span> <span class='ocrx_word' id='word_1_232' title='bbox 1645 3116 1784 3163; x_wconf 89' lang='lat' dir='ltr'><strong>stre-</strong></span> <span class='ocrx_word' id='word_1_233' title='bbox 1809 3138 1862 3206; x_wconf 60' lang='grc' dir='ltr'><strong><em>ε</em></strong></span> 
     </span>
    </p>
   </div>
   <div class='ocr_carea' id='block_1_34' title="bbox 195 3191 1786 3273">
    <p class='ocr_par' dir='ltr' id='par_1_34' title="bbox 195 3191 1786 3273">
     <span class='ocr_line' id='line_1_34' title="bbox 195 3191 1786 3273; baseline 0.008 -28"><span class='ocrx_word' id='word_1_234' title='bbox 195 3206 309 3247; x_wconf 86' lang='lat' dir='ltr'><strong>nne</strong></span> <span class='ocrx_word' id='word_1_235' title='bbox 340 3191 574 3262; x_wconf 89' lang='lat' dir='ltr'><strong>sigillum</strong></span> <span class='ocrx_word' id='word_1_236' title='bbox 613 3194 700 3250; x_wconf 88' lang='lat' dir='ltr'><strong>vel</strong></span> <span class='ocrx_word' id='word_1_237' title='bbox 737 3198 1116 3253; x_wconf 80' lang='lat' dir='ltr'><strong>auctoritatem</strong></span> <span class='ocrx_word' id='word_1_238' title='bbox 1158 3200 1512 3271; x_wconf 85' lang='lat' dir='ltr'><strong>principalem</strong></span> <span class='ocrx_word' id='word_1_239' title='bbox 1539 3218 1569 3256; x_wconf 90' lang='lat' dir='ltr'><strong>a</strong></span> <span class='ocrx_word' id='word_1_240' title='bbox 1595 3217 1786 3273; x_wconf 91' lang='lat' dir='ltr'><strong>supra-</strong></span> 
     </span>
    </p>
   </div>
   <div class='ocr_carea' id='block_1_35' title="bbox 197 3281 1788 3364">
    <p class='ocr_par' dir='ltr' id='par_1_35' title="bbox 197 3281 1788 3364">
     <span class='ocr_line' id='line_1_35' title="bbox 197 3281 1788 3364; baseline 0.009 -28"><span class='ocrx_word' id='word_1_241' title='bbox 197 3281 329 3338; x_wconf 88' lang='lat' dir='ltr'><strong>fatis</strong></span> <span class='ocrx_word' id='word_1_242' title='bbox 376 3286 624 3355; x_wconf 90' lang='lat' dir='ltr'><strong>partibus</strong></span> <span class='ocrx_word' id='word_1_243' title='bbox 666 3287 890 3344; x_wconf 88' lang='lat' dir='ltr'><strong>missam</strong></span> <span class='ocrx_word' id='word_1_244' title='bbox 922 3298 1173 3360; x_wconf 90' lang='lat' dir='ltr'><strong>patenter</strong></span> <span class='ocrx_word' id='word_1_245' title='bbox 1215 3293 1567 3359; x_wconf 84' lang='lat' dir='ltr'><strong>demonstrat,</strong></span> <span class='ocrx_word' id='word_1_246' title='bbox 1622 3302 1788 3364; x_wconf 89' lang='lat' dir='ltr'><strong>atque</strong></span> 
     </span>
    </p>
   </div>
   <div class='ocr_carea' id='block_1_36' title="bbox 197 3374 1788 3454">
    <p class='ocr_par' dir='ltr' id='par_1_36' title="bbox 197 3374 1788 3454">
     <span class='ocr_line' id='line_1_36' title="bbox 197 3374 1788 3454; baseline 0.006 -25"><span class='ocrx_word' id='word_1_247' title='bbox 197 3374 331 3430; x_wconf 87' lang='lat' dir='ltr'><strong>dum</strong></span> <span class='ocrx_word' id='word_1_248' title='bbox 373 3376 558 3432; x_wconf 88' lang='lat' dir='ltr'><strong>decem</strong></span> <span class='ocrx_word' id='word_1_249' title='bbox 583 3393 679 3447; x_wconf 91' lang='lat' dir='ltr'><strong>per</strong></span> <span class='ocrx_word' id='word_1_250' title='bbox 701 3394 916 3436; x_wconf 88' lang='lat' dir='ltr'><strong>menses</strong></span> <span class='ocrx_word' id='word_1_251' title='bbox 950 3382 1195 3438; x_wconf 89' lang='lat' dir='ltr'><strong>turbidus</strong></span> <span class='ocrx_word' id='word_1_252' title='bbox 1221 3390 1428 3454; x_wconf 78' lang='lat' dir='ltr'><strong>regnat,</strong></span> <span class='ocrx_word' id='word_1_253' title='bbox 1465 3385 1647 3439; x_wconf 90' lang='lat' dir='ltr'><strong>nescio</strong></span> <span class='ocrx_word' id='word_1_254' title='bbox 1678 3399 1788 3454; x_wconf 89' lang='lat' dir='ltr'><strong>quo</strong></span> 
     </span>
    </p>
   </div>
   <div class='ocr_carea' id='block_1_37' title="bbox 197 3468 1786 3546">
    <p class='ocr_par' dir='ltr' id='par_1_37' title="bbox 197 3468 1786 3546">
     <span class='ocr_line' id='line_1_37' title="bbox 197 3468 1786 3546; baseline 0.007 -27"><span class='ocrx_word' id='word_1_255' title='bbox 197 3473 324 3521; x_wconf 85' lang='lat' dir='ltr'><strong>astu</strong></span> <span class='ocrx_word' id='word_1_256' title='bbox 357 3468 644 3525; x_wconf 88' lang='lat' dir='ltr'><strong>nonnullos</strong></span> <span class='ocrx_word' id='word_1_257' title='bbox 668 3470 878 3538; x_wconf 84' lang='lat' dir='ltr'><strong>Arabas</strong></span> <span class='ocrx_word' id='word_1_258' title='bbox 903 3487 962 3528; x_wconf 91' lang='lat' dir='ltr'><strong>se</strong></span> <span class='ocrx_word' id='word_1_259' title='bbox 985 3473 1121 3528; x_wconf 88' lang='lat' dir='ltr'><strong>velle</strong></span> <span class='ocrx_word' id='word_1_260' title='bbox 1156 3490 1323 3546; x_wconf 82' lang='lat' dir='ltr'><strong>regno</strong></span> <span class='ocrx_word' id='word_1_261' title='bbox 1360 3473 1592 3543; x_wconf 83' lang='lat' dir='ltr'><strong>dejicere</strong></span> <span class='ocrx_word' id='word_1_262' title='bbox 1642 3476 1786 3530; x_wconf 89' lang='lat' dir='ltr'><strong>illico</strong></span> 
     </span>
    </p>
   </div>
   <div class='ocr_carea' id='block_1_38' title="bbox 197 3557 1787 3639">
    <p class='ocr_par' dir='ltr' id='par_1_38' title="bbox 197 3557 1787 3639">
     <span class='ocr_line' id='line_1_38' title="bbox 197 3557 1787 3639; baseline 0.008 -27"><span class='ocrx_word' id='word_1_263' title='bbox 197 3557 531 3630; x_wconf 85' lang='lat' dir='ltr'><strong>investigat:</strong></span> <span class='ocrx_word' id='word_1_264' title='bbox 561 3563 704 3618; x_wconf 89' lang='lat' dir='ltr'><strong>unde</strong></span> <span class='ocrx_word' id='word_1_265' title='bbox 761 3573 818 3620; x_wconf 91' lang='lat' dir='ltr'><strong>ct</strong></span> <span class='ocrx_word' id='word_1_266' title='bbox 867 3579 962 3621; x_wconf 88' lang='lat' dir='ltr'><strong>eos</strong></span> <span class='ocrx_word' id='word_1_267' title='bbox 1006 3568 1427 3637; x_wconf 88' lang='lat' dir='ltr'><strong>comprehensos</strong></span> <span class='ocrx_word' id='word_1_268' title='bbox 1475 3568 1787 3639; x_wconf 88' lang='lat' dir='ltr'><strong>aliquandiu</strong></span> 
     </span>
    </p>
   </div>
   <div class='ocr_carea' id='block_1_39' title="bbox 198 3650 1786 3729">
    <p class='ocr_par' dir='ltr' id='par_1_39' title="bbox 198 3650 1786 3729">
     <span class='ocr_line' id='line_1_39' title="bbox 198 3650 1786 3729; baseline 0.004 -23"><span class='ocrx_word' id='word_1_269' title='bbox 198 3650 448 3707; x_wconf 87' lang='lat' dir='ltr'><strong>diversas</strong></span> <span class='ocrx_word' id='word_1_270' title='bbox 494 3653 805 3710; x_wconf 88' lang='lat' dir='ltr'><strong>rebellionis</strong></span> <span class='ocrx_word' id='word_1_271' title='bbox 851 3657 1168 3713; x_wconf 89' lang='lat' dir='ltr'><strong>occasiones</strong></span> <span class='ocrx_word' id='word_1_272' title='bbox 1214 3657 1438 3729; x_wconf 78' lang='lat' dir='ltr'><strong>flagellis</strong></span> <span class='ocrx_word' id='word_1_273' title='bbox 1481 3665 1786 3729; x_wconf 82' lang='lat' dir='ltr'><strong>extorquet,</strong></span> 
     </span>
    </p>
   </div>
   <div class='ocr_carea' id='block_1_40' title="bbox 199 3744 1784 3817">
    <p class='ocr_par' dir='ltr' id='par_1_40' title="bbox 199 3744 1784 3817">
     <span class='ocr_line' id='line_1_40' title="bbox 199 3744 1784 3817; baseline 0.004 -19"><span class='ocrx_word' id='word_1_274' title='bbox 199 3750 252 3798; x_wconf 82' lang='lat' dir='ltr'><strong>et</strong></span> <span class='ocrx_word' id='word_1_275' title='bbox 295 3751 358 3797; x_wconf 88' lang='lat' dir='ltr'><strong>ut</strong></span> <span class='ocrx_word' id='word_1_276' title='bbox 390 3744 531 3800; x_wconf 86' lang='lat' dir='ltr'><strong>clam</strong></span> <span class='ocrx_word' id='word_1_277' title='bbox 570 3745 756 3814; x_wconf 85' lang='lat' dir='ltr'><strong>jussus</strong></span> <span class='ocrx_word' id='word_1_278' title='bbox 805 3749 874 3803; x_wconf 92' lang='lat' dir='ltr'><strong>ab</strong></span> <span class='ocrx_word' id='word_1_279' title='bbox 921 3749 1130 3805; x_wconf 64' lang='lat' dir='ltr'><strong>aemulis</strong></span> <span class='ocrx_word' id='word_1_280' title='bbox 1170 3751 1552 3805; x_wconf 88' lang='lat' dir='ltr'><strong>transmarinis</strong></span> <span class='ocrx_word' id='word_1_281' title='bbox 1588 3750 1784 3817; x_wconf 87' lang='lat' dir='ltr'><strong>fuerat,</strong></span> 
     </span>
    </p>
   </div>
   <div class='ocr_carea' id='block_1_41' title="bbox 198 3834 1789 3912">
    <p class='ocr_par' dir='ltr' id='par_1_41' title="bbox 198 3834 1789 3912">
     <span class='ocr_line' id='line_1_41' title="bbox 198 3834 1789 3912; baseline 0.007 -26"><span class='ocrx_word' id='word_1_282' title='bbox 198 3844 392 3902; x_wconf 64' lang='lat' dir='ltr'><strong>prunas</strong></span> <span class='ocrx_word' id='word_1_283' title='bbox 413 3834 714 3902; x_wconf 87' lang='lat' dir='ltr'><strong>inferendo,</strong></span> <span class='ocrx_word' id='word_1_284' title='bbox 738 3847 1012 3907; x_wconf 87' lang='lat' dir='ltr'><strong>postremo</strong></span> <span class='ocrx_word' id='word_1_285' title='bbox 1034 3841 1210 3910; x_wconf 88' lang='lat' dir='ltr'><strong>capite</strong></span> <span class='ocrx_word' id='word_1_286' title='bbox 1234 3850 1465 3897; x_wconf 88' lang='lat' dir='ltr'><strong>truncat.</strong></span> <span class='ocrx_word' id='word_1_287' title='bbox 1489 3843 1634 3897; x_wconf 89' lang='lat' dir='ltr'><strong>Inter</strong></span> <span class='ocrx_word' id='word_1_288' title='bbox 1653 3857 1789 3912; x_wconf 88' lang='lat' dir='ltr'><strong>quos</strong></span> 
     </span>
    </p>
   </div>
   <div class='ocr_carea' id='block_1_42' title="bbox 198 3925 1792 4004">
    <p class='ocr_par' dir='ltr' id='par_1_42' title="bbox 198 3925 1792 4004">
     <span class='ocr_line' id='line_1_42' title="bbox 198 3925 1792 4004; baseline 0.007 -23"><span class='ocrx_word' id='word_1_289' title='bbox 198 3925 304 3981; x_wconf 86' lang='lat' dir='ltr'><strong>Zat</strong></span> <span class='ocrx_word' id='word_1_290' title='bbox 325 3925 658 3985; x_wconf 84' lang='lat' dir='ltr'><strong>Saracenum</strong></span> <span class='ocrx_word' id='word_1_291' title='bbox 695 3943 720 3972; x_wconf 73' lang='grc' dir='ltr'>ε</span> <span class='ocrx_word' id='word_1_292' title='bbox 745 3945 962 4002; x_wconf 87' lang='lat' dir='ltr'><strong>genere,</strong></span> <span class='ocrx_word' id='word_1_293' title='bbox 993 3934 1210 4002; x_wconf 88' lang='lat' dir='ltr'><strong>plenum</strong></span> <span class='ocrx_word' id='word_1_294' title='bbox 1249 3935 1518 4002; x_wconf 81' lang='lat' dir='ltr'><strong>facundia,</strong></span> <span class='ocrx_word' id='word_1_295' title='bbox 1557 3937 1792 4004; x_wconf 83' lang='lat' dir='ltr'><strong>clarum,-</strong></span> 
     </span>
    </p>
   </div>
   <div class='ocr_carea' id='block_1_43' title="bbox 201 4017 1785 4095">
    <p class='ocr_par' dir='ltr' id='par_1_43' title="bbox 201 4017 1785 4095">
     <span class='ocr_line' id='line_1_43' title="bbox 201 4017 1785 4095; baseline 0.008 -24"><span class='ocrx_word' id='word_1_296' title='bbox 201 4025 366 4087; x_wconf 87' lang='lat' dir='ltr'><strong>atque</strong></span> <span class='ocrx_word' id='word_1_297' title='bbox 396 4017 734 4076; x_wconf 85' lang='lat' dir='ltr'><strong>diversarum</strong></span> <span class='ocrx_word' id='word_1_298' title='bbox 773 4037 953 4078; x_wconf 88' lang='lat' dir='ltr'><strong>rerum</strong></span> <span class='ocrx_word' id='word_1_299' title='bbox 991 4025 1458 4095; x_wconf 79' lang='lat' dir='ltr'><strong>Opulentissimum</strong></span> <span class='ocrx_word' id='word_1_300' title='bbox 1491 4029 1785 4094; x_wconf 91' lang='lat' dir='ltr'><strong>dominum,</strong></span> 
     </span>
    </p>
   </div>
   <div class='ocr_carea' id='block_1_44' title="bbox 201 4115 1790 4190">
    <p class='ocr_par' dir='ltr' id='par_1_44' title="bbox 201 4115 1790 4190">
     <span class='ocr_line' id='line_1_44' title="bbox 201 4115 1790 4190; baseline 0.008 -26"><span class='ocrx_word' id='word_1_301' title='bbox 201 4122 362 4180; x_wconf 77' lang='lat' dir='ltr'><strong>poma</strong></span> <span class='ocrx_word' id='word_1_302' title='bbox 409 4121 683 4170; x_wconf 77' lang='lat' dir='ltr'><strong>extortum</strong></span> <span class='ocrx_word' id='word_1_303' title='bbox 720 4115 806 4170; x_wconf 89' lang='lat' dir='ltr'><strong>vel</strong></span> <span class='ocrx_word' id='word_1_304' title='bbox 841 4115 1024 4188; x_wconf 87' lang='lat' dir='ltr'><strong>flagris</strong></span> <span class='ocrx_word' id='word_1_305' title='bbox 1054 4117 1300 4183; x_wconf 84' lang='lat' dir='ltr'><strong>illusum,</strong></span> <span class='ocrx_word' id='word_1_306' title='bbox 1348 4126 1511 4189; x_wconf 89' lang='lat' dir='ltr'><strong>atque</strong></span> <span class='ocrx_word' id='word_1_307' title='bbox 1550 4120 1790 4190; x_wconf 88' lang='lat' dir='ltr'><strong>colaphis</strong></span> 
     </span>
    </p>
   </div>
   <div class='ocr_carea' id='block_1_45' title="bbox 201 4204 1791 4281">
    <p class='ocr_par' dir='ltr' id='par_1_45' title="bbox 201 4204 1791 4281">
     <span class='ocr_line' id='line_1_45' title="bbox 201 4204 1791 4281; baseline 0.009 -27"><span class='ocrx_word' id='word_1_308' title='bbox 201 4216 422 4269; x_wconf 60' lang='lat' dir='ltr'><strong>rasum,</strong></span> <span class='ocrx_word' id='word_1_309' title='bbox 457 4204 636 4274; x_wconf 90' lang='lat' dir='ltr'><strong>gladio</strong></span> <span class='ocrx_word' id='word_1_310' title='bbox 678 4207 950 4263; x_wconf 84' lang='lat' dir='ltr'><strong>verberat.</strong></span> <span class='ocrx_word' id='word_1_311' title='bbox 989 4207 1090 4276; x_wconf 84' lang='lat' dir='ltr'><strong>Qui</strong></span> <span class='ocrx_word' id='word_1_312' title='bbox 1121 4221 1229 4265; x_wconf 88' lang='lat' dir='ltr'><strong>non</strong></span> <span class='ocrx_word' id='word_1_313' title='bbox 1269 4218 1392 4281; x_wconf 87' lang='lat' dir='ltr'><strong>post</strong></span> <span class='ocrx_word' id='word_1_314' title='bbox 1430 4212 1628 4267; x_wconf 75' lang='lat' dir='ltr'><strong>multos</strong></span> <span class='ocrx_word' id='word_1_315' title='bbox 1677 4214 1791 4268; x_wconf 89' lang='lat' dir='ltr'><strong>dies</strong></span> 
     </span>
    </p>
   </div>
   <div class='ocr_carea' id='block_1_46' title="bbox 201 4293 1792 4374">
    <p class='ocr_par' dir='ltr' id='par_1_46' title="bbox 201 4293 1792 4374">
     <span class='ocr_line' id='line_1_46' title="bbox 201 4293 1792 4374; baseline 0.008 -26"><span class='ocrx_word' id='word_1_316' title='bbox 201 4293 270 4348; x_wconf 88' lang='lat' dir='ltr'><strong>ad</strong></span> <span class='ocrx_word' id='word_1_317' title='bbox 295 4295 611 4364; x_wconf 81' lang='lat' dir='ltr'><strong>petitionem</strong></span> <span class='ocrx_word' id='word_1_318' title='bbox 633 4299 808 4368; x_wconf 87' lang='lat' dir='ltr'><strong>gentis</strong></span> <span class='ocrx_word' id='word_1_319' title='bbox 827 4315 1015 4355; x_wconf 89' lang='lat' dir='ltr'><strong>eorum</strong></span> <span class='ocrx_word' id='word_1_320' title='bbox 1037 4316 1266 4371; x_wconf 89' lang='lat' dir='ltr'><strong>quorum</strong></span> <span class='ocrx_word' id='word_1_321' title='bbox 1295 4303 1614 4374; x_wconf 90' lang='lat' dir='ltr'><strong>sanguinem</strong></span> <span class='ocrx_word' id='word_1_322' title='bbox 1641 4303 1792 4360; x_wconf 85' lang='lat' dir='ltr'><strong>fude-</strong></span> 
     </span>
    </p>
   </div>
   <div class='ocr_carea' id='block_1_47' title="bbox 202 4389 1792 4466">
    <p class='ocr_par' dir='ltr' id='par_1_47' title="bbox 202 4389 1792 4466">
     <span class='ocr_line' id='line_1_47' title="bbox 202 4389 1792 4466; baseline 0.005 -22"><span class='ocrx_word' id='word_1_323' title='bbox 202 4396 311 4455; x_wconf 85' lang='lat' dir='ltr'><strong>rat,</strong></span> <span class='ocrx_word' id='word_1_324' title='bbox 339 4405 372 4444; x_wconf 87' lang='lat' dir='ltr'><strong>a</strong></span> <span class='ocrx_word' id='word_1_325' title='bbox 396 4389 579 4463; x_wconf 66' lang='lat' dir='ltr'><strong>Libya:</strong></span> <span class='ocrx_word' id='word_1_326' title='bbox 601 4393 842 4462; x_wconf 90' lang='lat' dir='ltr'><strong>partibus</strong></span> <span class='ocrx_word' id='word_1_327' title='bbox 865 4395 1239 4466; x_wconf 87' lang='lat' dir='ltr'><strong>principaliter</strong></span> <span class='ocrx_word' id='word_1_328' title='bbox 1273 4396 1511 4451; x_wconf 90' lang='lat' dir='ltr'><strong>monitus</strong></span> <span class='ocrx_word' id='word_1_329' title='bbox 1537 4396 1792 4452; x_wconf 87' lang='lat' dir='ltr'><strong>Mammet</strong></span> 
     </span>
    </p>
   </div>
   <div class='ocr_carea' id='block_1_48' title="bbox 1883 512 3454 591">
    <p class='ocr_par' dir='ltr' id='par_1_48' title="bbox 1883 512 3454 591">
     <span class='ocr_line' id='line_1_48' title="bbox 1883 512 3454 591; baseline 0.004 -24"><span class='ocrx_word' id='word_1_330' title='bbox 1883 513 2008 568; x_wconf 91' lang='lat' dir='ltr'><strong>dum</strong></span> <span class='ocrx_word' id='word_1_331' title='bbox 2039 512 2228 570; x_wconf 82' lang='lat' dir='ltr'><strong>fuisset</strong></span> <span class='ocrx_word' id='word_1_332' title='bbox 2261 521 2508 583; x_wconf 90' lang='lat' dir='ltr'><strong>repertus</strong></span> <span class='ocrx_word' id='word_1_333' title='bbox 2541 514 2588 581; x_wconf 73' lang='grc' dir='ltr'>ί,</span> <span class='ocrx_word' id='word_1_334' title='bbox 2625 517 2806 572; x_wconf 87' lang='lat' dir='ltr'><strong>statim</strong></span> <span class='ocrx_word' id='word_1_335' title='bbox 2841 517 3127 591; x_wconf 84' lang='lat' dir='ltr'><strong>Alhaytam</strong></span> <span class='ocrx_word' id='word_1_336' title='bbox 3153 536 3185 576; x_wconf 88' lang='lat' dir='ltr'><strong>a</strong></span> <span class='ocrx_word' id='word_1_337' title='bbox 3211 521 3454 578; x_wconf 82' lang='lat' dir='ltr'><strong>Mammet</strong></span> 
     </span>
    </p>
   </div>
   <div class='ocr_carea' id='block_1_49' title="bbox 1883 604 3458 698">
    <p class='ocr_par' dir='ltr' id='par_1_49' title="bbox 1883 604 3458 698">
     <span class='ocr_line' id='line_1_49' title="bbox 1883 604 3458 698; baseline 0.008 -40"><span class='ocrx_word' id='word_1_338' title='bbox 1883 604 2052 675; x_wconf 86' lang='lat' dir='ltr'><strong>rigide</strong></span> <span class='ocrx_word' id='word_1_339' title='bbox 2095 614 2273 662; x_wconf 73' lang='lat' dir='ltr'><strong>exstat</strong></span> <span class='ocrx_word' id='word_1_340' title='bbox 2313 607 2753 677; x_wconf 86' lang='lat' dir='ltr'><strong>comprehensus.</strong></span> <span class='ocrx_word' id='word_1_341' title='bbox 2797 609 2970 677; x_wconf 81' lang='lat' dir='ltr'><strong>Quem</strong></span> <span class='ocrx_word' id='word_1_342' title='bbox 2999 612 3128 670; x_wconf 85' lang='lat' dir='ltr'><strong>dum</strong></span> <span class='ocrx_word' id='word_1_343' title='bbox 3240 629 3458 671; x_wconf 83' lang='lat' dir='ltr'><strong>carcere</strong></span> 
     </span>
    </p>
   </div>
   <div class='ocr_carea' id='block_1_50' title="bbox 1882 700 3460 779">
    <p class='ocr_par' dir='ltr' id='par_1_50' title="bbox 1882 700 3460 779">
     <span class='ocr_line' id='line_1_50' title="bbox 1882 700 3460 779; baseline 0.008 -27"><span class='ocrx_word' id='word_1_344' title='bbox 1882 713 2224 779; x_wconf 79' lang='lat' dir='ltr'><strong>nequaquam</strong></span> <span class='ocrx_word' id='word_1_345' title='bbox 2255 700 2580 770; x_wconf 89' lang='lat' dir='ltr'><strong>impunitum</strong></span> <span class='ocrx_word' id='word_1_346' title='bbox 2605 701 2855 759; x_wconf 71' lang='lat' dir='ltr'><strong>suﬂerret</strong></span> <span class='ocrx_word' id='word_1_347' title='bbox 2875 705 3129 773; x_wconf 90' lang='lat' dir='ltr'><strong>positum,</strong></span> <span class='ocrx_word' id='word_1_348' title='bbox 3166 706 3284 762; x_wconf 87' lang='lat' dir='ltr'><strong>sine</strong></span> <span class='ocrx_word' id='word_1_349' title='bbox 3310 722 3460 764; x_wconf 89' lang='lat' dir='ltr'><strong>mora</strong></span> 
     </span>
    </p>
   </div>
   <div class='ocr_carea' id='block_1_51' title="bbox 1882 786 3461 868">
    <p class='ocr_par' dir='ltr' id='par_1_51' title="bbox 1882 786 3461 868">
     <span class='ocr_line' id='line_1_51' title="bbox 1882 786 3461 868; baseline 0.009 -27"><span class='ocrx_word' id='word_1_350' title='bbox 1882 786 2096 844; x_wconf 80' lang='lat' dir='ltr'><strong>fortiter</strong></span> <span class='ocrx_word' id='word_1_351' title='bbox 2137 789 2462 862; x_wconf 86' lang='lat' dir='ltr'><strong>ﬂagellatum</strong></span> <span class='ocrx_word' id='word_1_352' title='bbox 2487 831 2503 853; x_wconf 91' lang='lat'><strong>,</strong></span> <span class='ocrx_word' id='word_1_353' title='bbox 2562 793 2790 862; x_wconf 88' lang='lat' dir='ltr'><strong>turpiter</strong></span> <span class='ocrx_word' id='word_1_354' title='bbox 2829 792 3231 863; x_wconf 78' lang='lat' dir='ltr'><strong>adiudicatum,</strong></span> <span class='ocrx_word' id='word_1_355' title='bbox 3286 799 3461 868; x_wconf 80' lang='lat' dir='ltr'><strong>capite</strong></span> 
     </span>
    </p>
   </div>
   <div class='ocr_carea' id='block_1_52' title="bbox 1883 881 3462 962">
    <p class='ocr_par' dir='ltr' id='par_1_52' title="bbox 1883 881 3462 962">
     <span class='ocr_line' id='line_1_52' title="bbox 1883 881 3462 962; baseline 0.008 -26"><span class='ocrx_word' id='word_1_356' title='bbox 1883 881 2242 948; x_wconf 88' lang='lat' dir='ltr'><strong>decalvatum,</strong></span> <span class='ocrx_word' id='word_1_357' title='bbox 2259 884 2414 940; x_wconf 90' lang='lat' dir='ltr'><strong>asino</strong></span> <span class='ocrx_word' id='word_1_358' title='bbox 2435 888 2831 956; x_wconf 86' lang='lat' dir='ltr'><strong>pompizantem</strong></span> <span class='ocrx_word' id='word_1_359' title='bbox 2869 897 2996 958; x_wconf 89' lang='lat' dir='ltr'><strong>post</strong></span> <span class='ocrx_word' id='word_1_360' title='bbox 3024 896 3173 962; x_wconf 87' lang='lat' dir='ltr'><strong>terga</strong></span> <span class='ocrx_word' id='word_1_361' title='bbox 3197 888 3340 947; x_wconf 86' lang='lat' dir='ltr'><strong>facie</strong></span> <span class='ocrx_word' id='word_1_362' title='bbox 3367 907 3462 962; x_wconf 84' lang='lat' dir='ltr'><strong>per</strong></span> 
     </span>
    </p>
   </div>
   <div class='ocr_carea' id='block_1_53' title="bbox 1881 973 3462 1053">
    <p class='ocr_par' dir='ltr' id='par_1_53' title="bbox 1881 973 3462 1053">
     <span class='ocr_line' id='line_1_53' title="bbox 1881 973 3462 1053; baseline 0.009 -26"><span class='ocrx_word' id='word_1_363' title='bbox 1881 973 2086 1044; x_wconf 87' lang='lat' dir='ltr'><strong>plateas</strong></span> <span class='ocrx_word' id='word_1_364' title='bbox 2114 976 2424 1042; x_wconf 70' lang='lat' dir='ltr'><strong>detrabtmt,</strong></span> <span class='ocrx_word' id='word_1_365' title='bbox 2468 980 2717 1036; x_wconf 90' lang='lat' dir='ltr'><strong>manibus</strong></span> <span class='ocrx_word' id='word_1_366' title='bbox 2759 989 2883 1050; x_wconf 90' lang='lat' dir='ltr'><strong>post</strong></span> <span class='ocrx_word' id='word_1_367' title='bbox 2936 990 3147 1053; x_wconf 83' lang='lat' dir='ltr'><strong>tergum</strong></span> <span class='ocrx_word' id='word_1_368' title='bbox 3199 984 3462 1053; x_wconf 87' lang='lat' dir='ltr'><strong>vinctum,</strong></span> 
     </span>
    </p>
   </div>
   <div class='ocr_carea' id='block_1_54' title="bbox 1880 1065 3462 1145">
    <p class='ocr_par' dir='ltr' id='par_1_54' title="bbox 1880 1065 3462 1145">
     <span class='ocr_line' id='line_1_54' title="bbox 1880 1065 3462 1145; baseline 0.011 -27"><span class='ocrx_word' id='word_1_369' title='bbox 1880 1065 1967 1120; x_wconf 85' lang='lat' dir='ltr'><strong>vel</strong></span> <span class='ocrx_word' id='word_1_370' title='bbox 1990 1067 2198 1123; x_wconf 87' lang='lat' dir='ltr'><strong>catenis</strong></span> <span class='ocrx_word' id='word_1_371' title='bbox 2216 1067 2418 1130; x_wconf 85' lang='lat' dir='ltr'><strong>.ferreis</strong></span> <span class='ocrx_word' id='word_1_372' title='bbox 2449 1069 2728 1141; x_wconf 88' lang='lat' dir='ltr'><strong>alligatum</strong></span> <span class='ocrx_word' id='word_1_373' title='bbox 2753 1086 2768 1125; x_wconf 92' lang='lat'><strong>:</strong></span> <span class='ocrx_word' id='word_1_374' title='bbox 2795 1081 2956 1144; x_wconf 91' lang='lat' dir='ltr'><strong>atque</strong></span> <span class='ocrx_word' id='word_1_375' title='bbox 2981 1091 3088 1131; x_wconf 88' lang='lat' dir='ltr'><strong>non</strong></span> <span class='ocrx_word' id='word_1_376' title='bbox 3112 1084 3233 1145; x_wconf 90' lang='lat' dir='ltr'><strong>post</strong></span> <span class='ocrx_word' id='word_1_377' title='bbox 3264 1076 3462 1135; x_wconf 78' lang='lat' dir='ltr'><strong>multos</strong></span> 
     </span>
    </p>
   </div>
   <div class='ocr_carea' id='block_1_55' title="bbox 1882 1155 3463 1232">
    <p class='ocr_par' dir='ltr' id='par_1_55' title="bbox 1882 1155 3463 1232">
     <span class='ocr_line' id='line_1_55' title="bbox 1882 1155 3463 1232; baseline 0.005 -17"><span class='ocrx_word' id='word_1_378' title='bbox 1882 1155 1996 1216; x_wconf 89' lang='lat' dir='ltr'><strong>dies</strong></span> <span class='ocrx_word' id='word_1_379' title='bbox 2020 1157 2144 1212; x_wconf 91' lang='lat' dir='ltr'><strong>duci</strong></span> <span class='ocrx_word' id='word_1_380' title='bbox 2170 1159 2428 1216; x_wconf 88' lang='lat' dir='ltr'><strong>Africano</strong></span> <span class='ocrx_word' id='word_1_381' title='bbox 2455 1163 2479 1201; x_wconf 75' lang='grc' dir='ltr'>ε</span> <span class='ocrx_word' id='word_1_382' title='bbox 2508 1161 2603 1232; x_wconf 81' lang='lat' dir='ltr'><strong>qui</strong></span> <span class='ocrx_word' id='word_1_383' title='bbox 2636 1162 2737 1220; x_wconf 84' lang='lat' dir='ltr'><strong>hoc</strong></span> <span class='ocrx_word' id='word_1_384' title='bbox 2762 1171 2822 1217; x_wconf 92' lang='lat' dir='ltr'><strong>ut</strong></span> <span class='ocrx_word' id='word_1_385' title='bbox 2860 1163 3043 1220; x_wconf 84' lang='lat' dir='ltr'><strong>ferunt</strong></span> <span class='ocrx_word' id='word_1_386' title='bbox 3077 1164 3215 1221; x_wconf 89' lang='lat' dir='ltr'><strong>clam</strong></span> <span class='ocrx_word' id='word_1_387' title='bbox 3241 1167 3345 1222; x_wconf 89' lang='lat' dir='ltr'><strong>iter</strong></span> <span class='ocrx_word' id='word_1_388' title='bbox 3375 1182 3463 1222; x_wconf 91' lang='lat' dir='ltr'><strong>or-</strong></span> 
     </span>
    </p>
   </div>
   <div class='ocr_carea' id='block_1_56' title="bbox 1883 1247 3463 1324">
    <p class='ocr_par' dir='ltr' id='par_1_56' title="bbox 1883 1247 3463 1324">
     <span class='ocr_line' id='line_1_56' title="bbox 1883 1247 3463 1324; baseline 0.009 -24"><span class='ocrx_word' id='word_1_389' title='bbox 1883 1247 2134 1315; x_wconf 89' lang='lat' dir='ltr'><strong>dinando,</strong></span> <span class='ocrx_word' id='word_1_390' title='bbox 2173 1250 2462 1321; x_wconf 87' lang='lat' dir='ltr'><strong>Alhaytam</strong></span> <span class='ocrx_word' id='word_1_391' title='bbox 2508 1253 2816 1307; x_wconf 87' lang='lat' dir='ltr'><strong>reddiderat</strong></span> <span class='ocrx_word' id='word_1_392' title='bbox 2845 1255 3128 1324; x_wconf 88' lang='lat' dir='ltr'><strong>monitum,</strong></span> <span class='ocrx_word' id='word_1_393' title='bbox 3153 1259 3254 1313; x_wconf 87' lang='lat' dir='ltr'><strong>sub</strong></span> <span class='ocrx_word' id='word_1_394' title='bbox 3282 1266 3463 1314; x_wconf 89' lang='lat' dir='ltr'><strong>custo-</strong></span> 
     </span>
    </p>
   </div>
   <div class='ocr_carea' id='block_1_57' title="bbox 1883 1338 3464 1418">
    <p class='ocr_par' dir='ltr' id='par_1_57' title="bbox 1883 1338 3464 1418">
     <span class='ocr_line' id='line_1_57' title="bbox 1883 1338 3464 1418; baseline 0.008 -25"><span class='ocrx_word' id='word_1_395' title='bbox 1883 1338 1970 1393; x_wconf 92' lang='lat' dir='ltr'><strong>dia</strong></span> <span class='ocrx_word' id='word_1_396' title='bbox 2021 1346 2404 1410; x_wconf 90' lang='lat' dir='ltr'><strong>retemptatum</strong></span> <span class='ocrx_word' id='word_1_397' title='bbox 2469 1341 2654 1414; x_wconf 88' lang='lat' dir='ltr'><strong>dirigit</strong></span> <span class='ocrx_word' id='word_1_398' title='bbox 2706 1346 3158 1416; x_wconf 85' lang='lat' dir='ltr'><strong>praesentandum.</strong></span> <span class='ocrx_word' id='word_1_399' title='bbox 3222 1347 3464 1418; x_wconf 82' lang='lat' dir='ltr'><strong>Denique</strong></span> 
     </span>
    </p>
   </div>
   <div class='ocr_carea' id='block_1_58' title="bbox 1883 1431 3464 1510">
    <p class='ocr_par' dir='ltr' id='par_1_58' title="bbox 1883 1431 3464 1510">
     <span class='ocr_line' id='line_1_58' title="bbox 1883 1431 3464 1510; baseline 0.006 -25"><span class='ocrx_word' id='word_1_400' title='bbox 1883 1431 2010 1486; x_wconf 90' lang='lat' dir='ltr'><strong>dum</strong></span> <span class='ocrx_word' id='word_1_401' title='bbox 2035 1431 2163 1502; x_wconf 92' lang='lat' dir='ltr'><strong>quid</strong></span> <span class='ocrx_word' id='word_1_402' title='bbox 2209 1432 2276 1488; x_wconf 93' lang='lat' dir='ltr'><strong>de</strong></span> <span class='ocrx_word' id='word_1_403' title='bbox 2323 1449 2387 1490; x_wconf 88' lang='lat' dir='ltr'><strong>eo</strong></span> <span class='ocrx_word' id='word_1_404' title='bbox 2415 1433 2568 1489; x_wconf 78' lang='lat' dir='ltr'><strong>fieret</strong></span> <span class='ocrx_word' id='word_1_405' title='bbox 2609 1449 2640 1488; x_wconf 91' lang='lat' dir='ltr'><strong>a</strong></span> <span class='ocrx_word' id='word_1_406' title='bbox 2667 1434 2936 1506; x_wconf 90' lang='lat' dir='ltr'><strong>regalibus</strong></span> <span class='ocrx_word' id='word_1_407' title='bbox 2965 1437 3182 1493; x_wconf 89' lang='lat' dir='ltr'><strong>sedibus</strong></span> <span class='ocrx_word' id='word_1_408' title='bbox 3207 1439 3351 1510; x_wconf 87' lang='lat' dir='ltr'><strong>regis</strong></span> <span class='ocrx_word' id='word_1_409' title='bbox 3369 1455 3464 1494; x_wconf 81' lang='lat' dir='ltr'><strong>ex-</strong></span> 
     </span>
    </p>
   </div>
   <div class='ocr_carea' id='block_1_59' title="bbox 1882 1524 3567 1595">
    <p class='ocr_par' dir='ltr' id='par_1_59' title="bbox 1882 1524 3567 1595">
     <span class='ocr_line' id='line_1_59' title="bbox 1882 1524 3567 1595; baseline 0.008 -21"><span class='ocrx_word' id='word_1_410' title='bbox 1882 1529 2239 1592; x_wconf 86' lang='lat' dir='ltr'><strong>spectaretur,</strong></span> <span class='ocrx_word' id='word_1_411' title='bbox 2276 1524 2448 1595; x_wconf 86' lang='lat' dir='ltr'><strong>stylus</strong></span> <span class='ocrx_word' id='word_1_412' title='bbox 2481 1524 2666 1579; x_wconf 90' lang='lat' dir='ltr'><strong>multis</strong></span> <span class='ocrx_word' id='word_1_413' title='bbox 2707 1527 3250 1586; x_wconf 88' lang='lat' dir='ltr'><strong>sermocinationibus</strong></span> <span class='ocrx_word' id='word_1_414' title='bbox 3292 1530 3464 1586; x_wconf 88' lang='lat' dir='ltr'><strong>invol-</strong></span> <span class='ocrx_word' id='word_1_415' title='bbox 3563 1551 3567 1554; x_wconf 61' lang='lat'><em>‘</em></span> 
     </span>
    </p>
   </div>
   <div class='ocr_carea' id='block_1_60' title="bbox 1881 1612 3464 1687">
    <p class='ocr_par' dir='ltr' id='par_1_60' title="bbox 1881 1612 3464 1687">
     <span class='ocr_line' id='line_1_60' title="bbox 1881 1612 3464 1687; baseline 0.007 -21"><span class='ocrx_word' id='word_1_416' title='bbox 1881 1612 2046 1679; x_wconf 90' lang='lat' dir='ltr'><strong>vitur,</strong></span> <span class='ocrx_word' id='word_1_417' title='bbox 2073 1621 2128 1668; x_wconf 90' lang='lat' dir='ltr'><strong>et</strong></span> <span class='ocrx_word' id='word_1_418' title='bbox 2158 1614 2384 1672; x_wconf 80' lang='lat' dir='ltr'><strong>diversis</strong></span> <span class='ocrx_word' id='word_1_419' title='bbox 2405 1613 2626 1684; x_wconf 91' lang='lat' dir='ltr'><strong>judiciis</strong></span> <span class='ocrx_word' id='word_1_420' title='bbox 2651 1615 2928 1687; x_wconf 89' lang='lat' dir='ltr'><strong>impetitur</strong></span> <span class='ocrx_word' id='word_1_421' title='bbox 2956 1618 3008 1671; x_wconf 69' lang='grc' dir='ltr'><strong>ιι.</strong></span> <span class='ocrx_word' id='word_1_422' title='bbox 3040 1617 3148 1675; x_wconf 89' lang='lat' dir='ltr'><strong>Sed</strong></span> <span class='ocrx_word' id='word_1_423' title='bbox 3175 1635 3297 1676; x_wconf 89' lang='lat' dir='ltr'><strong>cum</strong></span> <span class='ocrx_word' id='word_1_424' title='bbox 3323 1622 3464 1677; x_wconf 89' lang='lat' dir='ltr'><strong>nihil</strong></span> 
     </span>
    </p>
   </div>
   <div class='ocr_carea' id='block_1_61' title="bbox 1881 1705 3465 1786">
    <p class='ocr_par' dir='ltr' id='par_1_61' title="bbox 1881 1705 3465 1786">
     <span class='ocr_line' id='line_1_61' title="bbox 1881 1705 3465 1786; baseline 0.006 -25"><span class='ocrx_word' id='word_1_425' title='bbox 1881 1705 1930 1761; x_wconf 92' lang='lat' dir='ltr'><strong>ei</strong></span> <span class='ocrx_word' id='word_1_426' title='bbox 1956 1705 2237 1772; x_wconf 85' lang='lat' dir='ltr'><strong>inferrent,</strong></span> <span class='ocrx_word' id='word_1_427' title='bbox 2269 1708 2333 1763; x_wconf 92' lang='lat' dir='ltr'><strong>de</strong></span> <span class='ocrx_word' id='word_1_428' title='bbox 2352 1706 2441 1762; x_wconf 90' lang='lat' dir='ltr'><strong>die</strong></span> <span class='ocrx_word' id='word_1_429' title='bbox 2464 1707 2520 1762; x_wconf 90' lang='lat' dir='ltr'><strong>in</strong></span> <span class='ocrx_word' id='word_1_430' title='bbox 2547 1709 2688 1764; x_wconf 90' lang='lat' dir='ltr'><strong>diem</strong></span> <span class='ocrx_word' id='word_1_431' title='bbox 2713 1712 3097 1778; x_wconf 84' lang='lat' dir='ltr'><strong>evanescendo,</strong></span> <span class='ocrx_word' id='word_1_432' title='bbox 3127 1728 3224 1783; x_wconf 89' lang='lat' dir='ltr'><strong>per</strong></span> <span class='ocrx_word' id='word_1_433' title='bbox 3243 1715 3465 1786; x_wconf 91' lang='lat' dir='ltr'><strong>longum</strong></span> 
     </span>
    </p>
   </div>
   <div class='ocr_carea' id='block_1_62' title="bbox 1882 1797 3468 1870">
    <p class='ocr_par' dir='ltr' id='par_1_62' title="bbox 1882 1797 3468 1870">
     <span class='ocr_line' id='line_1_62' title="bbox 1882 1797 3468 1870; baseline 0.007 -19"><span class='ocrx_word' id='word_1_434' title='bbox 1882 1797 2100 1853; x_wconf 87' lang='lat' dir='ltr'><strong>evanuit</strong></span> <span class='ocrx_word' id='word_1_435' title='bbox 2126 1807 2358 1870; x_wconf 89' lang='lat' dir='ltr'><strong>tempus,</strong></span> <span class='ocrx_word' id='word_1_436' title='bbox 2404 1809 2460 1856; x_wconf 91' lang='lat' dir='ltr'><strong>et</strong></span> <span class='ocrx_word' id='word_1_437' title='bbox 2493 1801 2619 1870; x_wconf 91' lang='lat' dir='ltr'><strong>quia</strong></span> <span class='ocrx_word' id='word_1_438' title='bbox 2648 1816 2772 1856; x_wconf 91' lang='lat' dir='ltr'><strong>cum</strong></span> <span class='ocrx_word' id='word_1_439' title='bbox 2795 1800 3068 1858; x_wconf 84' lang='lat' dir='ltr'><strong>Africanis</strong></span> <span class='ocrx_word' id='word_1_440' title='bbox 3098 1806 3118 1845; x_wconf 71' lang='grc' dir='ltr'><strong>ί</strong></span> <span class='ocrx_word' id='word_1_441' title='bbox 3148 1807 3468 1862; x_wconf 78' lang='lat' dir='ltr'><strong>adventaret</strong></span> 
     </span>
    </p>
   </div>
   <div class='ocr_carea' id='block_1_63' title="bbox 1880 1890 3466 1964">
    <p class='ocr_par' dir='ltr' id='par_1_63' title="bbox 1880 1890 3466 1964">
     <span class='ocr_line' id='line_1_63' title="bbox 1880 1890 3466 1964; baseline 0.004 -20"><span class='ocrx_word' id='word_1_442' title='bbox 1880 1891 2126 1961; x_wconf 88' lang='lat' dir='ltr'><strong>partibus</strong></span> <span class='ocrx_word' id='word_1_443' title='bbox 2149 1890 2402 1946; x_wconf 85' lang='lat' dir='ltr'><strong>Mammet</strong></span> <span class='ocrx_word' id='word_1_444' title='bbox 2419 1891 2654 1947; x_wconf 85' lang='lat' dir='ltr'><strong>Alarcila</strong></span> <span class='ocrx_word' id='word_1_445' title='bbox 2675 1892 2792 1964; x_wconf 89' lang='lat' dir='ltr'><strong>ejus</strong></span> <span class='ocrx_word' id='word_1_446' title='bbox 2810 1893 2929 1951; x_wconf 90' lang='lat' dir='ltr'><strong>vice</strong></span> <span class='ocrx_word' id='word_1_447' title='bbox 2950 1895 3006 1949; x_wconf 89' lang='lat' dir='ltr'><strong>in</strong></span> <span class='ocrx_word' id='word_1_448' title='bbox 3033 1894 3152 1952; x_wconf 90' lang='lat' dir='ltr'><strong>loco</strong></span> <span class='ocrx_word' id='word_1_449' title='bbox 3181 1895 3466 1953; x_wconf 73' lang='lat' dir='ltr'><strong>exstiterat</strong></span> 
     </span>
    </p>
   </div>
   <div class='ocr_carea' id='block_1_64' title="bbox 1881 1969 2614 2054">
    <p class='ocr_par' dir='ltr' id='par_1_64' title="bbox 1881 1969 2614 2054">
     <span class='ocr_line' id='line_1_64' title="bbox 1881 1969 2614 2054; baseline 0.003 -16"><span class='ocrx_word' id='word_1_450' title='bbox 1881 1983 2090 2054; x_wconf 90' lang='lat' dir='ltr'><strong>positus</strong></span> <span class='ocrx_word' id='word_1_451' title='bbox 2115 1969 2300 2039; x_wconf 64' lang='lat' dir='ltr'><strong>mimse</strong></span> <span class='ocrx_word' id='word_1_452' title='bbox 2327 1983 2614 2054; x_wconf 88' lang='lat' dir='ltr'><strong>completo.</strong></span> 
     </span>
    </p>
   </div>
   <div class='ocr_carea' id='block_1_65' title="bbox 1954 2076 3465 2150">
    <p class='ocr_par' dir='ltr' id='par_1_65' title="bbox 1954 2076 3465 2150">
     <span class='ocr_line' id='line_1_65' title="bbox 1954 2076 3465 2150; baseline 0.004 -20"><span class='ocrx_word' id='word_1_453' title='bbox 1954 2076 2042 2132; x_wconf 83' lang='lat'><strong>58.</strong></span> <span class='ocrx_word' id='word_1_454' title='bbox 2068 2077 2435 2132; x_wconf 88' lang='lat' dir='ltr'><strong>Abderraman</strong></span> <span class='ocrx_word' id='word_1_455' title='bbox 2454 2077 2540 2132; x_wconf 91' lang='lat' dir='ltr'><strong>vir</strong></span> <span class='ocrx_word' id='word_1_456' title='bbox 2577 2077 2801 2150; x_wconf 91' lang='lat' dir='ltr'><strong>belliger</strong></span> <span class='ocrx_word' id='word_1_457' title='bbox 2824 2078 2879 2134; x_wconf 92' lang='lat' dir='ltr'><strong>in</strong></span> <span class='ocrx_word' id='word_1_458' title='bbox 2903 2093 3012 2135; x_wconf 63' lang='lat' dir='ltr'><strong>atra</strong></span> <span class='ocrx_word' id='word_1_459' title='bbox 3035 2078 3158 2147; x_wconf 88' lang='lat'><strong>769,</strong></span> <span class='ocrx_word' id='word_1_460' title='bbox 3189 2094 3332 2136; x_wconf 92' lang='lat' dir='ltr'><strong>anno</strong></span> <span class='ocrx_word' id='word_1_461' title='bbox 3361 2081 3465 2137; x_wconf 88' lang='lat' dir='ltr'><strong>im-</strong></span> 
     </span>
    </p>
   </div>
   <div class='ocr_carea' id='block_1_66' title="bbox 1882 2168 3462 2242">
    <p class='ocr_par' dir='ltr' id='par_1_66' title="bbox 1882 2168 3462 2242">
     <span class='ocr_line' id='line_1_66' title="bbox 1882 2168 3462 2242; baseline 0.002 -16"><span class='ocrx_word' id='word_1_462' title='bbox 1882 2170 2018 2242; x_wconf 88' lang='lat' dir='ltr'><strong>perii</strong></span> <span class='ocrx_word' id='word_1_463' title='bbox 2066 2168 2306 2239; x_wconf 89' lang='lat' dir='ltr'><strong>ejusdem</strong></span> <span class='ocrx_word' id='word_1_464' title='bbox 2351 2170 2671 2227; x_wconf 89' lang='lat' dir='ltr'><strong>duodecimo</strong></span> <span class='ocrx_word' id='word_1_465' title='bbox 2700 2171 3028 2238; x_wconf 88' lang='lat' dir='ltr'><strong>semissario,</strong></span> <span class='ocrx_word' id='word_1_466' title='bbox 3066 2173 3305 2229; x_wconf 87' lang='lat' dir='ltr'><strong>Arabum</strong></span> <span class='ocrx_word' id='word_1_467' title='bbox 3337 2175 3462 2241; x_wconf 79' lang='grc'><strong>115,</strong></span> 
     </span>
    </p>
   </div>
   <div class='ocr_carea' id='block_1_67' title="bbox 1857 2261 3469 2337">
    <p class='ocr_par' dir='ltr' id='par_1_67' title="bbox 1857 2261 3469 2337">
     <span class='ocr_line' id='line_1_67' title="bbox 1857 2261 3469 2337; baseline 0.005 -20"><span class='ocrx_word' id='word_1_468' title='bbox 1857 2261 2104 2318; x_wconf 73' lang='lat' dir='ltr'><strong>&#39;Hiscam</strong></span> <span class='ocrx_word' id='word_1_469' title='bbox 2132 2262 2185 2329; x_wconf 89' lang='lat'><strong>9,</strong></span> <span class='ocrx_word' id='word_1_470' title='bbox 2209 2263 2264 2316; x_wconf 92' lang='lat' dir='ltr'><strong>in</strong></span> <span class='ocrx_word' id='word_1_471' title='bbox 2294 2271 2558 2333; x_wconf 86' lang='lat' dir='ltr'><strong>potestate</strong></span> <span class='ocrx_word' id='word_1_472' title='bbox 2588 2273 2844 2337; x_wconf 83' lang='lat' dir='ltr'><strong>preperat</strong></span> <span class='ocrx_word' id='word_1_473' title='bbox 2864 2265 3223 2334; x_wconf 66' lang='lat' dir='ltr'><strong>laetabundus,</strong></span> <span class='ocrx_word' id='word_1_474' title='bbox 3254 2269 3469 2325; x_wconf 89' lang='lat' dir='ltr'><strong>cunctis</strong></span> 
     </span>
    </p>
   </div>
   <div class='ocr_carea' id='block_1_68' title="bbox 1882 2353 3471 2426">
    <p class='ocr_par' dir='ltr' id='par_1_68' title="bbox 1882 2353 3471 2426">
     <span class='ocr_line' id='line_1_68' title="bbox 1882 2353 3471 2426; baseline 0.004 -17"><span class='ocrx_word' id='word_1_475' title='bbox 1882 2369 1981 2424; x_wconf 85' lang='lat' dir='ltr'><strong>per</strong></span> <span class='ocrx_word' id='word_1_476' title='bbox 2005 2354 2296 2408; x_wconf 88' lang='lat' dir='ltr'><strong>triennium</strong></span> <span class='ocrx_word' id='word_1_477' title='bbox 2318 2353 2472 2410; x_wconf 88' lang='lat' dir='ltr'><strong>valde</strong></span> <span class='ocrx_word' id='word_1_478' title='bbox 2493 2355 2766 2425; x_wconf 72' lang='lat' dir='ltr'><strong>praelatus.</strong></span> <span class='ocrx_word' id='word_1_479' title='bbox 2792 2355 3034 2426; x_wconf 88' lang='lat' dir='ltr'><strong>Cumque</strong></span> <span class='ocrx_word' id='word_1_480' title='bbox 3073 2357 3299 2413; x_wconf 89' lang='lat' dir='ltr'><strong>nimium</strong></span> <span class='ocrx_word' id='word_1_481' title='bbox 3322 2368 3471 2415; x_wconf 87' lang='lat' dir='ltr'><strong>esset</strong></span> 
     </span>
    </p>
   </div>
   <div class='ocr_carea' id='block_1_69' title="bbox 1887 2445 3470 2518">
    <p class='ocr_par' dir='ltr' id='par_1_69' title="bbox 1887 2445 3470 2518">
     <span class='ocr_line' id='line_1_69' title="bbox 1887 2445 3470 2518; baseline 0.004 -17"><span class='ocrx_word' id='word_1_482' title='bbox 1887 2446 2229 2502; x_wconf 84' lang='lat' dir='ltr'><strong>animositate</strong></span> <span class='ocrx_word' id='word_1_483' title='bbox 2270 2455 2325 2501; x_wconf 88' lang='lat' dir='ltr'><strong>et</strong></span> <span class='ocrx_word' id='word_1_484' title='bbox 2370 2445 2540 2518; x_wconf 89' lang='lat' dir='ltr'><strong>gloria</strong></span> <span class='ocrx_word' id='word_1_485' title='bbox 2572 2448 2851 2518; x_wconf 85' lang='lat' dir='ltr'><strong>praeditus,</strong></span> <span class='ocrx_word' id='word_1_486' title='bbox 2888 2465 3030 2506; x_wconf 91' lang='lat' dir='ltr'><strong>unus</strong></span> <span class='ocrx_word' id='word_1_487' title='bbox 3062 2465 3132 2506; x_wconf 80' lang='lat' dir='ltr'><strong>ex</strong></span> <span class='ocrx_word' id='word_1_488' title='bbox 3162 2449 3470 2508; x_wconf 79' lang='lat' dir='ltr'><strong>Maurorum</strong></span> 
     </span>
    </p>
   </div>
   <div class='ocr_carea' id='block_1_70' title="bbox 1887 2538 3471 2616">
    <p class='ocr_par' dir='ltr' id='par_1_70' title="bbox 1887 2538 3471 2616">
     <span class='ocr_line' id='line_1_70' title="bbox 1887 2538 3471 2616; baseline 0.005 -21"><span class='ocrx_word' id='word_1_489' title='bbox 1887 2550 2048 2611; x_wconf 89' lang='lat' dir='ltr'><strong>gente</strong></span> <span class='ocrx_word' id='word_1_490' title='bbox 2077 2539 2296 2594; x_wconf 89' lang='lat' dir='ltr'><strong>nomine</strong></span> <span class='ocrx_word' id='word_1_491' title='bbox 2320 2539 2535 2595; x_wconf 79' lang='lat' dir='ltr'><strong>Munniz</strong></span> <span class='ocrx_word' id='word_1_492' title='bbox 2560 2538 2606 2605; x_wconf 88' lang='lat' dir='ltr'><strong>i,</strong></span> <span class='ocrx_word' id='word_1_493' title='bbox 2635 2543 2858 2598; x_wconf 88' lang='lat' dir='ltr'><strong>audiens</strong></span> <span class='ocrx_word' id='word_1_494' title='bbox 2881 2559 2980 2613; x_wconf 90' lang='lat' dir='ltr'><strong>per</strong></span> <span class='ocrx_word' id='word_1_495' title='bbox 3007 2544 3193 2616; x_wconf 66' lang='lat' dir='ltr'><strong>Libya:</strong></span> <span class='ocrx_word' id='word_1_496' title='bbox 3213 2545 3348 2602; x_wconf 82' lang='lat' dir='ltr'><strong>fines</strong></span> <span class='ocrx_word' id='word_1_497' title='bbox 3375 2546 3471 2602; x_wconf 85' lang='lat' dir='ltr'><strong>Ju-</strong></span> 
     </span>
    </p>
   </div>
   <div class='ocr_carea' id='block_1_71' title="bbox 1888 2631 3474 2710">
    <p class='ocr_par' dir='ltr' id='par_1_71' title="bbox 1888 2631 3474 2710">
     <span class='ocr_line' id='line_1_71' title="bbox 1888 2631 3474 2710; baseline 0.006 -22"><span class='ocrx_word' id='word_1_498' title='bbox 1888 2631 2069 2688; x_wconf 88' lang='lat' dir='ltr'><strong>dicum</strong></span> <span class='ocrx_word' id='word_1_499' title='bbox 2111 2647 2253 2687; x_wconf 67' lang='lat' dir='ltr'><strong>saeva</strong></span> <span class='ocrx_word' id='word_1_500' title='bbox 2308 2635 2616 2690; x_wconf 84' lang='lat' dir='ltr'><strong>temeritate</strong></span> <span class='ocrx_word' id='word_1_501' title='bbox 2663 2636 2895 2706; x_wconf 88' lang='lat' dir='ltr'><strong>opprimi</strong></span> <span class='ocrx_word' id='word_1_502' title='bbox 2938 2653 3084 2704; x_wconf 89' lang='lat' dir='ltr'><strong>suos,</strong></span> <span class='ocrx_word' id='word_1_503' title='bbox 3117 2654 3335 2710; x_wconf 87' lang='lat' dir='ltr'><strong>pacem,</strong></span> <span class='ocrx_word' id='word_1_504' title='bbox 3369 2655 3474 2699; x_wconf 81' lang='lat' dir='ltr'><strong>nec</strong></span> 
     </span>
    </p>
   </div>
   <div class='ocr_carea' id='block_1_72' title="bbox 1886 2727 3474 2805">
    <p class='ocr_par' dir='ltr' id='par_1_72' title="bbox 1886 2727 3474 2805">
     <span class='ocr_line' id='line_1_72' title="bbox 1886 2727 3474 2805; baseline 0.006 -24"><span class='ocrx_word' id='word_1_505' title='bbox 1886 2741 2039 2781; x_wconf 89' lang='lat' dir='ltr'><strong>mora</strong></span> <span class='ocrx_word' id='word_1_506' title='bbox 2078 2741 2244 2796; x_wconf 88' lang='lat' dir='ltr'><strong>agens</strong></span> <span class='ocrx_word' id='word_1_507' title='bbox 2271 2741 2393 2782; x_wconf 90' lang='lat' dir='ltr'><strong>cum</strong></span> <span class='ocrx_word' id='word_1_508' title='bbox 2425 2727 2668 2793; x_wconf 88' lang='lat' dir='ltr'><strong>Francis,</strong></span> <span class='ocrx_word' id='word_1_509' title='bbox 2713 2730 3052 2799; x_wconf 87' lang='lat' dir='ltr'><strong>tyrannidem</strong></span> <span class='ocrx_word' id='word_1_510' title='bbox 3091 2732 3236 2789; x_wconf 88' lang='lat' dir='ltr'><strong>illico</strong></span> <span class='ocrx_word' id='word_1_511' title='bbox 3263 2749 3474 2805; x_wconf 76' lang='lat' dir='ltr'><strong>praepa-</strong></span> 
     </span>
    </p>
   </div>
   <div class='ocr_carea' id='block_1_73' title="bbox 1887 2818 3486 2893">
    <p class='ocr_par' dir='ltr' id='par_1_73' title="bbox 1887 2818 3486 2893">
     <span class='ocr_line' id='line_1_73' title="bbox 1887 2818 3486 2893; baseline 0.004 -19"><span class='ocrx_word' id='word_1_512' title='bbox 1887 2826 1974 2874; x_wconf 85' lang='lat' dir='ltr'><strong>rat</strong></span> <span class='ocrx_word' id='word_1_513' title='bbox 1999 2819 2259 2874; x_wconf 89' lang='lat' dir='ltr'><strong>adversus</strong></span> <span class='ocrx_word' id='word_1_514' title='bbox 2280 2818 2551 2889; x_wconf 71' lang='lat' dir='ltr'><strong>Hispania:</strong></span> <span class='ocrx_word' id='word_1_515' title='bbox 2588 2820 2888 2879; x_wconf 86' lang='lat' dir='ltr'><strong>Saracenos</strong></span> <span class='ocrx_word' id='word_1_516' title='bbox 2909 2861 2923 2888; x_wconf 87' lang='lat'><strong>,</strong></span> <span class='ocrx_word' id='word_1_517' title='bbox 2971 2830 3028 2879; x_wconf 89' lang='lat' dir='ltr'><strong>et</strong></span> <span class='ocrx_word' id='word_1_518' title='bbox 3054 2824 3181 2893; x_wconf 90' lang='lat' dir='ltr'><strong>quia</strong></span> <span class='ocrx_word' id='word_1_519' title='bbox 3208 2834 3327 2880; x_wconf 92' lang='lat' dir='ltr'><strong>erat</strong></span> <span class='ocrx_word' id='word_1_520' title='bbox 3365 2824 3486 2881; x_wconf 63' lang='grc' dir='ltr'><strong>ἴοι-ιι.</strong></span> 
     </span>
    </p>
   </div>
   <div class='ocr_carea' id='block_1_74' title="bbox 1889 2908 3482 2985">
    <p class='ocr_par' dir='ltr' id='par_1_74' title="bbox 1889 2908 3482 2985">
     <span class='ocr_line' id='line_1_74' title="bbox 1889 2908 3482 2985; baseline 0.007 -23"><span class='ocrx_word' id='word_1_521' title='bbox 1889 2908 2017 2964; x_wconf 89' lang='lat' dir='ltr'><strong>titer</strong></span> <span class='ocrx_word' id='word_1_522' title='bbox 2056 2908 2112 2963; x_wconf 91' lang='lat' dir='ltr'><strong>in</strong></span> <span class='ocrx_word' id='word_1_523' title='bbox 2155 2908 2342 2978; x_wconf 69' lang='lat' dir='ltr'><strong>praalio</strong></span> <span class='ocrx_word' id='word_1_524' title='bbox 2367 2910 2683 2980; x_wconf 85' lang='lat' dir='ltr'><strong>expeditus,</strong></span> <span class='ocrx_word' id='word_1_525' title='bbox 2727 2927 2917 2968; x_wconf 88' lang='lat' dir='ltr'><strong>omnes</strong></span> <span class='ocrx_word' id='word_1_526' title='bbox 2947 2913 3051 2970; x_wconf 91' lang='lat' dir='ltr'><strong>hoc</strong></span> <span class='ocrx_word' id='word_1_527' title='bbox 3087 2925 3482 2985; x_wconf 75' lang='lat' dir='ltr'><strong>cognoscentes</strong></span> 
     </span>
    </p>
   </div>
   <div class='ocr_carea' id='block_1_75' title="bbox 1889 3001 3475 3072">
    <p class='ocr_par' dir='ltr' id='par_1_75' title="bbox 1889 3001 3475 3072">
     <span class='ocr_line' id='line_1_75' title="bbox 1889 3001 3475 3072; baseline 0.006 -17"><span class='ocrx_word' id='word_1_528' title='bbox 1889 3001 2048 3056; x_wconf 88' lang='lat' dir='ltr'><strong>divisi</strong></span> <span class='ocrx_word' id='word_1_529' title='bbox 2078 3010 2203 3058; x_wconf 90' lang='lat' dir='ltr'><strong>sunt</strong></span> <span class='ocrx_word' id='word_1_530' title='bbox 2230 3003 2278 3068; x_wconf 72' lang='grc' dir='ltr'><strong>ιι,</strong></span> <span class='ocrx_word' id='word_1_531' title='bbox 2308 3009 2365 3058; x_wconf 89' lang='lat' dir='ltr'><strong>et</strong></span> <span class='ocrx_word' id='word_1_532' title='bbox 2389 3003 2574 3072; x_wconf 91' lang='lat' dir='ltr'><strong>palatii</strong></span> <span class='ocrx_word' id='word_1_533' title='bbox 2599 3007 2954 3061; x_wconf 87' lang='lat' dir='ltr'><strong>conturbatur</strong></span> <span class='ocrx_word' id='word_1_534' title='bbox 2984 3013 3159 3063; x_wconf 85' lang='lat' dir='ltr'><strong>status</strong></span> <span class='ocrx_word' id='word_1_535' title='bbox 3191 3026 3204 3062; x_wconf 87' lang='lat'><strong>:</strong></span> <span class='ocrx_word' id='word_1_536' title='bbox 3237 3009 3331 3065; x_wconf 88' lang='lat' dir='ltr'><strong>sed</strong></span> <span class='ocrx_word' id='word_1_537' title='bbox 3365 3024 3475 3064; x_wconf 90' lang='lat' dir='ltr'><strong>non</strong></span> 
     </span>
    </p>
   </div>
   <div class='ocr_carea' id='block_1_76' title="bbox 1887 3092 3476 3167">
    <p class='ocr_par' dir='ltr' id='par_1_76' title="bbox 1887 3092 3476 3167">
     <span class='ocr_line' id='line_1_76' title="bbox 1887 3092 3476 3167; baseline 0.004 -19"><span class='ocrx_word' id='word_1_538' title='bbox 1887 3101 2012 3163; x_wconf 91' lang='lat' dir='ltr'><strong>post</strong></span> <span class='ocrx_word' id='word_1_539' title='bbox 2037 3092 2234 3148; x_wconf 87' lang='lat' dir='ltr'><strong>multos</strong></span> <span class='ocrx_word' id='word_1_540' title='bbox 2264 3093 2379 3149; x_wconf 89' lang='lat' dir='ltr'><strong>dies</strong></span> <span class='ocrx_word' id='word_1_541' title='bbox 2399 3094 2797 3164; x_wconf 84' lang='lat' dir='ltr'><strong>expeditionem</strong></span> <span class='ocrx_word' id='word_1_542' title='bbox 2827 3096 2998 3165; x_wconf 80' lang='lat' dir='ltr'><strong>praelii</strong></span> <span class='ocrx_word' id='word_1_543' title='bbox 3030 3098 3240 3167; x_wconf 85' lang='lat' dir='ltr'><strong>agitans</strong></span> <span class='ocrx_word' id='word_1_544' title='bbox 3265 3097 3476 3155; x_wconf 83' lang='lat' dir='ltr'><strong>Abder-</strong></span> 
     </span>
    </p>
   </div>
   <div class='ocr_carea' id='block_1_77' title="bbox 1887 3187 3472 3256">
    <p class='ocr_par' dir='ltr' id='par_1_77' title="bbox 1887 3187 3472 3256">
     <span class='ocr_line' id='line_1_77' title="bbox 1887 3187 3472 3256; baseline 0.002 -15"><span class='ocrx_word' id='word_1_545' title='bbox 1887 3199 2097 3241; x_wconf 88' lang='lat' dir='ltr'><strong>ramam</strong></span> <span class='ocrx_word' id='word_1_546' title='bbox 2133 3195 2626 3256; x_wconf 88' lang='lat' dir='ltr'><strong>supramemoratus</strong></span> <span class='ocrx_word' id='word_1_547' title='bbox 2664 3188 2678 3224; x_wconf 78' lang='grc' dir='ltr'>ι</span> <span class='ocrx_word' id='word_1_548' title='bbox 2735 3187 2988 3244; x_wconf 88' lang='lat' dir='ltr'><strong>rebellem</strong></span> <span class='ocrx_word' id='word_1_549' title='bbox 3025 3189 3472 3246; x_wconf 76' lang='lat' dir='ltr'><strong>immisericordi-</strong></span> 
     </span>
    </p>
   </div>
   <div class='ocr_carea' id='block_1_78' title="bbox 1886 3281 3471 3354">
    <p class='ocr_par' dir='ltr' id='par_1_78' title="bbox 1886 3281 3471 3354">
     <span class='ocr_line' id='line_1_78' title="bbox 1886 3281 3471 3354; baseline 0.001 -15"><span class='ocrx_word' id='word_1_550' title='bbox 1886 3289 1972 3339; x_wconf 87' lang='lat' dir='ltr'><strong>ter</strong></span> <span class='ocrx_word' id='word_1_551' title='bbox 2003 3282 2307 3354; x_wconf 86' lang='lat' dir='ltr'><strong>insequitur</strong></span> <span class='ocrx_word' id='word_1_552' title='bbox 2352 3285 2707 3338; x_wconf 89' lang='lat' dir='ltr'><strong>conturbatus</strong></span> <span class='ocrx_word' id='word_1_553' title='bbox 2730 3294 2793 3336; x_wconf 80' lang='grc' dir='ltr'><strong>ιιι.</strong></span> <span class='ocrx_word' id='word_1_554' title='bbox 2832 3281 3036 3352; x_wconf 86' lang='lat' dir='ltr'><strong>Nempe</strong></span> <span class='ocrx_word' id='word_1_555' title='bbox 3062 3285 3153 3340; x_wconf 88' lang='lat' dir='ltr'><strong>ubi</strong></span> <span class='ocrx_word' id='word_1_556' title='bbox 3200 3285 3258 3340; x_wconf 91' lang='lat' dir='ltr'><strong>in</strong></span> <span class='ocrx_word' id='word_1_557' title='bbox 3290 3283 3471 3341; x_wconf 85' lang='lat' dir='ltr'><strong>Cerri-</strong></span> 
     </span>
    </p>
   </div>
   <div class='ocr_carea' id='block_1_79' title="bbox 1887 3375 3470 3448">
    <p class='ocr_par' dir='ltr' id='par_1_79' title="bbox 1887 3375 3470 3448">
     <span class='ocr_line' id='line_1_79' title="bbox 1887 3375 3470 3448; baseline 0 -15"><span class='ocrx_word' id='word_1_558' title='bbox 1887 3377 2101 3433; x_wconf 88' lang='lat' dir='ltr'><strong>tanensi</strong></span> <span class='ocrx_word' id='word_1_559' title='bbox 2162 3377 2357 3447; x_wconf 91' lang='lat' dir='ltr'><strong>oppido</strong></span> <span class='ocrx_word' id='word_1_560' title='bbox 2409 3376 2678 3445; x_wconf 88' lang='lat' dir='ltr'><strong>reperitur</strong></span> <span class='ocrx_word' id='word_1_561' title='bbox 2724 3375 2956 3431; x_wconf 84' lang='lat' dir='ltr'><strong>vallatus</strong></span> <span class='ocrx_word' id='word_1_562' title='bbox 2978 3416 2994 3441; x_wconf 91' lang='lat'><strong>,</strong></span> <span class='ocrx_word' id='word_1_563' title='bbox 3043 3376 3321 3432; x_wconf 89' lang='lat' dir='ltr'><strong>obsidione</strong></span> <span class='ocrx_word' id='word_1_564' title='bbox 3371 3391 3470 3448; x_wconf 92' lang='lat' dir='ltr'><strong>op-</strong></span> 
     </span>
    </p>
   </div>
   <div class='ocr_carea' id='block_1_80' title="bbox 1886 3466 3473 3540">
    <p class='ocr_par' dir='ltr' id='par_1_80' title="bbox 1886 3466 3473 3540">
     <span class='ocr_line' id='line_1_80' title="bbox 1886 3466 3473 3540; baseline 0.002 -17"><span class='ocrx_word' id='word_1_565' title='bbox 1886 3481 2128 3540; x_wconf 88' lang='lat' dir='ltr'><strong>pressus,</strong></span> <span class='ocrx_word' id='word_1_566' title='bbox 2175 3475 2230 3523; x_wconf 89' lang='lat' dir='ltr'><strong>et</strong></span> <span class='ocrx_word' id='word_1_567' title='bbox 2275 3467 2586 3537; x_wconf 90' lang='lat' dir='ltr'><strong>aliquandiu</strong></span> <span class='ocrx_word' id='word_1_568' title='bbox 2637 3466 2780 3522; x_wconf 88' lang='lat' dir='ltr'><strong>infra</strong></span> <span class='ocrx_word' id='word_1_569' title='bbox 2817 3476 3078 3532; x_wconf 88' lang='lat' dir='ltr'><strong>muratus,</strong></span> <span class='ocrx_word' id='word_1_570' title='bbox 3117 3466 3324 3538; x_wconf 90' lang='lat' dir='ltr'><strong>judicio</strong></span> <span class='ocrx_word' id='word_1_571' title='bbox 3372 3469 3473 3526; x_wconf 87' lang='lat' dir='ltr'><strong>Dei</strong></span> 
     </span>
    </p>
   </div>
   <div class='ocr_carea' id='block_1_81' title="bbox 1889 3557 3478 3636">
    <p class='ocr_par' dir='ltr' id='par_1_81' title="bbox 1889 3557 3478 3636">
     <span class='ocr_line' id='line_1_81' title="bbox 1889 3557 3478 3636; baseline 0.002 -21"><span class='ocrx_word' id='word_1_572' title='bbox 1889 3559 2072 3615; x_wconf 87' lang='lat' dir='ltr'><strong>statim</strong></span> <span class='ocrx_word' id='word_1_573' title='bbox 2113 3559 2170 3614; x_wconf 92' lang='lat' dir='ltr'><strong>in</strong></span> <span class='ocrx_word' id='word_1_574' title='bbox 2211 3557 2392 3636; x_wconf 76' lang='lat' dir='ltr'><strong>fugam</strong></span> <span class='ocrx_word' id='word_1_575' title='bbox 2419 3558 2702 3630; x_wconf 90' lang='lat' dir='ltr'><strong>prosiliens</strong></span> <span class='ocrx_word' id='word_1_576' title='bbox 2756 3559 2897 3615; x_wconf 88' lang='lat' dir='ltr'><strong>cedit</strong></span> <span class='ocrx_word' id='word_1_577' title='bbox 2941 3568 3321 3616; x_wconf 80' lang='lat' dir='ltr'><strong>exauctoratus</strong></span> <span class='ocrx_word' id='word_1_578' title='bbox 3352 3575 3369 3615; x_wconf 87' lang='lat'><strong>:</strong></span> <span class='ocrx_word' id='word_1_579' title='bbox 3415 3568 3478 3618; x_wconf 77' lang='lat' dir='ltr'><strong>et</strong></span> 
     </span>
    </p>
   </div>
   <div class='ocr_carea' id='block_1_82' title="bbox 1890 3654 3474 3728">
    <p class='ocr_par' dir='ltr' id='par_1_82' title="bbox 1890 3654 3474 3728">
     <span class='ocr_line' id='line_1_82' title="bbox 1890 3654 3474 3728; baseline 0 -18"><span class='ocrx_word' id='word_1_580' title='bbox 1890 3656 2015 3728; x_wconf 83' lang='lat' dir='ltr'><strong>quia</strong></span> <span class='ocrx_word' id='word_1_581' title='bbox 2049 3670 2080 3711; x_wconf 88' lang='lat' dir='ltr'><strong>a</strong></span> <span class='ocrx_word' id='word_1_582' title='bbox 2115 3655 2376 3727; x_wconf 90' lang='lat' dir='ltr'><strong>sanguine</strong></span> <span class='ocrx_word' id='word_1_583' title='bbox 2401 3654 2850 3718; x_wconf 87' lang='lat' dir='ltr'><strong>Christianorum,</strong></span> <span class='ocrx_word' id='word_1_584' title='bbox 2878 3670 3040 3725; x_wconf 89' lang='lat' dir='ltr'><strong>quem</strong></span> <span class='ocrx_word' id='word_1_585' title='bbox 3069 3654 3268 3710; x_wconf 88' lang='lat' dir='ltr'><strong>ibidem</strong></span> <span class='ocrx_word' id='word_1_586' title='bbox 3318 3655 3474 3710; x_wconf 89' lang='lat' dir='ltr'><strong>inno-</strong></span> 
     </span>
    </p>
   </div>
   <div class='ocr_carea' id='block_1_83' title="bbox 1891 3745 3475 3816">
    <p class='ocr_par' dir='ltr' id='par_1_83' title="bbox 1891 3745 3475 3816">
     <span class='ocr_line' id='line_1_83' title="bbox 1891 3745 3475 3816; baseline -0.001 -13"><span class='ocrx_word' id='word_1_587' title='bbox 1891 3755 2099 3803; x_wconf 89' lang='lat' dir='ltr'><strong>centem</strong></span> <span class='ocrx_word' id='word_1_588' title='bbox 2121 3746 2352 3813; x_wconf 87' lang='lat' dir='ltr'><strong>fuderat,</strong></span> <span class='ocrx_word' id='word_1_589' title='bbox 2381 3745 2607 3802; x_wconf 91' lang='lat' dir='ltr'><strong>nimium</strong></span> <span class='ocrx_word' id='word_1_590' title='bbox 2635 3753 2753 3801; x_wconf 84' lang='lat' dir='ltr'><strong>erat</strong></span> <span class='ocrx_word' id='word_1_591' title='bbox 2779 3746 3107 3816; x_wconf 82' lang='lat' dir='ltr'><strong>crapulatus,</strong></span> <span class='ocrx_word' id='word_1_592' title='bbox 3133 3753 3189 3801; x_wconf 89' lang='lat' dir='ltr'><strong>et</strong></span> <span class='ocrx_word' id='word_1_593' title='bbox 3227 3746 3475 3802; x_wconf 83' lang='lat' dir='ltr'><strong>Anabadi</strong></span> 
     </span>
    </p>
   </div>
   <div class='ocr_carea' id='block_1_84' title="bbox 1892 3836 3469 3911">
    <p class='ocr_par' dir='ltr' id='par_1_84' title="bbox 1892 3836 3469 3911">
     <span class='ocr_line' id='line_1_84' title="bbox 1892 3836 3469 3911; baseline -0.001 -15"><span class='ocrx_word' id='word_1_594' title='bbox 1892 3840 2118 3897; x_wconf 89' lang='lat' dir='ltr'><strong>illustris</strong></span> <span class='ocrx_word' id='word_1_595' title='bbox 2152 3839 2386 3911; x_wconf 89' lang='lat' dir='ltr'><strong>episcopi</strong></span> <span class='ocrx_word' id='word_1_596' title='bbox 2429 3848 2484 3894; x_wconf 90' lang='lat' dir='ltr'><strong>et</strong></span> <span class='ocrx_word' id='word_1_597' title='bbox 2517 3840 2712 3894; x_wconf 89' lang='lat' dir='ltr'><strong>decore</strong></span> <span class='ocrx_word' id='word_1_598' title='bbox 2743 3836 3041 3906; x_wconf 78' lang='lat' dir='ltr'><strong>iuventutis</strong></span> <span class='ocrx_word' id='word_1_599' title='bbox 3066 3837 3469 3907; x_wconf 87' lang='lat' dir='ltr'><strong>proceritatem,</strong></span> 
     </span>
    </p>
   </div>
   <div class='ocr_carea' id='block_1_85' title="bbox 1892 3929 3476 4004">
    <p class='ocr_par' dir='ltr' id='par_1_85' title="bbox 1892 3929 3476 4004">
     <span class='ocr_line' id='line_1_85' title="bbox 1892 3929 3476 4004; baseline -0.001 -17"><span class='ocrx_word' id='word_1_600' title='bbox 1892 3947 2053 4003; x_wconf 86' lang='lat' dir='ltr'><strong>quam</strong></span> <span class='ocrx_word' id='word_1_601' title='bbox 2083 3933 2207 4004; x_wconf 90' lang='lat' dir='ltr'><strong>igne</strong></span> <span class='ocrx_word' id='word_1_602' title='bbox 2254 3939 2593 3988; x_wconf 88' lang='lat' dir='ltr'><strong>cremaverat</strong></span> <span class='ocrx_word' id='word_1_603' title='bbox 2627 3941 2675 3996; x_wconf 75' lang='grc' dir='ltr'>η,</span> <span class='ocrx_word' id='word_1_604' title='bbox 2728 3929 2884 3986; x_wconf 88' lang='lat' dir='ltr'><strong>valde</strong></span> <span class='ocrx_word' id='word_1_605' title='bbox 2922 3931 3222 3986; x_wconf 72' lang='lat' dir='ltr'><strong>exhaustus</strong></span> <span class='ocrx_word' id='word_1_606' title='bbox 3244 3970 3259 3996; x_wconf 95' lang='lat'><strong>,</strong></span> <span class='ocrx_word' id='word_1_607' title='bbox 3309 3938 3476 4000; x_wconf 80' lang='lat' dir='ltr'><strong>atque</strong></span> 
     </span>
    </p>
   </div>
   <div class='ocr_carea' id='block_1_86' title="bbox 1893 4023 3478 4094">
    <p class='ocr_par' dir='ltr' id='par_1_86' title="bbox 1893 4023 3478 4094">
     <span class='ocr_line' id='line_1_86' title="bbox 1893 4023 3478 4094; baseline 0.002 -14"><span class='ocrx_word' id='word_1_608' title='bbox 1893 4026 2029 4080; x_wconf 90' lang='lat' dir='ltr'><strong>adeo</strong></span> <span class='ocrx_word' id='word_1_609' title='bbox 2047 4026 2117 4081; x_wconf 95' lang='lat' dir='ltr'><strong>ob</strong></span> <span class='ocrx_word' id='word_1_610' title='bbox 2142 4026 2248 4080; x_wconf 87' lang='lat' dir='ltr'><strong>hoc</strong></span> <span class='ocrx_word' id='word_1_611' title='bbox 2265 4023 2380 4094; x_wconf 91' lang='lat' dir='ltr'><strong>jam</strong></span> <span class='ocrx_word' id='word_1_612' title='bbox 2405 4025 2536 4081; x_wconf 88' lang='lat' dir='ltr'><strong>satis</strong></span> <span class='ocrx_word' id='word_1_613' title='bbox 2557 4025 2860 4087; x_wconf 87' lang='lat' dir='ltr'><strong>damnatus,</strong></span> <span class='ocrx_word' id='word_1_614' title='bbox 2886 4024 3120 4079; x_wconf 84' lang='lat' dir='ltr'><strong>civitatis</strong></span> <span class='ocrx_word' id='word_1_615' title='bbox 3137 4023 3478 4093; x_wconf 67' lang='lat' dir='ltr'><strong>paenitudine.</strong></span> 
     </span>
    </p>
   </div>
   <div class='ocr_carea' id='block_1_87' title="bbox 1893 4115 3473 4187">
    <p class='ocr_par' dir='ltr' id='par_1_87' title="bbox 1893 4115 3473 4187">
     <span class='ocr_line' id='line_1_87' title="bbox 1893 4115 3473 4187; baseline -0.002 -14"><span class='ocrx_word' id='word_1_616' title='bbox 1893 4117 2022 4173; x_wconf 91' lang='lat' dir='ltr'><strong>olim</strong></span> <span class='ocrx_word' id='word_1_617' title='bbox 2061 4118 2386 4174; x_wconf 87' lang='lat' dir='ltr'><strong>abundantia</strong></span> <span class='ocrx_word' id='word_1_618' title='bbox 2429 4132 2691 4187; x_wconf 89' lang='lat' dir='ltr'><strong>aquarum</strong></span> <span class='ocrx_word' id='word_1_619' title='bbox 2713 4115 2979 4171; x_wconf 83' lang='lat' dir='ltr'><strong>atlluentis</strong></span> <span class='ocrx_word' id='word_1_620' title='bbox 3011 4116 3103 4170; x_wconf 90' lang='lat' dir='ltr'><strong>siti</strong></span> <span class='ocrx_word' id='word_1_621' title='bbox 3146 4122 3473 4184; x_wconf 86' lang='lat' dir='ltr'><strong>praeventus,</strong></span> 
     </span>
    </p>
   </div>
   <div class='ocr_carea' id='block_1_88' title="bbox 1895 4205 3474 4278">
    <p class='ocr_par' dir='ltr' id='par_1_88' title="bbox 1895 4205 3474 4278">
     <span class='ocr_line' id='line_1_88' title="bbox 1895 4205 3474 4278; baseline -0.003 -15"><span class='ocrx_word' id='word_1_622' title='bbox 1895 4208 2020 4263; x_wconf 90' lang='lat' dir='ltr'><strong>dum</strong></span> <span class='ocrx_word' id='word_1_623' title='bbox 2050 4223 2158 4278; x_wconf 92' lang='lat' dir='ltr'><strong>quo</strong></span> <span class='ocrx_word' id='word_1_624' title='bbox 2193 4207 2474 4278; x_wconf 86' lang='lat' dir='ltr'><strong>aufugeret</strong></span> <span class='ocrx_word' id='word_1_625' title='bbox 2518 4223 2626 4262; x_wconf 90' lang='lat' dir='ltr'><strong>non</strong></span> <span class='ocrx_word' id='word_1_626' title='bbox 2673 4206 2894 4277; x_wconf 88' lang='lat' dir='ltr'><strong>reperit,</strong></span> <span class='ocrx_word' id='word_1_627' title='bbox 2934 4205 3232 4262; x_wconf 88' lang='lat' dir='ltr'><strong>moriturus</strong></span> <span class='ocrx_word' id='word_1_628' title='bbox 3286 4205 3474 4260; x_wconf 88' lang='lat' dir='ltr'><strong>statim</strong></span> 
     </span>
    </p>
   </div>
   <div class='ocr_carea' id='block_1_89' title="bbox 1894 4295 3477 4369">
    <p class='ocr_par' dir='ltr' id='par_1_89' title="bbox 1894 4295 3477 4369">
     <span class='ocr_line' id='line_1_89' title="bbox 1894 4295 3477 4369; baseline -0.003 -15"><span class='ocrx_word' id='word_1_629' title='bbox 1894 4301 2139 4355; x_wconf 77' lang='lat' dir='ltr'><strong>exercitu</strong></span> <span class='ocrx_word' id='word_1_630' title='bbox 2182 4301 2499 4369; x_wconf 86' lang='lat' dir='ltr'><strong>insequente</strong></span> <span class='ocrx_word' id='word_1_631' title='bbox 2541 4300 2597 4353; x_wconf 88' lang='lat' dir='ltr'><strong>in</strong></span> <span class='ocrx_word' id='word_1_632' title='bbox 2641 4298 2888 4353; x_wconf 86' lang='lat' dir='ltr'><strong>diversis</strong></span> <span class='ocrx_word' id='word_1_633' title='bbox 2913 4295 3247 4353; x_wconf 89' lang='lat' dir='ltr'><strong>anfractibus</strong></span> <span class='ocrx_word' id='word_1_634' title='bbox 3291 4303 3477 4350; x_wconf 86' lang='lat' dir='ltr'><strong>manet</strong></span> 
     </span>
    </p>
   </div>
   <div class='ocr_carea' id='block_1_90' title="bbox 1897 4385 3476 4462">
    <p class='ocr_par' dir='ltr' id='par_1_90' title="bbox 1897 4385 3476 4462">
     <span class='ocr_line' id='line_1_90' title="bbox 1897 4385 3476 4462; baseline -0.004 -16"><span class='ocrx_word' id='word_1_635' title='bbox 1897 4391 2130 4462; x_wconf 90' lang='lat' dir='ltr'><strong>elapsus.</strong></span> <span class='ocrx_word' id='word_1_636' title='bbox 2169 4391 2236 4446; x_wconf 88' lang='lat' dir='ltr'><strong>Et</strong></span> <span class='ocrx_word' id='word_1_637' title='bbox 2257 4392 2381 4461; x_wconf 91' lang='lat' dir='ltr'><strong>quia</strong></span> <span class='ocrx_word' id='word_1_638' title='bbox 2399 4389 2566 4445; x_wconf 80' lang='lat' dir='ltr'><strong>ﬁliam</strong></span> <span class='ocrx_word' id='word_1_639' title='bbox 2591 4406 2742 4446; x_wconf 89' lang='lat' dir='ltr'><strong>suam</strong></span> <span class='ocrx_word' id='word_1_640' title='bbox 2765 4391 2872 4446; x_wconf 69' lang='lat' dir='ltr'><strong>dux</strong></span> <span class='ocrx_word' id='word_1_641' title='bbox 2899 4388 3233 4444; x_wconf 84' lang='lat' dir='ltr'><strong>Francorum</strong></span> <span class='ocrx_word' id='word_1_642' title='bbox 3251 4385 3476 4442; x_wconf 86' lang='lat' dir='ltr'><strong>nomine</strong></span> 
     </span>
    </p>
   </div>
   <div class='ocr_carea' id='block_1_91' title="bbox 203 4478 3474 4570">
    <p class='ocr_par' dir='ltr' id='par_1_91' title="bbox 203 4478 3474 4570">
     <span class='ocr_line' id='line_1_91' title="bbox 203 4478 3474 4570; baseline -0.001 -35"><span class='ocrx_word' id='word_1_643' title='bbox 203 4481 440 4537; x_wconf 82' lang='lat' dir='ltr'><strong>mittitur</strong></span> <span class='ocrx_word' id='word_1_644' title='bbox 484 4482 788 4541; x_wconf 86' lang='lat' dir='ltr'><strong>Saracenus</strong></span> <span class='ocrx_word' id='word_1_645' title='bbox 815 4503 938 4543; x_wconf 90' lang='lat' dir='ltr'><strong>cum</strong></span> <span class='ocrx_word' id='word_1_646' title='bbox 981 4488 1244 4543; x_wconf 84' lang='lat' dir='ltr'><strong>relatione</strong></span> <span class='ocrx_word' id='word_1_647' title='bbox 1289 4489 1628 4544; x_wconf 87' lang='lat' dir='ltr'><strong>auctoritatis</strong></span> <span class='ocrx_word' id='word_1_648' title='bbox 1668 4491 1789 4545; x_wconf 91' lang='lat' dir='ltr'><strong>abs-</strong></span> <span class='ocrx_word' id='word_1_649' title='bbox 1817 4507 1872 4570; x_wconf 70' lang='grc' dir='ltr'><strong>ι)</strong></span> <span class='ocrx_word' id='word_1_650' title='bbox 1897 4484 2048 4540; x_wconf 89' lang='lat' dir='ltr'><strong>Eudo</strong></span> <span class='ocrx_word' id='word_1_651' title='bbox 2077 4499 2240 4539; x_wconf 89' lang='lat' dir='ltr'><strong>causa</strong></span> <span class='ocrx_word' id='word_1_652' title='bbox 2280 4482 2500 4539; x_wconf 71' lang='lat' dir='ltr'><strong>frederis</strong></span> <span class='ocrx_word' id='word_1_653' title='bbox 2539 4484 2587 4538; x_wconf 91' lang='lat' dir='ltr'><strong>ei</strong></span> <span class='ocrx_word' id='word_1_654' title='bbox 2637 4483 2691 4537; x_wconf 90' lang='lat' dir='ltr'><strong>in</strong></span> <span class='ocrx_word' id='word_1_655' title='bbox 2736 4481 2986 4552; x_wconf 88' lang='lat' dir='ltr'><strong>conjugio</strong></span> <span class='ocrx_word' id='word_1_656' title='bbox 3014 4478 3370 4570; x_wconf 88' lang='lat' dir='ltr'><strong>copulandam</strong></span> <span class='ocrx_word' id='word_1_657' title='bbox 3403 4478 3474 4570; x_wconf 89' lang='lat' dir='ltr'><strong>ob</strong></span> 
     </span>
    </p>
   </div>
   <div class='ocr_carea' id='block_1_92' title="bbox 201 4575 1790 4650">
    <p class='ocr_par' dir='ltr' id='par_1_92' title="bbox 201 4575 1790 4650">
     <span class='ocr_line' id='line_1_92' title="bbox 201 4575 1790 4650; baseline 0.007 -26"><span class='ocrx_word' id='word_1_658' title='bbox 201 4585 390 4639; x_wconf 86' lang='lat' dir='ltr'><strong>consa,</strong></span> <span class='ocrx_word' id='word_1_659' title='bbox 422 4580 483 4628; x_wconf 86' lang='lat' dir='ltr'><strong>ut</strong></span> <span class='ocrx_word' id='word_1_660' title='bbox 529 4575 900 4632; x_wconf 84' lang='lat' dir='ltr'><strong>Abderraman</strong></span> <span class='ocrx_word' id='word_1_661' title='bbox 942 4577 996 4632; x_wconf 85' lang='lat' dir='ltr'><strong>in</strong></span> <span class='ocrx_word' id='word_1_662' title='bbox 1033 4577 1150 4648; x_wconf 90' lang='lat' dir='ltr'><strong>ejus</strong></span> <span class='ocrx_word' id='word_1_663' title='bbox 1184 4578 1303 4635; x_wconf 89' lang='lat' dir='ltr'><strong>loco</strong></span> <span class='ocrx_word' id='word_1_664' title='bbox 1333 4581 1535 4650; x_wconf 84' lang='lat' dir='ltr'><strong>absque</strong></span> <span class='ocrx_word' id='word_1_665' title='bbox 1567 4589 1790 4636; x_wconf 85' lang='lat' dir='ltr'><strong>cuncta-</strong></span> 
     </span>
    </p>
   </div>
   <div class='ocr_carea' id='block_1_93' title="bbox 206 4661 1792 4740">
    <p class='ocr_par' dir='ltr' id='par_1_93' title="bbox 206 4661 1792 4740">
     <span class='ocr_line' id='line_1_93' title="bbox 206 4661 1792 4740; baseline 0.007 -23"><span class='ocrx_word' id='word_1_666' title='bbox 206 4661 356 4719; x_wconf 90' lang='lat' dir='ltr'><strong>tione</strong></span> <span class='ocrx_word' id='word_1_667' title='bbox 389 4674 606 4722; x_wconf 87' lang='lat' dir='ltr'><strong>maneat</strong></span> <span class='ocrx_word' id='word_1_668' title='bbox 629 4678 966 4740; x_wconf 86' lang='lat' dir='ltr'><strong>prorogatus.</strong></span> <span class='ocrx_word' id='word_1_669' title='bbox 998 4669 1105 4725; x_wconf 89' lang='lat' dir='ltr'><strong>Sed</strong></span> <span class='ocrx_word' id='word_1_670' title='bbox 1127 4672 1220 4726; x_wconf 90' lang='lat' dir='ltr'><strong>ubi</strong></span> <span class='ocrx_word' id='word_1_671' title='bbox 1260 4672 1442 4727; x_wconf 92' lang='lat' dir='ltr'><strong>sedem</strong></span> <span class='ocrx_word' id='word_1_672' title='bbox 1479 4671 1792 4728; x_wconf 89' lang='lat' dir='ltr'><strong>Corduben-</strong></span> 
     </span>
    </p>
   </div>
   <div class='ocr_carea' id='block_1_94' title="bbox 279 4857 1113 4920">
    <p class='ocr_par' dir='ltr' id='par_1_94' title="bbox 279 4857 1113 4920">
     <span class='ocr_line' id='line_1_94' title="bbox 279 4857 1113 4920; baseline 0.005 -6"><span class='ocrx_word' id='word_1_673' title='bbox 279 4870 306 4899; x_wconf 77' lang='grc' dir='ltr'><strong>ιι</strong></span> <span class='ocrx_word' id='word_1_674' title='bbox 332 4857 500 4917; x_wconf 89' lang='lat' dir='ltr'><strong>Uncis</strong></span> <span class='ocrx_word' id='word_1_675' title='bbox 522 4861 728 4919; x_wconf 90' lang='lat' dir='ltr'><strong>inclusa</strong></span> <span class='ocrx_word' id='word_1_676' title='bbox 753 4863 948 4920; x_wconf 88' lang='lat' dir='ltr'><strong>desunt</strong></span> <span class='ocrx_word' id='word_1_677' title='bbox 975 4865 1029 4920; x_wconf 92' lang='lat' dir='ltr'><strong>in</strong></span> <span class='ocrx_word' id='word_1_678' title='bbox 1053 4865 1113 4918; x_wconf 91' lang='lat' dir='ltr'><strong>B.</strong></span> 
     </span>
    </p>
   </div>
   <div class='ocr_carea' id='block_1_95' title="bbox 283 4930 1477 5006">
    <p class='ocr_par' dir='ltr' id='par_1_95' title="bbox 283 4930 1477 5006">
     <span class='ocr_line' id='line_1_95' title="bbox 283 4930 1477 5006; baseline 0.003 -22"><span class='ocrx_word' id='word_1_679' title='bbox 283 4931 312 4969; x_wconf 73' lang='grc' dir='ltr'><strong>ι)</strong></span> <span class='ocrx_word' id='word_1_680' title='bbox 336 4930 425 5006; x_wconf 39' lang='grc' dir='ltr'><strong>β),</strong></span> <span class='ocrx_word' id='word_1_681' title='bbox 450 4933 514 5006; x_wconf 62' lang='lat' dir='ltr'><strong>ait</strong></span> <span class='ocrx_word' id='word_1_682' title='bbox 547 4933 760 5006; x_wconf 78' lang='lat' dir='ltr'><strong>Qriente</strong></span> <span class='ocrx_word' id='word_1_683' title='bbox 789 4945 838 4989; x_wconf 89' lang='lat' dir='ltr'><strong>et</strong></span> <span class='ocrx_word' id='word_1_684' title='bbox 862 4934 1148 5006; x_wconf 81' lang='lat' dir='ltr'><strong>Occidente</strong></span> <span class='ocrx_word' id='word_1_685' title='bbox 1170 4936 1268 5006; x_wconf 80' lang='lat' dir='ltr'><strong>ipsi</strong></span> <span class='ocrx_word' id='word_1_686' title='bbox 1295 4937 1477 4992; x_wconf 73' lang='lat' dir='ltr'><strong>missa.</strong></span> 
     </span>
    </p>
   </div>
   <div class='ocr_carea' id='block_1_96' title="bbox 281 5000 1198 5078">
    <p class='ocr_par' dir='ltr' id='par_1_96' title="bbox 281 5000 1198 5078">
     <span class='ocr_line' id='line_1_96' title="bbox 281 5000 1198 5078; baseline 0.002 -20"><span class='ocrx_word' id='word_1_687' title='bbox 281 5011 303 5078; x_wconf 70' lang='grc' dir='ltr'><strong>’ξ</strong></span> <span class='ocrx_word' id='word_1_688' title='bbox 333 5000 423 5078; x_wconf 74' lang='lat' dir='ltr'><strong>§ic</strong></span> <span class='ocrx_word' id='word_1_689' title='bbox 453 5003 524 5078; x_wconf 65' lang='lat' dir='ltr'><strong>ill.</strong></span> <span class='ocrx_word' id='word_1_690' title='bbox 552 5004 612 5058; x_wconf 90' lang='grc' dir='ltr'><strong>Β.</strong></span> <span class='ocrx_word' id='word_1_691' title='bbox 642 5016 697 5078; x_wconf 87' lang='lat' dir='ltr'><strong>et</strong></span> <span class='ocrx_word' id='word_1_692' title='bbox 728 5005 918 5070; x_wconf 89' lang='lat' dir='ltr'><strong>Sand.,</strong></span> <span class='ocrx_word' id='word_1_693' title='bbox 942 5008 1009 5078; x_wconf 12' lang='lat' dir='ltr'><strong>fin</strong></span> <span class='ocrx_word' id='word_1_694' title='bbox 1034 5000 1198 5078; x_wconf 59' lang='lat' dir='ltr'><strong>reges.</strong></span> 
     </span>
    </p>
   </div>
   <div class='ocr_carea' id='block_1_97' title="bbox 279 5070 1788 5147">
    <p class='ocr_par' dir='ltr' id='par_1_97' title="bbox 279 5070 1788 5147">
     <span class='ocr_line' id='line_1_97' title="bbox 279 5070 1788 5147; baseline 0.006 -20"><span class='ocrx_word' id='word_1_695' title='bbox 279 5070 306 5111; x_wconf 78' lang='grc' dir='ltr'>ά</span> <span class='ocrx_word' id='word_1_696' title='bbox 337 5071 545 5147; x_wconf 26' lang='lat' dir='ltr'><strong>Sicily</strong></span> <span class='ocrx_word' id='word_1_697' title='bbox 579 5077 670 5145; x_wconf 92' lang='lat' dir='ltr'><strong>qui</strong></span> <span class='ocrx_word' id='word_1_698' title='bbox 701 5077 1048 5147; x_wconf 88' lang='lat' dir='ltr'><strong>prosequitur</strong></span> <span class='ocrx_word' id='word_1_699' title='bbox 1076 5070 1143 5130; x_wconf 71' lang='grc' dir='ltr'><strong>τ’(</strong></span> <span class='ocrx_word' id='word_1_700' title='bbox 1170 5077 1297 5133; x_wconf 90' lang='lat' dir='ltr'><strong>Post</strong></span> <span class='ocrx_word' id='word_1_701' title='bbox 1330 5091 1490 5147; x_wconf 89' lang='lat' dir='ltr'><strong>quem</strong></span> <span class='ocrx_word' id='word_1_702' title='bbox 1514 5076 1658 5134; x_wconf 85' lang='lat' dir='ltr'><strong>Iscar</strong></span> <span class='ocrx_word' id='word_1_703' title='bbox 1698 5096 1788 5136; x_wconf 86' lang='lat' dir='ltr'><strong>so-</strong></span> 
     </span>
    </p>
   </div>
   <div class='ocr_carea' id='block_1_98' title="bbox 209 5139 1790 5218">
    <p class='ocr_par' dir='ltr' id='par_1_98' title="bbox 209 5139 1790 5218">
     <span class='ocr_line' id='line_1_98' title="bbox 209 5139 1790 5218; baseline 0.006 -22"><span class='ocrx_word' id='word_1_704' title='bbox 209 5139 323 5208; x_wconf 85' lang='lat' dir='ltr'><strong>lita,</strong></span> <span class='ocrx_word' id='word_1_705' title='bbox 353 5145 444 5212; x_wconf 89' lang='lat' dir='ltr'><strong>qui</strong></span> <span class='ocrx_word' id='word_1_706' title='bbox 474 5139 617 5218; x_wconf 29' lang='lat' dir='ltr'><strong>dumi</strong></span> <span class='ocrx_word' id='word_1_707' title='bbox 638 5139 1003 5218; x_wconf 48' lang='lat' dir='ltr'><strong>quatuor-per</strong></span> <span class='ocrx_word' id='word_1_708' title='bbox 1044 5163 1262 5218; x_wconf 87' lang='lat' dir='ltr'><strong>menses</strong></span> <span class='ocrx_word' id='word_1_709' title='bbox 1317 5139 1580 5218; x_wconf 71' lang='lat' dir='ltr'><strong>gravitate</strong></span> <span class='ocrx_word' id='word_1_710' title='bbox 1625 5150 1790 5206; x_wconf 89' lang='lat' dir='ltr'><strong>alium</strong></span> 
     </span>
    </p>
   </div>
   <div class='ocr_carea' id='block_1_99' title="bbox 208 5216 1792 5283">
    <p class='ocr_par' dir='ltr' id='par_1_99' title="bbox 208 5216 1792 5283">
     <span class='ocr_line' id='line_1_99' title="bbox 208 5216 1792 5283; baseline 0.008 -16"><span class='ocrx_word' id='word_1_711' title='bbox 208 5216 583 5283; x_wconf 88' lang='lat' dir='ltr'><strong>sustentando,</strong></span> <span class='ocrx_word' id='word_1_712' title='bbox 606 5217 902 5273; x_wconf 87' lang='lat' dir='ltr'><strong>honoribus</strong></span> <span class='ocrx_word' id='word_1_713' title='bbox 925 5217 1135 5282; x_wconf 90' lang='lat' dir='ltr'><strong>infulat,</strong></span> <span class='ocrx_word' id='word_1_714' title='bbox 1166 5216 1390 5275; x_wconf 79' lang='lat' dir='ltr'><strong>Aleatan</strong></span> <span class='ocrx_word' id='word_1_715' title='bbox 1416 5221 1652 5275; x_wconf 89' lang='lat' dir='ltr'><strong>nomine.</strong></span> <span class='ocrx_word' id='word_1_716' title='bbox 1693 5221 1792 5279; x_wconf 89' lang='lat' dir='ltr'><strong>Hic</strong></span> 
     </span>
    </p>
   </div>
   <div class='ocr_carea' id='block_1_100' title="bbox 209 5283 1784 5371">
    <p class='ocr_par' dir='ltr' id='par_1_100' title="bbox 209 5283 1784 5371">
     <span class='ocr_line' id='line_1_100' title="bbox 209 5283 1784 5371; baseline 0.005 -33"><span class='ocrx_word' id='word_1_717' title='bbox 209 5283 634 5371; x_wconf 20' lang='lat' dir='ltr'><strong>adﬂHispani‘am</strong></span> <span class='ocrx_word' id='word_1_718' title='bbox 670 5289 974 5371; x_wconf 77' lang='lat' dir='ltr'><strong>regendam</strong></span> <span class='ocrx_word' id='word_1_719' title='bbox 1033 5289 1578 5371; x_wconf 76' lang='lat' dir='ltr'><strong>strenue__sigillum,</strong></span> <span class='ocrx_word' id='word_1_720' title='bbox 1624 5302 1729 5348; x_wconf 89' lang='lat' dir='ltr'><strong>etc.</strong></span> <span class='ocrx_word' id='word_1_721' title='bbox 1767 5313 1784 5346; x_wconf 74' lang='grc' dir='ltr'><strong><em>ι</em></strong></span> 
     </span>
    </p>
   </div>
   <div class='ocr_carea' id='block_1_101' title="bbox 208 5353 1792 5430">
    <p class='ocr_par' dir='ltr' id='par_1_101' title="bbox 208 5353 1792 5430">
     <span class='ocr_line' id='line_1_101' title="bbox 208 5353 1792 5430; baseline 0.006 -22"><span class='ocrx_word' id='word_1_722' title='bbox 208 5353 270 5408; x_wconf 93' lang='grc' dir='ltr'><strong>Β.</strong></span> <span class='ocrx_word' id='word_1_723' title='bbox 296 5353 628 5425; x_wconf 49' lang='lat' dir='ltr'><strong>post—verba,</strong></span> <span class='ocrx_word' id='word_1_724' title='bbox 661 5353 849 5430; x_wconf 72' lang='lat' dir='ltr'><strong>tacitus</strong></span> <span class='ocrx_word' id='word_1_725' title='bbox 885 5370 1147 5430; x_wconf 81' lang='lat' dir='ltr'><strong>properat,</strong></span> <span class='ocrx_word' id='word_1_726' title='bbox 1181 5361 1325 5430; x_wconf 78' lang='lat' dir='ltr'><strong>legit,</strong></span> <span class='ocrx_word' id='word_1_727' title='bbox 1363 5353 1463 5430; x_wconf 54' lang='lat' dir='ltr'><strong>&#39;qui</strong></span> <span class='ocrx_word' id='word_1_728' title='bbox 1505 5353 1628 5415; x_wconf 83' lang='lat' dir='ltr'><strong>dum</strong></span> <span class='ocrx_word' id='word_1_729' title='bbox 1659 5381 1792 5430; x_wconf 86' lang='lat' dir='ltr'><strong>qua—</strong></span> 
     </span>
    </p>
   </div>
   <div class='ocr_carea' id='block_1_102' title="bbox 211 5381 1792 5504">
    <p class='ocr_par' dir='ltr' id='par_1_102' title="bbox 211 5381 1792 5504">
     <span class='ocr_line' id='line_1_102' title="bbox 211 5381 1792 5430; baseline 0.006 -22"><span class='ocrx_word' id='word_1_730' title='bbox 211 5381 270 5408; x_wconf 82' lang='lat' dir='ltr'><strong>D.</strong></span> <span class='ocrx_word' id='word_1_731' title='bbox 299 5381 419 5425; x_wconf 71' lang='grc' dir='ltr'><strong>μυδι</strong></span> <span class='ocrx_word' id='word_1_732' title='bbox 448 5381 628 5423; x_wconf 67' lang='grc' dir='ltr'><strong>νυΐυᾶ,</strong></span> <span class='ocrx_word' id='word_1_733' title='bbox 661 5381 849 5414; x_wconf 73' lang='lat' dir='ltr'><strong>tacuus</strong></span> <span class='ocrx_word' id='word_1_734' title='bbox 885 5381 1147 5430; x_wconf 82' lang='lat' dir='ltr'><strong>properat,</strong></span> <span class='ocrx_word' id='word_1_735' title='bbox 1182 5381 1325 5430; x_wconf 67' lang='grc' dir='ltr'><strong>ιρξςιι,</strong></span> <span class='ocrx_word' id='word_1_736' title='bbox 1373 5381 1463 5430; x_wconf 82' lang='lat' dir='ltr'><strong>qut</strong></span> <span class='ocrx_word' id='word_1_737' title='bbox 1505 5381 1628 5415; x_wconf 75' lang='lat' dir='ltr'><strong>(tum</strong></span> <span class='ocrx_word' id='word_1_738' title='bbox 1697 5382 1792 5418; x_wconf 75' lang='grc' dir='ltr'><strong>ηα-</strong></span> 
     </span>
     <span class='ocr_line' id='line_1_103' title="bbox 211 5381 1792 5504; baseline 0.008 -27"><span class='ocrx_word' id='word_1_739' title='bbox 211 5433 330 5504; x_wconf 65' lang='lat' dir='ltr'><strong>tuor</strong></span> <span class='ocrx_word' id='word_1_740' title='bbox 352 5443 444 5497; x_wconf 89' lang='lat' dir='ltr'><strong>per</strong></span> <span class='ocrx_word' id='word_1_741' title='bbox 470 5444 668 5504; x_wconf 61' lang='lat' dir='ltr'><strong>nienses</strong></span> <span class='ocrx_word' id='word_1_742' title='bbox 701 5429 864 5504; x_wconf 80' lang='lat' dir='ltr'><strong>alium</strong></span> <span class='ocrx_word' id='word_1_743' title='bbox 893 5432 1252 5504; x_wconf 80' lang='lat' dir='ltr'><strong>sustentando,</strong></span> <span class='ocrx_word' id='word_1_744' title='bbox 1282 5432 1566 5504; x_wconf 77' lang='lat' dir='ltr'><strong>honoribus</strong></span> <span class='ocrx_word' id='word_1_745' title='bbox 1599 5381 1792 5504; x_wconf 44' lang='lat' dir='ltr'><strong>infutat</strong></span> 
     </span>
    </p>
   </div>
   <div class='ocr_carea' id='block_1_103' title="bbox 211 5494 1789 5573">
    <p class='ocr_par' dir='ltr' id='par_1_103' title="bbox 211 5494 1789 5573">
     <span class='ocr_line' id='line_1_104' title="bbox 211 5494 1789 5573; baseline 0.008 -26"><span class='ocrx_word' id='word_1_746' title='bbox 211 5494 441 5573; x_wconf 57' lang='lat' dir='ltr'><strong>Aleitan,</strong></span> <span class='ocrx_word' id='word_1_747' title='bbox 459 5499 526 5553; x_wconf 82' lang='lat' dir='ltr'><strong>ad</strong></span> <span class='ocrx_word' id='word_1_748' title='bbox 542 5497 855 5573; x_wconf 66' lang='lat' dir='ltr'><strong>Hispaniam</strong></span> <span class='ocrx_word' id='word_1_749' title='bbox 875 5501 1152 5572; x_wconf 84' lang='lat' dir='ltr'><strong>regendam</strong></span> <span class='ocrx_word' id='word_1_750' title='bbox 1167 5494 1393 5566; x_wconf 81' lang='lat' dir='ltr'><strong>strenue,</strong></span> <span class='ocrx_word' id='word_1_751' title='bbox 1409 5494 1666 5573; x_wconf 62' lang='lat' dir='ltr'><strong>sigillum,</strong></span> <span class='ocrx_word' id='word_1_752' title='bbox 1683 5514 1789 5560; x_wconf 91' lang='lat' dir='ltr'><strong>etc.</strong></span> 
     </span>
    </p>
   </div>
   <div class='ocr_carea' id='block_1_104' title="bbox 148 5564 1791 5641">
    <p class='ocr_par' dir='ltr' id='par_1_104' title="bbox 148 5564 1791 5641">
     <span class='ocr_line' id='line_1_105' title="bbox 148 5564 1791 5641; baseline 0.007 -22"><span class='ocrx_word' id='word_1_753' title='bbox 148 5581 150 5588; x_wconf 88' lang='lat'>&#39;</span> <span class='ocrx_word' id='word_1_754' title='bbox 211 5564 408 5641; x_wconf 66' lang='lat' dir='ltr'><strong>Yerﬁa,</strong></span> <span class='ocrx_word' id='word_1_755' title='bbox 438 5578 551 5641; x_wconf 76' lang='lat' dir='ltr'><strong>post</strong></span> <span class='ocrx_word' id='word_1_756' title='bbox 569 5564 720 5641; x_wconf 72' lang='lat' dir='ltr'><strong>quem</strong></span> <span class='ocrx_word' id='word_1_757' title='bbox 757 5564 970 5626; x_wconf 65' lang='lat' dir='ltr'><strong>Hiscam</strong></span> <span class='ocrx_word' id='word_1_758' title='bbox 997 5573 1260 5628; x_wconf 80' lang='lat' dir='ltr'><strong>substituit</strong></span> <span class='ocrx_word' id='word_1_759' title='bbox 1285 5564 1678 5630; x_wconf 57' lang='lat' dir='ltr'><strong>alium&#39;nomine</strong></span> <span class='ocrx_word' id='word_1_760' title='bbox 1699 5576 1791 5630; x_wconf 83' lang='grc' dir='ltr'><strong>Αι-</strong></span> 
     </span>
    </p>
   </div>
   <div class='ocr_carea' id='block_1_105' title="bbox 214 5633 1787 5712">
    <p class='ocr_par' dir='ltr' id='par_1_105' title="bbox 214 5633 1787 5712">
     <span class='ocr_line' id='line_1_106' title="bbox 214 5633 1787 5712; baseline 0.007 -23"><span class='ocrx_word' id='word_1_761' title='bbox 214 5633 448 5712; x_wconf 71' lang='lat' dir='ltr'><strong>haytant,</strong></span> <span class='ocrx_word' id='word_1_762' title='bbox 481 5633 733 5712; x_wconf 72' lang='lat' dir='ltr'><strong>leguntur</strong></span> <span class='ocrx_word' id='word_1_763' title='bbox 775 5643 915 5711; x_wconf 91' lang='lat' dir='ltr'><strong>apud</strong></span> <span class='ocrx_word' id='word_1_764' title='bbox 945 5643 1007 5698; x_wconf 91' lang='lat' dir='ltr'><strong>D.</strong></span> <span class='ocrx_word' id='word_1_765' title='bbox 1035 5644 1226 5712; x_wconf 81' lang='lat' dir='ltr'><strong>Rodr.,</strong></span> <span class='ocrx_word' id='word_1_766' title='bbox 1271 5660 1321 5701; x_wconf 91' lang='lat' dir='ltr'><strong>c.</strong></span> <span class='ocrx_word' id='word_1_767' title='bbox 1351 5644 1418 5700; x_wconf 74' lang='grc'><strong>12</strong></span> <span class='ocrx_word' id='word_1_768' title='bbox 1440 5644 1578 5702; x_wconf 84' lang='lat' dir='ltr'><strong>Hist.</strong></span> <span class='ocrx_word' id='word_1_769' title='bbox 1619 5646 1787 5704; x_wconf 90' lang='lat' dir='ltr'><strong>Arab.</strong></span> 
     </span>
    </p>
   </div>
   <div class='ocr_carea' id='block_1_106' title="bbox 287 5707 880 5777">
    <p class='ocr_par' dir='ltr' id='par_1_106' title="bbox 287 5707 880 5777">
     <span class='ocr_line' id='line_1_107' title="bbox 287 5707 880 5777; baseline 0.007 -14"><span class='ocrx_word' id='word_1_770' title='bbox 287 5719 311 5748; x_wconf 80' lang='grc' dir='ltr'><strong>ο</strong></span> <span class='ocrx_word' id='word_1_771' title='bbox 348 5707 442 5777; x_wconf 83' lang='lat' dir='ltr'><strong>M.,</strong></span> <span class='ocrx_word' id='word_1_772' title='bbox 469 5707 880 5768; x_wconf 64' lang='lat' dir='ltr'><strong>Saracenorum.</strong></span> 
     </span>
    </p>
   </div>
   <div class='ocr_carea' id='block_1_107' title="bbox 1893 4566 3478 4648">
    <p class='ocr_par' dir='ltr' id='par_1_107' title="bbox 1893 4566 3478 4648">
     <span class='ocr_line' id='line_1_108' title="bbox 1893 4566 3478 4648; baseline -0.004 -16"><span class='ocrx_word' id='word_1_773' title='bbox 1893 4576 2326 4648; x_wconf 89' lang='lat' dir='ltr'><strong>persecutionem</strong></span> <span class='ocrx_word' id='word_1_774' title='bbox 2367 4575 2606 4632; x_wconf 90' lang='lat' dir='ltr'><strong>Arabum</strong></span> <span class='ocrx_word' id='word_1_775' title='bbox 2635 4573 2984 4630; x_wconf 70' lang='lat' dir='ltr'><strong>differendam</strong></span> <span class='ocrx_word' id='word_1_776' title='bbox 2999 4572 3114 4642; x_wconf 88' lang='lat' dir='ltr'><strong>jam</strong></span> <span class='ocrx_word' id='word_1_777' title='bbox 3152 4566 3278 4628; x_wconf 89' lang='lat' dir='ltr'><strong>olim</strong></span> <span class='ocrx_word' id='word_1_778' title='bbox 3306 4569 3478 4626; x_wconf 85' lang='lat' dir='ltr'><strong>tradi-</strong></span> 
     </span>
    </p>
   </div>
   <div class='ocr_carea' id='block_1_108' title="bbox 1895 4659 3478 4732">
    <p class='ocr_par' dir='ltr' id='par_1_108' title="bbox 1895 4659 3478 4732">
     <span class='ocr_line' id='line_1_109' title="bbox 1895 4659 3478 4732; baseline -0.005 -8"><span class='ocrx_word' id='word_1_779' title='bbox 1895 4671 2050 4725; x_wconf 89' lang='lat' dir='ltr'><strong>derat</strong></span> <span class='ocrx_word' id='word_1_780' title='bbox 2077 4669 2144 4725; x_wconf 89' lang='lat' dir='ltr'><strong>ad</strong></span> <span class='ocrx_word' id='word_1_781' title='bbox 2185 4683 2314 4725; x_wconf 91' lang='lat' dir='ltr'><strong>suos</strong></span> <span class='ocrx_word' id='word_1_782' title='bbox 2354 4668 2541 4725; x_wconf 89' lang='lat' dir='ltr'><strong>libitus</strong></span> <span class='ocrx_word' id='word_1_783' title='bbox 2571 4665 2956 4732; x_wconf 89' lang='lat' dir='ltr'><strong>inclinandam,</strong></span> <span class='ocrx_word' id='word_1_784' title='bbox 2985 4665 3112 4721; x_wconf 87' lang='lat' dir='ltr'><strong>dum</strong></span> <span class='ocrx_word' id='word_1_785' title='bbox 3145 4676 3270 4718; x_wconf 84' lang='lat' dir='ltr'><strong>eam</strong></span> <span class='ocrx_word' id='word_1_786' title='bbox 3306 4659 3478 4717; x_wconf 82' lang='lat' dir='ltr'><strong>tardi-</strong></span> 
     </span>
    </p>
   </div>
   <div class='ocr_carea' id='block_1_109' title="bbox 1974 4863 3170 4937">
    <p class='ocr_par' dir='ltr' id='par_1_109' title="bbox 1974 4863 3170 4937">
     <span class='ocr_line' id='line_1_110' title="bbox 1974 4863 3170 4937; baseline -0.007 -14"><span class='ocrx_word' id='word_1_787' title='bbox 1974 4867 1993 4907; x_wconf 66' lang='grc' dir='ltr'><strong>ί</strong></span> <span class='ocrx_word' id='word_1_788' title='bbox 2026 4867 2116 4924; x_wconf 94' lang='lat' dir='ltr'><strong>Sic</strong></span> <span class='ocrx_word' id='word_1_789' title='bbox 2154 4866 2225 4922; x_wconf 88' lang='lat' dir='ltr'><strong>M.</strong></span> <span class='ocrx_word' id='word_1_790' title='bbox 2256 4868 2339 4933; x_wconf 89' lang='grc' dir='ltr'><strong>Β.,</strong></span> <span class='ocrx_word' id='word_1_791' title='bbox 2369 4864 2622 4937; x_wconf 71' lang='lat' dir='ltr'><strong>extemplo</strong></span> <span class='ocrx_word' id='word_1_792' title='bbox 2652 4880 2742 4919; x_wconf 85' lang='lat' dir='ltr'><strong>nec</strong></span> <span class='ocrx_word' id='word_1_793' title='bbox 2765 4863 2891 4918; x_wconf 87' lang='lat' dir='ltr'><strong>dum</strong></span> <span class='ocrx_word' id='word_1_794' title='bbox 2917 4869 3170 4934; x_wconf 78' lang='lat' dir='ltr'><strong>repertus.</strong></span> 
     </span>
    </p>
   </div>
   <div class='ocr_carea' id='block_1_110' title="bbox 1968 4939 3374 5014">
    <p class='ocr_par' dir='ltr' id='par_1_110' title="bbox 1968 4939 3374 5014">
     <span class='ocr_line' id='line_1_111' title="bbox 1968 4939 3374 5014; baseline 0 0"><span class='ocrx_word' id='word_1_795' title='bbox 1968 4939 2084 5014; x_wconf 58' lang='lat' dir='ltr'><strong>FB:</strong></span> <span class='ocrx_word' id='word_1_796' title='bbox 2124 4939 2418 5014; x_wconf 57' lang='lat' dir='ltr'><strong>add-Eum</strong></span> <span class='ocrx_word' id='word_1_797' title='bbox 2484 5007 2495 5014; x_wconf 95' lang='lat'><strong>.</strong></span> <span class='ocrx_word' id='word_1_798' title='bbox 2704 5005 2757 5014; x_wconf 88' lang='lat'><strong>..</strong></span> <span class='ocrx_word' id='word_1_799' title='bbox 3213 5002 3223 5014; x_wconf 93' lang='lat'><strong>.</strong></span> <span class='ocrx_word' id='word_1_800' title='bbox 3343 5004 3374 5014; x_wconf 88' lang='lat'><strong>_.</strong></span> 
     </span>
    </p>
   </div>
   <div class='ocr_carea' id='block_1_111' title="bbox 1962 5003 3474 5078">
    <p class='ocr_par' dir='ltr' id='par_1_111' title="bbox 1962 5003 3474 5078">
     <span class='ocr_line' id='line_1_112' title="bbox 1962 5003 3474 5078; baseline -0.005 -14"><span class='ocrx_word' id='word_1_801' title='bbox 1962 5011 1993 5050; x_wconf 71' lang='grc' dir='ltr'><strong>ιι</strong></span> <span class='ocrx_word' id='word_1_802' title='bbox 2025 5009 2117 5066; x_wconf 87' lang='lat' dir='ltr'><strong>Sic</strong></span> <span class='ocrx_word' id='word_1_803' title='bbox 2162 5009 2221 5064; x_wconf 87' lang='grc' dir='ltr'><strong>Β.</strong></span> <span class='ocrx_word' id='word_1_804' title='bbox 2268 5008 2362 5075; x_wconf 79' lang='grc' dir='ltr'><strong>Μ.,</strong></span> <span class='ocrx_word' id='word_1_805' title='bbox 2394 5007 2560 5078; x_wconf 73' lang='lat' dir='ltr'><strong>stylus</strong></span> <span class='ocrx_word' id='word_1_806' title='bbox 2605 5005 2956 5078; x_wconf 12' lang='lat' dir='ltr'><strong>multiaiuane</strong></span> <span class='ocrx_word' id='word_1_807' title='bbox 3004 5003 3474 5078; x_wconf 68' lang='lat' dir='ltr'><strong>sermocinantibus</strong></span> 
     </span>
    </p>
   </div>
   <div class='ocr_carea' id='block_1_112' title="bbox 1891 5071 3476 5148">
    <p class='ocr_par' dir='ltr' id='par_1_112' title="bbox 1891 5071 3476 5148">
     <span class='ocr_line' id='line_1_113' title="bbox 1891 5071 3476 5148; baseline -0.004 -14"><span class='ocrx_word' id='word_1_808' title='bbox 1891 5079 2158 5134; x_wconf 76' lang='lat' dir='ltr'><strong>involutus</strong></span> <span class='ocrx_word' id='word_1_809' title='bbox 2180 5079 2300 5148; x_wconf 80' lang='lat' dir='ltr'><strong>fuit,</strong></span> <span class='ocrx_word' id='word_1_810' title='bbox 2331 5071 2378 5133; x_wconf 78' lang='lat' dir='ltr'><strong>et</strong></span> <span class='ocrx_word' id='word_1_811' title='bbox 2408 5071 2631 5148; x_wconf 4' lang='lat' dir='ltr'><strong>diversis,</strong></span> <span class='ocrx_word' id='word_1_812' title='bbox 2644 5077 2865 5147; x_wconf 82' lang='lat' dir='ltr'><strong>judiciis</strong></span> <span class='ocrx_word' id='word_1_813' title='bbox 2892 5074 3177 5145; x_wconf 84' lang='lat' dir='ltr'><strong>impetitur.</strong></span> <span class='ocrx_word' id='word_1_814' title='bbox 3226 5071 3331 5129; x_wconf 83' lang='lat' dir='ltr'><strong>Sed</strong></span> <span class='ocrx_word' id='word_1_815' title='bbox 3356 5091 3476 5128; x_wconf 86' lang='lat' dir='ltr'><strong>cum</strong></span> 
     </span>
    </p>
   </div>
   <div class='ocr_carea' id='block_1_113' title="bbox 1895 5147 2964 5226">
    <p class='ocr_par' dir='ltr' id='par_1_113' title="bbox 1895 5147 2964 5226">
     <span class='ocr_line' id='line_1_114' title="bbox 1895 5147 2964 5226; baseline -0.007 -22"><span class='ocrx_word' id='word_1_816' title='bbox 1895 5149 2099 5226; x_wconf 64' lang='lat' dir='ltr'><strong>nihil_ei</strong></span> <span class='ocrx_word' id='word_1_817' title='bbox 2124 5147 2358 5226; x_wconf 58' lang='lat' dir='ltr'><strong>inferret.</strong></span> <span class='ocrx_word' id='word_1_818' title='bbox 2386 5151 2470 5215; x_wconf 87' lang='grc' dir='ltr'><strong>Β.,</strong></span> <span class='ocrx_word' id='word_1_819' title='bbox 2489 5147 2634 5226; x_wconf 65' lang='lat' dir='ltr'><strong>nihil</strong></span> <span class='ocrx_word' id='word_1_820' title='bbox 2666 5148 2964 5226; x_wconf 64' lang='lat' dir='ltr'><strong>inferentes.</strong></span> 
     </span>
    </p>
   </div>
   <div class='ocr_carea' id='block_1_114' title="bbox 1973 5218 2970 5288">
    <p class='ocr_par' dir='ltr' id='par_1_114' title="bbox 1973 5218 2970 5288">
     <span class='ocr_line' id='line_1_115' title="bbox 1973 5218 2970 5288; baseline -0.006 -14"><span class='ocrx_word' id='word_1_821' title='bbox 1973 5223 1991 5261; x_wconf 71' lang='grc' dir='ltr'><strong>ί</strong></span> <span class='ocrx_word' id='word_1_822' title='bbox 2026 5220 2119 5286; x_wconf 68' lang='lat' dir='ltr'><strong>DL,</strong></span> <span class='ocrx_word' id='word_1_823' title='bbox 2179 5221 2386 5274; x_wconf 86' lang='lat' dir='ltr'><strong>interim</strong></span> <span class='ocrx_word' id='word_1_824' title='bbox 2411 5221 2536 5288; x_wconf 84' lang='lat' dir='ltr'><strong>quia</strong></span> <span class='ocrx_word' id='word_1_825' title='bbox 2581 5233 2646 5273; x_wconf 72' lang='lat' dir='ltr'><strong>ea:</strong></span> <span class='ocrx_word' id='word_1_826' title='bbox 2683 5218 2970 5288; x_wconf 77' lang='lat' dir='ltr'><strong>Africanis.</strong></span> 
     </span>
    </p>
   </div>
   <div class='ocr_carea' id='block_1_115' title="bbox 1971 5288 2622 5357">
    <p class='ocr_par' dir='ltr' id='par_1_115' title="bbox 1971 5288 2622 5357">
     <span class='ocr_line' id='line_1_116' title="bbox 1971 5288 2622 5357; baseline 0.006 -17"><span class='ocrx_word' id='word_1_827' title='bbox 1971 5288 1984 5340; x_wconf 88' lang='lat' dir='ltr'><strong>i</strong></span> <span class='ocrx_word' id='word_1_828' title='bbox 2030 5291 2122 5346; x_wconf 85' lang='lat' dir='ltr'><strong>Sic</strong></span> <span class='ocrx_word' id='word_1_829' title='bbox 2150 5291 2210 5344; x_wconf 92' lang='lat' dir='ltr'><strong>B.</strong></span> <span class='ocrx_word' id='word_1_830' title='bbox 2245 5291 2372 5357; x_wconf 92' lang='lat' dir='ltr'><strong>Alii,</strong></span> <span class='ocrx_word' id='word_1_831' title='bbox 2398 5288 2622 5345; x_wconf 71' lang='lat' dir='ltr'><strong>Huzuu.</strong></span> 
     </span>
    </p>
   </div>
   <div class='ocr_carea' id='block_1_116' title="bbox 1973 5358 3477 5432">
    <p class='ocr_par' dir='ltr' id='par_1_116' title="bbox 1973 5358 3477 5432">
     <span class='ocr_line' id='line_1_117' title="bbox 1973 5358 3477 5432; baseline -0.003 -16"><span class='ocrx_word' id='word_1_832' title='bbox 1973 5362 1998 5400; x_wconf 77' lang='grc' dir='ltr'><strong>ιι</strong></span> <span class='ocrx_word' id='word_1_833' title='bbox 2031 5360 2221 5432; x_wconf 63' lang='lat' dir='ltr'><strong>SieM.</strong></span> <span class='ocrx_word' id='word_1_834' title='bbox 2251 5363 2331 5426; x_wconf 92' lang='grc' dir='ltr'><strong>Β.,</strong></span> <span class='ocrx_word' id='word_1_835' title='bbox 2371 5362 2610 5416; x_wconf 77' lang='lat' dir='ltr'><strong>omnibus</strong></span> <span class='ocrx_word' id='word_1_836' title='bbox 2650 5362 2748 5417; x_wconf 82' lang='lat' dir='ltr'><strong>hoc</strong></span> <span class='ocrx_word' id='word_1_837' title='bbox 2796 5362 3216 5432; x_wconf 75' lang='lat' dir='ltr'><strong>agnoscentibus,</strong></span> <span class='ocrx_word' id='word_1_838' title='bbox 3268 5358 3477 5432; x_wconf 85' lang='lat' dir='ltr'><strong>palatii.</strong></span> 
     </span>
    </p>
   </div>
   <div class='ocr_carea' id='block_1_117' title="bbox 1898 5431 2680 5488">
    <p class='ocr_par' dir='ltr' id='par_1_117' title="bbox 1898 5431 2680 5488">
     <span class='ocr_line' id='line_1_118' title="bbox 1898 5431 2680 5488; baseline -0.003 0"><span class='ocrx_word' id='word_1_839' title='bbox 1898 5431 2061 5488; x_wconf 87' lang='lat' dir='ltr'><strong>Solus</strong></span> <span class='ocrx_word' id='word_1_840' title='bbox 2101 5431 2169 5485; x_wconf 89' lang='lat' dir='ltr'><strong>M.</strong></span> <span class='ocrx_word' id='word_1_841' title='bbox 2193 5433 2340 5488; x_wconf 90' lang='lat' dir='ltr'><strong>addit</strong></span> <span class='ocrx_word' id='word_1_842' title='bbox 2362 5433 2516 5488; x_wconf 74' lang='lat' dir='ltr'><strong>divisi</strong></span> <span class='ocrx_word' id='word_1_843' title='bbox 2539 5443 2680 5488; x_wconf 78' lang='lat' dir='ltr'><strong>sunt.</strong></span> 
     </span>
    </p>
   </div>
   <div class='ocr_carea' id='block_1_118' title="bbox 1978 5502 2629 5574">
    <p class='ocr_par' dir='ltr' id='par_1_118' title="bbox 1978 5502 2629 5574">
     <span class='ocr_line' id='line_1_119' title="bbox 1978 5502 2629 5574; baseline 0.003 -19"><span class='ocrx_word' id='word_1_844' title='bbox 1978 5502 1996 5540; x_wconf 78' lang='grc' dir='ltr'><strong>ι</strong></span> <span class='ocrx_word' id='word_1_845' title='bbox 2026 5503 2108 5574; x_wconf 63' lang='grc' dir='ltr'><strong>Β.,</strong></span> <span class='ocrx_word' id='word_1_846' title='bbox 2142 5511 2629 5574; x_wconf 81' lang='lat' dir='ltr'><strong>supranumeratus.</strong></span> 
     </span>
    </p>
   </div>
   <div class='ocr_carea' id='block_1_119' title="bbox 1971 5571 2540 5638">
    <p class='ocr_par' dir='ltr' id='par_1_119' title="bbox 1971 5571 2540 5638">
     <span class='ocr_line' id='line_1_120' title="bbox 1971 5571 2540 5638; baseline -0.004 -10"><span class='ocrx_word' id='word_1_847' title='bbox 1971 5585 2011 5612; x_wconf 77' lang='grc' dir='ltr'>ω</span> <span class='ocrx_word' id='word_1_848' title='bbox 2040 5571 2127 5638; x_wconf 88' lang='lat' dir='ltr'><strong>C.,</strong></span> <span class='ocrx_word' id='word_1_849' title='bbox 2156 5571 2540 5628; x_wconf 82' lang='lat' dir='ltr'><strong>conturbatum.</strong></span> 
     </span>
    </p>
   </div>
   <div class='ocr_carea' id='block_1_120' title="bbox 1967 5642 3468 5718">
    <p class='ocr_par' dir='ltr' id='par_1_120' title="bbox 1967 5642 3468 5718">
     <span class='ocr_line' id='line_1_121' title="bbox 1967 5642 3468 5718; baseline -0.001 -20"><span class='ocrx_word' id='word_1_850' title='bbox 1967 5654 1995 5682; x_wconf 80' lang='grc' dir='ltr'><strong>ιι</strong></span> <span class='ocrx_word' id='word_1_851' title='bbox 2024 5642 2121 5718; x_wconf 70' lang='lat' dir='ltr'><strong>Sic</strong></span> <span class='ocrx_word' id='word_1_852' title='bbox 2138 5643 2551 5718; x_wconf 17' lang='lat' dir='ltr'><strong>M.iB.,_decorw</strong></span> <span class='ocrx_word' id='word_1_853' title='bbox 2571 5646 2918 5716; x_wconf 82' lang='lat' dir='ltr'><strong>proceritatis,</strong></span> <span class='ocrx_word' id='word_1_854' title='bbox 2955 5661 3109 5718; x_wconf 77' lang='lat' dir='ltr'><strong>quem</strong></span> <span class='ocrx_word' id='word_1_855' title='bbox 3138 5646 3258 5716; x_wconf 73' lang='lat' dir='ltr'><strong>igne</strong></span> <span class='ocrx_word' id='word_1_856' title='bbox 3279 5653 3468 5697; x_wconf 72' lang='lat' dir='ltr'><strong>cretu-</strong></span> 
     </span>
    </p>
   </div>
   <div class='ocr_carea' id='block_1_121' title="bbox 1893 5712 3042 5782">
    <p class='ocr_par' dir='ltr' id='par_1_121' title="bbox 1893 5712 3042 5782">
     <span class='ocr_line' id='line_1_122' title="bbox 1893 5712 3042 5782; baseline 0.002 -12"><span class='ocrx_word' id='word_1_857' title='bbox 1893 5725 2060 5770; x_wconf 67' lang='grc' dir='ltr'><strong>νεῖαι.</strong></span> <span class='ocrx_word' id='word_1_858' title='bbox 2089 5712 2279 5782; x_wconf 85' lang='lat' dir='ltr'><strong>Sand.,</strong></span> <span class='ocrx_word' id='word_1_859' title='bbox 2309 5712 3042 5776; x_wconf 57' lang='lat' dir='ltr'><strong>decore...&#39;concremaverat.</strong></span> 
     </span>
    </p>
   </div>
  </div>
