3950 6308
435 331 564 390 I271

1035 331 1211 390 SAEC.
1251 332 1365 390 VIII
1400 330 1775 390 AUCTORES
1812 329 1978 388 ANNI
2012 330 2315 392 INCERTI.
2350 358 2423 374 -
2455 331 2712 389 lSlDORI
2742 329 3080 392 PACENSIS

3588 336 3740 393 19.73

429 458 509 506 tat
532 451 599 506 de
622 463 788 504 manu
812 448 1255 519 persequentium
1281 447 1638 513 liberandam,
1663 462 1817 503 suam
1855 445 2018 502 morti
2046 450 2100 513 Α
2122 447 2266 502 lores
2290 446 2573 518 repletam,
2605 454 2668 500 ut
2694 446 2904 502 diceres
2942 447 3224 518 augustale
3269 463 3395 506 esse
3442 450 3734 523 malogra-

428 541 671 596 debitam
705 545 978 609 praeparat
1021 539 1258 592 animam
1282 549 1308 578 ιι
1340 555 1354 591 :
1383 537 1574 607 sicque
1616 537 1744 592 dum
1773 551 1898 592 eum
1925 552 2026 607 pu-

426 633 574 692 blica
602 647 796 687 manus
840 630 1162 700 insequitur,
1196 645 1317 686 sese
1343 629 1399 684 in
1446 629 1700 686 scissuris
1747 637 2046 702 petrarum

426 725 502 782 ab
534 725 644 780 alto
688 723 979 796 pinnaculo
996 720 1111 790 jam
1140 721 1454 778 vulneratus
1489 721 1792 778 cavillando
1835 723 2024 792 praeci-

427 818 606 890 pitat,
655 826 820 888 atque
870 831 940 872 ne
990 815 1146 870 vivus
1193 815 1744 885 comprehenderetur
1788 815 2025 870 animam

428 906 653 970 exhalat
684 933 698 968 :
733 911 886 982 cujus
911 918 1074 982 caput
1105 911 1290 966 statim
1316 911 1410 966 ubi
1457 923 1582 965 eum
1621 906 1891 978 jacentem
1939 921 2026 960 re-

425 1013 692 1078 pererunt
715 1045 732 1071 ,
775 1004 1068 1071 trucidant,
1105 1013 1162 1060 et
1184 1003 1299 1074 regi
1343 1017 1450 1058 una
1475 1018 1600 1057 cum
1649 999 1761 1056 ﬁlia
1785 998 2026 1055 Eudonis

428 1102 720 1161 memorati
747 1102 901 1157 ducis
921 1109 1292 1172 praesentant:
1321 1115 1484 1171 quam
1513 1099 1604 1154 ille
1632 1098 1804 1154 maria
1847 1105 2024 1153 trans-

317 1265 320 1267 ,
427 1206 655 1252 vectans
693 1195 914 1251 sublimi
946 1194 1178 1267 principi
1219 1202 1475 1266 procurat
1516 1192 1813 1250 honoriﬁce
1861 1191 2026 1248 desti-

341 1329 353 1352 ..
431 1289 694 1344 nandam.
1839 1285 1860 1353 π
1912 1311 1915 1313 ’

505 1381 594 1436 59.
652 1380 805 1436 Tunc
837 1379 1214 1437 Abderraman
1247 1378 1595 1436 multitudine
1631 1377 1715 1434 sui
1752 1375 2026 1434 exercitus

430 1473 699 1544 repletam
749 1471 1096 1546 prospiciens
1139 1460 1649 1534 terram,montana
1677 1467 2026 1523 Vaccaeorum

431 1563 732 1627 dissecans,
761 1569 818 1616 et
861 1560 1062 1619 fretosa
1090 1569 1152 1615 ut
1177 1561 1207 1600 ι)
1245 1560 1407 1630 plana
1452 1558 1803 1630 percalcans,
1855 1567 2026 1614 terras

430 1645 769 1710 Francorum
799 1653 943 1708 intus
992 1652 1317 1722 experditat,
1348 1659 1509 1722 atque
1536 1650 1672 1707 adeo
1715 1665 1812 1706 eas
1861 1664 2028 1720 pene-

432 1744 632 1800 trando
659 1746 838 1817 gladio
865 1747 1139 1812 verberat,
1194 1753 1256 1800 ut
1290 1743 1479 1814 praelio
1526 1745 1595 1799 ab
1634 1742 1858 1798 Eudone
1884 1741 2025 1796 ultra

2128 544 2351 602 natum;
2403 545 2614 591 tantam
2665 535 2722 591 in
2777 553 2900 592 eam
2946 551 3084 606 pene
3131 554 3228 609 per
3276 549 3525 611 quatuor
3557 559 3738 604 annos

2127 627 2331 700 irrogat
2350 629 2726 698 petulantiam,
2752 637 2814 684 ut
2831 629 3096 699 paulatim
3123 632 3452 690 labefactata
3483 651 3522 691 a
3551 637 3740 694 diver-

2125 720 2199 778 sis
2231 722 2549 793 ambagibus
2576 729 2794 778 maneat
2819 724 3096 780 exsiccata
3133 725 3155 766 τ
3189 726 3565 802 :judicesque
3617 732 3737 802 ejus

2125 813 2378 884 praerepti
2407 814 2704 884 cupiditate
2753 815 2829 870 ita
2860 815 3184 874 blandiendo
3213 822 3268 875 in
3310 836 3441 877 eam
3476 835 3735 895 trrogant

2128 905 2428 974 maculam,
2461 915 2522 962 ut
2564 922 2674 962 non
2722 907 2898 965 solum
2925 924 2995 965 ex
3021 926 3090 966 eo
3119 919 3362 984 tempore
3393 916 3735 975 declinando

2126 1003 2304 1051 exstet
2355 1004 2416 1052 ut
2464 1005 2698 1065 mortua,
2749 1002 3112 1057 verumetiam
3163 1018 3195 1058 a
3241 1006 3462 1062 cunctis
3505 1010 3735 1078 optimis

2127 1096 2345 1143 maneat
2371 1103 2762 1161 usquequaque
2801 1093 3038 1162 privata,
3079 1103 3242 1167 atque
3271 1099 3340 1153 ad
3384 1116 3733 1171 recuperan-

2127 1177 2253 1232 dam
2277 1192 2428 1248 spem
2457 1180 2482 1219 3
2511 1179 2821 1236 omnimode
2849 1183 3110 1239 desolata.
3163 1185 3266 1252 Qui
3296 1196 3352 1243 et
3378 1190 3453 1245 ob
3483 1191 3596 1246 hoc
3624 1209 3738 1248 mo-

2127 1266 2273 1323 nitus
2299 1269 2590 1338 praedictus
2608 1268 2934 1329 Abdilmelic
2962 1289 2996 1329 a
3023 1276 3320 1347 principali
3343 1278 3526 1349 jussu,
3561 1299 3736 1353 quam

2088 1407 2093 1416 .
2127 1357 2264 1414 nihil
2285 1359 2336 1414 ei
2357 1360 2415 1415 in
2441 1367 2591 1416 terra
2619 1359 2957 1419 Francorum
2998 1379 3321 1437 prosperum
3348 1372 3625 1439 eveniret,
3667 1375 3734 1429 ad

2127 1463 2320 1520 pugnae
2353 1450 2639 1508 victoriam
2691 1455 2880 1510 statim
2927 1471 2960 1512 e
3003 1455 3257 1516 Corduba
3305 1462 3574 1520 exsiliens
3612 1482 3732 1521 eum

2127 1541 2276 1595 omni
2332 1557 2498 1596 manu
2546 1543 2762 1613 publica
2807 1547 3124 1606 subvertere
3175 1553 3374 1609 nititur
3425 1556 3729 1628 Pyrenaica

2128 1631 2548 1690 inhabitantium
2587 1634 2738 1708 juga,
2771 1647 2827 1693 et
2873 1642 3410 1718 expeditionem-per
3443 1649 3561 1705 loca
3611 1653 3730 1706 diri-

2129 1739 2261 1796 gens
2282 1734 2538 1798 angusta,
2565 1729 2703 1784 nihil
2750 1745 3070 1803 prosperum
3099 1739 3291 1808 gessit.
3345 1739 3646 1799 Convictus
3667 1748 3725 1804 da

430 1835 626 1891 ﬂuvios
648 1838 868 1893 nomine
895 1837 1209 1896 Garonnam
1237 1837 1322 1890 vel
1351 1837 1700 1892 Dornomiam
1745 1851 2024 1906 prmpara-

2134 1816 2227 1873 Dei
2247 1819 2484 1888 potentia
2511 1835 2546 1876 a
2567 1835 2675 1891 quo
2715 1821 3011 1882 Christiani
3042 1830 3257 1886 tandem
3289 1837 3558 1904 perpauci
3582 1855 3720 1894 mon-

431 1934 524 1992 to,
555 1935 610 1982 et
639 1928 693 1982 in
723 1927 908 1998 fugam
933 1929 1184 2000 dilapso,
1216 1929 1362 1985 solus
1391 1929 1533 1985 Deus
1573 1944 1861 1984 numerum
1909 1943 2027 1984 mo-

429 2018 691 2074 rientium
721 2018 805 2074 vel
832 2020 1178 2089 pereuntium
1225 2029 1602 2091 recognoscat.
1635 2017 2030 2075 Tunc'Abder-

434 2096 648 2166 ramam
679 2110 1018 2183 suprafatum
1046 2111 1325 2168 Eudonem
1352 2112 1545 2168 ducem
1569 2112 1875 2181 insequens,
1903 2111 2030 2165 dum

434 2205 808 2261 Turonensem
837 2205 1139 2261 Ecclesiam
1164 2205 1369 2276 palatia
1404 2204 1667 2262 diruendo
1694 2211 1750 2282 et
1775 2202 2032 2259 ecclesias

432 2285 726 2353 us'tulando
753 2298 1054 2367 deprazdari
1075 2297 1370 2365 desiderat,
1395 2312 1519 2353 cum
1541 2294 1763 2353 consule
1785 2293 2032 2350 Francia:

433 2388 719 2445 interioris
742 2388 978 2446 Austriae
1029 2389 1252 2445 nomine
1299 2387 1516 2456 Carolo,
1548 2387 1666 2442 viro
1715 2387 1784 2442 ab
1813 2384 2032 2441 ineunte

431 2489 594 2536 :etate
623 2480 900 2551 belligero,
932 2490 988 2536 et
1015 2481 1097 2535 rei
1124 2479 1379 2547 militaris
1407 2478 1665 2550 experto,
1709 2478 1776 2534 ab
1807 2477 2032 2534 Eudone

431 2573 762 2642 praemonito
785 2585 905 2628 sese
942 2569 1222 2627 infrontat.
1249 2570 1355 2627 Ubi
1383 2571 1510 2626 dum
1538 2584 1677 2640 pene
1699 2583 1798 2638 per
1825 2576 2033 2638 septem

435 2663 554 2719 dies
610 2665 829 2734 utrique
871 2664 939 2719 de
980 2679 1176 2734 pugnae
1231 2661 1484 2719 conﬂictu
1528 2662 1876 2726 excruciant,
1913 2675 2034 2717 sese

431 2762 713 2825 postremo
742 2757 796 2809 in
819 2754 991 2809 aciem
1031 2762 1246 2823 parant,
1273 2762 1440 2824 atque
1465 2754 1595 2809 dum
1642 2753 1844 2809 acriter
1872 2751 2033 2808 dimi-

435 2853 566 2900 cant
593 2853 782 2916 gentes
810 2844 1261 2914 septentrionales
1288 2845 1345 2900 in
1396 2845 1507 2901 ictu
1554 2844 1699 2900 oculi
1746 2852 1807 2899 ut
1851 2843 2034 2914 paries

435 2926 743 2992 immobiles
771 2942 1170 3006 permanentes,
1197 2937 1338 2992 sicut
1359 2945 1415 2993 et
1442 2952 1579 2993 zona
1620 2937 1817 3009 rigoris
1836 2937 2033 3010 glacia-

436 3024 568 3085 liter
605 3035 826 3083 manent
882 3023 1160 3109 astrictae',‘
1180 3028 1389 3085 Arabes
1426 3029 1606 3098 gladio
1647 3039 1891 3086 enecant.
1925 3030 2035 3087 Sed

436 3119 532 3174 ubi
579 3135 711 3190 gens
756 3120 990 3175 Austriac
1056 3120 1198 3176 mole
1259 3121 1628 3177 membrorum
1693 3122 1985 3192 praevalida
2008 3161 2025 3190 ,

437 3219 506 3266 et"
532 3210 708 3267 ferrea
753 3227 917 3266 manu
952 3226 1051 3281 per
1102 3211 1269 3267 ardua
1316 3212 1721 3282 pectorabiliter
1767 3212 2028 3271 ferientes

436 3316 622 3371 regem
651 3302 933 3358 inventum
961 3304 1295 3359 exanimant.
1344 3302 1543 3360 Statim
1570 3312 1733 3361 nocte
1777 3305 2027 3376 praelium

437 3393 758 3458 dirimente,
790 3393 1193 3463 despicabilitcr
1243 3394 1452 3464 gladios
1498 3394 1730 3460 elevant,
1781 3403 1944 3465 atque
1972 3395 2028 3451 in

436 3483 544 3538 alio
574 3483 661 3538 die
685 3483 926 3540 videntes
973 3493 1153 3540 castra
1201 3483 1442 3540 Arabum
1495 3485 1906 3543 innumerabilia
1961 3487 2028 3542 ad

435 3589 673 3645 pugnam
719 3591 838 3631 sese
872 3585 1173 3645 reservant,
1205 3585 1259 3632 et
1312 3587 1667 3648 exsurgentes
1725 3579 1790 3635 de
1835 3579 2029 3649 vagina

438 3681 540 3720 sua
570 3665 804 3721 diluculo
828 3668 1170 3736 prospiciunt
1200 3667 1542 3738 Europenses
1587 3669 1829 3724 Arabum
1853 3678 2030 3726 tento-

438 3753 522 3808 ria
547 3754 814 3819 ordina‘ta,
845 3765 901 3810 et
936 3758 1284 3814 tabernacula
1314 3759 1407 3814 ubi
1432 3759 1647 3816 fuerant
1683 3770 1862 3817 castra
1887 3762 2030 3819 loca-

439 3854 525 3911 ta,
557 3841 1085 3904 nescientes'cuncta
1107 3865 1226 3906 esse
1272 3867 1560 3930 pervacua,
1584 3860 1639 3909 et
1664 3863 1917 3924 putantes
1961 3856 2030 3911 ab

438 3937 636 3992 intimo
696 3952 817 3994 esse
876 3939 1270 3997 Saracenorum
1324 3944 1618 4016 phalanges
1668 3948 1736 4002 ad
1786 3947 2030 4016 praelium

439 4037 794 4098 praaparatas,
839 4031 1112 4088 mittentes
1158 4033 1562 4104 exploratorum
1617 4036 1794 4093 ofﬁcia
1819 4078 1836 4103 ,
1893 4054 2030 4095 cun-

441 4124 528 4170 cta
565 4127 881 4186 repererunt
917 4119 1311 4177 lsmaelitarum
1358 4123 1572 4193 agmina
1610 4124 1863 4198 effugata,
1914 4142 2031 4184 om-

438 4221 648 4277 nesque
696 4209 861 4265 tacite
914 4213 1281 4281 pernoctando
1325 4229 1525 4270 cuneos
1581 4215 1858 4287 diﬂ‘ugisse
1889 4229 1912 4256 ε
1946 4233 2031 4275 re-

437 4299 748 4368 patriando.
809 4301 1150 4373 Europenses
1199 4320 1350 4373 vero,
1381 4307 1599 4364 solliciti
1655 4325 1724 4366 ne
1779 4326 1878 4382 per
1945 4327 2031 4369 se—

437 4390 602 4446 mitas
632 4391 1005 4450 delitescentes
1033 4396 1243 4468 aliquas
1293 4398 1532 4456 facerent
1575 4403 1894 4460 simulanter
1939 4420 2030 4462 ce-

2055 3169 2103 3235 C

2132 1910 2266 1966 tium
2301 1913 2590 1982 pinnacula
2639 1915 2937 1974 retinentes
2981 1922 3372 1988 praestolabant
3425 1929 3720 1987 misericor-

2132 2004 2296 2070 diam,
2328 2014 2383 2060 et
2429 2006 2585 2063 devia
2616 2009 2847 2079 amplius
2874 2012 3001 2069 hinc
3029 2015 3154 2072 inde
3185 2034 3312 2074 eum
3343 2037 3519 2078 manu
3556 2026 3716 2080 valida

2131 2107 2393 2166 appetens
2419 2097 2557 2167 loca,
2588 2100 2771 2157 multis
2807 2104 2919 2160 suis
2965 2105 3326 2167 bellatoribus
3349 2116 3588 2192 perditis
3611 2134 3720 2175 sese

2131 2190 2328 2261 recipit
2348 2191 2406 2246 in
2431 2193 2613 2262 plana,
2653 2197 2999 2265 repatriando
3015 2204 3127 2271 'per
3151 2205 3339 2268 devia.

2202 2283 2290 2339 6t.
2322 2284 2421 2342 Cui
2449 2294 2505 2342 et
2542 2302 2669 2344 mox
2714 2298 2838 2368 post
2882 2291 3156 2349 modicum
3197 2296 3254 2351 in
3282 2304 3398 2353 mra
3429 2299 3557 2368 775,
3586 2317 3720 2360 anno

2131 2372 2331 2432 Leonis
2354 2376 2484 2447 imp.
2511 2379 2599 2447 l7,
2619 2363 2860 2438 Arabum
2887 2384 3019 2449 119,
3055 2385 3278 2444 Iliscam
3323 2391 3410 2456 15,
3445 2363 3721 2452 successor

2132 2465 2282 2521 venit
2325 2469 2546 2525 nomine
2580 2469 2820 2542 Aucupa,
2855 2473 2948 2545 qui
2977 2475 3106 2532 dum
3151 2489 3424 2550 potestate
3459 2488 3722 2555 praecelsa

2132 2559 2504 2631 genealogiam
2555 2570 2611 2617 et
2658 2562 2793 2636 legis
2847 2581 2960 2622 sua:
3004 2571 3311 2628 custodiam
3368 2587 3550 2632 cuncta
3603 2589 3716 2635 tre-

2133 2661 2307 2708 meret
2353 2653 2634 2725 Hispania,
2685 2673 3074 2729 przccessorem
3113 2665 3334 2724 vinculo
3379 2670 3616 2739 alligans,
3638 2673 3721 2742 iu-

2133 2741 2281 2798 dices
2304 2744 2372 2800 ab
2400 2759 2466 2800 eo
2501 2749 2826 2818 praepositos
2846 2750 3064 2808 fortiter
3104 2755 3352 2814 damnat.
3401 2760 3563 2818 Certe
3583 2741 3726 2821 dum

2132 2837 2486 2894 caeremonias
2539 2838 2674 2909 legis
2721 2854 3033 2915 exaggerat,
3080 2847 3513 2920 descriptionem
3548 2858 3728 2927 populi

2132 2925 2313 2984 facere
2341 2928 2592 2999 imperat,
2615 2940 2780 3003 atque
2805 2937 3149 2993 exactionem
3177 2941 3374 2998 tributi
3414 2945 3588 3002 ardue
3615 2925 3729 3019 agi-

2134 3025 2213 3074 tat
2244 3037 2258 3073 :
2290 3034 2578 3090 perversos
2615 3023 2906 3096 Hispaniae,
2938 3028 3024 3083 vel
3053 3029 3286 3087 diversis
3313 3033 3473 3091 vitiis
3494 3037 3730 3109 implica-

2133 3117 2239 3176 tos,
2266 3111 2476 3167 ratibus
2495 3115 2778 3185 appositis,
2811 3131 2909 3186 per
2936 3120 3108 3176 maria
3141 3124 3469 3181 transvolat.
3517 3128 3731 3187 Fiscnm

2130 3219 2198 3260 ex
2235 3203 2464 3260 diversis
2485 3208 2860 3267 occasionibus
2886 3213 3292 3283 promptissime
3311 3216 3456 3273 ditat
3489 3238 3506 3273 :
3553 3223 3732 3280 abste-

2128 3293 2271 3350 mius
2299 3308 2368 3349 ex
2391 3295 2539 3350 omni
2583 3297 2798 3366 occulta
2845 3301 3061 3358 datione
3083 3303 3113 3344 ιι
3141 3320 3470 3376 perseverat
3496 3325 3515 3367 :
3565 3316 3734 3370 nemi-

2127 3399 2254 3440 nem
2279 3385 2383 3440 nisi
2409 3400 2508 3458 per
2523 3386 2794 3457 justitiam
2819 3393 3054 3463 propria:
3081 3394 3216 3468 legis
3247 3398 3479 3456 damnat
3513 3421 3530 3457 :
3572 3420 3734 3476 expe-

2129 3476 2389 3533 ditionem
2415 3477 2749 3537 Fraucorum
2779 3499 2904 3540 cum
2929 3485 3274 3546 multitudine
3313 3494 3604 3552 exercitus
3643 3497 3736 3552 ad-

2129 3575 2382 3640 temptat:
2408 3570 2601 3628 deinde
2627 3574 2695 3628 ad
2717 3573 3257 3649 Ctesaraugustanam
3286 3582 3582 3641 civitatem
3608 3603 3728 3658 pro-

2130 3661 2399 3733 grediens,
2427 3677 2547 3719 sese
2575 3679 2698 3720 cum
2727 3665 2937 3723 infinita
2957 3669 3131 3727 classe
3158 3681 3285 3742 apte
3311 3687 3594 3748 receptat.
3635 3679 3734 3736 Sed

2131 3752 2225 3808 ubi.
2254 3753 2602 3811 rebellionem
2644 3750 2959 3816 Maurorum
2999 3777 3098 3834 per
3139 3765 3405 3835 epistolas
3435 3771 3510 3825 ab
3556 3771 3735 3828 Afn‘ca

2131 3843 2326 3899 missas
2355 3845 2534 3903 subito
2562 3847 2792 3915 lectitat,
2837 3851 2956 3907 sine
2998 3869 3149 3911 mora
3183 3867 3392 3927 quanta
3439 3864 3625 3932 potuit
3651 3879 3735 3918 ve-

2132 3932 2352 3990 locitate
2374 3935 2681 3994 Cordubam
2704 3942 2947 4013 repedat,
2965 3947 3356 4007 transductivis
3377 3953 3396 3991 i
3414 3964 3734 4022 promonto-

2133 4022 2229 4115 riis
2257 4038 2377 4115 sese
2403 4036 2663 4098 receptat.
2692 4030 2904 4089 Arabes
2930 4033 3047 4090 sine
3071 4034 3272 4094 effectu
3296 4040 3371 4095 ad
3414 4057 3731 4115 propugna-

2133 4111 2253 4167 cula
2280 4113 2589 4174 Maurorum
2625 4119 2864 4187 mittens,
2898 4124 3126 4184 navibus
3158 4111 3627 4198 praestolabili—ter
3644 4139 3736 4191 ad-

2131 4207 2367 4263 ventatis
2412 4210 2584 4280 maria
2630 4219 2954 4270 transnatat.
2987 4215 3047 4273 Si
3097 4233 3235 4290 quos
3265 4235 3335 4277 ex
3365 4207 3474 4282 °eis
3523 4239 3736 4284 contra—

2135 4295 2373 4354 dictores
2401 4299 2486 4355 vel
2505 4301 2749 4370 bifarios,
2779 4307 3068 4366 seumalei
3106 4313 3543 4383 machinatores,
3572 4330 3736 4391 atqtze

2133 4388 2417 4446 haereticos
2457 4391 2617 4465 (quos
2640 4396 2718 4452 illi
2754 4403 3052 4472 augures-ﬁ
3081 4409 3305 4480 vocant)
3345 4415 3582 4484 reperit,
3625 4388 3736 4487 gla-

439 4481 607 4548 latas,
662 4485 897 4555 undique
940 4486 1224 4556 stupefacti
1277 4488 1332 4543 in
1386 4490 1616 4548 circuitu
1658 4509 1778 4550 sese
1826 4496 2026 4553 frustra

2135 4482 2226 4586 die
2267 4483 2496 4586 jugulat.
2529 4487 2728 4560 Sicque
2770 4502 2966 4550 cuncta
3017 4498 3224 4567 optime
3261 4481 3653 4576 disponendo;
3682 4520 3738 4565 et

414 4581 744 4654 irecapmm,
796 4583 851 4630 οι
899 4577 992 4647 qui
1046 4579 1114 4633 ad
1163 4591 1549 4650 persequentes
1588 4594 1775 4656 gemes
1821 4602 2026 4644 meum.
2053 4573 2104 4586 "
2135 4573 2412 4632 Tinacrios
2440 4576 2458 4616 1
2477 4588 2666 4649 portus
2688 4584 3057 4657 pervigilando
3079 4593 3315 4661 propria:
3335 4573 3460 4652 sedi
3490 4573 3737 4658 clerum-

414 4675 590 4728 ,ratas
639 4667 787 4724 nullo
835 4669 996 4726 modo
1039 4671 1284 4743 vigilant,
1315 4674 1502 4743 spoliis
1555 4684 1763 4734 tantum
1798 4687 1855 4735 et
1905 4697 2026 4737 ma-

412 4753 621 4836 fnuliiis
651 4760 907 4819 decenter
948 4763 1136 4822 divisis
1161 4766 1219 4822 in
1244 4782 1373 4825 suas
1399 4784 1458 4826 se
1487 4769 1594 4828 laeti
1633 4773 1902 4846 rccipiunt
1929 4791 2026 4848 pa-

411 4903 419 4928 .
439 4849 597 4905 trias.
960 4851 976 4868 ⁶

413 4936 420 5009 ξ
512 4938 600 4992 60.
634 4939 786 4997 Tunc
826 4942 884 4998 in
930 4958 1038 4999 aera
1068 4943 1192 5012 772,
1225 4962 1367 5005 anno
1407 4943 1621 5022 imperii
1665 4952 1906 5024 ejusdem
1931 4957 2023 5024 14,

437 5027 681 5084 Arabum
699 5031 829 5100 M6,
863 5033 1083 5090 Hiscam
1128 5035 1216 5103 12,
1245 5037 1570 5098 Abdilmelic
1606 5043 1634 5084 ἀ
1664 5045 1740 5101 ex'
1756 5044 1919 5102 nobili
1947 5045 2026 5102 fa-

438 5118 590 5174 milia
618 5134 780 5190 super
805 5121 1124 5194 Hispaniam
1152 5128 1260 5184 dux
1311 5130 1548 5187 mittitur
1594 5134 1663 5189 ad
1705 5136 2025 5208 principalia

433 5207 720 5278 jussa.Qui
736 5213 862 5268 dum
883 5231 1002 5300 eam
1026 5228 1150 5288 post
1177 5227 1258 5275 tot
1272 5229 1530 5293 tantaque
1553 5223 1736 5294 praelia
1772 5239 1795 5266 ο
1825 5228 2028 5298 reperit

437 5303 694 5360 omnibus
721 5304 878 5362 bonis
906 5307 1165 5379 Opimam,
1189 5312 1335 5386 etjta
1361 5313 1550 5372 ﬂoride
1570 5325 1693 5389 post
1721 5326 1900 5378 tantos
1929 5321 2026 5378 do-

511 5455 540 5482 ει
567 5443 654 5508 Β.,
681 5459 854 5500 suum.
975 5449 1224 5506 debitum.
1249 5490 1263 5506 .
1285 5493 1298 5507 .

515 5511 546 5553 1³
591 5513 677 5581 Β.,
706 5525 774 5570 et.

513 5594 538 5671 ξ
570 5583 670 5671 ἓὶο
787 5588 882 5671 ’Β.,
911 5591 1098 5671 qluiqzie
1139 5597 1518 5671 cyneostrz‘ctc
1537 5598 1840 5671 diﬁ'ugiunt.

511 5653 540 5694 ἀ
570 5655 652 5730 9.,
683 5653 1023 5716 Abdelme'lic.
1043 5660 1231 5730 Sand.,
1263 5665 1596 5721 Abdilmelec.

520 5737 543 5799 ξ’
574 5727 634 5799 ξξ.
655 5768 669 5793 ,
701 5730 952 5799 pericula.

517 5795 538 5836 ί
575 5790 741 5858 Μζόι
776 5800 966 5872 Sand.,
1000 5806 1447 5872 ambaginibus...
1489 5820 1750 5866 exsecuta.

1349 5456 1604 5511 animum.

2129 4674 2214 4723 ter
2238 4682 2298 4724 se
2325 4671 2600 4728 restituit:
2633 4675 2726 4744 qui
2755 4684 2811 4732 et
2839 4687 2963 4747 post
2987 4680 3265 4750 paululum
3289 4699 3522 4757 peracto
3568 4695 3730 4762 quin-

2129 4757 2366 4826 quennio
2426 4760 2746 4820 Abdilmelic
2791 4767 3017 4836 praefato
3075 4787 3308 4844 regnum
3359 4757 3729 4850 restant-aus,

2127 4847 2450 4908 inﬁrmitate
2498 4865 2803 4928 correptus,
2845 4876 2972 4918 mox
3022 4862 3285 4937 languore
3313 4870 3382 4925 ad
3414 4872 3613 4929 vitalia
3646 4847 3731 4932 re;

2129 4942 2328 5002 deunte
2365 4960 2397 5002 e
2428 4949 2629 5005 mulo
2655 4951 2875 5024 migrat.

2197 5035 2285 5092 62.
2340 5037 2445 5094 Per
2477 5039 2618 5097 idem
2648 5050 2860 5114 tempus
2876 5045 3000 5101 viri‘
3021 5049 3291 5118 doctores,
3323 5061 3379 5108 et
3408 5057 3724 5114 sanctimo-

2126 5127 2232 5184 niae
2252 5129 2431 5186 studio
2461 5132 2593 5188 satis
2619 5133 2884 5203 pollentes
2922 5136 3172 5196 Urbanus
3199 5149 3257 5197 et
3307 5141 3579 5204 Evantius
3607 5149 3726 5204 hui

2127 5225 2196 5282 ad
2215 5225 2503 5284 Dominum
2527 5240 2810 5301 pergentes
2847 5234 3130 5303 quiescunt
3155 5237 3210 5292 in
3237 5253 3390 5308 pace.

2197 5319 2285 5377 65.
2317 5321 2637 5380 Abdilmelic
2656 5339 2785 5383 vero
2806 5341 3072 5388 consensu
3097 5330 3341 5388 omnium
3366 5332 3423 5390 in
3450 5348 3561 5393 aara
3590 5335 3724 5404 780,

2203 5459 2227 5534 ti
2263 5457 2350 5534 εὶ,
2379 5476 2412 5514 a
2445 5462 2805 5534 recuperanda
2827 5482 2934 5534 spe.

2192 5528 2224 5566 ιι
2260 5529 2344 5594 Β.,
2383 5528 2745 5586 occultatione.

2201 5600 2217 5638 ί
2262 5598 2450 5665 Sand.,
2479 5599 2818 5657 transductis.

2199 5668 2212 5717 ἱ
2260 5671 2345 5736 Β.,
2384 5670 2531 5724 mali.

2196 5741 2223 5814 1f
2262 5742 2350 5814 Sic
2371 5741 2441 5814 Μ.
2470 5751 2526 5797 et
2561 5743 2723 5798 Sand.
2752 5745 2833 5812 Β.,
2861 5765 3061 5803 asures.
3090 5749 3176 5814 (3.,
3205 5768 3432 5807 amerca.

2201 5811 2220 5850 1
2263 5812 2451 5882 Sand.,
2485 5815 2800 5885 trimacrios,
2840 5817 2925 5889 Β.,
2957 5811 3246 5879 Tinacrios.
3273 5821 3370 5886 Μ..
3391 5823 3611 5884 patrios.
