3950 6308
103 421 265 482 ,127³

1529 417 1950 481 CHRONICON.

3238 440 3380 500 1274

130 547 266 587 anno
286 529 494 600 imperii
509 529 706 624 Leonis
729 530 822 599 22,
843 531 1082 588 Arabum
1107 532 1230 600 124,
1252 531 1468 593 Hiscam
1479 537 1569 607 20,
1597 539 1696 596 eli-
1717 541 1772 602 Α
1794 537 1967 607 piunt,
2003 534 2322 598 Abdilmelic
2349 551 2625 614 prostrato
2662 555 2720 603 et
2742 561 2910 620 regno
2934 549 3052 620 ejus
3077 561 3376 624 assumpto,

127 627 268 692 gitur
288 624 339 678 in
368 638 534 690 regno
555 623 814 678 Arabum.
855 623 1023 695 Igitur
1049 624 1266 681 Hiscam
1291 639 1594 698 praeventus
1614 630 1699 686 fu-

135 734 245 772 rore
266 715 468 785 iniquo,
501 722 557 769 et
579 716 888 786 cupiditatis
899 717 1138 775 relaxato
1158 719 1276 775 sine
1294 721 1524 778 termino
1545 721 1699 780 freno

123 805 174 879 [a
207 808 388 877 erepit.
409 808 464 862 in
505 823 632 864 suos
668 808 790 879 plus
830 809 988 866 solito
1036 811 1396 871 debacchari:
1433 815 1595 889 unde]
1641 817 1698 873 in

128 902 258 958 bello
275 916 461 961 omnes
482 901 624 958 illico
653 917 763 959 sum
790 904 1071 974 potestatis
1095 914 1281 976 gentes
1306 909 1592 977 prosiliunt
1617 910 1700 966 in-

128 996 335 1051 testino.
413 995 548 1052 Nam
591 1005 646 1052 et
696 1005 888 1053 cuncta
909 997 1004 1052 illa
1055 1010 1207 1054 vasta
1247 1001 1498 1069 solitudo,
1554 1005 1697 1061 unde

127 1103 234 1157 Ipsa
275 1088 448 1142 oritur
476 1087 708 1145 Arabica
754 1088 1063 1155 multitudo,
1087 1090 1419 1161 impietatem
1453 1092 1696 1164 judicum

124 1193 225 1232 non
258 1176 513 1244 ferentes,
542 1185 734 1234 cuncta
758 1180 1084 1236 conturbant
1113 1180 1168 1236 in
1196 1183 1338 1250 dolo,
1359 1195 1519 1255 atque
1545 1186 1695 1242 oeci-

121 1270 348 1326 dentalis
366 1271 543 1346 plaga,
571 1272 656 1327 cui
669 1272 789 1343 plus
809 1289 920 1344 prae
939 1275 1151 1333 eteteris
1169 1276 1338 1334 dediti
1362 1280 1690 1348 suntMauri,

119 1373 172 1419 et
199 1379 261 1418 ea
288 1378 407 1435 quze
443 1365 510 1419 ad
556 1363 910 1421 Meridianam
957 1382 1017 1423 se
1054 1369 1282 1440 subrigit
1327 1387 1539 1442 zonam,
1584 1389 1694 1431 uno

118 1457 343 1513 consilio
388 1456 704 1524 eil‘erantes,
750 1460 988 1516 cervices
1031 1461 1242 1531 publice
1295 1465 1578 1522 excutiunt
1623 1467 1692 1524 ab

114 1547 506 1619 Arabicojugo.
569 1548 676 1604 Sed
701 1550 793 1605 ubi
828 1550 894 1605 ad
917 1550 1134 1608 Hiscam
1163 1553 1406 1610 auditum
1444 1557 1692 1627 pervenit

113 1639 566 1708 tyrannizantium
583 1640 890 1709 multitudo,
920 1651 1136 1698 centum
1168 1645 1335 1702 millia
1357 1655 1690 1704 armatorum

109 1729 283 1785 electa
332 1731 529 1787 auxilia
553 1733 730 1788 valida
776 1734 920 1790 illico
959 1736 1233 1793 ministrat
1260 1740 1381 1795 duci
1409 1739 1684 1797 Africano.

109 1824 326 1881 Cultum
364 1825 587 1882 fratrem
609 1829 872 1885 exercitui
895 1829 1134 1886 Orientis
1156 1832 1273 1887 scil.
1299 1842 1355 1889 et
1379 1832 1686 1891 Occidentis

1796 630 2171 687 transmarinis
2209 634 2483 692 sodalibus
2522 640 2766 708 praebere
2798 640 2865 696 ad
2888 642 3179 698 transitum
3227 644 3379 700 navi-

1797 720 2035 789 gerium:
2081 731 2243 794 atque
2269 726 2325 780 in
2354 735 2463 784 tres
2493 737 2700 787 turmas
2721 730 2900 798 divisi,
2935 750 3097 789 unam
3124 735 3192 789 ad
3217 735 3378 791 Tole-

1796 816 1909 866 tum
1938 814 2238 881 praevalidae
2257 817 2492 874 civitatis
2516 835 2731 876 murum
2745 823 3014 879 destinant
3035 823 3337 880 feriendum
3359 844 3374 880 :

1796 902 1958 959 aliam
1985 905 2053 960 ad
2074 905 2392 964 Abdilmelic
2411 909 2659 967 Corduba
2683 914 2737 968 in
2766 914 2891 970 sede
2911 914 3148 985 dirigunt
3174 919 3199 957 ε
3217 914 3378 986 jugu-

1794 993 2043 1053 landum:
2078 1001 2292 1056 tertiam
2316 1002 2382 1058 ad
2402 1003 2742 1074 Septitanum
2775 1008 2803 1048 h
2836 1017 3053 1078 portum
3095 1011 3378 1082 porrigunt

1794 1090 1864 1146 ob
1887 1101 2192 1160 praeventus
2211 1097 2630 1166 suprafatorum,
2659 1101 2752 1170 qui
2779 1101 2845 1158 de
2861 1103 3044 1172 praelia
3067 1113 3376 1172 evaserant,

1787 1177 2139 1250 jugulandum
2176 1185 2218 1238 i.
2263 1184 2369 1242 Sed
2395 1187 2728 1250 Abdilmelie
2753 1194 3036 1264 utriusque
3055 1196 3375 1252 lacertorum

1793 1270 2015 1328 brachia
2044 1275 2283 1344 mittens,
2320 1294 2482 1335 unam
2510 1290 2742 1339 turmam
2773 1300 2868 1356 per
2894 1287 3062 1343 filium
3098 1289 3318 1361 Hemcly
3347 1289 3362 1340 i

1791 1365 2125 1422 obsidionem
2157 1368 2343 1426 Toleto
2396 1386 2493 1441 per
2521 1374 2707 1444 viginti
2747 1387 2950 1448 septem
2997 1380 3112 1435 dies
3153 1388 3373 1450 proten-

1792 1453 2009 1512 dentem
2037 1457 2233 1528 gladio,
2289 1461 2606 1520 duodecimo
2634 1467 2702 1522 ab
2746 1469 2878 1524 urbe
2931 1469 3183 1526 milliario
3224 1470 3372 1526 forti-

1791 1555 1876 1604 ter
1907 1549 2171 1606 dissecat:
2205 1551 2367 1607 aliam
2389 1569 2486 1624 per
2513 1556 2804 1614 Almuzaor
2837 1559 3089 1626 Arabem,
3116 1559 3377 1616 licct'cum

1789 1652 1888 1694 sua
1909 1638 1992 1695 vel
2017 1641 2287 1698 exercitus
2312 1643 2668 1701 internicione
2692 1646 3014 1706 refrenando
3039 1652 3371 1716 reverberat,

1788 1740 1845 1787 et
1873 1731 1930 1786 in
1973 1731 2134 1788 aliam
2175 1744 2384 1803 partem
2436 1736 2700 1793 declinat:
2752 1742 2968 1796 tertiam
3003 1757 3121 1812 qua:
3161 1742 3368 1797 Messu-

1790 1821 1898 1876 lam
1949 1823 2221 1880 civitatem
2275 1828 2345 1882 ad
2388 1831 2917 1899 comprehendendos
2960 1847 3055 1888 eos
3097 1832 3189 1902 qui
3239 1841 3375 1887 tute-

105 1917 424 1988 prmfectum
447 1918 587 1974 bello
625 1920 816 1974 ducem
844 1919 1127 1991 designat:
1176 1923 1418 1980 exercitu
1441 1924 1686 1980 bconsti-

1794 1911 1897 1968 lam
1923 1913 2119 1985 navigii
2151 1919 2426 1987 gerebant,
2478 1888 2812 1988 adventarat,
2851 1937 2948 1994 per
2990 1888 3137 1993 Belgi
3160 1923 3247 1979 cui
3275 1924 3371 1978 du-

105 2017 224 2066 tuto
251 2024 350 2081 per
369 2018 575 2068 turmas
616 2020 672 2067 et
696 2011 988 2084 phalanges
1015 2014 1353 2072 dinumerato
1372 2058 1387 2083 ,
1431 2016 1686 2075 Africano

99 2118 157 2158 se
181 2105 488 2174 suscipiunt
516 2105 663 2161 solo:
693 2107 880 2176 sicque
901 2107 1129 2164 consilio
1155 2109 1416 2165 definiunt
1443 2112 1684 2183 proprio,

100 2204 154 2248 ut
185 2194 398 2262 patrias
422 2194 730 2251 Maurorum
756 2195 1107 2252 discursando
1130 2207 1186 2253 et
1204 2198 1383 2269 gladio
1420 2199 1680 2266 ferie'ndo,

98 2285 165 2340 ad
189 2284 546 2356 Tingitanum
567 2302 739 2357 usque
768 2297 1058 2358 properent
1081 2289 1325 2360 pelagus.
1386 2289 1494 2348 Sed
1532 2291 1684 2348 Mau-

98 2394 292 2435 rorum
318 2379 421 2434 hoc
450 2395 843 2451 recognoscens
865 2381 1148 2438 multitudo
1177 2382 1232 2437 in
1257 2397 1490 2454 pugnam
1533 2383 1682 2448 nudi,

97 2469 518 2540 praependiculis
538 2473 916 2528 tantummodo
945 2480 1070 2528 ante
1111 2473 1358 2543 pudenda
1385 2474 1682 2545 praecincti,

97 2577 128 2618 e
165 2563 440 2618 montanis
499 2563 629 2618 locis
674 2565 959 2634 prosiliunt
1000 2565 1164 2622 illico.
1242 2566 1349 2621 Sed
1378 2567 1470 2623 ubi
1516 2567 1687 2624 frater

97 2651 327 2707 ﬂuvium
356 2651 626 2708 Mafanum
645 2657 998 2724 pervenisset,
1026 2656 1224 2712 acriter
1244 2657 1459 2727 utrique
1504 2659 1687 2714 confli-

96 2754 231 2816 gunt
258 2747 316 2800 in
340 2746 564 2816 praelio:
615 2747 786 2802 Mauri
832 2756 1030 2804 tetrum
1080 2749 1316 2805 colorem
1372 2750 1526 2820 equis
1574 2749 1687 2821 pul-

95 2837 413 2893 chrioribus
443 2838 900 2908 'demonstrando,
953 2848 1010 2896 et
1037 2840 1174 2896 albis
1199 2841 1450 2898 dentibus
1487 2841 1686 2898 confri-

95 2931 298 2995 cando,
332 2930 512 2985 hostes
541 2939 770 2997 terrent,
819 2933 961 2987 unde
995 2932 1206 3002 equites
1230 2931 1474 3003 Egyptii
1498 2934 1685 2989 statim

97 3020 366 3077 resiliunt
377 3020 656 3094 fugiendo.
730 3022 837 3078 Sed
856 3023 936 3078 illi
961 3023 1089 3079 dum
1119 3024 1349 3095 amplius
1376 3023 1687 3095 impressio-

94 3129 222 3168 nem
256 3114 465 3169 faciunt
507 3114 841 3185 desperando
883 3115 1094 3187 equites
1135 3115 1331 3172 iterum
1366 3115 1583 3172 Arabici
1631 3123 1688 3171 et

95 3204 346 3279 Egyptii
359 3207 474 3262 sine
495 3223 645 3263 mora
674 3209 744 3264 ob
769 3209 909 3264 cutis
923 3209 1158 3265 colorem
1179 3208 1506 3274 dissiliendo,
1534 3216 1686 3280 terga

93 3308 219 3352 eum
251 3313 350 3353 sua
373 3306 428 3353 et
455 3312 798 3354 ascensorum
826 3299 1181 3356 internicione
1204 3306 1421 3354 vertunt
1458 3313 1689 3369 expave-

93 3389 344 3444 scendo:
399 3397 560 3459 atque
610 3391 736 3446 dum
759 3406 854 3462 per
893 3389 1094 3447 fretosa
1132 3399 1185 3447 et
1227 3390 1383 3445 devia
1422 3391 1690 3446 cursitant

94 3478 508 3535 transfretando
531 3478 737 3550 absque
781 3480 962 3550 aliquo
995 3479 1311 3544 retinaculo,
1363 3480 1447 3535 vel
1490 3480 1688 3535 virium

93 3571 466 3641 reparatione,
501 3573 788 3628 multitudo
827 3572 917 3627 illa
967 3573 1178 3643 deperit
1202 3582 1414 3628 vastam
1442 3585 1540 3643 per
1575 3589 1689 3630 ere-

93 3671 285 3729 rndm;
335 3663 518 3733 sicque
543 3665 717 3719 omnis
747 3664 835 3719 illa
883 3663 1128 3720 collectio
1163 3663 1400 3720 Orientis
1432 3664 1688 3721 videlicet

92 3764 147 3810 et
183 3754 502 3811 Occidentis
539 3771 641 3826 per
665 3755 844 3825 fugam
875 3755 1080 3825 dilapsa
1121 3756 1402 3811 contabuit
1421 3755 1534 3810 ullo
1564 3757 1686 3812 abse

94 3855 204 3913 que
232 3845 495 3898 remedio.
554 3844 778 3914 Duxque
791 3843 957 3914 ipsius
990 3845 1279 3910 exercitus,
1305 3843 1553 3900 Cultumc
1589 3860 1688 3901 no.

89 3936 270 3998 mine,
308 3935 556 3991 contritis
580 3934 608 3974 ἀ
642 3934 806 3992 sociis
837 3934 1133 4005 jugulatur,
1162 3945 1326 4006 atque
1349 3953 1460 3994 non
1497 3945 1687 4007 sponte

93 4027 152 4082 in
176 4036 298 4083 tres
327 4035 534 4084 turmas
564 4036 758 4084 cuncta
788 4038 1004 4084 caterva
1026 4028 1309 4084 dividitur:
1349 4029 1535 4099 sicque
1559 4044 1688 4100 pars

89 4131 206 4174 una
247 4118 446 4187 gladio,
485 4120 568 4175 vel
598 4134 761 4174 manu
787 4119 1051 4174 victor-um
1079 4127 1331 4185 tenetur,
1374 4119 1486 4174 alia
1523 4135 1687 4190 vaga-

90 4211 286 4266 bunde
308 4225 405 4281 per
428 4212 570 4266 viam
595 4228 701 4283 qua
713 4221 935 4268 venerat
951 4211 1232 4282 aufugiens
1255 4212 1552 4282 repatriarc
1578 4228 1687 4268 am-

87 4304 259 4361 biens
296 4305 596 4362 trucidatur
625 4318 678 4360 0:
735 4307 892 4369 tertia
939 4321 1068 4376 pars
1097 4305 1151 4360 in
1202 4297 1492 4360 amentiam
1532 4320 1688 4362 versa

89 4394 292 4450 nescio
331 4408 437 4463 quo
466 4394 792 4464 properavit.
869 4393 1016 4464 Belgi
1051 4393 1219 4449 frater
1253 4409 1313 4450 se
1332 4395 1519 4450 ducem
1551 4409 1688 4464 prae-

87 4484 237 4542 bens
292 4485 380 4542 his
408 4525 423 4550 ,
468 4485 574 4561 vir
593 4500 788 4555 genere
835 4485 1025 4555 plenus
1058 4526 1072 4551 ,
1130 4495 1186 4540 et
1229 4486 1395 4542 armis
1440 4486 1688 4542 militari-

88 4577 200 4632 bus
239 4583 516 4646 expertus,
546 4577 671 4642 heu,
710 4576 845 4646 proh
884 4576 1074 4633 dolorl
1142 4577 1454 4648 Hispaniam
1484 4579 1686 4635 adven-

85 4667 263 4722 tavit.

162 4757 264 4812 84.
293 4756 374 4812 Eo
397 4763 658 4828 tempore,
675 4765 736 4812 ut
756 4772 918 4828 supra
945 4758 1196 4824 diximus,
1217 4760 1272 4815 in
1287 4777 1393 4816 aera
1409 4762 1532 4829 780,
1548 4777 1690 4820 anno

77 4848 324 4919 imperii
356 4849 553 4905 Leonis
577 4850 649 4904 22
669 4890 684 4916 ,
711 4849 928 4906 Hiscam
953 4850 1023 4906 20
1042 4891 1058 4916 ,
1092 4852 1411 4911 Abdilmelic
1440 4855 1691 4926 Hispanis

81 4944 358 5008 praeerat.
415 4936 657 5009 Cumque
677 4939 823 5008 Belgi
845 4955 968 4995 cum
996 4940 1218 5010 prmfata
1239 4944 1398 4998 tertia
1425 4954 1580 5013 parte
1609 4944 1692 4999 in-

79 5028 300 5098 telligit
326 5029 608 5098 pervenire
629 5031 695 5084 ad
715 5040 952 5100 portum,
985 5046 1150 5087 naves
1169 5036 1542 5104 retemptando
1575 5034 1692 5102 ejus

77 5121 336 5192 impedit
367 5119 388 5159 τ
424 5122 731 5179 transitum.
815 5122 920 5178 Sed
956 5122 1047 5177 ubi
1073 5122 1344 5193 Hispania:
1379 5123 1548 5180 Mauri
1589 5126 1692 5182 hoc

81 5211 167 5268 ita
214 5219 591 5281 cognoverunt
637 5210 858 5278 factum,
897 5211 952 5266 in
999 5212 1184 5281 ιιι-αῖϋο
1213 5217 1544 5284 congregati,
1596 5232 1691 5272 cu-

161 5367 420 5496 ;dUncis
462 5368 669 5426 inclusa
711 5369 962 5440 leguntur
1006 5368 1061 5422 in
1100 5368 1168 5422 Μ.
1196 5408 1210 5432 ,
1259 5370 1451 5425 desunt
1488 5371 1544 5426 in
1573 5372 1694 5429 aliis

79 5441 273 5497 codd.

109 5577 124 5593 .
164 5511 199 5550 ι)
251 5509 334 5573 B.,
361 5518 515 5593 atque
528 5509 722 5566 Zultan
742 5526 894 5580 super
915 5509 1143 5566 Orientis
1159 5509 1352 5567 scilicet
1371 5521 1418 5567 et
1441 5511 1694 5570 Occiden-

81 5591 159 5636 lis
197 5591 462 5634 exercitu.

167 5662 199 5689 α
249 5650 334 5714 B.,
364 5650 575 5706 Zultan.

163 5722 197 5762 ἀ
252 5720 337 5784 B.,
362 5724 675 5776 conterritis.

173 5805 204 5830 ο
253 5788 345 5862 _Sic
374 5791 474 5856 M.;
528 5794 587 5846 Β.
629 5795 912 5862 repatriarc
947 5796 1190 5854 ambitur.

173 5862 198 5902 ί
251 5859 337 5925 Β.,
377 5859 706 5938 εἱδλιεηεθαέ.

1716 3247 1766 3312 C

1786 2003 1916 2060 dum
1945 2007 2231 2064 transitum
2261 2010 2634 2082 denegaverat,
2681 2015 2906 2072 navibus
2934 2016 3254 2086 praeparatis
3273 2016 3371 2071 ob-

1789 2106 2010 2156 truncat
2018 2139 2031 2153 .

1858 2191 1948 2248 65.
1991 2193 2144 2251 Tunc
2169 2195 2488 2254 Abdilmelic
2508 2199 2785 2256 exterritis
2806 2201 3018 2257 caeteris
3047 2215 3145 2259 suo
3173 2200 3228 2256 in
3254 2201 3374 2257 loco

1787 2299 1909 2342 sese
1957 2295 2197 2358 receptat
2228 2329 2242 2356 ,
2283 2290 2578 2347 admonens
2604 2307 2703 2362 per
2730 2293 3019 2365 epistolare
3075 2294 3370 2365 alloquium

1785 2378 1954 2451 Belgi,
1998 2387 2059 2435 ut
2081 2380 2305 2451 pristina
2337 2382 2389 2438 in
2420 2383 2595 2438 insula
2625 2399 2746 2441 sese
2779 2386 3035 2456 recipiat:
3101 2387 3194 2442 sed
3221 2386 3371 2458 Belgi

1787 2467 1915 2525 dum
1943 2477 2126 2526 tantas
2155 2470 2314 2528 famis
2339 2470 2584 2541 injurias,
2614 2489 2749 2545 quas
2773 2476 2822 2531 ei
2853 2476 3070 2533 tandem
3093 2475 3369 2543 intulerat,

1787 2561 1980 2616 anxius
2035 2569 2092 2616 et
2120 2561 2260 2618 male
2289 2561 2507 2619 dolosas
2538 2574 2863 2620 rememorat
2911 2565 3097 2637 praelia
3140 2581 3238 2636 per
3260 2566 3370 2622 Ab-

1788 2652 2090 2708 derramam
2109 2671 2122 2707 :
2145 2663 2200 2708 et
2218 2653 2428 2723 objecta
2446 2654 2924 2726 diulobsistentem,
2953 2657 3256 2713 Cordubam
3271 2674 3372 2728 pe-

1789 2750 1989 2809 netrat,
2043 2752 2206 2814 atque
2252 2743 2568 2801 Abdilmelic
2591 2746 2865 2816 reperiens
2891 2761 2923 2802 a
2951 2746 3078 2803 ﬁliis
3108 2749 3240 2814 suis,
3287 2747 3375 2803 vel

1787 2848 1820 2888 a
1841 2848 2003 2889 manu
2036 2834 2249 2904 publica
2281 2834 2596 2900 desolatum,
2649 2835 2733 2891 vel
2781 2836 3092 2892 arundineis
3142 2837 3371 2892 sudibus

1786 2918 2183 2992 excruciatum,
2230 2934 2393 2996 atque
2428 2925 2618 2982 mortis
2659 2927 2991 2997 quatiamine
3038 2943 3134 2998 per
3179 2942 3376 2996 corpus

1789 3017 2029 3088 graviter
2051 3016 2367 3088 expolitum,
2395 3025 2669 3086 postremo
2714 3017 2889 3088 gladio
2913 3017 3165 3072 trucidat.
3230 3015 3372 3070 Tan-

1787 3117 1877 3164 tus
1903 3123 2030 3163 vero
2053 3109 2194 3164 inter
2215 3107 2518 3165 Orientales
2548 3109 2574 3148 ¹ι
2602 3123 2726 3164 cum
2770 3109 2904 3164 duce
2927 3109 3095 3180 Belgi,
3140 3117 3195 3163 et
3218 3108 3374 3164 Occi-

1793 3198 2033 3256 dentales
2059 3214 2182 3254 cum
2210 3197 2323 3254 filio
2345 3198 2587 3268 Humeya
2644 3198 2901 3254 collectus
2950 3207 3034 3254 est
3078 3197 3370 3265 exercitus,

1793 3291 2061 3360 completa
2083 3306 2192 3346 aera
2225 3287 2498 3360 suprafata
2528 3329 2543 3355 ,
2575 3303 2716 3345 anno
2738 3287 2950 3358 imperii
2979 3288 3176 3344 Leonis
3204 3302 3368 3357 supra

1789 3382 1955 3448 (icto,
2008 3381 2245 3437 Arabum
2263 3378 2377 3449 jam
2422 3379 2756 3450 praescripto,
2805 3378 3023 3435 Hiscam
3049 3378 3399 3434 Amiralmu—'

1788 3475 1959 3529 minin
1974 3473 2087 3545 jam
2110 3482 2316 3538 notato,
2363 3481 2417 3528 et
2441 3479 2590 3527 tanta
2613 3471 2831 3527 fuerunt
2875 3471 3059 3542 przelia
3105 3471 3172 3525 ab
3213 3469 3373 3538 utris-

1788 3579 1894 3634 que
1912 3573 2144 3634 patrata,
2176 3571 2436 3636 quantum
2459 3564 2691 3618 humana
2723 3563 2814 3617 vix
2835 3576 3059 3618 narrare
3081 3561 3372 3632 praevaleat

1788 3654 1991 3727 lingua.
2035 3654 2141 3710 Sed
2171 3654 2294 3725 quia
2335 3669 2674 3723 nequaquam
2700 3668 2765 3708 ea
2807 3653 3020 3724 ignorat
3073 3652 3250 3707 omnis
3279 3652 3364 3707 lli-

1787 3749 2010 3819 spania,
2042 3748 2163 3804 ideo
2215 3746 2306 3802 illa
2361 3746 2585 3801 minime
2637 3747 2907 3802 recenseri
2957 3754 3068 3800 tam
3105 3745 3362 3816 tragica1

1787 3841 1927 3896 bella
1949 3842 2053 3896 ista
2072 3840 2312 3897 decrevit
2334 3840 2585 3895 historia'
2621 3839 2747 3910 quia
2762 3838 2876 3909 jam
2901 3837 2957 3892 in
2984 3838 3089 3893 alia
3101 3838 3371 3909 Epitomc,

1789 3933 2022 4005 qualiter
2042 3941 2235 3989 cuncta
2261 3932 2584 3988 exstiterunt
2606 3926 2773 4003 gesta,
2806 3939 3053 4002 patenter
3077 3939 3133 3987 et
3152 3931 3372 4002 pagina-

1789 4026 1914 4084 litcr
1936 4034 2120 4082 manet
2141 4035 2328 4082 nostro
2355 4026 2496 4098 ston
2522 4027 2850 4096 conscripta.

1859 4117 1946 4174 66.
1989 4117 2157 4187 Hujus
2187 4119 2241 4174 in
2277 4126 2540 4187 tempore,
2588 4118 2644 4171 in
2683 4133 2791 4172 aera
2835 4118 2959 4182 771,
2988 4133 3129 4173 anno
3157 4117 3374 4187 imperii

1788 4209 1984 4266 Leonis
2010 4209 2101 4274 23,
2132 4207 2366 4262 Arabum
2397 4208 2520 4273 125,
2545 4207 2710 4262 Alulit
2730 4207 2954 4278 pulcher
2971 4206 3371 4262 Amiralmumi-

1788 4301 1883 4357 nin
1907 4300 2089 4356 debito
2116 4300 2173 4356 in
2203 4301 2323 4354 loco
2358 4315 2388 4353 a
2415 4299 2624 4355 cunctis
2654 4299 2976 4354 sublimatur
2997 4298 3054 4353 in
3079 4297 3212 4354 solio
3237 4315 3251 4354 :
3282 4298 3372 4353 cui

1789 4391 1908 4446 sine
1941 4405 2094 4445 mora
2138 4390 2207 4445 ab
2238 4389 2342 4444 lziz
2386 4404 2553 4459 regno
2581 4389 2806 4468 dempto
2829 4397 3112 4460 permanet
3137 4387 3373 4445 dodrans

1789 4495 1912 4536 cum
1941 4495 2103 4536 anno.
2130 4479 2284 4535 Tunc
2317 4478 2575 4536 intestino
2603 4478 2787 4536 furore
2819 4477 2997 4535 omnis
3023 4479 3372 4559 conturbatur

1713 4601 1768 4663 Ι)
1790 4571 2068 4663 Hispania.

1860 4662 1949 4719 67.
1978 4662 2039 4718 In
2071 4677 2179 4718 aera
2208 4662 2332 4728 782,
2377 4677 2517 4718 anno
2551 4663 2760 4734 imperii
2806 4662 3002 4718 Leonis
3034 4661 3248 4731 expleto
3277 4661 3368 4728 24,

1788 4757 1955 4813 Alulit
1972 4757 2168 4827 primo,
2191 4756 2484 4813 Albucatar
2510 4759 2706 4813 missus
2728 4757 2796 4812 ad
2822 4757 3138 4827 principalia
3151 4755 3304 4825 jussa
3329 4768 3366 4795 ω
3467 4757 3472 4760 ’

1788 4849 1969 4905 omnia
1999 4846 2272 4917 suprafata
2293 4849 2448 4903 sedat
2480 4847 2752 4903 scandala.
2782 4847 2932 4902 Tunc
2954 4846 3249 4902 Abulcatar
3269 4862 3372 4902 no-

1789 4938 1935 4994 mine
1975 4937 2218 4992 Albozan
2263 4947 2292 4975 ιι
2321 4937 2550 4993 sollicite
2588 4939 2690 4993 sibi
2725 4938 3068 4993 commissam
3108 4945 3262 4992 curat
3283 4953 3350 5007 ge

1791 5041 1915 5083 rere
1937 5027 2170 5097 patriam
2195 5041 2210 5081 :
2243 5036 2404 5098 atque
2435 5028 2675 5084 exercitu
2700 5042 2768 5083 ex
2793 5029 3171 5084 transmarinis
3206 5031 3348 5100 pani

1791 5118 1892 5174 bus
1948 5119 2067 5174 sine
2121 5133 2274 5173 mora
2326 5119 2586 5188 superbos
2636 5119 2907 5188 Hispaniae
2953 5120 3219 5176 domando
3273 5123 3372 5180 sub

1793 5211 2012 5268 nomine
2060 5210 2230 5281 praelii
2273 5211 2437 5267 mittit
2489 5214 2543 5268 in
2583 5211 2840 5280 Africam,
2886 5221 2942 5268 et
2976 5213 3102 5283 quia
3146 5223 3372 5270 cunctus

1871 5371 1896 5409 ⁸
1931 5367 2198 5431 Pellicer.,
2227 5368 2392 5433 Ann.,
2422 5383 2475 5437 p.
2507 5368 2629 5434 101,
2661 5367 2959 5423 Cordubam
2983 5387 3100 5424 ense
3116 5371 3348 5437 diriqunt

1867 5442 1896 5479 ιι
1937 5439 2029 5493 Sic
2050 5437 2263 5510 ms._C.,
2286 5438 2359 5510 Μ.
2396 5448 2451 5494 et
2467 5438 2668 5504 Sand.;
2700 5438 2785 5504 B.,
2809 5441 3174 5510 septimanam.

1875 5512 1890 5550 ί
1939 5510 2020 5574 B.,
2062 5507 2404 5578 vigilandum.
2735 5511 2752 5520 ’“

1871 5580 1884 5628 i
1937 5579 2028 5632 Sic
2047 5578 2164 5642 B.;'
2197 5578 2288 5644 M.,
2318 5577 2597 5634 Ilumeiau.
2620 5598 2637 5645 ;
2678 5581 2865 5648 Sand.,
2907 5581 3158 5636 Humoia.

1871 5650 1897 5688 ιι
1940 5649 2031 5703 Sic
2054 5649 2158 5709 M.;
2189 5650 2274 5716 B.,
2303 5649 2618 5704 Orici-italia.

1875 5718 1893 5756 ι
1937 5718 2028 5790 S_ic
2054 5718 2156 5783 M.;
2188 5720 2271 5783 B.,
2296 5720 2544 5790 stragica:

1874 5798 1910 5819 ’³
2041 5806 2070 5841 a
2091 5788 2565 5862 principalijussu.

1875 5871 1903 5898 ιλ
1928 5859 2019 5915 Sic
2047 5875 2176 5917 mss.
2209 5860 2268 5919 C.
2300 5870 2354 5918 ct
2376 5859 2446 5919 Μ.
2471 5872 2524 5919 ct
2543 5865 2627 5921 ed.
2652 5865 2816 5924 Sand.
2841 5865 2926 5927 B.,
2952 5863 3136 5920 Atutit.
