3950 6308
512 387 670 456 .1375

1128 385 1304 444 SIEC.
1343 383 1456 442 VIII
1488 382 1860 441 AUCTORES
1895 381 2060 439 ΑΝΝΙ
2097 380 2395 448 INCERTI.
2433 412 2506 424 —
2543 383 2796 442 ISIDORI
2831 385 3165 443 PACENSIS

3687 389 3806 450 i276

526 503 723 564 Oriens
742 500 998 558 seductus
1018 501 1291 567 manebat,
1316 499 1558 556 inaudita
1579 498 1634 555 in
1653 497 1839 569 praelia
1865 509 2117 554 surrexe»-
2139 501 2193 579 ᾼ
2219 499 2587 556 Romanorum
2623 500 2694 556 68
2726 499 3113 556 Constantinus
3147 500 3343 556 Leonis
3371 499 3522 556 ﬁlius
3569 510 3710 572 post
3730 518 3806 574 ps-

527 605 658 654 runt
688 595 970 652 audientes
995 594 1162 660 Alulit
1183 593 1443 651 occisum.

601 690 669 746 Ει
697 688 904 748 statim.

599 782 690 839 68.
724 780 781 836 In
809 793 917 836 aera
948 776 1070 843 782,
1102 791 1245 833 anno
1273 776 1343 832 24
1370 774 1583 845 imperii
1601 773 1798 830 Leonis
1827 771 2114 844 completo,
2151 801 2153 804 -

527 872 769 931 Arabum
796 871 915 934 t20,
943 869 1235 940 incipiente
1260 884 1384 924 cum
1414 867 1448 924 6
1467 875 1627 938 atque
1654 865 1758 921 lziz
1787 864 1956 920 Alulit
1978 878 2119 933 pene

529 977 731 1020 annum
755 961 814 1018 in
841 974 1006 1033 regno
1026 965 1298 1025 manente,
1325 973 1448 1014 cum
1473 956 1765 1012 Abulcatar
1791 954 2120 1010 tumultuose

528 1053 841 1124 imperaret,
885 1052 1123 1123 cogitare
1155 1065 1346 1106 omnes
1385 1049 1666 1118 incipiunt,
1690 1042 1760 1103 ἰιι
1798 1061 1922 1103 eum
1952 1059 2119 1116 regno

529 1143 802 1214 dejiciant,
828 1149 991 1212 atque
1016 1157 1115 1212 per
1140 1139 1399 1197 Zumahel
1421 1152 1447 1181 α
1478 1139 1654 1196 virum
1683 1139 1860 1211 gentis
1884 1153 1994 1194 suae
2021 1152 2120 1193 au-

529 1235 781 1290 ctoritate
817 1233 1189 1304 praecinctum,
1239 1231 1288 1287 ei
1334 1231 1781 1303 tyrannizantem,
1823 1245 1860 1287 ι
1899 1229 2120 1288 civitate

527 1327 800 1394 Corduba,
843 1334 972 1383 tunc
1021 1326 1153 1383 sede
1203 1324 1371 1395 regia,
1416 1325 1732 1380 abstrahere
1774 1322 1832 1377 in
1881 1336 2118 1394 pugnam

487 1409 494 1416 ’
529 1419 891 1476 communiter
917 1419 1313 1474 machinantur.
1349 1417 1592 1487 Denique
1618 1416 1710 1472 ubi
1745 1417 1849 1472 hoc
1873 1415 2121 1472 diversas

526 1513 840 1570 occasiones
864 1511 1226 1568 machinando
1249 1510 1392 1566 illico
1415 1510 1727 1580 impetrant,
1771 1507 1998 1565 consilio
2027 1507 2122 1563 de-

527 1604 696 1660 tinito
723 1603 1040 1660 simulanter
1079 1601 1340 1658 Zumahel
1385 1599 1568 1671 fugam
1613 1600 1922 1656 meditatur.
1967 1597 2122 1654 Tunc

527 1695 825 1753 Abulcatar
847 1711 972 1752 cum
991 1693 1164 1752 classe
1181 1694 1369 1764 palatii
1386 1694 1533 1749 nulla
1552 1693 1945 1750 intercurrente
1963 1703 2118 1746 mora

527 1801 770 1858 praeceps
810 1786 1133 1856 insequitur.
1174 1786 1244 1842 Et
1271 1785 1399 1856 quia
1455 1784 1700 1855 plerique
1733 1783 1826 1854 qui
1878 1798 2002 1838 cum
2049 1796 2117 1838 eo

2216 600 2356 647 trem
2383 592 2611 663 imperio
2642 598 2954 659 coronatur,
2983 607 3216 663 regnans
3233 591 3302 647 55
3325 592 3490 648 annis
3505 591 3556 658 δ,
3577 595 3807 664 peractis

2215 698 2249 738 a
2281 684 2546 754 principio
2576 683 2762 740 mundi
2797 697 2970 754 usque
3021 684 3080 738 in
3117 698 3318 738 annum
3351 681 3724 740 Constantini
3755 686 3805 742 lii

2219 775 2378 830 annis
2403 775 2566 832 5954.

2287 865 2376 920 72.
2416 866 2515 922 Hic
2550 873 2778 937 paterno
2814 875 3107 923 coronatus
3144 867 3389 938 imperio,
3439 882 3575 924 mox
3622 882 3806 938 pareas

2219 955 2361 1013 diem
2389 957 2581 1013 clausit
2600 966 2936 1025 extremum;
2967 958 3109 1014 ﬁlius
3139 960 3208 1016 ab
3235 961 3550 1017 Ardabasto
3579 962 3698 1016 sibi
3734 978 3803 1016 ca-

2219 1050 2474 1120 gnatione
2502 1050 2707 1120 juncto,
2738 1052 2958 1122 prmripi
2991 1068 3150 1108 suum
3186 1055 3465 1124 cognoscit
3502 1055 3802 1124 imperium.

2221 1142 2332 1198 Sed
2354 1143 2445 1199 ubi
2481 1144 2818 1202 Ardabastus
2855 1145 3017 1201 tacite
3049 1143 3310 1214 paulatim
3339 1160 3512 1201 causa
3553 1147 3738 1216 praelii
3764 1147 3804 1201 is

2219 1231 2355 1288 alias
2390 1242 2578 1304 gentes
2610 1242 2668 1290 ut
2689 1233 2916 1306 belliger
2945 1235 3078 1301 abit,
3103 1234 3453 1290 Constantini
3489 1251 3696 1291 omnes
3731 1251 3802 1305 pa—

2220 1323 2337 1379 latii
2367 1325 2604 1380 asseclas
2640 1325 3037 1397 bellatoresque
3069 1327 3174 1382 sibi
3201 1327 3378 1384 sociat
3403 1345 3416 1381 :
3448 1343 3584 1384 mox
3613 1338 3680 1382 ut
3705 1345 3806 1385 eum

2219 1419 2476 1489 perspicit
2513 1419 2831 1485 desolatam,
2869 1429 2924 1475 et
2963 1421 3032 1476 ab
3067 1421 3215 1476 omni
3258 1429 3458 1476 senatu
3487 1421 3612 1476 fore
3636 1435 3804 1492 perva-

2220 1523 2402 1575 cuum,
2419 1525 2540 1565 cum
2561 1511 2742 1576 sociis,
2764 1525 2898 1580 quos
2919 1526 3104 1567 secum
3122 1510 3484 1578 adunaverat,
3498 1527 3801 1584 properans,

2221 1599 2633 1657 Constantinum
2669 1616 2736 1656 ex
2764 1601 2964 1672 palatio
3005 1602 3292 1658 exterritat
3329 1601 3725 1674 jugulandum.
3749 1603 3800 1657 At

2219 1690 2314 1746 ubi
2353 1690 2740 1747 Constantinus
2769 1690 3128 1747 Ardabastum
3161 1693 3354 1748 venire
3403 1692 3668 1765 intelligit
3703 1708 3799 1748 αιιιι

2222 1785 2436 1842 turbido
2465 1795 2794 1841 armatorum
2817 1801 3008 1851 cuneo,
3036 1801 3067 1841 a
3091 1787 3220 1842 sede
3244 1803 3375 1842 cum
3398 1789 3524 1844 suis
3544 1789 3796 1854 exsiliens,

528 1878 786 1936 rebellem
833 1887 1249 1950 persequuntur,
1292 1893 1397 1934 una
1437 1893 1560 1933 cum
1598 1879 1755 1935 hoste
1792 1876 2118 1942 sentiebant,
2147 1864 2198 1927 Β
2226 1878 2682 1934 conﬁnitimarum
2706 1879 2906 1934 auxilia
2927 1879 3131 1949 expetit
3159 1882 3428 1951 gentium.
3465 1868 3800 1951 Denique—ubi

529 1972 758 2030 consil-io
798 1972 868 2029 ad
909 1973 1207 2030 destinatas
1240 1971 1464 2030 insidias
1491 1986 1614 2028 cum
1656 1979 1958 2027 memorato
1987 1983 2115 2039 rege

528 2062 738 2120 alacres
764 2071 1076 2134 properant.
1108 2062 1228 2119 Mox
1274 2062 1505 2118 invicem
1529 2060 1705 2130 juncti
1731 2059 1975 2131 praelium
2002 2057 2119 2129 agi-
2147 2100 2149 2102 .

526 2167 652 2217 tant
672 2159 849 2230 gladio
872 2160 1105 2226 vindice,
1151 2158 1393 2216 nonnulli
1434 2157 1660 2216 comites
1701 2157 1844 2228 regis
1870 2171 1902 2211 a
1926 2154 2116 2226 praelio

528 2270 588 2312 se
609 2252 936 2325 disiungunt,
969 2252 1262 2324 statimque
1306 2265 1429 2308 eum
1459 2258 1520 2306 ut
1547 2249 1722 2306 solum
1767 2255 2115 2318 exsuperant.
2150 2312 2151 2315 η

529 2346 728 2418 Sicque
751 2347 946 2404 occisis
971 2345 1225 2416 propriis,
1252 2354 1306 2402 et
1335 2359 1444 2400 una
1465 2357 1590 2399 cum
1617 2341 1789 2396 tribus
1815 2338 2118 2409 conjunctis

527 2437 822 2530 fugientem
845 2447 1262 2509 persequuntur.

598 2523 686 2586 6'9.
715 2531 767 2603 [ιι
790 2530 962 2602 Hujus
995 2539 1236 2600 tempore
1268 2529 1352 2584 vir
1381 2525 1777 2592 sanctissimus,
1801 2533 1856 2582 et
1885 2525 1954 2580 ab
1984 2523 2117 2594 ipsis

528 2623 810 2682 cunabulis
846 2624 901 2679 in
942 2623 1036 2679 Dei
1075 2623 1372 2693 persistens
1415 2620 1636 2676 servitio
1671 2617 1843 2674 Cisila
1886 2617 1942 2671 in
1989 2615 2120 2672 sede

530 2724 711 2772 manet
736 2716 1014 2771 Toletana.
1054 2714 1122 2769 Et
1147 2714 1272 2783 quia
1311 2713 1378 2766 ab
1421 2709 1755 2781 ingressione
1792 2707 2029 2762 Arabum
2063 2705 2121 2760 in

528 2806 805 2876 suprafata
835 2806 1078 2861 Ecclesia
1115 2813 1279 2871 esset,
1319 2801 1765 2872 metropolitanus
1787 2808 1870 2856 est
1903 2797 2120 2854 ordina-

527 2901 619 2952 tus
661 2911 676 2950 :
712 2894 818 2951 fuit
862 2897 1007 2951 enim
1051 2894 1425 2951 sanctimoniis
1458 2892 1720 2955 eruditus,
1765 2889 2120 2946 ecclesiarum

530 2995 879 3051 restaurator,
904 2995 960 3042 et
979 2995 1130 3058 scptu
1159 2986 1275 3058 (sic)
1301 3002 1414 3056 spe,
1435 2984 1540 3041 ﬁde
1571 2993 1625 3039 et
1639 2981 1906 3039 charitate
1924 2980 2124 3036 firmis-

529 3077 727 3144 simus,
779 3078 986 3135 meritis
1029 3076 1146 3147 ejus
1207 3078 1546 3133 innotescant
1594 3076 1823 3132 cunctis.
1874 3072 2120 3141 Quodam

530 3172 620 3228 die
647 3173 809 3227 homo
835 3172 1027 3227 haeresi
1058 3170 1362 3226 Sabelliana
1391 3170 1645 3226 seductus
1664 3167 1834 3224 voluit
1861 3165 2120 3223 accedere

532 3278 660 3320 core
700 3262 903 3335 [Forte,
943 3263 1172 3335 coram],
1197 3263 1530 3333 perquisitus
1579 3269 1662 3317 est
1704 3261 1773 3316 ab
1805 3274 1870 3315 eo
1905 3265 1966 3314 ut
1998 3272 2123 3312 cum

532 3352 628 3409 tali
653 3363 806 3409 reatu
833 3362 978 3409 esset
1007 3354 1216 3420 concio,
1242 3352 1439 3422 illeque
1463 3353 1737 3422 abnegans
1758 3349 1853 3405 tali
1876 3348 2078 3405 scelere
2105 3359 2122 3400 :

530 3445 623 3516 qui
650 3444 833 3507 statim
865 3446 937 3500 ita
966 3462 994 3499 a
1023 3446 1265 3500 daemone
1292 3452 1375 3499 est
1402 3451 1670 3513 arreptus,
1702 3449 1763 3497 ut
1789 3439 1967 3496 omnis
1990 3453 2122 3495 con-

529 3544 724 3592 ventus
744 3537 988 3592 ecclesiae
1025 3537 1078 3590 in
1106 3545 1326 3606 stupore
1359 3542 1757 3590 reverteretur:
1785 3533 1972 3603 sicque
1993 3545 2122 3587 san-

531 3635 652 3685 ctus
679 3635 741 3682 ut
775 3628 1007 3682 orationi
1035 3641 1094 3683 se
1119 3627 1285 3693 dedit,
1316 3633 1372 3682 et
1409 3634 1611 3682 sancta:
1643 3624 1890 3681 ecclesia
1932 3637 2124 3680 sanum

532 3717 770 3773 reddidit
805 3726 860 3772 et
890 3719 1138 3773 illmsnm.
1175 3719 1277 3785 Qui
1304 3727 1360 3772 ct
1387 3734 1580 3774 novem
1617 3733 1715 3789 per
1741 3731 1912 3773 annos
1950 3717 2125 3771 vicem

533 3810 924 3880 apostolicatus
948 3827 1211 3882 peragens
1247 3814 1303 3868 in
1344 3828 1409 3869 ea
1447 3813 1710 3868 charitate
1740 3826 1905 3882 quam
1933 3811 2127 3868 coivat

533 3901 662 3957 vita:
677 3902 844 3971 hujus
875 3905 1167 3964 terminum
1189 3905 1354 3960 dedit.

606 3990 694 4047 70.
737 3992 908 4064 Tunc]
959 4001 1120 4062 atque
1177 3995 1435 4061 Toabam,
1487 3995 1580 4066 qui
1632 3994 1810 4050 valida
1857 3992 2124 4065 adjutoria

533 4082 759 4140 Zimaeli
795 4085 1128 4154 praebuerat,
1171 4087 1228 4142 in
1263 4090 1414 4161 regni
1445 4089 1580 4145 solio
1606 4089 1918 4145 sublimant.
1968 4089 2121 4145 Tunc

534 4175 630 4233 ille
663 4176 733 4232 ad
758 4180 1058 4246 reparanda
1086 4183 1404 4246 certamina,
1436 4197 1494 4238 se
1522 4183 1663 4238 inter
1687 4197 1813 4238 suos
1837 4182 2071 4239 occultat
2105 4201 2119 4239 :

535 4276 700 4340 atque
733 4270 1077 4339 postmodum
1104 4271 1393 4329 infeliciter
1430 4274 1643 4330 diversa
1665 4274 1849 4344 praelia
1872 4290 1996 4330 cum
2026 4289 2127 4330 sua

2225 1989 2285 2029 se
2321 1989 2354 2028 a
2388 1974 2732 2030 multitudine
2776 1976 3036 2045 prospicit
3068 1977 3467 2046 constipatum,
3508 1994 3800 2050 properans,

2221 2072 2282 2138 ut
2302 2065 2485 2120 sedem
2505 2065 2790 2135 pristinam
2820 2073 3057 2137 appetat,
3090 2065 3459 2124 Ardahastum
3488 2078 3554 2123 ut
3573 2070 3799 2141 palatium

2223 2155 2515 2225 relinquat,
2549 2157 2726 2212 reddit
2753 2158 3133 2228 przemonitum
3161 2176 3173 2211 :
3203 2159 3302 2214 sed
3336 2174 3471 2214 mox
3495 2161 3802 2218 Ardabastus

2220 2263 2290 2303 ne
2311 2249 2726 2317 properantibus
2764 2257 2948 2319 portas
2983 2251 3230 2320 aperiant
3266 2252 3540 2319 civitatis,
3576 2256 3800 2326 populum

2220 2338 2400 2394 reddit
2441 2339 2788 2395 instructum.
2826 2341 3066 2412 Denique
3108 2343 3200 2398 ubi
3239 2341 3645 2402 Constantinus
3679 2347 3803 2417 oppi-

2143 2498 2146 2502 λ
2221 2428 2350 2484 dum
2388 2431 2589 2500 reperit
2629 2432 3039 2502 praemunitum,
3089 2433 3441 2490 obsidionem
3477 2439 3802 2506 praetendens

2222 2534 2347 2575 cum
2381 2521 2552 2590 copiis
2578 2521 2873 2577 multarum
2912 2522 2967 2576 in
3008 2523 3244 2580 circuitu
3270 2525 3540 2594 gentium,
3573 2527 3802 2583 finitissi-

2222 2625 2373 2667 mum
2399 2622 2670 2682 praeparat
2713 2613 2941 2680 bellum;
2987 2628 3182 2686 nempe
3213 2615 3311 2670 ubi
3337 2631 3469 2686 pene
3499 2633 3598 2687 per
3635 2620 3804 2675 trien-

2226 2703 2378 2758 nium
2408 2701 2550 2758 fame
2573 2704 2810 2760 civitatis
2830 2704 3084 2774 populum
3108 2705 3348 2761 reddidit
3372 2706 3662 2778 fatigatum,
3681 2723 3815 2780 pace

2223 2811 2348 2851 cum
2376 2796 2583 2853 civibus
2614 2812 2714 2867 per
2754 2797 3116 2853 internuntios
3156 2807 3302 2864 acta,
3347 2799 3428 2856 illi
3462 2801 3809 2857 Ardabastum

2221 2889 2451 2946 vinculis
2478 2890 2751 2961 alligatum
2773 2891 3128 2947 Constantino
3155 2903 3500 2963 praesentant
3534 2894 3665 2950 ferri
3690 2911 3806 2966 pon-

2223 2980 2352 3036 dere
2374 2981 2508 3036 satis
2530 2981 2862 3052 depressum.
2892 2982 3043 3039 Tunc
3063 2984 3203 3040 tanti
3225 3000 3398 3042 causa
3425 2985 3684 3044 facinoris
3700 3005 3804 3045 nee

2229 3072 2356 3127 dum
2387 3071 2802 3144 interrogatum,
2836 3073 3007 3130 oculis
3035 3085 3398 3145 excaacatum,
3435 3080 3633 3136 exsilio
3669 3080 3811 3136 mittit

2231 3163 2324 3218 diu
2351 3164 2740 3220 excruciatum.

2298 3258 2387 3314 75.
2428 3257 2600 3328 Hujus
2645 3266 2886 3330 tempore
2910 3259 3008 3314 lzit
3034 3259 3202 3316 Alulit
3242 3263 3476 3334 propria
3505 3271 3684 3320 morte
3707 3263 3809 3318 fen-

2226 3359 2374 3407 ctum
2407 3366 2518 3409 sum
2559 3367 2749 3408 omnes
2782 3351 2973 3422 patria:
3010 3353 3160 3408 ocius
3196 3363 3633 3424 recognoscant,
3675 3366 3811 3424 atque

2224 3443 2484 3500 Abrahim
2516 3444 2738 3500 fratrem
2782 3447 2836 3501 in
2865 3461 2974 3501 aera
3008 3445 3301 3517 incipiente
3332 3447 3466 3513 783,
3513 3465 3656 3505 anno
3692 3448 3810 3504 Con-

2225 3538 2448 3594 stantini
2467 3538 2663 3608 primo,
2686 3539 2927 3594 Arabum
2949 3548 3302 3610 percurrente
3324 3540 3458 3607 127,
3480 3544 3810 3607 substituunt.

2225 3647 2386 3703 quem
2415 3646 2445 3686 a
2468 3630 2638 3687 fratre
2669 3633 2954 3688 constabat
2975 3632 3226 3688 relictum
3247 3648 3375 3689 esse
3403 3636 3696 3692 vicarium.
3722 3633 3809 3690 Sed

2226 3723 2445 3780 Moroan
2473 3739 2614 3780 unus
2649 3739 2717 3778 ex
2743 3722 3013 3778 Arabibus
3041 3723 3302 3794 palatium
3339 3723 3547 3781 adiens
3578 3739 3603 3765 ο
3633 3728 3809 3797 peritu-

2225 3831 2347 3871 rum
2374 3815 2592 3882 occidit,
2620 3823 2676 3870 et
2699 3814 2986 3885 imperium
3025 3813 3082 3869 in
3126 3813 3341 3869 diversa
3372 3815 3704 3872 distractum
3732 3831 3810 3869 va-

2227 3924 2358 3966 cans
2396 3909 2586 3979 arripit
2609 3923 2708 3979 per
2743 3907 3081 3980 tyrannidem
3115 3905 3378 3964 ferociter
3415 3919 3684 3980 appetens
3713 3907 3810 3964 bei-

2226 3998 2359 4057 lum.

2298 4090 2385 4145 74.
2426 4090 2485 4146 In
2507 4106 2618 4147 aera
2641 4089 2765 4155 784,
2794 4105 2938 4145 anno
2967 4087 3181 4159 imperii
3210 4085 3576 4145 Constantini
3609 4068 3812 4156 2,1;-

2225 4183 2356 4239 bum
2396 4181 2516 4247 l28,
2543 4183 2869 4253 belligerans
2899 4180 3208 4252 suprafatus
3234 4179 3469 4237 Moroan
3494 4197 3630 4238 cum

2224 4272 2485 4329 Abrahim
2518 4271 2536 4312 ε
2571 4273 2846 4343 reperiens
2874 4288 2997 4328 cum
3026 4271 3275 4337 modicis,
3303 4287 3434 4326 eum
3463 4273 3663 4327 statim
3683 4272 3809 4344 pala-

535 4373 868 4431 sttorumque
916 4361 1274 4420 internicione
1333 4365 1636 4436 exagitans,
1675 4365 1792 4420 dira
1843 4373 2018 4421 morte
2064 4378 2126 4421 se
2225 4365 2362 4420 tium
2402 4372 2660 4434 appetens
2685 4363 2862 4436 gladio
2899 4363 3176 4433 percutit:
3211 4363 3405 4431 sicque
3449 4363 3714 4419 intestino
3751 4362 3812 4416 ὠ

536 4470 664 4514 cum
716 4457 1060 4514 multitudine
1106 4459 1158 4514 ei
1203 4462 1574 4517 consentiente
1618 4461 1815 4530 perdit.
1870 4459 2126 4529 Quisquis
2225 4457 2367 4512 hanc
2389 4472 2503 4513 rem
2526 4456 2709 4512 furore
2742 4463 3068 4527 praeventus,
3096 4455 3473 4525 quinquennio
3504 4456 3817 4512 tumultuosi

535 4563 667 4606 vero
693 4548 852 4620 hujus
883 4551 962 4607 rei
997 4559 1147 4623 gesta
1168 4553 1314 4622 cupit
1351 4555 1509 4618 scire,
1560 4553 1767 4623 singula
1793 4553 1848 4607 in
1875 4552 2121 4622 Epitome
2146 4586 2204 4653 υ
2225 4551 2430 4617 vivens,
2465 4557 2520 4606 et
2543 4549 2756 4604 diversa
2777 4548 2963 4618 praelia
2994 4561 3283 4612 exercens,
3329 4546 3492 4602 Azali
3526 4550 3556 4589 ε
3585 4559 3816 4618 patrum

539 4646 843 4710 temporum
886 4641 1030 4711 legat
1076 4657 1239 4712 quam
1294 4641 1495 4698 dudum
1545 4642 1877 4714 collegimus,
1924 4641 1979 4696 in
2020 4657 2124 4711 qua
2147 4639 2199 4653 '
2230 4645 2296 4701 de
2341 4642 2585 4707 Abdella,
2628 4657 2791 4712 quem
2833 4641 2940 4697 sibi
2991 4639 3390 4711 quamplurima
3433 4640 3816 4696 lsmaelitam

538 4741 730 4789 cuncta
754 4735 986 4804 reperiet
1005 4735 1268 4801 enodata;
1296 4736 1388 4790 ubi
1410 4743 1466 4790 et
1491 4735 1673 4806 praelia
1699 4734 2008 4790 Maurorum
2033 4733 2127 4788 ad-
2229 4735 2517 4793 multitudo
2552 4736 2792 4806 elegerat
2826 4734 3148 4805 principem,
3185 4748 3220 4788 a
3260 4733 3540 4790 Damasco
3572 4751 3738 4807 usque
3766 4734 3815 4787 ia

536 4839 728 4881 versus
747 4825 962 4883 Cultum
983 4837 1007 4867 ο
1033 4827 1407 4882 dimicantium
1430 4834 1623 4883 cuncta
1648 4827 1882 4897 reperiet
1904 4825 2126 4894 scripta,
2230 4845 2449 4900 campos
2476 4829 2831 4900 Babylonicos
2870 4835 3191 4900 persecutus
3217 4825 3339 4883 Nilo
3378 4835 3674 4887 transacto
3695 4827 3814 4896 τῲ-

539 4921 592 4968 et
629 4916 901 4987 Hispaniae
943 4917 1084 4974 bella
1134 4933 1200 4974 eo
1241 4927 1486 4989 tempore
1536 4917 1876 4974 imminentia
1926 4916 2129 4988 releget
2229 4921 2654 4977 cetdecollatus.

541 5008 817 5066 adnotata.
2303 5008 2391 5064 75.
2440 5007 2610 5078 Hujus
2638 5018 2880 5080 tempore
2929 5011 2986 5066 in
3031 5025 3141 5067 aera
3186 5008 3468 5082 supralata
3515 5011 3649 5078 784,
3691 5022 3818 5066 ano

614 5101 700 5155 7i.
724 5100 860 5158 Era
886 5103 992 5161 782
1007 5103 1293 5174 completa,
1314 5112 1474 5174 atque
1497 5101 1789 5173 incipiente
1804 5098 1919 5170 jam
1938 5099 2120 5166 tertia,
2229 5102 2444 5173 imperii
2491 5101 2833 5158 Constantini
2883 5103 2951 5171 2,
2990 5102 3229 5160 Arabum
3278 5103 3418 5172 l28,
3469 5103 3702 5160 lorea:
3753 5100 3818 5162 ἰ.

616 5283 642 5312 ει
671 5271 762 5326 Sic
787 5288 887 5328 ms.
911 5275 1004 5339 B.;
1035 5273 1128 5340 M.,
1161 5272 1430 5340 Zunahel;
1468 5272 1532 5327 D.
1562 5270 1754 5336 Rodr.,
1793 5269 2014 5325 Zimael.

617 5342 832 5425 b‘Uncis
855 5345 1076 5425 inclusa
1117 5339 1322 5401 desunt
1359 5339 1421 5400 in
1461 5344 1546 5409 B.,
1599 5342 1670 5397 M.
1713 5349 1770 5397 et
1816 5340 2017 5408 Sand.;
2050 5339 2128 5396 le-

493 5474 501 5482 .
544 5421 744 5485 guntur
773 5415 824 5468 in
849 5415 910 5471 C.

559 5554 572 5564 .
601 5495 644 5564 ,ον
672 5483 764 5539 Sic
906 5488 1070 5542 Sand.
1105 5485 1245 5564 et‘D.
1274 5485 1497 5564 Hodrig.
1519 5501 1534 5549 ;
1558 5483 1643 5564 BI,
1669 5481 1899 5564 Ζιιζεᾳγηε
2005 5480 2124 5536 Nic.

545 5551 886 5622 Aﬁton.,-lib.
924 5575 1000 5621 vr,
1037 5575 1090 5612 ιι.
1127 5555 1214 5620 66,
1244 5551 1490 5610 adverst
1522 5553 1720 5608 cultum
1748 5551 2127 5622 (Christianum

545 5625 786 5693 scilicet),
817 5627 1101 5682 manifesto
1118 5641 1321 5690 errore,
1345 5625 1496 5681 Culta
1522 5624 1669 5680 enim
1684 5637 1880 5679 nomen
1903 5631 1985 5679 est
2006 5637 2131 5692 pro-

546 5697 724 5766 prium
746 5696 982 5752 hominis
1010 5696 1391 5751 Mahometani.

619 5766 645 5806 ἀ
668 5766 758 5821 Sic
784 5767 853 5821 M.
882 5768 1038 5822 Deest
1060 5767 1115 5821 in
1140 5767 1204 5819 Β.
1237 5782 1458 5836 regnans
1482 5767 1581 5830 35;
1613 5763 1772 5832 hujus
1794 5765 1926 5822 edit.
1952 5773 2132 5822 textus

551 5837 634 5890 Sic
669 5851 728 5891 se
764 5838 965 5894 habet:
993 5844 1294 5903 coronatur,
1327 5837 1477 5890 annis
1501 5851 1607 5892 'ro'r
1627 5837 1878 5906 peractis,
1904 5844 2008 5894 etc.
2031 5836 2134 5894 Le-

2232 5278 2503 5350 gendum:
2538 5297 2761 5351 regnans
2798 5282 3021 5336 annis...
3065 5281 3208 5336 haud
3251 5296 3517 5352 expresso
3567 5295 3820 5339 annorum

2233 5352 2866 5424 numero;lquod_auctor
2880 5369 2976 5422 per
2997 5361 3073 5407 tot
3086 5352 3376 5424 significat,
3399 5352 3490 5424 alii

2235 5435 2420 5475 curam
2463 5422 2695 5491 ponendi
2736 5421 2918 5477 notam
2972 5421 3306 5478 numera'lem
3336 5442 3349 5478 :
3384 5423 3645 5479 scribens

2237 5505 2378 5546 anno
2399 5489 2738 5563 Constantini
2763 5493 2914 5563 regni
2944 5493 3173 5559 decimo,
3203 5504 3338 5563 quot
3361 5493 3524 5551 annis

2237 5571 2509 5686 supeglstes
2528 5561 2742 5686 finiturus
2763 5559 2906 5618 esset
2929 5565 3150 5620 omnino
3168 5559 3469 5622 nesciebat.
3761 5559 3780 5578 ’

2315 5645 2338 5672 θ
2424 5672 2461 5686 ..
2488 5650 2556 5686 au
2599 5650 2726 5686 rens.
2827 5683 2830 5686 .

2315 5645 2338 5672 θ
2368 5645 2461 5698 1a.,
2488 5645 2726 5688 audiens.
2827 5683 2830 5688 .

2317 5701 2335 5741 ί
2363 5701 2453 5775 Sic
2479 5703 2572 5775 8.;
2607 5701 2685 5775 Μζ
2705 5712 2762 5775 et
2791 5702 2982 5775 Sand.,
3011 5703 3051 5763 Y
3053 5705 3225 5760 brain.

2316 5775 2341 5814 ⁸
2366 5772 2554 5843 Sand.‘,
2579 5789 2612 5828 a
2641 5771 2780 5834 Zah'.
