3950 6308
111 441 240 515 5.277

1548 444 1962 521 cnnamum.

3239 470 3379 531 1278

104 558 316 637 Thoaba
338 554 395 613 in
412 552 683 629 Hispaniis
704 555 894 629 (regno
919 555 1212 615 Abulcatar
1232 570 1359 615 cum
1381 568 1409 601 ι
1432 556 1677 628 adiutore
1702 560 1759 631 Α
1783 564 2105 628 sternentes,
2131 559 2224 617 vix
2254 561 2311 619 in
2340 562 2504 622 tertio
2527 575 2856 639 exsuperato
2883 577 2939 628 et
2962 570 3247 635 interfecto
3270 578 3380 638 lo-

103 649 334 710 Zimahel
360 648 563 722 ablato)
598 664 631 705 a
657 651 869 709 cunctis
905 660 964 707 ut
1001 652 1086 708 vir
1128 653 1352 726 belliger
1393 662 1451 711 et
1483 670 1682 729 genere

99 746 283 820 plenus
305 743 599 817 praeﬁcitur
622 784 637 809 ,
661 758 895 816 regnans
918 761 1087 802 unum
1110 760 1208 817 per
1240 762 1445 804 annum
1466 748 1532 803 δε
1572 750 1682 806 sic-

98 850 201 909 que
219 850 283 892 eo
302 832 523 906 propria
543 842 717 893 morte
740 833 1043 907 perfuncto,
1069 834 1219 892 Juzif
1236 838 1305 895 ab
1320 825 1466 895 omni
1491 848 1684 899 senatu

97 930 277 1002 palatii
314 929 601 1002 Hispaniae,
618 938 801 988 rector
849 929 1067 1001 eligitur
1112 932 1167 988 in
1214 948 1324 990 sera
1367 933 1500 1002 785,
1541 949 1685 994 anno

98 1021 307 1095 imperii
342 1020 685 1083 Constantini
720 1022 775 1088 5,
812 1020 1055 1078 Arabum
1101 1023 1206 1080 129
1250 1024 1550 1097 completo,
1596 1025 1684 1084 vel

94 1114 382 1187 incipiente
424 1113 516 1183 30,
562 1113 875 1183 Moroanj,
922 1114 1152 1175 miriﬁce
1188 1124 1249 1173 ut
1275 1117 1459 1175 senior
1486 1124 1543 1176 et
1566 1117 1683 1175 lon-

90 1222 270 1280 gaavus
312 1208 509 1283 patria:
547 1208 881 1267 acclamatur
927 1208 982 1265 in
1030 1224 1218 1281 regno.
1271 1209 1371 1269 Cui
1409 1227 1520 1268 non
1556 1220 1684 1283 post

92 1300 288 1357 multos
317 1301 434 1359 dies
464 1300 679 1358 diversa
711 1300 931 1357 rebellia
971 1300 1180 1359 Arabes
1222 1317 1321 1375 per
1366 1302 1683 1375 Hispaniam

91 1380 392 1469 molientes,
420 1408 548 1450 suas
571 1392 689 1449 sine
710 1391 904 1451 effectu
934 1401 1215 1451 manentes
1242 1410 1414 1465 usque
1450 1395 1520 1450 ad
1548 1394 1685 1451 inl‘e—
1718 1442 1727 1454 ι

91 1502 181 1542 ros
202 1486 412 1542 animas
438 1484 660 1543 fuerunt
679 1485 975 1543 tradentes.
1021 1486 1127 1543 Iste
1171 1487 1589 1559 descriptionem
1613 1489 1683 1547 ad

87 1578 494 1650 suggestionem
538 1577 739 1635 residui
774 1579 957 1649 populi
1004 1577 1185 1635 facere
1223 1578 1491 1650 imperat:
1520 1588 1683 1649 atque

82 1668 238 1740 jubet
261 1677 321 1724 ut
343 1684 439 1726 eos
462 1682 597 1739 quos
619 1683 689 1729 ex
714 1667 1040 1725 Christianis
1065 1669 1416 1740 vectigalibus
1442 1683 1540 1740 per
1565 1677 1684 1725 tan-

85 1768 173 1816 tas
227 1776 421 1817 eorum
463 1772 676 1832 strages
721 1761 928 1835 gladius
976 1760 1335 1831 jrugulaverat,
1385 1777 1415 1816 a
1466 1763 1685 1834 publico

83 1852 278 1909 codice
301 1853 551 1910 scrinarii
577 1853 857 1910 demerent
881 1871 894 1907 :
918 1853 1013 1924 qui
1043 1853 1169 1909 licet
1214 1854 1504 1924 petulando
1537 1853 1683 1910 solli-

81 1942 194 1998 cite
222 1943 479 2015 imperat.

154 2034 248 2090 76.
304 2036 483 2106 Hujus.
510 2036 665 2107 regni
707 2035 767 2093 in
813 2051 956 2107 anno
995 2036 1048 2103 6,
1098 2037 1155 2093 in
1196 2053 1308 2096 aera
1344 2038 1468 2104 788,
1519 2038 1689 2099 Nonis

78 2128 291 2198 Aprilis
335 2131 423 2188 die
461 2130 762 2199 Dominico,
803 2132 937 2190 hora
984 2134 1037 2200 1,
1070 2133 1108 2189 2
1154 2143 1210 2192 et
1247 2134 1363 2193 fere
1400 2138 1452 2202 5,
1477 2138 1690 2199 cunctis

77 2220 357 2278 Cordubae
410 2222 620 2279 civibus
684 2224 1157 2293 prospicientibus,
1196 2235 1310 2283 tres
1361 2229 1504 2285 soles
1547 2230 1688 2288 miro

77 2312 247 2368 modo
281 2311 577 2367 lustrantes
619 2320 673 2368 et
692 2312 855 2383 “quasi
895 2313 1159 2384 pallentes
1194 2331 1317 2373 cum
1355 2316 1493 2375 falce
1531 2318 1688 2390 ignea

77 2403 165 2458 vel
222 2404 606 2474 smaragdinea
657 2405 1019 2476 praecedente,
1073 2404 1292 2464 fuerunt
1345 2410 1468 2476 visi,
1514 2426 1689 2482 eoque

75 2503 205 2550 ortu
247 2494 394 2551 fame
432 2495 761 2557 intolerabili
786 2512 976 2555 omnes
1020 2506 1204 2569 partes
1244 2500 1518 2571 Hispania:
1553 2510 1693 2573 nutu

76 2586 175 2643 Dei
216 2588 554 2645 habitatores
593 2588 769 2659 angeli
799 2600 821 2629 ο
851 2591 1088 2647 ordinati
1135 2579 1354 2648 fuerunt
1383 2604 1681 2653 vastantes.

151 2678 179 2717 εἰ
224 2679 320 2749 77.
356 2680 459 2747 Per
509 2679 649 2745 idem
702 2689 913 2750 tempus
973 2680 1166 2751 Petrus
1220 2684 1494 2753 Toletanm
1535 2687 1683 2743 sedis

72 2771 349 2845 diacows
366 2772 595 2842 pulcher
618 2772 765 2849 apud
784 2771 1098 2842 [ﬁspaniam
1128 2774 1431 2835 habebatur
1455 2776 1681 2832 melodi-

74 2878 193 2930 cus,
217 2871 386 2933 atque
412 2863 468 2917 in
489 2858 1050 2933 omnibus’scripturis
1072 2863 1535 2933 sapientissimus:
1564 2866 1679 2939 (ad)

77 2957 419 3013 habitatores
440 2956 497 3012 in
531 2954 736 3025 Hispali
776 2964 1001 3027 propter
1021 2959 1256 3027 paschas
1282 2973 1539 3014 erroneas
1560 2975 1681 3030 quae

77 3050 144 3105 ab
163 3050 247 3106 eis
274 3056 401 3105 sunt
420 3049 706 3105 celebrata:
726 3047 966 3105 libellum
1000 3048 1225 3105 Patrum
1259 3058 1421 3120 atque
1450 3050 1678 3108 diversis

77 3140 496 3198 auctoritatibus
521 3151 545 3179 ο
572 3140 795 3211 pulchre
820 3139 1180 3211 compositum
1207 3141 1555 3217 conscripsit.

142 3233 235 3292 78.
270 3231 441 3303 Hujus
474 3236 717 3303 tempore
740 3233 796 3289 in
837 3248 947 3290 tera
986 3233 1112 3299 788,
1143 3248 1286 3289 anno
1322 3234 1533 3304 imperii
1554 3233 1670 3305 ejus

70 3326 126 3393 6,
163 3325 416 3382 Arabum
454 3324 577 3389 155,
624 3322 849 3380 Abdella
919 3323 1188 3379 Alascemi
1239 3324 1292 3391 1,
1334 3323 1576 3391 Moroan,
1621 3334 1681 3382 ut

72 3415 340 3482 diximus,
371 3430 403 3470 a
427 3429 593 3470 manu
622 3413 836 3484 publica
867 3413 1166 3471 insectatus
1205 3422 1260 3470 et
1288 3416 1521 3471 tumultu
1550 3432 1680 3489 gen-

70 3506 211 3565 tium
248 3505 523 3564 exercitus
564 3520 693 3573 cum,
732 3505 1005 3561 thesauris
1041 3505 1271 3577 publicis
1306 3521 1341 3561 a
1367 3507 1569 3578 palatio
1596 3506 1679 3565 fu-

70 3600 248 3669 giens,
301 3605 359 3652 et
376 3596 602 3668 Libyam
629 3596 700 3653 ob
726 3594 1134 3666 reparationem
1171 3612 1365 3668 pugnae
1392 3606 1680 3668 penetrare

69 3691 418 3758 desiderans,
444 3687 669 3745 Abdella
711 3688 787 3744 nil
808 3686 920 3758 jam
941 3703 1186 3760 'pavens,
1213 3688 1469 3744 instinctu
1495 3691 1677 3746 senio-

69 3799 194 3841 rum
217 3784 409 3842 sedem
439 3783 644 3856 appetit
663 3783 891 3855 regiam.
936 3781 1039 3851 Qui
1069 3782 1252 3839 statim
1274 3789 1397 3856 post
1419 3799 1545 3840 eum
1563 3784 1679 3842 Zali

65 3886 336 3949 patruum
371 3877 610 3949 dirigens
633 3891 756 3933 cum
784 3874 1152 3948 praeliatorum
1189 3876 1402 3933 inﬁnito
1432 3880 1678 3934 exercitu

65 3970 323 4029 Arabum
362 3978 419 4039 et
455 3969 747 4041 Persarum
782 3969 1047 4043 hactenus
1084 3968 1252 4025 solem
1289 3969 1672 4039 excolentium,

63 4065 393 4137 pullataque
415 4063 699 4131 daemonia,
724 4062 949 4119 Moroan
975 4077 1008 4118 a
1038 4058 1259 4123 civitate
1285 4063 1345 4119 in
1374 4064 1673 4135 civitatem,

65 4156 429 4229 diﬁ‘ugiendo,
480 4164 537 4212 et
572 4154 780 4210 nullum
810 4152 1211 4224 receptaculum
1258 4154 1328 4210 ob
1368 4154 1511 4209 mala
1555 4169 1676 4224 quae

64 4247 303 4316 fecerat,
340 4258 393 4305 et
433 4257 641 4305 mortes
670 4247 910 4302 diversas
934 4259 1070 4316 quas
1099 4245 1153 4299 in
1188 4245 1476 4301 Saracenis
1501 4259 1681 4316 gesse-

61 4350 155 4398 rat
212 4340 264 4408 ί,
317 4339 668 4412 reperiendo,
724 4336 905 4393 Nilum
957 4332 1179 4406 Egypti
1227 4334 1450 4391 ﬂuvium
1502 4344 1680 4391 trans-

62 4433 333 4501 meando,
382 4446 507 4488 eum
544 4430 895 4486 vehementer
936 4426 1299 4496 insequuntur
1345 4425 1391 4479 8.
1430 4424 1541 4481 Sed
1582 4426 1681 4483 ubi

59 4527 123 4583 in
173 4527 365 4585 locum
409 4523 501 4595 qui
536 4521 721 4595 lingua
768 4533 959 4577 eorum
984 4525 1211 4574 vocatur
1235 4516 1469 4572 Azimun
1492 4517 1522 4557 ιι
1553 4531 1676 4588 per-

60 4618 375 4683 venissent,
410 4630 469 4672 se
492 4612 722 4670 invicem
762 4610 1055 4683 applicant,
1100 4616 1155 4665 et
1184 4616 1295 4665 tam
1323 4608 1496 4665 valide
1533 4609 1672 4665 utri-

1782 666 1916 708 roan
1939 654 2163 725 vaginis
2183 655 2392 727 gladios
2416 659 2778 729 remitterent,
2810 666 3131 736 semetipsos
3177 670 3379 729 sedan-

1782 758 1885 808 tes.
1927 751 2104 826 [Tunc
2130 756 2308 826 capita
2333 766 2711 828 magnatorum
2737 762 2807 817 ad
2833 761 3117 822 Abdellam
3141 767 3379 839 diligen-

1783 850 1886 912 tes,
1927 845 2083 917 quasi
2124 848 2293 917 spolia
2339 850 2598 920 pretiosa,
2639 851 2932 912 bellatores
2972 855 3041 914 de
3070 859 3379 930 prmdarum

1783 939 2052 996 manubiis
2080 952 2432 1003 remunerant
2459 943 2506 1016 ί]
2531 952 2694 1017 atque
2723 957 2950 1007 cunctos
2969 951 3229 1022 pristinos
3262 962 3378 1012 ter-

1783 1031 1960 1089 minos
1999 1033 2160 1104 digne
2184 1036 2493 1105 paciﬁcant.
2525 1037 2755 1110 Reliqua
2799 1056 2930 1098 vero
2975 1051 3128 1114 gesta
3165 1060 3372 1113 eorum,

1783 1124 2018 1195 qualiter
2043 1129 2330 1199 pugnando
2353 1139 2600 1202 utrmque
2621 1140 2805 1203 partes
2833 1133 3095 1192 condicta;
3117 1144 3264 1205 sunt,
3290 1137 3381 1196 vel

1784 1220 2017 1291 qualiter
2034 1221 2306 1295 Hispaniae
2323 1224 2465 1283 bella
2485 1227 2587 1283 sub
2606 1227 2940 1298 principibus
2959 1229 3128 1302 Belgi,
3153 1230 3378 1289 Thoaba

1783 1321 1839 1370 et
1863 1313 2106 1387 Humeya
2133 1325 2389 1373 concreta
2417 1326 2546 1374 sunt
2567 1320 2653 1375 vel
2674 1336 2773 1392 per
2796 1321 3092 1379 Abulcatar
3125 1332 3377 1396 exempta

1783 1415 1930 1477 sunt,
1955 1420 2118 1482 atque
2161 1412 2264 1468 sub
2312 1412 2581 1484 principio
2617 1413 2769 1481 lucif,
2812 1432 2921 1487 quo
2968 1418 3159 1475 ordine
3194 1417 3376 1475 aemuli

1784 1496 1903 1567 ejus
1948 1498 2112 1555 deleti
2157 1509 2322 1569 sunt;
2353 1517 2531 1559 nonne
2561 1505 2681 1562 haec
2722 1506 2926 1577 scripta
2966 1515 3094 1566 sunt
3133 1509 3190 1565 in
3236 1508 3377 1566 libro

1783 1591 2074 1648 verborum
2102 1592 2313 1649 dienim
2346 1596 2551 1662 saeculi,
2578 1611 2738 1667 quem
2777 1599 3063 1658 Chronicis
3084 1601 3376 1673 praeteritis

1784 1682 1855 1743 ad
1880 1682 2091 1754 singula
2116 1684 2316 1743 addere
2336 1689 2781 1758 procuravimus?

1855 1796 1943 1854 79.
1983 1796 2149 1854 Fiunt
2179 1799 2347 1871 igitur
2370 1801 2439 1857 ab
2465 1804 2691 1861 exordio
2712 1805 2901 1861 mundi
2929 1822 3101 1878 usque
3128 1808 3183 1863 in
3208 1823 3376 1867 atram

1788 1896 2021 1960 coeptam
2052 1891 2587 1964 septingentesimam
2622 1897 3026 1968 nonagesimam
3061 1900 3373 1970 secundam,

1788 1998 1933 2038 anno
1967 1983 2179 2053 imperii
2204 1984 2546 2043 Constantini
2568 1988 2655 2055 10,
2695 1988 2918 2046 Abdella
2939 1991 3208 2049 Alascemi
3232 1991 3376 2048 Ami-

1787 2074 2135 2131 ralmuminin
2162 2076 2218 2144 1,
2253 2076 2526 2149 Hispaniae
2567 2078 2707 2134 luzif
2751 2082 2994 2150 patriciae
3032 2082 3093 2148 7,
3133 2082 3375 2139 Arabum

1791 2165 1915 2234 156,
1946 2168 2073 2222 anni
2098 2167 2259 2235 5954,
2287 2184 2318 2223 a
2344 2170 2540 2241 quibus
2559 2179 2794 2241 quatuor
2822 2173 2869 2228 si
2891 2173 3189 2229 secundum
3213 2190 3375 2245 quos-

1790 2259 1914 2315 dam
1938 2260 2407 2333 historiographos
2428 2263 2646 2327 demere
2671 2263 2924 2334 volueris,
2952 2265 3049 2336 qui
3072 2265 3282 2336 precise
3306 2266 3375 2324 ad

1789 2353 2066 2428 expletum
2091 2353 2161 2408 56
2194 2352 2474 2410 Octaviani
2532 2356 2683 2427 regni
2712 2371 2913 2413 annum
2965 2356 3012 2425 i,
3052 2372 3222 2415 annos
3269 2374 3376 2416 saa-
3498 2390 3503 2394 ο

1791 2443 1895 2501 culi
1943 2443 2104 2512 5210,
2152 2446 2494 2517 supputando
2545 2447 2859 2504 aﬂirmant:
2892 2456 2948 2504 et
2996 2464 3139 2505 anno
3163 2448 3374 2521 praefati

1789 2538 2072 2596 Octaviani
2096 2539 2169 2594 12
2208 2539 2484 2597 Christum
2512 2550 2701 2597 natum
2746 2543 3042 2599 secundum
3080 2542 3375 2599 Historiam

1790 2631 2215 2687 ecclesiasticam
2241 2631 2446 2687 domini
2489 2631 2708 2689 Eusebii
2733 2631 3088 2691 Caesariensis
3113 2633 3373 2705 episcopi,

1787 2722 1849 2778 in
1878 2722 1971 2777 lib.
2008 2739 2053 2787 ι,
2082 2729 2245 2781 atate
2266 2738 2321 2777 v1
2360 2723 2410 2790 κ,
2451 2723 2539 2779 vel
2557 2739 2705 2785 nunc
2727 2724 3026 2791 secundum
3048 2723 3375 2789 Chrenicam

1744 2861 1748 2864 .
1789 2815 1992 2874 domini
2024 2814 2219 2873 lsidori
2247 2824 2599 2884 asseverant;
2635 2818 2867 2887 quod.et
2886 2819 3077 2888 utique
3092 2819 3170 2873 ita
3187 2832 3376 2876 omnes

1787 2908 2069 2977 scripturae
2104 2907 2457 2974 denuntiant;
2500 2910 2757 2966 detractis
2791 2911 2858 2967 ab
2906 2911 3063 2967 annis
3096 2909 3376 2969 Octaviani

1784 2996 1855 3055 56
1877 2998 2303 3069 quatuordecim,
2358 3008 2643 3055 remanent
2667 2998 2739 3054 42
2764 3001 2820 3056 in
2856 3009 3099 3071 tempore
3123 3000 3375 3058 nativita‘

1784 3088 1856 3144 tis
1880 3087 2087 3144 Christi
2118 3103 2132 3143 :
2183 3096 2239 3144 et
2266 3089 2393 3159 quia
2441 3090 2709 3160 completo
2737 3090 2771 3145 5
2791 3106 2934 3147 anno
2971 3090 3098 3148 Julii
3141 3091 3374 3150 Caesaris

1784 3181 1924 3237 ﬁunt
1951 3181 2079 3237 anni
2105 3181 2291 3237 saeculi
2316 3181 2478 3246 5154,
2508 3182 2708 3238 additis
2736 3182 2808 3237 42
2834 3181 3117 3239 Octaviani
3147 3183 3283 3240 ﬁunt
3304 3185 3374 3241 ab

1705 3315 1757 3381 α
1782 3275 1959 3332 Adam
1986 3288 2159 3346 usque
2198 3275 2261 3330 in
2281 3275 2618 3377 nativitatem
2655 3275 2859 3332 Christi
2887 3275 3051 3345 5196,

1786 3374 2021 3438 quatuor
2060 3381 2197 3436 quos
2224 3366 2474 3436 superius
2505 3365 2739 3421 diximus
2766 3367 2835 3422 ab
2862 3381 3004 3422 anno
3031 3366 3214 3423 saeculi
3232 3365 3375 3423 5200

1783 3456 2046 3526 quosdam
2071 3455 2408 3522 subtrahere,
2439 3455 2634 3526 quibus
2655 3455 2795 3511 5196
2823 3456 3072 3528 superius
3106 3471 3374 3541 memorav

1784 3549 1875 3616 tis,
1934 3548 1981 3605 si
2025 3547 2292 3604 addantur
2335 3544 2355 3587 ι
2395 3548 2524 3603 anni
2573 3548 2963 3604 incarnationis
3008 3549 3223 3606 Domini
3269 3548 3374 3609 754

1783 3641 1876 3711 qui
1902 3640 1959 3696 in
1980 3656 2090 3697 aera
2114 3640 2220 3696 792
2267 3651 2307 3680 ω
2343 3639 2581 3697 veridice
2602 3648 3006 3711 computantur,
3032 3642 3374 3715 reperientur

1782 3735 1910 3790 anni
1938 3733 2120 3790 saeculi
2143 3732 2285 3791 5950
2306 3732 2467 3791 obitis
2495 3743 2523 3770 ιι
2561 3732 2596 3789 4
2625 3733 3015 3806 diminutisque
3064 3734 3296 3792 etl‘ectis.

1851 3865 1940 3922 80.
1980 3864 2086 3923 Sed
2132 3867 2261 3937 quia
2281 3865 2351 3922 ad
2376 3872 2580 3923 tantam
2622 3867 2981 3938 liquiditatem
3026 3870 3155 3927 anni
3182 3868 3369 3926 saeculi

1780 3959 1946 4015 etiam
1973 3974 2076 4016 nec
2098 3974 2131 4015 a
2175 3959 2474 4031 majoribus
2527 3967 2930 4030 computantur,
2982 3970 3040 4017 ut
3069 3977 3176 4017 lino
3229 3961 3368 4035 ston

1779 4051 2061 4125 aequaliter
2110 4051 2444 4125 digerantur,
2475 4052 2564 4109 vel
2601 4068 2707 4109 una
2734 4054 3125 4124 prtenotatione
3152 4055 3221 4110 ab
3245 4069 3368 4109 om-

1780 4148 1940 4203 nibus
2000 4147 2453 4218 historiographis
2504 4147 2926 4217 mquiparentur,
2980 4146 3133 4219 licet.
3163 4147 3219 4201 in
3264 4147 3367 4203 hac

1779 4247 2043 4297 annorum
2069 4241 2412 4297 devolutione
2433 4257 2540 4297 non
2570 4242 2799 4295 multum
2819 4241 2888 4296 ab
2910 4239 3139 4296 invicem
3162 4240 3367 4297 discre-

1776 4340 1945 4403 pent;
1990 4332 2114 4388 ideo
2137 4340 2194 4388 et
2218 4348 2316 4389 nos
2344 4332 2638 4388 secundum
2661 4331 2950 4401 plerosque
2971 4331 3061 4402 qui
3089 4330 3365 4388 Christum

1777 4425 1839 4481 in
1864 4424 2005 4481 5200
2032 4440 2203 4481 annos
2232 4433 2416 4480 natum
2454 4422 2771 4489 deliberant,
2802 4423 2903 4479 hos
2941 4431 3174 4494 quatuor
3194 4437 3366 4481 annos

1776 4515 2182 4589 interpolamus,
2213 4531 2282 4572 ne
2306 4531 2338 4570 a
2359 4522 2635 4573 tantorum
2676 4515 2921 4571 virorum
2955 4521 2980 4550 °
3020 4514 3241 4579 semitis,
3268 4514 3365 4570 ubi

1776 4607 1917 4667 tales
1950 4609 2192 4680 tantique
2219 4615 2547 4664 nutaverant
2593 4608 2717 4675 viri,
2773 4608 2982 4679 longius
3032 4622 3359 4681 evagemus:

58 4724 175 4782 que
205 4724 271 4766 se
310 4707 573 4778 iaculant,
629 4714 688 4761 ut
720 4703 883 4760 binos
908 4716 1008 4773 per
1034 4702 1149 4758 dies
1178 4702 1676 4760 immisericorditer
1701 4690 1757 4752 D
1779 4704 1909 4775 quia
1950 4704 2011 4758 in
2044 4710 2196 4759 tanta
2243 4702 2494 4773 congerie
2536 4710 2841 4771 temporum
2885 4707 3118 4771 quatuor
3157 4700 3284 4756 anni
3313 4700 3367 4757 si

58 4819 201 4861 cum.
240 4802 539 4859 multorum
575 4814 647 4856 ex
671 4806 901 4868 utraque
942 4803 1099 4868 parte
1137 4796 1413 4854 occisione
1452 4811 1513 4854 se
1547 4811 1673 4868 pro-

136 4929 166 4957 ι
192 4916 367 4971 Deest
388 4930 507 4968 cum
529 4913 585 4968 in
610 4912 703 4977 M.,
736 4920 790 4967 et
821 4909 986 4966 Sand.
1020 4925 1127 4966 non
1153 4910 1319 4983 habet
1347 4925 1466 4980 quae
1490 4909 1675 4983 legun-

58 4996 156 5043 tur
195 4987 351 5042 inter
385 4984 520 5042 duas
546 4999 681 5055 quas
705 4984 796 5040 hic
832 4996 1093 5038 numerus
1125 4981 1345 5037 exhibet
1367 4981 1672 5052 temporum

58 5067 205 5171 n01?
191 5073 363 5196 ἕξω,
398 5126 687 5199 prwﬁcitur
702 5140 798 5196 pro
828 5137 933 5179 uno
955 5138 1114 5177 anno.
1140 5120 1292 5195 Pagi,
1324 5137 1413 5177 an.
1456 5121 1588 5199 717,
1610 5142 1667 5183 n.

63 5202 167 5315 ΗΞ
195 5270 271 5329 ι),
297 5268 521 5342 nodrig.
545 5264 700 5339 ponit
726 5256 885 5337 Angli
911 5262 1030 5321 loco
1058 5263 1239 5335 angeli.
1258 5244 1377 5335 cap.
1422 5263 1493 5320 17
1526 5265 1666 5324 Hist.

132 5415 166 5457 ἀ
211 5414 381 5471 Deest
400 5410 491 5468 hic
515 5425 665 5467 num.
698 5407 766 5462 77
808 5405 950 5477 apud
991 5404 1156 5477 Sand.
1202 5415 1258 5461 et
1290 5405 1350 5476 jn
1381 5404 1491 5475 111.;
1521 5409 1671 5467 illum

51 5487 341 5546 exhibent
360 5499 491 5540 mss.
524 5481 585 5540 C.
619 5489 674 5538 et
706 5475 865 5543 Μελ,
896 5477 1035 5548 apud
1066 5475 1216 5549 Pagi,
1251 5475 1345 5534 an.
1368 5477 1495 5548 746,
1524 5498 1580 5538 n.
1613 5482 1665 5549 9,

51 5556 138 5617 et
174 5571 297 5617 quo
323 5555 378 5611 in
397 5554 529 5611 edit.
556 5554 616 5611 Β.
642 5565 895 5608 recusnm
914 5557 1016 5617 est,

142 5639 173 5670 °
196 5626 371 5693 Man,
394 5626 716 5681 auctoribus.

142 5700 176 5814 ί
205 5699 308 5824 gi;
328 5706 940 5837 ίίξεξιξίαξξιεθᾳιιὶιαηε.

141 5842 179 5883 ιι
208 5838 317 5895 Ms.
339 5840 427 5909 C.,
465 5840 816 5895 Asimumum.

147 5916 169 5955 ἱ
208 5908 381 5968 Uncis
398 5905 603 5967 inclusa
640 5909 833 5981 desunt
857 5905 1019 5981 in_l_3.,
1043 5906 1297 5981 leguntur
1322 5909 1378 5965 in
1405 5907 1477 5964 Μ.
1508 5917 1564 5965 et
1582 5907 1668 5981 C.,

35 5996 63 6056 ιζ
86 5983 173 6041 ed
208 5982 460 6039 nonnihil
495 5979 883 6051 discrepantia;
917 5975 1022 6050 Μ..ν
1043 5975 1268 6053 excepta
1297 5995 1427 6039 voce
1461 5979 1669 6051 praedae

1778 4795 2048 4854 addantur
2073 4794 2161 4852 vel
2187 4795 2561 4860 detrahantur,
2607 4807 2951 4863 nequaquam
2997 4791 3098 4848 toti
3134 4807 3381 4848 summas.

1777 4925 1913 4975 rum,
1952 4918 2013 4965 ut
2041 4908 2097 4963 in
2124 4914 2291 4972 textu,
2341 4905 2435 4975 qui
2479 4913 2607 4959 tunc
2650 4904 2728 4959 sic
2774 4918 2833 4959 se
2860 4902 3042 4975 habet,
3086 4902 3359 4961 bellatores

1777 4973 2168 5051 deprwdarmu,
2199 4973 2467 5051 manubiis
2490 4984 2864 5051 remuneraut._
2883 4973 2968 5041 (3.,
3090 4990 3212 5030 suos
3241 4976 3361 5047 pul-

1776 5045 1897 5107 chre
1922 5051 2164 5121 ferunt...
2211 5050 2305 5121 de_
2322 5046 2621 5121 praedarum
2651 5045 2900 5099 manubia
2928 5045 3355 5121 remanentium

1777 5114 2037 5189 Sand.,...
2065 5137 2161 5176 suo
2190 5114 2398 5191 spulare
2424 5117 2501 5191 (id
2546 5127 2651 5183 est,
2681 5132 2805 5172 suos
2846 5114 3097 5187 pulchre).
3121 5116 3354 5187 fuerunt,

1772 5201 1880 5253 etc.

1849 5263 1863 5315 i
1914 5262 2005 5321 Sic
2041 5262 2111 5318 Μ.
2136 5279 2150 5330 ;
2181 5261 2244 5329 Β.
2276 5268 2332 5316 et
2360 5258 2526 5319 Sand.
2562 5273 2577 5313 :
2602 5258 2695 5331 qui
2719 5258 2969 5315 acrivose.
2997 5296 3011 5314 .
3055 5297 3070 5314 .
3097 5256 3169 5317 56
3198 5258 3357 5321 Octa-

1769 5335 2116 5417 vianinregno,
2151 5341 2258 5417 etc.

1846 5407 1871 5486 if
1910 5402 2014 5486 _Sic_
2032 5402 2146 5473 111.;
2174 5403 2233 5459 Β.
2265 5411 2320 5459 et
2345 5402 2534 5469 Sand.,
2564 5417 2693 5456 ara.
2803 5472 2835 5486 ,Δ
3031 5473 3043 5485 ⁹
3090 5442 3134 5486 ο,
3179 5473 3190 5484 ,

1848 5476 1868 5517 1
1908 5478 1958 5534 Is
1981 5486 2065 5533 est
2094 5490 2350 5533 numerus
2413 5488 2536 5528 nem
2579 5488 2645 5529 ex
2683 5473 2844 5529 ressit
2880 5473 2935 5527 in
2962 5473 3229 5547 principio
3257 5473 3354 5530 ιω.

1773 5548 1858 5603 ius
1889 5546 2233 5603 naraaranhi.
2266 5491 2456 5603 Sand.,
2484 5541 2624 5603 798;
2760 5543 2881 5600 799.

1766 5563 1858 5619 Jus
1889 5563 2233 5633 paragrapni.
2266 5563 2456 5611 aana.,
2493 5563 2587 5600 me
2609 5563 2624 5611 ;
2650 5563 2734 5627 11.,
2770 5563 2881 5600 ιυυ.
3099 5613 3112 5627 ⁸

1842 5633 1883 5661 ω
1908 5620 2000 5677 Sic
2048 5636 2176 5685 ms.,
2216 5618 2287 5685 VC.
2338 5615 2561 5690 (5950);
2612 5616 2739 5690 aln,_
2773 5614 2933 5690 5955.
2992 5613 3354 5690 {tegendum

1769 5691 1910 5748 5950
1942 5709 1956 5756 ;
1997 5708 2065 5748 ex
2103 5684 2313 5748 duobus
2348 5684 2512 5746 enim
2531 5687 2774 5744 numeris
2802 5685 2903 5742 751
2929 5693 2986 5742 et
3007 5684 3146 5743 5196
3165 5698 3353 5740 nume-

1769 5778 1864 5819 rus
1894 5764 1980 5818 ille
2008 5770 2240 5820 constat.

1843 5828 2245 5906 umquam
2670 5901 2749 5906 -_
2871 5900 2913 5906 ,_
3024 5897 3036 5906 ,
3217 5896 3248 5906 -.

1845 5912 1869 5939 °
1910 5897 2158 5986 M.’addi’t.
2181 5904 2430 5986 uirorum,
2473 5910 2536 5986 _et
2576 5901 2779 5986 omittit
2962 5897 3093 5957 ιαιω
3117 5897 3361 5973 tantiqu

1770 5986 2075 6034 nutaverant
2111 5976 2227 6044 viri,
2254 5990 2374 6046 qum
2403 5974 2600 6029 habent
2621 5972 2787 6028 Sand.
2816 5977 2870 6026 et
2894 5968 2954 6022 Β.

3416 6094 3447 6131 \
