3950 6308
155 475 175 533 l
186 477 282 534 285

154 586 440 664 putabunt:
467 578 591 651 quia
622 574 828 649 justum
865 586 970 647 est,
1002 582 1063 634 ut
1095 580 1235 651 sicut
1273 579 1523 636 sacerdos
1555 578 1719 634 habet
1744 580 1798 644 λ

147 675 373 733 ecclesia:
407 672 688 729 dimissum
712 711 728 737 ,
762 671 840 727 ita
873 671 1101 727 ecclesia
1130 671 1327 728 habeat
1358 671 1501 741 quod
1532 685 1713 728 sacer-

144 767 251 823 doti
272 764 610 835 relinquitur.

696 851 793 910 EX
820 850 1023 910 LIBRO
1054 850 1143 910 Ῑῐῐ.

746 962 812 1001 DE
840 961 1087 1003 DIACONO.

413 1035 541 1094 CAP.
565 1035 820 1093 itu—De
841 1036 1169 1092 ordinatione
1190 1036 1421 1092 diaconi.

208 1126 453 1201 Synodus
471 1144 485 1183 :
502 1127 637 1185 Cum
659 1128 917 1185 diaconus
935 1128 1234 1197 ordinatur,
1259 1128 1405 1184 solus
1427 1127 1709 1200 episcopus

138 1220 225 1293 qui
258 1235 377 1276 eum
412 1220 682 1278 benedieit
718 1234 935 1279 manum
978 1236 1138 1292 super
1172 1228 1333 1291 caput
1368 1217 1485 1290 ejus
1520 1226 1707 1290 ponat,

137 1311 257 1381 quia
276 1326 381 1368 non
404 1311 471 1367 ad
500 1311 994 1381 sacerdotium,sed
1021 1313 1089 1370 ad
1125 1312 1485 1371 ministerium
1519 1327 1709 1370 conse-

137 1408 312 1457 cratur
331 1401 439 1476 (Ea:
457 1419 575 1458 can.
595 1401 629 1457 4
650 1402 837 1459 consil.
861 1402 1108 1477 Carthag.
1134 1400 1234 1477 iv).

405 1491 537 1549 CAP.
568 1508 666 1549 vn.
681 1493 842 1548 —De
866 1494 1187 1565 subjectione
1209 1484 1464 1551 diaconia

201 1581 449 1656 Synodus
471 1599 486 1639 :
511 1597 537 1626 ει
575 1584 796 1641 Diaconi
834 1585 906 1641 ita
948 1601 1007 1642 se
1042 1587 1340 1660 presbyteri
1378 1586 1707 1655 ministrum,

133 1682 188 1730 ut
211 1675 447 1747 episcopi
469 1677 812 1748 presbyteros
836 1677 1120 1733 honorent.

166 1767 288 1823 Car.
318 1767 611 1824 vm.—De
637 1768 1001 1823 distributione
1022 1768 1351 1825 eucharistia:
1374 1786 1406 1825 a
1428 1769 1669 1825 diacono.

198 1860 449 1933 Synodus
474 1881 486 1917 :
515 1860 781 1919 Diaconos
808 1870 1098 1932 przestante
1125 1863 1442 1936 presbytero
1470 1863 1725 1921 euchari-.

133 1949 284 2005 stiam
311 1952 532 2024 populo,
561 1952 608 2007 si
630 1954 924 2008 necessitas
954 1953 1096 2024 cogit
1118 1963 1322 2024 eroget.

132 2039 252 2096 CAP.
272 2057 351 2097 ιιι.
369 2042 530 2098 —De
547 2042 916 2114 pradicatione
937 2043 1147 2099 diaconi
1171 2060 1347 2099 coram
1373 2030 1705 2117 presbyteris.

195 2130 451 2202 Synodus
480 2146 497 2186 :
528 2131 796 2188 Diaconus
830 2132 884 2187 in
932 2142 1223 2204 conspectu
1267 2135 1708 2208 presbyterorum

130 2217 490 2294 interrogatus
524 2221 787 2291 loquatur.

329 2310 463 2368 CAP.
491 2328 611 2369 xm.
630 2312 788 2368 --De
812 2312 1143 2370 ordinatione
1168 2316 1497 2373 subdiaconi.

194 2403 446 2475 Synodus
468 2420 483 2459 :
508 2404 879 2463 Subdiaconus
919 2422 1043 2463 cum
1082 2408 1393 2477 ordinatur,
1435 2411 1560 2482 quia
1598 2425 1711 2479 ma-

123 2512 222 2554 nus
241 2498 643 2569 impositionem
666 2513 772 2554 non
795 2499 1009 2571 accipit,
1033 2508 1282 2572 patenum
1306 2502 1372 2557 de
1408 2515 1571 2558 manu
1596 2500 1712 2574 epi-

123 2590 265 2661 seOpi
290 2590 527 2663 accipiat
567 2607 791 2647 vacuam
822 2599 876 2648 et
899 2592 1124 2649 calicem
1149 2609 1407 2661 vacuum;
1436 2595 1503 2651 de
1544 2610 1709 2651 manu

123 2698 245 2740 vero
267 2684 638 2741 archidiaconi
661 2685 889 2757 accipiat
914 2686 1187 2743 urceolum
1208 2703 1333 2742 eum
1369 2684 1709 2759 aqua-maui-

121 2773 187 2841 le,
228 2776 282 2831 id
324 2783 438 2843 est,
482 2776 743 2849 scyphum
788 2793 913 2833 cum
957 2793 1120 2848 aqua,
1171 2785 1225 2834 et
1267 2796 1426 2834 manu
1474 2774 1707 2852 tergium

122 2865 253 2939 (Lib.
295 2865 548 2923 Sacram.
585 2867 648 2924 S.
689 2867 906 2940 Gregor.
944 2869 1009 2924 ab
1053 2867 1199 2941 Hug'.
1251 2866 1495 2927 Menard.
1539 2870 1703 2940 edit.',

119 2975 234 3032 ρας-
261 2959 416 3035 234)-
732 3042 739 3047 ,
902 3044 905 3047 μ
1048 3050 1053 3051 ν

686 3052 782 3110 EX
809 3052 1013 3112 LIBRO
1044 3053 1132 3111 XI.

508 3158 576 3202 ns
606 3162 962 3205 PECCAN'I‘IBUS
989 3165 1083 3205 sus
1108 3163 1303 3205 easne.
1327 3134 1335 3143 κ

94 3300 99 3309 1
182 3230 309 3291 CAP.
340 3235 607 3293 n1.—De
624 3237 865 3293 consultu
881 3238 1068 3309 synodi
1085 3238 1151 3294 de
1169 3238 1331 3323 lopas
1356 3240 1627 3313 gradibu.

902 452 921 510 Δ
1018 452 1348 527 ῈΑΝΟΝΕΞ
1387 448 1672 524 suum
1708 446 1802 525 EX
1837 454 2144 541 ANTIQUA
2181 445 2516 525 coLLEc'r.

1736 1930 1788 1998 Β

3137 543 3157 551 ,
3262 462 3400 531 nso

2125 576 2254 634 Car.
2293 572 2575 633 x1v.——De
2601 574 2845 632 solvendo
2865 572 3094 650 jejunio.

1886 669 2135 742 Synodus
2167 670 2298 725 dicit
2324 687 2335 723 :
2362 669 2729 735 Humanitatis
2762 686 2925 727 causa
2960 673 3155 730 melius
3186 685 3270 733 est
3305 679 3401 735 ad-
3468 752 3473 755 μ

1786 764 2150 820 'venientibus
2178 761 2457 829 fratribus,
2491 761 2794 818 dilectionis
2822 760 3017 821 offerre
3046 766 3325 835 virtutem,
3349 778 3404 826 et

1813 854 2151 910 abstinentia:
2174 853 2568 909 districtionem
2603 863 2659 910 et
2695 855 2993 925 quotidiani
3033 861 3293 929 propositi
3335 862 3405 917 ri-

1812 959 1995 1017 gorem
2018 945 2310 1001 dissolvere
2334 960 2349 999 :
2373 946 2572 1002 etenim
2599 953 2727 1004 tunc
2752 946 2981 1006 Domino
3015 960 3228 1024 gratum
3261 953 3404 1025 jeju-

1811 1038 1962 1095 nium
2001 1048 2113 1107 est,
2155 1056 2277 1096 cum
2318 1040 2421 1097 hoc
2460 1039 2725 1099 fructibus
2761 1044 3043 1104 charitatis
3080 1045 3244 1105 fuerit
3281 1064 3407 1105 eon-

1812 1140 2105 1202 sumptum.

1883 1222 2083 1279 Eadem
2106 1223 2237 1279 dicit
2264 1243 2276 1278 :
2316 1224 2392 1280 De
2420 1226 2749 1284 abstinentia
2774 1228 3048 1287 insolubili
3078 1247 3110 1287 a
3137 1232 3274 1288 cibis
3299 1242 3404 1290 sta-

1811 1322 1969 1369 tuunt
1992 1313 2245 1382 Romani,
2290 1323 2351 1370 ut
2368 1315 2571 1374 Christi
2602 1319 2866 1377 adventus
2892 1322 3075 1392 sponsi
3102 1322 3278 1379 nullas
3302 1340 3403 1380 nc-

1811 1407 1913 1464 stri
1947 1419 1969 1447 ο
1998 1405 2186 1477 jejunii
2218 1406 2363 1480 leges
2392 1408 2648 1467 inveniat.
2683 1410 2825 1479 Quid
2852 1422 2935 1469 est
2971 1414 3115 1471 inter
3140 1414 3403 1471 Christia-

1814 1513 1941 1553 num
1966 1506 2020 1553 et
2054 1492 2411 1555 Novatianum
2438 1500 2502 1555 ’ἲ
2550 1500 2656 1557 nisi
2686 1503 2814 1574 quia
2848 1496 3178 1561 Novatianus
3208 1507 3225 1525 ⁶
3256 1506 3404 1564 inde-

1809 1592 2053 1647 sinenter
2094 1591 2363 1649 abstineat
2385 1635 2400 1661 ,
2449 1593 2796 1654 Christianus
2843 1613 2975 1655 vero
3021 1614 3119 1669 per
3160 1606 3402 1672 tempora

1803 1678 2034 1751 jejunat,
2081 1690 2142 1738 ut
2164 1681 2333 1753 locus,
2380 1692 2435 1741 et
2464 1691 2694 1758 tempus,
2741 1678 2795 1744 et
2821 1703 3053 1760 persona
3091 1705 3189 1762 per
3220 1691 3401 1749 omnia

1810 1770 2150 1829 observetur.

2366 1843 2462 1900 EX
2485 1844 2693 1903 LIBBO
2714 1845 2852 1903 XIII.

2256 1972 2340 2012 ne
2398 1952 2943 2017 E'Lseuosvua.

1878 2065 2008 2123 CAP.
2035 2082 2133 2123 vn.
2157 2097 2232 2110 --
2258 2067 2337 2124 De
2362 2068 2704 2143 eleemosyna,
2737 2070 2801 2127 de
2826 2070 2969 2143 furto
2991 2081 3083 2129 aut
3119 2075 3327 2145 rapina.

1880 2156 2129 2228 Synodus
2154 2175 2166 2211 :
2202 2158 2565 2231 Eleemosynac
2590 2176 2620 2215 a
2660 2162 2845 2232 apoliis
2867 2170 2962 2217 aut
2984 2177 3018 2217 a
3044 2164 3221 2234 pretio
3247 2178 3398 2220 men-

1798 2232 1946 2304 ’dacii
1973 2262 2080 2303 non
2109 2255 2219 2303 tam
2244 2258 2472 2319 prosunt
2499 2267 2662 2321 quam
2686 2252 2733 2308 si
2763 2268 2873 2308 non
2905 2232 3125 2321 essent;
3154 2255 3248 2311 sed
3269 2263 3396 2312 tunc

1807 2340 2000 2398 melius
2044 2349 2129 2397 est
2158 2342 2274 2398 dari
2299 2358 2461 2414 quam
2508 2344 2651 2400 inter
2680 2346 2902 2417 propria
2941 2346 3028 2403 bis
3073 2347 3155 2403 uti
3176 2386 3191 2416 ,
3241 2361 3310 2405 ne
3341 2354 3399 2404 et

1792 2433 2024 2505 ,propria
2060 2434 2269 2491 illicita.

2355 2525 2450 2582 EX
2476 2527 2682 2587 LIBRO
2722 2529 2841 2587 XV.

2273 2655 2339 2697 DE
2367 2656 2505 2698 CUllA
2534 2658 2636 2701 PRO
2661 2660 2917 2703 ιιοιιτῠιε.

1969 2752 2098 2809 ΟΜ».
2120 2760 2191 2810 Διι.
2221 2786 2293 2796 -
2319 2755 2398 2811 De
2417 2757 2499 2811 his
2519 2774 2614 2829 pro
2638 2759 2825 2831 quibus
2854 2761 3036 2831 offerri
3064 2761 3232 2816 debet.

1878 2840 2126 2931 Synodus
2166 2846 2282 2901 ait:
2323 2845 2564 2914 Quatuor
2607 2850 2781 2906 modis
2822 2849 2979 2907 oﬂ'ert
3012 2851 3254 2909 Ecclesia
3297 2864 3399 2922 pro

1791 2938 2091 2995 ’animabtm
2129 2937 2528 3009 defunctorum.
2572 2940 2679 2999 Pro
2706 2941 2863 2998 valde
2892 2942 3052 3001 bonis
3098 2944 3397 3017 gratiarum

1794 3029 2046 3086 actiones
2083 3040 2237 3097 sunt,
2294 3031 2349 3086 in
2399 3032 2595 3103 quibus
2630 3033 2765 3089 nihil
2807 3034 3006 3091 oblatio
3055 3034 3219 3091 habet
3253 3034 3397 3105 quod

1804 3122 2017 3180 deleat:
2048 3136 2149 3196 pro
2174 3122 2328 3180 valde
2352 3124 2528 3191 malis,
2564 3125 2959 3183 consolationes
2987 3126 3266 3182 vivorum:
3296 3142 3396 3198 pro

1805 3230 1915 3272 non
1951 3214 2105 3271 valde
2146 3215 2305 3272 bonis
2346 3223 2405 3270 ut
2461 3215 2618 3287 plena
2666 3216 2913 3272 remissio
2963 3216 3101 3273 ﬁat:
3149 3232 3251 3289 pro
3286 3232 3395 3274 non

184 3324 443 3400 Synodus
482 3326 833 3387 Hibernensis
861 3295 1134 3385 de'crevit:
1162 3330 1192 3371 ι)
1216 3295 1294 3386 ’Ut
1320 3295 1385 3386 ir;
1397 3295 1708 3403 peregrina-

1812 3307 1962 3364 valde
1986 3306 2143 3365 malis
2181 3315 2242 3362 ut
2272 3306 2602 3363 telerabilior
2628 3306 2723 3363 ﬁat
2750 3308 3023 3365 damnatio
3049 3308 3174 3365 ista.

117 3414 315 3475 tionem
340 3419 599 3487 exierint,
621 3429 677 3477 et
706 3420 783 3476 ibi
810 3420 1123 3481 ministrare
1147 3421 1249 3477 sub
1276 3437 1442 3493 manu
1469 3408 1700 3483 abbatis.

114 3505 419 3568 ilumanius
474 3526 603 3568 vero
646 3508 1008 3577 Hibernenses
1060 3514 1483 3584 interpretantur
1542 3532 1704 3575 eausa

114 3599 408 3670 paucitatis
448 3602 809 3668 sacerdotum,
852 3609 913 3657 ut
944 3610 1065 3677 post
1098 3602 1478 3677 pmnitentiam
1515 3622 1704 3666 conse-

113 3790 283 3841 strent
319 3787 425 3847 sub
460 3788 613 3860 signo
648 3789 978 3861 paenitentiae
1009 3807 1182 3863 usque
1201 3794 1271 3850 ad
1291 3801 1541 3865 mortem,
1567 3794 1701 3856 nihil

110 3893 207 3963 sua
231 3881 517 3938 voluntate
538 3879 815 3939 iacientes.

675 3975 770 4032 EX
794 3975 1000 4034 LIBRO
1025 3975 1140 4034 XII.

749 4086 814 4125 DE
842 4085 920 4126 JEJ
926 4086 1069 4128 W10.

282 4164 421 4221 CAP.
450 4160 676 4218 v.—De
691 4160 897 4232 jejunio
917 4160 1093 4216 inutili
1114 4161 1227 4216 sine
1247 4160 1519 4217 charitate.

175 4256 371 4314 Gildas
406 4255 523 4312 ait:
546 4254 887 4311 Abstinentia
915 4253 1276 4323 corporalium
1304 4252 1549 4309 ciborum
1579 4252 1697 4310 sine

109 4349 380 4407 eharitate
430 4347 634 4405 inutilis
672 4353 776 4402 est.
829 4345 1074 4403 Meliores
1121 4360 1251 4415 ergo
1294 4353 1417 4402 sunt
1455 4345 1548 4416 qui
1589 4360 1698 4402 non

106 4456 445 4514 magnopere
481 4436 743 4509 iejunant,
781 4452 894 4520 nec.
918 4452 1081 4508 supra
1114 4436 1332 4491 modum
1376 4451 1407 4491 a
1448 4444 1698 4491 creatura

104 4530 202 4588 Dei
225 4550 287 4589 se
310 4531 610 4598 abstinent,
639 4544 735 4585 cor
752 4528 1079 4584 intrinsecus
1113 4526 1342 4582 nitidum
1376 4541 1559 4583 coram
1593 4526 1699 4583 Do-

102 4629 256 4687 mino
288 4628 528 4687 sollicite
555 4631 850 4690 servantes,
887 4639 921 4679 a
950 4639 1058 4695 quo
1094 4622 1271 4679 sciunt
1299 4622 1504 4677 exitum
1535 4621 1693 4688 vitae;

103 4740 269 4794 quam
299 4723 385 4780 illi
407 4720 500 4793 qui
520 4734 738 4777 carnem
760 4733 869 4773 non
891 4718 1076 4781 edunt,
1101 4731 1200 4773 nec
1217 4716 1459 4786 prandiis
1484 4715 1702 4773 saecula-

99 4918 202 4978 pro
225 4907 318 4963 his
340 4904 499 4978 quasi
525 4901 831 4973 superiores
855 4900 1067 4957 caeteris
1097 4915 1155 4955 se
1188 4905 1472 4970 putantes;
1506 4898 1702 4969 quibus

100 5017 257 5059 mors
280 4997 511 5058 intravit
535 5011 632 5069 per
652 4995 918 5052 fenestras
962 4992 1212 5050 elationis
1238 4989 1472 5065 (Tom..l
1497 4988 1697 5046 Concil.

101 5094 293 5167 Angl.,
320 5108 383 5164 p.
407 5090 522 5163 55).

177 5263 204 5290 ι
246 5248 432 5321 Caput
458 5247 562 5321 hoc
588 5244 670 5321 sic
698 5238 907 5321 restitui
934 5244 1183 5321 oportere
1223 5241 1407 5321 censet
1434 5218 1703 5321 gittarius

100 5334 170 5403 ex
205 5304 355 5390 σάν-⁵
370 5319 432 5403 ¹ῖ¹
459 5314 676 5403 consul!
713 5304 1703 5403 οξνξιιεεεῐιξειῖίξ,,ευὲῐξί,ξερῗεεο.ῑῑξ

101 5391 179 5445 ita
202 5407 260 5446 se
278 5376 589 5462 presbyteri,
614 5392 670 5440 ut
695 5376 1248 5462 episcopi'miniurmn‘
1262 5376 1453 5462 nouerit
1471 5389 1704 5462 iveer

101 5391 179 5445 ita
202 5407 260 5446 se
278 5382 589 5514 presbggeri,
614 5392 670 5440 ut
905 5382 1236 5460 "ministrant
1262 5382 1453 5431 noverit
1474 5389 1702 5458 :_verum

99 5460 433 5518 emendatio
489 5382 993 5528 amns
1026 5444 1702 5528 accersitaessejidemn

100 5513 466 5588 flagitans
487 5513 607 5600 qlia:
627 5513 1210 5653 ledguntur'convenire.
1257 5516 1403 5601 Idem
1434 5513 1705 5573 Acherius

101 5610 305 5653 monet.
344 5600 412 5653 ad
448 5599 624 5653 capita
703 5611 771 5653 uo
814 5600 1059 5653 nroxrme
1099 5596 1376 5653 sequentia
1417 5585 1704 5653 legendum

99 5585 305 5660 monet
344 5600 412 5656 ad
448 5585 624 5671 capita
666 5585 771 5671 duo
814 5588 1059 5671 proxime
1099 5587 1376 5661 sequentia
1417 5585 1704 5671 legendum

98 5655 239 5730 esse
252 5655 408 5728 idem
425 5655 713 5728 concilium
731 5655 1153 5738 Carthaginense
1172 5655 1243 5738 iv,
1264 5672 1419 5729 capp.
1442 5655 1513 5715 58
1532 5655 1699 5738 et_40.

178 5745 209 5785 ι»
251 5741 526 5809 Aeberius
568 5755 693 5798 cum
734 5732 960 5811 videret
978 5736 1163 5811 locum
1197 5732 1343 5811 hunc
1387 5736 1704 5811 corruptum

101 5829 254 5880 esse,
288 5804 504 5869 restitui
528 5813 607 5869 sic
628 5823 787 5882 posse
811 5805 1074 5888 conjecit,_
1095 5812 1150 5859 ut
1184 5804 1273 5875 qui
1312 5801 1366 5857 in
1400 5801 1705 5924 peregrina-

101 5887 315 5924 κηηοηι
359 5884 580 5924 ηερφίηι
609 5923 612 5924 ν
660 5880 814 5924 θαι--
836 5877 1100 5924 --αὺὺαιις
1138 5876 1427 5924 teneamur.
1462 5869 1516 5924 Ἀ
1556 5867 1705 5924 iecu-

98 5869 316 5942 iibn’ém
359 5884 580 5939 exierint
603 5869 748 5948 εῖδει
768 5920 781 5934 .
800 5920 815 5934 .
836 5869 1100 5934 “abbatis
1138 5869 1427 5948 teneantur.
1462 5869 1516 5924 'A

99 5940 220 6031 que
245 5968 263 6010 :
288 5953 444 6013 Parti
469 5940 624 6012 alteri
651 5953 1007 6010 adversantur
1030 5944 1321 6005 concilium
1344 5940 1619 5998 Nicmnum
1649 5952 1698 5995 e.

99 4816 259 4871 ribus
286 4815 653 4880 delectantur,
675 4825 851 4881 neque
876 4808 1139 4865 vehiculis
1156 4816 1211 4862 et
1235 4807 1389 4877 equis
1408 4807 1700 4876 vehuntur,
1796 4864 1805 4871 κ

1550 5867 1706 5938 ’jecit-
1738 5920 1741 5923 ,

2362 3421 2458 3499 Ex
2484 3419 2688 3478 usae
2714 3410 2853 3478 XVI.

2277 3529 2361 3571 DE
2408 3526 2919 3573 τεετιιοιιιο.

1783 3626 1931 3688 .Car.
1960 3644 2045 3686 ιιι.
2083 3657 2156 3670 -
2185 3625 2261 3684 De
2299 3629 2382 3684 his
2422 3630 2514 3702 qui
2541 3628 2612 3702 ad
2648 3627 3001 3684 testimonium
3053 3640 3161 3684 non
3202 3624 3393 3684 admit-

113 3700 332 3748 crentur
358 3709 465 3766 per
489 3709 679 3751 manus
702 3695 1119 3767 impositionem,
1144 3706 1199 3755 et
1224 3697 1282 3755 in
1306 3698 1521 3760 silentio
1547 3700 1705 3765 mini-
1806 3774 1809 3777 Α

2357 3724 2369 3772 ι
2434 3700 2582 3756 tendi
2606 3710 2749 3756 sunt.

1871 3798 2121 3871 Synodus
2141 3798 2515 3856 Hibernensis:
2540 3798 2931 3855 Testimonium
2955 3798 3260 3870 peccatoris
3278 3806 3386 3855 non

1798 3889 2079 3962 recipitur,
2115 3889 2209 3961 qui
2246 3888 2490 3960 quotidie
2525 3902 2687 3961 super
2724 3904 2784 3946 se
2810 3889 3181 3946 testimonium
3220 3898 3390 3947 teste.

1798 3966 1929 4050 tur;
1981 3982 2028 4038 si
2072 3996 2182 4036 non
2220 3979 2522 4051 impleverit
2555 3994 2675 4050 quae
2710 3979 2767 4035 in
2802 3980 3074 4053 baptismo
3108 3980 3390 4038 confessus

1795 4080 1902 4141 est,
1932 4073 2201 4144 quomodo
2221 4066 2342 4127 aliis
2365 4071 2520 4127 testis
2542 4084 2705 4127 verus
2730 4068 3063 4127 habebitur?
3105 4070 3388 4138 Quomodo

1786 4165 2088 4225 mundialis
2106 4164 2366 4219 mundum
2393 4164 2555 4219 istum
2581 4161 2956 4218 contendentis
2978 4176 3108 4232 erga
3135 4161 3386 4216 mundia-

1797 4255 1877 4312 les
1902 4270 1989 4311 res
2022 4254 2393 4312 testimonium
2423 4252 2680 4310 credibile
2724 4252 2848 4319 erit,
2906 4250 3000 4322 qui
3026 4263 3087 4307 se
3111 4257 3386 4307 mortuum

1797 4348 2000 4407 mundo
2034 4361 2142 4402 non
2167 4344 2453 4402 eﬁeeerit?
2495 4344 2886 4401 Testimonium
2911 4342 3127 4400 femina:
3154 4354 3263 4399 non
3296 4356 3387 4397 ac-

1798 4442 2029 4514 cipitur,
2074 4440 2215 4496 sicut
2257 4438 2485 4510 apostoli
2529 4437 2897 4495 testimonium
2925 4435 3247 4494 feminarum
3276 4449 3384 4491 non

1797 4540 2125 4606 accepeth
2152 4532 2219 4588 de
2254 4531 2651 4587 resurrectione
2676 4530 2899 4587 Christi.

1801 4624 1930 4684 Car.
1970 4640 2047 4681 Iv.
2072 4654 2169 4717 p—
2215 4622 2293 4678 De
2318 4639 2379 4678 eo
2413 4620 2961 4749 :gzgpiciendw
2993 4627 3114 4677 sunt
3151 4633 3386 4691 persona:

1873 4787 2123 4861 Synodus
2151 4787 2229 4842 ait
2256 4804 2269 4842 :
2315 4783 2673 4853 Quaerendum
2696 4790 2782 4840 est
2819 4780 2974 4854 cujus
3003 4781 3076 4838 sit
3101 4794 3386 4838 conversa-

1802 4881 1964 4938 tionis
1984 4879 2031 4935 is
2055 4879 2147 4950 qui
2172 4884 2411 4942 accusat,
2440 4876 2564 4931 etis
2583 4874 2674 4945 qui
2701 4881 2987 4929 accusatur
3010 4890 3023 4927 :
3048 4873 3131 4927 vir
3152 4884 3386 4940 namque

1800 4958 2023 5031 sanctus
2054 4972 2208 5027 valde
2238 4968 2590 5026 excellentior
2612 4974 2698 5024 est
2720 4967 2911 5022 horum
2934 4962 3248 5035 iuramento
3278 4962 3387 5035 (Ea:

1802 5064 1991 5121 concil.
2023 5062 2270 5135 Carthag.
2310 5074 2384 5126 iv,
2418 5076 2533 5130 cap.
2565 5056 2678 5130 96).

1804 5218 1902 5287 l0;
1930 5215 2245 5289 Carthagin.
2271 5230 2350 5289 iv,
2376 5212 2522 5289 c._(_$8
2538 5210 2968 5289 ;__"l:oletanuin_12
2990 5202 3173 5289 caput
3185 5203 3304 5289 -i3,
3328 5210 3381 5257 et

1801 5275 1925 5348 ana.
1967 5275 2397 5359 Fortefsynodus‘
2426 5275 2894 5359 illaﬂibernensis
2917 5276 2969 5359 ta
2989 5275 3229 5359 indulget
3264 5288 3380 5359 ser:

1802 5361 1965 5429 vandi
1989 5349 2218 5441 alicujus
2240 5355 2567 5441 discriminis
2773 5349 3381 5441 nptinimntes._et

1804 5426 2030 5506 emteros
2050 5426 2143 5503 qui
2176 5427 2656 5500 promovebuntur,
2686 5431 2928 5506 statuens
3060 5426 3176 5506 post
3216 5426 3381 5506 plen}:

1803 5504 2019 5565 tentiam
2056 5493 2417 5554 Eonebcrentur
2448 5514 2539 5569 per
2568 5510 2756 5550 manus
2796 5493 3200 5563 impositionem,
3240 5493 3289 5539 et
3324 5493 3380 5538 in

1802 5572 2007 5630 silentio
2029 5572 2341 5625 ministrent.

1805 5627 1843 5687 ξ’
1873 5627 1896 5684 ἒ
1923 5627 2013 5698 Ᾱιι
2057 5641 2229 5696 nulla:
2274 5641 2482 5695 navi....
2537 5634 2842 5692 inveniant?
2892 5627 3159 5698 Aebutius
3194 5630 3385 5698 ιιισιιει

1801 5694 2234 5772 Novati-ani—loco
2258 5694 2540 5783 legendum
2577 5723 2700 5765 esse
3028 5694 3243 5783 quia

1801 5766 2083 5846 ἑὶῖιὶίιξᾶί
2108 5766 2201 5839 lib.
2232 5785 2297 5838 de
2310 5766 2559 5847 uiliores,
2739 5774 2830 5843 25,
2859 5766 3252 5857 'l‘atianossive
3272 5766 3353 5845 Eu

1802 5856 2035 5903 natiuis
2054 5855 2309 5903 carnibus
2335 5850 2481 5903 vesci
2520 5867 2628 5903 non
2676 5862 2841 5903 icere.
2882 5857 2990 5901 uno
3016 5846 3138 5897 6586
3177 5830 3353 5894 dbomi

1802 5856 2035 5915 eraticos
2054 5855 2309 5911 carnibus
2335 5850 2482 5910 vesci
2520 5846 2628 5907 non
2653 5846 2841 5912 licere,
2882 5846 2990 5901 imo
3016 5846 3138 5897 0530
3177 5846 3391 5898 abortu.

1801 5929 2007 5987 nwilee
2033 5926 2349 5984 meruisse.
