3950 6308
523 387 664 449 m1

638 506 795 573 σου».
820 530 899 574 VI.
925 543 996 556 —
1018 514 1097 573 De
1121 515 1388 572 catholicis
1419 528 1606 575 temere
1627 519 1956 576 testantibus.

586 598 842 668 Simodus
862 607 1210 671 Hibernensjs
1236 622 1250 662 :
1284 608 1342 664 Si
1373 623 1503 666 vero
1537 611 1720 667 caeteri
1748 609 1939 680 iurare
1991 612 2110 669 ausi

519 688 725 759 fuerint
761 701 905 772 quod
929 701 1200 772 ignorant,
1241 710 1296 756 et
1322 702 1466 772 quod
1508 703 1784 759 dubitatur
1832 719 1863 758 a
1902 703 2110 773 multis,

523 804 704 850 utrum
735 795 807 850 sit
828 808 1015 848 verum
1040 809 1109 847 an
1146 809 1274 861 non,
1294 804 1595 866 .sequentes
1619 812 1714 853 eos
1745 798 1837 867 qui
1873 797 2113 854 mundia-

521 887 599 944 les
629 896 752 942 sunt
783 903 796 952 ;
836 887 1133 957 pmniteant
1164 885 1432 958 jejunium
1471 902 1659 943 eorum
1689 890 1780 959 qui
1808 887 2111 959 pcrjurium

519 979 718 1050 iurant,
764 979 855 1048 qui
895 978 1169 1034 audaciter
1205 979 1416 1036 animas
1449 995 1576 1037 suas
1607 981 1660 1036 in
1702 996 1895 1036 manus
1925 993 2111 1050 repro-

489 1075 712 1128 'borum
756 1073 1114 1128 tradiderunt.

519 1164 646 1231 CAP.
680 1180 756 1218 ιιι.
782 1193 854 1205 -
880 1163 962 1218 De
994 1165 1288 1219 testimonio
1327 1164 1556 1221 timendo
1591 1165 1751 1220 etiam
1790 1183 1820 1219 a
1847 1165 2107 1236 pluribus.

491 1267 494 1270 ‘
592 1253 838 1324 Synodus
867 1271 882 1310 :
928 1255 1252 1312 Timendum
1280 1263 1366 1313 est
1403 1257 1565 1312 etiam
1598 1257 1964 1312 testimonium
1993 1257 2112 1327 plu-

517 1344 797 1410 rimorum,
837 1346 882 1402 si
922 1347 1104 1413 amici,
1145 1355 1238 1402 aut
1275 1348 1538 1414 audaces,
1587 1356 1680 1403 aut
1706 1349 1882 1418 pretio
1907 1363 2112 1418 praeve-

519 1443 753 1498 niantur.
806 1443 933 1498 Inde
968 1443 1204 1499 dicitur:
1237 1442 1463 1498 Munera
1501 1449 1765 1497 excrrcant
1805 1441 1982 1497 oculos
2025 1458 2113 1497 sa-

517 1533 749 1606 picntum
774 1549 793 1588 :
825 1533 952 1588 hinc
978 1541 1035 1588 et
1067 1540 1237 1589 testes
1265 1531 1683 1589 resurrectionis
1706 1531 1883 1603 pretio
1924 1547 2113 1588 corru-
2159 1585 2179 1595 ,

497 1613 632 1693 pti,
649 1623 847 1680 falsum
873 1623 1246 1681 testimonium
1275 1623 1549 1680 dixerunt.
1681 1685 1688 1690 ,

607 1715 737 1770 Cu».
775 1731 894 1770 xm.
925 1745 993 1755 —-
1022 1715 1099 1770 De
1129 1715 1332 1769 duobus
1359 1716 1482 1770 viris
1515 1715 2014 1772 contradicentibus.

541 1817 545 1826 ·
591 1806 882 1876 Synodus:
931 1806 1035 1874 Qui
1076 1805 1213 1861 falso
1249 1816 1508 1864 accusant
1549 1807 1746 1865 fratres
1770 1849 1786 1875 ,
1830 1824 2002 1880 usque
2041 1808 2111 1866 ad

521 1897 724 1953 exitum
750 1897 874 1953 vita:
908 1913 1016 1954 non
1041 1898 1465 1954 communicent.

1039 2009 1134 2066 EX
1172 2010 1376 2067 LIBRO
1415 2011 1578 2068 XVII.

1055 2116 1120 2156 DE
1167 2118 1296 2158 OBLA
1305 2119 1336 2158 Τ
1345 2118 1570 2159 IONIBUS.

517 2189 644 2249 CW.
674 2205 758 2246 ιιι.
804 2189 887 2264 -ξ
908 2189 987 2246 De
1015 2191 1094 2246 his
1129 2192 1295 2265 tribus
1335 2194 1508 2265 causis
1539 2194 1631 2265 qui
1671 2197 1942 2250 retrahunt
1982 2212 2112 2252 san-

1119 2263 1350 2333 ctiﬁcata
1377 2263 1506 2318 Deo.

589 2353 836 2425 Synodus
861 2368 874 2408 :
920 2351 1024 2421 Qui
1053 2354 1329 2409 subtrahit
1349 2354 1558 2412 hostias
1588 2355 1884 2414 catholicas
1908 2358 2113 2414 sancti-

516 2446 723 2512 ﬁcatas,
759 2446 1277 2502 excommunicetur.
1328 2446 1495 2502 Item:
1530 2447 1900 2522 Quodcunque
1925 2452 2110 2507 datum

516 2535 682 2592 fuerit
719 2537 774 2592 in
799 2536 1042 2594 Ecclesia
1070 2537 1189 2606 Dei,
1217 2553 1541 2612 quocunque
1555 2542 1716 2598 modo
1744 2557 1853 2598 non
1877 2543 2113 2614 patimur

516 2631 584 2686 ab
618 2630 859 2686 Ecclesia
884 2630 1129 2688 alienari.

516 2721 644 2779 CAP.
681 2737 734 2776 v.
765 2752 834 2763 ——
860 2722 938 2778 De
965 2723 1205 2803 Ecclesia
1234 2727 1517 2803 humanius
1551 2740 1736 2800 agente
1769 2745 1889 2785 cum
1918 2730 2000 2786 his
2019 2733 2111 2803 qui

1002 2797 1278 2851 retrahunt
1313 2797 1623 2854 oblationes.

587 2886 882 2957 Synodus:
937 2886 1126 2943 Omnis
1174 2888 1264 2959 qui
1317 2890 1478 2946 audet
1520 2891 1820 2951 oblationes
1848 2895 1960 2953 Deo
1987 2911 2112 2954 san-

518 2976 780 3033 ctiﬁcatas
808 2975 1044 3044 auferre,
1082 2979 1368 3037 conﬁrmet
1409 2982 1640 3040 Domino
1680 2987 1826 3057 quod
1859 2989 2108 3059 retraxit,

521 3076 614 3124 aut
637 3067 1058 3125 satisfactionem
1084 3085 1180 3141 per
1205 3073 1586 3142 paenitentiam
1609 3078 1857 3150 recipiat.

1042 3161 1136 3218 EX
1169 3163 1372 3221 LIBRO
1401 3165 1584 3223 XVIII.

1008 3268 1074 3309 DE
1105 3270 1235 3312 JURE
1260 3272 1606 3316 SEPUL'I‘URE.

525 3343 650 3402 CAP.
683 3358 743 3400 ιι.
781 3375 852 3385 -
888 3344 966 3401 De
998 3362 1056 3401 eo
1081 3348 1220 3472 quo:
1244 3349 1298 3403 in
1333 3350 1568 3475 sepulcro
1610 3363 1828 3426 paterno
1864 3359 2114 3431 sepelien-

1218 3436 1306 3474 um
1335 3438 1388 3475 88
1418 3462 1430 3475 .

1218 3436 1306 3474 um
1335 3436 1430 3476 est.

592 3509 840 3582 Synodus
863 3510 1100 3567 decrevit
1121 3529 1139 3588 :
1185 3513 1282 3568 Vir
1306 3515 1420 3571 sive
1445 3517 1641 3575 mulier
1667 3519 1724 3576 in
1763 3537 1862 3580 suo
1887 3533 2116 3595 paterno

523 3601 768 3672 sepulcro
793 3602 1104 3672 sepeliatur.
1147 3603 1355 3662 Dicitur
1373 3608 1553 3664 enim:
1595 3611 1914 3672 Maledictus
1944 3619 2116 3676 omnis

525 3692 677 3748 homo
724 3695 812 3765 qui
843 3711 949 3749 non
995 3694 1244 3765 sepelitur
1290 3699 1348 3753 in
1389 3701 1626 3773 sepulcro
1657 3715 1867 3775 patrum
1895 3725 2114 3765 suorum

526 3784 707 3856 (Deut.
740 3799 817 3849 ιιι,
844 3784 922 3855 6).

525 3878 653 3932 CAP.
685 3891 769 3931 ιιι.
797 3905 869 3917 -
886 3875 966 3931 De
987 3893 1048 3932 eo
1077 3881 1216 3962 quod
1237 3882 1384 3962 debet
1409 3885 1564 3942 homo
1581 3889 1791 3959 sepeliri
1816 3891 1873 3946 in
1895 3893 2115 3952 ecclesia

1045 3955 1129 4003 cui
1158 3955 1445 4010 monachus
1471 3966 1569 4012 est.

593 4037 840 4110 Synodus
887 4038 1115 4096 statuit:
1169 4039 1227 4096 Si
1267 4044 1390 4114 quis
1424 4045 1479 4101 in
1523 4047 1752 4108 ecclesia
1793 4053 2116 4125 conjunctus

526 4133 712 4200 fuerit,
751 4135 807 4191 in
838 4150 901 4191 ea
937 4137 1246 4207 sepelietur.

595 4227 843 4297 Synodus
885 4229 1276 4288 Ilibernensis:
1312 4231 1609 4295 Monachus
1637 4253 1759 4296 cum
1788 4241 1844 4297 in
1881 4241 1992 4297 vita
2017 4257 2114 4298 sua

524 4319 828 4377 libertatem
869 4329 1092 4393 propter
1123 4322 1424 4392 jussioncm
1452 4331 1664 4389 abbatis
1694 4349 1800 4390 non
1842 4335 2115 4404 habuerit,

452 4479 462 4488 '
525 4421 730 4483 quanto
759 4414 931 4485 magis
955 4415 1012 4470 in
1041 4420 1260 4474 morte?

525 4528 653 4584 CAP.
688 4529 930 4585 ηιμ-οε
957 4531 1224 4602 sepultura
1247 4532 1481 4614 eiusqui
1518 4555 1573 4593 se
1607 4539 1810 4597 duobus
1845 4543 2119 4600 abbatibus

802 4629 804 4632 τ
1138 4609 1430 4674 conjunxit.

596 4692 845 4764 Synodus
866 4693 1216 4752 Hibernensis
1240 4711 1254 4752 :
1283 4697 1340 4753 Si
1367 4700 1488 4769 quis
1515 4705 1975 4763 commendaverit
2001 4709 2119 4765 ani—

529 4808 676 4848 mam
703 4807 857 4847 suam
898 4801 952 4847 et
983 4807 1194 4863 corpus,
1239 4803 1294 4851 et
1340 4798 1521 4852 omnia
1549 4815 1670 4869 qua:
1699 4801 1864 4857 habet
1891 4802 2021 4867 Deo,
2063 4811 2120 4859 et

527 4883 780 4954 principi,
815 4882 869 4938 id
890 4890 972 4938 est
1003 4883 1184 4939 abbati
1214 4895 1399 4942 sancto
1438 4905 1450 4942 :
1504 4897 1558 4943 ct
1599 4889 1644 4944 si
1689 4900 1877 4962 postea
1924 4882 2120 4949 exierit

530 4975 598 5028 ‘ad
624 4973 852 5028 alterum
886 4975 1157 5043 abbatem,
1194 4986 1249 5032 et
1283 4982 1744 5038 commendaverit
1771 4983 1848 5039 illi
1877 4985 2117 5042 animam

530 5080 703 5146 suam,
735 5075 791 5120 ct
817 5068 996 5122 omnia
1037 5084 1157 5138 qua:
1180 5071 1420 5140 possidet
1444 5089 1458 5140 ;
1491 5072 1647 5143 cujus
1671 5085 1833 5132 erunt
1857 5079 1974 5134 hzec
1991 5063 2117 5135 om-

529 5155 660 5212 nia?
695 5156 890 5225 prioris
918 5160 1105 5230 utique
1127 5161 1343 5219 ‘abbatis
1370 5166 1554 5222 omnia
1583 5183 1700 5234 sua,
1734 5169 1780 5224 si
1809 5178 1992 5227 tamen
2016 5187 2116 5229 vo-

533 5256 644 5300 tum
670 5245 784 5315 ejus
809 5249 898 5304 illo
925 5253 1139 5310 vivente
1176 5271 1286 5311 non
1316 5258 1502 5314 tacuit.
1539 5258 1842 5318 Novissime
1867 5279 1996 5321 vero
2019 5265 2118 5321 ab-

529 5339 639 5394 bati
671 5339 995 5410 relinquitur
1041 5354 1096 5402 et
1122 5363 1319 5420 corpus
1347 5349 1483 5419 ejus,
1510 5361 1566 5408 et
1592 5354 1974 5412 vestimentum
1992 5397 2007 5424 ,
2057 5368 2116 5415 et

528 5447 715 5502 equus,
759 5441 812 5488 et
836 5450 1000 5490 vacca
1025 5454 1038 5492 :
1068 5437 1152 5494 vel
1174 5439 1219 5493 si
1251 5442 1384 5495 tanti
1411 5443 1629 5499 honoris
1655 5444 1837 5512 fuerit,
1861 5448 1966 5503 duo
1988 5448 2114 5518 equi

528 5539 652 5579 cum
683 5540 867 5592 curru,
900 5534 956 5581 et
979 5537 1358 5586 ornamentum
1391 5535 1473 5589 sui
1505 5534 1687 5590 lectuli
1712 5545 1767 5592 et
1791 5552 1888 5594 vas
1917 5537 1983 5593 de
2005 5554 2113 5610 quo

526 5615 776 5673 biberat:
815 5625 998 5673 tamen
1024 5620 1174 5690 prior
1217 5624 1385 5680 abbas
1423 5626 1619 5684 offerre
1651 5643 1750 5699 pro
1780 5629 1961 5686 anima
1993 5646 2117 5689 ιιιο⁴

525 5709 688 5764 nachi
714 5709 797 5772 sui
823 5709 1152 5768 discedentis
1176 5713 1244 5769 ab
1271 5729 1337 5772 eo
1360 5717 1537 5774 debet.

509 5799 542 5896 ι.
595 5801 797 5858 Eadem
838 5805 1109 5875 synodus:
1149 5804 1321 5864 Omne
1346 5823 1541 5880 corpus
1565 5811 1832 5883 sepultum
1875 5780 2122 5896 habet

1345 389 1612 450 ABEDOC
1648 389 1738 458 ΕΤ
1775 377 2284 449 ETHELVOLFUS
2314 385 2630 445 ABBATES
2667 377 2976 445 IIIBERNI.

2125 521 2186 584 Α
2206 524 2520 574 namentum
2555 517 2678 573 lecti
2706 516 2789 573 sui
2822 534 2837 571 :
2877 529 2980 572 nec
3004 512 3302 586 quidquam
3325 511 3540 569 horum
3584 513 3806 570 redditur

2132 3278 2182 3347 ο

3684 389 3800 447 1283

2211 611 2268 666 in
2294 611 2399 666 alia
2426 611 2604 668 debita
2631 629 2646 678 ;
2693 611 2818 683 quia
2847 609 3061 681 corpori
3088 607 3205 680 ejus
3234 616 3507 679 tanquam
3535 604 3803 663 vernacula

2209 702 2498 760 debentur.
2515 695 2520 700 ’

2489 796 2620 852 CAP.
2647 811 2746 852 vn.
2781 786 2853 838 -έ
2881 795 2959 850 De
2991 804 3197 849 mortuo
3235 793 3545 848 retinenda.

2282 887 2532 961 Synodus
2558 888 2748 944 eadem
2772 905 2785 941 :
2819 886 3138 956 Quicunque
3167 885 3489 940 discesserit
3519 883 3593 938 de
3621 896 3714 937 sua
3737 898 3804 938 er-

2211 977 2395 1046 clesia,
2428 978 2566 1036 et.in
2611 978 2717 1034 alia
2742 977 2973 1034 ecclesia
3001 975 3245 1047 sepultus
3288 973 3485 1038 fuerit,
3520 971 3803 1042 cujuspro-

2209 1070 2446 1140 pinquus
2479 1068 2702 1124 veniens
2730 1082 2929 1138 corpus
2953 1065 3156 1122 mortui
3184 1070 3401 1120 mutare
3431 1062 3653 1123 volens,
3686 1061 3805 1116 dabit

2210 1163 2445 1233 pretium
2467 1162 2701 1232 sepulcri
2730 1161 2968 1233 prioris;
3014 1161 3120 1216 hoc
3143 1168 3228 1214 est
3259 1172 3490 1213 vaccam
3518 1197 3537 1221 ,
3588 1163 3648 1211 et
3673 1155 3806 1209 vcsti-

2212 1261 2456 1310 mentum
2478 1253 2594 1324 ejus
2645 1269 2970 1320 commune;
3022 1259 3078 1308 et
3103 1250 3318 1322 rogabit
3353 1249 3679 1319 principem
3707 1246 3803 1312 leti,

2210 1356 2271 1403 ut
2291 1348 2573 1404 basilicam
2593 1346 2712 1417 ejus
2744 1346 2960 1403 foderit.
3009 1344 3068 1400 Si
3093 1359 3225 1400 vero
3249 1344 3448 1398 eadem
3490 1341 3703 1396 familia
3727 1339 3807 1392 mi-

2211 1440 2541 1497 serationem
2563 1439 2760 1496 animae
2780 1436 2900 1508 ejus
2925 1436 2983 1492 in
3009 1437 3097 1491 die
3116 1451 3194 1491 vn
3218 1433 3439 1497 fecerit,
3470 1432 3675 1488 reddet
3701 1430 3806 1484 ami-

2212 1548 2308 1590 cus
2339 1532 2575 1602 pretium
2597 1529 2734 1601 ejus,
2776 1537 2833 1587 et
2877 1529 3146 1586 sedatium
3177 1539 3496 1584 commune.
3552 1524 3618 1578 Si
3652 1539 3805 1579 sacer-

2212 1623 2312 1680 dos
2339 1620 2714 1694 postulaverit,
2759 1621 2840 1676 sic
2883 1619 2988 1674 erit
3026 1618 3130 1674 etsi
3166 1615 3477 1674 monachus
3521 1614 3729 1678 fuerit;
3770 1615 3804 1668 si

2212 1728 2342 1770 vero
2365 1712 2704 1783 peregrinus,
2754 1712 3139 1768 vestimentum
3176 1709 3444 1764 dimittet.
3474 1708 3533 1762 In
3560 1708 3691 1762 Vita
3717 1721 3806 1760 ιω-

2212 1807 2548 1863 nachorum:
2600 1804 2830 1872 Quidam
2861 1804 3092 1861 clericus
3118 1804 3174 1859 in
3203 1803 3387 1858 aliena
3425 1802 3668 1858 ecclesia
3710 1816 3805 1855 o-

2136 1888 2187 1954 Β
2213 1901 2362 1957 riens
2387 1899 2499 1956 illic
2521 1899 2765 1968 sepultus
2788 1907 2892 1965 est,
2923 1899 3242 1970 propinquis
3282 1913 3422 1954 vero
3468 1897 3594 1967 ejus
3637 1911 3806 1965 ειη-μω

2215 1993 2522 2065 petentibus
2561 2007 2669 2046 non
2693 1999 2779 2046 est
2822 1990 3125 2056 dimissum,
3174 1991 3270 2046 sed
3300 1989 3512 2044 obnixe
3559 1999 3804 2044 mtenunn

2213 2093 2316 2141 est.
2345 2083 2474 2140 Inde
2497 2083 2565 2139 ad
2585 2082 2780 2140 Ovium
2799 2083 3115 2154 episcopum
3135 2083 3400 2139 euntibus
3420 2082 3567 2138 dixit
3587 2101 3602 2136 :
3622 2095 3719 2138 nec
3745 2093 3806 2135 rc

2213 2178 2493 2246 tinendus,
2523 2193 2626 2235 nec
2661 2177 3016 2234 dimittendus
3041 2191 3267 2232 vacuus.

2775 2268 2868 2326 EX
2898 2267 3105 2325 LIBRO
3131 2268 3252 2324 XX.

2810 2377 2877 2417 DE
2908 2375 3218 2417 PBOVINCIA.

2213 2455 2343 2514 CAP.
2377 2469 2431 2510 ν.
2461 2485 2532 2497 -
2574 2454 2652 2511 De
2679 2455 2867 2512 alienis
2911 2456 3191 2580 pravinciis
3241 2456 3517 2511 adeundis
3559 2454 3806 2527 adjjudi.

2883 2543 2982 2580 can
3023 2542 3132 2580 um.

2883 2542 3132 2580 canaum.

2282 2619 2551 2677 Patricius
2581 2619 2695 2676 ait:
2739 2617 2800 2676 Si
2825 2619 3152 2689 quaestiones
3196 2619 3254 2674 in
3287 2609 3411 2675 'nac
3441 2619 3624 2675 insula
3652 2618 3807 2675 orian-

2213 2725 2322 2783 tur,
2351 2719 2420 2774 ad
2445 2717 2628 2772 sedem
2648 2714 2999 2787 apostolicam
3026 2712 3337 2770 referantur
3367 2713 3551 2785 (Inter
3572 2712 3807 2784 Optaret.

2213 2807 2461 2875 Patricii,
2497 2824 2616 2864 can.
2646 2807 2726 2879 6).

2760 2897 2856 2956 EX
2883 2897 3089 2956 LIBRO
3119 2896 3265 2956 XXI.

2845 2995 2911 3034 DE
2947 2995 3176 3036 JUDICIO.

2319 3070 2451 3129 CAP.
2479 3085 2579 3128 xu.
2605 3098 2677 3112 —-
2699 3070 2778 3127 De
2793 3070 3364 3197 judigilli’ustEcclesiw
3384 3073 3577 3143 quales
3604 3075 3726 3143 ﬁeri

2947 3160 2975 3197 e
3009 3160 3072 3197 en
3101 3182 3115 3196 .

2947 3160 3094 3198 ευεηι
3101 3182 3115 3196 .

2283 3236 2553 3295 Patricius
2575 3237 2653 3293 ait
2673 3235 2983 3310 (Proverbia
3008 3235 3070 3292 S.
3100 3235 3350 3304 Patricii,
3379 3239 3528 3294 inter
3550 3238 3812 3309 Optaret,

2211 3348 2267 3403 p.
2295 3329 2388 3402 49)
2414 3349 2426 3385 :
2458 3329 2576 3387 Non
2601 3326 3040 3401 oportetjudices
3059 3328 3319 3385 Ecclesiae
3336 3330 3553 3386 habere
3577 3333 3811 3387 timorem

2213 3422 2516 3490 borninum,
2557 3423 2654 3478 sed
2699 3421 2952 3478 timorem
2977 3422 3105 3489 Dei,
3150 3423 3278 3492 quia
3305 3424 3477 3478 timor
3509 3423 3610 3479 Dei
3639 3425 3812 3495 prind-

2213 3513 2358 3584 piitm
2399 3513 2670 3584 sapientiae
2704 3523 2780 3568 est
2817 3511 3000 3585 (Prov.
3027 3529 3067 3579 ι,
3093 3513 3168 3586 7).
3201 3512 3323 3569 Non
3364 3525 3598 3586 oportet
3623 3515 3814 3584 judices

2215 3606 2472 3663 Ecclesiae
2493 3606 2590 3663 Dei
2612 3607 2815 3664 habere
2843 3607 3165 3677 sapientiam
3194 3609 3387 3664 mundi
3418 3629 3431 3664 :
3465 3613 3608 3682 quia
3634 3615 3812 3681 sapien-

2216 3701 2293 3756 tia
2318 3701 2504 3757 mundi
2552 3701 2777 3756 stultitia
2820 3712 2895 3758 est
2931 3703 3071 3774 apud
3110 3703 3281 3760 Deum
3328 3705 3389 3778 (I
3421 3707 3556 3762 Cor.
3592 3726 3677 3774 ιιι,
3723 3709 3812 3778 l9},

2215 3792 2311 3848 sed
2337 3791 2660 3862 sapientiam
2689 3793 2787 3848 Dei
2828 3795 3048 3851 habere.
3098 3794 3216 3852 Non
3245 3808 3469 3868 oportet
3495 3800 3712 3870 judices
3731 3802 3813 3857 Ec-

2216 3885 2396 3940 clesiae
2413 3900 2639 3941 munera
2668 3887 2963 3957 suscipere,
2987 3888 3114 3959 quia
3137 3906 3363 3946 munera
3395 3906 3679 3949 επωεαιιι
3709 3910 3812 3949 ιιι-ιι-

2216 3974 2295 4030 los
2321 3976 2634 4047 sapientium
2674 3986 2722 4031 et
2747 3986 2953 4033 mutant
2982 3979 3132 4034 verba
3169 3981 3448 4051 justorum
3479 3984 3687 4054 (Deut.
3714 4001 3809 4049 nx,

2215 4066 2296 4141 6).
2323 4068 2441 4124 Non
2464 4077 2678 4139 oportet
2700 4068 2910 4139 judices
2937 4071 3192 4130 Ecclesiae
3221 4075 3430 4132 habere
3450 4093 3745 4146 personam
3768 4082 3812 4133 in

2213 4158 2436 4230 judicio,
2468 4160 2594 4231 quia
2621 4177 2723 4216 non
2749 4171 2824 4217 est
2851 4165 3079 4235 acceptio
3105 4182 3454 4236 personarum
3483 4172 3640 4240 apud
3665 4170 3814 4225 Dm

2219 4251 2435 4324 (Ephes.
2464 4270 2539 4321 vt,
2576 4253 2653 4325 9).
2697 4254 2816 4311 Non
2855 4266 3067 4328 Oportet
3095 4256 3310 4328 judices
3347 4259 3629 4319 Ecclesia:
3657 4275 3812 4321 caute-

2221 4343 2332 4399 lam
2375 4345 2691 4401 saecularem
2728 4347 2931 4403 habere
2954 4389 2970 4416 ,
3015 4351 3110 4406 sed
3152 4352 3402 4423 exempla
3436 4356 3654 4425 divina,
3699 4375 3814 4430 quo-

2220 4434 2366 4490 niam
2391 4451 2495 4488 non
2521 4445 2719 4506 oportet
2737 4453 2937 4492 servum
2951 4438 3050 4495 Dei
3073 4451 3283 4496 cautum
3304 4460 3438 4513 esse,
3471 4450 3557 4502 uel
3572 4460 3812 4506 astutus.

2221 4526 2340 4583 Non
2364 4537 2579 4599 oportet
2604 4527 2820 4586 Judices
2844 4531 3101 4591 Ecclesiae
3133 4545 3241 4591 tam
3276 4537 3497 4596 veloces
3523 4557 3655 4600 esse
3677 4545 3728 4599 in
3741 4545 3813 4613 jn-

2223 4617 2384 4686 dicio,
2411 4621 2582 4676 donec
2602 4621 2775 4676 sciant
2803 4626 2946 4693 quod
2967 4626 3195 4695 probum
3227 4629 3360 4698 ﬁat;
3399 4635 3532 4703 quia
3565 4638 3812 4709 scriptu:

2225 4721 2346 4767 est:
2383 4712 2509 4767 Noli
2529 4713 2699 4784 judex
2728 4732 2836 4771 esse
2865 4719 2967 4773 cito
3001 4719 3191 4790 (Eccli.
3223 4739 3322 4791 vn,
3353 4724 3433 4799 6).
3460 4727 3588 4785 Non
3619 4745 3811 4804 operte:

2224 4804 2440 4863 Judiees
2468 4806 2720 4864 Ecclesiae
2747 4811 3009 4895 volubiles
3035 4828 3175 4871 esse.
3221 4815 3340 4874 Non
3365 4831 3593 4890 oportet
3614 4824 3811 4895 judices

2226 4899 2482 4958 Ecclesiae
2507 4902 2847 4959 mendacium
2890 4892 3102 4975 dicere,
3153 4909 3281 4980 quia
3324 4926 3594 4983 magnum
3616 4892 3810 4974 crimen

2224 5004 2310 5052 est
2348 4995 2646 5065 mendacii;
2700 4997 2795 5054 sed
2834 5008 3047 5070 oportet
3073 4985 3286 5072 judices
3309 5005 3574 5065 Ecclesia:
3616 5022 3808 5068 rectum

2218 5085 2482 5157 judicium
2507 5087 2791 5158 judicare:
2835 5093 2964 5164 quia
2992 5094 3049 5150 in
3092 5111 3412 5170 quocunque
3442 5100 3661 5174 judicio
3683 5105 3809 5176 judi-

2223 5183 2486 5250 caverint,
2519 5182 2852 5254 iudicabitur
2877 5189 2944 5245 de
2967 5190 3068 5248 eis.

2221 5272 2352 5330 CAP.
2381 5289 2528 5333 xxv1.
2557 5305 2627 5316 —
2649 5277 2956 5360 Dejudicio
2987 5283 3317 5362 clericorurn,
3347 5296 3530 5343 utrum
3550 5289 3653 5357 fiat
3684 5291 3809 5362 αρεδ

2661 5355 2867 5419 iniquos
2881 5363 2990 5408 .aut
3013 5355 3154 5424 apud
3176 5356 3380 5426 ﬁdeles.

2292 5440 2560 5499 Patricius
2591 5443 2670 5498 ait
2694 5441 2864 5514 (Inter
2897 5445 3090 5516 Opusc.
3118 5446 3363 5519 Patricii,
3396 5470 3521 5509 can.
3560 5455 3659 5528 i):
3696 5456 3809 5513 Om-

2220 5532 2308 5589 nis
2335 5535 2622 5591 mundialis
2647 5536 2882 5606 sapiens,
2912 5537 2959 5594 si
3002 5541 3216 5611 sapiens
3242 5544 3332 5611 sit,
3364 5560 3470 5602 non
3491 5546 3704 5616 judicet
3733 5551 3806 5619 ju-

2221 5627 2364 5684 dicia
2388 5628 2660 5686 Ecclesiae.

2294 5721 2543 5794 Synodus
2589 5723 2766 5783 dicit:
2807 5726 3049 5787 Clericus
3093 5733 3187 5803 qui
3227 5747 3444 5791 causam
3495 5752 3653 5794 suam
3699 5741 3806 5796 sive

2218 5814 2421 5886 justam
2458 5817 2571 5874 sive
2595 5816 2852 5889 injustam
2881 5824 2948 5878 ad
2982 5822 3245 5894 judicium
3275 5829 3497 5888 alterius
3517 5831 3643 5890 ﬁdei
3666 5833 3804 5906 judia

515 5885 644 5970 jure
663 5907 760 5951 suo
784 5911 1022 5967 vaccam,
1072 5908 1127 5956 ct
1153 5916 1372 5970 equum,
1405 5910 1461 5956 et
1487 5903 1889 5975 vestimentum,
1927 5917 1984 5970 et
2021 5893 2307 6008 oréﬁcis
2327 5919 2607 5986 provocat,
2636 5885 3152 5984 excommunicetur.
