3950 6308
193 338 321 394 F293

1042 337 1368 395 CANONES
1405 338 1690 396 SELECTI
1724 337 1816 395 EX
1851 337 2155 409 ANTIQUA
2192 342 2527 398 COLLECT.

3282 345 3422 407 1294

188 458 282 506 bus
298 456 565 521 exspectet
589 448 825 514 debitor;
849 449 1083 505 secunda
1107 452 1224 507 vice
1242 452 1313 506 20
1335 452 1552 515 diebus;
1582 450 1741 505 tertia
1771 450 1817 509 Α
1844 447 1971 504 Car.
1998 466 2194 508 vul.——
2220 454 2295 509 De
2321 472 2381 510 eo
2407 456 2546 540 quod
2573 457 2905 540 obserng
2933 474 3054 519 sunt
3078 464 3214 539 leges
3228 469 3421 540 jubilei

186 543 293 600 vice
320 541 387 597 50
420 541 638 605 diebus;
680 548 870 609 quarta
900 541 1015 596 vite
1052 541 1122 595 40
1166 542 1374 597 diebus.
1407 543 1595 598 Postea
1630 541 1747 595 sine

183 630 510 705 reputatione
539 629 726 684 reddat
745 628 1003 684 debitum.

248 721 373 776 ltem
408 719 496 773 alii
533 719 692 773 aliter
724 718 909 773 dicunt
939 738 951 772 :
978 727 1040 774 ut
1076 720 1121 774 si
1151 736 1248 790 pro
1271 721 1411 784 vivo,
1436 718 1609 788 prima
1634 717 1749 771 vice

181 813 246 866 ω
279 812 465 867 diebus
491 818 797 881 exspectet;
845 812 1076 867 secunda
1118 813 1236 866 vice
1275 811 1329 865 5.
1379 811 1437 865 Si
1481 824 1610 864 vero
1648 824 1747 878 pro

178 910 402 967 mortuo,
427 902 496 958 50
523 903 732 958 diebus.
1644 898 1654 911 “

173 994 299 1047 tlte.
327 1008 379 1046 v.
394 1022 467 1033 --
486 992 561 1047 De
578 993 731 1048 modo
751 1010 852 1064 quo
873 995 1047 1049 reddet
1069 995 1278 1049 debitor
1300 1010 1323 1036 ει
1345 995 1568 1049 salutem
1594 1006 1741 1051 ratae.

242 1080 297 1137 In
348 1081 659 1137 deﬁnitione
716 1082 954 1151 ejusdem
1001 1085 1233 1155 synodi,
1288 1086 1499 1141 debitor
1556 1086 1746 1140 reddat

172 1181 428 1240 quantum
454 1182 570 1227 rata
606 1173 766 1228 solvit
796 1184 850 1228 et
878 1183 1138 1244 quantum
1174 1175 1430 1245 fatigatus
1467 1176 1661 1243 fuerit;
1697 1178 1743 1232 si

170 1275 298 1318 vero
333 1262 599 1318 humanus
625 1263 804 1329 fuerit,
836 1273 967 1320 rata:
993 1281 1101 1320 non
1124 1256 1329 1335 quaaret
1365 1282 1605 1330 usuram,
1633 1266 1738 1321 nisi

166 1352 310 1425 quod
340 1360 546 1408 tantum
587 1354 764 1418 solvit,
796 1363 852 1410 et
876 1364 1137 1425 quantum
1175 1355 1428 1427 fatigatus
1468 1355 1660 1423 fuerit;
1696 1357 1742 1411 si

167 1459 296 1500 vero
334 1445 660 1499 inhumanus
688 1444 868 1509 fuerit,
904 1461 1011 1501 uno
1039 1461 1181 1502 anno
1218 1455 1426 1502 crescet
1471 1462 1659 1511 usura,
1687 1457 1743 1502 et

162 1550 322 1590 omne
351 1536 592 1591 debitum
626 1537 837 1603 reddat,
878 1547 934 1593 et
961 1539 1201 1608 quintam
1239 1547 1444 1608 partem
1483 1540 1648 1595 debiti
1689 1541 1742 1594 in

162 1642 308 1681 omni
336 1641 540 1683 mense.

2408 528 2564 579 etiam
2594 528 2650 582 in
2675 540 2694 567 ο
2718 529 2888 586 Novo.

1922 612 2169 680 Synodus
2198 616 2309 668 ait:
2346 617 2420 671 De
2450 620 2750 688 vendentis,
2785 627 3017 683 assuetis
3044 628 3203 693 licet,
3234 628 3421 692 verum

1849 717 2121 771 nunquam
2151 713 2465 761 veteratur:
2511 709 2864 768 observandae
2908 724 3035 771 sunt
3069 726 3247 775 tamen
3277 722 3421 794 leges

1836 786 2048 857 jubilei,
2075 792 2128 848 id
2150 802 2233 849 est
2256 797 2381 850 anni
2406 799 2854 870 quinquagesimi,
2878 813 2937 859 ut
2958 822 3065 862 non
3087 786 3421 869 aﬂlrmenlur

1722 934 1737 947 _
1846 880 2051 936 incerta
2084 891 2322 954 tempore
2354 895 2631 954 vrtcrato;
2669 898 2725 944 et
2760 890 2882 948 ideo
2914 897 3092 952 omnis
3130 902 3420 970 negotiatio

1843 973 2237 1043 subscriptione
2265 974 2579 1035 alIirmanda
2604 988 2707 1035 est.

1938 1060 2066 1116 CAP.
2096 1079 2149 1116 ιι.
2172 1095 2240 1104 -
2269 1065 2344 1119 De
2373 1067 2475 1121 hiis
2498 1085 2627 1138 quos
2658 1087 2760 1124 non
2785 1075 3047 1129 concludit
3065 1076 3319 1146 jubileus.

1917 1152 2163 1225 Synodus
2190 1156 2536 1215 Hibernensis
2559 1175 2574 1214 :
2600 1161 2735 1217 Aliis
2756 1163 2856 1218 tibi
2876 1169 3268 1238 opponentibus
3281 1169 3420 1241 jubi-

1844 1245 2004 1309 leum,
2029 1250 2378 1317 respondebis
2402 1269 2415 1304 :
2449 1251 2637 1307 Aunus
2652 1252 2890 1322 jubileus
2914 1259 2981 1315 de
3007 1262 3169 1317 rebus
3190 1263 3422 1321 venditis

1843 1343 1899 1391 et
1923 1340 2267 1395 commutatis
2306 1356 2374 1395 ex
2418 1344 2790 1401 colunredibus
2816 1350 3050 1419 propriis
3079 1353 3146 1407 ad
3174 1353 3420 1411 homines

1843 1431 2139 1488 catholicos
2172 1441 2274 1487 est.
2323 1432 2439 1489 Non
2468 1437 2535 1489 de
2562 1439 2800 1508 antiquis
2827 1443 3260 1510 commendatio;
3309 1461 3417 1502 non

1843 1519 1909 1573 de
1934 1519 2018 1574 his
2041 1536 2163 1589 qua!
2182 1537 2281 1591 per
2304 1523 2411 1578 vim
2440 1534 2605 1594 rapta:
2630 1537 2784 1595 sunt;
2824 1547 2932 1586 non
2957 1533 3021 1588 de
3044 1532 3129 1589 bis
3153 1550 3274 1604 quae
3302 1535 3418 1591 sine
3446 1567 3473 1585 ο

1840 1611 2015 1679 pretio
2034 1611 2199 1678 ﬁunt;
2230 1629 2337 1670 non
2360 1617 2424 1671 de
2445 1617 2531 1672 bis
2549 1634 2669 1688 quae
2687 1623 2991 1678 vendantur
3010 1641 3076 1679 ex
3100 1625 3287 1681 alienis
3308 1628 3417 1683 bae—

163 1718 290 1772 (ιη,
319 1734 396 1773 γι,
419 1750 491 1760 _
509 1719 588 1793 οε
620 1685 680 1777 eo
705 1721 844 1791 quod
885 1721 1075 1793 aliqua
1117 1740 1221 1793 ,οη
1261 1724 1405 1777 debet
1444 1740 1611 1778 me”
1646 1734 1739 1779 an,
1780 1792 1791 1793 ί
1843 1702 2188 1793 reditatibus;
2220 1722 2324 1762 non
2348 1708 2414 1763 de
2434 1710 2520 1765 his
2539 1685 2659 1781 qua:
2682 1713 2824 1769 inter
2840 1730 3018 1786 regem
3043 1727 3097 1773 et
3119 1717 3416 1774 Ecclesiam

427 1790 642 1844 vendere
667 1790 779 1844 sine
810 1794 939 1845 ratis
966 1790 1015 1846 et
1043 1792 1484 1864 stipulationibus.

231 1877 485 1949 Synodus
511 1880 699 1935 sancta
736 1881 974 1936 decrevit
999 1889 1059 1936 ut
1084 1882 1261 1937 omnis
1288 1884 1523 1938 venditio
1569 1883 1740 1940 tribus

157 1970 541 2034 conﬁrmetur;
575 1971 626 2025 id
652 1980 735 2026 est
762 1976 913 2037 ratis,
941 1982 996 2028 et
1024 1974 1457 2044 stipulationibus
1494 1984 1547 2030 et
1591 1978 1739 2031 testi-

159 2057 280 2123 bus,
307 2068 364 2113 et
395 2061 689 2129 scriptione
717 2061 772 2115 in
800 2078 907 2131 qua
936 2062 1089 2117 ﬁunt.

235 2149 370 2205 Car.
401 2168 499 2206 vn.
522 2183 591 2192 -—
611 2152 689 2206 De
719 2154 918 2208 ratione
937 2155 1332 2226 stipulationum
1361 2168 1409 2212 et
1429 2158 1654 2213 testium.

225 2240 487 2312 Synodus
544 2242 894 2299 llibernensis
922 2258 937 2298 :
969 2245 1027 2301 Si
1075 2261 1180 2301 una
1226 2242 1500 2317 stipulatio
1553 2247 1734 2312 fuerit,

155 2332 457 2389 sortientur
482 2332 511 2371 ι)
542 2332 779 2387 creditor
805 2342 860 2387 et
887 2334 1119 2401 debitor,
1149 2343 1204 2389 et
1232 2333 1440 2404 jurabit
1477 2336 1615 2391 alter
1646 2352 1738 2392 su-

154 2436 256 2494 per
281 2422 536 2477 alterum.
560 2420 623 2477 Si
658 2437 787 2483 vero
827 2422 962 2477 alter
989 2424 1125 2480 duos
1154 2424 1236 2479 vel
1267 2434 1379 2480 tres
1402 2441 1616 2481 menses
1643 2427 1738 2481 ha-

154 2513 357 2578 buerit,
405 2523 497 2569 aut
549 2513 795 2584 pluribus
841 2516 945 2570 erit
984 2513 1373 2584 juramentum,
1427 2524 1483 2569 et
1527 2515 1739 2571 debitor

155 2604 362 2661 reddet.
415 2604 473 2660 Si
518 2620 648 2661 vero
694 2606 1068 2676 stipulationes
1112 2608 1253 2662 inter
1294 2621 1355 2663 se
1395 2607 1734 2671 dissentiant,

154 2698 478 2763 sortientur,
500 2699 604 2753 nisi
626 2698 825 2754 fuerint
846 2708 1042 2766 testes;
1066 2709 1121 2755 et
1146 2701 1192 2755 si
1215 2702 1443 2755 mendax
1468 2701 1539 2755 sit
1560 2700 1734 2757 altera

152 2802 298 2855 pars,
349 2798 449 2843 aut
496 2788 665 2844 solvet
708 2789 967 2857 debitum,
1016 2799 1115 2845 aut
1145 2790 1429 2862 pmnitebit
1473 2800 1735 2861 quantum

152 2876 290 2932 valet
313 2878 586 2933 debitum.

415 2970 552 3026 (λιιι.
582 2988 701 3026 vtu.
723 3002 794 3011 -—
818 2971 897 3025 De
922 2972 1150 3029 debitore
1178 2974 1465 3029 resistente.

214 3064 416 3119 Eadem
465 3066 738 3135 synodus:
767 3064 956 3121 Omnis
991 3068 1203 3124 debitor
1224 3069 1318 3138 qui
1350 3069 1557 3126 resistit
1584 3072 1735 3128 testi-

1773 1792 1816 1851 B
1843 1792 2016 1847 ﬁunt:
2056 1796 2182 1863 quia
2217 1812 2312 1852 rex
2345 1800 2622 1869 proprium
2654 1802 2909 1864 Ecclesiae
2941 1816 3143 1875 quanto
3176 1817 3418 1882 tempore

1840 1898 1947 1936 non
1976 1884 2275 1952 subtrahet,
2306 1888 2380 1944 ita
2407 1890 2647 1947 Ecclesia
2669 1892 2761 1961 jus
2786 1896 2928 1965 regis
2956 1911 3061 1951 non
3092 1898 3411 1955 subtrahet:

1840 1987 1948 2026 non
1976 1975 2042 2028 de
2072 1975 2156 2030 bis
2183 1992 2304 2045 quae
2336 1978 2473 2035 ﬁunt
2506 1981 2648 2038 inter
2681 1983 2909 2052 fratres,
2950 1987 3077 2057 quia
3106 1987 3272 2043 frater
3296 1987 3413 2045 fra-

1840 2071 1978 2118 trem
2009 2063 2221 2121 fraudat
2247 2066 2419 2140 (Inter
2446 2069 2638 2141 Opuse.
2670 2074 2732 2129 S.
2767 2075 3013 2143 Patrieii,
3059 2080 3113 2132 in
3152 2079 3307 2135 Notis
3340 2081 3413 2137 ad

1839 2155 2047 2223 synod.,
2078 2173 2132 2226 p.
2162 2157 2307 2227 118).

2322 2249 2410 2306 EX
2452 2251 2656 2311 LIBRO
2694 2254 2930 2312 XXXVI.

2405 2358 2470 2397 os
2508 2360 2845 2419 patuerant).

2138 2428 2267 2483 αλιι.
2292 2446 2375 2485 ιιι.
2396 2462 2467 2472 -
2491 2432 2568 2488 De
2594 2435 2739 2491 bonis
2762 2439 3100 2511 principibus.

1909 2517 2156 2587 Synodus
2187 2521 2536 2579 Hibernensis
2565 2524 2656 2596 (In
2691 2539 2870 2583 annot.
2900 2531 2969 2584 ad
2997 2531 3128 2587 Can.
3155 2531 3409 2601 Patricii,

1835 2623 1887 2676 p.
1917 2606 2072 2677 120):
2106 2608 2326 2679 Oportet
2350 2628 2564 2670 ormnem
2590 2616 2615 2656 ἀ
2637 2619 2959 2690 principem,
2984 2632 3042 2677 ut
3072 2632 3213 2679 terra
3243 2626 3314 2680 sit
3338 2629 3410 2681 ad

1836 2698 2231 2764 sustinendum,
2253 2703 2583 2770 gubernator
2601 2708 2672 2760 sit
2698 2710 2765 2763 ad
2792 2712 3188 2781 corrigendum,
3209 2717 3413 2773 ancho-

1836 2804 1895 2841 ra
1921 2789 1991 2841 sit
2014 2791 2079 2844 ad
2100 2795 2528 2861 sustentandum,
2555 2799 2778 2855 malleus
2798 2803 2868 2856 sit
2889 2805 2953 2859 ad
2974 2807 3402 2873 percutiendum,

1834 2877 2044 2950 forceps
2067 2882 2136 2935 sit
2154 2883 2223 2937 ad
2246 2886 2552 2952 tenendmu,
2574 2890 2654 2943 sol
2676 2890 2746 2945 sit
2767 2893 2832 2946 ad
2858 2893 3287 2961 illuminandum,
3314 2913 3404 2953 ros

1834 2972 1904 3024 sit
1932 2972 1998 3025 ad
2028 2973 2491 3031 madefaciendum
2516 3018 2531 3044 ,
2576 2981 2898 3055 pugillarius
2926 2985 2992 3040 ad
3020 2988 3361 3045 scribendum
3384 3030 3402 3055 ,

1834 3060 1971 3116 liber
1999 3063 2069 3117 sit
2106 3065 2173 3119 ad
2211 3064 2523 3135 legendum,
2564 3073 2836 3141 speculum
2867 3076 2935 3130 sit
2970 3080 3037 3133 ad
3066 3083 3401 3150 conspicien-

144 3157 273 3221 ιιυε,
320 3166 377 3211 ei
424 3133 896 3226 sulpumionibus,
937 3159 1205 3229 ejiciatur,
1233 3133 1405 3218 ξιοηεο
1433 3166 1731 3222 secundum
1761 3133 1811 3201 (ἶ
1838 3153 1984 3216 dum,
2015 3162 2191 3209 terror
2217 3155 2286 3209 sit
2313 3156 2379 3211 ad
2408 3161 2735 3225 tenendum,
2770 3163 2947 3235 imago
2981 3168 3051 3221 sit
3076 3168 3130 3222 in
3156 3133 3408 3230 omnibus

141 3245 353 3316 iudices
380 3249 670 3319 paeniteat.

212 3338 495 3395 Patricius
519 3340 652 3395 dicit
676 3358 688 3393 :
720 3339 855 3395 Nam
886 3357 934 3396 sl
963 3344 1133 3399 annis
1153 3346 1618 3415 compugnaverit,
1644 3362 1736 3401 ex-

143 3436 226 3484 tra
250 3430 564 3486 Ecclesiam
590 3430 858 3500 ejiciatur.

642 3542 733 3596 EX
770 3542 974 3599 LIBRO
1010 3544 1250 3600 XXXIV.

734 3650 800 3688 DE
824 3650 1154 3691 JURAIENTO.

423 3723 564 3779 CAP.
588 3740 644 3778 γ.
664 3755 736 3765 ——
760 3724 838 3780 De
857 3728 1159 3795 juramento
1187 3729 1449 3785 solvendo.

209 3813 512 3887 Syaodus:
549 3816 800 3871 Deﬁnitio
826 3818 1042 3874 incauta
1072 3820 1355 3888 solvenda,
1400 3839 1501 3880 nec
1528 3841 1732 3896 praeva-

139 3905 335 3963 ricatio
379 3907 486 3964 sed
531 3908 851 3964 temeritatis
890 3912 1214 3966 emendatio.
1260 3913 1317 3968 In
1343 3913 1549 3985 Regum
1594 3916 1730 3972 libro

139 3996 270 4053 Saul
291 3998 514 4067 iuravit
540 3997 807 4053 Jonathan
833 4000 1080 4057 occidere
1105 4017 1204 4057 nec
1233 4004 1445 4059 occisus
1472 4013 1585 4071 est;
1631 4024 1729 4062 nec

138 4087 193 4143 in
239 4090 345 4145 hoc
382 4089 703 4158 iuramento
732 4091 1008 4159 culpatur,
1054 4093 1180 4161 quia
1218 4091 1373 4161 juxta
1399 4096 1727 4151 voluntatem

136 4192 291 4233 suam
322 4196 439 4235 non
475 4180 569 4234 Dei
598 4178 928 4235 voluntatem
951 4180 1174 4250 juravit.

206 4267 478 4340 Synodus
504 4269 889 4326 Hibemensis:
921 4269 1293 4328 Juramentum
1333 4274 1427 4328 ﬁlii
1472 4284 1565 4330 aut
1606 4276 1728 4331 tiliae

135 4361 422 4414 nesciente
458 4368 630 4429 patre,
653 4358 1018 4427 juramentum
1048 4363 1297 4418 monachi
1329 4365 1604 4420 nesciente
1634 4368 1727 4419 ab-

135 4445 277 4511 bate,
304 4447 688 4518 juramentum
714 4449 887 4519 pueri,
919 4450 1072 4504 irrita
1098 4460 1243 4505 sunt.

652 4580 746 4636 EX
786 4580 984 4637 LlBRO
1020 4581 1234 4637 XXXV.

774 4708 841 4750 DE
876 4711 1114 4752 JUBILEO.

133 4805 269 4866 CAP.
300 4825 411 4866 vn.
445 4840 521 4851 —
565 4809 642 4863 De
678 4788 903 4933 templis;
931 4826 1031 4880 quo
1061 4811 1289 4881 neglecta
1317 4812 1512 4866 cadunt
1545 4814 1601 4867 in
1631 4814 1726 4884 jus

790 4896 824 4932 a
883 4896 1081 4933 ianum.

790 4896 1081 4950 antiquum.

202 4989 475 5061 Synodus
503 4989 852 5044 Hibernensis
876 5004 891 5043 :
923 4989 1192 5060 Quidquid
1225 5006 1321 5062 per
1345 4993 1415 5047 50
1442 5009 1611 5050 annos
1641 5013 1727 5053 re-

131 5082 445 5144 manserit,
493 5080 596 5134 hoc
633 5087 717 5133 est
758 5094 957 5133 annum
987 5078 1280 5150 jubileum,
1328 5082 1382 5136 in
1415 5084 1575 5139 unius
1603 5085 1727 5155 jure

132 5170 580 5243 transgrediens,
610 5170 727 5224 sine
754 5170 1199 5235 murmuratione,
1237 5181 1330 5225 aut
1359 5176 1726 5230 excommuni-

129 5264 357 5319 catione
385 5261 445 5316 in
473 5267 732 5331 perpetuo
756 5275 864 5315 non
892 5268 1209 5315 revertetur.

201 5407 232 5437 ι
273 5389 796 5473 Acberipgconjicit
818 5389 922 5460 legi
950 5399 1202 5460 oportere
1219 5391 1550 5449 solutionem.

204 5544 230 5575 ε
424 5460 790 5604 ῗὲςῇἒιιῗιιοιιιρ.
820 5528 1014 5604 Statim
1035 5530 1124 5585 ubi
1143 5530 1210 5604 de
1228 5532 1487 5604 vendentis
1509 5534 1725 5604 legitur,

130 5603 415 5662 Acherius
444 5600 687 5673 vult_legi
716 5601 780 5653 de
805 5600 1053 5664 venditis;
1083 5601 1214 5655 mihi
1241 5602 1453 5657 videtur
1474 5600 1726 5673 quiddam

129 5675 365 5731 alterius
392 5670 616 5739 generis
641 5670 826 5723 latere.

200 5746 232 5785 δ
262 5744 324 5799 Si
366 5740 594 5802 quidem
628 5739 858 5794 Aeherio
885 5740 1073 5794 credas
1094 5780 1110 5804 ,
1145 5741 1253 5813 .hic
1296 5742 1596 5800 addendum
1645 5755 1728 5801 est

1757 4472 1811 4533 Β

1832 3242 2008 3307 bonis,
2038 3253 2095 3297 ut
2121 3244 2194 3299 sit
2215 3248 2393 3301 omnia
2420 3249 2477 3302 in
2503 3252 2741 3307 omnibus
2768 3253 2990 3326 (Coloss.
3020 3274 3103 3322 ut,
3134 3260 3245 3331 ll).

1832 3335 1961 3392 Car.
1989 3352 2044 3391 v.
2070 3367 2143 3379 —
2184 3338 2262 3394 De
2301 3356 2362 3394 eo
2398 3342 2537 3412 quod
2576 3345 2833 3427 principes
2864 3365 2969 3403 non
2997 3351 3245 3421 culpandi
3279 3367 3401 3409 sunt

2397 3428 2557 3481 parvo
2583 3430 2816 3471 εηηιιιιε.

1901 3496 2121 3553 Gildas:
2156 3498 2376 3555 eAaron
2412 3501 2466 3555 in
2502 3502 2766 3572 culpando
2800 3506 2982 3578 Moyse
3013 3520 3233 3580 propter
3265 3529 3400 3568 uxo-

1832 3601 1945 3640 rem
1968 3585 2355 3659 [Ethiopissam
2380 3589 2527 3659 lepra
2553 3591 2716 3647 Maria
2739 3595 3055 3656 damnatur:
3081 3601 3224 3669 quod
3246 3604 3403 3658 nobis

1830 3677 2149 3744 timendum,
2173 3680 2265 3749 qui
2289 3681 2443 3737 nobis
2466 3683 2798 3753 principibus
2821 3687 3156 3747 detrahimus
3180 3704 3403 3764 propter

1830 3768 2129 3823 mediocres
2156 3770 2359 3843 culpas.

1829 3856 1957 3913 Car.
1984 3874 2081 3913 vu.
2110 3890 2180 3900 —-
2218 3860 2295 3916 De
2320 3864 2542 3945 eoguod
2572 3881 2675 3919 non
2700 3869 2897 3947 petitur
2920 3870 3264 3942 principatus,
3299 3876 3399 3929 nisi

2317 3948 2433 4002 quis
2458 3950 2605 4003 pnus
2628 3946 2908 4005 subjectus.

1898 4018 2185 4088 Synodus:
2219 4018 2444 4089 Oportet
2477 4036 2598 4078 eum
2630 4025 2721 4093 qui
2750 4027 2864 4080 vult
2893 4029 3216 4099 principari,
3249 4036 3398 4102 prius

1828 4110 2149 4164 monachum
2182 4127 2302 4167 esse
2329 4131 2341 4165 :
2371 4123 2425 4169 et
2449 4130 2574 4170 eum
2601 4116 2693 4185 qui
2723 4118 2837 4171 vult
2866 4119 3213 4188 lucreditare,
3248 4128 3398 4193 prius

1827 4203 1972 4270 pium
1997 4218 2145 4269 esse;
2177 4206 2269 4273 qui
2296 4207 2410 4260 vult
2435 4208 2646 4271 dooere,
2674 4209 2825 4278 prius
2851 4211 3171 4281 discipulum
3197 4228 3337 4271 esse.

1826 4292 1955 4348 CAP.
1981 4308 2091 4347 xlv.
2114 4323 2185 4332 —
2219 4294 2295 4347 De
2331 4312 2391 4349 eo
2429 4297 2587 4420 quo};
2602 4298 2748 4352 debet
2791 4301 3028 4372 princeps
3070 4302 3258 4358 habere
3297 4307 3402 4362 nti-

2487 4382 2538 4419 ιιι
2592 4384 2727 4420 rum.

2487 4382 2587 4420 mst
2592 4384 2727 4421 rum.

1901 4453 2149 4525 Synodus
2178 4472 2190 4507 :
2233 4454 2456 4526 Oportet
2490 4458 2800 4528 principem
2823 4464 3001 4517 omnia
3037 4477 3263 4532 pensare
3299 4478 3399 4536 per

1832 4559 2023 4599 manus
2041 4544 2411 4601 ministrorum
2431 4547 2484 4600 in
2507 4562 2635 4603 usus
2657 4551 2943 4618 parochize,
2965 4562 3019 4607 et
3037 4551 3396 4621 subiectorum

1827 4643 1881 4691 et
1904 4650 2220 4705 pauperum.

1826 4730 1955 4785 CAP.
1987 4743 2075 4783 xv.
2102 4757 2173 4807 -—_
2193 4727 2272 4782 De
2295 4745 2354 4783 eo
2381 4731 2519 4807 guod
2548 4733 3081 4807 nondebetprinceps
3112 4737 3212 4790 nisi
3236 4754 3399 4807 parva

2123 4799 2320 4854 donare
2346 4799 2458 4855 sine
2481 4804 2698 4856 consilio
2725 4799 3092 4873 subjectoru'm.

1899 4889 2150 4961 Synodus
2177 4890 2345 4946 dicit:
2378 4891 2494 4945 Non
2540 4891 2699 4947 debet
2740 4892 2918 4947 facere
2955 4895 3250 4964 quiMuam
3280 4896 3400 4952 sine

1828 4980 2055 5036 consilio
2072 4980 2459 5050 subiectorum,
2482 4981 2585 5036 nisi
2608 4997 2778 5050 pauca
2805 4983 2859 5036 in
2884 4982 3260 5041 liberationem
3280 4986 3399 5041 vin-

1827 5080 2036 5125 ctorum
2054 5111 2067 5134 ,
2099 5071 2227 5125 etin
2250 5069 2671 5125 consolationem
2692 5085 2986 5140 pauperum
3008 5081 3064 5127 et
3081 5073 3395 5140 viduarum;

1827 5164 1953 5217 etsi
1984 5164 2164 5218 clerici
2200 5166 2450 5220 absentes
2491 5166 2599 5220 sint
2623 5206 2638 5230 ,
2685 5174 2814 5221 tunc
2855 5165 3017 5222 faciet
3055 5167 3162 5239 (Ex
3206 5172 3393 5226 concil.

1828 5255 2007 5311 Carth.
2033 5272 2108 5322 tv,
2133 5273 2180 5310 c.
2204 5256 2317 5329 32).

1828 5394 2090 5467 constitui,
2117 5392 2201 5467 vel
2234 5393 2377 5448 aliud
2404 5393 2658 5467 quiddam
2696 5395 2956 5465 ejusmodi
2983 5414 2995 5449 :
3032 5412 3215 5453 verum
3241 5397 3400 5467 longe

1827 5465 1985 5537 aliter
2008 5463 2212 5537 sentio;
2249 5478 2356 5518 non
2395 5464 2540 5537 enim
2565 5480 2631 5519 ea
2657 5463 2810 5521 mens
2851 5474 2934 5521 est
2974 5467 3166 5537 synodi
3211 5463 3400 5537 Hiber-

1829 5534 2011 5590 nensis
2045 5534 2337 5604 principem
2368 5535 2599 5603 aliquem
2635 5552 2757 5606 esse
2790 5534 3074 5606 oportere,
3114 5538 3207 5593 sed
3245 5536 3290 5589 si
3325 5536 3399 5590 sit

1829 5603 2052 5673 aliquis,
2071 5620 2190 5656 eum
2219 5612 2468 5672 oportere
2490 5619 2611 5660 esse
2633 5603 2913 5673 ejusmodi,
2941 5616 3019 5669 ut,
3046 5615 3152 5661 etc.

1903 5687 1926 5714 α
1954 5674 2203 5747 Nonnihil
2235 5674 2421 5747 deesse
2445 5675 2548 5729 hoc
2575 5675 2691 5733 loco
2723 5678 2844 5747 quis
2874 5693 2978 5733 non
3008 5675 3192 5730 videt?
3233 5673 3394 5743 Lego,

1828 5747 1917 5818 qui
1945 5745 2135 5798 nostris
2163 5744 2501 5815 principibus.
