  <div class='ocr_page' id='page_1' title='image "/cluster/home/n/w/nwhite01/storage/ocr_20150623/96/hvd.32044015471204/653.png"; bbox 0 0 3950 6308; ppageno 0'>
   <div class='ocr_carea' id='block_1_1' title="bbox 502 331 665 391">
    <p class='ocr_par' dir='ltr' id='par_1_1' title="bbox 502 331 665 391">
     <span class='ocr_line' id='line_1_1' title="bbox 502 331 665 391; baseline 0.025 -4"><span class='ocrx_word' id='word_1_1' title='bbox 502 331 665 391; x_wconf 67' lang='grc' dir='ltr'><strong>Αἳθό</strong></span> 
     </span>
    </p>
   </div>
   <div class='ocr_carea' id='block_1_2' title="bbox 1013 518 1583 573">
    <p class='ocr_par' dir='ltr' id='par_1_2' title="bbox 1013 518 1583 573">
     <span class='ocr_line' id='line_1_2' title="bbox 1013 518 1583 573; baseline 0 -3"><span class='ocrx_word' id='word_1_2' title='bbox 1013 518 1246 573; x_wconf 86' lang='lat' dir='ltr'><strong>dinando</strong></span> <span class='ocrx_word' id='word_1_3' title='bbox 1273 518 1583 572; x_wconf 85' lang='lat' dir='ltr'><strong>successore.</strong></span> 
     </span>
    </p>
   </div>
   <div class='ocr_carea' id='block_1_3' title="bbox 594 603 2095 678">
    <p class='ocr_par' dir='ltr' id='par_1_3' title="bbox 594 603 2095 678">
     <span class='ocr_line' id='line_1_3' title="bbox 594 603 2095 678; baseline 0.002 -18"><span class='ocrx_word' id='word_1_4' title='bbox 594 603 845 677; x_wconf 81' lang='lat' dir='ltr'><strong>Synodus</strong></span> <span class='ocrx_word' id='word_1_5' title='bbox 883 606 1052 663; x_wconf 89' lang='lat' dir='ltr'><strong>dicit:</strong></span> <span class='ocrx_word' id='word_1_6' title='bbox 1103 607 1397 662; x_wconf 86' lang='lat' dir='ltr'><strong>Definimus</strong></span> <span class='ocrx_word' id='word_1_7' title='bbox 1437 622 1625 663; x_wconf 90' lang='lat' dir='ltr'><strong>omnes</strong></span> <span class='ocrx_word' id='word_1_8' title='bbox 1656 609 1952 678; x_wconf 82' lang='lat' dir='ltr'><strong>principem</strong></span> <span class='ocrx_word' id='word_1_9' title='bbox 1985 624 2095 663; x_wconf 90' lang='lat' dir='ltr'><strong>non</strong></span> 
     </span>
    </p>
   </div>
   <div class='ocr_carea' id='block_1_4' title="bbox 522 695 2185 769">
    <p class='ocr_par' dir='ltr' id='par_1_4' title="bbox 522 695 2185 769">
     <span class='ocr_line' id='line_1_4' title="bbox 522 695 2185 769; baseline 0.001 -18"><span class='ocrx_word' id='word_1_10' title='bbox 522 695 905 761; x_wconf 72' lang='lat' dir='ltr'><strong>ordinandum,</strong></span> <span class='ocrx_word' id='word_1_11' title='bbox 921 698 1024 753; x_wconf 85' lang='lat' dir='ltr'><strong>nisi</strong></span> <span class='ocrx_word' id='word_1_12' title='bbox 1047 698 1250 754; x_wconf 77' lang='lat' dir='ltr'><strong>vocatis</strong></span> <span class='ocrx_word' id='word_1_13' title='bbox 1270 698 1484 754; x_wconf 85' lang='lat' dir='ltr'><strong>clericis</strong></span> <span class='ocrx_word' id='word_1_14' title='bbox 1503 707 1557 753; x_wconf 92' lang='lat' dir='ltr'><strong>et</strong></span> <span class='ocrx_word' id='word_1_15' title='bbox 1577 699 1832 769; x_wconf 89' lang='lat' dir='ltr'><strong>parocbia</strong></span> <span class='ocrx_word' id='word_1_16' title='bbox 1852 699 1907 753; x_wconf 92' lang='lat' dir='ltr'><strong>in</strong></span> <span class='ocrx_word' id='word_1_17' title='bbox 1927 714 2094 753; x_wconf 87' lang='lat' dir='ltr'><strong>unum</strong></span> <span class='ocrx_word' id='word_1_18' title='bbox 2182 728 2185 731; x_wconf 95' lang='lat'><strong><em>-</em></strong></span> 
     </span>
    </p>
   </div>
   <div class='ocr_carea' id='block_1_5' title="bbox 519 787 1004 843">
    <p class='ocr_par' dir='ltr' id='par_1_5' title="bbox 519 787 1004 843">
     <span class='ocr_line' id='line_1_5' title="bbox 519 787 1004 843; baseline -0.006 0"><span class='ocrx_word' id='word_1_19' title='bbox 519 787 1004 843; x_wconf 89' lang='lat' dir='ltr'><strong>consentientibus.</strong></span> 
     </span>
    </p>
   </div>
   <div class='ocr_carea' id='block_1_6' title="bbox 505 897 2090 969">
    <p class='ocr_par' dir='ltr' id='par_1_6' title="bbox 505 897 2090 969">
     <span class='ocr_line' id='line_1_6' title="bbox 505 897 2090 969; baseline -0.003 -14"><span class='ocrx_word' id='word_1_20' title='bbox 505 897 653 955; x_wconf 67' lang='grc' dir='ltr'><strong>σειν.</strong></span> <span class='ocrx_word' id='word_1_21' title='bbox 683 914 838 953; x_wconf 83' lang='grc' dir='ltr'>χχιιι.</span> <span class='ocrx_word' id='word_1_22' title='bbox 878 927 946 969; x_wconf 58' lang='grc' dir='ltr'><strong>ε-</strong></span> <span class='ocrx_word' id='word_1_23' title='bbox 995 897 1071 953; x_wconf 90' lang='lat' dir='ltr'><strong>De</strong></span> <span class='ocrx_word' id='word_1_24' title='bbox 1104 898 1236 969; x_wconf 82' lang='lat' dir='ltr'><strong>aliis</strong></span> <span class='ocrx_word' id='word_1_25' title='bbox 1280 898 1695 953; x_wconf 76' lang='lat' dir='ltr'><strong>desiderantibus</strong></span> <span class='ocrx_word' id='word_1_26' title='bbox 1741 899 2090 969; x_wconf 74' lang='lat' dir='ltr'><strong>principatum</strong></span> 
     </span>
    </p>
   </div>
   <div class='ocr_carea' id='block_1_7' title="bbox 589 968 2191 1050">
    <p class='ocr_par' dir='ltr' id='par_1_7' title="bbox 589 968 2191 1050">
     <span class='ocr_line' id='line_1_7' title="bbox 589 968 2191 1050; baseline -0.001 -27"><span class='ocrx_word' id='word_1_27' title='bbox 589 969 830 1050; x_wconf 70' lang='lat' dir='ltr'><strong>indigne,</strong></span> <span class='ocrx_word' id='word_1_28' title='bbox 870 968 966 1022; x_wconf 84' lang='lat' dir='ltr'><strong>ltoc</strong></span> <span class='ocrx_word' id='word_1_29' title='bbox 992 977 1067 1022; x_wconf 88' lang='lat' dir='ltr'><strong>est</strong></span> <span class='ocrx_word' id='word_1_30' title='bbox 1095 968 1486 1039; x_wconf 71' lang='lat' dir='ltr'><strong>incipientibus,</strong></span> <span class='ocrx_word' id='word_1_31' title='bbox 1527 978 1619 1021; x_wconf 84' lang='lat' dir='ltr'><strong>aut</strong></span> <span class='ocrx_word' id='word_1_32' title='bbox 1648 968 1811 1039; x_wconf 79' lang='lat' dir='ltr'><strong>nuper</strong></span> <span class='ocrx_word' id='word_1_33' title='bbox 1836 987 1869 1023; x_wconf 93' lang='lat' dir='ltr'><strong>a</strong></span> <span class='ocrx_word' id='word_1_34' title='bbox 1897 968 2091 1022; x_wconf 81' lang='lat' dir='ltr'><strong>mundo</strong></span> <span class='ocrx_word' id='word_1_35' title='bbox 2190 1028 2191 1031; x_wconf 27' lang='grc' dir='ltr'><strong>η</strong></span> 
     </span>
    </p>
   </div>
   <div class='ocr_carea' id='block_1_8' title="bbox 593 1054 1870 1095">
    <p class='ocr_par' dir='ltr' id='par_1_8' title="bbox 593 1054 1870 1095">
     <span class='ocr_line' id='line_1_8' title="bbox 593 1054 1870 1095; baseline 0.002 -3"><span class='ocrx_word' id='word_1_36' title='bbox 593 1054 871 1092; x_wconf 72' lang='grc' dir='ltr'><strong>ωηυωιεκ.</strong></span> <span class='ocrx_word' id='word_1_37' title='bbox 1866 1086 1870 1095; x_wconf 87' lang='grc'><strong>.</strong></span> 
     </span>
    </p>
   </div>
   <div class='ocr_carea' id='block_1_9' title="bbox 591 1126 2097 1200">
    <p class='ocr_par' dir='ltr' id='par_1_9' title="bbox 591 1126 2097 1200">
     <span class='ocr_line' id='line_1_9' title="bbox 591 1126 2097 1200; baseline -0.001 -17"><span class='ocrx_word' id='word_1_38' title='bbox 591 1127 841 1200; x_wconf 84' lang='lat' dir='ltr'><strong>Synodus</strong></span> <span class='ocrx_word' id='word_1_39' title='bbox 865 1144 879 1181; x_wconf 90' lang='lat'><strong>:</strong></span> <span class='ocrx_word' id='word_1_40' title='bbox 919 1127 1269 1182; x_wconf 78' lang='lat' dir='ltr'><strong>Deeernimus</strong></span> <span class='ocrx_word' id='word_1_41' title='bbox 1295 1135 1357 1182; x_wconf 88' lang='lat' dir='ltr'><strong>ut</strong></span> <span class='ocrx_word' id='word_1_42' title='bbox 1382 1126 1555 1183; x_wconf 79' lang='lat' dir='ltr'><strong>discat</strong></span> <span class='ocrx_word' id='word_1_43' title='bbox 1582 1127 1726 1197; x_wconf 90' lang='lat' dir='ltr'><strong>quod</strong></span> <span class='ocrx_word' id='word_1_44' title='bbox 1754 1127 1976 1191; x_wconf 85' lang='lat' dir='ltr'><strong>doceat,</strong></span> <span class='ocrx_word' id='word_1_45' title='bbox 2008 1138 2097 1180; x_wconf 87' lang='lat' dir='ltr'><strong>re-</strong></span> 
     </span>
    </p>
   </div>
   <div class='ocr_carea' id='block_1_10' title="bbox 518 1218 2097 1290">
    <p class='ocr_par' dir='ltr' id='par_1_10' title="bbox 518 1218 2097 1290">
     <span class='ocr_line' id='line_1_10' title="bbox 518 1218 2097 1290; baseline -0.003 -12"><span class='ocrx_word' id='word_1_46' title='bbox 518 1220 781 1279; x_wconf 84' lang='lat' dir='ltr'><strong>formetur</strong></span> <span class='ocrx_word' id='word_1_47' title='bbox 797 1220 943 1290; x_wconf 89' lang='lat' dir='ltr'><strong>quod</strong></span> <span class='ocrx_word' id='word_1_48' title='bbox 967 1228 1169 1286; x_wconf 78' lang='lat' dir='ltr'><strong>teneat,</strong></span> <span class='ocrx_word' id='word_1_49' title='bbox 1188 1229 1243 1276; x_wconf 90' lang='lat' dir='ltr'><strong>et</strong></span> <span class='ocrx_word' id='word_1_50' title='bbox 1263 1220 1403 1275; x_wconf 87' lang='lat' dir='ltr'><strong>sicut</strong></span> <span class='ocrx_word' id='word_1_51' title='bbox 1423 1220 1639 1275; x_wconf 87' lang='lat' dir='ltr'><strong>lucerna</strong></span> <span class='ocrx_word' id='word_1_52' title='bbox 1663 1236 1826 1289; x_wconf 83' lang='lat' dir='ltr'><strong>super</strong></span> <span class='ocrx_word' id='word_1_53' title='bbox 1846 1218 2097 1275; x_wconf 89' lang='lat' dir='ltr'><strong>candela-</strong></span> 
     </span>
    </p>
   </div>
   <div class='ocr_carea' id='block_1_11' title="bbox 517 1308 2096 1379">
    <p class='ocr_par' dir='ltr' id='par_1_11' title="bbox 517 1308 2096 1379">
     <span class='ocr_line' id='line_1_11' title="bbox 517 1308 2096 1379; baseline -0.002 -14"><span class='ocrx_word' id='word_1_54' title='bbox 517 1311 677 1366; x_wconf 84' lang='lat' dir='ltr'><strong>brum</strong></span> <span class='ocrx_word' id='word_1_55' title='bbox 700 1308 875 1379; x_wconf 89' lang='lat' dir='ltr'><strong>posita</strong></span> <span class='ocrx_word' id='word_1_56' title='bbox 900 1308 1102 1374; x_wconf 88' lang='lat' dir='ltr'><strong>luceat,</strong></span> <span class='ocrx_word' id='word_1_57' title='bbox 1130 1317 1193 1364; x_wconf 89' lang='lat' dir='ltr'><strong>ut</strong></span> <span class='ocrx_word' id='word_1_58' title='bbox 1217 1309 1440 1363; x_wconf 84' lang='lat' dir='ltr'><strong>adversa</strong></span> <span class='ocrx_word' id='word_1_59' title='bbox 1466 1309 1549 1363; x_wconf 91' lang='lat' dir='ltr'><strong>vis</strong></span> <span class='ocrx_word' id='word_1_60' title='bbox 1573 1317 1855 1363; x_wconf 79' lang='lat' dir='ltr'><strong>ventorum</strong></span> <span class='ocrx_word' id='word_1_61' title='bbox 1882 1308 2096 1362; x_wconf 83' lang='lat' dir='ltr'><strong>irruens</strong></span> 
     </span>
    </p>
   </div>
   <div class='ocr_carea' id='block_1_12' title="bbox 516 1397 2095 1469">
    <p class='ocr_par' dir='ltr' id='par_1_12' title="bbox 516 1397 2095 1469">
     <span class='ocr_line' id='line_1_12' title="bbox 516 1397 2095 1469; baseline -0.002 -14"><span class='ocrx_word' id='word_1_62' title='bbox 516 1407 834 1469; x_wconf 84' lang='lat' dir='ltr'><strong>conceptam</strong></span> <span class='ocrx_word' id='word_1_63' title='bbox 861 1397 1478 1455; x_wconf 68' lang='lat' dir='ltr'><strong>eruditio&#39;nisﬂammam</strong></span> <span class='ocrx_word' id='word_1_64' title='bbox 1494 1414 1614 1453; x_wconf 78' lang='lat' dir='ltr'><strong>non</strong></span> <span class='ocrx_word' id='word_1_65' title='bbox 1642 1398 1969 1469; x_wconf 73' lang='lat' dir='ltr'><strong>exstinguat,</strong></span> <span class='ocrx_word' id='word_1_66' title='bbox 1998 1397 2095 1453; x_wconf 90' lang='lat' dir='ltr'><strong>sed</strong></span> 
     </span>
    </p>
   </div>
   <div class='ocr_carea' id='block_1_13' title="bbox 452 1495 1786 1573">
    <p class='ocr_par' dir='ltr' id='par_1_13' title="bbox 452 1495 1786 1573">
     <span class='ocr_line' id='line_1_13' title="bbox 452 1495 1786 1573; baseline 0.002 -28"><span class='ocrx_word' id='word_1_67' title='bbox 452 1556 476 1573; x_wconf 54' lang='lat'>.</span> <span class='ocrx_word' id='word_1_68' title='bbox 515 1496 730 1560; x_wconf 77' lang='lat' dir='ltr'><strong>augeat.</strong></span> <span class='ocrx_word' id='word_1_69' title='bbox 1773 1495 1786 1516; x_wconf 86' lang='lat'><strong><em>&#39;</em></strong></span> 
     </span>
    </p>
   </div>
   <div class='ocr_carea' id='block_1_14' title="bbox 515 1597 2093 1723">
    <p class='ocr_par' dir='ltr' id='par_1_14' title="bbox 515 1597 2093 1723">
     <span class='ocr_line' id='line_1_14' title="bbox 515 1597 2093 1723; baseline -0.003 -66"><span class='ocrx_word' id='word_1_70' title='bbox 515 1601 642 1658; x_wconf 64' lang='lat' dir='ltr'><strong>Car.</strong></span> <span class='ocrx_word' id='word_1_71' title='bbox 666 1615 836 1656; x_wconf 76' lang='grc' dir='ltr'>χχνιι.</span> <span class='ocrx_word' id='word_1_72' title='bbox 862 1629 934 1641; x_wconf 90' lang='grc'><strong>-</strong></span> <span class='ocrx_word' id='word_1_73' title='bbox 956 1598 1034 1653; x_wconf 86' lang='lat' dir='ltr'><strong>De</strong></span> <span class='ocrx_word' id='word_1_74' title='bbox 1059 1599 1355 1723; x_wconf 53' lang='lat' dir='ltr'><strong>panizentia</strong></span> <span class='ocrx_word' id='word_1_75' title='bbox 1381 1597 1791 1670; x_wconf 80' lang='lat' dir='ltr'><strong>blasphemantis</strong></span> <span class='ocrx_word' id='word_1_76' title='bbox 1808 1598 2093 1670; x_wconf 79' lang='lat' dir='ltr'><strong>principem</strong></span> 
     </span>
     <span class='ocr_line' id='line_1_15' title="bbox 758 1685 1408 1723; baseline -0.008 4"><span class='ocrx_word' id='word_1_77' title='bbox 758 1706 769 1713; x_wconf 66' lang='grc' dir='ltr'><em>ι</em></span> <span class='ocrx_word' id='word_1_78' title='bbox 1230 1685 1408 1723; x_wconf 88' lang='lat' dir='ltr'><strong>onum.</strong></span> 
     </span>
    </p>
   </div>
   <div class='ocr_carea' id='block_1_15' title="bbox 758 1685 1408 1723">
    <p class='ocr_par' dir='ltr' id='par_1_15' title="bbox 758 1685 1408 1723">
     <span class='ocr_line' id='line_1_16' title="bbox 758 1685 1408 1723; baseline -0.008 4"><span class='ocrx_word' id='word_1_79' title='bbox 758 1706 769 1713; x_wconf 71' lang='grc' dir='ltr'><em>ο</em></span> <span class='ocrx_word' id='word_1_80' title='bbox 1197 1685 1408 1723; x_wconf 79' lang='lat' dir='ltr'><strong>bonum.</strong></span> 
     </span>
    </p>
   </div>
   <div class='ocr_carea' id='block_1_16' title="bbox 585 1778 2169 1856">
    <p class='ocr_par' dir='ltr' id='par_1_16' title="bbox 585 1778 2169 1856">
     <span class='ocr_line' id='line_1_17' title="bbox 585 1778 2169 1856; baseline -0.002 -19"><span class='ocrx_word' id='word_1_81' title='bbox 585 1780 854 1837; x_wconf 82' lang='lat' dir='ltr'><strong>Patricius</strong></span> <span class='ocrx_word' id='word_1_82' title='bbox 897 1781 974 1836; x_wconf 91' lang='lat' dir='ltr'><strong>ait</strong></span> <span class='ocrx_word' id='word_1_83' title='bbox 1022 1779 1194 1851; x_wconf 84' lang='lat' dir='ltr'><strong>(Inter</strong></span> <span class='ocrx_word' id='word_1_84' title='bbox 1221 1778 1413 1850; x_wconf 86' lang='lat' dir='ltr'><strong>Opusc.</strong></span> <span class='ocrx_word' id='word_1_85' title='bbox 1446 1778 1700 1843; x_wconf 88' lang='lat' dir='ltr'><strong>Patricii,</strong></span> <span class='ocrx_word' id='word_1_86' title='bbox 1734 1797 1789 1851; x_wconf 86' lang='lat' dir='ltr'><strong>p.</strong></span> <span class='ocrx_word' id='word_1_87' title='bbox 1817 1778 1966 1850; x_wconf 49' lang='lat'><strong>‘6)?</strong></span> <span class='ocrx_word' id='word_1_88' title='bbox 1987 1779 2090 1847; x_wconf 85' lang='lat' dir='ltr'><strong>Qui</strong></span> <span class='ocrx_word' id='word_1_89' title='bbox 2114 1795 2169 1856; x_wconf 61' lang='grc' dir='ltr'>ιη</span> 
     </span>
    </p>
   </div>
   <div class='ocr_carea' id='block_1_17' title="bbox 515 1870 2090 1941">
    <p class='ocr_par' dir='ltr' id='par_1_17' title="bbox 515 1870 2090 1941">
     <span class='ocr_line' id='line_1_18' title="bbox 515 1870 2090 1941; baseline -0.001 -12"><span class='ocrx_word' id='word_1_90' title='bbox 515 1880 818 1929; x_wconf 83' lang='lat' dir='ltr'><strong>murmurat</strong></span> <span class='ocrx_word' id='word_1_91' title='bbox 843 1873 1007 1927; x_wconf 90' lang='lat' dir='ltr'><strong>verba</strong></span> <span class='ocrx_word' id='word_1_92' title='bbox 1039 1870 1386 1940; x_wconf 70' lang='lat' dir='ltr'><strong>blasphemiae</strong></span> <span class='ocrx_word' id='word_1_93' title='bbox 1417 1878 1608 1926; x_wconf 88' lang='lat' dir='ltr'><strong>contra</strong></span> <span class='ocrx_word' id='word_1_94' title='bbox 1654 1871 1954 1941; x_wconf 88' lang='lat' dir='ltr'><strong>principem</strong></span> <span class='ocrx_word' id='word_1_95' title='bbox 1991 1872 2090 1927; x_wconf 89' lang='lat' dir='ltr'><strong>bo-</strong></span> 
     </span>
    </p>
   </div>
   <div class='ocr_carea' id='block_1_18' title="bbox 515 1960 2091 2033">
    <p class='ocr_par' dir='ltr' id='par_1_18' title="bbox 515 1960 2091 2033">
     <span class='ocr_line' id='line_1_19' title="bbox 515 1960 2091 2033; baseline -0.001 -15"><span class='ocrx_word' id='word_1_96' title='bbox 515 1978 643 2018; x_wconf 93' lang='lat' dir='ltr'><strong>num</strong></span> <span class='ocrx_word' id='word_1_97' title='bbox 676 1961 1012 2033; x_wconf 39' lang='lat' dir='ltr'><strong>per‘edium,</strong></span> <span class='ocrx_word' id='word_1_98' title='bbox 1048 1960 1131 2016; x_wconf 93' lang='lat' dir='ltr'><strong>vel</strong></span> <span class='ocrx_word' id='word_1_99' title='bbox 1160 1961 1455 2023; x_wconf 81' lang='lat' dir='ltr'><strong>invidiam,</strong></span> <span class='ocrx_word' id='word_1_100' title='bbox 1501 1976 1623 2015; x_wconf 89' lang='lat' dir='ltr'><strong>cum</strong></span> <span class='ocrx_word' id='word_1_101' title='bbox 1669 1975 1810 2030; x_wconf 91' lang='lat' dir='ltr'><strong>pane</strong></span> <span class='ocrx_word' id='word_1_102' title='bbox 1854 1968 1909 2016; x_wconf 92' lang='lat' dir='ltr'><strong>et</strong></span> <span class='ocrx_word' id='word_1_103' title='bbox 1952 1976 2091 2032; x_wconf 89' lang='lat' dir='ltr'><strong>aqua</strong></span> 
     </span>
    </p>
   </div>
   <div class='ocr_carea' id='block_1_19' title="bbox 513 2049 2091 2123">
    <p class='ocr_par' dir='ltr' id='par_1_19' title="bbox 513 2049 2091 2123">
     <span class='ocr_line' id='line_1_20' title="bbox 513 2049 2091 2123; baseline 0.001 -17"><span class='ocrx_word' id='word_1_104' title='bbox 513 2052 774 2123; x_wconf 60' lang='lat' dir='ltr'><strong>poeniteat</strong></span> <span class='ocrx_word' id='word_1_105' title='bbox 808 2050 1083 2116; x_wconf 84' lang='lat' dir='ltr'><strong>7diebus,</strong></span> <span class='ocrx_word' id='word_1_106' title='bbox 1130 2050 1376 2122; x_wconf 77' lang='lat' dir='ltr'><strong>exemplo</strong></span> <span class='ocrx_word' id='word_1_107' title='bbox 1418 2050 1600 2106; x_wconf 78' lang='lat' dir='ltr'><strong>Maria:</strong></span> <span class='ocrx_word' id='word_1_108' title='bbox 1640 2057 1827 2105; x_wconf 89' lang='lat' dir='ltr'><strong>contra</strong></span> <span class='ocrx_word' id='word_1_109' title='bbox 1872 2049 2091 2123; x_wconf 77' lang='lat' dir='ltr'><strong>Moysen</strong></span> 
     </span>
    </p>
   </div>
   <div class='ocr_carea' id='block_1_20' title="bbox 516 2142 925 2197">
    <p class='ocr_par' dir='ltr' id='par_1_20' title="bbox 516 2142 925 2197">
     <span class='ocr_line' id='line_1_21' title="bbox 516 2142 925 2197; baseline -0.002 0"><span class='ocrx_word' id='word_1_110' title='bbox 516 2142 925 2197; x_wconf 87' lang='lat' dir='ltr'><strong>murmurantis.</strong></span> 
     </span>
    </p>
   </div>
   <div class='ocr_carea' id='block_1_21' title="bbox 510 2251 2131 2326">
    <p class='ocr_par' dir='ltr' id='par_1_21' title="bbox 510 2251 2131 2326">
     <span class='ocr_line' id='line_1_22' title="bbox 510 2251 2131 2326; baseline 0.002 -17"><span class='ocrx_word' id='word_1_111' title='bbox 510 2252 640 2309; x_wconf 62' lang='lat' dir='ltr'><strong>Car.</strong></span> <span class='ocrx_word' id='word_1_112' title='bbox 669 2267 818 2309; x_wconf 83' lang='grc' dir='ltr'>χχιχ.</span> <span class='ocrx_word' id='word_1_113' title='bbox 859 2281 931 2292; x_wconf 85' lang='lat'><strong>-—</strong></span> <span class='ocrx_word' id='word_1_114' title='bbox 964 2251 1041 2306; x_wconf 85' lang='lat' dir='ltr'><strong>De</strong></span> <span class='ocrx_word' id='word_1_115' title='bbox 1078 2268 1139 2306; x_wconf 86' lang='lat' dir='ltr'><strong>eo</strong></span> <span class='ocrx_word' id='word_1_116' title='bbox 1166 2252 1324 2326; x_wconf 59' lang='lat' dir='ltr'><strong>«quod</strong></span> <span class='ocrx_word' id='word_1_117' title='bbox 1374 2253 1682 2324; x_wconf 72' lang='lat' dir='ltr'><strong>incipientes</strong></span> <span class='ocrx_word' id='word_1_118' title='bbox 1720 2270 1940 2326; x_wconf 75' lang='lat' dir='ltr'><strong>prwesse</strong></span> <span class='ocrx_word' id='word_1_119' title='bbox 1987 2271 2131 2313; x_wconf 83' lang='lat' dir='ltr'><strong>non-</strong></span> 
     </span>
    </p>
   </div>
   <div class='ocr_carea' id='block_1_22' title="bbox 1192 2322 1396 2377">
    <p class='ocr_par' dir='ltr' id='par_1_22' title="bbox 1192 2322 1396 2377">
     <span class='ocr_line' id='line_1_23' title="bbox 1192 2322 1396 2377; baseline -0.005 0"><span class='ocrx_word' id='word_1_120' title='bbox 1192 2322 1396 2377; x_wconf 87' lang='lat' dir='ltr'><strong>debent.</strong></span> 
     </span>
    </p>
   </div>
   <div class='ocr_carea' id='block_1_23' title="bbox 580 2431 2088 2507">
    <p class='ocr_par' dir='ltr' id='par_1_23' title="bbox 580 2431 2088 2507">
     <span class='ocr_line' id='line_1_24' title="bbox 580 2431 2088 2507; baseline 0.002 -20"><span class='ocrx_word' id='word_1_121' title='bbox 580 2431 833 2504; x_wconf 84' lang='lat' dir='ltr'><strong>Synodus</strong></span> <span class='ocrx_word' id='word_1_122' title='bbox 855 2432 1023 2488; x_wconf 89' lang='lat' dir='ltr'><strong>totius</strong></span> <span class='ocrx_word' id='word_1_123' title='bbox 1047 2433 1254 2499; x_wconf 87' lang='lat' dir='ltr'><strong>mundi,</strong></span> <span class='ocrx_word' id='word_1_124' title='bbox 1278 2440 1333 2488; x_wconf 93' lang='lat' dir='ltr'><strong>et</strong></span> <span class='ocrx_word' id='word_1_125' title='bbox 1356 2433 1622 2490; x_wconf 85' lang='lat' dir='ltr'><strong>Patricius</strong></span> <span class='ocrx_word' id='word_1_126' title='bbox 1645 2436 1882 2491; x_wconf 86' lang='lat' dir='ltr'><strong>accrevit</strong></span> <span class='ocrx_word' id='word_1_127' title='bbox 1901 2435 2088 2507; x_wconf 86' lang='lat' dir='ltr'><strong>(Ibid.,</strong></span> 
     </span>
    </p>
   </div>
   <div class='ocr_carea' id='block_1_24' title="bbox 511 2520 2092 2595">
    <p class='ocr_par' dir='ltr' id='par_1_24' title="bbox 511 2520 2092 2595">
     <span class='ocr_line' id='line_1_25' title="bbox 511 2520 2092 2595; baseline 0.003 -19"><span class='ocrx_word' id='word_1_128' title='bbox 511 2520 712 2594; x_wconf 63' lang='lat' dir='ltr'><strong>p.41)</strong></span> <span class='ocrx_word' id='word_1_129' title='bbox 739 2539 763 2576; x_wconf 71' lang='lat'><strong>:.</strong></span> <span class='ocrx_word' id='word_1_130' title='bbox 800 2522 913 2589; x_wconf 80' lang='lat' dir='ltr'><strong>Qui</strong></span> <span class='ocrx_word' id='word_1_131' title='bbox 966 2522 1229 2593; x_wconf 85' lang='lat' dir='ltr'><strong>incipiens</strong></span> <span class='ocrx_word' id='word_1_132' title='bbox 1276 2531 1398 2588; x_wconf 90' lang='lat' dir='ltr'><strong>est,</strong></span> <span class='ocrx_word' id='word_1_133' title='bbox 1446 2523 1595 2579; x_wconf 87' lang='lat' dir='ltr'><strong>nullo</strong></span> <span class='ocrx_word' id='word_1_134' title='bbox 1644 2526 1804 2580; x_wconf 91' lang='lat' dir='ltr'><strong>modo</strong></span> <span class='ocrx_word' id='word_1_135' title='bbox 1854 2540 2092 2595; x_wconf 53' lang='lat' dir='ltr'><strong>praeesse</strong></span> 
     </span>
    </p>
   </div>
   <div class='ocr_carea' id='block_1_25' title="bbox 511 2610 2090 2685">
    <p class='ocr_par' dir='ltr' id='par_1_25' title="bbox 511 2610 2090 2685">
     <span class='ocr_line' id='line_1_26' title="bbox 511 2610 2090 2685; baseline 0.003 -19"><span class='ocrx_word' id='word_1_136' title='bbox 511 2610 852 2678; x_wconf 50' lang='lat' dir='ltr'><strong>liceatpsed</strong></span> <span class='ocrx_word' id='word_1_137' title='bbox 889 2612 992 2669; x_wconf 88' lang='lat' dir='ltr'><strong>sub</strong></span> <span class='ocrx_word' id='word_1_138' title='bbox 1035 2627 1197 2668; x_wconf 88' lang='lat' dir='ltr'><strong>manu</strong></span> <span class='ocrx_word' id='word_1_139' title='bbox 1234 2613 1447 2669; x_wconf 81' lang='lat' dir='ltr'><strong>abbatis</strong></span> <span class='ocrx_word' id='word_1_140' title='bbox 1477 2614 1729 2671; x_wconf 81' lang='lat' dir='ltr'><strong>catholici</strong></span> <span class='ocrx_word' id='word_1_141' title='bbox 1763 2629 1899 2685; x_wconf 85' lang='lat' dir='ltr'><strong>opus</strong></span> <span class='ocrx_word' id='word_1_142' title='bbox 1932 2630 2090 2671; x_wconf 89' lang='lat' dir='ltr'><strong>suum</strong></span> 
     </span>
    </p>
   </div>
   <div class='ocr_carea' id='block_1_26' title="bbox 512 2711 767 2759">
    <p class='ocr_par' dir='ltr' id='par_1_26' title="bbox 512 2711 767 2759">
     <span class='ocr_line' id='line_1_27' title="bbox 512 2711 767 2759; baseline 0.004 -1"><span class='ocrx_word' id='word_1_143' title='bbox 512 2711 767 2759; x_wconf 78' lang='lat' dir='ltr'><strong>exerceat</strong></span> 
     </span>
    </p>
   </div>
   <div class='ocr_carea' id='block_1_27' title="bbox 634 2812 1962 2873">
    <p class='ocr_par' dir='ltr' id='par_1_27' title="bbox 634 2812 1962 2873">
     <span class='ocr_line' id='line_1_28' title="bbox 634 2812 1962 2873; baseline 0.002 -4"><span class='ocrx_word' id='word_1_144' title='bbox 634 2812 765 2869; x_wconf 76' lang='lat' dir='ltr'><strong>CAP.</strong></span> <span class='ocrx_word' id='word_1_145' title='bbox 793 2812 1111 2869; x_wconf 64' lang='lat' dir='ltr'><strong>anu—De</strong></span> <span class='ocrx_word' id='word_1_146' title='bbox 1132 2812 1394 2868; x_wconf 83' lang='lat' dir='ltr'><strong>manendo</strong></span> <span class='ocrx_word' id='word_1_147' title='bbox 1424 2815 1481 2868; x_wconf 90' lang='lat' dir='ltr'><strong>in</strong></span> <span class='ocrx_word' id='word_1_148' title='bbox 1509 2814 1647 2873; x_wconf 85' lang='lat' dir='ltr'><strong>omni</strong></span> <span class='ocrx_word' id='word_1_149' title='bbox 1678 2815 1962 2871; x_wconf 78' lang='lat' dir='ltr'><strong>vocatione.</strong></span> 
     </span>
    </p>
   </div>
   <div class='ocr_carea' id='block_1_28' title="bbox 528 2925 2087 2996">
    <p class='ocr_par' dir='ltr' id='par_1_28' title="bbox 528 2925 2087 2996">
     <span class='ocr_line' id='line_1_29' title="bbox 528 2925 2087 2996; baseline 0 -12"><span class='ocrx_word' id='word_1_150' title='bbox 528 2926 801 2984; x_wconf 62' lang='lat' dir='ltr'><strong>&quot;Gildas:</strong></span> <span class='ocrx_word' id='word_1_151' title='bbox 831 2925 1235 2996; x_wconf 62' lang='lat' dir='ltr'><strong>Unusquisque</strong></span> <span class='ocrx_word' id='word_1_152' title='bbox 1280 2925 1335 2980; x_wconf 90' lang='lat' dir='ltr'><strong>in</strong></span> <span class='ocrx_word' id='word_1_153' title='bbox 1381 2941 1489 2996; x_wconf 92' lang='lat' dir='ltr'><strong>quo</strong></span> <span class='ocrx_word' id='word_1_154' title='bbox 1531 2934 1755 2983; x_wconf 89' lang='lat' dir='ltr'><strong>vocatus</strong></span> <span class='ocrx_word' id='word_1_155' title='bbox 1796 2936 1882 2982; x_wconf 90' lang='lat' dir='ltr'><strong>est</strong></span> <span class='ocrx_word' id='word_1_156' title='bbox 1922 2928 1976 2983; x_wconf 90' lang='lat' dir='ltr'><strong>in</strong></span> <span class='ocrx_word' id='word_1_157' title='bbox 2022 2943 2087 2984; x_wconf 87' lang='lat' dir='ltr'><strong>eo</strong></span> 
     </span>
    </p>
   </div>
   <div class='ocr_carea' id='block_1_29' title="bbox 507 3017 2088 3091">
    <p class='ocr_par' dir='ltr' id='par_1_29' title="bbox 507 3017 2088 3091">
     <span class='ocr_line' id='line_1_30' title="bbox 507 3017 2088 3091; baseline 0 -16"><span class='ocrx_word' id='word_1_158' title='bbox 507 3028 865 3091; x_wconf 75' lang='lat' dir='ltr'><strong>permaneat,</strong></span> <span class='ocrx_word' id='word_1_159' title='bbox 884 3027 948 3074; x_wconf 80' lang='grc' dir='ltr'><strong>ιιι</strong></span> <span class='ocrx_word' id='word_1_160' title='bbox 967 3033 1080 3073; x_wconf 87' lang='lat' dir='ltr'><strong>.nec</strong></span> <span class='ocrx_word' id='word_1_161' title='bbox 1102 3017 1394 3089; x_wconf 87' lang='lat' dir='ltr'><strong>primarius</strong></span> <span class='ocrx_word' id='word_1_162' title='bbox 1419 3017 1524 3074; x_wconf 86' lang='lat' dir='ltr'><strong>nisi</strong></span> <span class='ocrx_word' id='word_1_163' title='bbox 1551 3017 1822 3074; x_wconf 78' lang='lat' dir='ltr'><strong>voluntate</strong></span> <span class='ocrx_word' id='word_1_164' title='bbox 1848 3027 2088 3075; x_wconf 86' lang='lat' dir='ltr'><strong>mutetur</strong></span> 
     </span>
    </p>
   </div>
   <div class='ocr_carea' id='block_1_30' title="bbox 507 3106 2159 3215">
    <p class='ocr_par' dir='ltr' id='par_1_30' title="bbox 507 3106 2159 3215">
     <span class='ocr_line' id='line_1_31' title="bbox 507 3106 2159 3215; baseline 0.001 -48"><span class='ocrx_word' id='word_1_165' title='bbox 507 3106 891 3180; x_wconf 70' lang='lat' dir='ltr'><strong>subiectorum,</strong></span> <span class='ocrx_word' id='word_1_166' title='bbox 918 3125 1020 3165; x_wconf 88' lang='lat' dir='ltr'><strong>nec</strong></span> <span class='ocrx_word' id='word_1_167' title='bbox 1044 3107 1320 3181; x_wconf 82' lang='lat' dir='ltr'><strong>subjectus</strong></span> <span class='ocrx_word' id='word_1_168' title='bbox 1344 3107 1451 3173; x_wconf 83' lang='lat' dir='ltr'><strong>nisi</strong></span> <span class='ocrx_word' id='word_1_169' title='bbox 1482 3110 1712 3167; x_wconf 89' lang='lat' dir='ltr'><strong>senioris</strong></span> <span class='ocrx_word' id='word_1_170' title='bbox 1743 3112 1971 3168; x_wconf 92' lang='lat' dir='ltr'><strong>consilio</strong></span> <span class='ocrx_word' id='word_1_171' title='bbox 1998 3112 2083 3169; x_wconf 93' lang='lat' dir='ltr'><strong>lo-</strong></span> <span class='ocrx_word' id='word_1_172' title='bbox 2112 3150 2159 3215; x_wconf 61' lang='grc' dir='ltr'><strong><em>Β</em></strong></span> 
     </span>
    </p>
   </div>
   <div class='ocr_carea' id='block_1_31' title="bbox 506 3202 1140 3275">
    <p class='ocr_par' dir='ltr' id='par_1_31' title="bbox 506 3202 1140 3275">
     <span class='ocr_line' id='line_1_32' title="bbox 506 3202 1140 3275; baseline 0.002 -15"><span class='ocrx_word' id='word_1_173' title='bbox 506 3220 630 3260; x_wconf 90' lang='lat' dir='ltr'><strong>cum</strong></span> <span class='ocrx_word' id='word_1_174' title='bbox 655 3203 855 3275; x_wconf 89' lang='lat' dir='ltr'><strong>prioris</strong></span> <span class='ocrx_word' id='word_1_175' title='bbox 878 3202 1140 3261; x_wconf 87' lang='lat' dir='ltr'><strong>obtineat.</strong></span> 
     </span>
    </p>
   </div>
   <div class='ocr_carea' id='block_1_32' title="bbox 554 3313 2032 3387">
    <p class='ocr_par' dir='ltr' id='par_1_32' title="bbox 554 3313 2032 3387">
     <span class='ocr_line' id='line_1_33' title="bbox 554 3313 2032 3387; baseline 0 -16"><span class='ocrx_word' id='word_1_176' title='bbox 554 3313 689 3371; x_wconf 69' lang='lat' dir='ltr'><strong>Car.</strong></span> <span class='ocrx_word' id='word_1_177' title='bbox 715 3330 907 3370; x_wconf 78' lang='grc' dir='ltr'>χχχιιι.</span> <span class='ocrx_word' id='word_1_178' title='bbox 930 3345 997 3354; x_wconf 91' lang='lat'><strong>——</strong></span> <span class='ocrx_word' id='word_1_179' title='bbox 1023 3314 1099 3370; x_wconf 89' lang='lat' dir='ltr'><strong>De</strong></span> <span class='ocrx_word' id='word_1_180' title='bbox 1126 3315 1361 3387; x_wconf 70' lang='lat' dir='ltr'><strong>pessimis</strong></span> <span class='ocrx_word' id='word_1_181' title='bbox 1387 3314 1708 3387; x_wconf 72' lang='lat' dir='ltr'><strong>principibus</strong></span> <span class='ocrx_word' id='word_1_182' title='bbox 1738 3315 2032 3387; x_wconf 73' lang='lat' dir='ltr'><strong>ejiciendis.</strong></span> 
     </span>
    </p>
   </div>
   <div class='ocr_carea' id='block_1_33' title="bbox 579 3425 2088 3499">
    <p class='ocr_par' dir='ltr' id='par_1_33' title="bbox 579 3425 2088 3499">
     <span class='ocr_line' id='line_1_34' title="bbox 579 3425 2088 3499; baseline 0.001 -18"><span class='ocrx_word' id='word_1_183' title='bbox 579 3425 855 3499; x_wconf 87' lang='lat' dir='ltr'><strong>Superbus</strong></span> <span class='ocrx_word' id='word_1_184' title='bbox 889 3427 1112 3499; x_wconf 78' lang='lat' dir='ltr'><strong>angelus</strong></span> <span class='ocrx_word' id='word_1_185' title='bbox 1146 3428 1213 3484; x_wconf 91' lang='lat' dir='ltr'><strong>de</strong></span> <span class='ocrx_word' id='word_1_186' title='bbox 1238 3427 1375 3483; x_wconf 67' lang='lat' dir='ltr'><strong>coelo</strong></span> <span class='ocrx_word' id='word_1_187' title='bbox 1400 3426 1606 3497; x_wconf 87' lang='lat' dir='ltr'><strong>ejectus</strong></span> <span class='ocrx_word' id='word_1_188' title='bbox 1631 3436 1741 3494; x_wconf 91' lang='lat' dir='ltr'><strong>est,</strong></span> <span class='ocrx_word' id='word_1_189' title='bbox 1767 3429 2088 3498; x_wconf 19' lang='lat' dir='ltr'><strong>Adamhpost</strong></span> 
     </span>
    </p>
   </div>
   <div class='ocr_carea' id='block_1_34' title="bbox 508 3516 2083 3589">
    <p class='ocr_par' dir='ltr' id='par_1_34' title="bbox 508 3516 2083 3589">
     <span class='ocr_line' id='line_1_35' title="bbox 508 3516 2083 3589; baseline -0.001 -16"><span class='ocrx_word' id='word_1_190' title='bbox 508 3528 790 3589; x_wconf 87' lang='lat' dir='ltr'><strong>peccatum</strong></span> <span class='ocrx_word' id='word_1_191' title='bbox 804 3518 879 3573; x_wconf 70' lang='lat' dir='ltr'><strong>&#39;dc</strong></span> <span class='ocrx_word' id='word_1_192' title='bbox 899 3518 1148 3588; x_wconf 69' lang='lat' dir='ltr'><strong>paradiso</strong></span> <span class='ocrx_word' id='word_1_193' title='bbox 1171 3518 1224 3573; x_wconf 93' lang='lat' dir='ltr'><strong>in</strong></span> <span class='ocrx_word' id='word_1_194' title='bbox 1248 3528 1391 3573; x_wconf 85' lang='lat' dir='ltr'><strong>terra</strong></span> <span class='ocrx_word' id='word_1_195' title='bbox 1413 3516 1615 3587; x_wconf 85' lang='lat' dir='ltr'><strong>ejectus</strong></span> <span class='ocrx_word' id='word_1_196' title='bbox 1638 3527 1740 3585; x_wconf 87' lang='lat' dir='ltr'><strong>est,</strong></span> <span class='ocrx_word' id='word_1_197' title='bbox 1762 3518 2083 3575; x_wconf 80' lang='lat' dir='ltr'><strong>Hierohoam</strong></span> 
     </span>
    </p>
   </div>
   <div class='ocr_carea' id='block_1_35' title="bbox 510 3607 2087 3678">
    <p class='ocr_par' dir='ltr' id='par_1_35' title="bbox 510 3607 2087 3678">
     <span class='ocr_line' id='line_1_36' title="bbox 510 3607 2087 3678; baseline 0.002 -15"><span class='ocrx_word' id='word_1_198' title='bbox 510 3623 604 3663; x_wconf 74' lang='lat' dir='ltr'><strong>rex</strong></span> <span class='ocrx_word' id='word_1_199' title='bbox 638 3607 857 3678; x_wconf 86' lang='lat' dir='ltr'><strong>iniquus</strong></span> <span class='ocrx_word' id='word_1_200' title='bbox 886 3622 917 3661; x_wconf 88' lang='lat' dir='ltr'><strong>a</strong></span> <span class='ocrx_word' id='word_1_201' title='bbox 940 3608 1127 3663; x_wconf 89' lang='lat' dir='ltr'><strong>decem</strong></span> <span class='ocrx_word' id='word_1_202' title='bbox 1156 3609 1402 3664; x_wconf 84' lang='lat' dir='ltr'><strong>tribubus</strong></span> <span class='ocrx_word' id='word_1_203' title='bbox 1430 3607 1714 3664; x_wconf 87' lang='lat' dir='ltr'><strong>deseritur.</strong></span> <span class='ocrx_word' id='word_1_204' title='bbox 1745 3608 1950 3665; x_wconf 79' lang='lat' dir='ltr'><strong>Omnes</strong></span> <span class='ocrx_word' id='word_1_205' title='bbox 1978 3611 2087 3666; x_wconf 68' lang='lat' dir='ltr'><strong>ha:-</strong></span> 
     </span>
    </p>
   </div>
   <div class='ocr_carea' id='block_1_36' title="bbox 510 3697 2083 3774">
    <p class='ocr_par' dir='ltr' id='par_1_36' title="bbox 510 3697 2083 3774">
     <span class='ocr_line' id='line_1_37' title="bbox 510 3697 2083 3774; baseline 0.003 -20"><span class='ocrx_word' id='word_1_206' title='bbox 510 3697 668 3754; x_wconf 88' lang='lat' dir='ltr'><strong>retici</strong></span> <span class='ocrx_word' id='word_1_207' title='bbox 713 3697 959 3767; x_wconf 79' lang='lat' dir='ltr'><strong>quamvis</strong></span> <span class='ocrx_word' id='word_1_208' title='bbox 995 3713 1311 3769; x_wconf 78' lang='lat' dir='ltr'><strong>magnarum</strong></span> <span class='ocrx_word' id='word_1_209' title='bbox 1358 3700 1572 3755; x_wconf 88' lang='lat' dir='ltr'><strong>urbium</strong></span> <span class='ocrx_word' id='word_1_210' title='bbox 1621 3702 1891 3774; x_wconf 87' lang='lat' dir='ltr'><strong>principes</strong></span> <span class='ocrx_word' id='word_1_211' title='bbox 1937 3703 2083 3769; x_wconf 89' lang='lat' dir='ltr'><strong>sint,</strong></span> 
     </span>
    </p>
   </div>
   <div class='ocr_carea' id='block_1_37' title="bbox 507 3789 2083 3855">
    <p class='ocr_par' dir='ltr' id='par_1_37' title="bbox 507 3789 2083 3855">
     <span class='ocr_line' id='line_1_38' title="bbox 507 3789 2083 3855; baseline 0.003 -11"><span class='ocrx_word' id='word_1_212' title='bbox 507 3789 776 3845; x_wconf 88' lang='lat' dir='ltr'><strong>denudata</strong></span> <span class='ocrx_word' id='word_1_213' title='bbox 804 3804 991 3843; x_wconf 90' lang='lat' dir='ltr'><strong>eorum</strong></span> <span class='ocrx_word' id='word_1_214' title='bbox 1020 3790 1241 3855; x_wconf 65' lang='lat' dir='ltr'><strong>haeresi,</strong></span> <span class='ocrx_word' id='word_1_215' title='bbox 1275 3805 1307 3845; x_wconf 91' lang='lat' dir='ltr'><strong>a</strong></span> <span class='ocrx_word' id='word_1_216' title='bbox 1343 3791 1615 3848; x_wconf 84' lang='lat' dir='ltr'><strong>cathedris</strong></span> <span class='ocrx_word' id='word_1_217' title='bbox 1660 3792 1774 3849; x_wconf 88' lang='lat' dir='ltr'><strong>suis</strong></span> <span class='ocrx_word' id='word_1_218' title='bbox 1821 3808 2083 3849; x_wconf 89' lang='lat' dir='ltr'><strong>consensu</strong></span> 
     </span>
    </p>
   </div>
   <div class='ocr_carea' id='block_1_38' title="bbox 418 3864 1043 3952">
    <p class='ocr_par' dir='ltr' id='par_1_38' title="bbox 418 3864 1043 3952">
     <span class='ocr_line' id='line_1_39' title="bbox 418 3864 1043 3952; baseline -0.008 -14"><span class='ocrx_word' id='word_1_219' title='bbox 418 3864 426 3871; x_wconf 63' lang='grc'><strong>’</strong></span> <span class='ocrx_word' id='word_1_220' title='bbox 515 3880 706 3952; x_wconf 82' lang='lat' dir='ltr'><strong>synodi</strong></span> <span class='ocrx_word' id='word_1_221' title='bbox 731 3879 890 3948; x_wconf 77' lang='lat' dir='ltr'><strong>eiecti</strong></span> <span class='ocrx_word' id='word_1_222' title='bbox 915 3880 1043 3934; x_wconf 88' lang='lat' dir='ltr'><strong>sint.</strong></span> 
     </span>
    </p>
   </div>
   <div class='ocr_carea' id='block_1_39' title="bbox 508 3987 2083 4064">
    <p class='ocr_par' dir='ltr' id='par_1_39' title="bbox 508 3987 2083 4064">
     <span class='ocr_line' id='line_1_40' title="bbox 508 3987 2083 4064; baseline 0.001 -16"><span class='ocrx_word' id='word_1_223' title='bbox 508 3987 639 4064; x_wconf 62' lang='lat' dir='ltr'><strong>Car.</strong></span> <span class='ocrx_word' id='word_1_224' title='bbox 670 4007 833 4064; x_wconf 67' lang='grc' dir='ltr'>χχχν.</span> <span class='ocrx_word' id='word_1_225' title='bbox 870 4021 947 4030; x_wconf 75' lang='grc'><strong><em>--</em></strong></span> <span class='ocrx_word' id='word_1_226' title='bbox 993 3990 1070 4046; x_wconf 88' lang='lat' dir='ltr'><strong>De</strong></span> <span class='ocrx_word' id='word_1_227' title='bbox 1106 4007 1165 4045; x_wconf 90' lang='lat' dir='ltr'><strong>eo</strong></span> <span class='ocrx_word' id='word_1_228' title='bbox 1200 3991 1338 4064; x_wconf 75' lang='lat' dir='ltr'><strong>quod</strong></span> <span class='ocrx_word' id='word_1_229' title='bbox 1370 3991 1744 4064; x_wconf 74' lang='lat' dir='ltr'><strong>nondispersa</strong></span> <span class='ocrx_word' id='word_1_230' title='bbox 1783 4010 1893 4048; x_wconf 90' lang='lat' dir='ltr'><strong>esse</strong></span> <span class='ocrx_word' id='word_1_231' title='bbox 1936 3994 2083 4050; x_wconf 84' lang='lat' dir='ltr'><strong>debet</strong></span> 
     </span>
    </p>
   </div>
   <div class='ocr_carea' id='block_1_40' title="bbox 578 4060 2083 4135">
    <p class='ocr_par' dir='ltr' id='par_1_40' title="bbox 578 4060 2083 4135">
     <span class='ocr_line' id='line_1_41' title="bbox 578 4060 2083 4135; baseline 0.002 -18"><span class='ocrx_word' id='word_1_232' title='bbox 578 4060 814 4135; x_wconf 77' lang='lat' dir='ltr'><strong>Ecclesia</strong></span> <span class='ocrx_word' id='word_1_233' title='bbox 846 4078 936 4135; x_wconf 78' lang='lat' dir='ltr'><strong>per</strong></span> <span class='ocrx_word' id='word_1_234' title='bbox 958 4060 1368 4129; x_wconf 82' lang='lat' dir='ltr'><strong>contumaciam,</strong></span> <span class='ocrx_word' id='word_1_235' title='bbox 1405 4062 1495 4117; x_wconf 87' lang='lat' dir='ltr'><strong>sed</strong></span> <span class='ocrx_word' id='word_1_236' title='bbox 1527 4060 1997 4135; x_wconf 67' lang='lat' dir='ltr'><strong>congreganda‘est</strong></span> <span class='ocrx_word' id='word_1_237' title='bbox 2028 4076 2083 4120; x_wconf 88' lang='lat' dir='ltr'><strong>ut</strong></span> 
     </span>
    </p>
   </div>
   <div class='ocr_carea' id='block_1_41' title="bbox 554 4130 954 4188">
    <p class='ocr_par' dir='ltr' id='par_1_41' title="bbox 554 4130 954 4188">
     <span class='ocr_line' id='line_1_42' title="bbox 554 4130 954 4188; baseline -0.005 0"><span class='ocrx_word' id='word_1_238' title='bbox 554 4148 695 4188; x_wconf 7' lang='lat' dir='ltr'><strong>paves</strong></span> <span class='ocrx_word' id='word_1_239' title='bbox 720 4133 777 4186; x_wconf 89' lang='lat' dir='ltr'><strong>in</strong></span> <span class='ocrx_word' id='word_1_240' title='bbox 804 4130 954 4187; x_wconf 73' lang='lat' dir='ltr'><strong>orile.</strong></span> 
     </span>
    </p>
   </div>
   <div class='ocr_carea' id='block_1_42' title="bbox 547 4242 2083 4316">
    <p class='ocr_par' dir='ltr' id='par_1_42' title="bbox 547 4242 2083 4316">
     <span class='ocr_line' id='line_1_43' title="bbox 547 4242 2083 4316; baseline 0.005 -19"><span class='ocrx_word' id='word_1_241' title='bbox 547 4242 829 4315; x_wconf 53' lang='lat' dir='ltr'><strong>.Synodus</strong></span> <span class='ocrx_word' id='word_1_242' title='bbox 865 4242 1252 4300; x_wconf 85' lang='lat' dir='ltr'><strong>llibcrnensis:</strong></span> <span class='ocrx_word' id='word_1_243' title='bbox 1293 4242 1357 4300; x_wconf 88' lang='lat' dir='ltr'><strong>Si</strong></span> <span class='ocrx_word' id='word_1_244' title='bbox 1404 4260 1510 4316; x_wconf 90' lang='lat' dir='ltr'><strong>qua</strong></span> <span class='ocrx_word' id='word_1_245' title='bbox 1553 4248 1895 4304; x_wconf 88' lang='lat' dir='ltr'><strong>contumacia</strong></span> <span class='ocrx_word' id='word_1_246' title='bbox 1940 4249 2083 4306; x_wconf 90' lang='lat' dir='ltr'><strong>inter</strong></span> 
     </span>
    </p>
   </div>
   <div class='ocr_carea' id='block_1_43' title="bbox 497 4333 2081 4412">
    <p class='ocr_par' dir='ltr' id='par_1_43' title="bbox 497 4333 2081 4412">
     <span class='ocr_line' id='line_1_44' title="bbox 497 4333 2081 4412; baseline 0.004 -23"><span class='ocrx_word' id='word_1_247' title='bbox 497 4333 804 4404; x_wconf 68' lang='lat' dir='ltr'><strong>principem</strong></span> <span class='ocrx_word' id='word_1_248' title='bbox 848 4342 904 4388; x_wconf 92' lang='lat' dir='ltr'><strong>et</strong></span> <span class='ocrx_word' id='word_1_249' title='bbox 946 4348 1140 4390; x_wconf 88' lang='lat' dir='ltr'><strong>nomen</strong></span> <span class='ocrx_word' id='word_1_250' title='bbox 1189 4333 1306 4405; x_wconf 82' lang='lat' dir='ltr'><strong>ejus</strong></span> <span class='ocrx_word' id='word_1_251' title='bbox 1341 4351 1444 4407; x_wconf 83' lang='lat' dir='ltr'><strong>per</strong></span> <span class='ocrx_word' id='word_1_252' title='bbox 1480 4336 1805 4395; x_wconf 87' lang='lat' dir='ltr'><strong>discordiam</strong></span> <span class='ocrx_word' id='word_1_253' title='bbox 1846 4340 2081 4412; x_wconf 86' lang='lat' dir='ltr'><strong>aliquam</strong></span> 
     </span>
    </p>
   </div>
   <div class='ocr_carea' id='block_1_44' title="bbox 504 4422 2081 4501">
    <p class='ocr_par' dir='ltr' id='par_1_44' title="bbox 504 4422 2081 4501">
     <span class='ocr_line' id='line_1_45' title="bbox 504 4422 2081 4501; baseline 0.005 -22"><span class='ocrx_word' id='word_1_254' title='bbox 504 4433 624 4479; x_wconf 87' lang='lat' dir='ltr'><strong>orta</strong></span> <span class='ocrx_word' id='word_1_255' title='bbox 646 4424 753 4479; x_wconf 88' lang='lat' dir='ltr'><strong>sit:</strong></span> <span class='ocrx_word' id='word_1_256' title='bbox 787 4439 894 4479; x_wconf 92' lang='lat' dir='ltr'><strong>non</strong></span> <span class='ocrx_word' id='word_1_257' title='bbox 925 4422 1132 4494; x_wconf 82' lang='lat' dir='ltr'><strong>rejiciat</strong></span> <span class='ocrx_word' id='word_1_258' title='bbox 1157 4433 1341 4495; x_wconf 87' lang='lat' dir='ltr'><strong>pastor</strong></span> <span class='ocrx_word' id='word_1_259' title='bbox 1363 4442 1582 4499; x_wconf 72' lang='lat' dir='ltr'><strong>gregem</strong></span> <span class='ocrx_word' id='word_1_260' title='bbox 1609 4444 1765 4484; x_wconf 89' lang='lat' dir='ltr'><strong>suum</strong></span> <span class='ocrx_word' id='word_1_261' title='bbox 1794 4430 1847 4485; x_wconf 92' lang='lat' dir='ltr'><strong>in</strong></span> <span class='ocrx_word' id='word_1_262' title='bbox 1874 4431 2081 4501; x_wconf 82' lang='lat' dir='ltr'><strong>disper-</strong></span> 
     </span>
    </p>
   </div>
   <div class='ocr_carea' id='block_1_45' title="bbox 1320 328 2908 396">
    <p class='ocr_par' dir='ltr' id='par_1_45' title="bbox 1320 328 2908 396">
     <span class='ocr_line' id='line_1_46' title="bbox 1320 328 2908 396; baseline -0.002 -3"><span class='ocrx_word' id='word_1_263' title='bbox 1320 336 1590 394; x_wconf 80' lang='lat' dir='ltr'><strong>ABEDOC</strong></span> <span class='ocrx_word' id='word_1_264' title='bbox 1617 333 1714 394; x_wconf 80' lang='lat' dir='ltr'><strong>ET</strong></span> <span class='ocrx_word' id='word_1_265' title='bbox 1749 328 2249 396; x_wconf 74' lang='lat' dir='ltr'><strong>ETHELVOLFUS</strong></span> <span class='ocrx_word' id='word_1_266' title='bbox 2284 334 2597 394; x_wconf 76' lang='lat' dir='ltr'><strong>ABBATES</strong></span> <span class='ocrx_word' id='word_1_267' title='bbox 2632 332 2908 392; x_wconf 76' lang='lat' dir='ltr'><strong>HIBERNI</strong></span> 
     </span>
    </p>
   </div>
   <div class='ocr_carea' id='block_1_46' title="bbox 510 444 2174 521">
    <p class='ocr_par' dir='ltr' id='par_1_46' title="bbox 510 444 2174 521">
     <span class='ocr_line' id='line_1_47' title="bbox 510 444 2174 521; baseline 0.009 -23"><span class='ocrx_word' id='word_1_268' title='bbox 510 444 654 503; x_wconf 35' lang='grc' dir='ltr'><strong>κω.</strong></span> <span class='ocrx_word' id='word_1_269' title='bbox 683 459 777 501; x_wconf 80' lang='grc' dir='ltr'>χχ.</span> <span class='ocrx_word' id='word_1_270' title='bbox 798 473 868 486; x_wconf 90' lang='grc'><strong><em>-</em></strong></span> <span class='ocrx_word' id='word_1_271' title='bbox 905 445 984 503; x_wconf 85' lang='lat' dir='ltr'><strong>De</strong></span> <span class='ocrx_word' id='word_1_272' title='bbox 1019 462 1270 521; x_wconf 77' lang='lat' dir='ltr'><strong>consensu</strong></span> <span class='ocrx_word' id='word_1_273' title='bbox 1305 448 1483 519; x_wconf 80' lang='lat' dir='ltr'><strong>populi</strong></span> <span class='ocrx_word' id='word_1_274' title='bbox 1512 465 1631 504; x_wconf 74' lang='lat' dir='ltr'><strong>cum</strong></span> <span class='ocrx_word' id='word_1_275' title='bbox 1668 450 1901 521; x_wconf 80' lang='lat' dir='ltr'><strong>principe</strong></span> <span class='ocrx_word' id='word_1_276' title='bbox 1921 452 2095 505; x_wconf 83' lang='lat' dir='ltr'><strong>in-or-</strong></span> <span class='ocrx_word' id='word_1_277' title='bbox 2119 454 2174 513; x_wconf 68' lang='grc' dir='ltr'><strong>Δ</strong></span> 
     </span>
    </p>
   </div>
   <div class='ocr_carea' id='block_1_47' title="bbox 2668 442 3300 506">
    <p class='ocr_par' dir='ltr' id='par_1_47' title="bbox 2668 442 3300 506">
     <span class='ocr_line' id='line_1_48' title="bbox 2668 442 3300 506; baseline -0.006 -1"><span class='ocrx_word' id='word_1_278' title='bbox 2668 442 2777 505; x_wconf 80' lang='lat' dir='ltr'><strong>EX</strong></span> <span class='ocrx_word' id='word_1_279' title='bbox 2799 445 3006 506; x_wconf 74' lang='lat' dir='ltr'><strong>LIBRO</strong></span> <span class='ocrx_word' id='word_1_280' title='bbox 3038 447 3300 505; x_wconf 77' lang='lat' dir='ltr'><strong>XXXVII.</strong></span> 
     </span>
    </p>
   </div>
   <div class='ocr_carea' id='block_1_48' title="bbox 2752 554 3205 596">
    <p class='ocr_par' dir='ltr' id='par_1_48' title="bbox 2752 554 3205 596">
     <span class='ocr_line' id='line_1_49' title="bbox 2752 554 3205 596; baseline 0 -2"><span class='ocrx_word' id='word_1_281' title='bbox 2752 554 2819 594; x_wconf 77' lang='lat' dir='ltr'><strong><em>DE</em></strong></span> <span class='ocrx_word' id='word_1_282' title='bbox 2858 554 3205 596; x_wconf 78' lang='lat' dir='ltr'><strong>DOCTOBIBUS.</strong></span> 
     </span>
    </p>
   </div>
   <div class='ocr_carea' id='block_1_49' title="bbox 2194 626 3751 701">
    <p class='ocr_par' dir='ltr' id='par_1_49' title="bbox 2194 626 3751 701">
     <span class='ocr_line' id='line_1_50' title="bbox 2194 626 3751 701; baseline 0.001 -19"><span class='ocrx_word' id='word_1_283' title='bbox 2194 627 2321 682; x_wconf 73' lang='lat' dir='ltr'><strong>Car.</strong></span> <span class='ocrx_word' id='word_1_284' title='bbox 2349 628 2459 682; x_wconf 78' lang='lat' dir='ltr'><strong>xvt.</strong></span> <span class='ocrx_word' id='word_1_285' title='bbox 2479 657 2551 667; x_wconf 91' lang='lat'><strong><em>—</em></strong></span> <span class='ocrx_word' id='word_1_286' title='bbox 2573 626 2651 681; x_wconf 84' lang='lat' dir='ltr'><strong>De</strong></span> <span class='ocrx_word' id='word_1_287' title='bbox 2678 628 3037 701; x_wconf 73' lang='lat' dir='ltr'><strong>emendatione</strong></span> <span class='ocrx_word' id='word_1_288' title='bbox 3062 630 3351 694; x_wconf 67' lang='lat' dir='ltr'><strong>doctorum,</strong></span> <span class='ocrx_word' id='word_1_289' title='bbox 3382 630 3531 699; x_wconf 82' lang='lat' dir='ltr'><strong>quod</strong></span> <span class='ocrx_word' id='word_1_290' title='bbox 3563 631 3631 683; x_wconf 75' lang='lat' dir='ltr'><strong>ab</strong></span> <span class='ocrx_word' id='word_1_291' title='bbox 3654 631 3751 701; x_wconf 78' lang='lat' dir='ltr'><strong>ipsi</strong></span> 
     </span>
    </p>
   </div>
   <div class='ocr_carea' id='block_1_50' title="bbox 2730 697 3218 752">
    <p class='ocr_par' dir='ltr' id='par_1_50' title="bbox 2730 697 3218 752">
     <span class='ocr_line' id='line_1_51' title="bbox 2730 697 3218 752; baseline 0.004 -2"><span class='ocrx_word' id='word_1_292' title='bbox 2730 697 2952 752; x_wconf 74' lang='lat' dir='ltr'><strong>lucresis</strong></span> <span class='ocrx_word' id='word_1_293' title='bbox 2982 709 3099 752; x_wconf 87' lang='lat' dir='ltr'><strong>orta</strong></span> <span class='ocrx_word' id='word_1_294' title='bbox 3125 708 3218 752; x_wconf 86' lang='lat' dir='ltr'><strong>est.</strong></span> 
     </span>
    </p>
   </div>
   <div class='ocr_carea' id='block_1_51' title="bbox 2266 783 3795 861">
    <p class='ocr_par' dir='ltr' id='par_1_51' title="bbox 2266 783 3795 861">
     <span class='ocr_line' id='line_1_52' title="bbox 2266 783 3795 861; baseline 0.004 -21"><span class='ocrx_word' id='word_1_295' title='bbox 2266 783 2549 857; x_wconf 74' lang='lat' dir='ltr'><strong>Synodus:</strong></span> <span class='ocrx_word' id='word_1_296' title='bbox 2590 784 2894 842; x_wconf 81' lang='lat' dir='ltr'><strong>Notandum</strong></span> <span class='ocrx_word' id='word_1_297' title='bbox 2932 786 3075 858; x_wconf 79' lang='lat' dir='ltr'><strong>quod</strong></span> <span class='ocrx_word' id='word_1_298' title='bbox 3102 790 3141 843; x_wconf 85' lang='lat' dir='ltr'><strong>a</strong></span> <span class='ocrx_word' id='word_1_299' title='bbox 3178 790 3524 861; x_wconf 82' lang='lat' dir='ltr'><strong>sapientibus</strong></span> <span class='ocrx_word' id='word_1_300' title='bbox 3553 791 3748 845; x_wconf 63' lang='lat' dir='ltr'><strong>heresi</strong></span> <span class='ocrx_word' id='word_1_301' title='bbox 3790 826 3795 837; x_wconf 68' lang='grc' dir='ltr'><strong><em>ο</em></strong></span> 
     </span>
    </p>
   </div>
   <div class='ocr_carea' id='block_1_52' title="bbox 2187 868 3637 947">
    <p class='ocr_par' dir='ltr' id='par_1_52' title="bbox 2187 868 3637 947">
     <span class='ocr_line' id='line_1_53' title="bbox 2187 868 3637 947; baseline 0.001 -17"><span class='ocrx_word' id='word_1_302' title='bbox 2187 892 2290 947; x_wconf 88' lang='lat' dir='ltr'><strong>per</strong></span> <span class='ocrx_word' id='word_1_303' title='bbox 2313 877 2571 932; x_wconf 89' lang='lat' dir='ltr'><strong>mundum</strong></span> <span class='ocrx_word' id='word_1_304' title='bbox 2598 876 2773 933; x_wconf 87' lang='lat' dir='ltr'><strong>delata</strong></span> <span class='ocrx_word' id='word_1_305' title='bbox 2802 887 2907 933; x_wconf 92' lang='lat' dir='ltr'><strong>est.</strong></span> <span class='ocrx_word' id='word_1_306' title='bbox 3626 868 3637 877; x_wconf 78' lang='grc'><strong>’</strong></span> 
     </span>
    </p>
   </div>
   <div class='ocr_carea' id='block_1_53' title="bbox 2655 967 3304 1027">
    <p class='ocr_par' dir='ltr' id='par_1_53' title="bbox 2655 967 3304 1027">
     <span class='ocr_line' id='line_1_54' title="bbox 2655 967 3304 1027; baseline 0.006 -6"><span class='ocrx_word' id='word_1_307' title='bbox 2655 967 2747 1021; x_wconf 75' lang='lat' dir='ltr'><strong>EX</strong></span> <span class='ocrx_word' id='word_1_308' title='bbox 2782 967 2984 1025; x_wconf 69' lang='grc' dir='ltr'><strong>ιωηο</strong></span> <span class='ocrx_word' id='word_1_309' title='bbox 3022 970 3304 1027; x_wconf 75' lang='lat' dir='ltr'><strong>XXXVIII.</strong></span> 
     </span>
    </p>
   </div>
   <div class='ocr_carea' id='block_1_54' title="bbox 2796 1075 3173 1116">
    <p class='ocr_par' dir='ltr' id='par_1_54' title="bbox 2796 1075 3173 1116">
     <span class='ocr_line' id='line_1_55' title="bbox 2796 1075 3173 1116; baseline 0.008 -3"><span class='ocrx_word' id='word_1_310' title='bbox 2796 1076 2861 1113; x_wconf 78' lang='lat' dir='ltr'><strong>DE</strong></span> <span class='ocrx_word' id='word_1_311' title='bbox 2894 1075 3173 1116; x_wconf 70' lang='grc' dir='ltr'>ιιοιυσιιιε.</span> 
     </span>
    </p>
   </div>
   <div class='ocr_carea' id='block_1_55' title="bbox 2454 1146 3516 1229">
    <p class='ocr_par' dir='ltr' id='par_1_55' title="bbox 2454 1146 3516 1229">
     <span class='ocr_line' id='line_1_56' title="bbox 2454 1146 3516 1229; baseline 0.003 -26"><span class='ocrx_word' id='word_1_312' title='bbox 2454 1146 2584 1204; x_wconf 69' lang='lat' dir='ltr'><strong>CAP.</strong></span> <span class='ocrx_word' id='word_1_313' title='bbox 2615 1166 2744 1205; x_wconf 49' lang='lat' dir='ltr'><strong>tu»</strong></span> <span class='ocrx_word' id='word_1_314' title='bbox 2767 1151 2843 1205; x_wconf 83' lang='lat' dir='ltr'><strong>De</strong></span> <span class='ocrx_word' id='word_1_315' title='bbox 2872 1154 3080 1206; x_wconf 83' lang='lat' dir='ltr'><strong>nomine</strong></span> <span class='ocrx_word' id='word_1_316' title='bbox 3098 1153 3516 1229; x_wconf 68' lang='lat' dir='ltr'><strong>monachorum.</strong></span> 
     </span>
    </p>
   </div>
   <div class='ocr_carea' id='block_1_56' title="bbox 2266 1236 3770 1309">
    <p class='ocr_par' dir='ltr' id='par_1_56' title="bbox 2266 1236 3770 1309">
     <span class='ocr_line' id='line_1_57' title="bbox 2266 1236 3770 1309; baseline 0.005 -18"><span class='ocrx_word' id='word_1_317' title='bbox 2266 1236 2517 1308; x_wconf 81' lang='lat' dir='ltr'><strong>Synodus</strong></span> <span class='ocrx_word' id='word_1_318' title='bbox 2543 1239 2932 1296; x_wconf 75' lang='lat' dir='ltr'><strong>Hibernensis:</strong></span> <span class='ocrx_word' id='word_1_319' title='bbox 2964 1240 3281 1296; x_wconf 70' lang='lat' dir='ltr'><strong>Monachus</strong></span> <span class='ocrx_word' id='word_1_320' title='bbox 3325 1242 3556 1309; x_wconf 60' lang='grc' dir='ltr'><strong>(ιι-ωας.</strong></span> <span class='ocrx_word' id='word_1_321' title='bbox 3602 1245 3770 1299; x_wconf 64' lang='grc' dir='ltr'><strong>Ιλιὶπῖ</strong></span> 
     </span>
    </p>
   </div>
   <div class='ocr_carea' id='block_1_57' title="bbox 2193 1329 3771 1400">
    <p class='ocr_par' dir='ltr' id='par_1_57' title="bbox 2193 1329 3771 1400">
     <span class='ocr_line' id='line_1_58' title="bbox 2193 1329 3771 1400; baseline 0.002 -18"><span class='ocrx_word' id='word_1_322' title='bbox 2193 1329 2400 1396; x_wconf 86' lang='lat' dir='ltr'><strong>unalis,</strong></span> <span class='ocrx_word' id='word_1_323' title='bbox 2441 1330 2565 1385; x_wconf 74' lang='lat' dir='ltr'><strong>sive</strong></span> <span class='ocrx_word' id='word_1_324' title='bbox 2592 1332 2735 1400; x_wconf 85' lang='lat' dir='ltr'><strong>quod</strong></span> <span class='ocrx_word' id='word_1_325' title='bbox 2773 1333 2919 1387; x_wconf 86' lang='lat' dir='ltr'><strong>solus</strong></span> <span class='ocrx_word' id='word_1_326' title='bbox 2960 1332 3013 1386; x_wconf 85' lang='lat' dir='ltr'><strong>in</strong></span> <span class='ocrx_word' id='word_1_327' title='bbox 3050 1346 3235 1387; x_wconf 92' lang='lat' dir='ltr'><strong>eremo</strong></span> <span class='ocrx_word' id='word_1_328' title='bbox 3262 1333 3443 1387; x_wconf 87' lang='lat' dir='ltr'><strong>vitam</strong></span> <span class='ocrx_word' id='word_1_329' title='bbox 3485 1335 3723 1389; x_wconf 79' lang='lat' dir='ltr'><strong>solitaria</strong></span> <span class='ocrx_word' id='word_1_330' title='bbox 3746 1356 3771 1385; x_wconf 69' lang='grc' dir='ltr'><strong>ιι</strong></span> 
     </span>
    </p>
   </div>
   <div class='ocr_carea' id='block_1_58' title="bbox 2193 1419 3770 1490">
    <p class='ocr_par' dir='ltr' id='par_1_58' title="bbox 2193 1419 3770 1490">
     <span class='ocr_line' id='line_1_59' title="bbox 2193 1419 3770 1490; baseline 0.003 -18"><span class='ocrx_word' id='word_1_331' title='bbox 2193 1419 2369 1485; x_wconf 85' lang='lat' dir='ltr'><strong>ducit;</strong></span> <span class='ocrx_word' id='word_1_332' title='bbox 2415 1420 2530 1475; x_wconf 88' lang='lat' dir='ltr'><strong>sive</strong></span> <span class='ocrx_word' id='word_1_333' title='bbox 2557 1422 2702 1490; x_wconf 85' lang='lat' dir='ltr'><strong>quod</strong></span> <span class='ocrx_word' id='word_1_334' title='bbox 2735 1421 2852 1476; x_wconf 89' lang='lat' dir='ltr'><strong>sine</strong></span> <span class='ocrx_word' id='word_1_335' title='bbox 2896 1422 3286 1490; x_wconf 68' lang='lat' dir='ltr'><strong>impedimento</strong></span> <span class='ocrx_word' id='word_1_336' title='bbox 3317 1424 3589 1477; x_wconf 79' lang='lat' dir='ltr'><strong>mundiali</strong></span> <span class='ocrx_word' id='word_1_337' title='bbox 3637 1441 3770 1477; x_wconf 73' lang='lat' dir='ltr'><strong>mnu-</strong></span> 
     </span>
    </p>
   </div>
   <div class='ocr_carea' id='block_1_59' title="bbox 2197 1508 3769 1580">
    <p class='ocr_par' dir='ltr' id='par_1_59' title="bbox 2197 1508 3769 1580">
     <span class='ocr_line' id='line_1_60' title="bbox 2197 1508 3769 1580; baseline 0.003 -18"><span class='ocrx_word' id='word_1_338' title='bbox 2197 1508 2319 1563; x_wconf 85' lang='lat' dir='ltr'><strong>dum</strong></span> <span class='ocrx_word' id='word_1_339' title='bbox 2348 1510 2582 1576; x_wconf 83' lang='lat' dir='ltr'><strong>habitet;</strong></span> <span class='ocrx_word' id='word_1_340' title='bbox 2624 1510 2738 1565; x_wconf 88' lang='lat' dir='ltr'><strong>sive</strong></span> <span class='ocrx_word' id='word_1_341' title='bbox 2765 1512 2909 1580; x_wconf 84' lang='lat' dir='ltr'><strong>quod</strong></span> <span class='ocrx_word' id='word_1_342' title='bbox 2938 1512 2991 1564; x_wconf 88' lang='lat' dir='ltr'><strong>in</strong></span> <span class='ocrx_word' id='word_1_343' title='bbox 3023 1512 3124 1567; x_wconf 89' lang='lat' dir='ltr'><strong>hac</strong></span> <span class='ocrx_word' id='word_1_344' title='bbox 3152 1512 3262 1567; x_wconf 81' lang='lat' dir='ltr'><strong>vita</strong></span> <span class='ocrx_word' id='word_1_345' title='bbox 3289 1513 3471 1578; x_wconf 86' lang='lat' dir='ltr'><strong>solus,</strong></span> <span class='ocrx_word' id='word_1_346' title='bbox 3501 1514 3609 1568; x_wconf 85' lang='lat' dir='ltr'><strong>etsi</strong></span> <span class='ocrx_word' id='word_1_347' title='bbox 3646 1515 3769 1567; x_wconf 61' lang='grc' dir='ltr'>ἰηικι</span> 
     </span>
    </p>
   </div>
   <div class='ocr_carea' id='block_1_60' title="bbox 2194 1602 2933 1666">
    <p class='ocr_par' dir='ltr' id='par_1_60' title="bbox 2194 1602 2933 1666">
     <span class='ocr_line' id='line_1_61' title="bbox 2194 1602 2933 1666; baseline 0.004 -12"><span class='ocrx_word' id='word_1_348' title='bbox 2194 1602 2390 1656; x_wconf 86' lang='lat' dir='ltr'><strong>multos</strong></span> <span class='ocrx_word' id='word_1_349' title='bbox 2414 1602 2636 1666; x_wconf 88' lang='lat' dir='ltr'><strong>habitet,</strong></span> <span class='ocrx_word' id='word_1_350' title='bbox 2667 1612 2933 1658; x_wconf 78' lang='lat' dir='ltr'><strong>versetur.</strong></span> 
     </span>
    </p>
   </div>
   <div class='ocr_carea' id='block_1_61' title="bbox 2192 1694 3771 1771">
    <p class='ocr_par' dir='ltr' id='par_1_61' title="bbox 2192 1694 3771 1771">
     <span class='ocr_line' id='line_1_62' title="bbox 2192 1694 3771 1771; baseline 0.003 -21"><span class='ocrx_word' id='word_1_351' title='bbox 2192 1694 2321 1750; x_wconf 66' lang='lat' dir='ltr'><strong>Car.</strong></span> <span class='ocrx_word' id='word_1_352' title='bbox 2348 1712 2514 1750; x_wconf 85' lang='lat' dir='ltr'><strong>tv.—</strong></span> <span class='ocrx_word' id='word_1_353' title='bbox 2552 1696 2625 1750; x_wconf 89' lang='lat' dir='ltr'><strong>De</strong></span> <span class='ocrx_word' id='word_1_354' title='bbox 2661 1714 2720 1752; x_wconf 91' lang='lat' dir='ltr'><strong>eo</strong></span> <span class='ocrx_word' id='word_1_355' title='bbox 2757 1698 2897 1771; x_wconf 79' lang='lat' dir='ltr'><strong>quod</strong></span> <span class='ocrx_word' id='word_1_356' title='bbox 2939 1715 3043 1771; x_wconf 80' lang='lat' dir='ltr'><strong>non</strong></span> <span class='ocrx_word' id='word_1_357' title='bbox 3082 1709 3283 1768; x_wconf 84' lang='lat' dir='ltr'><strong>oportet</strong></span> <span class='ocrx_word' id='word_1_358' title='bbox 3314 1702 3771 1771; x_wconf 54' lang='lat' dir='ltr'><strong>monachum</strong></span> 
     </span>
    </p>
   </div>
   <div class='ocr_carea' id='block_1_62' title="bbox 2808 1768 3149 1822">
    <p class='ocr_par' dir='ltr' id='par_1_62' title="bbox 2808 1768 3149 1822">
     <span class='ocr_line' id='line_1_63' title="bbox 2808 1768 3149 1822; baseline -0.003 -1"><span class='ocrx_word' id='word_1_359' title='bbox 2808 1769 2922 1821; x_wconf 87' lang='lat' dir='ltr'><strong>sine</strong></span> <span class='ocrx_word' id='word_1_360' title='bbox 2947 1768 3149 1822; x_wconf 82' lang='lat' dir='ltr'><strong>abbate.</strong></span> 
     </span>
    </p>
   </div>
   <div class='ocr_carea' id='block_1_63' title="bbox 2266 1854 3769 1932">
    <p class='ocr_par' dir='ltr' id='par_1_63' title="bbox 2266 1854 3769 1932">
     <span class='ocr_line' id='line_1_64' title="bbox 2266 1854 3769 1932; baseline 0.003 -23"><span class='ocrx_word' id='word_1_361' title='bbox 2266 1854 2545 1926; x_wconf 76' lang='lat' dir='ltr'><strong>Synodus:</strong></span> <span class='ocrx_word' id='word_1_362' title='bbox 2576 1855 2692 1912; x_wconf 86' lang='lat' dir='ltr'><strong>Non</strong></span> <span class='ocrx_word' id='word_1_363' title='bbox 2725 1866 2938 1926; x_wconf 87' lang='lat' dir='ltr'><strong>oportet</strong></span> <span class='ocrx_word' id='word_1_364' title='bbox 2967 1859 3262 1914; x_wconf 88' lang='lat' dir='ltr'><strong>monachos</strong></span> <span class='ocrx_word' id='word_1_365' title='bbox 3293 1860 3417 1915; x_wconf 77' lang='lat' dir='ltr'><strong>ﬁeri</strong></span> <span class='ocrx_word' id='word_1_366' title='bbox 3453 1863 3578 1915; x_wconf 83' lang='lat' dir='ltr'><strong>sine</strong></span> <span class='ocrx_word' id='word_1_367' title='bbox 3599 1880 3769 1932; x_wconf 55' lang='lat' dir='ltr'><strong>guar-</strong></span> 
     </span>
    </p>
   </div>
   <div class='ocr_carea' id='block_1_64' title="bbox 2178 1947 3771 2013">
    <p class='ocr_par' dir='ltr' id='par_1_64' title="bbox 2178 1947 3771 2013">
     <span class='ocr_line' id='line_1_65' title="bbox 2178 1947 3771 2013; baseline 0.006 -12"><span class='ocrx_word' id='word_1_368' title='bbox 2178 1947 2431 2013; x_wconf 42' lang='lat' dir='ltr'><strong>‘ttatione,</strong></span> <span class='ocrx_word' id='word_1_369' title='bbox 2461 1948 2566 2003; x_wconf 78' lang='lat' dir='ltr'><strong>nisi</strong></span> <span class='ocrx_word' id='word_1_370' title='bbox 2603 1957 2812 2004; x_wconf 88' lang='lat' dir='ltr'><strong>tantum</strong></span> <span class='ocrx_word' id='word_1_371' title='bbox 2841 1966 2947 2005; x_wconf 87' lang='lat' dir='ltr'><strong>una</strong></span> <span class='ocrx_word' id='word_1_372' title='bbox 2978 1951 3138 2013; x_wconf 86' lang='lat' dir='ltr'><strong>hora,</strong></span> <span class='ocrx_word' id='word_1_373' title='bbox 3174 1968 3243 2007; x_wconf 90' lang='lat' dir='ltr'><strong>ne</strong></span> <span class='ocrx_word' id='word_1_374' title='bbox 3267 1962 3480 2007; x_wconf 83' lang='lat' dir='ltr'><strong>ventus</strong></span> <span class='ocrx_word' id='word_1_375' title='bbox 3508 1954 3771 2009; x_wconf 70' lang='lat' dir='ltr'><strong>discordis</strong></span> 
     </span>
    </p>
   </div>
   <div class='ocr_carea' id='block_1_65' title="bbox 2193 2040 3273 2112">
    <p class='ocr_par' dir='ltr' id='par_1_65' title="bbox 2193 2040 3273 2112">
     <span class='ocr_line' id='line_1_66' title="bbox 2193 2040 3273 2112; baseline 0.006 -19"><span class='ocrx_word' id='word_1_376' title='bbox 2193 2048 2249 2093; x_wconf 91' lang='lat' dir='ltr'><strong>et</strong></span> <span class='ocrx_word' id='word_1_377' title='bbox 2273 2040 2626 2097; x_wconf 88' lang='lat' dir='ltr'><strong>dissensionis</strong></span> <span class='ocrx_word' id='word_1_378' title='bbox 2652 2042 2931 2112; x_wconf 84' lang='lat' dir='ltr'><strong>diSperdat</strong></span> <span class='ocrx_word' id='word_1_379' title='bbox 2956 2043 3273 2099; x_wconf 86' lang='lat' dir='ltr'><strong>Ecclesiam.</strong></span> 
     </span>
    </p>
   </div>
   <div class='ocr_carea' id='block_1_66' title="bbox 2190 2148 3771 2235">
    <p class='ocr_par' dir='ltr' id='par_1_66' title="bbox 2190 2148 3771 2235">
     <span class='ocr_line' id='line_1_67' title="bbox 2190 2148 3771 2235; baseline 0.004 -30"><span class='ocrx_word' id='word_1_380' title='bbox 2190 2148 2403 2206; x_wconf 54' lang='grc' dir='ltr'><strong>(ἔχων.</strong></span> <span class='ocrx_word' id='word_1_381' title='bbox 2426 2178 2497 2192; x_wconf 87' lang='lat'><strong>--</strong></span> <span class='ocrx_word' id='word_1_382' title='bbox 2519 2151 2597 2208; x_wconf 85' lang='lat' dir='ltr'><strong>De</strong></span> <span class='ocrx_word' id='word_1_383' title='bbox 2624 2169 2682 2207; x_wconf 85' lang='lat' dir='ltr'><strong>eo</strong></span> <span class='ocrx_word' id='word_1_384' title='bbox 2711 2152 2851 2224; x_wconf 67' lang='lat' dir='ltr'><strong>quod</strong></span> <span class='ocrx_word' id='word_1_385' title='bbox 2880 2165 3214 2235; x_wconf 67' lang='lat' dir='ltr'><strong>nonpportet</strong></span> <span class='ocrx_word' id='word_1_386' title='bbox 3242 2158 3575 2211; x_wconf 69' lang='lat' dir='ltr'><strong>monachum</strong></span> <span class='ocrx_word' id='word_1_387' title='bbox 3603 2158 3771 2212; x_wconf 69' lang='lat' dir='ltr'><strong>habere</strong></span> 
     </span>
    </p>
   </div>
   <div class='ocr_carea' id='block_1_67' title="bbox 2830 2240 3118 2295">
    <p class='ocr_par' dir='ltr' id='par_1_67' title="bbox 2830 2240 3118 2295">
     <span class='ocr_line' id='line_1_68' title="bbox 2830 2240 3118 2295; baseline 0 -19"><span class='ocrx_word' id='word_1_388' title='bbox 2830 2240 3118 2295; x_wconf 73' lang='lat' dir='ltr'><strong>prapmtm.</strong></span> 
     </span>
    </p>
   </div>
   <div class='ocr_carea' id='block_1_68' title="bbox 2258 2329 3771 2402">
    <p class='ocr_par' dir='ltr' id='par_1_68' title="bbox 2258 2329 3771 2402">
     <span class='ocr_line' id='line_1_69' title="bbox 2258 2329 3771 2402; baseline 0.002 -16"><span class='ocrx_word' id='word_1_389' title='bbox 2258 2329 2445 2388; x_wconf 88' lang='lat' dir='ltr'><strong>Gildas</strong></span> <span class='ocrx_word' id='word_1_390' title='bbox 2467 2331 2602 2401; x_wconf 79' lang='lat' dir='ltr'><strong>dicit</strong></span> <span class='ocrx_word' id='word_1_391' title='bbox 2624 2350 2637 2387; x_wconf 90' lang='lat'><strong>:</strong></span> <span class='ocrx_word' id='word_1_392' title='bbox 2670 2333 2940 2402; x_wconf 82' lang='lat' dir='ltr'><strong>Quidquid</strong></span> <span class='ocrx_word' id='word_1_393' title='bbox 2966 2335 3234 2389; x_wconf 80' lang='lat' dir='ltr'><strong>monacho</strong></span> <span class='ocrx_word' id='word_1_394' title='bbox 3262 2335 3333 2389; x_wconf 82' lang='lat' dir='ltr'><strong>de</strong></span> <span class='ocrx_word' id='word_1_395' title='bbox 3362 2337 3538 2390; x_wconf 86' lang='lat' dir='ltr'><strong>rebus</strong></span> <span class='ocrx_word' id='word_1_396' title='bbox 3565 2338 3771 2391; x_wconf 64' lang='lat' dir='ltr'><strong>secula-</strong></span> 
     </span>
    </p>
   </div>
   <div class='ocr_carea' id='block_1_69' title="bbox 2190 2421 3771 2492">
    <p class='ocr_par' dir='ltr' id='par_1_69' title="bbox 2190 2421 3771 2492">
     <span class='ocr_line' id='line_1_70' title="bbox 2190 2421 3771 2492; baseline 0.004 -16"><span class='ocrx_word' id='word_1_397' title='bbox 2190 2421 2339 2478; x_wconf 91' lang='lat' dir='ltr'><strong>ribus</strong></span> <span class='ocrx_word' id='word_1_398' title='bbox 2360 2424 2898 2492; x_wconf 83' lang='lat' dir='ltr'><strong>superabundaverit,</strong></span> <span class='ocrx_word' id='word_1_399' title='bbox 2925 2425 2994 2479; x_wconf 89' lang='lat' dir='ltr'><strong>ad</strong></span> <span class='ocrx_word' id='word_1_400' title='bbox 3020 2424 3263 2480; x_wconf 74' lang='lat' dir='ltr'><strong>luxurias</strong></span> <span class='ocrx_word' id='word_1_401' title='bbox 3298 2435 3361 2480; x_wconf 88' lang='lat' dir='ltr'><strong>et</strong></span> <span class='ocrx_word' id='word_1_402' title='bbox 3381 2427 3613 2481; x_wconf 76' lang='lat' dir='ltr'><strong>divitias</strong></span> <span class='ocrx_word' id='word_1_403' title='bbox 3630 2428 3771 2483; x_wconf 73' lang='lat' dir='ltr'><strong>debet</strong></span> 
     </span>
    </p>
   </div>
   <div class='ocr_carea' id='block_1_70' title="bbox 2189 2513 3773 2586">
    <p class='ocr_par' dir='ltr' id='par_1_70' title="bbox 2189 2513 3773 2586">
     <span class='ocr_line' id='line_1_71' title="bbox 2189 2513 3773 2586; baseline 0.003 -16"><span class='ocrx_word' id='word_1_404' title='bbox 2189 2513 2417 2571; x_wconf 85' lang='lat' dir='ltr'><strong>referri:</strong></span> <span class='ocrx_word' id='word_1_405' title='bbox 2468 2526 2525 2571; x_wconf 89' lang='lat' dir='ltr'><strong>et</strong></span> <span class='ocrx_word' id='word_1_406' title='bbox 2567 2517 2711 2586; x_wconf 91' lang='lat' dir='ltr'><strong>quod</strong></span> <span class='ocrx_word' id='word_1_407' title='bbox 2754 2517 3077 2572; x_wconf 88' lang='lat' dir='ltr'><strong>necessitate</strong></span> <span class='ocrx_word' id='word_1_408' title='bbox 3120 2533 3230 2573; x_wconf 90' lang='lat' dir='ltr'><strong>non</strong></span> <span class='ocrx_word' id='word_1_409' title='bbox 3258 2518 3550 2574; x_wconf 76' lang='lat' dir='ltr'><strong>voluntate</strong></span> <span class='ocrx_word' id='word_1_410' title='bbox 3587 2521 3773 2575; x_wconf 79' lang='lat' dir='ltr'><strong>habere</strong></span> 
     </span>
    </p>
   </div>
   <div class='ocr_carea' id='block_1_71' title="bbox 2188 2607 3772 2680">
    <p class='ocr_par' dir='ltr' id='par_1_71' title="bbox 2188 2607 3772 2680">
     <span class='ocr_line' id='line_1_72' title="bbox 2188 2607 3772 2680; baseline 0.004 -17"><span class='ocrx_word' id='word_1_411' title='bbox 2188 2607 2544 2678; x_wconf 89' lang='lat' dir='ltr'><strong>compellitur,</strong></span> <span class='ocrx_word' id='word_1_412' title='bbox 2567 2616 2629 2665; x_wconf 90' lang='lat' dir='ltr'><strong>ut</strong></span> <span class='ocrx_word' id='word_1_413' title='bbox 2652 2610 3014 2680; x_wconf 50' lang='lat' dir='ltr'><strong>non&#39;pennria</strong></span> <span class='ocrx_word' id='word_1_414' title='bbox 3036 2610 3216 2678; x_wconf 81' lang='lat' dir='ltr'><strong>cadat,</strong></span> <span class='ocrx_word' id='word_1_415' title='bbox 3240 2627 3350 2667; x_wconf 87' lang='lat' dir='ltr'><strong>non</strong></span> <span class='ocrx_word' id='word_1_416' title='bbox 3377 2613 3461 2667; x_wconf 87' lang='lat' dir='ltr'><strong>illi</strong></span> <span class='ocrx_word' id='word_1_417' title='bbox 3487 2615 3560 2669; x_wconf 84' lang='lat' dir='ltr'><strong>ad</strong></span> <span class='ocrx_word' id='word_1_418' title='bbox 3584 2614 3772 2669; x_wconf 75' lang='lat' dir='ltr'><strong>mlum</strong></span> 
     </span>
    </p>
   </div>
   <div class='ocr_carea' id='block_1_72' title="bbox 2187 2698 2544 2769">
    <p class='ocr_par' dir='ltr' id='par_1_72' title="bbox 2187 2698 2544 2769">
     <span class='ocr_line' id='line_1_73' title="bbox 2187 2698 2544 2769; baseline 0 -16"><span class='ocrx_word' id='word_1_419' title='bbox 2187 2698 2544 2769; x_wconf 87' lang='lat' dir='ltr'><strong>reputabitur.</strong></span> 
     </span>
    </p>
   </div>
   <div class='ocr_carea' id='block_1_73' title="bbox 2185 2809 3770 2873">
    <p class='ocr_par' dir='ltr' id='par_1_73' title="bbox 2185 2809 3770 2873">
     <span class='ocr_line' id='line_1_74' title="bbox 2185 2809 3770 2873; baseline 0.003 -7"><span class='ocrx_word' id='word_1_420' title='bbox 2185 2809 2314 2866; x_wconf 70' lang='lat' dir='ltr'><strong>CAP.</strong></span> <span class='ocrx_word' id='word_1_421' title='bbox 2342 2826 2416 2866; x_wconf 85' lang='lat' dir='ltr'><strong>vt.</strong></span> <span class='ocrx_word' id='word_1_422' title='bbox 2436 2842 2509 2851; x_wconf 92' lang='lat'><strong><em>—</em></strong></span> <span class='ocrx_word' id='word_1_423' title='bbox 2529 2810 2607 2866; x_wconf 87' lang='lat' dir='ltr'><strong>De</strong></span> <span class='ocrx_word' id='word_1_424' title='bbox 2634 2814 2888 2868; x_wconf 84' lang='lat' dir='ltr'><strong>monacho</strong></span> <span class='ocrx_word' id='word_1_425' title='bbox 2917 2829 3020 2868; x_wconf 90' lang='lat' dir='ltr'><strong>non</strong></span> <span class='ocrx_word' id='word_1_426' title='bbox 3048 2814 3319 2869; x_wconf 77' lang='lat' dir='ltr'><strong>retinendo</strong></span> <span class='ocrx_word' id='word_1_427' title='bbox 3351 2815 3419 2870; x_wconf 89' lang='lat' dir='ltr'><strong>ab</strong></span> <span class='ocrx_word' id='word_1_428' title='bbox 3448 2818 3643 2873; x_wconf 78' lang='lat' dir='ltr'><strong>abbate</strong></span> <span class='ocrx_word' id='word_1_429' title='bbox 3666 2836 3770 2873; x_wconf 66' lang='lat' dir='ltr'><strong>suo.</strong></span> 
     </span>
    </p>
   </div>
   <div class='ocr_carea' id='block_1_74' title="bbox 2254 2898 3769 2963">
    <p class='ocr_par' dir='ltr' id='par_1_74' title="bbox 2254 2898 3769 2963">
     <span class='ocr_line' id='line_1_75' title="bbox 2254 2898 3769 2963; baseline 0.005 -8"><span class='ocrx_word' id='word_1_430' title='bbox 2254 2898 2441 2955; x_wconf 85' lang='lat' dir='ltr'><strong>Gildas</strong></span> <span class='ocrx_word' id='word_1_431' title='bbox 2466 2900 2631 2955; x_wconf 88' lang='lat' dir='ltr'><strong>dicit:</strong></span> <span class='ocrx_word' id='word_1_432' title='bbox 2673 2901 2854 2957; x_wconf 76' lang='lat' dir='ltr'><strong>Abbas</strong></span> <span class='ocrx_word' id='word_1_433' title='bbox 2882 2904 3141 2959; x_wconf 88' lang='lat' dir='ltr'><strong>remissus</strong></span> <span class='ocrx_word' id='word_1_434' title='bbox 3171 2920 3279 2959; x_wconf 90' lang='lat' dir='ltr'><strong>non</strong></span> <span class='ocrx_word' id='word_1_435' title='bbox 3298 2906 3561 2962; x_wconf 77' lang='lat' dir='ltr'><strong>retineat</strong></span> <span class='ocrx_word' id='word_1_436' title='bbox 3587 2925 3769 2963; x_wconf 70' lang='lat' dir='ltr'><strong>mom-</strong></span> 
     </span>
    </p>
   </div>
   <div class='ocr_carea' id='block_1_75' title="bbox 2185 2988 3414 3051">
    <p class='ocr_par' dir='ltr' id='par_1_75' title="bbox 2185 2988 3414 3051">
     <span class='ocr_line' id='line_1_76' title="bbox 2185 2988 3414 3051; baseline 0.006 -8"><span class='ocrx_word' id='word_1_437' title='bbox 2185 2988 2348 3043; x_wconf 90' lang='lat' dir='ltr'><strong>chum</strong></span> <span class='ocrx_word' id='word_1_438' title='bbox 2377 3004 2534 3044; x_wconf 90' lang='lat' dir='ltr'><strong>suum</strong></span> <span class='ocrx_word' id='word_1_439' title='bbox 2561 2991 2629 3046; x_wconf 86' lang='lat' dir='ltr'><strong>ad</strong></span> <span class='ocrx_word' id='word_1_440' title='bbox 2653 2992 2986 3049; x_wconf 89' lang='lat' dir='ltr'><strong>districtiora</strong></span> <span class='ocrx_word' id='word_1_441' title='bbox 3012 3009 3071 3049; x_wconf 90' lang='lat' dir='ltr'><strong>se</strong></span> <span class='ocrx_word' id='word_1_442' title='bbox 3100 2996 3414 3051; x_wconf 84' lang='lat' dir='ltr'><strong>tendentem</strong></span> 
     </span>
    </p>
   </div>
   <div class='ocr_carea' id='block_1_76' title="bbox 2186 3076 3769 3159">
    <p class='ocr_par' dir='ltr' id='par_1_76' title="bbox 2186 3076 3769 3159">
     <span class='ocr_line' id='line_1_77' title="bbox 2186 3076 3769 3159; baseline 0.007 -26"><span class='ocrx_word' id='word_1_443' title='bbox 2186 3076 2314 3134; x_wconf 67' lang='lat' dir='ltr'><strong>Car.</strong></span> <span class='ocrx_word' id='word_1_444' title='bbox 2345 3094 2439 3134; x_wconf 85' lang='lat' dir='ltr'><strong>vn.</strong></span> <span class='ocrx_word' id='word_1_445' title='bbox 2473 3110 2543 3120; x_wconf 91' lang='lat'><strong>—</strong></span> <span class='ocrx_word' id='word_1_446' title='bbox 2578 3080 2656 3135; x_wconf 85' lang='lat' dir='ltr'><strong>De</strong></span> <span class='ocrx_word' id='word_1_447' title='bbox 2689 3084 2957 3138; x_wconf 78' lang='lat' dir='ltr'><strong>monac/iis</strong></span> <span class='ocrx_word' id='word_1_448' title='bbox 2995 3085 3314 3159; x_wconf 74' lang='lat' dir='ltr'><strong>fugientibus</strong></span> <span class='ocrx_word' id='word_1_449' title='bbox 3354 3097 3662 3159; x_wconf 62' lang='lat' dir='ltr'><strong>suscepta;</strong></span> <span class='ocrx_word' id='word_1_450' title='bbox 3700 3090 3769 3143; x_wconf 69' lang='lat' dir='ltr'><strong>ad</strong></span> 
     </span>
    </p>
   </div>
   <div class='ocr_carea' id='block_1_77' title="bbox 2773 3156 3175 3223">
    <p class='ocr_par' dir='ltr' id='par_1_77' title="bbox 2773 3156 3175 3223">
     <span class='ocr_line' id='line_1_78' title="bbox 2773 3156 3175 3223; baseline 0.007 -17"><span class='ocrx_word' id='word_1_451' title='bbox 2773 3169 2878 3207; x_wconf 86' lang='lat' dir='ltr'><strong>non</strong></span> <span class='ocrx_word' id='word_1_452' title='bbox 2905 3156 3175 3223; x_wconf 81' lang='lat' dir='ltr'><strong>susceptis.</strong></span> 
     </span>
    </p>
   </div>
   <div class='ocr_carea' id='block_1_78' title="bbox 2254 3235 3773 3308">
    <p class='ocr_par' dir='ltr' id='par_1_78' title="bbox 2254 3235 3773 3308">
     <span class='ocr_line' id='line_1_79' title="bbox 2254 3235 3773 3308; baseline 0.007 -15"><span class='ocrx_word' id='word_1_453' title='bbox 2254 3235 2439 3294; x_wconf 65' lang='lat' dir='ltr'><strong>Gildas</strong></span> <span class='ocrx_word' id='word_1_454' title='bbox 2463 3239 2576 3294; x_wconf 87' lang='lat' dir='ltr'><strong>ait:</strong></span> <span class='ocrx_word' id='word_1_455' title='bbox 2618 3238 2722 3308; x_wconf 87' lang='lat' dir='ltr'><strong>Qui</strong></span> <span class='ocrx_word' id='word_1_456' title='bbox 2749 3243 2973 3297; x_wconf 89' lang='lat' dir='ltr'><strong>veniunt</strong></span> <span class='ocrx_word' id='word_1_457' title='bbox 3006 3245 3075 3299; x_wconf 90' lang='lat' dir='ltr'><strong>ad</strong></span> <span class='ocrx_word' id='word_1_458' title='bbox 3100 3259 3195 3299; x_wconf 90' lang='lat' dir='ltr'><strong>vos</strong></span> <span class='ocrx_word' id='word_1_459' title='bbox 3225 3244 3293 3300; x_wconf 90' lang='lat' dir='ltr'><strong>de</strong></span> <span class='ocrx_word' id='word_1_460' title='bbox 3319 3244 3519 3303; x_wconf 87' lang='lat' dir='ltr'><strong>viliore</strong></span> <span class='ocrx_word' id='word_1_461' title='bbox 3554 3247 3679 3304; x_wconf 81' lang='lat' dir='ltr'><strong>loco</strong></span> <span class='ocrx_word' id='word_1_462' title='bbox 3708 3249 3773 3303; x_wconf 78' lang='lat' dir='ltr'><strong>ad</strong></span> 
     </span>
    </p>
   </div>
   <div class='ocr_carea' id='block_1_79' title="bbox 2184 3325 3770 3407">
    <p class='ocr_par' dir='ltr' id='par_1_79' title="bbox 2184 3325 3770 3407">
     <span class='ocr_line' id='line_1_80' title="bbox 2184 3325 3770 3407; baseline 0.006 -27"><span class='ocrx_word' id='word_1_463' title='bbox 2184 3325 2591 3395; x_wconf 81' lang='lat' dir='ltr'><strong>perfectionem,</strong></span> <span class='ocrx_word' id='word_1_464' title='bbox 2613 3343 2841 3398; x_wconf 75' lang='lat' dir='ltr'><strong>quorum</strong></span> <span class='ocrx_word' id='word_1_465' title='bbox 2860 3331 3028 3386; x_wconf 86' lang='lat' dir='ltr'><strong>abbas</strong></span> <span class='ocrx_word' id='word_1_466' title='bbox 3051 3331 3124 3386; x_wconf 87' lang='lat' dir='ltr'><strong>ita</strong></span> <span class='ocrx_word' id='word_1_467' title='bbox 3146 3332 3502 3404; x_wconf 81' lang='lat' dir='ltr'><strong>degeneravit</strong></span> <span class='ocrx_word' id='word_1_468' title='bbox 3523 3336 3593 3389; x_wconf 79' lang='lat' dir='ltr'><strong>ab</strong></span> <span class='ocrx_word' id='word_1_469' title='bbox 3610 3353 3770 3407; x_wconf 73' lang='lat' dir='ltr'><strong>opere</strong></span> 
     </span>
    </p>
   </div>
   <div class='ocr_carea' id='block_1_80' title="bbox 2185 3415 3767 3494">
    <p class='ocr_par' dir='ltr' id='par_1_80' title="bbox 2185 3415 3767 3494">
     <span class='ocr_line' id='line_1_81' title="bbox 2185 3415 3767 3494; baseline 0.008 -23"><span class='ocrx_word' id='word_1_470' title='bbox 2185 3415 2280 3471; x_wconf 86' lang='lat' dir='ltr'><strong>Dei</strong></span> <span class='ocrx_word' id='word_1_471' title='bbox 2309 3426 2369 3471; x_wconf 93' lang='lat' dir='ltr'><strong>ut</strong></span> <span class='ocrx_word' id='word_1_472' title='bbox 2396 3426 2668 3473; x_wconf 89' lang='lat' dir='ltr'><strong>mereatur</strong></span> <span class='ocrx_word' id='word_1_473' title='bbox 2694 3419 2763 3472; x_wconf 88' lang='lat' dir='ltr'><strong>ad</strong></span> <span class='ocrx_word' id='word_1_474' title='bbox 2791 3422 3031 3476; x_wconf 80' lang='lat' dir='ltr'><strong>mensam</strong></span> <span class='ocrx_word' id='word_1_475' title='bbox 3073 3438 3179 3478; x_wconf 90' lang='lat' dir='ltr'><strong>non</strong></span> <span class='ocrx_word' id='word_1_476' title='bbox 3224 3423 3392 3494; x_wconf 87' lang='lat' dir='ltr'><strong>recipi</strong></span> <span class='ocrx_word' id='word_1_477' title='bbox 3434 3437 3767 3492; x_wconf 72' lang='lat' dir='ltr'><strong>sanctorum,</strong></span> 
     </span>
    </p>
   </div>
   <div class='ocr_carea' id='block_1_81' title="bbox 2185 3508 3769 3585">
    <p class='ocr_par' dir='ltr' id='par_1_81' title="bbox 2185 3508 3769 3585">
     <span class='ocr_line' id='line_1_82' title="bbox 2185 3508 3769 3585; baseline 0.008 -22"><span class='ocrx_word' id='word_1_478' title='bbox 2185 3518 2240 3564; x_wconf 90' lang='lat' dir='ltr'><strong>et</strong></span> <span class='ocrx_word' id='word_1_479' title='bbox 2268 3508 2642 3566; x_wconf 83' lang='lat' dir='ltr'><strong>fornicationis</strong></span> <span class='ocrx_word' id='word_1_480' title='bbox 2671 3512 3035 3568; x_wconf 65' lang='lat' dir='ltr'><strong>crimine-non</strong></span> <span class='ocrx_word' id='word_1_481' title='bbox 3065 3517 3458 3585; x_wconf 68' lang='lat' dir='ltr'><strong>suspectionis,</strong></span> <span class='ocrx_word' id='word_1_482' title='bbox 3503 3521 3603 3575; x_wconf 88' lang='lat' dir='ltr'><strong>sed</strong></span> <span class='ocrx_word' id='word_1_483' title='bbox 3638 3521 3769 3575; x_wconf 66' lang='lat' dir='ltr'><strong>nale</strong></span> 
     </span>
    </p>
   </div>
   <div class='ocr_carea' id='block_1_82' title="bbox 2185 3600 3767 3683">
    <p class='ocr_par' dir='ltr' id='par_1_82' title="bbox 2185 3600 3767 3683">
     <span class='ocr_line' id='line_1_83' title="bbox 2185 3600 3767 3683; baseline 0.008 -29"><span class='ocrx_word' id='word_1_484' title='bbox 2185 3600 2418 3657; x_wconf 90' lang='lat' dir='ltr'><strong>videntis</strong></span> <span class='ocrx_word' id='word_1_485' title='bbox 2445 3602 2697 3669; x_wconf 88' lang='lat' dir='ltr'><strong>onerari,</strong></span> <span class='ocrx_word' id='word_1_486' title='bbox 2744 3605 3001 3675; x_wconf 84' lang='lat' dir='ltr'><strong>suscipite</strong></span> <span class='ocrx_word' id='word_1_487' title='bbox 3028 3608 3193 3662; x_wconf 88' lang='lat' dir='ltr'><strong>etiam</strong></span> <span class='ocrx_word' id='word_1_488' title='bbox 3225 3609 3346 3665; x_wconf 89' lang='lat' dir='ltr'><strong>sine</strong></span> <span class='ocrx_word' id='word_1_489' title='bbox 3370 3610 3488 3665; x_wconf 89' lang='lat' dir='ltr'><strong>ullo</strong></span> <span class='ocrx_word' id='word_1_490' title='bbox 3516 3614 3767 3683; x_wconf 79' lang='lat' dir='ltr'><strong>scrupulo</strong></span> 
     </span>
    </p>
   </div>
   <div class='ocr_carea' id='block_1_83' title="bbox 2186 3694 3765 3773">
    <p class='ocr_par' dir='ltr' id='par_1_83' title="bbox 2186 3694 3765 3773">
     <span class='ocr_line' id='line_1_84' title="bbox 2186 3694 3765 3773; baseline 0.008 -27"><span class='ocrx_word' id='word_1_491' title='bbox 2186 3695 2481 3749; x_wconf 89' lang='lat' dir='ltr'><strong>monachos</strong></span> <span class='ocrx_word' id='word_1_492' title='bbox 2511 3694 2644 3750; x_wconf 78' lang='lat' dir='ltr'><strong>tales</strong></span> <span class='ocrx_word' id='word_1_493' title='bbox 2669 3696 2737 3751; x_wconf 90' lang='lat' dir='ltr'><strong>ad</strong></span> <span class='ocrx_word' id='word_1_494' title='bbox 2763 3711 2859 3751; x_wconf 87' lang='lat' dir='ltr'><strong>vos</strong></span> <span class='ocrx_word' id='word_1_495' title='bbox 2884 3695 2953 3753; x_wconf 88' lang='lat' dir='ltr'><strong>de</strong></span> <span class='ocrx_word' id='word_1_496' title='bbox 2979 3696 3193 3753; x_wconf 79' lang='lat' dir='ltr'><strong>ﬂamma</strong></span> <span class='ocrx_word' id='word_1_497' title='bbox 3222 3698 3422 3755; x_wconf 85' lang='lat' dir='ltr'><strong>inferni</strong></span> <span class='ocrx_word' id='word_1_498' title='bbox 3451 3703 3765 3773; x_wconf 76' lang='lat' dir='ltr'><strong>confugien-</strong></span> 
     </span>
    </p>
   </div>
   <div class='ocr_carea' id='block_1_84' title="bbox 2187 3787 3767 3855">
    <p class='ocr_par' dir='ltr' id='par_1_84' title="bbox 2187 3787 3767 3855">
     <span class='ocr_line' id='line_1_85' title="bbox 2187 3787 3767 3855; baseline 0.01 -17"><span class='ocrx_word' id='word_1_499' title='bbox 2187 3793 2293 3848; x_wconf 83' lang='lat' dir='ltr'><strong>tes,</strong></span> <span class='ocrx_word' id='word_1_500' title='bbox 2335 3800 2672 3855; x_wconf 82' lang='lat' dir='ltr'><strong>nequaquam</strong></span> <span class='ocrx_word' id='word_1_501' title='bbox 2702 3787 2914 3843; x_wconf 87' lang='lat' dir='ltr'><strong>illorum</strong></span> <span class='ocrx_word' id='word_1_502' title='bbox 2930 3790 3189 3848; x_wconf 81' lang='lat' dir='ltr'><strong>consulto</strong></span> <span class='ocrx_word' id='word_1_503' title='bbox 3216 3794 3413 3849; x_wconf 87' lang='lat' dir='ltr'><strong>abbate</strong></span> <span class='ocrx_word' id='word_1_504' title='bbox 3437 3812 3453 3848; x_wconf 93' lang='lat'><strong>:</strong></span> <span class='ocrx_word' id='word_1_505' title='bbox 3492 3797 3617 3853; x_wconf 88' lang='lat' dir='ltr'><strong>illos</strong></span> <span class='ocrx_word' id='word_1_506' title='bbox 3646 3813 3767 3854; x_wconf 79' lang='lat' dir='ltr'><strong>vero</strong></span> 
     </span>
    </p>
   </div>
   <div class='ocr_carea' id='block_1_85' title="bbox 2185 3880 3767 3956">
    <p class='ocr_par' dir='ltr' id='par_1_85' title="bbox 2185 3880 3767 3956">
     <span class='ocr_line' id='line_1_86' title="bbox 2185 3880 3767 3956; baseline 0.009 -26"><span class='ocrx_word' id='word_1_507' title='bbox 2185 3892 2411 3946; x_wconf 90' lang='lat' dir='ltr'><strong>quorum</strong></span> <span class='ocrx_word' id='word_1_508' title='bbox 2446 3880 2695 3934; x_wconf 89' lang='lat' dir='ltr'><strong>abbatem</strong></span> <span class='ocrx_word' id='word_1_509' title='bbox 2725 3881 2792 3935; x_wconf 82' lang='lat' dir='ltr'><strong>de</strong></span> <span class='ocrx_word' id='word_1_510' title='bbox 2817 3897 3001 3944; x_wconf 82' lang='lat' dir='ltr'><strong>mensa</strong></span> <span class='ocrx_word' id='word_1_511' title='bbox 3027 3891 3344 3939; x_wconf 80' lang='lat' dir='ltr'><strong>sanctorum</strong></span> <span class='ocrx_word' id='word_1_512' title='bbox 3377 3898 3610 3956; x_wconf 86' lang='lat' dir='ltr'><strong>propter</strong></span> <span class='ocrx_word' id='word_1_513' title='bbox 3635 3890 3767 3943; x_wconf 69' lang='lat' dir='ltr'><strong>infa-</strong></span> 
     </span>
    </p>
   </div>
   <div class='ocr_carea' id='block_1_86' title="bbox 2185 3967 3765 4035">
    <p class='ocr_par' dir='ltr' id='par_1_86' title="bbox 2185 3967 3765 4035">
     <span class='ocr_line' id='line_1_87' title="bbox 2185 3967 3765 4035; baseline 0.009 -14"><span class='ocrx_word' id='word_1_514' title='bbox 2185 3967 2349 4021; x_wconf 87' lang='lat' dir='ltr'><strong>miam</strong></span> <span class='ocrx_word' id='word_1_515' title='bbox 2379 3983 2486 4023; x_wconf 94' lang='lat' dir='ltr'><strong>non</strong></span> <span class='ocrx_word' id='word_1_516' title='bbox 2516 3984 2782 4033; x_wconf 87' lang='lat' dir='ltr'><strong>arcemus,</strong></span> <span class='ocrx_word' id='word_1_517' title='bbox 2806 3987 2913 4025; x_wconf 88' lang='lat' dir='ltr'><strong>non</strong></span> <span class='ocrx_word' id='word_1_518' title='bbox 2940 3972 3198 4029; x_wconf 89' lang='lat' dir='ltr'><strong>debemus</strong></span> <span class='ocrx_word' id='word_1_519' title='bbox 3227 3974 3320 4029; x_wconf 88' lang='lat' dir='ltr'><strong>illo</strong></span> <span class='ocrx_word' id='word_1_520' title='bbox 3350 3978 3578 4033; x_wconf 88' lang='lat' dir='ltr'><strong>nolente</strong></span> <span class='ocrx_word' id='word_1_521' title='bbox 3600 3983 3765 4035; x_wconf 76' lang='lat' dir='ltr'><strong>susei-</strong></span> 
     </span>
    </p>
   </div>
   <div class='ocr_carea' id='block_1_87' title="bbox 2184 4062 3762 4129">
    <p class='ocr_par' dir='ltr' id='par_1_87' title="bbox 2184 4062 3762 4129">
     <span class='ocr_line' id='line_1_88' title="bbox 2184 4062 3762 4129; baseline 0.011 -19"><span class='ocrx_word' id='word_1_522' title='bbox 2184 4072 2355 4125; x_wconf 67' lang='lat' dir='ltr'><strong>pere;</strong></span> <span class='ocrx_word' id='word_1_523' title='bbox 2378 4066 2580 4128; x_wconf 86' lang='lat' dir='ltr'><strong>quanto</strong></span> <span class='ocrx_word' id='word_1_524' title='bbox 2608 4062 2779 4129; x_wconf 78' lang='lat' dir='ltr'><strong>magis</strong></span> <span class='ocrx_word' id='word_1_525' title='bbox 2802 4063 3078 4119; x_wconf 88' lang='lat' dir='ltr'><strong>venientes</strong></span> <span class='ocrx_word' id='word_1_526' title='bbox 3114 4065 3184 4120; x_wconf 92' lang='lat' dir='ltr'><strong>de</strong></span> <span class='ocrx_word' id='word_1_527' title='bbox 3224 4068 3434 4122; x_wconf 87' lang='lat' dir='ltr'><strong>sanctis</strong></span> <span class='ocrx_word' id='word_1_528' title='bbox 3482 4070 3762 4126; x_wconf 75' lang='lat' dir='ltr'><strong>abbatibus</strong></span> 
     </span>
    </p>
   </div>
   <div class='ocr_carea' id='block_1_88' title="bbox 2182 4148 3761 4230">
    <p class='ocr_par' dir='ltr' id='par_1_88' title="bbox 2182 4148 3761 4230">
     <span class='ocr_line' id='line_1_89' title="bbox 2182 4148 3761 4230; baseline 0.011 -30"><span class='ocrx_word' id='word_1_529' title='bbox 2182 4157 2238 4201; x_wconf 86' lang='lat' dir='ltr'><strong>et</strong></span> <span class='ocrx_word' id='word_1_530' title='bbox 2268 4148 2411 4202; x_wconf 91' lang='lat' dir='ltr'><strong>nullo</strong></span> <span class='ocrx_word' id='word_1_531' title='bbox 2438 4149 2545 4205; x_wconf 90' lang='lat' dir='ltr'><strong>alio</strong></span> <span class='ocrx_word' id='word_1_532' title='bbox 2569 4151 2727 4207; x_wconf 90' lang='lat' dir='ltr'><strong>modo</strong></span> <span class='ocrx_word' id='word_1_533' title='bbox 2756 4155 3040 4223; x_wconf 84' lang='lat' dir='ltr'><strong>suspectis,</strong></span> <span class='ocrx_word' id='word_1_534' title='bbox 3073 4156 3178 4210; x_wconf 91' lang='lat' dir='ltr'><strong>nisi</strong></span> <span class='ocrx_word' id='word_1_535' title='bbox 3205 4157 3347 4225; x_wconf 86' lang='lat' dir='ltr'><strong>quod</strong></span> <span class='ocrx_word' id='word_1_536' title='bbox 3379 4158 3552 4214; x_wconf 76' lang='lat' dir='ltr'><strong>habet</strong></span> <span class='ocrx_word' id='word_1_537' title='bbox 3576 4176 3761 4230; x_wconf 82' lang='lat' dir='ltr'><strong>pecora</strong></span> 
     </span>
    </p>
   </div>
   <div class='ocr_carea' id='block_1_89' title="bbox 2183 4235 3757 4313">
    <p class='ocr_par' dir='ltr' id='par_1_89' title="bbox 2183 4235 3757 4313">
     <span class='ocr_line' id='line_1_90' title="bbox 2183 4235 3757 4313; baseline 0.01 -24"><span class='ocrx_word' id='word_1_538' title='bbox 2183 4244 2237 4290; x_wconf 92' lang='lat' dir='ltr'><strong>et</strong></span> <span class='ocrx_word' id='word_1_539' title='bbox 2264 4235 2538 4303; x_wconf 88' lang='lat' dir='ltr'><strong>vehicula,</strong></span> <span class='ocrx_word' id='word_1_540' title='bbox 2569 4237 2652 4294; x_wconf 90' lang='lat' dir='ltr'><strong>vel</strong></span> <span class='ocrx_word' id='word_1_541' title='bbox 2696 4255 2795 4310; x_wconf 91' lang='lat' dir='ltr'><strong>pro</strong></span> <span class='ocrx_word' id='word_1_542' title='bbox 2841 4243 3229 4298; x_wconf 89' lang='lat' dir='ltr'><strong>consuetudine</strong></span> <span class='ocrx_word' id='word_1_543' title='bbox 3263 4245 3496 4313; x_wconf 64' lang='lat' dir='ltr'><strong>patriae,</strong></span> <span class='ocrx_word' id='word_1_544' title='bbox 3546 4249 3632 4303; x_wconf 84' lang='lat' dir='ltr'><strong>vel</strong></span> <span class='ocrx_word' id='word_1_545' title='bbox 3670 4265 3757 4304; x_wconf 74' lang='lat' dir='ltr'><strong>sua</strong></span> 
     </span>
    </p>
   </div>
   <div class='ocr_carea' id='block_1_90' title="bbox 2185 4327 3761 4405">
    <p class='ocr_par' dir='ltr' id='par_1_90' title="bbox 2185 4327 3761 4405">
     <span class='ocr_line' id='line_1_91' title="bbox 2185 4327 3761 4405; baseline 0.011 -24"><span class='ocrx_word' id='word_1_546' title='bbox 2185 4327 2523 4394; x_wconf 85' lang='lat' dir='ltr'><strong>infirmitate,</strong></span> <span class='ocrx_word' id='word_1_547' title='bbox 2567 4346 2689 4401; x_wconf 74' lang='lat' dir='ltr'><strong>qua:</strong></span> <span class='ocrx_word' id='word_1_548' title='bbox 2736 4332 2915 4389; x_wconf 84' lang='lat' dir='ltr'><strong>minus</strong></span> <span class='ocrx_word' id='word_1_549' title='bbox 2960 4334 3163 4391; x_wconf 65' lang='lat' dir='ltr'><strong>laedunt</strong></span> <span class='ocrx_word' id='word_1_550' title='bbox 3204 4337 3507 4405; x_wconf 84' lang='lat' dir='ltr'><strong>habentes,</strong></span> <span class='ocrx_word' id='word_1_551' title='bbox 3559 4343 3607 4397; x_wconf 86' lang='lat' dir='ltr'><strong>si</strong></span> <span class='ocrx_word' id='word_1_552' title='bbox 3644 4359 3761 4399; x_wconf 72' lang='lat' dir='ltr'><strong>ain</strong></span> 
     </span>
    </p>
   </div>
   <div class='ocr_carea' id='block_1_91' title="bbox 2185 4418 3757 4495">
    <p class='ocr_par' dir='ltr' id='par_1_91' title="bbox 2185 4418 3757 4495">
     <span class='ocr_line' id='line_1_92' title="bbox 2185 4418 3757 4495; baseline 0.011 -23"><span class='ocrx_word' id='word_1_553' title='bbox 2185 4418 2485 4476; x_wconf 87' lang='lat' dir='ltr'><strong>humilitate</strong></span> <span class='ocrx_word' id='word_1_554' title='bbox 2511 4429 2566 4476; x_wconf 91' lang='lat' dir='ltr'><strong>et</strong></span> <span class='ocrx_word' id='word_1_555' title='bbox 2591 4422 2872 4491; x_wconf 88' lang='lat' dir='ltr'><strong>patientia,</strong></span> <span class='ocrx_word' id='word_1_556' title='bbox 2895 4440 3056 4495; x_wconf 86' lang='lat' dir='ltr'><strong>quam</strong></span> <span class='ocrx_word' id='word_1_557' title='bbox 3070 4434 3264 4482; x_wconf 69' lang='lat' dir='ltr'><strong>aratra</strong></span> <span class='ocrx_word' id='word_1_558' title='bbox 3292 4431 3585 4488; x_wconf 83' lang='lat' dir='ltr'><strong>trahentes</strong></span> <span class='ocrx_word' id='word_1_559' title='bbox 3606 4443 3659 4489; x_wconf 85' lang='lat' dir='ltr'><strong>et</strong></span> <span class='ocrx_word' id='word_1_560' title='bbox 3678 4451 3757 4489; x_wconf 80' lang='lat' dir='ltr'><strong>so-</strong></span> 
     </span>
    </p>
   </div>
   <div class='ocr_carea' id='block_1_92' title="bbox 505 4496 2112 4596">
    <p class='ocr_par' dir='ltr' id='par_1_92' title="bbox 505 4496 2079 4595">
     <span class='ocr_line' id='line_1_93' title="bbox 505 4496 2079 4595; baseline 0.007 -25"><span class='ocrx_word' id='word_1_561' title='bbox 505 4515 735 4582; x_wconf 70' lang='lat' dir='ltr'><strong>sinnem,</strong></span> <span class='ocrx_word' id='word_1_562' title='bbox 768 4530 870 4572; x_wconf 79' lang='lat' dir='ltr'><strong>nec</strong></span> <span class='ocrx_word' id='word_1_563' title='bbox 895 4529 1024 4571; x_wconf 88' lang='lat' dir='ltr'><strong>oves</strong></span> <span class='ocrx_word' id='word_1_564' title='bbox 1052 4526 1325 4587; x_wconf 86' lang='lat' dir='ltr'><strong>pastorem</strong></span> <span class='ocrx_word' id='word_1_565' title='bbox 1353 4496 1578 4590; x_wconf 77' lang='lat' dir='ltr'><strong>fugiant,</strong></span> <span class='ocrx_word' id='word_1_566' title='bbox 1610 4523 1704 4578; x_wconf 87' lang='lat' dir='ltr'><strong>sed</strong></span> <span class='ocrx_word' id='word_1_567' title='bbox 1730 4496 2079 4595; x_wconf 47' lang='lat' dir='ltr'><strong>invicem—pa—</strong></span> 
     </span>
    </p>
   </div>
   <div class='ocr_carea' id='block_1_93' title="bbox 2199 4496 3755 4596">
    <p class='ocr_par' dir='ltr' id='par_1_93' title="bbox 2199 4510 3755 4596">
     <span class='ocr_line' id='line_1_94' title="bbox 2199 4510 3755 4596; baseline 0.012 -32"><span class='ocrx_word' id='word_1_568' title='bbox 2199 4510 2379 4564; x_wconf 82' lang='lat' dir='ltr'><strong>‘osoria</strong></span> <span class='ocrx_word' id='word_1_569' title='bbox 2401 4511 2624 4580; x_wconf 79' lang='lat' dir='ltr'><strong>ﬁgentes</strong></span> <span class='ocrx_word' id='word_1_570' title='bbox 2647 4520 2803 4569; x_wconf 71' lang='lat' dir='ltr'><strong>terra:</strong></span> <span class='ocrx_word' id='word_1_571' title='bbox 2824 4530 2945 4570; x_wconf 90' lang='lat' dir='ltr'><strong>cum</strong></span> <span class='ocrx_word' id='word_1_572' title='bbox 2967 4520 3389 4590; x_wconf 64' lang='lat' dir='ltr'><strong>praesumptione</strong></span> <span class='ocrx_word' id='word_1_573' title='bbox 3415 4530 3474 4578; x_wconf 89' lang='lat' dir='ltr'><strong>et</strong></span> <span class='ocrx_word' id='word_1_574' title='bbox 3493 4528 3755 4596; x_wconf 78' lang='lat' dir='ltr'><strong>superbis.</strong></span> 
     </span>
    </p>
   </div>
   <div class='ocr_carea' id='block_1_94' title="bbox 504 4605 2077 4685">
    <p class='ocr_par' dir='ltr' id='par_1_94' title="bbox 504 4605 2077 4685">
     <span class='ocr_line' id='line_1_95' title="bbox 504 4605 2077 4685; baseline 0.005 -24"><span class='ocrx_word' id='word_1_575' title='bbox 504 4605 807 4672; x_wconf 81' lang='lat' dir='ltr'><strong>eifieentur,</strong></span> <span class='ocrx_word' id='word_1_576' title='bbox 830 4606 1100 4662; x_wconf 86' lang='lat' dir='ltr'><strong>dicentes:</strong></span> <span class='ocrx_word' id='word_1_577' title='bbox 1126 4606 1359 4662; x_wconf 89' lang='lat' dir='ltr'><strong>lntroibo</strong></span> <span class='ocrx_word' id='word_1_578' title='bbox 1382 4610 1452 4663; x_wconf 87' lang='lat' dir='ltr'><strong>ad</strong></span> <span class='ocrx_word' id='word_1_579' title='bbox 1475 4609 1641 4667; x_wconf 86' lang='lat' dir='ltr'><strong>altare</strong></span> <span class='ocrx_word' id='word_1_580' title='bbox 1661 4612 1758 4667; x_wconf 87' lang='lat' dir='ltr'><strong>Dei</strong></span> <span class='ocrx_word' id='word_1_581' title='bbox 1783 4614 1883 4669; x_wconf 81' lang='lat' dir='ltr'><strong>mei</strong></span> <span class='ocrx_word' id='word_1_582' title='bbox 1904 4615 2077 4685; x_wconf 83' lang='lat' dir='ltr'><strong>(Psat.</strong></span> 
     </span>
    </p>
   </div>
   <div class='ocr_carea' id='block_1_95' title="bbox 455 4695 2075 4768">
    <p class='ocr_par' dir='ltr' id='par_1_95' title="bbox 455 4695 2075 4768">
     <span class='ocr_line' id='line_1_96' title="bbox 455 4695 2075 4768; baseline 0.007 -20"><span class='ocrx_word' id='word_1_583' title='bbox 455 4695 474 4747; x_wconf 78' lang='grc' dir='ltr'><strong>ι</strong></span> <span class='ocrx_word' id='word_1_584' title='bbox 504 4713 639 4762; x_wconf 77' lang='grc' dir='ltr'>χιιι,</span> <span class='ocrx_word' id='word_1_585' title='bbox 670 4696 748 4768; x_wconf 74' lang='grc'><strong>4).</strong></span> <span class='ocrx_word' id='word_1_586' title='bbox 786 4695 1079 4767; x_wconf 77' lang='lat' dir='ltr'><strong>Gregorius</strong></span> <span class='ocrx_word' id='word_1_587' title='bbox 1106 4697 1477 4755; x_wconf 81' lang='lat' dir='ltr'><strong>Nazianzenus</strong></span> <span class='ocrx_word' id='word_1_588' title='bbox 1506 4708 1703 4756; x_wconf 89' lang='lat' dir='ltr'><strong>tractat</strong></span> <span class='ocrx_word' id='word_1_589' title='bbox 1728 4704 1832 4758; x_wconf 86' lang='lat' dir='ltr'><strong>hoc</strong></span> <span class='ocrx_word' id='word_1_590' title='bbox 1853 4705 2038 4760; x_wconf 89' lang='lat' dir='ltr'><strong>dicens</strong></span> <span class='ocrx_word' id='word_1_591' title='bbox 2063 4724 2075 4759; x_wconf 90' lang='lat'><strong>:</strong></span> 
     </span>
    </p>
   </div>
   <div class='ocr_carea' id='block_1_96' title="bbox 501 4786 2080 4865">
    <p class='ocr_par' dir='ltr' id='par_1_96' title="bbox 501 4786 2080 4865">
     <span class='ocr_line' id='line_1_97' title="bbox 501 4786 2080 4865; baseline 0.004 -23"><span class='ocrx_word' id='word_1_592' title='bbox 501 4787 587 4843; x_wconf 79' lang='lat' dir='ltr'><strong>Ab</strong></span> <span class='ocrx_word' id='word_1_593' title='bbox 612 4786 806 4847; x_wconf 86' lang='lat' dir='ltr'><strong>altario</strong></span> <span class='ocrx_word' id='word_1_594' title='bbox 833 4802 939 4842; x_wconf 93' lang='lat' dir='ltr'><strong>non</strong></span> <span class='ocrx_word' id='word_1_595' title='bbox 968 4787 1220 4857; x_wconf 86' lang='lat' dir='ltr'><strong>quislibet</strong></span> <span class='ocrx_word' id='word_1_596' title='bbox 1247 4796 1572 4858; x_wconf 87' lang='lat' dir='ltr'><strong>potestatem</strong></span> <span class='ocrx_word' id='word_1_597' title='bbox 1603 4791 1767 4848; x_wconf 88' lang='lat' dir='ltr'><strong>habet</strong></span> <span class='ocrx_word' id='word_1_598' title='bbox 1796 4808 1884 4848; x_wconf 90' lang='lat' dir='ltr'><strong>me</strong></span> <span class='ocrx_word' id='word_1_599' title='bbox 1909 4796 2080 4865; x_wconf 87' lang='lat' dir='ltr'><strong>repel-</strong></span> 
     </span>
    </p>
   </div>
   <div class='ocr_carea' id='block_1_97' title="bbox 502 4876 2080 4948">
    <p class='ocr_par' dir='ltr' id='par_1_97' title="bbox 502 4876 2080 4948">
     <span class='ocr_line' id='line_1_98' title="bbox 502 4876 2080 4948; baseline 0.006 -17"><span class='ocrx_word' id='word_1_600' title='bbox 502 4877 634 4934; x_wconf 86' lang='lat' dir='ltr'><strong>lere.</strong></span> <span class='ocrx_word' id='word_1_601' title='bbox 683 4877 797 4933; x_wconf 86' lang='lat' dir='ltr'><strong>Nec</strong></span> <span class='ocrx_word' id='word_1_602' title='bbox 821 4876 1082 4933; x_wconf 86' lang='lat' dir='ltr'><strong>fraudetis</strong></span> <span class='ocrx_word' id='word_1_603' title='bbox 1099 4893 1345 4948; x_wconf 82' lang='lat' dir='ltr'><strong>unquam</strong></span> <span class='ocrx_word' id='word_1_604' title='bbox 1373 4880 1518 4937; x_wconf 87' lang='lat' dir='ltr'><strong>ovile</strong></span> <span class='ocrx_word' id='word_1_605' title='bbox 1545 4891 1789 4938; x_wconf 89' lang='lat' dir='ltr'><strong>vestrum</strong></span> <span class='ocrx_word' id='word_1_606' title='bbox 1815 4902 1827 4937; x_wconf 91' lang='lat'><strong>:</strong></span> <span class='ocrx_word' id='word_1_607' title='bbox 1858 4901 1969 4940; x_wconf 90' lang='lat' dir='ltr'><strong>non</strong></span> <span class='ocrx_word' id='word_1_608' title='bbox 1998 4886 2080 4941; x_wconf 90' lang='lat' dir='ltr'><strong>in-</strong></span> 
     </span>
    </p>
   </div>
   <div class='ocr_carea' id='block_1_98' title="bbox 502 4966 2078 5045">
    <p class='ocr_par' dir='ltr' id='par_1_98' title="bbox 502 4966 2078 5045">
     <span class='ocr_line' id='line_1_99' title="bbox 502 4966 2078 5045; baseline 0.008 -24"><span class='ocrx_word' id='word_1_609' title='bbox 502 4976 728 5037; x_wconf 73' lang='lat' dir='ltr'><strong>snrgant</strong></span> <span class='ocrx_word' id='word_1_610' title='bbox 756 4966 919 5038; x_wconf 86' lang='lat' dir='ltr'><strong>pedes</strong></span> <span class='ocrx_word' id='word_1_611' title='bbox 950 4967 1233 5023; x_wconf 84' lang='lat' dir='ltr'><strong>adversum</strong></span> <span class='ocrx_word' id='word_1_612' title='bbox 1278 4976 1440 5040; x_wconf 86' lang='lat' dir='ltr'><strong>caput</strong></span> <span class='ocrx_word' id='word_1_613' title='bbox 1460 5010 1475 5036; x_wconf 94' lang='lat'><strong>,</strong></span> <span class='ocrx_word' id='word_1_614' title='bbox 1524 4987 1697 5042; x_wconf 90' lang='lat' dir='ltr'><strong>neque</strong></span> <span class='ocrx_word' id='word_1_615' title='bbox 1738 4984 1900 5045; x_wconf 87' lang='lat' dir='ltr'><strong>caput</strong></span> <span class='ocrx_word' id='word_1_616' title='bbox 1944 4992 1975 5031; x_wconf 90' lang='lat' dir='ltr'><strong>a</strong></span> <span class='ocrx_word' id='word_1_617' title='bbox 2020 4993 2078 5034; x_wconf 90' lang='lat' dir='ltr'><strong>se</strong></span> 
     </span>
    </p>
   </div>
   <div class='ocr_carea' id='block_1_99' title="bbox 503 5056 2076 5198">
    <p class='ocr_par' dir='ltr' id='par_1_99' title="bbox 503 5056 2076 5198">
     <span class='ocr_line' id='line_1_100' title="bbox 503 5056 2076 5198; baseline 0.008 -87"><span class='ocrx_word' id='word_1_618' title='bbox 503 5070 625 5111; x_wconf 89' lang='lat' dir='ltr'><strong>esse</strong></span> <span class='ocrx_word' id='word_1_619' title='bbox 626 5056 859 5198; x_wconf 48' lang='lat' dir='ltr'><strong>2talienos</strong></span> <span class='ocrx_word' id='word_1_620' title='bbox 880 5057 1096 5128; x_wconf 88' lang='lat' dir='ltr'><strong>deputet</strong></span> <span class='ocrx_word' id='word_1_621' title='bbox 1116 5059 1279 5129; x_wconf 88' lang='lat' dir='ltr'><strong>pedes</strong></span> <span class='ocrx_word' id='word_1_622' title='bbox 1308 5060 1399 5130; x_wconf 86' lang='lat' dir='ltr'><strong>(In</strong></span> <span class='ocrx_word' id='word_1_623' title='bbox 1419 5064 1553 5116; x_wconf 83' lang='lat' dir='ltr'><strong>notis</strong></span> <span class='ocrx_word' id='word_1_624' title='bbox 1573 5063 1642 5117; x_wconf 88' lang='lat' dir='ltr'><strong>ad</strong></span> <span class='ocrx_word' id='word_1_625' title='bbox 1667 5063 1798 5119; x_wconf 82' lang='lat' dir='ltr'><strong>Can.</strong></span> <span class='ocrx_word' id='word_1_626' title='bbox 1833 5065 2076 5135; x_wconf 82' lang='lat' dir='ltr'><strong>Patricii,</strong></span> 
     </span>
     <span class='ocr_line' id='line_1_101' title="bbox 503 5144 1357 5198; baseline 0 0"><span class='ocrx_word' id='word_1_627' title='bbox 503 5162 562 5198; x_wconf 71' lang='grc' dir='ltr'><strong>ν.</strong></span> <span class='ocrx_word' id='word_1_628' title='bbox 592 5144 619 5198; x_wconf 78' lang='grc'><strong>1</strong></span> <span class='ocrx_word' id='word_1_629' title='bbox 700 5144 739 5198; x_wconf 70' lang='lat' dir='ltr'><strong>i.</strong></span> <span class='ocrx_word' id='word_1_630' title='bbox 1343 5156 1357 5167; x_wconf 86' lang='lat'><strong>’</strong></span> 
     </span>
    </p>
   </div>
   <div class='ocr_carea' id='block_1_100' title="bbox 502 5144 1357 5215">
    <p class='ocr_par' dir='ltr' id='par_1_100' title="bbox 502 5144 1357 5215">
     <span class='ocr_line' id='line_1_102' title="bbox 502 5144 1357 5215; baseline 0.005 -18"><span class='ocrx_word' id='word_1_631' title='bbox 502 5162 562 5215; x_wconf 76' lang='grc' dir='ltr'><strong>ρ.</strong></span> <span class='ocrx_word' id='word_1_632' title='bbox 592 5144 739 5215; x_wconf 70' lang='grc' dir='ltr'><strong>ηο).</strong></span> <span class='ocrx_word' id='word_1_633' title='bbox 1343 5156 1357 5167; x_wconf 81' lang='lat'><strong>-</strong></span> 
     </span>
    </p>
   </div>
   <div class='ocr_carea' id='block_1_101' title="bbox 503 5255 2079 5342">
    <p class='ocr_par' dir='ltr' id='par_1_101' title="bbox 503 5255 2079 5342">
     <span class='ocr_line' id='line_1_103' title="bbox 503 5255 2079 5342; baseline 0.011 -32"><span class='ocrx_word' id='word_1_634' title='bbox 503 5255 632 5310; x_wconf 64' lang='lat' dir='ltr'><strong>Car.</strong></span> <span class='ocrx_word' id='word_1_635' title='bbox 658 5270 863 5342; x_wconf 73' lang='grc' dir='ltr'>χχχνιι.</span> <span class='ocrx_word' id='word_1_636' title='bbox 885 5288 955 5296; x_wconf 89' lang='grc'><strong><em>-</em></strong></span> <span class='ocrx_word' id='word_1_637' title='bbox 977 5258 1302 5342; x_wconf 38' lang='lat' dir='ltr'><strong>Deleri-quod</strong></span> <span class='ocrx_word' id='word_1_638' title='bbox 1333 5280 1436 5342; x_wconf 75' lang='lat' dir='ltr'><strong>non</strong></span> <span class='ocrx_word' id='word_1_639' title='bbox 1462 5264 1608 5319; x_wconf 84' lang='lat' dir='ltr'><strong>debet</strong></span> <span class='ocrx_word' id='word_1_640' title='bbox 1620 5269 1871 5342; x_wconf 51' lang='lat' dir='ltr'><strong>princeps</strong></span> <span class='ocrx_word' id='word_1_641' title='bbox 1895 5282 2079 5342; x_wconf 83' lang='lat' dir='ltr'><strong>putare</strong></span> 
     </span>
    </p>
   </div>
   <div class='ocr_carea' id='block_1_102' title="bbox 644 5328 1933 5411">
    <p class='ocr_par' dir='ltr' id='par_1_102' title="bbox 644 5328 1933 5411">
     <span class='ocr_line' id='line_1_104' title="bbox 644 5328 1933 5411; baseline 0.013 -34"><span class='ocrx_word' id='word_1_642' title='bbox 644 5328 912 5396; x_wconf 77' lang='lat' dir='ltr'><strong>proprium</strong></span> <span class='ocrx_word' id='word_1_643' title='bbox 938 5328 1077 5398; x_wconf 84' lang='lat' dir='ltr'><strong>quod</strong></span> <span class='ocrx_word' id='word_1_644' title='bbox 1099 5328 1198 5385; x_wconf 85' lang='lat' dir='ltr'><strong>sibi</strong></span> <span class='ocrx_word' id='word_1_645' title='bbox 1226 5331 1520 5411; x_wconf 82' lang='lat' dir='ltr'><strong>deponitur,</strong></span> <span class='ocrx_word' id='word_1_646' title='bbox 1547 5328 1642 5390; x_wconf 81' lang='lat' dir='ltr'><strong>sed</strong></span> <span class='ocrx_word' id='word_1_647' title='bbox 1662 5328 1933 5395; x_wconf 64' lang='lat' dir='ltr'><strong>Ecclesia&#39;e.</strong></span> 
     </span>
    </p>
   </div>
   <div class='ocr_carea' id='block_1_103' title="bbox 542 5406 2066 5514">
    <p class='ocr_par' dir='ltr' id='par_1_103' title="bbox 542 5406 2066 5514">
     <span class='ocr_line' id='line_1_105' title="bbox 542 5406 2066 5514; baseline 0.007 -20"><span class='ocrx_word' id='word_1_648' title='bbox 542 5406 858 5510; x_wconf 23' lang='lat' dir='ltr'><strong>.Synodus:</strong></span> <span class='ocrx_word' id='word_1_649' title='bbox 909 5438 1197 5497; x_wconf 86' lang='lat' dir='ltr'><strong>Pontiﬁces</strong></span> <span class='ocrx_word' id='word_1_650' title='bbox 1241 5406 1372 5497; x_wconf 85' lang='lat' dir='ltr'><strong>vero</strong></span> <span class='ocrx_word' id='word_1_651' title='bbox 1418 5447 1616 5514; x_wconf 79' lang='lat' dir='ltr'><strong>quibus</strong></span> <span class='ocrx_word' id='word_1_652' title='bbox 1661 5454 1756 5500; x_wconf 87' lang='lat' dir='ltr'><strong>aut</strong></span> <span class='ocrx_word' id='word_1_653' title='bbox 1799 5463 1922 5503; x_wconf 91' lang='lat' dir='ltr'><strong>cum</strong></span> <span class='ocrx_word' id='word_1_654' title='bbox 1971 5450 2066 5505; x_wconf 74' lang='grc' dir='ltr'><strong>Εθ·</strong></span> 
     </span>
    </p>
   </div>
   <div class='ocr_carea' id='block_1_104' title="bbox 502 5529 2078 5605">
    <p class='ocr_par' dir='ltr' id='par_1_104' title="bbox 502 5529 2078 5605">
     <span class='ocr_line' id='line_1_106' title="bbox 502 5529 2078 5605; baseline 0.006 -19"><span class='ocrx_word' id='word_1_655' title='bbox 502 5529 670 5586; x_wconf 86' lang='lat' dir='ltr'><strong>clesia</strong></span> <span class='ocrx_word' id='word_1_656' title='bbox 713 5538 807 5584; x_wconf 88' lang='lat' dir='ltr'><strong>aut</strong></span> <span class='ocrx_word' id='word_1_657' title='bbox 848 5531 1228 5601; x_wconf 83' lang='lat' dir='ltr'><strong>sequestratim</strong></span> <span class='ocrx_word' id='word_1_658' title='bbox 1274 5533 1505 5589; x_wconf 90' lang='lat' dir='ltr'><strong>donatur</strong></span> <span class='ocrx_word' id='word_1_659' title='bbox 1536 5535 1740 5605; x_wconf 89' lang='lat' dir='ltr'><strong>aliquid</strong></span> <span class='ocrx_word' id='word_1_660' title='bbox 1763 5575 1778 5601; x_wconf 91' lang='lat'><strong>,</strong></span> <span class='ocrx_word' id='word_1_661' title='bbox 1827 5537 1931 5593; x_wconf 89' lang='lat' dir='ltr'><strong>hoc</strong></span> <span class='ocrx_word' id='word_1_662' title='bbox 1970 5555 2078 5595; x_wconf 93' lang='lat' dir='ltr'><strong>non</strong></span> 
     </span>
    </p>
   </div>
   <div class='ocr_carea' id='block_1_105' title="bbox 501 5619 2075 5692">
    <p class='ocr_par' dir='ltr' id='par_1_105' title="bbox 501 5619 2075 5692">
     <span class='ocr_line' id='line_1_107' title="bbox 501 5619 2075 5692; baseline 0.006 -18"><span class='ocrx_word' id='word_1_663' title='bbox 501 5619 658 5690; x_wconf 86' lang='lat' dir='ltr'><strong>quasi</strong></span> <span class='ocrx_word' id='word_1_664' title='bbox 682 5619 988 5692; x_wconf 80' lang='lat' dir='ltr'><strong>proprium.</strong></span> <span class='ocrx_word' id='word_1_665' title='bbox 1019 5620 1115 5679; x_wconf 82' lang='lat' dir='ltr'><strong>sed</strong></span> <span class='ocrx_word' id='word_1_666' title='bbox 1147 5622 1291 5681; x_wconf 89' lang='lat' dir='ltr'><strong>inter</strong></span> <span class='ocrx_word' id='word_1_667' title='bbox 1314 5622 1598 5682; x_wconf 82' lang='lat' dir='ltr'><strong>facultates</strong></span> <span class='ocrx_word' id='word_1_668' title='bbox 1633 5624 1889 5684; x_wconf 75' lang='lat' dir='ltr'><strong>Ecclesia:</strong></span> <span class='ocrx_word' id='word_1_669' title='bbox 1922 5643 2075 5686; x_wconf 87' lang='lat' dir='ltr'><strong>com-</strong></span> 
     </span>
    </p>
   </div>
   <div class='ocr_carea' id='block_1_106' title="bbox 503 5712 785 5783">
    <p class='ocr_par' dir='ltr' id='par_1_106' title="bbox 503 5712 785 5783">
     <span class='ocr_line' id='line_1_108' title="bbox 503 5712 785 5783; baseline 0.004 -16"><span class='ocrx_word' id='word_1_670' title='bbox 503 5712 785 5783; x_wconf 84' lang='lat' dir='ltr'><strong>putabunt.</strong></span> 
     </span>
    </p>
   </div>
   <div class='ocr_carea' id='block_1_107' title="bbox 2181 4598 3415 4674">
    <p class='ocr_par' dir='ltr' id='par_1_107' title="bbox 2181 4598 3415 4674">
     <span class='ocr_line' id='line_1_109' title="bbox 2181 4598 3415 4674; baseline 0.011 -23"><span class='ocrx_word' id='word_1_671' title='bbox 2181 4598 2333 4663; x_wconf 85' lang='lat' dir='ltr'><strong>Item,</strong></span> <span class='ocrx_word' id='word_1_672' title='bbox 2362 4600 2483 4654; x_wconf 86' lang='lat' dir='ltr'><strong>navi</strong></span> <span class='ocrx_word' id='word_1_673' title='bbox 2511 4599 2683 4656; x_wconf 89' lang='lat' dir='ltr'><strong>fracta</strong></span> <span class='ocrx_word' id='word_1_674' title='bbox 2701 4604 2800 4673; x_wconf 87' lang='lat' dir='ltr'><strong>qui</strong></span> <span class='ocrx_word' id='word_1_675' title='bbox 2826 4613 3004 4674; x_wconf 82' lang='lat' dir='ltr'><strong>potest</strong></span> <span class='ocrx_word' id='word_1_676' title='bbox 3028 4615 3217 4663; x_wconf 89' lang='lat' dir='ltr'><strong>natare</strong></span> <span class='ocrx_word' id='word_1_677' title='bbox 3240 4618 3415 4665; x_wconf 88' lang='lat' dir='ltr'><strong>natet.</strong></span> 
     </span>
    </p>
   </div>
   <div class='ocr_carea' id='block_1_108' title="bbox 2179 4688 3753 4780">
    <p class='ocr_par' dir='ltr' id='par_1_108' title="bbox 2179 4688 3753 4780">
     <span class='ocr_line' id='line_1_110' title="bbox 2179 4688 3753 4780; baseline 0.012 -37"><span class='ocrx_word' id='word_1_678' title='bbox 2179 4688 2307 4744; x_wconf 77' lang='lat' dir='ltr'><strong>CAP.</strong></span> <span class='ocrx_word' id='word_1_679' title='bbox 2336 4705 2455 4746; x_wconf 84' lang='lat' dir='ltr'><strong>vut.</strong></span> <span class='ocrx_word' id='word_1_680' title='bbox 2479 4720 2550 4730; x_wconf 95' lang='lat'><strong>—</strong></span> <span class='ocrx_word' id='word_1_681' title='bbox 2585 4691 2663 4746; x_wconf 88' lang='lat' dir='ltr'><strong>De</strong></span> <span class='ocrx_word' id='word_1_682' title='bbox 2687 4710 2747 4748; x_wconf 90' lang='lat' dir='ltr'><strong>co</strong></span> <span class='ocrx_word' id='word_1_683' title='bbox 2773 4696 2912 4765; x_wconf 75' lang='lat' dir='ltr'><strong>quod</strong></span> <span class='ocrx_word' id='word_1_684' title='bbox 2940 4696 3087 4780; x_wconf 60' lang='lat' dir='ltr'><strong>debet</strong></span> <span class='ocrx_word' id='word_1_685' title='bbox 3113 4701 3404 4756; x_wconf 70' lang='lat' dir='ltr'><strong>monachus</strong></span> <span class='ocrx_word' id='word_1_686' title='bbox 3428 4704 3569 4760; x_wconf 82' lang='lat' dir='ltr'><strong>dare</strong></span> <span class='ocrx_word' id='word_1_687' title='bbox 3594 4704 3753 4760; x_wconf 66' lang='lat' dir='ltr'><strong>abbdi</strong></span> 
     </span>
    </p>
   </div>
   <div class='ocr_carea' id='block_1_109' title="bbox 2829 4782 3539 4837">
    <p class='ocr_par' dir='ltr' id='par_1_109' title="bbox 2829 4782 3539 4837">
     <span class='ocr_line' id='line_1_111' title="bbox 2829 4782 3539 4837; baseline 0.011 -18"><span class='ocrx_word' id='word_1_688' title='bbox 2829 4782 3105 4837; x_wconf 73' lang='lat' dir='ltr'><strong>acquisita.</strong></span> <span class='ocrx_word' id='word_1_689' title='bbox 3536 4784 3539 4785; x_wconf 70' lang='lat'><strong><em>&#39;</em></strong></span> 
     </span>
    </p>
   </div>
   <div class='ocr_carea' id='block_1_110' title="bbox 2251 4848 3751 4931">
    <p class='ocr_par' dir='ltr' id='par_1_110' title="bbox 2251 4848 3751 4931">
     <span class='ocr_line' id='line_1_112' title="bbox 2251 4848 3751 4931; baseline 0.015 -28"><span class='ocrx_word' id='word_1_690' title='bbox 2251 4848 2498 4921; x_wconf 86' lang='lat' dir='ltr'><strong>Synodus</strong></span> <span class='ocrx_word' id='word_1_691' title='bbox 2536 4852 2704 4910; x_wconf 89' lang='lat' dir='ltr'><strong>dicit:</strong></span> <span class='ocrx_word' id='word_1_692' title='bbox 2743 4855 3033 4914; x_wconf 82' lang='lat' dir='ltr'><strong>Monachus</strong></span> <span class='ocrx_word' id='word_1_693' title='bbox 3079 4860 3173 4929; x_wconf 91' lang='lat' dir='ltr'><strong>qui</strong></span> <span class='ocrx_word' id='word_1_694' title='bbox 3220 4875 3321 4931; x_wconf 90' lang='lat' dir='ltr'><strong>per</strong></span> <span class='ocrx_word' id='word_1_695' title='bbox 3357 4869 3751 4924; x_wconf 68' lang='lat' dir='ltr'><strong>contumaciam</strong></span> 
     </span>
    </p>
   </div>
   <div class='ocr_carea' id='block_1_111' title="bbox 2179 4941 3751 5027">
    <p class='ocr_par' dir='ltr' id='par_1_111' title="bbox 2179 4941 3751 5027">
     <span class='ocr_line' id='line_1_113' title="bbox 2179 4941 3751 5027; baseline 0.011 -32"><span class='ocrx_word' id='word_1_696' title='bbox 2179 4956 2276 5011; x_wconf 90' lang='lat' dir='ltr'><strong>per</strong></span> <span class='ocrx_word' id='word_1_697' title='bbox 2290 4941 2501 4998; x_wconf 86' lang='lat' dir='ltr'><strong>deserta</strong></span> <span class='ocrx_word' id='word_1_698' title='bbox 2524 4943 2641 5000; x_wconf 90' lang='lat' dir='ltr'><strong>loca</strong></span> <span class='ocrx_word' id='word_1_699' title='bbox 2660 4947 2842 5017; x_wconf 77' lang='lat' dir='ltr'><strong>vagari</strong></span> <span class='ocrx_word' id='word_1_700' title='bbox 2864 4949 3091 5018; x_wconf 74' lang='lat' dir='ltr'><strong>cmperit</strong></span> <span class='ocrx_word' id='word_1_701' title='bbox 3106 4958 3168 5005; x_wconf 91' lang='lat' dir='ltr'><strong>ut</strong></span> <span class='ocrx_word' id='word_1_702' title='bbox 3184 4952 3389 5008; x_wconf 86' lang='lat' dir='ltr'><strong>habere</strong></span> <span class='ocrx_word' id='word_1_703' title='bbox 3405 4956 3618 5025; x_wconf 84' lang='lat' dir='ltr'><strong>aliquid</strong></span> <span class='ocrx_word' id='word_1_704' title='bbox 3632 4973 3751 5027; x_wconf 59' lang='lat' dir='ltr'><strong>pra-</strong></span> 
     </span>
    </p>
   </div>
   <div class='ocr_carea' id='block_1_112' title="bbox 2180 5031 3748 5110">
    <p class='ocr_par' dir='ltr' id='par_1_112' title="bbox 2180 5031 3748 5110">
     <span class='ocr_line' id='line_1_114' title="bbox 2180 5031 3748 5110; baseline 0.013 -28"><span class='ocrx_word' id='word_1_705' title='bbox 2180 5031 2473 5100; x_wconf 85' lang='lat' dir='ltr'><strong>sutnpserit</strong></span> <span class='ocrx_word' id='word_1_706' title='bbox 2501 5033 2806 5104; x_wconf 89' lang='lat' dir='ltr'><strong>proprium,</strong></span> <span class='ocrx_word' id='word_1_707' title='bbox 2837 5036 3019 5092; x_wconf 90' lang='lat' dir='ltr'><strong>omnia</strong></span> <span class='ocrx_word' id='word_1_708' title='bbox 3049 5054 3170 5107; x_wconf 73' lang='lat' dir='ltr'><strong>qua:</strong></span> <span class='ocrx_word' id='word_1_709' title='bbox 3198 5042 3562 5110; x_wconf 74' lang='lat' dir='ltr'><strong>acquisiverit</strong></span> <span class='ocrx_word' id='word_1_710' title='bbox 3585 5044 3748 5101; x_wconf 66' lang='lat' dir='ltr'><strong>abhdi</strong></span> 
     </span>
    </p>
   </div>
   <div class='ocr_carea' id='block_1_113' title="bbox 2179 5117 3747 5205">
    <p class='ocr_par' dir='ltr' id='par_1_113' title="bbox 2179 5117 3747 5205">
     <span class='ocr_line' id='line_1_115' title="bbox 2179 5117 3747 5205; baseline 0.012 -34"><span class='ocrx_word' id='word_1_711' title='bbox 2179 5117 2491 5174; x_wconf 87' lang='lat' dir='ltr'><strong>deferantur</strong></span> <span class='ocrx_word' id='word_1_712' title='bbox 2513 5124 2804 5178; x_wconf 85' lang='lat' dir='ltr'><strong>secundum</strong></span> <span class='ocrx_word' id='word_1_713' title='bbox 2834 5128 3143 5182; x_wconf 87' lang='lat' dir='ltr'><strong>monasterii</strong></span> <span class='ocrx_word' id='word_1_714' title='bbox 3175 5130 3420 5205; x_wconf 78' lang='lat' dir='ltr'><strong>regulam</strong></span> <span class='ocrx_word' id='word_1_715' title='bbox 3446 5151 3460 5185; x_wconf 90' lang='lat'><strong>:</strong></span> <span class='ocrx_word' id='word_1_716' title='bbox 3494 5134 3615 5205; x_wconf 81' lang='lat' dir='ltr'><strong>ipse</strong></span> <span class='ocrx_word' id='word_1_717' title='bbox 3637 5150 3747 5191; x_wconf 74' lang='lat' dir='ltr'><strong>vero</strong></span> 
     </span>
    </p>
   </div>
   <div class='ocr_carea' id='block_1_114' title="bbox 2180 5208 3352 5281">
    <p class='ocr_par' dir='ltr' id='par_1_114' title="bbox 2180 5208 3352 5281">
     <span class='ocr_line' id='line_1_116' title="bbox 2180 5208 3352 5281; baseline 0.012 -21"><span class='ocrx_word' id='word_1_718' title='bbox 2180 5216 2437 5278; x_wconf 84' lang='lat' dir='ltr'><strong>tanquam</strong></span> <span class='ocrx_word' id='word_1_719' title='bbox 2463 5208 2621 5281; x_wconf 73' lang='lat' dir='ltr'><strong>fugax</strong></span> <span class='ocrx_word' id='word_1_720' title='bbox 2649 5214 2748 5267; x_wconf 90' lang='lat' dir='ltr'><strong>sub</strong></span> <span class='ocrx_word' id='word_1_721' title='bbox 2773 5216 3018 5269; x_wconf 79' lang='lat' dir='ltr'><strong>custodia</strong></span> <span class='ocrx_word' id='word_1_722' title='bbox 3048 5230 3352 5274; x_wconf 82' lang='lat' dir='ltr'><strong>revocetur.</strong></span> 
     </span>
    </p>
   </div>
   <div class='ocr_carea' id='block_1_115' title="bbox 2177 5298 3743 5375">
    <p class='ocr_par' dir='ltr' id='par_1_115' title="bbox 2177 5298 3743 5375">
     <span class='ocr_line' id='line_1_117' title="bbox 2177 5298 3743 5375; baseline 0.013 -22"><span class='ocrx_word' id='word_1_723' title='bbox 2177 5298 2307 5353; x_wconf 67' lang='lat' dir='ltr'><strong>Car.</strong></span> <span class='ocrx_word' id='word_1_724' title='bbox 2341 5315 2395 5353; x_wconf 85' lang='grc' dir='ltr'>χ.</span> <span class='ocrx_word' id='word_1_725' title='bbox 2437 5331 2508 5340; x_wconf 94' lang='lat'><strong><em>—</em></strong></span> <span class='ocrx_word' id='word_1_726' title='bbox 2549 5302 2627 5375; x_wconf 81' lang='lat' dir='ltr'><strong>De</strong></span> <span class='ocrx_word' id='word_1_727' title='bbox 2659 5320 2719 5357; x_wconf 88' lang='lat' dir='ltr'><strong>eo</strong></span> <span class='ocrx_word' id='word_1_728' title='bbox 2745 5306 2885 5375; x_wconf 81' lang='lat' dir='ltr'><strong>quod</strong></span> <span class='ocrx_word' id='word_1_729' title='bbox 2912 5308 3064 5360; x_wconf 86' lang='lat' dir='ltr'><strong>ambo</strong></span> <span class='ocrx_word' id='word_1_730' title='bbox 3101 5317 3604 5370; x_wconf 73' lang='lat' dir='ltr'><strong>ea&#39;commnnicandi</strong></span> <span class='ocrx_word' id='word_1_731' title='bbox 3638 5326 3743 5372; x_wconf 72' lang='lat' dir='ltr'><strong>sui</strong></span> 
     </span>
    </p>
   </div>
   <div class='ocr_carea' id='block_1_116' title="bbox 2406 5372 3526 5449">
    <p class='ocr_par' dir='ltr' id='par_1_116' title="bbox 2406 5372 3526 5449">
     <span class='ocr_line' id='line_1_118' title="bbox 2406 5372 3526 5449; baseline 0.013 -27"><span class='ocrx_word' id='word_1_732' title='bbox 2406 5372 2692 5426; x_wconf 81' lang='lat' dir='ltr'><strong>monachus</strong></span> <span class='ocrx_word' id='word_1_733' title='bbox 2721 5372 2966 5446; x_wconf 67' lang='lat' dir='ltr'><strong>fugitivus</strong></span> <span class='ocrx_word' id='word_1_734' title='bbox 2994 5387 3039 5430; x_wconf 84' lang='lat' dir='ltr'><strong>et</strong></span> <span class='ocrx_word' id='word_1_735' title='bbox 3066 5391 3333 5449; x_wconf 75' lang='lat' dir='ltr'><strong>susceptor</strong></span> <span class='ocrx_word' id='word_1_736' title='bbox 3354 5382 3526 5439; x_wconf 72' lang='lat' dir='ltr'><strong>illius.</strong></span> 
     </span>
    </p>
   </div>
   <div class='ocr_carea' id='block_1_117' title="bbox 2249 5455 3741 5545">
    <p class='ocr_par' dir='ltr' id='par_1_117' title="bbox 2249 5455 3741 5545">
     <span class='ocr_line' id='line_1_119' title="bbox 2249 5455 3741 5545; baseline 0.01 -36"><span class='ocrx_word' id='word_1_737' title='bbox 2249 5455 2514 5529; x_wconf 87' lang='lat' dir='ltr'><strong>Patricius</strong></span> <span class='ocrx_word' id='word_1_738' title='bbox 2544 5460 2766 5530; x_wconf 82' lang='lat' dir='ltr'><strong>(Synod.</strong></span> <span class='ocrx_word' id='word_1_739' title='bbox 2798 5461 3050 5528; x_wconf 84' lang='lat' dir='ltr'><strong>Patricii,</strong></span> <span class='ocrx_word' id='word_1_740' title='bbox 3092 5476 3219 5520; x_wconf 81' lang='lat' dir='ltr'><strong>tom.</strong></span> <span class='ocrx_word' id='word_1_741' title='bbox 3262 5466 3290 5520; x_wconf 86' lang='grc' dir='ltr'><em>Ι</em></span> <span class='ocrx_word' id='word_1_742' title='bbox 3329 5468 3538 5525; x_wconf 82' lang='lat' dir='ltr'><strong>Concil.</strong></span> <span class='ocrx_word' id='word_1_743' title='bbox 3582 5476 3741 5545; x_wconf 62' lang='lat' dir='ltr'><strong>Angl,</strong></span> 
     </span>
    </p>
   </div>
   <div class='ocr_carea' id='block_1_118' title="bbox 2177 5545 3738 5634">
    <p class='ocr_par' dir='ltr' id='par_1_118' title="bbox 2177 5545 3738 5634">
     <span class='ocr_line' id='line_1_120' title="bbox 2177 5545 3738 5634; baseline 0.015 -37"><span class='ocrx_word' id='word_1_744' title='bbox 2177 5563 2231 5634; x_wconf 84' lang='lat' dir='ltr'><strong>p.</strong></span> <span class='ocrx_word' id='word_1_745' title='bbox 2252 5545 2374 5616; x_wconf 72' lang='lat'><strong>52):</strong></span> <span class='ocrx_word' id='word_1_746' title='bbox 2407 5546 2719 5619; x_wconf 89' lang='lat' dir='ltr'><strong>Quicunque</strong></span> <span class='ocrx_word' id='word_1_747' title='bbox 2745 5554 3239 5613; x_wconf 75' lang='lat' dir='ltr'><strong>excommunicatus</strong></span> <span class='ocrx_word' id='word_1_748' title='bbox 3264 5558 3435 5616; x_wconf 87' lang='lat' dir='ltr'><strong>fuerit</strong></span> <span class='ocrx_word' id='word_1_749' title='bbox 3458 5579 3491 5617; x_wconf 81' lang='grc' dir='ltr'><strong>ιι</strong></span> <span class='ocrx_word' id='word_1_750' title='bbox 3516 5566 3738 5634; x_wconf 76' lang='lat' dir='ltr'><strong>quolibet</strong></span> 
     </span>
    </p>
   </div>
   <div class='ocr_carea' id='block_1_119' title="bbox 2178 5633 3738 5725">
    <p class='ocr_par' dir='ltr' id='par_1_119' title="bbox 2178 5633 3738 5725">
     <span class='ocr_line' id='line_1_121' title="bbox 2178 5633 3738 5725; baseline 0.013 -37"><span class='ocrx_word' id='word_1_751' title='bbox 2178 5633 2426 5701; x_wconf 90' lang='lat' dir='ltr'><strong>clericus,</strong></span> <span class='ocrx_word' id='word_1_752' title='bbox 2448 5645 2503 5692; x_wconf 90' lang='lat' dir='ltr'><strong>et</strong></span> <span class='ocrx_word' id='word_1_753' title='bbox 2530 5639 2598 5693; x_wconf 87' lang='lat' dir='ltr'><strong>ab</strong></span> <span class='ocrx_word' id='word_1_754' title='bbox 2619 5639 2724 5695; x_wconf 90' lang='lat' dir='ltr'><strong>alio</strong></span> <span class='ocrx_word' id='word_1_755' title='bbox 2753 5652 3033 5714; x_wconf 82' lang='lat' dir='ltr'><strong>susceptus</strong></span> <span class='ocrx_word' id='word_1_756' title='bbox 3062 5645 3254 5712; x_wconf 88' lang='lat' dir='ltr'><strong>fuerit,</strong></span> <span class='ocrx_word' id='word_1_757' title='bbox 3285 5633 3550 5722; x_wconf 70' lang='lat' dir='ltr'><strong>cochuali</strong></span> <span class='ocrx_word' id='word_1_758' title='bbox 3582 5657 3738 5725; x_wconf 68' lang='lat' dir='ltr'><strong>prmi-</strong></span> 
     </span>
    </p>
   </div>
   <div class='ocr_carea' id='block_1_120' title="bbox 2182 5721 2748 5796">
    <p class='ocr_par' dir='ltr' id='par_1_120' title="bbox 2182 5721 2748 5796">
     <span class='ocr_line' id='line_1_122' title="bbox 2182 5721 2748 5796; baseline 0.009 -18"><span class='ocrx_word' id='word_1_759' title='bbox 2182 5721 2346 5778; x_wconf 88' lang='lat' dir='ltr'><strong>tentia</strong></span> <span class='ocrx_word' id='word_1_760' title='bbox 2371 5726 2748 5796; x_wconf 83' lang='lat' dir='ltr'><strong>corripiantur.</strong></span> 
     </span>
    </p>
   </div>
  </div>
