3950 6308
530 373 667 429 i299

1314 363 1582 420 nosnos
1616 362 1704 418 er
1742 344 2247 421 ETHELVOLFUS'
2272 359 2585 415 ABBATES
2623 358 2924 415 mnuum.

3641 356 3779 415 i300

538 485 727 539 citem
756 497 770 535 :
799 479 1037 543 Ecclesia
1057 477 1270 532 nonnisi
1292 483 1500 546 partem
1528 474 1623 530 Dei
1645 474 1875 544 accipiat
1903 490 1916 526 :
1965 486 2089 526 cum
2115 474 2169 533 Δ
2190 472 2329 528 verit
2356 473 2412 527 in
2457 472 2632 542 plebe,
2660 488 2759 528 suo
2778 472 2934 543 jure,
2974 472 3089 527 sine
3126 470 3489 542 permissione
3538 471 3769 540 abbatis,

525 575 667 629 enim
690 572 865 628 haeres
888 569 1069 625 mundi
1093 567 1318 631 venerit,
1353 566 1590 621 retrahet
1632 580 1697 620 ea
1744 580 1864 634 qua:
1909 562 2095 618 mundi

526 672 670 718 sunt.

525 752 654 810 Car.
681 768 778 807 vn.
808 781 880 792 -
904 752 981 804 De
1000 749 1201 803 duabus
1219 747 1446 801 ecclesiis
1467 745 1889 801 contendentibus
1904 759 2090 815 agrum

1229 833 1408 871 unum.

596 912 844 984 Synodus
876 925 892 963 :
936 909 1078 981 Ager
1117 907 1420 977 inquiratur
1450 906 1506 959 in
1533 904 1823 974 scriptione
1861 903 2090 958 duarum

523 1002 905 1066 ecclesiarum;
956 998 1002 1054 si
1048 998 1102 1052 in
1156 996 1446 1066 scriptione
1495 1010 1602 1048 non
1639 992 1962 1056 inveniatur,
2005 1007 2089 1046 re-

521 1097 770 1168 quiratur
800 1074 831 1148 a
861 1091 1164 1148 senioribus
1187 1097 1241 1144 et
1278 1088 1594 1159 propinquis
1641 1093 1901 1155 quantum
1956 1092 2093 1139 tem-

520 1186 668 1257 poris
714 1183 812 1237 fuit
837 1199 961 1238 cum
988 1182 1177 1246 altera,
1219 1189 1273 1234 et
1305 1179 1351 1234 si
1379 1179 1478 1234 sub
1507 1176 1713 1247 juhileo
1753 1186 1903 1231 certo
1932 1191 2085 1229 man-

521 1278 612 1339 sit,
643 1277 760 1333 sine
784 1276 1194 1346 vituperatione
1232 1281 1447 1328 maneat
1476 1273 1530 1327 in
1562 1281 1844 1327 aeternum.
1871 1269 1930 1325 Si
1961 1284 2085 1325 vero

522 1383 679 1425 senes
698 1384 802 1423 non
822 1367 1025 1422 inventi
1046 1365 1265 1429 fuerint,
1296 1365 1436 1419 inter
1459 1377 1517 1418 se
1543 1361 1813 1428 dividant;
1841 1369 1896 1417 et
1917 1361 2087 1416 altera

521 1460 607 1515 cui
628 1458 978 1530 propinquior
994 1457 1091 1512 det
1115 1457 1347 1526 pretium
1371 1463 1631 1525 quantum
1650 1453 1859 1523 iudices
1874 1452 2087 1522 judica-

519 1551 715 1606 verint.

520 1640 648 1695 Car.
695 1654 908 1694 vnt.-——
935 1637 1020 1708 De
1048 1639 1173 1708 jure
1212 1636 1441 1690 ecclesiae
1478 1645 1900 1708 nonqpereunte,
1959 1632 2079 1687 licet

914 1706 1080 1762 ntulta
1109 1716 1340 1777 tempora
1367 1706 1689 1760 transierint.

2195 561 2395 615 meruit
2417 560 2893 616 excommunicari.

2194 649 2324 704 Car.
2350 665 2498 725 ιιιν.
2529 679 2603 691 --
2637 650 2716 703 De
2739 648 3022 731 collectum
3040 649 3271 731 pecuniis
3300 665 3409 702 non
3430 650 3777 720 vituperando

2694 729 2993 774 necessitate
3035 729 3265 788 cogente.

2266 809 2567 864 Patricius:
2598 808 2659 864 Si
2705 810 2830 880 quis
2869 807 3142 878 acceperit
3182 806 3611 876 permissionem
3648 821 3777 877 pon-

2192 900 2375 966 tificis,
2423 908 2479 955 et
2521 899 2803 955 collectum
2852 899 2924 953 sit
2966 898 3203 968 pretium
3230 896 3471 965 captivi,
3504 911 3619 950 non
3662 895 3779 968 pm

2191 991 2412 1060 exigens
2458 1004 2618 1061 quam
2662 989 2956 1045 necessitas
3010 987 3204 1059 poscit,
3257 987 3305 1042 si
3325 987 3458 1056 quid
3487 1001 3658 1055 supra
3694 1002 3776 1040 re-

2193 1081 2470 1146 manserit,
2498 1087 2663 1151 ponat
2702 1094 2865 1148 super
2892 1078 3080 1143 altare,
3106 1085 3163 1132 et
3207 1076 3589 1147 indigentibus
3623 1075 3774 1130 detur

2192 1182 2246 1228 et
2271 1172 2498 1242 captivis

2260 1262 2393 1323 Item
2434 1279 2447 1313 :
2490 1258 2545 1314 Si
2580 1259 2702 1329 quis
2729 1258 2928 1328 colligit
2963 1256 3246 1327 pecuniam
3281 1254 3386 1310 sub
3428 1253 3651 1308 nomine
3678 1254 3773 1307 mi-

2189 1352 2516 1416 sericordia,
2544 1366 2651 1405 non
2680 1351 2872 1405 audeat
2910 1348 3140 1420 Spoliare
3168 1347 3476 1402 Ecclesiam
3514 1345 3633 1409 Dei,
3678 1346 3771 1400 sed

2191 1456 2344 1513 reges
2385 1449 2440 1496 et
2472 1440 2678 1511 plebes,
2711 1439 2909 1509 quibus
2944 1438 3135 1493 melius
3170 1446 3256 1493 est
3296 1437 3434 1492 dare
3478 1450 3647 1506 quam
3685 1452 3771 1491 re-

2189 1532 2442 1588 condere.

2350 1620 2479 1677 CAP.
2508 1636 2632 1676 uv.
2654 1650 2726 1660 -—
2745 1619 2824 1673 De
2847 1618 3085 1674 Ecclesia
3106 1618 3331 1690 ligatum
3349 1617 3613 1672 solvente.
3672 1660 3684 1670 .

2259 1711 2507 1783 Synodus
2554 1711 2942 1768 Hibernensis:
2992 1708 3052 1764 Si
3078 1708 3327 1765 Ecclesia
3378 1708 3614 1764 solverit
3656 1708 3769 1762 vin-

589 1800 841 1871 Sylmdlls
874 1815 888 1854 ε
921 1801 979 1855 Si
1020 1800 1305 1870 episcopus
1341 1799 1692 1854 humanitatis
1733 1799 1955 1853 Oblenlu
1982 1796 2083 1851 Vil-
2120 1815 2164 1874 Β
2188 1813 2334 1859 ctum
2367 1805 2433 1858 de
2457 1802 2687 1867 vinculo,
2719 1802 2808 1857 det
2833 1800 3046 1857 vincula
3069 1800 3229 1870 pretii
3248 1799 3600 1870 ptenitmtia
3619 1812 3770 1867 super

519 1889 655 1944 lulas
707 1889 924 1944 clericis
964 1890 1049 1942 vel
1081 1889 1356 1943 monachis
1392 1888 1703 1957 praestiterit
1744 1887 2086 1953 excolendas,

518 1982 600 2036 vel
633 1995 733 2050 pro
754 1992 994 2050 tempore
1024 1983 1300 2044 tenendas,
1331 1981 1495 2036 etiam
1524 1980 1570 2034 si
1603 1980 1760 2050 longa
1786 1987 2087 2050 temporum

518 2073 692 2142 spatia
733 2072 962 2127 transire
1004 2074 1439 2141 comprobantur,
1483 2070 1553 2124 ad
1588 2071 1872 2125 ecclesiam
1904 2085 2086 2126 rever-

518 2171 720 2218 tentur.

516 2249 645 2307 ευ».
672 2266 764 2306 xv.
792 2282 864 2292 —
901 2251 980 2306 De
1019 2251 1254 2306 Ecclesia
1278 2267 1400 2334 .non
1443 2253 1692 2305 retinente
1728 2251 1956 2323 aliquem
1996 2269 2089 2322 per

530 2356 533 2359 ί
1242 2338 1364 2376 vtnt.
1702 2364 1707 2365 ν

588 2414 835 2486 Synodus
860 2434 874 2466 :
916 2415 976 2469 Si
999 2416 1122 2484 quis
1148 2431 1243 2469 sua
1263 2414 1537 2470 voluntate
1563 2415 1893 2481 discesserit,
1934 2424 2087 2470 note-

516 2518 606 2564 tur
629 2523 811 2565 coram
839 2510 1085 2575 testibus,
1105 2518 1159 2564 et
1178 2509 1513 2578 relinquatur
1532 2509 1662 2564 Deo.

516 2599 646 2655 Car.
700 2615 813 2654 ιιι.
857 2629 931 2641 -
974 2599 1054 2654 De
1088 2615 1147 2653 eo
1183 2598 1350 2720 quae;
1371 2598 1555 2652 melior
1581 2598 1768 2653 divisio
1788 2614 1945 2669 quam
1973 2615 2084 2654 ais-

1204 2685 1295 2720 cor
1333 2686 1407 2720 ιη.

1204 2685 1407 2721 coram.

588 2765 873 2835 Synodus:
917 2759 1104 2814 Melius
1132 2767 1217 2813 est
1240 2758 1495 2821 dividere,
1534 2772 1694 2827 quam
1740 2772 1953 2827 semper
1976 2759 2087 2814 dis-

516 2857 773 2912 cordare:
798 2850 990 2906 divisio
1018 2850 1160 2905 enim
1202 2855 1419 2918 prastat
1432 2862 1640 2917 pacem,
1668 2847 1934 2903 discordia
1958 2864 2086 2905 vero

517 2948 766 3003 destruit.

517 3043 645 3097 Cm.
676 3056 790 3096 XXI.
825 3069 896 3083 -υ
924 3038 999 3092 De
1031 3046 1243 3109 quanto
1273 3034 1412 3109 malo
1464 3044 1733 3109 mergitur
1765 3042 2087 3104 projectores

942 3104 1204 3178 infantum
1229 3108 1283 3160 in
1308 3104 1523 3159 ecclesia
1548 3104 1665 3158 Dei.

588 3202 839 3273 Synodus
873 3199 1218 3257 Hibernensis
1250 3216 1262 3251 :
1301 3195 1618 3265 Quicunque
1648 3194 1879 3250 infantes
1920 3196 1971 3249 in
1998 3211 2087 3251 ec-

517 3293 678 3349 clesia
707 3292 798 3347 Dei
828 3290 1117 3363 projiciunt
1151 3289 1430 3360 ignorante
1461 3287 1681 3353 abbate;
1718 3286 1763 3342 si
1793 3287 1847 3340 in
1877 3301 1942 3340 ea
1970 3286 2086 3355 epi-

517 3385 665 3456 scopi
687 3392 812 3440 sunt
849 3382 1067 3453 sepulti,
1116 3389 1211 3436 aut
1239 3388 1536 3451 praesentes
1568 3379 1696 3445 sint,
1742 3395 1804 3433 ιιι
1848 3379 2004 3435 annis
2033 3388 2087 3434 et

518 3476 741 3532 dimidio
752 3475 1067 3546 peniteant.
1085 3472 1143 3528 Si
1166 3488 1295 3528 vero
1307 3472 1657 3528 homicidium
1671 3471 1725 3526 in
1748 3486 1811 3526 ea
1836 3470 2080 3537 fecerint,

518 3581 592 3627 vn
636 3566 792 3619 annis
827 3564 1142 3633 pteuiteant.
1186 3562 1337 3619 Unde
1378 3564 1479 3617 hoc
1509 3572 1779 3632 sumptura
1812 3571 1911 3626 est,
1944 3563 2090 3632 quod

516 3659 798 3727 episcopus
830 3672 906 3710 vn
947 3655 1146 3725 gradus
1187 3655 1367 3719 habet,
1396 3663 1450 3708 et
1477 3655 1715 3710 Ecclesia
1759 3654 2091 3723 scptiformis

518 3756 602 3802 est
629 3764 644 3800 :
667 3746 712 3800 si
749 3761 879 3800 vero
906 3761 1011 3801 non
1039 3745 1324 3800 habuerint
1350 3745 1651 3815 episcopos,
1678 3747 1773 3801 sed
1822 3762 1984 3816 parva
2016 3748 2089 3802 sit

520 3837 767 3901 ecclesia,
789 3850 932 3893 anno
961 3844 1017 3890 et
1041 3836 1263 3890 dimidio
1287 3836 1605 3906 poeniteant.

591 3927 720 3985 Car.
751 3941 887 3980 xxn.
915 3956 985 3966 —
1009 3925 1082 3979 De
1114 3926 1403 3995 infantibus
1430 3927 1485 3979 in
1508 3925 1722 3980 ecclesia
1751 3929 2016 3998 profectis.
2098 3934 2103 3939 '

590 4018 789 4074 Eadem
818 4015 894 4071 ait
918 4031 934 4070 :
964 4015 1132 4072 Filius
1170 4015 1361 4072 allatus
1398 4030 1589 4071 servus
1610 4025 1694 4072 est
1719 4016 1976 4085 ejusdem,
2006 4020 2089 4075 ni-

519 4108 951 4180 si_depretiatur,
975 4123 1075 4164 nec
1101 4124 1241 4165 noxa
1272 4107 1392 4178 eius
1409 4111 1700 4167 maculabit
1725 4113 2012 4169 ecclesiam
2041 4114 2089 4170 si

517 4211 804 4273 protervus
832 4201 921 4263 sit,
953 4201 999 4256 si
1035 4209 1216 4256 tamen
1250 4200 1567 4270 inquantum
1591 4202 1733 4258 valet
1764 4204 2088 4274 corripuerit

518 4296 660 4351 ﬁlius
682 4295 875 4350 allatus
899 4294 1142 4349 ecclesiae
1168 4307 1183 4347 :
1222 4294 1265 4350 si
1293 4294 1436 4349 intra
1456 4311 1487 4350 c
1511 4294 1630 4350 dies
1651 4297 1720 4352 ab
1743 4310 1808 4350 ea
1832 4297 2091 4353 disceSse-

517 4387 611 4453 rit,
643 4387 843 4441 nullam
880 4392 1200 4455 potestatem
1243 4385 1478 4449 habebit,
1505 4385 1599 4442 sed
1644 4387 1711 4442 ad
1737 4388 2089 4443 nutrientium

510 4475 602 4548 jus
621 4477 949 4549 pertinebit“:
978 4476 1022 4532 si
1054 4476 1281 4532 ecclesia
1313 4479 1593 4547 pecuniam
1618 4482 1910 4550 sumpserit
1928 4497 1959 4535 a
1996 4497 2090 4553 pa-

516 4571 761 4625 rentibus
805 4569 1355 4638 inquantumcumque
1396 4567 1750 4624 nutrientium
1793 4586 1943 4627 more
1994 4587 2089 4641 pa—

517 4672 731 4718 rentum
757 4662 861 4716 erit
891 4660 1065 4715 ﬁlius:
1095 4661 1140 4715 si
1178 4658 1355 4714 infans
1379 4668 1621 4716 mortuus
1651 4660 1812 4716 fuerit
1846 4678 1945 4734 per
1991 4679 2089 4719 ne-

518 4754 846 4826 gligentiam,
870 4769 945 4808 vn
975 4753 1131 4808 annis
1164 4752 1481 4823 poeniteant,
1505 4753 1629 4822 quia
1670 4754 1943 4808 Christum
1995 4772 2088 4810 ne-

517 4853 793 4901 caverunt.
834 4844 981 4908 Hinc
999 4843 1089 4897 alii
1111 4841 1374 4911 judicant,
1404 4851 1464 4897 ut
1485 4859 1557 4897 vn
1590 4844 1746 4899 annis
1788 4845 2089 4913 pteniteant

518 4938 609 5005 qui
631 4935 862 4991 infantes
878 4933 1193 5004 projiciunt;
1222 4941 1281 4988 ut
1310 4943 1570 5003 quantum
1594 4936 1792 4997 malum
1817 4935 2090 4990 infixerint

519 5026 574 5078 in
600 5024 839 5081 Ecclesia
862 5024 981 5090 Dei,
1013 5032 1220 5079 tantum
1243 5023 1529 5093 accipiant.

517 5114 648 5170 CAP.
677 5130 829 5169 mn.
851 5145 923 5155 —
951 5114 1027 5168 De
1054 5113 1401 5184 quierentibus
1435 5119 1680 5184 pecunias
1711 5114 2086 5184 vituperandis.

542 5248 547 5253 .
589 5204 838 5274 Synodus
879 5219 896 5258 :
944 5204 1047 5271 Qui
1088 5203 1370 5258 facultates
1410 5203 1802 5259 ecclesiasticas
1847 5204 2087 5260 subsidio

518 5295 643 5350 vita:
670 5304 995 5365 congregant
1027 5297 1126 5351 sub
1155 5295 1368 5351 nomine
1394 5294 1795 5363 misericordiae,
1829 5295 1982 5350 tollat
2018 5296 2087 5351 ab

519 5386 601 5441 eis
641 5385 953 5450 auctoritas,
1006 5387 1053 5441 si
1108 5387 1376 5442 neminem
1416 5388 1746 5458 captivorum
1799 5388 2088 5443 redemisse

519 5473 960 5544 comperiuntur:
990 5483 1046 5531 et
1086 5478 1229 5545 quod
1263 5478 1638 5548 acquisierint,
1667 5479 1721 5532 in
1766 5479 2087 5548 redemptio-

520 5578 644 5621 nem
666 5564 996 5635 captivorum
1025 5564 1400 5635 distribuatur;
1438 5577 1492 5631 et
1517 5568 1679 5624 alieni
1711 5585 1743 5624 a
1767 5570 2088 5631 Lhristianis

520 5655 671 5722 ﬁant,
696 5658 866 5713 donec
886 5659 1261 5729 pmnitentiam
1284 5661 1444 5716 trium
1472 5678 1737 5719 annorum
1760 5648 1941 5735 agant.

591 5751 890 5808 Patricius:
923 5751 980 5809 Si
1016 5753 1137 5825 quis
1163 5753 1582 5822 redemptionem
1617 5756 1812 5824 captivi
1863 5757 2087 5827 inquisi-

2113 3159 2161 3222 C

2189 1910 2312 1949 eum
2335 1912 2348 1947 :
2380 1893 2429 1949 si
2461 1908 2589 1948 vero
2624 1891 2714 1947 ille
2736 1906 2844 1947 non
2871 1890 3173 1962 impleverit
3194 1889 3610 1960 penitentiam,
3633 1895 3685 1941 et
3704 1886 3771 1942 le-

2190 1983 2327 2039 cerit
2364 1982 2581 2052 aliquod
2612 1980 2812 2037 malum
2826 2021 2844 2047 ,
2886 1996 2993 2036 non
3022 1980 3204 2036 veniet
3228 1979 3596 2035 maledictum
3621 1993 3771 2048 super

2189 2072 2480 2129 Ecclesiam
2518 2072 2615 2128 Dei
2646 2087 2661 2127 :
2691 2072 2934 2128 Ecclesia
2970 2071 3117 2127 enim
3145 2071 3313 2126 habet
3336 2078 3674 2140 potestatem
3702 2067 3762 2122 li-

2189 2164 2348 2235 gandi
2370 2172 2427 2218 et
2451 2163 2722 2230 solvendi,
2757 2170 2814 2218 et
2843 2162 3010 2218 libera
3053 2170 3153 2226 est,
3185 2170 3245 2216 et
3298 2161 3678 2231 unusquisque
3715 2159 3767 2213 in

2188 2269 2310 2310 eam
2334 2253 2543 2315 debitor
2567 2262 2674 2309 est.

2189 2348 2320 2404 Car.
2350 2362 2498 2402 xxvi.
2521 2376 2592 2385 —
2614 2346 2692 2402 De
2713 2345 2950 2429 Ecclesia
2970 2346 3186 2429 degenti:
3202 2350 3302 2399 sub
3336 2361 3506 2399 censa
3530 2361 3644 2399 non
3668 2347 3768 2402 ωι-

2764 2427 2908 2471 rente
2934 2427 3181 2470 vinctum.

2260 2510 2460 2566 Eadem
2487 2508 2725 2580 synodus
2751 2528 2763 2562 :
2804 2508 2859 2562 Si
2888 2507 3126 2563 Ecclesia
3157 2506 3258 2561 sub
3296 2522 3476 2561 censu
3504 2510 3655 2577 regis
3675 2509 3763 2563 de-

2189 2601 2384 2673 gucrit,
2406 2610 2462 2656 et
2490 2599 2851 2655 mundialibus
2874 2598 3190 2668 quibusdam
3212 2597 3445 2653 funibus
3470 2600 3763 2654 constricta

2189 2694 2277 2754 sit,
2313 2706 2420 2745 non
2446 2698 2529 2745 est
2558 2690 2720 2759 digna
2749 2689 2958 2743 solvere
2984 2687 3261 2752 vinctum;
3286 2702 3420 2740 nam
3451 2688 3498 2741 si
3525 2688 3764 2750 salva-it,

2189 2783 2376 2840 reddet
2401 2782 2580 2837 debita
2606 2763 2924 2835 delictorum
2953 2776 3089 2847 ejus.

2188 2876 2318 2930 Car.
2358 2888 2529 2928 xxvn.
2563 2900 2633 2910 -—-
2666 2870 2745 2923 De
2788 2870 3023 2924 libertate
3057 2866 3307 2921 Ecclesia
3341 2865 3635 2922 catholico
3668 2883 3766 2921 ιω

2594 2940 2835 2994 reddente
2860 2939 3033 2993 debita
3057 2936 3333 2991 malorum.

2260 3033 2459 3090 Eadem
2497 3032 2732 3102 synodus
2766 3048 2778 3084 :
2828 3029 2945 3083 Non
2983 3028 3169 3083 reddet
3211 3026 3460 3082 Ecclesia
3495 3027 3557 3081 in
3605 3026 3769 3081 tribo-

2191 3127 2390 3181 latione
2427 3123 2618 3180 delicta
2669 3122 2917 3176 aliorum.
2948 3119 3101 3175 Sicut
3145 3134 3250 3174 non
3298 3118 3525 3173 venient
3575 3119 3768 3173 delicta

2190 3221 2494 3275 daemonum
2544 3230 2706 3285 super
2752 3214 2921 3269 Deum
2950 3222 3044 3268 aut
3083 3213 3303 3284 angelos
3353 3211 3507 3279 ejus;
3548 3213 3634 3267 sic
3664 3228 3767 3268 non

2190 3312 2406 3368 venient
2438 3306 2634 3363 delicta
2667 3306 3028 3360 membrorum
3054 3303 3247 3361 diaboli
3296 3318 3465 3369 super
3513 3304 3766 3357 membra

2188 3401 2411 3467 Christi,
2435 3400 2489 3455 id
2505 3407 2590 3456 est
2607 3412 2769 3468 super
2780 3407 3014 3461 sanctos,
3038 3409 3138 3449 nec
3149 3394 3543 3449 monachorum
3560 3392 3766 3465 fugien-

2190 3495 2322 3549 tium
2350 3493 2418 3547 ab
2440 3490 2706 3555 Ecclesia;
2737 3502 2911 3558 neque
2938 3486 3340 3557 peregrinorum
3372 3487 3765 3556 pessimorum.

2190 3599 2364 3653 neque
2410 3597 2597 3638 eorum
2638 3579 2730 3650 qui
2773 3577 3046 3647 iaciuntur
3090 3590 3249 3646 super
3289 3575 3567 3641 Ecclesia,
3600 3577 3659 3632 id
3688 3586 3767 3632 est

2189 3674 2534 3729 collectorum
2594 3671 2887 3734 malorum,
2935 3681 3039 3723 nec
3083 3666 3469 3735 cognationum
3514 3668 3769 3724 munda-

2188 3766 2350 3831 lium;
2398 3764 2492 3819 sed
2520 3761 2820 3818 mundiales
2868 3760 3058 3815 delicta
3100 3758 3333 3818 aliorum
3380 3760 3765 3825 mundialium,

2189 3872 2308 3926 qum
2356 3854 2741 3909 commiserunt
2783 3853 2836 3907 in
2883 3849 3142 3917 Ecclesia,
3176 3848 3441 3905 Ecclesia:
3486 3852 3761 3907 reddent:

2189 3946 2436 4003 similiter
2452 3944 2579 3999 mali
2599 3942 2784 3998 fratris
2809 3942 3061 3997 delictum
3088 3957 3197 3997 non
3221 3941 3518 3996 maculabit
3542 3941 3766 3996 (ηπ-

2190 4037 2497 4106 religiosum
2530 4035 2642 4090 sive
2675 4031 3042 4102 spiritualiter,
3073 4033 3188 4088 sive
3214 4032 3572 4088 mundialiter
3599 4034 3656 4088 in
3676 4034 3762 4089 ὼ-

2190 4126 2317 4182 licto
2343 4125 2461 4196 ejus
2487 4125 2777 4181 reddendo.

2189 4215 2318 4271 Car.
2347 4229 2537 4269 xxvrn.
2573 4242 2646 4253 —
2674 4212 2752 4267 De
2791 4212 2973 4266 ordine
3013 4211 3186 4266 delicti
3235 4210 3424 4281 fratris
3478 4216 3763 4283 pem

2260 4305 2459 4360 Eadem
2486 4304 2723 4375 synodus
2748 4320 2761 4356 :
2790 4302 3032 4358 Primum
3061 4303 3315 4358 delictum
3338 4302 3765 4372 uniuscujusqu

2192 4394 2317 4448 mali
2345 4392 2579 4449 hominis
2603 4393 2779 4447 veniet
2802 4407 2965 4461 super
2987 4391 3344 4447 substantiam
3369 4408 3529 4447 suam
3572 4403 3633 4448 et
3676 4408 3768 4462 pe-

2120 4503 2167 4563 υ
2191 4500 2317 4538 cora
2357 4498 2493 4537 sua:
2521 4483 2814 4537 secundum
2858 4484 2902 4536 si
2950 4498 3058 4537 non
3109 4482 3365 4537 habuerit
3402 4485 3765 4538 substantiam

2192 4582 2285 4629 aut
2309 4589 2504 4644 pecora
2536 4574 2713 4627 veniet
2754 4589 2916 4644 super
2955 4575 3200 4644 regiones
3234 4590 3391 4639 suas;
3441 4576 3491 4630 si
3534 4592 3646 4631 non
3672 4577 3766 4630 h-

2187 4665 2365 4721 buerit
2394 4665 2689 4736 regionem,
2728 4666 2907 4719 veniet
2929 4680 3092 4742 super
3120 4680 3302 4735 regem
3324 4681 3486 4721 suum
3521 4681 3537 4720 :
3581 4668 3630 4722 si
3663 4683 3765 4721 non

2190 4758 2440 4813 habuerit
2472 4773 2686 4828 regem,
2736 4758 2916 4812 veniet
2951 4773 3112 4827 super
3139 4772 3262 4812 eum
3290 4759 3385 4828 qui
3422 4774 3581 4813 arma
3602 4760 3763 4821 dedi.

2188 4858 2243 4903 et
2262 4848 2579 4903 vestimenta
2607 4848 2749 4902 illius
2778 4848 2869 4917 qui
2899 4847 3149 4902 delictum
3168 4847 3326 4913 fecit;
3352 4849 3439 4902 sin
3482 4864 3632 4913 rem,
3673 4863 3765 4918 po-

2189 4952 2391 4996 stremo
2417 4941 2594 4995 veniet
2620 4954 2781 5010 super
2806 4939 2955 4993 illum
2980 4940 3073 5010 qui
3120 4940 3322 4995 cibavit
3360 4940 3540 5007 illum,
3590 4951 3643 4996 et
3685 4943 3765 4994 le~

2189 5042 2334 5086 ctum
2357 5033 2519 5087 dedit.
2555 5031 2611 5086 Si
2638 5047 2766 5086 vero
2790 5030 2925 5084 nihil
2952 5031 3017 5085 de
3040 5031 3124 5087 his
3153 5031 3409 5086 omnibus
3439 5033 3765 5095 inveniatur,

2188 5132 2243 5177 et
2288 5123 2561 5192 delinquat
2603 5124 2657 5178 in
2700 5123 2947 5190 ecclesia,
2995 5130 3329 5194 quteratura
3372 5138 3509 5194 rege
3532 5124 3765 5179 maxime

2187 5217 2476 5285 provincia:
2508 5217 2560 5270 in
2579 5232 2684 5284 qua
2709 5225 2793 5270 est
2815 5217 3042 5272 ecclesia
3076 5216 3204 5271 ista.

2187 5308 2315 5361 CAP.
2369 5322 2516 5359 χχιχ.
2560 5336 2639 5377 -ί
2680 5306 2756 5377 De
2801 5307 2954 5376 culpa
2997 5317 3331 5377 peccatorum
3393 5324 3503 5362 non
3543 5308 3769 5363 renittis

2432 5392 2587 5445 super
2616 5376 2931 5441 Ecclesium,
2970 5376 3173 5431 etiamsi
3199 5386 3384 5447 pascat
3409 5394 3526 5432 eos.

2258 5472 2506 5543 Synodus
2539 5473 2725 5528 eadem
2754 5487 2768 5525 :
2802 5472 2858 5526 Si
2880 5472 3116 5528 Ecclesia
3136 5473 3352 5528 dederit
3373 5473 3557 5527 cibum
3578 5472 3648 5527 illi
3666 5472 3767 5540 qi

2187 5565 2440 5619 delictum
2470 5564 2674 5629 fecerit,
2699 5579 2805 5618 non
2841 5562 3018 5618 veniet
3051 5563 3305 5618 delictum
3352 5565 3483 5619 mali
3536 5564 3767 5619 hominis

2134 5668 2137 5669 ⁷
2186 5676 2348 5729 super
2377 5659 2670 5715 Ecclesiam
2706 5667 2926 5727 propter
2954 5657 3133 5713 cibum
3176 5657 3365 5712 datum
3403 5657 3477 5712 ab
3527 5656 3764 5712 Ecclisia

2191 5751 2333 5806 malo
2358 5750 2578 5817 homini,
2608 5750 2733 5820 quia
2753 5749 2999 5806 columba
3026 5764 3152 5804 vera
3174 5759 3288 5816 est;
3317 5750 3566 5807 columba
3585 5758 3765 5805 sum
