3950 6308
156 365 282 422 1501

1033 351 1352 411 CANONES
1385 347 1675 407 SELECTI
1711 341 1807 400 EX
1841 339 2148 411 ANTIQUA
2185 341 2544 398 COLLECT..

3283 335 3416 390 I303

155 492 259 531 non
285 489 400 530 suis
433 479 640 528 tantum
667 467 828 540 pullis
847 466 1136 530 ministrat,
1151 465 1248 522 sed
1265 463 1518 520 omnibus
1537 459 1730 516 avibus
1755 457 1808 519 Α
1829 455 1936 512 loci
1958 463 2150 521 erunt;
2184 463 2242 510 et
2275 453 2539 526 quidquid
2577 451 2693 524 ipse
2735 447 3102 505 laborantibus
3125 447 3420 516 impende-

158 563 518 637 iperientibus
552 575 614 615 os
645 574 802 615 suum
833 573 850 612 :
891 557 966 612 ita
989 555 1246 612 omnibus
1271 553 1438 608 servit
1468 547 1746 611 Ecclesia,

152 655 380 711 Domino
427 652 684 708 dicente:
708 647 888 703 Estote
929 644 1144 717 perfecti
1187 643 1321 698 sicut
1367 649 1518 712 pater
1571 646 1750 692 vester-

151 745 369 802 rclestis
404 740 663 814 perfectus
691 746 766 792 est
793 754 812 792 :
839 736 930 808 qui
959 733 1123 790 solent
1146 748 1302 788 suum
1327 730 1470 786 oriri,
1496 729 1624 798 facit
1645 742 1737 782 su-

152 851 243 890 per
267 834 429 888 bonos
451 841 500 886 et
527 827 726 894 malos,
753 841 914 898 super
939 825 1117 896 justas
1151 831 1200 877 et
1239 821 1465 894 iniustos
1503 816 1730 889 (Matth.

155 923 368 997 με).

155 991 283 1074 Car.
312 991 443 1072 in.
475 1044 546 1057 —
572 1014 650 1068 De
677 991 1032 1067 mundiali-bus
1089 1024 1192 1062 non
1226 1003 1533 1076 iurantibus
1579 1016 1764 1071 super

612 1085 950 1138 discesserem
991 1077 1288 1133 Ecdesiw..

225 1177 474 1250 Synodus
495 1176 684 1231 eadem
715 1191 729 1228 :
761 1169 1010 1228 Defendit
1042 1183 1101 1224 se
1139 1165 1380 1222 Ecclesia
1417 1163 1583 1218 etiam
1616 1167 1739 1230 post

151 1269 381 1325 obitum.
414 1265 717 1338 principum
769 1265 1106 1325 suorum,.ct
1156 1271 1262 1311 non
1313 1252 1530 1322 iuratur
1577 1263 1742 1320 super

152 1359 322 1425 illam,
353 1357 409 1414 id
427 1363 519 1412 est
543 1367 707 1424 super
731 1352 1084 1412 discesseres,
1109 1347 1236 1416 quia
1265 1344 1387 1400 viva
1414 1349 1540 1398 sunt
1577 1339 1739 1395 verba

153 1447 391 1504 illorum.
429 1445 550 1501 Hoc
572 1441 820 1513 exemplo
855 1448 1061 1496 sancta:
1087 1437 1380 1508 Scriptura:
1414 1451 1427 1486 :
1461 1430 1531 1485 Et
1567 1440 1739 1502 patres

154 1536 320 1591 nostri
351 1541 696 1590 narraret-unt
722 1530 904 1595 nobis;
935 1513 1195 1582 ιιοηέιιηι
1223 1521 1485 1606 occultata
1529 1537 1592 1602 a‘
1611 1517 1740 1588 ﬁliis

154 1641 336 1684 eam
365 1624 538 1698 (Psal.
557 1637 774 1688 -Lxxvu,
797 1621 876 1692 4).
913 1621 978 1674 Et
1015 1617 1106 1672 illa
1127 1613 1278 1684 iurat
1306 1627 1470 1682 super
1497 1616 1743 1664 mortuos

151 1719 476 1785 mundiales,
504 1726 562 1774 et
603 1717 725 1772 ideo
771 1729 879 1770 non
923 1711 1142 1782 iuratur
1197 1721 1361 1779 super
1405 1703 1584 1769 illam,
1609 1701 1772 1774 quias

151 1816 325 1872 libera
344 1819 451 1878 est,
473 1819 665 1867 etnon
689 1806 1049 1880 ergastulum.

682 1899 777 1956 EX
793 1896 1015 1954 ,ιωΒο
1052 1891 1220 1951 XLII;

147 2086 285 2142 Car.
313 2101 357 2140 ιδ
381 2113 454 2126 -—
481 2082 560 2137 De
591 2001 1253 2145 ecclesianftbttlictzlelibus
1300 2087 1418 2127 non.
1442 2069 1744 2142 fundanda.

163 2200 170 2208 ·
225 2175 480 2247 Synodus
509 2190 522 2227 :
557 2172 616 2228 Si
635 2171 760 2243 quis
785 2170 1065 2240 ingressus
1093 2164 1258 2220 fuerit
1294 2161 1490 2226 locum,
1521 2176 1630 2216 non
1675 2158 1748 2213 ab

149 2267 466 2324 inﬁdelibus
505 2274 600 2320 aut
639 2281 670 2320 a
715 2261 904 2322 laicis.
939 2259 1036 2316 sed
1082 2259 1152 2314 ab
1202 2253 1446 2312 Ecclesia
1491 2251 1769 2308 fundatur.

151 2359 412 2416 ecclesia.

152 2449 317 2506 (iam.
341 2437 428 2503 ιιιτ
470 2473 542 2485 —
576 2442 656 2500 De
700 2440 1046 2563 fundantur?
1094 2435 1325 2494 ecclesiae
1351 2435 1418 2490 ab
1448 2431 1752 2488 inﬁdelibus

831 2527 986 2563 accep
1011 2527 1062 2563 ο.

831 2527 1062 2580 accepto.

232 2605 484 2680 Synodus
505 2605 582 2660 ait
611 2621 623 2657 :
651 2602 970 2670 Quicunque
997 2599 1230 2654 :ediiicat
1261 2597 1569 2659 ecclesiam,
1596 2593 1641 2650 si
1682 2592 1750 2647 ab

155 2696 470 2755 inﬁdelibus
507 2693 737 2762 accipiat
764 2691 1205 2751 fundamentum,
1237 2693 1499 2742 convocet
1537 2683 1746 2752 episco-

156 2807 293 2864 pum
318 2797 374 2846 et
397 2788 660 2850 seniores,
692 2794 748 2841 et
774 2784 1020 2838 ﬁrmetur
1045 2781 1318 2850 episcopo,
1340 2789 1396 2833 et
1435 2778 1614 2832 ﬁrmet
1639 2774 1751 2845 epi-

155 2895 361 2950 scopus
383 2879 436 2934 in
461 2877 790 2939 oblationem
814 2875 925 2930 Deo
945 2882 1007 2928 .et
1041 2871 1304 2928 advenis-

157 2975 294 3030 Cu.
326 2969 554 3026 tv.—-De
578 2966 964 3022 conversatione
989 2964 1202 3018 (tdt'cmv
1230 2959 1533 3032 accipientis
1556 2957 1774 3011 locum.-

236 3062 488 3134 Synodus
540 3057 762 3114 Patricii
821 3055 952 3111 dicit
1011 3053 1204 3126 (Inter
1249 3051 1444 3122 Opusc.
1498 3049 1746 3109 I’atricii,

1835 546 1909 624 rit
1933 546 2002 603 de
2024 543 2326 602 substantia
2351 543 2458 598 loci
2482 557 2590 598 non
2623 538 2842 603 reddet,
2862 536 3102 606 exceptis
3119 535 3282 591 rebus
3315 549 3427 588 nia-

1836 635 1998 692 ximis
2024 641 2081 692 et
2107 633 2371 705 propriis,
2397 632 2452 689 id
2497 639 2583 688 est
2617 627 2942 700 specialibus
2973 625 3218 682 ecclesia:
3252 625 3419 681 vasis.

1835 727 1972 782 Aliis
2019 740 2150 782 vero
2199 724 2402 795 placuit
2431 721 2636 794 ,.quod
2675 720 2732 775 in
2785 717 2963 790 primo
3011 731 3154 772 anno
3204 715 3426 786 sparsit.

1837 820 1894 875 in
1920 819 2259 888 separatione
2281 833 2404 872 non:
2414 815 2622 880 reddet,
2645 813 2773 885 quia
2795 825 2997 882 egenus
3019 807 3139 863 fuit;

1837 911 1968 968 Cir.
1993 927 2076 966 ιι.
2099 941 2172 953 —-
2198 908 2276 964 De
2298 907 2522 963 termin
2554 905 2722 960 sancti
2748 901 2848 956 loci
2873 902 3088 971 ignota,
3113 899 3422 953 terminato.

2336 995 2436 1048 que
2469 976 2636 1030 tribus
2666 973 2902 1045 personis

1912 1075 2160 1146 Synodus
2181 1069 2571 1128 Hibernensis:
2603 1065 2890 1121 Terminus
2915 1070 3088 1118 sancti
3110 1061 3211 1115 lOCl
3231 1061 3429 1115 habeat

1840 1166 1994 1236 signa
2015 1165 2162 1220 circa
2187 1177 2264 1218 se.

1911 1255 2163 1327 Synodus
2213 1253 2345 1308 dicit
2394 1269 2408 1306 :
2467 1249 2788 1318 Ubicunque
2839 1243 3158 1302 inveneritis
3211 1241 3427 1311 signum

1840 1348 2020 1403 crucis
2049 1344 2272 1410 Christi,
2303 1358 2374 1399 ne
2406 1341 2672 1397 lzeseritis.
2939 1397 2946 1406 l

1912 1438 2050 1494 item
2091 1453 2104 1491 :
2140 1444 2251 1490 tres
2307 1449 2555 1504 [uersuum
2598 1437 2922 1488 consecrant
2975 1426 3269 1484 terminum
3328 1422 3430 1478 loci

1843 1528 2048 1596 sancti;
2077 1541 2194 1594 rex,
2215 1523 2518 1596 episcopus,
2538 1521 2790 1594 populus.

1911 1645 2041 1702 CAP.
2068 1660 2170 1700 xu.
2193 1673 2266 1684 --
2293 1641 2372 1696 De
2407 1657 2620 1696 numero
2654 1648 2996 1694 termmorum
3027 1635 3200 1692 sancti
3235 1629 3356 1689 loci.

1917 1755 2166 1829 Synodu's
2185 1755 2372 1810 eadem
2391 1761 2626 1824 quawor
2648 1751 2911 1808 terminos
2934 1749 3078 1805 circa
3102 1747 3280 1804 locum
3311 1761 3434 1802 san-

1847 1855 1994 1905 ctum
2017 1831 2198 1919 posuit
2224 1863 2238 1900 :
2262 1845 2495 1916 primum
2536 1844 2590 1898 in
2613 1857 2774 1914 quem
2803 1841 2926 1897 laici
2955 1849 3011 1896 ct
3049 1839 3304 1894 mulieres
3345 1838 3432 1892 in-

1849 1947 2012 2000 trant,
2036 1936 2268 1992 alterum
2299 1935 2352 1990 in
2379 1950 2540 2006 quem
2571 1933 2754 1988 clerici
2782 1939 2990 1988 tantum
3019 1931 3264 1986 veniunt.
3310 1929 3434 1984 Pri-

1848 2041 1968 2082 mus
1995 2032 2220 2080 vocatur
2243 2032 2481 2087 sanctus,
2509 2021 3055 2083 secundus-sanctior,
3086 2019 3284 2080 tertius
3308 2035 3432 2074 san-

1847 2117 2143 2176 ctissimus.
2181 2115 2317 2170 Nota
2348 2130 2544 2169 nomen
2567 2123 2764 2186 quarto
2791 2094 3074 2168 defecisse.

1848 2231 1979 2288 Gar.
2020 2245 2111 2285 xv.
2147 2259 2219 2271 -—
2259 2227 2338 2283 De
2372 2227 2577 2283 decreto
2627 2202 3031 2284 Hibernensium
3079 2227 3136 2282 in
3177 2225 3435 2280 violandis

2521 2297 2774 2369 reliquiis.

1921 2409 2172 2484 Synodus
2220 2407 2570 2465 lliberucnsis
2612 2421 2626 2460 :
2668 2405 2986 2476 Quicunque
3024 2402 3285 2475 reliquias
3319 2401 3435 2472 cpi-

1849 2517 2136 2572 scoporum
2164 2501 2573 2571 velantur-tme
2602 2498 2896 2556 homicidio
2927 2496 3316 2560 violaverit,vu
3343 2512 3438 2548 nn-

1850 2595 1936 2650 nis
1970 2593 2286 2664 peregrinus
2337 2592 2596 2660 pmniteat
2634 2609 2646 2643 :
2677 2591 2738 2644 .si
2761 2606 2909 2644 ,γει-ο
2957 2587 3134 2652 furto,
3160 2603 3235 2642 tu
3261 2585 3438 2642 antiis.

1851 2685 1910 2740 Si
1953 2692 2133 2738 alitem
2193 2683 2248 2738 in
2298 2682 2530 2738 termino
2580 2681 2680 2736 luci
2719 2679 2891 2735 sancti
2938 2678 3200 2735 occiderit
3238 2678 3295 2732 in
3333 2692 3444 2747 quo

1852 2775 1970 2829 laici
1996 2774 2356 2842 laospitautur,
2383 2787 2526 2826 anno
2563 2786 2671 2826 uno
2703 2769 3086 2839 :iudulgemus
3108 2783 3237 2823 vero
3258 2775 3442 2837 poste—

1854 2863 1994 2920 riora
2019 2871 2258 2936 tempora
2283 2877 2314 2916 ι.
2341 2861 2490 2928 dies;
2521 2861 2660 2932 quia.
2682 2875 2788 2914 non
2834 2858 2984 2914 locus
3024 2866 3244 2914 sanctus
3265 2856 3446 2912 dicen-

1853 2957 1955 3013 dus
1999 2964 2086 3012 est
2126 2956 2180 3010 in
2201 2969 2372 3026 quem
2402 2952 2687 3010 homicidae
2721 2967 2844 3007 cum
2879 2949 3082 3021 spoliis,
3117 2948 3264 3004 fures
3319 2963 3444 3004 cum

1856 3053 2036 3118 furtis,
2063 3051 2293 3108 adulteri
2321 3059 2376 3104 et
2409 3045 2635 3118 periuri,
2661 3055 2719 3102 et
2755 3059 3062 3116 praecones,
3094 3052 3152 3098 et
3181 3042 3326 3112 magi
3355 3044 3442 3098 in—

161 3133 292 3228 uag.
318 3154 390 3210 45
410 3163 460 3210 et
513 3151 657 3228 {24)
713 3165 742 3204 :.
775 3149 838 3204 Si
871 3147 994 3219 quis
1025 3146 1232 3202 advena
1279 3145 1556 3214 ingressus
1593 3139 1754 3197 fuerit
1783 3170 1830 3234 ρ
1861 3154 2024 3200 trant.
2057 3145 2127 3200 Et
2161 3159 2269 3198 non
2294 3137 2672 3196 soluimomnis
2695 3137 2847 3194 locus
2867 3144 3090 3192 sanctus
3113 3135 3272 3190 debet
3299 3133 3448 3188 intus

162 3250 220 3304 in
257 3247 486 3318 plebem,
509 3260 618 3300 non
647 3249 774 3298 ante
802 3239 1199 3310 baptizet,.ncc
1241 3236 1456 3302 oﬁerat,
1479 3249 1582 3290 nec
1628 3249 1758 3289 con-

161 3345 368 3401 secret,
398 3349 502 3390 nec
530 3331 762 3388 :edilicet
799 3328 1106 3392 ecclesiam,
1133 3326 1306 3381 donec
1343 3321 1782 3394 permissionem.

161 3428 370 3498 accipit
391 3427 460 3483 ab
481 3425 736 3496 episcopo
761 3415 1256 3488 illiusprovincize;
1285 3414 1432 3485 quod
1453 3411 1760 3482 exemplqu

161 3517 493 3576 humilitatis
541 3523 626 3571 est
668 3531 684 3568 :
741 3526 864 3568 nam
909 3508 1003 3578 qui
1039 3514 1223 3576 sperat
1245 3506 1326 3560 ab
1375 3502 1698 3565 inﬁdelibus,
1729 3516 1758 3554 a

162 3609 325 3666 laicis
368 3615 426 3663 et
473 3621 601 3662 non.
629 3605 700 3660 ab
756 3601 1010 3673 episeopo
1068 3597 1482 3668 permissionem
1537 3592 1760 3662 accipit,

161 3702 380 3758 alienus
398 3706 503 3754 est.

163 3794 304 3850 CAP.
331 3807 384 3846 γ.
406 3789 805 3844 -υεσαάυιιια
825 3802 932 3842 non
958 3783 1157 3840 valente
1183 3792 1358 3850 tergere
1386 3777 1558 3832 locum
1583 3790 1762 3831 suum.

139 3935 148 3942 .
247 3883 502 3955 Synodus
527 3879 876 3936 ilibcruensis
905 3877 980 3932 ait
1013 3841 1290 3930 :Placuil'
1298 3881 1358 3925 ut
1381 3871 1586 3923 advena
1617 3865 1762 3921 acci—

165 3976 290 4050 piat
321 3974 498 4030 locum
534 3972 676 4026 inter
704 3967 1090 4032 iuonasteria;.
1130 3979 1253 4020 cum
1301 3975 1430 4016 vero
1477 3959 1661 4014 datum
1712 3955 1787 4010 ei.

168 4069 356 4126 locum
382 4066 630 4122 obtinere
652 4079 760 4120 non
794 4059 1152 4134 potuerit,'ad
1183 4073 1342 4112 suum
1371 4051 1764 4110 monasterium

171 4167 480 4218 revertetur
505 4157 646 4214 unde
673 4163 916 4212 venerat.
941 4152 998 4209 Si
1024 4151 1094 4207 ab
1131 4148 1436 4204 inﬁdelibus
1467 4143 1684 4214 accipit,
1711 4150 1768 4198 et

169 4267 290 4310 non
313 4249 490 4322 potuit
511 4247 777 4310 obtinere,
805 4243 1038 4315 accipiat
1061 4240 1294 4313 pretium
1331 4235 1450 4306 eius
1491 4235 1561 4290 ab
1605 4235 1766 4288 bere-

169 4343 370 4407 dibus;
397 4339 518 4394 aliis
539 4352 669 4393 vero
690 4335 851 4392 vendi
879 4349 986 4390 non
1014 4333 1234 4405 poterit.
1273 4330 1332 4386 Si
1359 4330 1414 4384 in
1454 4343 1521 4384 eo
1555 4326 1770 4398 planta-

171 4432 325 4488 verit
350 4429 607 4500 reliquias
627 4435 939 4482 sanctorum
958 4465 972 4490 ,
1005 4430 1184 4496 potest
1211 4422 1342 4478 dare
1369 4419 1492 4476 aliis
1531 4416 1765 4484 clericis,

171 4526 280 4582 sed
309 4532 520 4579 tantum
545 4518 840 4591 perfectis-
884 4512 896 4520 ’

172 4640 314 4696 CAP.
338 4652 414 4692 γι.
442 4665 513 4675 -
547 4631 627 4686 De
651 4647 711 4684 eo
775 4628 828 4682 ni
865 4626 958 4680 dat
1006 4625 1177 4680 locum
1231 4621 1421 4684 alicui,
1449 4620 1499 4674 si
1541 4618 1774 4680 separati

494 4703 716 4753 fuerint.
739 4647 835 4753 χοε
869 4696 1024 4750 ηιοάο
1057 4693 1460 4753 separabantur.

491 4703 716 4774 fuerint,
739 4693 835 4754 hoc
869 4696 1024 4750 modo
1057 4693 1460 4766 separabantur.

256 4794 606 4852 Hiberneusis
663 4788 902 4862 synodus
949 4801 964 4840 :
1015 4786 1240 4858 Oportet
1284 4791 1350 4838 ut
1385 4781 1638 4853 princeps
1681 4794 1773 4849 qui

176 4889 426 4957 seipsum
452 4899 562 4940 non
582 4881 869 4942 dedit..aut
905 4874 1141 4938 sua,sed
1169 4879 1378 4927 tantum
1408 4867 1648 4926 servabit
1685 4881 1778 4921 ec-

177 4979 387 5042 clesiae,
419 4979 478 5034 si”
493 4975 700 5046 eiectus
724 4972 908 5036 fuerit,
943 4977 1038 5025 aut
1083 4967 1317 5024 voluerit
1360 4963 1674 5026 abscedere,
1701 4960 1778 5016 di-

179 5073 374 5128 mittat
401 5067 682 5123 dimidium
728 5063 954 5119 seminis
995 5060 1051 5114 in
1095 5057 1384 5130 pecoribus
1434 5052 1696 5116 ecclesiae,
1725 5057 1780 5106 et

177 5163 337 5236 quod
356 5161 408 5216 ei
431 5161 617 5215 datum
640 5156 910 5226 relinquat
935 5154 1218 5212 intactum,
1245 5149 1351 5205 nisi
1374 5147 1520 5218 quod
1549 5143 1779 5202 necessi-

183 5265 278 5310 tas
296 5252 398 5308 loci
425 5251 572 5306 illius
599 5247 844 5318 exegerit
867 5245 939 5300 ab
967 5259 1034 5300 eo
1052 5283 1067 5308 ,
1089 5253 1146 5297 et
1175 5242 1321 5312 quod
1366 5253 1550 5295 secum
1598 5236 1784 5292 intulit

183 5343 366 5401 tollat.
393 5341 451 5397 Si
482 5341 596 5411 ipse
624 5336 1154 5396 dominatricemaut
1191 5331 1473 5388 ministros
1501 5327 1778 5391 conduxit,

183 5441 246 5496 in
271 5453 370 5494 sua
397 5444 552 5508 parte
576 5442 738 5491 erunt
765 5451 780 5488 :
803 5431 854 5488 si
871 5446 1010 5488 vero
1032 5443 1196 5485 causa
1222 5427 1326 5484 loci
1355 5423 1634 5491 conduxit,
1659 5439 1786 5480 cum

183 5535 351 5600 parte
377 5527 482 5584 loci
517 5527 742 5582 exibunt
777 5539 793 5580 :
832 5532 888 5580 et
919 5536 1108 5578 omnes
1143 5519 1446 5576 oblationes
1484 5516 1784 5573 alieuomm

186 5621 341 5676 inter
382 5617 682 5689 principem
717 5624 773 5673 et
797 5614 1084 5672 ecclesiam
1129 5611 1436 5668 dividentur
1473 5608 1528 5664 in
1570 5622 1786 5680 separa-

188 5713 346 5767 tione
370 5725 386 5764 :
411 5709 506 5766 sed
533 5711 579 5766 si
605 5709 857 5780 princeps
881 5705 1138 5764 sacerdos
1163 5701 1462 5760 catholicus
1485 5699 1575 5768 sit,
1596 5715 1786 5756 omnes

193 5805 304 5861 hos
325 5804 537 5862 labores
568 5819 704 5876 quos
726 5801 813 5859 ille
840 5801 984 5868 fecit,
1023 5807 1076 5856 et
1106 5797 1285 5855 omnia
1317 5793 1420 5853 loci
1448 5801 1786 5862 ornamenta,

1861 3234 2246 3300 mandari,st
2280 3241 2336 3288 et
2379 3229 2498 3300 cius
2545 3228 2760 3284 termini
2807 3227 2898 3296 qui
2951 3223 3252 3280 eorusecrali
3295 3233 3446 3287 sunt,

1860 3327 2070 3382 mundi.
2083 3339 2204 3380 esse
2249 3323 2468 3378 debent.

1859 3438 1988 3494 Car.
2029 3452 2142 3492 va.
2167 3466 2238 3476 —
2265 3435 2339 3489 De
2376 3443 2524 3504 tanta
2552 3433 2789 3504 graviore
2815 3424 3306 3504 pollutione'sancti
3343 3425 3446 3480 loci

2249 3515 2444 3577 quanto
2471 3500 2646 3575 plures
2669 3503 2725 3556 in
2763 3517 2822 3556 eo
2861 3500 3050 3554 sancti.

1931 3619 2202 3676 Patricius
2227 3618 2304 3674 ait
2332 3632 2348 3672 :
2380 3617 2700 3686 Quicunque
2720 3614 2840 3677 diis,
2867 3613 2972 3668 bne
3000 3619 3084 3667 est
3116 3610 3449 3682 manyribus

1862 3712 2116 3777 detrahit,
2147 3711 2256 3766 Deo
2303 3708 2572 3774 detrahit;
2612 3706 2800 3778 quanti
2849 3704 2996 3760 enim
3033 3714 3266 3771 cumque
3304 3716 3448 3755 mar-

1865 3811 2014 3874 tyres
2049 3803 2104 3858 in
2153 3817 2220 3858 eo
2250 3799 2454 3856 bumati
2487 3806 2615 3854 sunt
2649 3797 2788 3860 loco,
2824 3803 3036 3851 tantum
3061 3791 3448 3848 Deodetraliit.

1863 3914 1995 3972 ευ.
2045 3928 2172 3968 xxv.
2210 3943 2280 3952 —
2319 3911 2396 3965 De
2439 3909 2836 3982 profanatione,
2881 3921 2978 3982 cur
3019 3903 3196 3982 carior
3239 3910 3458 3958 sanctus

2220 3975 2450 4054 sanguis
2472 3975 2635 4052 quam
2667 3987 2879 4034 sanctus
2913 3975 3096 4032 locus!

1938 4098 2190 4171 Synodus
2215 4115 2229 4152 :
2259 4126 2330 4136 ——
2353 4094 2590 4166 Sanguis
2612 4101 2915 4164 martyrum
2946 4096 3230 4144 consecrat
3251 4086 3451 4149 locum,

1866 4205 1976 4248 non
2027 4190 2179 4245 locus
2221 4187 2559 4258 sanguinem.
2603 4183 2664 4238 Si
2716 4181 2914 4252 aliquis
2955 4179 3154 4236 dixerit
3183 4196 3207 4232 ι.
3225 4192 3345 4232 mea
3369 4185 3458 4233 est

1867 4281 2117 4346 ecclesia,
2152 4280 2301 4336 dices
2328 4279 2379 4334 ei
2411 4277 2554 4348 quod
2589 4276 2642 4332 in
2673 4272 2898 4330 Cantica
2944 4270 3142 4344 legitur
3173 4285 3189 4325 :
3229 4267 3351 4325 Una
3381 4279 3458 4326 est

1869 4371 2110 4428 columba
2132 4387 2269 4436 mea,
2297 4378 2346 4424 et
2373 4385 2509 4423 unus
2533 4375 2615 4421 est.
2645 4364 2865 4420 dilectus
2889 4380 3034 4419 meus
3067 4361 3245 4435 (Cant.
3273 4375 3350 4428 vl,
3376 4361 3454 4431 8).

1875 4463 1939 4518 Et
1961 4461 2108 4517 dices
2138 4460 2213 4514 illi
2245 4478 2257 4513 :
2300 4467 2482 4530 aptum
2510 4467 2594 4513 est
2623 4457 2789 4510 lilium
2819 4455 2994 4512 occidi
3029 4455 3082 4510 in
3116 4454 3238 4510 sinu
3268 4453 3460 4508 matris

1799 4533 1848 4594 ί)
1871 4561 1930 4610 et
1952 4551 2182 4608 nutricis
2211 4568 2354 4619 sum;
2400 4562 2582 4606 tamen
2613 4551 2756 4606 scias
2791 4549 3061 4606 nutricem
3093 4556 3305 4604 tantum
3345 4547 3460 4620 pol-

1875 4647 2065 4713 lutam,
2092 4655 2148 4702 et
2170 4662 2270 4717 pro
2297 4647 2398 4701 hac
2422 4644 2716 4716 pollutione
2740 4649 3109 4708 consecratur,
3136 4639 3306 4696 ﬁlium
3331 4654 3462 4695 vene

1879 4746 2152 4794 mortuum
2182 4751 2324 4792 esse.

1947 4831 2080 4886 Item
2108 4828 2623 4899 Ouviusepiscopus
2662 4827 2792 4882 dicit
2819 4841 2834 4880 :
2862 4825 3141 4896 Reliquias
3174 4837 3334 4880 nemo
3367 4839 3464 4894 po-

1880 4928 1986 4977 test
2026 4919 2296 4990 pollucre,
2352 4932 2584 4989 quorum
2631 4917 2826 4972 anima:
2865 4916 3072 4972 visione
3113 4914 3209 4970 Dei
3254 4912 3464 4968 satiata:

1881 5012 2170 5069 mundialia
2199 5011 2456 5068 oblivioni
2483 5010 2730 5075 tradunt;
2778 5009 2973 5064 anima:
2998 5023 3126 5064 vero
3161 5015 3462 5077 martyrum

1881 5107 1982 5162 sub
2007 5119 2102 5160 ara
2133 5104 2225 5160 Dei
2268 5103 2512 5160 clannant.
2554 5103 2818 5169 dicentes,
2890 5099 3109 5157 Vindice
3157 5099 3464 5172 sanguinem

1883 5205 2140 5262 nostrum,
2177 5204 2283 5251 etc.
2323 5195 2506 5270 (Apoc.
2537 5210 2614 5261 γι,
2641 5194 2752 5264 10).

1975 5309 2104 5364 Csr.
2131 5323 2279 5362 xxvr.
2308 5307 2384 5362 De
2413 5307 2622 5361 nomine
2648 5304 2880 5361 basilica:
2905 5315 2954 5360 et
2977 5306 3096 5378 ejus
3119 5306 3372 5360 scissura.

1957 5417 2208 5491 Synodus
2227 5415 2580 5474 Hibernensis
2604 5435 2617 5470 :
2651 5416 2887 5473 Basilica
2905 5415 3119 5482 Graece,
3137 5431 3233 5472 res
3245 5412 3467 5469 Latine:

1886 5513 2012 5570 hinc
2035 5521 2091 5568 et
2110 5511 2352 5576 basilica,
2381 5509 2600 5582 regalis,
2624 5511 2750 5582 quia
2793 5511 2848 5566 in
2895 5509 3084 5582 primis
3131 5506 3468 5579 temporibus

1889 5617 2046 5676 reges
2067 5609 2274 5658 tantum
2297 5599 2696 5672 sepeliebantur
2715 5601 2770 5658 in
2795 5613 2878 5666 ea,
2909 5615 3105 5657 nomen
3132 5598 3323 5655 sortita
3346 5603 3431 5653 est
3447 5611 3468 5653 ς

1891 5711 2016 5752 nam
2053 5693 2240 5752 caatcri
2264 5693 2514 5753 homines
2546 5695 2660 5753 sive
2685 5694 2819 5765 igni.
2845 5694 2964 5752 sive
2999 5705 3196 5751 acervo
3231 5689 3470 5760 lapidum

1892 5787 2094 5846 conditi
2113 5795 2240 5844 sunt

2493 5975 2522 5990 Ὦ
