3950 6308
488 305 622 365 15θῦ

1273 316 1544 378 ABEDOC
1581 320 1670 378 ET
1708 323 2213 385 ETHELVOLFUS
2245 329 2561 395 ABBATES
2597 334 2899 399 HIBERNi.

3622 358 3767 416 1304

549 417 683 476 Item
714 437 726 473 :
758 432 783 461 α
810 419 978 478 Nemo
1009 422 1216 483 alienus
1247 427 1411 501 fuerit
1450 432 1507 487 in
1554 433 1863 492 libertatem
1917 438 2061 495 scin-
2087 441 2135 499 Α
2159 456 2282 511 gem
2303 444 2534 518 alicujus
2554 454 2879 525 corrumpit,
2911 461 2967 511 et
2998 460 3520 530 superseminiverit
3546 482 3762 537 sema),

480 507 640 566 dendi
683 511 963 569 basilicam
1005 516 1125 573 sine
1157 519 1415 591 principis
1462 527 1814 594 permissione
1838 562 1841 565 -
1864 530 2080 609 haben.

416 626 417 633 η
464 609 536 666 ,βι
560 602 604 657 si
638 603 743 662 hoc
770 619 934 662 ausus
961 605 1150 674 fuerit,
1182 613 1369 668 reddet
1408 620 1704 675 secundum
1740 623 2058 695 dignitatem

477 689 718 760 ejusdem
747 694 871 751 loci.
1130 762 1137 767 .
1488 751 1495 757 .

971 786 1067 841 EX
1117 788 1321 847 LIBRO
1375 793 1554 850 XLIII.

848 889 913 927 DE
949 890 1346 938 QUESTIONIBUS
1381 898 1678 941 ιιυωειιωι.

474 958 603 1014 αλιι.
645 977 703 1015 ιι.
736 993 809 1003 -
843 965 921 1019 De
959 983 1019 1021 eo
1056 971 1196 1038 quod
1236 974 1463 1055 cavenda
1503 978 1573 1031 sit
1605 978 1764 1035 elatio
1800 982 1855 1034 in
1890 985 2059 1037 conti-

1162 1052 1359 1097 nentta.

544 1122 793 1194 Synodus
817 1141 832 1180 :
862 1126 919 1183 Si
945 1130 1068 1200 quis
1091 1147 1167 1189 ex.
1190 1133 1275 1189 his
1303 1136 1394 1205 qui
1431 1148 1796 1210 Virginitatem
1830 1154 2057 1214 propter

471 1215 757 1274 Dominum
810 1232 1029 1278 servant
1082 1226 1359 1284 extollitur
1404 1231 1665 1289 adversus
1715 1234 2049 1307 conjugatos,

468 1310 753 1366 anathema
791 1314 863 1368 sit
884 1314 1067 1387 (Coac.
1095 1317 1266 1391 Gang.
1297 1339 1416 1377 can.
1441 1324 1519 1396 9).

539 1401 669 1489 Item
694 1422 709 1457 :
736 1405 1118 1480 Unusquisque
1146 1413 1230 1482 qui
1259 1413 1621 1485 virginitatem
1650 1421 1906 1488 custodit,
1928 1437 2057 1492 pro-

464 1483 896 1561 pter'Dominum
922 1499 1108 1567 faciat,
1135 1519 1242 1559 non
1262 1483 1487 1577 propter
1505 1512 1905 1569 execrationem
1924 1483 2056 1570 con-

462 1579 624 1654 iugii;
661 1587 752 1657 qui
797 1590 941 1646 enim
974 1593 1151 1648 virum
1195 1594 1409 1653 ﬁdelem
1443 1609 1498 1654 et
1544 1601 1851 1672 religiosam
1901 1605 2057 1662 femi-

463 1690 590 1729 nam
623 1678 951 1740 detestatur.
997 1693 1092 1739 aut
1135 1686 1431 1757 culpabiles
1476 1693 1729 1756 aestimat,
1764 1696 2052 1752 anathema

462 1766 535 1823 sit
558 1768 756 1841 (Idem,
779 1791 896 1828 can.
925 1776 1002 1847 Χ).

819 1864 948 1920 Car.
987 1884 1082 1922 vn.
1111 1901 1181 1909 —
1215 1870 1292 1927 De
1334 1876 1465 1931 veris
1497 1878 1685 1933 viduis.

533 1950 824 2022 Synodus:
861 1958 1043 2015 Vidua:
1067 1978 1188 2033 qua:
1229 1966 1471 2024 ecclesia:
1512 1971 1780 2042 stipendio
1831 1984 2043 2031 susten-

461 2049 664 2111 tantur,
699 2055 810 2102 tam
850 2052 1067 2109 assidue
1120 2055 1171 2109 in
1225 2072 1389 2127 opere
1442 2061 1535 2116 Dei
1590 2077 1711 2118 esse
1738 2065 1955 2130 debent,
1980 2076 2043 2122 ut

457 2135 794 2195 orationibus
837 2138 894 2196 et
940 2145 1151 2201 meritis
1200 2148 1486 2205 ecclesiam
1542 2151 1797 2221 adjuveut
1853 2155 2037 2228 (Cone.

458 2225 642 2281 Carth.
671 2243 745 2295 tv,
771 2246 891 2287 can.
917 2232 1063 2307 105).

456 2317 586 2375 ΟΜ».
620 2336 739 2379 vm.
768 2355 841 2364 —
875 2325 954 2382 De
979 2344 1040 2383 eo
1049 2330 1212 2454 l71¢qu
1235 2332 1381 2388 debet
1419 2335 1639 2393 ecclesia
1679 2338 1865 2394 viduas
1913 2357 2040 2396 suas

1088 2400 1247 2454 ebtles
1277 2403 1436 2454 alere.

1088 2400 1247 2457 ebiles
1277 2403 1436 2460 alere.

529 2483 778 2576 Synodus
817 2490 947 2546 dicit
978 2506 995 2546 :
1024 2493 1210 2553 Vidua:
1244 2496 1614 2559 adolescentes
1650 2518 1771 2573 quae
1813 2519 2045 2576 corpore

455 2572 659 2631 debiles
683 2587 838 2645 sunt,
862 2590 1077 2653 sumptu
1096 2586 1340 2643 ecclesiae
1370 2589 1525 2646 cuius
1563 2572 1740 2648 vidua:
1778 2572 1926 2661 sunt,
1952 2611 2046 2651 su-

455 2672 728 2724 stententu
737 2686 780 2724 r.

703 2761 833 2817 CAP.
864 2780 920 2819 τε.
949 2797 1017 2806 --
1057 2768 1134 2824 De
1174 2771 1515 2841 palliatarum
1560 2778 1788 2833 nemine.

526 2848 775 2921 Synodus
810 2854 1159 2917 llibemensis
1201 2879 1217 2916 :
1261 2863 1487 2922 Pallium
1533 2883 1564 2922 a
1615 2869 1913 2939 palliditate
1951 2873 2039 2929 di-

453 2950 601 2996 ctum
647 2961 659 2997 :
706 2945 832 3001 hinc
886 2957 943 3003 et
985 2950 1202 3019 palliata
1251 2955 1364 3011 sive
1417 2958 1596 3015 Pallas
1650 2961 1771 3027 dea,
1817 2978 1939 3033 quae
1985 2973 2040 3019 et

452 3034 717 3104 Minerva,
740 3038 895 3110 cujus
938 3046 1192 3116 templum
1239 3050 1494 3119 pallidum
1535 3062 1653 3122 est,
1681 3056 1834 3126 cujus
1860 3073 2041 3115 sacer-

452 3125 605 3183 dotes
646 3130 883 3202 virgines
925 3145 1083 3191 erant
1122 3139 1379 3209 palliatas,
1407 3144 1509 3201 hoc
1533 3155 1617 3202 est
1642 3125 1832 3204 velauc
1863 3168 1876 3204 :
1909 3152 2036 3207 hinc

450 3218 506 3273 in
539 3218 693 3276 Novo
715 3224 1043 3283 transfertur
1072 3232 1139 3286 ad
1159 3233 1430 3301 palliatas,
1458 3236 1562 3293 hoc
1588 3248 1673 3295 est
1697 3241 1926 3297 velatas.

519 3309 650 3366 Car.
678 3328 753 3368 XI.
781 3344 851 3356 —
886 3316 960 3373 De
993 3329 1148 3377 (etate
1172 3341 1278 3396 qua
1308 3326 1491 3383 debent
1521 3330 1743 3400 virgines
1778 3332 1959 3388 velari.

520 3400 808 3472 Synodus:
839 3407 1314 3484 Sanctimouiales,
1348 3418 1378 3458 ι»
1404 3421 1676 3489 quaslibet,
1706 3423 1813 3478 vita
1845 3439 2034 3482 earum

447 3500 503 3547 et
525 3509 702 3552 mores
722 3500 931 3568 probati
959 3503 1088 3570 sint,
1116 3517 1243 3564 ante
1265 3525 1467 3566 annum
1489 3514 1670 3569 astatis
1687 3529 1799 3571 sum
1824 3518 2020 3575 duode-

447 3583 646 3641 cimum
673 3604 780 3644 non
801 3592 1066 3650 velentur.

948 3686 1043 3742 EX
1100 3688 1306 3748 LIBRO
1351 3693 1535 3751 XLIV.

875 3790 941 3829 οε
981 3790 1215 3835 RATIONES
1253 3797 1598 3840 IIATBIIIONII.

445 3858 574 3915 CAP.
601 3876 680 3915 It.
701 3891 774 3902 —-
797 3862 876 3919 De
907 3871 1226 3945 temporibus
1249 3875 1306 3945 in
1333 3876 1520 3945 quibus
1547 3878 1814 3934 continere
1849 3898 1906 3936 se
1942 3883 2034 3938 de-

1036 3949 1120 3994 ent
1167 3943 1457 4014 conjugati.

514 4020 765 4094 Synodus
806 4024 1160 4088 Hibernensis
1191 4047 1206 4087 :
1237 4044 1258 4073 ί
1288 4034 1347 4090 In
1387 4036 1562 4093 tribus
1589 4037 2030 4114 Quadragesimis

443 4114 593 4184 annj,
615 4123 670 4171 ct
706 4115 760 4172 in
800 4118 1082 4178 Dominica
1105 4124 1223 4192 die,
1246 4134 1301 4181 et
1338 4127 1392 4182 in
1422 4127 1574 4186 feriis
1610 4133 1844 4201 quartis,
1870 4144 1926 4191 et
1972 4136 2026 4192 in

443 4206 611 4279 sextis
638 4206 788 4265 feriis
813 4211 1069 4284 conjuges
1101 4217 1382 4273 continere
1406 4233 1464 4274 se
1491 4220 1688 4277 debent

512 4301 644 4357 Item
682 4318 698 4359 :
732 4304 789 4360 In
825 4308 1076 4364 omnibus
1100 4309 1554 4380 solemnitatibus,
1579 4324 1635 4371 et
1674 4314 1728 4371 in
1765 4317 1870 4373 illis
1914 4319 2028 4375 die-

442 4392 543 4448 bus
585 4393 783 4465 quibus
831 4414 968 4454 uxor
1028 4417 1344 4473 praegnans,
1389 4407 1491 4463 hoc
1534 4416 1651 4473 est,
1694 4424 1726 4463 a
1779 4411 1866 4466 die
1919 4427 2028 4482 quo

440 4482 580 4539 tilius
615 4484 667 4541 in
700 4496 854 4544 utero
879 4488 996 4558 ejus
1033 4502 1239 4549 motum
1282 4493 1504 4564 fecerit,
1526 4513 1699 4569 usque
1729 4501 1797 4556 ad
1839 4512 2026 4560 uartus

439 4574 520 4629 sui
550 4576 713 4631 diem.
1618 4601 1626 4609 ‘

505 4668 639 4724 Item
672 4688 684 4724 :
725 4670 772 4725 A
808 4683 966 4744 partu
996 4690 1095 4745 per
1116 4677 1187 4733 56
1214 4678 1331 4736 dies
1363 4681 1409 4737 si
1458 4686 1752 4753 masculus,
1792 4688 1837 4744 si
1892 4704 2024 4747 vero

439 4759 542 4814 ﬁlia
573 4760 643 4815 46
670 4762 805 4818 dies.

504 4850 636 4907 Item
668 4871 681 4907 :
713 4852 1095 4913 Habitautibus
1132 4858 1240 4916 illis
1273 4861 1327 4918 in
1362 4862 1551 4921 habitu
1582 4867 1834 4939 religioso
1857 4884 2025 4941 copu-

434 4942 531 4997 lari
555 4960 658 5000 non
683 4947 1031 5017 permittitur.

504 5037 635 5094 Car.
663 5058 811 5097 χχχι.
847 5074 919 5083 -
959 5044 1035 5116 De
1058 5046 1211 5101 editis
1239 5047 1465 5116 [iliis‘de
1509 5050 1739 5106 virorum
1788 5055 2019 5112 virorum

860 5115 1110 5171 uxoribus
1144 5115 1583 5175 adulterantibus.

507 5199 757 5271 Synodus
784 5203 1137 5265 Hibernensis
1176 5227 1189 5263 :
1233 5209 1293 5265 Si
1317 5210 1441 5281 quis
1487 5211 1783 5285 legitimam
1836 5218 2017 5290 conju-

504 5334 838 5422 {Aeheri‘us
888 5338 1032 5396 hunc
1077 5341 1269 5422 locum
1311 5344 1391 5400 sic
1436 5347 1711 5422 emendari
1768 5361 2020 5422 oportere

432 5402 666 5487 coniecit
695 5423 736 5493 ε,
754 5405 923 5493 N'emo
947 5427 1109 5466 ausus
1131 5413 1319 5482 fuerit,
1347 5432 1438 5470 nec
1459 5402 2018 5493 “tenuitati—5}}:

433 5475 682 5531 missione
714 5476 922 5533 habeat.
1131 5475 1142 5482 ’
1304 5475 1313 5481 ⁷
1901 5475 1922 5493 Γ
1941 5475 1975 5478 ”
2013 5517 2016 5520 .

505 5546 531 5638 1:
567 5546 818 5638 Baluz‘ius
850 5559 997 5638 recte
1020 5554 1227 5638 monuit
1253 5554 1560 5638 legendum,
1581 5559 1862 5638 quamlibet
1888 5565 2014 5618 vita.

433 5614 821 5692 Achcriushoc
844 5621 1008 5692 etiam
1037 5614 1380 5692 observavit,
1416 5614 1679 5684 canonem
1711 5614 1855 5687 hunc
1890 5614 2017 5690 esse

430 5701 531 5770 δικ.
571 5689 786 5770 concilii
834 5690 1179 5770 Agathensis,
1232 5696 1291 5770 in_
1330 5689 1437 5767 quo
1480 5712 1579 5768 pro
1623 5689 2043 5770 duodecimum,

433 5755 626 5827 legitur
645 5755 1127 5832 quadragesimum,
1152 5766 1292 5834 quod
1322 5755 1535 5837 quidelm
1574 5773 1714 5826 ratio
1748 5773 1859 5842 ipsa
1890 5755 2017 5830 sua:

2160 548 2222 591 ut
2249 554 2532 612 pmgnans
2569 545 2641 600 sit
2683 548 2898 614 mulier,
2932 551 3076 608 ﬁlius
3099 554 3189 612 ilio
3230 559 3338 613 erit
3371 559 3401 599 ⁴
3435 565 3693 631 corporis
3729 581 3760 621 a

2160 644 2269 698 quo
2291 633 2506 724 genitus
2527 644 2611 691 est
2639 654 2653 690 :
2687 638 2783 695 sed
2805 647 2987 696 tamen
3013 645 3247 713 pretium
3278 648 3376 703 lilii
3401 651 3559 707 dabit
3590 670 3763 724 quan-

2160 727 2274 773 tum
2291 719 2503 788 judices
2526 724 2914 794 judicaverint.
2953 730 3013 786 Si
3041 747 3175 789 vero
3195 736 3532 793 adulterium
3572 719 3764 813 super-

2159 811 2685 881 scminavcrit,'nihil
2710 821 2899 876 reddet
2917 835 3238 893 corruptor;
3276 842 3380 882 nec
3414 811 3765 888 adulteras-

2158 901 2239 957 bit
2270 905 2471 976 aliquid
2495 908 2761 977 adultero,
2788 913 2892 967 nisi
2933 913 3072 970 forte
3095 916 3347 975 confesso
3384 922 3500 977 tilio
3524 926 3760 992 pretium

2156 992 2424 1049 educandi

2156 1082 2287 1139 CAP.
2332 1102 2505 1142 um.
2534 1118 2606 1129 —-
2628 1090 2707 1145 De
2739 1093 2881 1147 omni
2931 1094 3169 1150 adultero
3220 1102 3758 1157 mommmu’cndo.

2228 1175 2480 1248 Synodus
2512 1180 2866 1239 Hiberneusis
2889 1198 2904 1239 :
2928 1184 3121 1242 Omnis
3150 1187 3365 1244 adulter
3389 1191 3512 1246 sive
3556 1205 3589 1245 a
3629 1208 3760 1247 con-

2158 1268 2535 1335 celebratione,
2562 1272 2675 1329 sive
2703 1289 2734 1327 a
2764 1277 3258 1334 communicatione
3302 1296 3539 1344 mensa,
3580 1282 3695 1337 sive
3726 1298 3759 1337 a

2157 1360 2580 1428 cohabitatione,
2606 1364 2720 1420 sive
2762 1380 2794 1420 a
2826 1367 3230 1434 benedictione,
3257 1371 3375 1426 sire
3401 1388 3434 1426 a
3464 1373 3757 1443 colloquio,

2157 1449 2271 1506 sive
2332 1466 2364 1505 a
2423 1456 2848 1522 commeatione,
2900 1458 3073 1515 donec
3132 1461 3403 1519 omniteat
3457 1464 3757 1521 excluden-

2157 1539 2258 1594 dus
2284 1547 2384 1595 cst.

2155 1629 2285 1685 Cu.
2314 1647 2509 1712 xxxii}.
2534 1663 2606 1674 —-
2630 1634 2708 1688 De
2735 1637 3030 1712 recipienda
3057 1638 3301 1694 adultera
3345 1652 3472 1712 past
3502 1646 3758 1712 peniten-

2428 1703 2559 1757 tiam
2591 1720 2611 1758 :
2642 1714 2691 1758 et
2719 1705 2785 1760 de
2808 1703 3100 1776 quantitate
3126 1703 3482 1781 pwnitetitict-

2231 1792 2482 1863 Synodus
2512 1809 2528 1846 :
2571 1793 2642 1849 Ut
2678 1795 2877 1852 mulier
2899 1795 3091 1866 juncta
3116 1798 3207 1853 alii
3238 1799 3365 1855 viro
3393 1817 3572 1857 causa
3613 1802 3748 1857 adol

2147 1884 2290 1948 terii,
2331 1885 2794 1939 cxcommunicata
2841 1885 2935 1940 ﬁat
2956 1886 3243 1944 deﬁnimus
3261 1890 3478 1953 ,donec
3497 1891 3755 1961 pmuiteu-

2146 1975 2272 2030 tiam
2297 1982 2445 2046 agat;
2468 1981 2525 2029 et
2542 1983 2665 2044 post
2678 1976 3052 2044 paenitentiam
3082 1978 3477 2033 reconcilietur
3495 1979 3624 2034 κῆνο
3644 1994 3755 2036 sxto.

2211 2064 2481 2121 Patricius
2521 2063 2749 2137 (Opusc.
2779 2064 2845 2122 S.
2873 2064 3115 2133 Patricii,
3140 2084 3263 2139 pag.
3289 2068 3396 2139 ω)
3428 2086 3445 2122 :
3481 2069 3547 2124 Si
3602 2072 3750 2127 alicu-

2137 2156 2230 2226 jus
2257 2172 2398 2212 uxor
2425 2155 2691 2212 fornicata
2724 2155 2889 2213 fuerit
2916 2173 3040 2212 cum
3076 2158 3187 2214 alio
3231 2159 3380 2225 viro,
3430 2176 3549 2215 non
3599 2160 3754 2217 ducat

2144 2249 2305 2304 aliam
2339 2263 2569 2304 uxorem
2608 2250 2845 2320 quandiu
2882 2250 3005 2305 viva
3047 2249 3215 2306 fuerit
3252 2267 3397 2306 uxor
3449 2253 3658 2322 prima.
3700 2254 3753 2308 Si

2142 2338 2282 2395 forte
2302 2354 2566 2394 conversa
2594 2338 2783 2405 fuerit,
2815 2348 2869 2396 et
2895 2348 3019 2411 agat
3047 2342 3461 2412 pmuitentiam;
3498 2352 3561 2398 et
3585 2345 3751 2400 suscio

2142 2431 2255 2501 pict
2275 2445 2416 2495 eam,
2455 2439 2512 2486 ct
2540 2429 2743 2486 serviet
2772 2429 2824 2485 ei
2860 2431 3098 2501 (mandiu
3134 2431 3255 2486 viva
3291 2430 3463 2487 fuerit
3488 2420 3549 2486 isi
3575 2431 3747 2487 vicem
3818 2458 3821 2459 ν

2143 2520 2377 2588 ancillze,
2412 2530 2469 2576 et
2509 2535 2710 2575 annum
2740 2521 3024 2591 integrum
3070 2520 3125 2576 in
3169 2536 3310 2592 pane
3350 2531 3413 2577 et
3461 2537 3615 2592 aqua
3655 2538 3750 2594 p1r

2145 2625 2456 2666 mensuram
2482 2611 2768 2682 poeniteat,
2795 2625 2898 2666 nec
2923 2612 2977 2666 in
3018 2627 3128 2666 uno
3170 2611 3311 2667 lecto
3350 2623 3743 2682 permaneant.

2213 2700 2499 2771 Synodus:
2545 2701 2766 2771 Septem
2791 2701 2949 2756 annis
2983 2702 3272 2772 paeniteat;
3309 2702 3490 2758 tribus
3514 2703 3745 2772 quidem

2140 2793 2412 2857 districte,
2440 2802 2672 2865 quatuor
2715 2810 2845 2850 vero
2883 2796 3128 2851 remisse.
3187 2795 3455 2869 Similiter
3500 2798 3579 2853 de
3625 2801 3744 2853 vim

2142 2886 2505 2958 inlelligenda,
2527 2887 2571 2942 si
2595 2895 2650 2942 et
2687 2887 2801 2957 ipse
2830 2887 3236 2942 adulteraverit.

2139 2977 2269 3034 Cur.
2303 2992 2511 3032 xxxv".
2540 3007 2612 3017 —
2650 2977 2729 3032 De
2779 2978 3105 3061 desponsatis
3145 2979 3331 3035 puellis
3393 2991 3448 3035 et
3490 2982 3565 3035 ab
3622 2981 3749 3036 aliis

2793 3059 3071 3120 corruptis.

2211 3134 2461 3213 Synodus
2482 3155 2499 3195 :
2523 3140 2894 3210 Desponsatas
2912 3140 3207 3211 puellas,et
3223 3152 3345 3213 post
3366 3144 3441 3199 ab
3466 3142 3599 3199 aliis
3620 3159 3749 3200 cor-

2143 3240 2351 3302 ruptas,
2372 3231 2573 3304 placuit
2594 3232 2802 3296 erui,et
2822 3232 2947 3287 aliis
2971 3232 3124 3288 reddi
3147 3233 3349 3302 quibus
3367 3244 3500 3290 ante
3513 3234 3746 3291 fuerant

2136 3322 2498 3392 desponsatas.

2135 3411 2264 3467 Car.
2302 3428 2489 3467 χχχιχ.
2532 3442 2605 3455 -—-
2652 3412 2728 3468 De
2757 3428 2816 3466 eo
2844 3411 2982 3482 quod
3028 3428 3131 3466 non
3162 3421 3328 3483 potest
3353 3412 3556 3468 mulier
3580 3431 3746 3470 accu-

2366 3499 2484 3538 sare
2511 3486 2680 3540 uirum
2706 3499 2860 3537 suum
2883 3487 2947 3536 de
2972 3482 3169 3536 incerto
3194 3482 3483 3537 adulterio.

2209 3573 2460 3646 Synodus
2487 3575 2568 3631 ait
2596 3593 2611 3629 :
2655 3575 2882 3645 Latente
2903 3573 3194 3630 commisso
3221 3573 3471 3629 virorum
3510 3590 3631 3632 non
3655 3586 3745 3633 tl-

2148 3666 2238 3722 :ile
2266 3666 2461 3737 aliquis
2487 3681 2556 3722 ex
2584 3668 2982 3738 suspicionibus
3009 3667 3368 3738 separandus,
3397 3669 3501 3739 qui
3538 3670 3741 3740 ntiqua

2136 3759 2545 3815 submovebitur
2568 3760 2613 3815 si
2639 3759 2759 3830 ejus
2788 3758 3052 3831 ﬂagitium
3076 3760 3380 3831 detegatur.

2654 3836 2763 3907 'Ex
2796 3851 2999 3909 LlBRO
3037 3852 3200 3908 XLV.

2686 3960 2753 4000 DE
2792 3960 3171 4000 NENITERTIA.

2133 4037 2261 4093 Car.
2290 4052 2383 4092 tu.
2416 4036 2567 4092 -—De
2617 4038 3175 4120 penitentiahageuda
3227 4037 3390 4093 etiam
3430 4041 3493 4093 in
3542 4042 3735 4096 udi-0

2817 4117 3024 4177 δρα-ξω.

2203 4198 2473 4255 Patricius
2519 4196 2738 4270 (Opusc.
2782 4197 2845 4255 S.
2892 4197 3138 4264 Patricii,
3164 4215 3285 4269 pag.
3319 4200 3416 4268 41)
3458 4219 3474 4255 :
3519 4202 3732 4272 Siquis

2132 4290 2462 4355 inﬁrmatur,
2486 4297 2611 4361 agat
2636 4289 3047 4358 pmnitentiam,
3076 4288 3243 4344 etiam
3270 4306 3341 4344 ex
3370 4295 3726 4360 necessitate,

2131 4380 2258 4451 quia
2291 4382 2600 4437 misericors
2625 4390 2709 4437 est
2738 4381 2903 4437 Deus.

2412 4472 2542 4528 Car.
2584 4488 2704 4526 xm.
2743 4502 2816 4512 —
2859 4472 3068 4526 Deloco
3093 4472 3439 4543 poenitentia'.

2047 4554 2106 4618 υ
2200 4560 2449 4633 Synodus
2468 4560 2602 4617 dicit
2638 4576 2654 4615 :
2681 4561 2996 4632 Corrigendi
3016 4570 3071 4617 et
3088 4563 3395 4632 pmnitendi
3417 4564 3576 4623 locus
3597 4580 3727 4622 con-

2131 4650 2450 4706 siderandus
2477 4662 2582 4706 est.

2639 4744 2732 4799 EX
2770 4744 2973 4799 LIBRO
3011 4745 3194 4802 XLVI.

2580 4869 2647 4911 DE
2683 4871 2997 4913 REGIONIBUS
3030 4874 3245 4914 (ΞΕκὸυᾶ

2128 4947 2258 5004 CAP.
2300 4962 2339 5001 ι.
2374 4978 2446 4988 -—
2467 4946 2543 5001 De
2566 4947 2821 5001 divisione
2846 4950 3073 5018 regionis
3097 4966 3285 5005 census
3306 4952 3364 5005 in
3391 4962 3501 5008 tres
3528 4964 3713 5025 pana.

2195 5040 2493 5110 Synodus:
2538 5039 2728 5095 Omnis
2776 5040 3065 5095 baereditas
3114 5041 3216 5096 sub
3260 5057 3432 5099 censu
3482 5046 3630 5114 regis
3662 5053 3713 5100 et

2121 5130 2379 5186 Ecclesia:
2427 5129 2653 5199 illigata,
2706 5129 2759 5183 in
2793 5138 2906 5185 tres
2954 5141 3140 5200 partes
3187 5131 3494 5189 dividatur.
3534 5135 3711 5191 Prima

2120 5236 2248 5290 pars
2283 5219 2587 5276 heredibus
2634 5220 2753 5275 sine
2793 5230 2939 5277 sorte
2982 5223 3161 5279 datur.
3193 5222 3446 5281 Secunda
3474 5229 3708 5297 regibus.

2120 5353 2212 5408 det
2245 5368 2366 5424 esse
2391 5353 2777 5424 reponendum.

2195 5435 2217 5463 ε
2258 5423 2533 5501 Hic,_ait_
2572 5424 2871 5501 Acherius,
2926 5426 3299 5501 intelliguntur
3346 5432 3704 5501 quadraginta

2121 5494 2239 5549 dies
2261 5504 2387 5549 ante
2406 5492 2609 5550 Christi
2641 5496 2999 5561 nativitatem,
3031 5492 3160 5554 iteiu
3189 5500 3259 5555 40
3304 5492 3434 5557 ωἱιθ
3478 5492 3701 5561 Pascha.

2119 5573 2174 5641 et
2192 5565 2263 5619 40
2284 5572 2407 5636 post
2430 5563 2824 5641 Pentecosteu;
2856 5583 3086 5641 quarum
3129 5571 3348 5641 quidem
3391 5574 3675 5640 Quadratus

2120 5635 2379 5716 siluarum
2408 5635 2571 5689 trium
2590 5636 2834 5691 meminit
2863 5635 3172 5708 Capitulare
3194 5640 3373 5699 Camli
3403 5635 3551 5716 itas.
3583 5641 3698 5705 185,

2121 5705 2213 5761 lib.
2242 5722 2317 5760 vr.

2190 5778 2214 5817 ἀ
2241 5776 2507 5832 Acherras
2534 5779 2784 5833 emendat
2805 5781 3145 5853 corruptoris.
