3950 6308
157 365 298 423 1505

155 563 339 618 Petro.
370 562 550 616 Tertia
576 578 701 618 vero
731 564 862 628 Deo,
891 573 950 618 ut
975 564 1185 618 Domini
1211 573 1284 618 est
1315 574 1456 618 terra
1481 574 1528 618 et
1558 563 1730 634 pleni-

154 656 283 708 tudo
330 655 466 724 ejus,
493 662 598 710 etc.
645 654 882 709 Tertiam
910 664 1119 724 partem
1148 655 1258 709 Deo
1304 656 1461 718 dant;
1512 655 1731 709 tertiam

154 755 368 812 partem
397 745 512 816 regi
549 745 642 815 qui
688 746 826 816 regit
851 754 907 800 et
951 745 1103 800 fulcit
1129 745 1425 800 Ecclesiam
1455 760 1577 799 cum
1621 745 1732 798 Deo

153 846 212 891 et
235 835 563 891 hominibus.
595 835 662 889 Et
688 844 798 890 tres
816 835 1036 891 ordines
1053 836 1427 890 columnarum
1452 835 1506 889 in
1530 835 1731 902 templo

155 928 428 998 leguntur,
479 927 689 996 primus
732 925 1000 997 lignorum
1045 927 1163 981 sine
1201 927 1456 995 tegmine,
1503 926 1607 980 hoc
1650 932 1734 980 est

153 1020 384 1088 subjecti
413 1035 429 1074 :
461 1020 728 1074 secundus
755 1034 879 1073 cum
905 1027 1147 1088 argento,
1197 1018 1508 1088 signiﬁcans
1534 1031 1729 1087 reges:

130 1110 353 1166 tertius
381 1125 504 1165 cum
533 1125 687 1173 auro,
715 1108 1022 1178 signiﬁcans
1047 1109 1319 1178 principes
1343 1109 1657 1164 catholicos.

149 1201 284 1256 Car.
318 1216 371 1256 v.
421 1233 510 1260 —.
533 1201 611 1254 De
631 1217 690 1255 eo
717 1201 856 1272 quod
897 1202 1032 1270 regis
1064 1211 1113 1256 et
1156 1202 1380 1272 episcOpi
1411 1201 1634 1272 aequalis
1661 1201 1731 1255 sit

839 1287 1046 1324 census.

121 1371 138 1408 τ·
225 1358 474 1430 Synodus
502 1360 848 1414 Hibernensis
889 1360 1004 1414 ait:
1035 1359 1224 1416 Omnis
1250 1359 1343 1429 qui
1369 1375 1533 1415 ausus
1567 1359 1731 1416 fuerit

117 1462 215 1502 rea
247 1463 368 1516 quae
409 1457 536 1502 sunt
563 1448 710 1518 regis
751 1457 845 1502 aut
873 1449 1110 1518 episcopi
1141 1447 1345 1514 furari,
1381 1459 1476 1504 aut
1505 1464 1720 1519 rapere,

150 1546 248 1592 aut
277 1540 479 1608 aliquid
510 1540 562 1593 in
588 1553 681 1593 eos
708 1541 1066 1602 committere,
1107 1540 1500 1610 parvipendens
1543 1540 1728 1610 ἀίει)ῑὶ-

151 1642 298 1693 cere,
339 1645 413 1684 vn
451 1630 768 1684 ancillarum
802 1632 1034 1699 pretium
1081 1631 1287 1697 reddat,
1313 1640 1407 1686 aut
1436 1647 1511 1687 vti
1556 1647 1729 1688 annos

149 1719 412 1789 paeniteat
434 1737 554 1776 cum
585 1722 876 1792 episcopis.

722 1831 812 1886 EX
851 1831 1054 1888 LIBRO
1092 1833 1155 1889 L.

755 1937 820 1975 DE
861 1939 1122 1979 TONSURA.

436 2030 566 2085 Car.
603 2046 678 2084 vl.
705 2062 776 2071 —
804 2032 882 2087 De
908 2043 1124 2089 tonsura
1149 2036 1447 2093 Britonum.

224 2119 412 2176 Gildas
440 2123 517 2175 ait
559 2141 571 2174 :
601 2123 849 2180 Britones
877 2132 989 2180 toto
1017 2128 1217 2182 mundo
1248 2129 1531 2195 contrarii,
1566 2131 1734 2186 mori-

137 2209 256 2269 bus
285 2211 544 2266 Romanis
568 2213 791 2279 inimici,
825 2229 932 2269 non
953 2216 1126 2270 solum
1148 2218 1202 2271 in
1227 2219 1414 2284 missa,
1445 2221 1539 2275 sed
1565 2221 1732 2277 etiam

143 2302 207 2357 in
239 2309 460 2355 tonsura
482 2317 605 2356 cum
629 2301 829 2358 Iudaeis
855 2306 1058 2360 umbra:
1086 2306 1391 2362 futurorum
1411 2311 1732 2376 servientes,

145 2404 179 2434 ιι
207 2407 330 2462 qua:
379 2391 623 2456 veritati,
679 2393 905 2448 Romani
952 2395 1178 2461 dicunt,
1229 2413 1458 2466 quorum
1507 2408 1730 2456 tonsura

147 2498 290 2538 aure
313 2483 381 2538 ad
411 2499 594 2538 aurem
632 2493 841 2539 tantum
887 2487 1251 2558 contingebat,
1282 2505 1379 2559 pro
1412 2491 1729 2547 excellentia

141 2573 269 2642 ipsa
297 2588 574 2643 magorum
609 2581 850 2641 tonsura,
879 2592 986 2646 qua
1018 2577 1131 2633 sola
1169 2579 1320 2636 frons
1345 2583 1584 2638 anterior
1623 2583 1729 2655 tegi

139 2665 378 2728 solebat,
411 2665 675 2734 priorum.
709 2665 1000 2724 Auctorem
1030 2686 1161 2726 vero
1198 2671 1358 2741 hujus
1390 2681 1627 2729 tonsura:
1675 2676 1728 2729 in

140 2752 408 2808 Hibernia
437 2753 717 2809 subulcum
748 2757 891 2826 regis
918 2757 1152 2831 Loigairi
1174 2759 1293 2827 ﬁlii,
1321 2762 1432 2817 illis
1456 2765 1729 2820 exstitisse

139 2841 371 2896 Patricii
413 2857 593 2898 sermo
641 2853 888 2912 testatur,
938 2863 1005 2903 ex
1027 2865 1135 2919 quo
1184 2849 1548 2907 Hibernenses
1591 2868 1730 2922 pene

140 2949 343 2988 OIIIDCS
368 2934 507 2989 hanc
536 2944 813 2992 tonsuram
837 2953 1204 3009 sumpserunt.

137 3026 282 3081 Car.
311 3041 481 3081 vu.—-
506 3026 580 3080 De
604 3032 1116 3106 excommunicandis
1138 3032 1340 3088 clericis
1368 3038 1456 3106 qui
1485 3053 1587 3089 non
1614 3046 1732 3090 ton-

581 3099 772 3153 dentur
805 3110 1021 3154 tonsura
1054 3101 1314 3157 Romana.

221 3192 530 3248 Patricius:
560 3191 618 3247 Si
643 3194 767 3263 quis
789 3194 1046 3260 clericus,
1074 3195 1225 3265 cujus
1255 3198 1430 3268 capilli
1461 3215 1568 3254 non
1603 3209 1729 3254 sunt
1758 3223 1804 3286 ο

141 3282 294 3337 tonsi
319 3281 561 3338 Romano
584 3299 753 3350 more,
784 3285 943 3339 debet
970 3288 1453 3342 cxcommunicari.

713 3395 806 3451 EX
845 3396 1048 3454 LIBRO
1085 3397 1189 3451 LI.-

658 3502 722 3542 DE
757 3501 960 3541 BESTIIS
998 3503 1236 3542 ιιιτιιιυε.

593 3577 722 3633 CAP.
764 3593 817 3631 v.
854 3608 924 3617 —
951 3578 1029 3632 De
1059 3579 1296 3632 canibus.

227 3666 590 3724 Hiberuenses
636 3667 823 3723 dicunt
859 3682 874 3721 :
931 3666 1094 3723 Canis
1146 3676 1427 3723 catenatus
1471 3671 1733 3741 quicquid

138 3762 284 3820 mali
321 3760 510 3816 fecerit
540 3761 595 3816 in
643 3769 820 3824 nocte,
853 3777 960 3816 non
1004 3761 1258 3817 reddetur
1279 3778 1309 3816 a
1337 3763 1555 3819 domino
1585 3781 1681 3819 sus
1714 3784 1726 3818 :

138 3855 357 3910 sivcro
401 3855 454 3908 in
483 3854 570 3908 die
619 3853 902 3907 violaverit
945 3852 1202 3922 aliquem,
1248 3854 1436 3909 reddet
1483 3855 1733 3910 domitus

139 3945 296 4012 eius.
340 3946 504 4001 Canis
539 3961 668 4002 vero
694 3961 950 4016 pecorum
986 3948 1248 4017 quidquid
1288 3949 1414 4003 mali
1449 3948 1637 4005 fecerit
1678 3951 1731 4005 in

139 4037 388 4102 novello,
421 4045 514 4091 aut
540 4038 594 4091 in
617 4036 833 4106 pascuis
862 4053 1082 4093 suorum
1106 4053 1384 4107 pecorum,
1411 4054 1515 4094 non
1546 4039 1735 4096 redde-

144 4138 247 4183 tur
274 4143 305 4182 a
337 4128 553 4183 domino
600 4144 699 4183 suo
727 4145 741 4182 :
773 4129 819 4183 si
851 4145 978 4183 vero
1006 4137 1160 4183 extra
1190 4131 1324 4186 ﬁnes
1351 4132 1564 4197 exierit,
1608 4133 1732 4188 red-

136 4221 314 4277 detur
335 4234 434 4290 pro
461 4235 526 4275 eo
554 4218 814 4289 quidquid
845 4219 974 4274 mali
1001 4219 1210 4275 fecerit.

540 4311 667 4367 CAP.
705 4327 825 4366 vni.
854 4342 926 4350 —
951 4311 1027 4366 De
1055 4311 1331 4382 pilacibus.

227 4403 592 4460 Hibernenses
618 4402 805 4458 dicunt
847 4421 860 4456 :
899 4404 926 4444 b
952 4402 1106 4458 Pilax
1153 4403 1200 4459 si
1233 4405 1364 4474 quid
1399 4404 1526 4459 mali
1548 4403 1738 4460 fecerit

139 4502 339 4558 nocte,
367 4508 477 4549 non
515 4494 701 4549 reddet
734 4493 984 4549 dominus
1012 4491 1158 4562 ejus;
1187 4494 1242 4549 in
1265 4494 1355 4550 die
1381 4511 1507 4551 vero
1535 4511 1735 4554 nocens

141 4587 370 4645 reddet.

585 4680 715 4736 CAP.
754 4694 831 4734 ix.
861 4709 932 4720 —
962 4678 1041 4734 De
1077 4678 1310 4751 gallinis.

228 4795 597 4849 Hlberneuses
646 4793 883 4848 dicunt:
948 4791 1175 4848 Gallinae
1237 4792 1282 4847 si
1335 4793 1733 4849 devastaverint

139 4899 414 4950 messem,
446 4894 540 4940 aut
558 4884 793 4949 vineam,
823 4891 917 4938 aut
944 4883 1217 4939 hortulum
1264 4883 1318 4937 in
1345 4882 1568 4940 civitate
1606 4898 1734 4954 sepe

144 4978 573 5041 circumdatum,
605 4991 724 5047 quae
744 4976 1081 5031 altitudinem
1109 4974 1272 5029 habet
1297 4988 1468 5043 usque
1491 4975 1559 5028 ad
1580 4989 1733 5028 men-

145 5081 279 5129 tum
309 5069 436 5135 viri,
460 5077 516 5124 et
543 5083 801 5124 coronam
829 5067 1105 5136 spinarum
1134 5065 1403 5127 habuerit,
1433 5065 1621 5119 reddet
1645 5066 1742 5120 do-

150 5161 348 5221 minus
377 5175 594 5225 earum;
647 5159 730 5214 sin
769 5172 918 5221 vero,
946 5171 1054 5211 non
1085 5155 1293 5210 reddet.
1341 5153 1400 5208 Si
1427 5168 1557 5208 vero
1594 5151 1741 5209 foras

146 5257 399 5314 exierint
427 5253 567 5308 ultra
599 5263 622 5289 π
675 5249 1052 5311 siccatorium,
1085 5245 1333 5302 dominus
1360 5244 1550 5300 reddet
1573 5244 1620 5299 si
1643 5244 1743 5298 ali-

153 5351 298 5423 quid
329 5345 455 5401 mali
483 5345 731 5398 fecerint.

237 5515 262 5538 ιι
294 5499 394 5559 An,
420 5498 590 5567 potius
616 5509 772 5566 quam
808 5495 1030 5567 ueritati,
1064 5487 1655 5567 ut_placu_it__Achct;io‘:'
1682 5488 1738 5542 ιιι

159 5573 272 5624 hoc
299 5558 461 5636 caput
503 5558 639 5636 videi
670 5563 931 5636 synodum
975 5561 1144 5636 sancti
1173 5558 1389 5636 [ξιιμ-ἱεῆ
1408 5597 1422 5621 ,
1463 5567 1513 5611 cl
1542 5559 1739 5636 gedam

157 5640 264 5695 lib.
297 5628 585 5690 m'llistor.
614 5628 794 5704 Angl.,
833 5646 951 5704 cap.
978 5630 1070 5704 25,
1098 5646 1157 5684 ac
1192 5629 1291 5704 lib.
1321 5646 1372 5692 v,
1400 5643 1517 5697 cap.
1543 5628 1631 5681 22.

247 5710 273 5748 ιι
298 5707 528 5778 Pilaccnt
555 5699 814 5778 Acltcrius
843 5699 1038 5778 accipit
1059 5717 1156 5778 pro
1185 5699 1322 5778 fclc._
1410 5769 1432 5778 Δ
1584 5767 1594 5777 _
1697 5767 1709 5778 .

247 5794 266 5816 ι’
295 5778 378 5831 Att
405 5775 772 5835 Gallinariam,
810 5783 867 5826 ut
893 5767 1109 5836 coitjicit
1131 5769 1432 5824 Achcrius?
1472 5767 1598 5822 Mihi
1621 5767 1742 5830 qui-

1036 363 1351 422 CANONES
1389 363 1674 419 SELECTI
1713 366 1805 418 EX
1840 366 2145 436 ANTIQUA
2180 371 2520 428 COLLECT.

155 473 408 529 Christus
435 471 579 526 enim
604 471 734 528 dicit
763 487 777 526 :
808 471 918 527 Pro
940 489 1020 528 me
1044 483 1091 528 et
1120 483 1170 528 te
1197 473 1412 544 (Matth.
1439 489 1572 538 xvn,
1603 473 1723 544 27),
1757 477 1811 535 Α

3280 373 3416 437 1506

2380 483 2471 537 EX
2508 483 2712 540 LIBRO
2749 485 2840 540 ιιι

2441 591 2507 628 DE
2535 592 2811 632 CABNIBUS.

1873 658 2002 713 CAP.
2032 676 2086 714 ιι.
2109 691 2182 710 —.-
2203 661 2276 716 De
2299 680 2388 716 esu
2414 663 2646 732 ferarum
2667 667 2896 722 maxime
2916 685 3182 726 seruorum
3206 673 3351 732 licito

1909 750 2270 808 Hibernenses
2297 754 2520 808 dicunt:
2555 755 2694 810 Caro
2736 757 2994 827 ferarum,
3036 771 3096 819 ut
3123 765 3280 823 multi
3315 783 3418 839 pu-

1839 847 1972 902 tant,
1997 840 2064 894 ad
2089 857 2239 896 csum
2259 842 2442 898 illicita
2467 859 2482 898 :
2505 846 2630 914 quia
2654 848 2826 918 magis
2840 851 3131 922 aeruginem
3143 856 3413 926 vitalium,

1837 943 1998 998 quam
2022 932 2362 986 saturitatem
2390 934 2580 1006 gignit.
2605 936 2836 1003 Quidam
2861 956 2983 995 eam
3003 943 3236 1001 similem
3258 952 3414 1006 carni

1837 1019 2059 1089 reliqua:
2090 1021 2311 1090 dicunt;
2357 1025 2484 1092 quia
2528 1027 2870 1085 saturitatem
2923 1035 3146 1095 ventris.
3199 1046 3259 1093 ut
3307 1040 3415 1096 alia

1836 1125 1983 1175 caro,
2009 1121 2231 1181 praestat
2255 1128 2270 1168 :
2296 1123 2474 1170 tamen
2502 1117 2739 1177 Ecclesia
2768 1132 2796 1160 ι
2820 1122 2919 1179 has
2961 1141 3022 1182 ιιι
3062 1141 3256 1186 carnes
3296 1133 3412 1187 esui

1836 1207 2194 1261 consecravit.

1920 1293 2048 1350 Car.
2079 1313 2176 1351 χιι.
2202 1329 2275 1338 -
2301 1299 2379 1353 De
2399 1302 2579 1356 suibus
2608 1306 3046 1364 manducautibus
3065 1311 3322 1368 homines.

1907 1385 2222 1442 Theodorus
2246 1388 2323 1442 ait
2367 1407 2381 1443 :
2426 1389 2584 1447 Porci
2633 1395 2726 1464 qui
2763 1401 3080 1467 sanguinem
3129 1413 3412 1473 gustantes

1835 1479 2132 1548 tetigerint,
2177 1482 2601 1551 manducentur;
2653 1489 2749 1542 sed
2778 1490 2821 1543 si
2870 1492 3133 1548 cadavera
3169 1505 3410 1554 mortuo-

1833 1585 1952 1624 rum
1984 1570 2283 1627 lacerantes
2309 1577 2654 1642 manducent,
2688 1592 2880 1634 carnes
2902 1595 3090 1637 eorum
3130 1600 3237 1640 non
3283 1586 3410 1644 licet

1832 1661 2042 1716 comedi
2070 1677 2348 1732 usquequo
2377 1676 2743 1722 macerentur.

1901 1755 2033 1810 Item
2049 1769 2066 1808 :
2083 1755 2141 1810 Si
2167 1773 2366 1828 porcus
2390 1762 2705 1832 sanguinem
2728 1763 2946 1831 biberit,
2961 1765 3107 1832 licet,
3130 1769 3174 1824 si
3199 1777 3406 1826 tantum

1755 1854 1806 1914 Β
1833 1847 2148 1914 gustaverit,
2177 1849 2311 1903 nihil
2339 1858 2442 1906 est.

1835 1937 1964 1994 CAP.
2005 1956 2116 2022 le.
2144 1971 2214 1982 -
2241 1941 2320 2034 I'Je
2344 1945 2637 2000 morticinis
2669 1947 2871 2034 suibus,
2911 1956 2960 2002 et
3003 1949 3068 2004 de
3091 1949 3408 2034 animalibus

2227 2013 3409 2159 tm:asarzrztasasaatzt

1905 2101 2144 2134 comestis
2169 2101 2201 2134 α
2227 2101 2384 2151 tupts,
2410 2101 2475 2138 ae
2533 2101 2728 2139 tscwus
2755 2101 2802 2140 et
2825 2101 3156 2158 strangulant

1903 2148 2057 2215 libus,
2089 2150 2153 2204 de
2184 2155 2422 2206 comestis
2448 2101 2808 2225 aiaccipitre,
2841 2167 2889 2212 et
2914 2160 2978 2212 de
3003 2175 3156 2230 equo.

1903 2243 2221 2300 Theodorus
2247 2247 2531 2316 episcopus
2560 2249 2689 2303 dicit
2715 2267 2728 2302 :
2759 2248 2932 2306 Grzeci
2959 2267 3180 2308 carnem
3207 2257 3403 2311 morti-

1831 2337 2012 2391 cinam
2035 2353 2143 2393 non
2182 2341 2314 2394 dant
2361 2341 2543 2410 porcis
2568 2342 2700 2397 suis.
2733 2341 2909 2398 Pelles
2933 2360 3064 2400 vero
3091 2349 3404 2404 morticine-

1833 2444 1951 2483 rum
1971 2429 2037 2484 ad
2064 2429 2415 2485 calciamenta
2437 2439 2493 2486 et
2518 2432 2696 2487 lanam
2717 2442 2772 2488 et
2792 2449 2993 2490 cornua
3017 2436 3182 2492 licent
3199 2439 3403 2510 accipi;

1831 2523 1926 2579 sed
1969 2540 2076 2580 non
2121 2525 2176 2580 in
2219 2535 2464 2581 sanctum
2492 2527 2695 2596 aliquid
2737 2545 2752 2594 ;
2791 2536 2970 2583 tamen
3005 2530 3049 2584 si
3087 2546 3214 2586 casu
3255 2534 3407 2602 porci

1831 2612 2118 2668 comedant
2141 2627 2361 2670 carnem
2393 2616 2824 2681 morticinorum,
2849 2626 2942 2672 aut
2970 2620 3284 2689 sanguinem
3309 2622 3408 2677 ho-

1832 2702 2022 2766 minis,
2079 2719 2185 2758 non
2243 2702 2576 2772 ahjiciendos
2634 2707 2904 2761 credimus
2949 2726 2962 2762 :
3029 2724 3128 2764 nec
3182 2711 3408 2780 gallinas

1830 2793 2025 2862 atquali
2060 2793 2240 2848 modo.
2293 2794 2559 2849 Animalia
2588 2811 2708 2865 qute
2747 2813 2777 2850 a
2815 2797 2984 2867 lupis,
3038 2800 3151 2854 sive
3181 2802 3406 2857 canibus

1831 2891 2238 2948 consumuntur,
2281 2899 2385 2939 non
2445 2885 2796 2952 comedenda,
2853 2887 2956 2942 nisi
3006 2889 3187 2957 porcis
3234 2890 3406 2960 proji-

1832 2975 2046 3030 eiantur
2076 2984 2132 3030 et
2165 2975 2391 3031 canibus
2419 2993 2432 3030 :
2467 2993 2567 3032 nec
2596 2992 2806 3043 cervus,
2837 2994 2935 3034 nec
2962 2995 3108 3048 aper,
3140 2982 3183 3036 si
3209 2983 3408 3037 mortui

1833 3067 2036 3122 inventi
2084 3065 2308 3123 fuerint.
2349 3067 2536 3125 Pisces
2579 3082 2759 3126 autem
2790 3071 2973 3136 licent,
3023 3073 3148 3142 quia
3185 3073 3408 3130 alterius

1832 3167 2040 3214 natura:
2064 3167 2208 3214 sunt.
2237 3159 2379 3216 Aves
2409 3169 2465 3215 et
2486 3161 2738 3216 animalia
2767 3172 2982 3228 caetera,
3030 3165 3076 3219 si
3116 3166 3168 3219 in
3201 3165 3408 3222 retibus

1835 3252 2260 3322 strangulentur,
2310 3268 2416 3308 non
2463 3262 2589 3308 sunt
2623 3257 2972 3311 comedenda.
3023 3256 3224 3315 Paulus
3260 3261 3406 3315 enim

1831 3342 1907 3396 ait
1935 3360 1948 3396 :
1981 3343 2240 3397 Abstinete
2267 3359 2354 3397 vos
2377 3359 2408 3396 a
2436 3344 2694 3413 su/focato
2721 3349 2995 3417 sanguine,
3019 3357 3067 3402 et
3096 3350 3160 3404 ab
3184 3350 3407 3405 idolola-

1831 3435 1934 3490 tria
1978 3433 2116 3504 (Act.
2162 3449 2274 3497 ιιι,
2307 3433 2419 3506 25).
2452 3429 2718 3491 Similiter
2763 3437 2830 3491 ab
2859 3438 3116 3508 accipitre
3169 3449 3402 3495 mortua.

1831 3523 2041 3593 Equum
2073 3523 2548 3594 non‘prohibent:
2587 3534 2767 3582 tamen
2805 3529 3139 3583 consuetudo
3170 3544 3276 3584 non
3319 3539 3402 3585 est

1831 3614 2133 3670 comedere.

2364 3707 2457 3762 EX
2492 3707 2696 3765 LIBRO
2731 3708 2865 3764 LVI.

2248 3815 2313 3854 DE
2347 3815 2689 3855 SUBSTANTIIS
2721 3816 2982 3856 IIOIINUI.

1938 3888 2066 3944 CAP.
2105 3904 2188 3943 ιιι.
2217 3920 2288 3929 -
2321 3889 2398 3944 De
2424 3890 2586 3944 tribus
2616 3888 2791 3944 liberis
2816 3907 2849 3943 ιι
2871 3900 3081 3960 peccato
3107 3890 3301 3946 alieno.

1904 3979 2154 4049 Synodus
2175 3979 2540 4034 Hibernensis.
2567 3978 2693 4034 Tria
2713 3987 2838 4033 sunt
2864 3995 2982 4049 qua:
3001 3990 3220 4050 peccata
3235 3981 3406 4039 aliena

1832 4085 1942 4126 non
1969 4071 2256 4125 sustinent.
2287 4069 2496 4140 Largus
2536 4072 2718 4136 homo,
2766 4071 2810 4126 si
2841 4072 3060 4127 domum
3092 4089 3243 4128 suam
3284 4091 3408 4129 cum

1832 4164 2082 4220 omnibus
2113 4179 2454 4218 communem
2481 4164 2672 4230 habet;
2699 4179 2916 4233 pecora,
2945 4179 3174 4232 quorum
3201 4165 3410 4222 fructus

1834 4265 1890 4311 et
1931 4255 2084 4310 labor
2115 4256 2423 4309 communia
2473 4263 2600 4309 sunt
2631 4255 2893 4320 omnium,
2945 4255 3076 4309 nihil
3111 4257 3408 4326 quaerentia

1835 4345 1940 4400 nisi
1965 4345 2189 4409 victum,
2235 4351 2291 4397 et
2312 4343 2488 4399 victus
2515 4359 2624 4413 quo
2657 4345 2843 4399 vivunt
2877 4359 2983 4400 non
3015 4345 3270 4410 hominis,
3315 4345 3409 4402 sed

1835 4434 1962 4499 Dei;
1993 4441 2183 4490 servus
2207 4433 2425 4489 domino
2455 4448 2552 4488 suo
2589 4433 2816 4490 ﬁdeliter
2846 4435 3104 4490 serviens.
3142 4434 3268 4490 Inde
3289 4434 3412 4490 Hie-

1837 4539 2098 4596 ronymus
2136 4523 2288 4578 dicit.
2318 4521 2607 4578 Peccatum
2638 4523 2840 4578 domini
2870 4524 2924 4578 in
2949 4538 3162 4579 servum
3185 4539 3294 4578 non
3320 4538 3411 4579 ca-

1838 4618 1929 4671 det
1954 4633 1968 4669 :
2001 4623 2283 4684 peccatum
2311 4629 2441 4669 vero
2468 4615 2609 4670 servi
2639 4615 2836 4669 transit
2874 4615 2929 4668 in
2955 4615 3251 4669 dominum.
3283 4613 3412 4669 Inde

1834 4708 2055 4764 Balaam
2079 4706 2337 4762 occisioni
2363 4715 2587 4776 paratus
2608 4704 2725 4767 fuit,
2754 4705 2857 4760 nisi
2886 4721 2983 4777 per
3006 4706 3212 4759 asinam
3233 4720 3413 4760 emen-

1836 4801 1994 4855 datus
2019 4805 2179 4862 esset,
2208 4805 2264 4852 et
2296 4797 2446 4851 asina
2479 4795 2647 4850 libera
2676 4795 2798 4849 fuit.

1835 4890 1966 4949 Car.
2006 4905 2081 4946 Iv.
2111 4918 2186 4930 —
2219 4887 2500 4958 Depecore
2525 4903 2631 4961 nou
2654 4885 2906 4961 sumendo
2945 4885 3008 4961 ob
3047 4885 3275 4954 alicujus
3294 4901 3413 4955 pec-

2377 4967 2550 5021 catum
2581 4958 2680 5011 nisi
2706 4973 2881 5010 suum.

1910 5052 2159 5123 Synodus
2206 5046 2560 5103 llibernensis
2608 5046 2776 5101 dicit:
2809 5045 2880 5101 Ut
2905 5045 3039 5100 nihil
3082 5043 3226 5098 aliud
3247 5059 3412 5113 pecus

1838 5145 2123 5201 damnetur
2152 5139 2255 5195 nisi
2281 5139 2337 5193 in
2371 5153 2527 5192 suum
2554 5147 2858 5206 peccatum,
2887 5137 3002 5191 sive
3024 5135 3293 5189 hominem
3320 5149 3414 5190 oc-

1839 5233 2087 5298 cidendo,
2101 5233 2218 5286 sive
2235 5229 2578 5293 inﬁrmando,
2607 5229 2721 5283 sive
2741 5227 2886 5283 aliud
2909 5242 3076 5296 pecus
3096 5225 3410 5290 occidendo,

1839 5327 1954 5380 sive
1979 5323 2203 5386 fumum,
2232 5322 2347 5375 sive
2367 5335 2597 5376 messem
2629 5319 2977 5374 devastando.

1843 5479 1965 5536 dem
2013 5490 2119 5530 non
2164 5474 2239 5527 ita
2282 5473 2511 5536 videtur,
2557 5472 2651 5526 sed
2697 5472 3032 5525 siccatorium
3075 5468 3282 5540 accipio
3314 5481 3413 5536 pro

1845 5560 2098 5684 ωέῑὸιιιε
2141 5623 2250 5669 sunt
2279 5612 2666 5684 triaicarnitnn
2703 5627 2908 5684 genera
2942 5610 3204 5665 didicerat
3229 5604 3404 5684 Ache-

1851 5691 1964 5745 rins
1979 5675 2053 5742 cx
2084 5701 2244 5756 capp.
2269 5685 2367 5737 8et
2388 5683 2440 5744 9,
2457 5698 2574 5750 quae
2595 5675 2794 5756 idcirco
2807 5683 3056 5736 omittere
3075 5694 3184 5735 nou
3210 5675 3393 5730 debuit

1853 5763 1928 5816 Ea
1963 5766 2088 5813 sunt
2117 5752 2366 5825 tristium,
2405 5768 2580 5808 avium
2617 5769 2676 5807 ac
2711 5752 2966 5806 ferarum-
