3950 6308
446 415 467 435 ι
496 343 641 403 ise:

1014 457 1109 513 EX.
1146 458 1346 515 LIBRO
1383 458 1538 513 [ΝΠ.

918 584 981 622 DE
1016 583 1225 623 DUCA'I'U
1263 583 1615 622 BABBAROBUI
1624 606 1639 620 .

591 676 727 734 (ἷιιδ.
761 691 824 730 ιι.
853 705 924 715 -
951 674 1027 729 De
1045 675 1339 744 paenitentia
1362 675 1661 729 ducentium
1690 675 1962 729 barbaros,

560 786 817 858 Synodus
851 782 1199 839 Hibemensis
1250 784 1326 838 ait
1350 800 1375 839 εν
1412 785 1513 851 Qui
1562 785 1764 855 prmbet
1804 785 2062 840 ducatum

488 878 734 933 barbaris
764 892 853 929 xxv
878 875 1043 930 annis
1059 875 1354 943 paeniteat.~
1370 875 1658 938 Barbarus,
1702 875 1753 928 id
1780 883 1885 938 est,
1931 874 2063 928 alie-

489 984 631 1023 nus:
654 967 777 1037 quis
803 974 887 1020 est
912 965 1135 1024 alienus.
1170 966 1281 1020 nisi
1300 966 1423 1034 .(Ln’t
1442 981 1591 1020 more
1619 964 1824 1020 crudeli
1862 973 1917 1020 et
1959 965 2064 1020 im—

490 1060 639 1114 matri
661 1067 883 1115 cunctos
909 1059 1207 1129 prosternit
1742 1130 1755 1147 ι

484 1166 615 1232 Car.
642 1192 724 1232 ιιι.
756 1200 827 1216 --
851 1174 926 1228 De
942 1175 1067 1245 jure
1086 1192 1200 1256 .1"qu
1209 1174 1457 1256 iudicant
1483 1183 1747 1228 senatores
1775 1189 1867 1227 xw
1891 1189 2063 1227 annos

738 1275 743 1280 -
962 1244 1271 1315 pwnitemiic
1291 1244 1599 1298 ductorum.

553 1354 799 1425 Synodus
820 1352 1171 1408 Hibernensis
1199 1353 1274 1408 ait
1303 1370 1322 1406 τ
1357 1369 1447 1408 xxv
1472 1368 1647 1427 annos
1670 1352 1774 1407 hac
1797 1353 1864 1407 de
1894 1367 2060 1408 causa

483 1446 662 1501 nancti
702 1454 829 1501 sunt
855 1454 1152 1509 senatores,
1181 1446 1228 1501 si
1254 1446 1506 1500 basilicas
1552 1447 1925 1516 episcoporum
1970 1446 2058 1499 in-

482 1539 791 1602 cenderint,
823 1538 907 1591 vel
954 1538 1000 1592 si
1035 1538 1317 1593 hominem
1353 1537 1679 1607 religiosum
1700 1538 1814 1592 sive
1851 1538 2058 1592 sancti-

485 1630 773 1685 monialem
803 1630 1121 1692 occiderint,
1173 1630 1264 1684 vei
1285 1631 1695 1701 prostraverint,
1742 1631 1858 1686 sive
1904 1630 2073 1685 iuno-—

483 1729 667 1775 centes
689 1721 757 1775 de
778 1719 1005 1775 ecclesia
1031 1720 1401 1775 subtraxerint
1425 1738 1447 1775 τ
1469 1721 1663 1775 ductor
1685 1723 1749 1775 vr
1772 1736 1944 1776 annos
1971 1720 2056 1777 sui

482 1826 669 1876 causa,
693 1826 770 1866 vn
799 1826 970 1865 annos
995 1810 1133 1866 alios
1163 1827 1325 1866 causa
1351 1811 1635 1865 ductorum
1660 1810 1949 1880 paeniteat.

480 1924 611 1980 Car.
642 1940 718 1978 Iv.
759 1954 832 1965 --
873 1923 949 1978 De
990 1925 1208 1980 ductore
1232 1926 1321 1995 qui
1370 1941 1485 1979 mur
1501 1923 1689 1996 implet
1726 1925 1893 1979 animi
1931 1924 2061 1993 επε-

1186 2005 1347 2048 ctum;

551 2083 798 2153 Synodus
821 2102 834 2137 :
861 2082 1028 2140 Iudas
1057 2093 1264 2139 reatum
1304 2085 1479 2139 trium
1495 2086 1724 2154 accepit,
1751 2085 1842 2155 qui
1867 2084 2053 2141 dolum

475 2174 663 2245 elegit,
687 2184 742 2230 et
771 2174 979 2229 induxit
1004 2176 1229 2239 alienOs,
1254 2184 1307 2229 et
1334 2176 1567 2245 pretium
1604 2177 1710 2232 doli
1734 2177 2049 2247 assumpsit.

480 2264 724 2321 Psalmus
745 2266 909 2320 dicit:
942 2263 1055 2320 Viri
1075 2270 1396 2338 sanguinum-
1413 2277 1459 2323 et
1484 2267 1658 2323 dolosi
1679 2284 1782 2322 non
1809 2268 2058 2322 dimidia-

477 2358 605 2415 bunt
626 2357 737 2414 dies
765 2377 887 2414 suos
915 2358 1097 2432 (Psal,
1116 2377 1226 2425 LIV,
1257 2360 1375 2431 24).
1480 2367 1484 2371 ’

1008 2469 1102 2524 EX
1138 2470 1340 2526 LIBRO
1376 2470 1517 2525 LXI,

884 2576 948 2615 DE
990 2577 1261 2616 AR'MFICIO
1297 2578 1607 2618 ARTll-‘ICUI‘.

550 2668 680 2725 CAP.
726 2687 771 2725 ι.
811 2700 883 2710 —
910 2671 1274 2731 Hibernenses
1316 2673 1501 2728 dicunt
1537 2691 1558 2727 :
1602 2672 1660 2728 Si
1688 2673 1827 2743 quis.
1856 2673 2052 2729 artifex

475 2774 613 2828 opus
659 2760 851 2815 inertis
884 2759 1074 2824 faciat,
1112 2771 1168 2815 et
1203 2761 1529 2817 ferramenta
1573 2779 1757 2832 usque
1788 2764 1856 2818 ad
1895 2765 2055 2820 dimi-

477 2852 624 2907 dium
635 2851 963 2921 quaesiverit,
984 2851 1264 2905 dimidium
1284 2854 1521 2921 precium
1541 2853 1759 2908 habebit
1773 2870 1788 2917 ;
1804 2854 1888 2908 sin
1898 2868 2059 2918 vero,

478 2942 692 2998 tertiam
716 2951 926 3012 partem
954 2941 1165 2997 aediﬁcii
1187 2942 1270 2997 sui
1294 2944 1549 3013 accipiet,
1570 2952 1629 2999 ut
1650 2945 1722 3000 sit
1747 2946 1905 3001 tertia
1924 2961 2073 3015 pars.

476 3032 759 3102 operariis,
796 3032 954 3087 tertia
1005 3031 1126 3086 cibo
1171 3039 1228 3086 et
1278 3031 1621 3088 ferramentis
1672 3034 1811 3091 unde
1838 3034 2054 3103 iudices

480 3123 773 3204 habebunt,
821 3123 924 3178 hoc
957 3110 1039 3178 est
1063 3122 1229 3193 judex
1274 3126 1343 3180 ab
1382 3126 1702 3193 artificibus,
1733 3135 1788 3181 et
1809 3127 1978 3197 iudex
2015 3145 2047 3183 a

479 3212 899 3280 prazsidentilius
922 3214 1183 3295 ecclesiae,
1221 3217 1304 3270 vel
1332 3217 1545 3284 castuli,
1578 3225 1632 3272 et
1658 3227 2049 3288 quantumcun-

476 3318 582 3373 que
607 3304 837 3360 voluerit
866 3322 962 3377 pro
992 3309 1304 3379 Operatione
1340 3308 1686 3378 iudicabunt,
1719 3327 1826 3367 non
1848 3326 2047 3368 secun-

472 3394 601 3450 dum
631 3396 914 3454 utilitatem
946 3417 959 3452 :
992 3408 1177 3469 postea
1206 3399 1401 3455 artifex
1429 3401 1649 3456 habebit
1674 3401 1910 3471 pretium
1954 3402 2047 3457 be-

471 3475 811 3543 nedictionis.
845 3489 937 3545 Sic
958 3488 1347 3559 judicabuntur
1372 3500 1426 3547 et
1455 3491 1559 3546 alia
1582 3492 1745 3547 dona.
1772 3490 1876 3558 Qui
1915 3507 2045 3546 vero

469 3577 703 3633 noluerit
724 3580 1017 3635 secundum
1048 3583 1149 3637 hoc
1174 3583 1460 3637 concilium
1483 3582 1681 3646 facere,
1711 3584 1804 3637 (lat
1824 3600 2042 3639 excom-

468 3670 793 3735 municatus,
820 3680 875 3726 et
900 3688 1059 3728 nemo
1082 3690 1205 3730 eum
1233 3676 1482 3747 accipiat,
1510 3684 1566 3731 et
1590 3676 1643 3730 in
1688 3686 1862 3731 morte
1890 3690 2045 3731 care-

467 3757 549 3816 bit
572 3762 967 3815 communione.

478 3923 743 3941 --

1296 342 1562 399 ADEBOC
1596 342 1683 397 ET
1707 342 2227 399 'ETHELVOLFUS
2257 343 2572 401 ABBATES
2612 345 2908 402 BIBERNI.‘

2092 462 2149 519 Δ

3618 352 3771 409 ίῦω.

2683 463 2774 517 EX
2815 464 3021 520 LIBRO
3058 465 3238 520 LXIV.
3258 512 3261 513 ,

2696 569 2762 611 νε
2800 570 2977 611 νηιιε
3013 572 3215 612 ολυειε.

2375 640 2513 698 Cap.
2544 659 2701 696 v.A-—-
2732 645 2807 699 De
2828 661 2890 700 ιιι
2919 648 3252 717 retinentibus
3278 646 3532 704 Pati-icit.

2231 728 2594 787 Hibernenses
2620 732 2806 787 dicunt
2828 747 2844 787 :
2867 734 3005 790 Tres
3022 736 3308 797 petitiones
3329 736 3566 793 Patricii
3585 747 3753 801 s-t:

2163 836 2393 890 quarum
2421 823 2595 892 prima
2637 832 2742 889 est,
2774 832 2833 879 ut
2868 827 3160 895 bipertitae,
3204 828 3292 883 vel
3317 830 3623 898 tripartit:
3663 849 3753 887 re-

2162 911 2339 980 gionis
2359 927 2486 980 pars
2511 913 2767 969 Ecclesiae
2794 916 3221 986 propinquorum
3247 918 3413 972 detur
3436 920 3517 975 ei.
3540 921 3751 978 Secun-

2161 1002 2339 1065 darut
2357 1017 2464 1057 non
2487 1018 2584 1071 per
2596 1001 2965 1071 juramentum
3001 1007 3070 1060 ab
3094 1006 3279 1076 aliquo
3307 1009 3574 1065 ﬁrmetur
3591 1028 3769 1082 super-

2161 1089 2456 1146 Ecclesiam
2474 1093 2785 1149 inﬁrmam..
2803 1094 3007 1161 Tertia,
3031 1105 3090 1150 ut
3110 1097 3351 1152 clericus
3376 1099 3585 1155 similis
3600 1116 3749 1169 qua

2162 1188 2316 1236 ratur
2342 1196 2372 1234 a
2401 1180 2581 1238 laico..

2159 1270 2289 1326 Car.
2321 1289 2442 1327 vui.
2491 1273 2640 1327 —De
2659 1274 2741 1328 his
2779 1275 2869 1344 qui
2896 1285 3175 1399 amputant
3196 1293 3311 1331 esse
3344 1278 3556 1347 justas,
3576 1287 3629 1332 et
3647 1295 3765 1335 non.

2876 1361 2938 1399 su
3000 1383 3037 1398 ..

2876 1361 3016 1399 sum.
3028 1389 3037 1395 .

2226 1430 2410 1487 Gildas
2437 1433 2497 1487 in
2525 1434 2768 1503 epistolis
2792 1436 2904 1490 suis
2927 1435 3038 1490 :Hi
3064 1436 3193 1490 dum
3210 1451 3369 1505 pane
3394 1436 3451 1491 in
3494 1452 3750 1493 mensura

2157 1532 2478 1587 mentitur;
2503 1539 2599 1594 pro
2615 1526 2716 1581 hoc
2732 1526 2847 1595 ipso
2860 1527 2978 1581 sine
2990 1541 3246 1581 mensura
3259 1526 3605 1594 gloriantur:
3627 1528 3769 1582 ὼε

2156 1626 2295 1682 aqua
2308 1615 2727 1680 utuntur,simul
2742 1615 2855 1671 odii
2868 1615 3062 1686 poculo
3077 1625 3344 1684 petantur
3363 1634 3380 1669 :
3398 1617 3535 1671 dum
3551 1619 3769 1671 sanctis.

2157 1702 2375 1758 ferculis
2397 1714 2708 1770 vescuntur,
2728 1706 3155 1762 detractionibus
3180 1714 3419 1761 utuntur
3434 1708 3601 1761 :dum
3626 1707 3769 1777 vigi—

2088 1813 2142 1872 η
2157 1791 2243 1848 liis
2256 1795 2807 1865 expendunt,aliquos
2819 1810 3011 1850 somno
3022 1810 3244 1865 pressos
3254 1797 3603 1866 vituperant.
3617 1794 3692 1864 Jej
3700 1814 3748 1854 u—

2158 1883 2304 1937 nium
2332 1883 2604 1949 charitati,
2634 1885 2846 1956 vigilias
2884 1883 3127 1954 iustitiae,
3173 1886 3463 1955 propriam
3493 1887 3747 1940 adiuven-

2157 1971 2356 2025 tionem
2381 1973 2701 2034 concordiae,
2735 1973 3029 2029 clausulam
3056 1974 3361 2040 Ecclesiae,
3394 1974 3763 2030 severitatem

2157 2060 2467 2127 humili-tati,
2495 2069 2773 2131 postremo
2816 2063 3089 2119 hominem
3132 2065 3246 2119 Deo
3275 2075 3649 2136 anteponunt.
3683 2068 3745 2122 Hi

2149 2150 2415 2223 jejunant,
2466 2153 2609 2224 quod
2649 2154 2751 2209 nisi
2800 2170 2896 2225 per
2924 2146 3134 2224 aliquas
3179 2157 3420 2212 virtutes
3448 2168 3744 2221 asseratur,

2155 2245 2287 2299 nihil
2319 2247 2554 2316 prodest.
2599 2245 2700 2314 Qui
2727 2263 2856 2302 vero
2885 2248 3205 2303 charitatcm
3254 2248 3583 2319 perﬁciunt,
3626 2266 3745 2304 cum

2157 2335 2361 2391 cithara
2390 2336 2626 2407 Spiritus
2668 2338 2837 2393 sancti
2879 2339 3105 2394 dicunt:
3138 2340 3307 2406 Quasi
3347 2359 3571 2411 patrm
3610 2358 3746 2395 meu-

2157 2436 2390 2490 rtruata',
2424 2445 2599 2481 omnes
2615 2427 2841 2498 justitia:
2871 2438 3063 2483 nosmc
3093 2428 3250 2500 (lsai.
3292 2446 3446 2495 an',
3471 2430 3558 2500 6)-

2296 2516 2425 2572 Car.
2453 2535 2585 2572 xvii.
2609 2550 2681 2559 —
2702 2518 2779 2571 De
2807 2536 2866 2572 eo
2885 2520 3025 2590 quod
3050 2537 3259 2574 monere
3280 2518 3475 2574 melius
3496 2529 3599 2574 est—

2223 2606 2490 2663 Patricius
2538 2608 2669 2663 dicit
2714 2607 2939 2679 (Synod.
2989 2594 3227 2671 Patricii,
3282 2619 3415 2663 tam.
3458 2609 3489 2663 ι
3541 2609 3765 2663 Concita

2152 2700 2332 2771 Angl.,
2358 2717 2411 2770 p.
2436 2698 2525 2770 5'2)
2560 2717 2573 2753 :
2628 2698 2812 2756 Satius
2843 2709 2928 2756 est
2956 2702 3112 2756 nobis
3143 2699 3482 2772 negligentes
3506 2715 3747 2769 prmo-

2153 2807 2283 2847 nere
2322 2807 2390 2847 ne
2419 2792 2615 2847 delicta
2657 2792 2950 2858 abundent,
2977 2809 3140 2863 quam
3185 2795 3407 2861 culpare
3447 2808 3577 2861 qua:
3620 2805 3746 2845 sunt

2154 2884 2317 2949 facta,
2345 2884 2630 2939 Salomone
2658 2884 2870 2941 dicente
2894 2903 2925 2939 :.
2959 2884 3148 2939 Melius
3187 2895 3263 2939 est
3286 2900 3539 2953 arguere,
3584 2900 3767 2954 quaut-

2152 2973 2311 3027 irasci
2348 2972 2663 3046 (Echxx,
2692 2974 2766 3045 ι).

2675 3064 2768 3118 EX
2805 3061 3007 3119 LIBRO
3043 3064 3185 3119 LXV

2716 3170 2781 3209 ΒΕ
2818 3171 3083 3211 CONTRARI
3092 3171 3156 3209 IS.

2149 3244 2279 3301 ΟΜ».
2307 3261 2367 3300 ιι.
2398 3275 2475 3286 -
2515 3244 2592 3300 De
2632 3247 2890 3328 tarditate.
2927 3246 3329 3300 conductionunt
3366 3255 3422 3299 et
3475 3246 3604 3315 ejus
3630 3247 3749 3301 bre-

2845 3325 3017 3369 vitate.

2166 3448 2171 3455 .
2218 3406 2483 3461 Patricius
2507 3404 2725 3477 (Opusc.
2754 3405 2815 3461 S.
2853 3406 3101 3471 Patricii,
3124 3423 3175 3478 ρ.
3204 3406 3296 3476 49)
3323 3425 3337 3461 :
3368 3405 3494 3462 Non
3520 3416 3763 3477 oportet

2141 3495 2351 3565 Iudices
2371 3505 2479 3550 tam
2503 3495 2715 3552 veloces
2743 3512 2863 3552 esse
2881 3497 2936 3551 in
2953 3496 3187 3566 judicio;
3212 3498 3382 3552 donec
3394 3498 3581 3551 sciant
3594 3500 3746 3567 quod

2146 3589 2374 3658 probum
2413 3586 2537 3652 (lat;
2564 3587 2686 3657 quia
2709 3586 2911 3642 dictum
2937 3595 3062 3643 est:
3097 3587 3223 3642 Noli
3262 3588 3438 3658 judea:
3482 3605 3603 3642 esse
3642 3591 3747 3642 cite

2147 3676 2337 3747 (Et-eli.
2362 3692 2460 3740 vn,
2488 3677 2569 3747 6).
2610 3677 2775 3732 Isaias
2807 3693 2839 3732 e
2878 3687 3066 3733 contra
3088 3696 3119 3708 ·<
3150 3674 3242 3733 Va:
3288 3678 3420 3731 mihi
3446 3680 3541 3748 qui
3596 3679 3749 3731 tacui

2149 3768 2286 3837 (Isa.
2320 3782 2394 3831 vi,
2430 3767 2509 3839 5).

1409 4038 1442 4079 ⁸
1476 4035 2080 4115 ADNOTATIO
2139 4037 2271 4114 DE
2327 4037 2779 4114 SYNODIS'

1019 4191 1106 4248 Ex
1130 4194 1346 4265 amiqua
1377 4193 1679 4249 collectione
1716 4201 1837 4261 ante
1881 4209 2047 4247 annos
2089 4192 2196 4249 800
2237 4201 2454 4249 exarata
2484 4194 2540 4247 in
2566 4209 2667 4247 me.
2702 4192 2818 4247 eod.
2847 4191 3176 4262 Remigium.

1891 4325 2350 4345 -ῇ

529 4419 820 4477 Adnotatlo
864 4418 1026 4476 libelli
1077 4419 1148 4476 de
1193 4422 1411 4492 synodis
1441 4435 1567 4476 xxiv
1596 4436 1718 4490 qua:
1745 4431 1905 4476 antea
1949 4419 2032 4475 vel
2064 4423 2116 4483 υ
2206 4414 2391 4471 Tertia
2436 4413 2798 4486 Gangrensis,
2854 4427 2974 4482 quae
3024 4419 3146 4481 post
3195 4409 3483 4466 Nicmnam’
3532 4411 3743 4485 legitur

459 4511 597 4569 infra
626 4528 720 4568 seu
744 4520 866 4581 post
897 4527 991 4568 sex
1028 4511 1261 4582 synodos
1280 4512 1531 4583 leguntur
1553 4528 1674 4568 esse
1693 4512 2034 4580 conscriptae.

528 4606 708 4661 Prima
752 4604 1030 4659 adnotatio
1052 4605 1352 4674 Aneyranaa
1374 4644 1389 4667 ,
1437 4620 1559 4674 qute
1592 4612 1718 4658 ante
1763 4602 2036 4659 Nicmnam

458 4698 628 4752 fertur
665 4697 830 4751 fuisse
852 4734 868 4759 ,
928 4696 1022 4750 sed
1081 4703 1301 4764 propter
1350 4695 1730 4750 auctoritatem
1774 4692 2036 4761 majorem

455 4787 831 4857 postponitur:
866 4786 919 4840 in
958 4801 1063 4854 qua
1098 4786 1287 4840 Patres
1315 4801 1447 4840 xvm
1474 4792 1780 4840 statuerunt
1800 4798 2037 4838 canones

456 4893 602 4941 xxiv,
636 4892 866 4947 quorum
903 4886 1089 4931 auctor
1119 4877 1352 4931 maxime
1380 4876 1571 4932 Vitalis
1601 4876 1630 4917 ιι
1670 4874 2037 4931 Antiochenns

454 4968 738 5037 episcopus
759 4966 962 5021 existit.

522 5055 768 5111 Secunda
808 5055 1275 5121 Neocazsariensis,
1314 5071 1433 5126 qua:
1463 5063 1585 5124 post
1608 5053 1947 5125 Ancyranam
1979 5063 2035 5108 et

453 5154 578 5200 ante
599 5146 870 5202 Nicmnam
916 5148 1115 5218 legitur
1163 5147 1360 5209 fuisse,
1429 5150 1482 5203 iu
1523 5162 1626 5217 qua
1663 5161 1686 5186 ο
1712 5147 1898 5201 Patres
1932 5162 2032 5201 xm

450 5244 756 5291 statuerunt
787 5250 1022 5293 canones
1048 5252 1160 5302 xiv,
1188 5253 1418 5309 quorum
1460 5245 1650 5293 auctor
1683 5237 1919 5291 maxime
1943 5237 2034 5291 Vi-

450 5325 580 5380 talis
605 5324 911 5380 Salaminus
946 5326 1173 5381 exstitit.

580 5457 908 5529 Opusculum
932 5458 1033 5513 hoc
1055 5458 1362 5529 Stephanus
1388 5458 1637 5514 Baluzius
1659 5458 1885 5529 contulit
1905 5474 2029 5515 cum

448 5545 552 5587 ms.
580 5527 766 5585 codice
793 5527 1035 5583 ecclesia:
1079 5527 1429 5585 Pictaviensis
1447 5570 1462 5593 ,
1499 5530 1591 5600 qui
1624 5529 1676 5583 in
1704 5528 2029 5600 bibliotheca

451 5601 597 5670 regia
634 5616 779 5656 nunc
805 5607 1131 5664 asservatnr,
1160 5609 1359 5655 etcum
1384 5598 1558 5655 altero
1604 5598 1790 5655 codice
1836 5599 2029 5654 biblio—

450 5674 620 5728 thecae
657 5671 946 5726 Thnanea‘.

523 5744 550 5783 ι’
588 5743 645 5801 lu
669 5743 853 5801 codice
884 5742 1141 5798 Thuaneo
1165 5740 1350 5796 dicitui
1390 5741 1693 5797 Salaminiis
1714 5740 2022 5809 cpiscopus,

2139 4507 2323 4570 fuisse,
2351 4505 2404 4559 in
2438 4519 2545 4574 qua
2592 4503 2782 4559 Patres
2825 4518 2915 4557 xv:
2960 4508 3267 4557 statuerunt
3321 4517 3567 4558 canones
3614 4521 3687 4558 xx
3714 4548 3741 4570 ,

2136 4605 2358 4668 propter
2392 4595 2652 4665 quasdam
2689 4595 3038 4648 necessitates
3056 4591 3479 4657 ecclesiasticas,
3493 4594 3741 4649 maxime

2137 4699 2325 4746 contra
2349 4690 2675 4753 Eustasium,
2704 4688 2793 4757 qui
2817 4687 3028 4742 dicebat
3064 4686 3207 4754 quod
3251 4683 3434 4740 nullus
3463 4687 3521 4740 in
3543 4685 3739 4754 coruin-

2137 4783 2243 4853 gali
2277 4781 2442 4852 gradu
2466 4781 2693 4851 positus,
2718 4794 2817 4834 nec
2838 4777 2980 4833 ullus
3006 4776 3180 4831 ﬁdelis
3211 4776 3304 4845 qui
3329 4792 3441 4831 non
3472 4776 3736 4831 munibus

2137 4875 2472 4930 renuntiaret
2487 4887 2606 4942 quae
2617 4871 2935 4940 possideret,
2952 4883 3101 4938 spem
3118 4870 3261 4937 apud
3272 4868 3447 4922 Deum
3463 4868 3693 4924 haberet
3706 4886 3729 4931 ;

2133 4976 2190 5021 et
2215 4966 2383 5020 multa
2417 4964 2525 5018 alia
2550 4975 2840 5025 venenosa,
2862 4976 2986 5031 quae
3006 4974 3327 5015 enumerare
3352 4959 3578 5028 longum
3610 4971 3725 5014 est.

2200 5058 2405 5123 Quarta
2437 5054 2794 5118 Sardiceusis,
2822 5054 2877 5107 in
2903 5068 3009 5122 qua
3052 5051 3242 5107 Patres
3293 5067 3365 5107 ιχ
3410 5059 3729 5106 statuemus

2134 5164 2370 5204 canones
2396 5163 2510 5212 xm,
2537 5162 2768 5216 quorum
2811 5154 3002 5201 auctor
3037 5160 3273 5200 maxime
3302 5143 3467 5199 Osius
3514 5140 3726 5198 Cordu-

2133 5240 2316 5296 bensis
2337 5239 2639 5309 episcopus,
2672 5245 2730 5292 et
2766 5246 2970 5294 sanctae
2996 5237 3254 5294 Romana
3281 5235 3543 5291 Ecclesia:
3568 5235 3725 5302 lega-

2136 5331 2305 5387 tarius
2321 5331 2666 5406 exstiterunt.

2130 5474 2191 5520 ut
2223 5464 2464 5541 sit‘idem
2507 5464 2599 5541 _qui
2636 5464 3081 5541 Ncocesariensis
3134 5461 3325 5541 synodi
3357 5458 3604 5541 proxime
3627 5470 3721 5541 se-

2131 5536 2348 5605 quentis
2378 5533 2612 5590 maxima
2643 5550 2768 5604 pars
2813 5534 2932 5588 fuit.
2961 5533 3016 5586 In
3054 5533 3238 5605 codice
3262 5533 3412 5605 regio
3441 5544 3550 5583 non
3584 5540 3717 5581 xm

2130 5601 2222 5661 sed
2247 5622 2378 5661 χχιιι
2408 5601 2914 5660 οιιιιοιιρέόὶςιιιιιιιι·
2941 5603 3125 5656 statuti
3158 5618 3278 5658 esse
3302 5601 3554 5669 Ancyrae.

2202 5687 2222 5714 ο
2259 5675 2440 5731 Codex
2468 5675 2776 5739 Thuaneus,
2808 5674 2993 5729 Patres
3022 5689 3130 5727 xvi.
