3950 6308
109 1025 140 1039 ρ

182 343 334 406 1509

1166 341 1482 401 CANONES
1519 339 2014 396 MBERNENSES.
2044 369 2114 380 —
2149 337 2490 396 MONITUM.

3296 337 3431 396 1310

252 461 448 530 Quinta
470 454 816 514 Antiocheam
845 455 1054 528 synodi,
1079 454 1135 510 in
1162 471 1269 526 qua
1292 455 1482 510 Patres
1507 469 1612 508 xxx
1643 459 1754 507 sta-
1782 459 1827 512 Δ
1853 456 2160 505 statuerunt
2186 463 2441 514 canones,
2470 462 2698 520 quorum
2721 455 2912 504 auctor
2933 448 3168 505 maxime
3197 449 3432 510 Hilarius

169 560 403 608 tuemnt
433 562 666 604 canones
698 563 820 609 xxv,
850 561 1076 618 quorum
1101 555 1291 602 auctor
1313 545 1545 601 maxime
1584 544 1755 598 Euse-

175 644 304 698 bius
341 638 738 696 Palrestinensis
759 638 1040 710 episcopus
1070 636 1296 692 exstitit.

253 733 418 787 Sexta
442 728 804 791 Laodicensis,
829 727 883 782 in
918 744 1024 797 qua
1071 725 1260 782 Patres
1289 742 1398 780 xxn
1449 729 1758 780 statuerunt

177 836 420 878 canones
452 835 602 880 LVIII.
630 831 859 888 quorum
909 825 1100 873 auctor
1147 817 1378 872 maxime
1415 813 1758 870 Theodosius

177 912 474 985 episcopus
497 887 726 964 exstitit.
828 887 870 928 ⁸

256 1005 496 1074 Septima
525 1002 983 1072 Carthaginensis,
1009 1001 1062 1056 in
1097 1016 1202 1071 qua
1229 999 1420 1055 Patres
1438 1015 1616 1055 ccxvn
1645 1006 1760 1054 sta-

181 1103 406 1150 tuernnt
429 1108 662 1149 canones
692 1107 887 1159 xxxnt,
917 1107 1146 1163 quorum
1181 1101 1370 1147 auctor
1388 1092 1620 1146 maxime
1646 1089 1760 1144 Au-

182 1186 353 1242 relius
385 1185 823 1255 Carthaginensis
863 1185 1146 1255 episcopus
1179 1184 1403 1247 exstitit,
1431 1183 1593 1238 etiam
1629 1197 1758 1236 san-

182 1285 306 1332 ctus
323 1277 651 1347 Augustinus
675 1265 1028 1345 Hipponensis
1059 1276 1342 1345 episcopus
1367 1275 1422 1328 in
1451 1274 1641 1328 eadem
1669 1288 1759 1344 sy-

183 1370 330 1426 nodo
357 1369 550 1438 legitur
567 1367 732 1424 fuisse
767 1367 1094 1438 temporibus
1121 1367 1342 1423 Honorii
1369 1367 1618 1438 Augusti.

257 1462 458 1520 Octava
479 1463 746 1519 Africanae
769 1465 869 1519 sub
903 1463 1206 1520 Theodosio
1233 1464 1442 1520 minore
1485 1461 1759 1533 Augusto,

184 1555 243 1611 in
269 1570 372 1625 qua
401 1555 587 1609 Patres
615 1570 772 1610 ccxtv
807 1555 1170 1611 recitaverunt
1193 1561 1248 1610 et
1275 1554 1626 1610 ﬁrmaverunt
1668 1569 1761 1609 ca-

183 1662 356 1701 nones
380 1661 466 1710 cv,
496 1645 586 1715 qui
615 1659 713 1714 per
746 1643 960 1700 diversa
983 1645 1229 1701 concilia
1250 1643 1516 1700 Africanae
1541 1643 1763 1712 provin-

183 1739 286 1794 eize
322 1739 650 1808 temporibus
685 1735 888 1792 Aurelii
931 1734 1370 1807 Carthaginensis
1420 1733 1654 1806 episcopi
1685 1732 1758 1788 le-

183 1838 387 1901 guntur
409 1844 529 1884 esse
561 1829 870 1898 conscripti.

257 1918 408 1972 Nona
430 1917 776 1978 Arelatensis,
816 1917 870 1971 in
899 1932 1004 1988 qna
1037 1916 1228 1974 Partes
1255 1932 1320 1972 oc
1345 1923 1652 1972 statuerunt
1672 1931 1763 1972 ca-

182 2022 396 2072 nones,
449 2022 678 2077 quorum
720 2015 964 2062 auctores
1017 2008 1254 2063 maxime
1307 2005 1565 2062 Silvester
1614 2006 1764 2062 urbis

183 2097 377 2152 Romze
425 2103 742 2168 episcopus,
791 2105 846 2152 et
898 2107 1115 2153 sanctus
1164 2097 1401 2152 Marinus
1437 2096 1765 2152 Arelatensis

183 2187 473 2256 episcopus
515 2186 839 2241 exstiterunt
886 2187 1218 2257 temporibus
1260 2187 1597 2242 Constantini
1656 2185 1768 2242 Au—

187 2277 356 2350 gusti,
386 2277 525 2332 sicut
546 2278 762 2347 quidam
786 2287 1054 2333 asserunt.

267 2369 482 2424 Decima
511 2368 639 2424 item
664 2367 1011 2434 Arelatensis,
1030 2370 1084 2424 in
1107 2385 1212 2439 qua
1235 2368 1426 2426 Patres
1450 2385 1543 2426 xix
1566 2378 1768 2426 statue-

189 2470 322 2515 runt
342 2475 593 2523 canones,
622 2475 850 2529 quorum
877 2469 1066 2515 auctor
1091 2461 1323 2515 maxime
1343 2459 1608 2516 Caesarius
1635 2461 1769 2517 Are-

191 2550 419 2607 latensis
443 2549 726 2620 episcopus
748 2550 974 2605 exstitit.

270 2641 558 2700 Undecima
583 2642 714 2697 item
764 2640 1130 2708 Arelatensis,
1181 2643 1362 2714 inqua
1398 2642 1586 2699 Partes
1634 2657 1770 2700 xvnt

192 2738 502 2790 statuerunt
527 2747 780 2787 canones.

272 2820 592 2876 Duodecima
621 2821 749 2876 item
771 2818 1118 2885 Arelatensis,
1158 2821 1212 2876 in
1243 2837 1347 2892 qua
1371 2821 1558 2878 Partes
1581 2839 1634 2878 xi
1663 2831 1773 2879 sta-

194 2917 419 2966 tuerunt
461 2924 711 2976 canones,
750 2925 980 2981 quorum
1027 2919 1214 2966 auctor
1264 2913 1500 2968 maxime
1555 2922 1775 2969 sanctus

195 3001 469 3058 Caesarius
500 3000 832 3056 Arelatensis
856 3001 1138 3071 episcopus
1159 3002 1387 3057 exstitit.
1765 3073 1772 3082 ι

273 3093 453 3148 Tertia
487 3091 696 3149 decima
719 3093 847 3147 item
874 3091 1224 3156 Arelatensis,
1251 3094 1304 3148 in
1331 3110 1434 3164 qua
1457 3094 1648 3149 Patres
1681 3111 1772 3149 xix

141 3193 152 3200 '
197 3191 506 3240 statuerunt
530 3197 786 3247 canones,
821 3198 1048 3252 quorum
1096 3193 1285 3239 auctor
1320 3185 1551 3240 maxime
1577 3183 1774 3254 Sapar-

196 3275 306 3330 dus
332 3272 662 3328 Arelatensis
688 3273 972 3344 episcopus
995 3275 1221 3329 exstitit.

273 3363 474 3433 Quarta
519 3365 726 3420 decima
757 3362 1132 3420 Arausicensis
1154 3405 1170 3430 ,
1223 3365 1276 3419 in
1333 3376 1438 3435 qua
1476 3365 1664 3420 Patres
1689 3380 1776 3419 xxi

275 3507 302 3536 ι
341 3495 492 3566 Quod
515 3495 758 3566 sequitur
787 3495 852 3551 de
875 3504 1118 3566 tempore
1141 3512 1247 3566 quo
1274 3495 1454 3550 habita
1505 3504 1589 3551 est
1617 3511 1778 3566 syno-

200 3567 306 3691 ξιξ
337 3565 768 3633 Aurelianensis,
821 3565 1114 3638 ascriptum
1160 3565 1244 3622 est
1267 3579 1298 3621 e
1322 3566 1478 3622 codd.
1535 3565 1668 3636 Reg.
1720 3573 1776 3620 et

293 3651 417 3690 uan.

171 3721 181 3728 ·
210 3774 219 3776 Α
279 3707 306 3776 ξ’
342 3705 605 3762 Aclterius
647 3713 833 3761 monet
859 3704 1241 3776 legigoportere
1283 3704 1652 3767 Bituriccnsis;
1683 3703 1776 3760 sed

206 3774 264 3830 in
289 3774 520 3830 laudatis
547 3776 701 3830 codd.
734 3774 932 3846 legitur
957 3774 1304 3830 Bfevidensis.

1855 543 2140 612 episcopus
2166 542 2394 599 exstitit.

1925 630 2120 700 Quinta
2166 632 2372 688 decima
2400 631 2765 700 Epaunensis,
2821 630 2878 686 in
2925 647 3031 702 qua
3068 632 3256 690 Patres
3285 651 3430 690 xxvn

1855 716 2157 776 statuerunt
2180 736 2415 777 canones
2442 737 2529 780 ιι..
2559 736 2788 790 quorum
2818 729 3008 777 auctor
3046 723 3282 779 maxime
3313 723 3431 778 Ca:-

1857 813 2032 868 sarius
2054 813 2338 882 episcopus
2367 813 2594 867 exstitit.

1929 902 2092 959 Sexta
2117 905 2322 959 decima
2351 903 2695 974 Agatbensis,
2714 903 2766 957 in
2789 919 2895 974 qua
2920 903 3108 960 Patres
3136 920 3302 960 xxxiv
3331 915 3435 961 sta-

1858 1001 2078 1048 tuerunt
2113 1007 2364 1057 canones,
2392 1009 2622 1063 quorum
2660 1005 2852 1050 auctor
2879 995 3112 1051 maxime
3163 995 3436 1052 Czesarius

1859 1085 2141 1152 episcopus
2157 1083 2386 1138 exstitit.
3025 1071 3036 1080 ’

1931 1171 2170 1242 Septima
2191 1169 2401 1226 decima
2426 1169 2840 1234 Aurelianensis,
2866 1173 2920 1228 in
2943 1189 3046 1243 qua
3071 1171 3262 1230 Patres
3286 1190 3435 1230 Lxxn

1859 1269 2166 1318 statuerunt
2189 1275 2444 1327 canones,
2463 1277 2692 1331 quorum
2723 1271 2914 1318 auctor
2937 1265 3170 1320 maxime
3191 1263 3437 1318 Aurelia-

1859 1366 1962 1407 nus
2014 1349 2347 1406 Arelatensis
2391 1351 2676 1422 episcopus
2721 1363 2748 1394 ι
2795 1353 3044 1420 exstitit,
3109 1355 3438 1423 temporibus

1855 1437 2153 1502 .Cblodovei
2189 1438 2356 1506 regis.

1930 1526 2130 1582 Octava
2158 1528 2367 1583 decima
2409 1527 2539 1582 item
2571 1527 2996 1595 Aurelianensis,
3032 1531 3086 1586 in
3117 1546 3222 1600 qua
3249 1529 3439 1586 Patres

1860 1629 1992 1670 xxxt
2021 1622 2326 1670 statuerunt
2377 1629 2648 1678 canones,
2698 1631 2927 1686 quorum
2965 1627 3152 1674 auctor
3201 1619 3439 1674 maxime

1863 1703 2124 1760 Melanius
2147 1705 2478 1760 Redonensis
2505 1705 2789 1777 episcopus
2801 1708 3028 1764 exstitit.

1792 1809 1838 1870 ε
1934 1791 2083 1848 Nona
2103 1791 2314 1849 decium
2343 1794 2471 1850 item
2485 1795 2908 1861 Aurelianensis,
2931 1798 2986 1852 in
3005 1813 3110 1866 qua
3123 1797 3312 1853 Patres
3329 1813 3440 1852 xxv

1862 1888 2166 1965 statuerunt
2196 1897 2450 1947 canones,
2480 1899 2708 1952 quorum
2735 1893 2930 1941 auctor
2956 1886 3194 1943 maxime
3217 1880 3440 1942 sanctus
3471 1921 3476 1926 -

1860 1971 2086 2028 Albinus
2100 1971 2505 2046 Andegavensis
2532 1975 2816 2046 episcopus
2841 1977 3050 2032 exstitit

1934 2066 2202 2137 Yigesima
2229 2065 2606 2133 Arverncnsis,
2633 2071 2688 2123 in
2715 2084 2822 2138 qua
2844 2067 3034 2125 Patres
3051 2085 3120 2124 xv
3139 2076 3445 2123 statuerunt

1864 2171 2118 2220 canones,
2143 2170 2375 2225 quorum
2399 2165 2589 2212 auctor
2616 2158 2850 2215 maxime
2881 2157 3186 2213 Honoratus
3210 2157 3238 2197 δ
3260 2157 3446 2212 Brevi-

1868 2247 2035 2304 tensis
2062 2247 2344 2318 episcopus
2364 2249 2593 2304 exstitit.

1935 2355 2206 2429 Vigesima
2235 2357 2410 2426 prima
2441 2356 2776 2416 Matiscensis
2799 2399 2814 2424 ,
2873 2358 2927 2413 in
2977 2373 3082 2428 qua
3113 2357 3300 2414 Patres
3343 2370 3438 2416 ιιι

1869 2456 2176 2504 statuerunt
2195 2462 2450 2514 canones,
2475 2463 2705 2518 quorum
2749 2459 2938 2506 auctor
2970 2449 3203 2504 maxime
3231 2440 3448 2504 Priscus

1866 2535 2240 2607 Lugdunensis
2275 2537 2558 2607 episcopus
2583 2539 2811 2594 exstitit.

1941 2637 1964 2666 ο
1999 2627 2269 2697 Vigesima
2297 2626 2532 2682 secunda
2559 2625 2688 2682 item
2727 2627 3082 2693 Matiscensis,
3111 2627 3166 2682 in
3213 2642 3317 2698 qua
3348 2626 3448 2682 Pa-

1873 2727 1983 2772 tres
2008 2733 2132 2772 LXIV
2157 2724 2464 2772 statuerunt
2487 2731 2742 2784 canones,
2761 2733 2989 2788 quorum
3005 2726 3194 2772 auctor
3216 2716 3450 2771 maxime

1872 2805 2000 2860 item
2027 2805 2246 2862 Priscus
2273 2806 2648 2877 Lugdunensis
2671 2809 2955 2878 episcopus
2991 2807 3217 2862 exstitit.

1943 2899 2214 2970 Vigesima
2265 2900 2425 2954 tertia
2459 2899 2866 2972 Lugdunensis,
2918 2901 2971 2956 in
2998 2917 3102 2972 qua
3145 2900 3335 2956 Patres
3359 2917 3452 2957 xiv

1873 2998 2174 3048 statuerunt
2199 3005 2452 3056 canones,
2479 3005 2707 3061 quorum
2747 3002 2938 3048 auctor
2984 2993 3218 3050 maxime
3247 2993 3450 3064 Philip-

1875 3097 1976 3152 pus
2000 3082 2320 3138 Viennensis
2338 3083 2623 3154 episcopus
2655 3084 2881 3140 exstitit.

1915 3173 1927 3184 ⁹
1949 3173 2219 3244 Vigesima
2251 3180 2443 3242 quarta
2468 3173 2597 3227 item
2622 3173 3014 3244 Lugdunensis,
3057 3174 3112 3229 in
3141 3189 3244 3244 qua
3265 3173 3455 3230 Patres

1879 3279 1950 3318 xx
1973 3271 2278 3320 statuerunt
2298 3278 2552 3328 canones,
2583 3277 2812 3332 quorum
2846 3272 3034 3319 auctor
3065 3263 3298 3318 maxime
3325 3262 3456 3320 item

1879 3354 2098 3410 Priscus
2117 3352 2495 3425 Lugdunensis
2516 3353 2802 3424 episcopus
2823 3354 3049 3410 exstitit.

1953 3499 1977 3529 ε
2019 3489 2217 3544 Deerat
2239 3487 2292 3542 in
2318 3487 2487 3557 priori
2527 3486 2780 3550 editione,
2803 3495 2859 3541 et
2896 3487 3100 3557 adjecta
3131 3495 3270 3542 este
3293 3485 3452 3542 codd.

1882 3559 2138 3630 Regio‘et
2181 3557 2457 3613 'l‘huaneo.
2503 3557 2686 3630 Monet
2734 3557 2988 3630 Baluaius
3040 3557 3458 3630 Adnotationem

1885 3625 2024 3684 hanc
2051 3625 2408 3698 fragmentum
2431 3642 2550 3698 esse
2569 3625 3076 3698 maioriseujusdam
3098 3627 3298 3698 operis,
3310 3626 3458 3697 quod

1886 3713 1916 3753 a
1941 3713 1999 3754 se
2021 3696 2348 3766 descriptum
2368 3705 2452 3753 est
2475 3713 2507 3752 e
2529 3696 2759 3752 laudatis
2781 3697 3056 3754 codicibus

208 3905 3444 3960 .———.————r———————-——————————————————a

1077 4009 1536 4072 ADMONITIO
1577 4009 1660 4071 IN
1721 4007 2178 4084 SEQUENTES
2221 4004 2608 4070 CANONES.

280 4147 568 4230 Antiquam
596 4161 862 4229 canonum
887 4145 1291 4230 collectionem,
1322 4146 1562 4230 libris§5
1583 4147 1635 4201 in
1656 4162 1781 4215 gra-
1810 4153 1864 4214 ι)
1883 4147 2150 4230 hendere,
2177 4148 2268 4217 qui
2305 4147 2400 4230 γει.
2417 4147 2634 4230 Acherii
2660 4147 2909 4230 fugerant
2952 4148 3159 4230 oculos,
3182 4149 3285 4230 vel,
3314 4153 3462 4230 quod

207 4221 344 4277 tiam
375 4216 784 4272 Hibernensium
815 4217 1012 4272 saeculo
1039 4226 1231 4272 octavo
1255 4216 1625 4286 compositam,
1659 4232 1783 4272 eum

207 4289 500 4360 reperisset
546 4296 730 4360 noster
753 4287 1019 4360 Acherius
1058 4288 1127 4360 in
1155 4285 1391 4360 duobus;
1407 4285 1786 4360 vetustissimis

206 4354 506 4422 codicibus,
537 4356 844 4412 Corbeiensi
879 4373 987 4414 uno
1013 4367 1068 4413 et
1097 4356 1384 4412 Parisiensi
1436 4355 1608 4410 sancti
1653 4354 1787 4410 Ger-

193 4429 357 4486 ‘mani
389 4427 579 4492 altero,
603 4443 670 4481 ne
681 4426 986 4482 communia
1011 4427 1210 4498 passim
1234 4426 1388 4498 obvia
1407 4425 1538 4498 viris
1563 4424 1788 4480 eruditis

210 4507 505 4570 regereret,
537 4507 696 4567 atque
720 4499 880 4552 etiam
912 4505 976 4570 ut
1016 4497 1237 4570 proprio
1283 4497 1452 4570 labori
1511 4504 1784 4570 parceret,

207 4565 369 4624 ex'ea
391 4565 864 4638 tantumlcanones
903 4565 1092 4638 selegit
1121 4565 1267 4638 illos“
1290 4565 1382 4636 qui
1420 4567 1477 4638 in
1528 4565 1784 4638 Hibernia

209 4637 510 4710 praesertim
531 4637 731 4692 conditi
761 4636 990 4710 fuerant,
1005 4636 1106 4694 nec
1126 4636 1394 4710 publicam
1419 4636 1599 4710 lucem
1611 4636 1795 4710 adhuc

213 4705 497 4765 siderant:
527 4721 663 4776 quos
681 4708 1018 4776 antiquitatis
1043 4705 1397 4776 etdisciplinte
1409 4705 1789 4776 ecclesiasticae

209 4777 472 4834 studiosis
499 4775 907 4848 haudquaquam
936 4778 1175 4848 ingratos
1205 4775 1256 4848 in
1280 4776 1601 4848 reipublicm
1647 4775 1790 4831 litte-

212 4849 372 4903 raris:
391 4847 758 4918 commodumg
778 4857 831 4902 et
857 4847 1140 4902 utilitatem
1199 4847 1493 4918 Spicilegii
1525 4847 1606 4902 sui
1643 4855 1790 4900 torno

214 4917 425 4987 vulgari
451 4916 678 4972 curavit.
719 4916 832 4987 Ego
863 4933 991 4972 vero
1024 4933 1146 4972 cum
1178 4916 1498 4987 Rotltomagi
1526 4917 1785 4987 existens,

215 4984 580 5057 bibliothecae,
606 4984 897 5056 Bigotiana:
939 4989 1333 5057 manuscriptos
1390 4984 1604 5042 codices
1644 4984 1790 5057 evol—

215 5071 421 5122 verem,
452 5057 550 5110 bos
570 5055 708 5111 inter
741 5057 1038 5126 elegantem
1062 5055 1226 5110 ununi
1249 5065 1373 5111 ante
1397 5071 1568 5110 annos
1591 5055 1792 5125 septin-

213 5135 408 5195 gentos
431 5133 732 5187 exaratum,
759 5125 1069 5195 prmdictam
1104 5127 1472 5182 collectionem
1513 5125 1794 5195 continen-

216 5194 328 5251 tem
358 5196 552 5266 reperi,
576 5196 666 5265 qui.
700 5194 1095 5251 FiScamnensis
1118 5197 1246 5251 olim
1275 5197 1586 5266 monasterii
1627 5194 1793 5266 fuisse

217 5265 480 5340 videtur._
502 5265 770 5340 Factaque
797 5266 962 5340 ipsius
985 5281 1106 5320 cum
1129 5266 1288 5340 editis
1319 5265 1636 5330 collatione,
1684 5265 1796 5320 ani-

219 5334 483 5392 madverti
503 5336 683 5404 plures
711 5334 832 5392 nec'
853 5337 1274 5392 contemnendos
1295 5351 1527 5392 canones
1552 5351 1797 5406 compre-

1928 4217 2220 4272 robabilius
2245 4223 2347 4288 est,
2386 4217 2439 4288 in
2469 4217 2640 4288 ipsius
2683 4217 2956 4274 codicibus
2995 4217 3459 4288 desiderabantur.

1928 4233 2220 4272 rooamnus
2245 4233 2347 4281 est,
2386 4233 2439 4271 m
2469 4233 2640 4288 IpSllls
2683 4233 2956 4274 coutcmus
2995 4233 3459 4274 desiderabantur.

1887 4233 2228 4356 auapropter
2275 4285 2500 4354 alicujus
2535 4301 2712 4356 operae
2761 4287 2991 4356 pretium
3022 4287 3355 4347 existimavi.
3414 4289 3461 4344 si

1890 4355 2126 4426 aliquem
2153 4355 2206 4410 in
2227 4356 2536 4426 bocﬁnostro
2564 4355 2956 4426 Anecdotorum
2984 4357 3260 4414 Thesauro
3284 4357 3464 4414 locum

1890 4427 1970 4482 eis
1992 4425 2306 4496 tribuerem.
2321 4425 2449 4480 Post
2474 4425 2747 4496 praefatam
2773 4443 3036 4482 canonum
3050 4427 3462 4483 Hibernensium

1893 4494 2345 4565 compilationem,
2374 4496 2428 4549 in
2471 4494 2657 4566 eodem
2706 4497 2890 4552 codice
2919 4496 3199 4566 Bigotiano
3249 4505 3466 4566 exstant

1894 4566 2272 4638 Fragmentum
2309 4565 2496 4638 synodi
2533 4567 2900 4638 lliliernensis,
2935 4565 3103 4638 Gild‘e
3129 4565 3372 4638 praefatio
3395 4567 3465 4622 de

1893 4636 2228 4708 paenitentia,
2258 4636 2492 4708 synodus
2515 4636 2846 4704 Aquilonalis
2870 4636 3175 4698 Britanniae,
3197 4637 3466 4708 alterasy-

1892 4705 2062 4762 nodus
2097 4705 2225 4760 Luci
2259 4705 2527 4769 Victorim,
2564 4715 2816 4776 excerpta
2848 4709 3088 4776 quaedam
3113 4723 3180 4762 ex
3207 4706 3346 4776 libro
3361 4705 3465 4764 os.-

1890 4777 2050 4848 yidis,
2089 4777 2326 4848 synodus
2359 4777 2503 4848 c_licta
2555 4775 2881 4844 Sapientia,’
2914 4785 3166 4848 excerpta
3213 4775 3281 4848 de
3311 4775 3468 4832 libris

1891 4844 2260 4904 Romanorum
2284 4854 2341 4900 et
2359 4844 2708 4910 Francorum,
2729 4861 2965 4901 cationes
2985 4844 3284 4900 Adomnani
3309 4885 3324 4909 ,
3375 4861 3466 4900 ca-

1892 4933 2064 4972 nones
2091 4917 2279 4988 synodi
2302 4915 2598 4979 llibernim,
2637 4931 2758 4970 cum
2797 4915 2946 4972 brevi
2989 4915 3170 4988 libello
3190 4915 3257 4970 de
3291 4931 3468 4988 reme-

1893 4988 1996 5042 diis
2033 4985 2402 5054 peccatorum,
2439 4993 2561 5039 octo
2595 4994 2873 5040 constante
2912 4985 3192 5054 cipitulis,
3237 5001 3300 5038 ex
3338 4985 3470 5040 seri.

1893 5004 1996 5042 (ms
2071 5004 2402 5046 eccatorum,
2439 5004 2561 5039 octo
2595 5004 2873 5040 consume
2912 5004 3192 5054 Clplllllls,
3237 5004 3300 5038 ex
3338 5004 3468 5040 scn-

1893 5058 2001 5126 plis
2025 5004 2292 5111 ⁸ἤὋάωῆ
2318 5069 2436 5123 qua:
2461 5055 2689 5108 necdum
2717 5055 2770 5108 in
2797 5055 2966 5110 lucem
2984 5055 3326 5126 prodierunt,
3353 5071 3468 5126 ma:

1891 5123 2040 5181 iima
2067 5141 2135 5180 ex
2181 5133 2332 5194 parte
2363 5133 2675 5194 compacto;
2733 5127 2928 5194 quibus
2979 5123 3032 5178 in
3077 5125 3326 5180 omnibus
3361 5123 3466 5180 etsi

1895 5193 2286 5250 subobscurum
2314 5193 2557 5264 nonnihil
2603 5193 2862 5264 reperias,
2883 5195 3024 5264 quod
3043 5194 3472 5251 Bibernensilms

1897 5265 2138 5320 innatum
2177 5263 2341 5322 fuisse
2391 5263 2624 5329 videtur,
2658 5263 2722 5319 ea
2753 5263 2934 5321 tamen
2969 5265 3037 5322 ab
3071 5265 3300 5322 eruditis
3337 5263 3472 5320 viris

1897 5337 2119 5391 minime
2139 5333 2438 5405 spernenda
2465 5348 2761 5404 speramus.
