3950 6308
467 387 474 395 -
526 355 655 412 l3“

1309 367 1576 425 ADEBOC
1613 371 1701 426 ET
1740 375 2239 437 ETHELV'OLFUS
2272 384 2582 441 ABBATES
2622 387 2915 448 HIBERNI.

3645 406 3784 463 i312

3018 545 3782 572 ξῆ-

1062 608 1890 743 ΟΑΝΟΝΕΞ
1979 625 3187 773 HIBERNENSES

1657 817 1966 877 ADDENDI.
2000 826 2224 882 EDITlS
2263 786 2638 893 SPfClLEGlI.

1565 945 1660 1006 [Ex
1688 949 1914 1012 Martem,
1939 953 2223 1010 Thesaurus
2244 965 2442 1029 anecd.,
2461 972 2582 1020 tom.
2607 971 2730 1036 lV.];

773 1172 932 1213 uano
971 1173 1019 1222 ι,
1076 1173 1205 1214 Ροετ
1243 1174 1414 1217 ωροτ-
1454 1178 1600 1229 xm,
1659 1183 1836 1223 anns:

3091 923 3128 960 δ

2111 1179 2162 1235 Α
2191 1189 2332 1241 rore,
2363 1189 2518 1250 nepte
2553 1192 2763 1242 tantum
2787 1189 2986 1256 vivant,
3015 1196 3085 1251 de
3109 1201 3311 1268 quibus
3335 1207 3603 1266 omnibus
3627 1216 3780 1272 nefas

582 1269 875 1341 Episcopus
925 1287 1032 1327 non
1093 1280 1248 1326 exeat
1299 1274 1367 1329 ad
1423 1275 1582 1331 aliam
1622 1283 1964 1348 parochiam,
2029 1295 2091 1341 et.
2186 1267 2504 1362 “fumum
2539 1287 2702 1341 quam
2727 1287 2916 1335 natura
2938 1287 3213 1342 οοηειίῑυίι
3241 1295 3548 1362 suspicari-

509 1376 659 1415 suam
697 1362 984 1430 relinquat,
1009 1361 1114 1417 nisi
1151 1363 1441 1424 multorum
1467 1367 1837 1438 episcoporum
1854 1373 2080 1445 judicio,
2253 1361 2492 1416 Clericus
2535 1365 2887 1438 maledicum.
2947 1378 3180 1478 maxime
3231 1382 3287 1435 in
3347 1391 3768 1488 sacerdotibus,

509 1460 562 1506 et
587 1453 818 1506 maxime
847 1452 1232 1521 supplicatione
1255 1456 1501 1524 ρετηοίθι
2080 1514 2098 1530 ν
2183 1455 2406 1515 cogatur
2437 1452 2504 1506 ad
2556 1457 2928 1522 postulandam
2976 1481 3226 1524 veniam:
3267 1475 3312 1527 si
3356 1477 3635 1537 noluerit.
3683 1481 3768 1537 de-

2257 1512 2276 1515 ν
2556 1512 2573 1522 ⁸
2814 1512 2928 1516 .----ν
2988 1512 2997 1518 -
3014 1512 3186 1523 ν-----ι
3210 1512 3226 1524 ο
3267 1512 3312 1527 υ.
3356 1512 3551 1531 ιιυιιιυι
3565 1512 3606 1532 ιι
3619 1522 3635 1544 ’

2080 1514 2098 1530 Ὁ

507 1460 562 1506 et
587 1453 818 1506 maxime
847 1452 1232 1521 supplicatione
1255 1456 1501 1524 perﬁciat

768 1557 925 1596 LIBRO
965 1557 1034 1605 ll,
1071 1558 1204 1596 P057
1235 1559 1406 1600 CAPUT
1445 1562 1590 1612 XX",
1631 1565 1814 1605 ΑΜΒ-τ

575 1629 820 1699 Synodus
854 1631 1156 1687 Fcrvensis.
1183 1633 1329 1689 Dona
1353 1637 1658 1706 iniquorum
1685 1682 1701 1708 ,
1747 1659 1867 1712 qua:
1893 1662 2081 1716 mpm-

501 1717 702 1772 bantur
737 1735 768 1773 a
797 1720 924 1784 Deo,
959 1723 1314 1790 reprobantur
1338 1741 1367 1780 a
1398 1730 1620 1785 sanctis.

571 1806 702 1861 Item
745 1810 999 1877 synodus.
1027 1812 1226 1866 Eorum
1251 1817 1342 1884 qui
1369 1832 1629 1888 pauperes
1652 1834 1903 1893 premunt
1937 1830 2074 1886 dona

501 1910 532 1949 a
561 1895 841 1952 sacerdote
865 1899 1142 1956 refutanda
1165 1913 1309 1959 sunt.

557 2022 685 2061 POS'I'
723 2023 984 2064 οΑΡιτυιΑ
1019 2028 1167 2068 LIBRI
1203 2031 1388 2071 TERTH
1425 2035 1592 2086 ADDE,
1632 2039 1702 2078 IX
1740 2043 1896 2085 ιῐωιο
1936 2045 2011 2086 IX.

795 2119 872 2173 De
901 2122 1220 2180 multimodis
1249 2131 1421 2184 causis
1447 2131 1773 2191 clericorum.

566 2227 803 2284 Clericus
828 2231 1214 2299 professionem
1245 2255 1397 2294 suam
1451 2243 1611 2298 etiam
1639 2246 1826 2302 habitu
1876 2258 1937 2304 et
1979 2268 2072 2308 ac-

560 2588 800 2646 Clericus
825 2609 922 2664 per
947 2596 1151 2664 plateas
1175 2608 1228 2654 et
1266 2614 1290 2642 ει
1322 2608 1591 2664 andronas
1615 2651 1630 2674 ,
1683 2624 1830 2670 certa
1860 2625 1914 2671 et
1951 2635 2064 2674 ma-

489 2956 773 3020 praeparet.

555 3043 794 3100 Clericus
819 3048 910 3116 qui
952 3066 1057 3105 non
1107 3068 1203 3122 pro
1234 3061 1459 3115 emendo
1485 3063 1684 3134 aliquid
1715 3069 1768 3124 in
1806 3075 2059 3132 nundinis

486 3133 567 3188 vel
600 3135 653 3188 in
691 3135 808 3192 foro
837 3139 1160 3207 deambulat,
1188 3148 1256 3201 ab
1276 3149 1454 3205 ofﬁcio
1479 3133 1587 3209 suo,
1611 3157 1947 3229 degradetur.

553 3222 792 3281 Clericus
847 3229 1090 3288 invidens
1126 3232 1354 3292 fratrum
1389 3243 1750 3318 profectibus,
1797 3253 1965 3312 donec
2001 3259 2058 3312 in

485 3315 590 3369 hoc
613 3317 745 3372 vitio
782 3328 882 3383 est,
914 3323 1256 3392 degradctur.

553 3404 795 3463 Clericus
821 3413 1061 3469 scurrilis
1099 3423 1154 3470 et
1183 3420 1361 3476 verbis
1389 3426 1634 3496 turpibus
1683 3429 1940 3500 joeularis
1964 3439 2057 3496 de-

479 3497 751 3564 gradetur.

549 3585 788 3643 Clericus
826 3591 968 3646 inter
995 3597 1319 3656 tentationes
1359 3604 1540 3662 ofﬁcio
1589 3624 1688 3666 suo
1740 3629 2053 3676 Incumbens

477 3675 732 3742 gradibus
755 3680 1145 3740 sublimandus.

545 3763 784 3822 Clericus
825 3770 962 3826 inter
989 3778 1174 3844 epulas
1238 3792 1461 3840 cantans
1483 3826 1497 3850 ,
1560 3787 1716 3844 ﬁdem
1747 3809 1852 3846 non
1881 3797 2050 3851 mdiﬁ-

477 3871 626 3920 cans,
656 3863 750 3914 sed
778 3865 997 3920 auribus
1029 3879 1235 3925 tantum
1267 3877 1532 3944 pruriens,
1561 3887 1928 3941 excommunis
1954 3891 2043 3944 sit.
2072 3873 2120 3936 (ἶ

545 3947 784 4006 Clericus
831 3955 922 4022 qui
979 3957 1236 4014 indictum
1286 3962 1546 4032 jejunium
1596 3974 1794 4041 rumpit
1845 3978 2047 4048 absque

470 4038 762 4095 inevitabili
789 4047 1124 4114 necessitate,
1165 4051 1324 4106 vilior
1348 4055 1624 4114 habendus
1659 4038 1759 4116 est.

539 4127 780 4185 Clericus
808 4133 1182 4194 lizereticorum
1209 4149 1263 4196 et
1285 4143 1751 4206 schismaticorum
1777 4159 1890 4210 tam
1915 4171 2044 4212 con-

465 4217 608 4272 vivia
647 4236 807 4288 quam
836 4225 1203 4287 solemnitatcs
1224 4236 1502 4304 aequaliter
1532 4241 1686 4297 vitet.

536 4307 795 4374 Clericus,
823 4318 1067 4381 quamvis
1099 4324 1341 4381 eruditus
1368 4330 1534 4387 verbo
1558 4332 1673 4401 Dei,
1701 4335 1901 4393 victum
1937 4340 2038 4397 sibi

463 4411 529 4454 ex
567 4400 798 4458 artiﬁcio
830 4420 928 4460 suo
965 4421 1188 4477 quaerat.

531 4489 786 4557 Clericus,
821 4497 911 4564 qui
935 4499 1167 4572 episcopi
1212 4505 1603 4568 districtionem
1642 4517 1787 4572 circa
1808 4534 1867 4574 se
1902 4519 2040 4590 inju-

459 4588 598 4635 stam
627 4592 800 4653 putat,
831 4598 1077 4647 recurrat
1101 4595 1168 4649 ad
1195 4602 1480 4669 synodum.

527 4671 768 4730 Clericus
803 4694 908 4734 non
934 4687 1249 4742 conceditur
1279 4704 1508 4750 mortem
1531 4697 1761 4767 alicujus
1783 4717 2032 4772 poscere,

455 4768 508 4816 et
532 4778 816 4822 concessas
880 4785 910 4823 a
964 4772 1073 4828 Deo
1108 4787 1402 4844 potestates
1437 4787 1505 4841 ad
1549 4768 1840 4844 vindictam
1871 4768 2038 4849 malo-

455 4866 594 4918 rum,
625 4855 787 4910 etiam
814 4869 936 4927 post
971 4863 1309 4933 baptismatis
1355 4888 1410 4926 n.
1457 4875 1713 4932 debemus
1742 4883 2035 4948 reprehen-

446 4943 595 5007 dere,
639 4961 706 5001 ne
733 4947 943 5004 Domini
992 4964 1086 5008 aut
1121 4958 1456 5028 disciplinam
1508 4977 2036 5032 averterc,antcon-'

450 5041 535 5087 tra
562 5041 938 5096 auctoritatem
959 5045 1170 5102 Domini
1198 5053 1381 5107 venire
1405 5055 1700 5111 videamur.
1731 5060 1828 5115 llis
1853 5073 2033 5121 autem

449 5129 805 5193 potestatibus
841 5134 1021 5188 omnia
1051 5147 1200 5204 gesta
1232 5141 1285 5194 in
1314 5144 1522 5200 ratione
1555 5149 1822 5206 reddenda
1851 5169 2033 5210 serva-

448 5217 668 5271 buntur.
711 5220 846 5275 Dum
883 5234 1060 5280 autem
1106 5228 1282 5300 legum
1319 5235 1372 5286 in
1415 5235 1684 5305 improbos
1734 5248 2028 5303 auctoritas
2059 5214 2108 5276 υ

447 5316 750 5374 exercetur,
775 5311 948 5368 dictor
985 5319 1173 5373 mortis
1199 5337 1384 5376 eorum
1407 5325 1511 5380 erit
1541 5327 1813 5387 immunis.

515 5397 707 5454 Clerici
733 5407 1079 5476 energumeni
1109 5411 1486 5481 degradentur.

513 5488 705 5547 Clerici
758 5493 1132 5565 frequentandi
1161 5510 1446 5559 extraneas
1499 5507 1750 5565 mulieres
1782 5529 1887 5567 non
1931 5515 2028 5568 ha-

443 5577 604 5635 beant
632 5594 971 5654 potestatem,
1005 5590 1098 5645 sed
1120 5607 1240 5646 cum
1281 5602 1470 5660 matre,
1496 5597 1579 5652 vel
1612 5599 1719 5654 thia
1762 5602 1898 5667 ﬁlia,
1938 5621 2024 5660 so-

2253 1355 2492 1416 Clerieus
2535 1365 2887 1438 maledictus,
2947 1378 3180 1433 maxime
3231 1382 3287 1435 in
3347 1391 3778 1457 sacerdotibus,

2181 1538 2431 1602 gradetur

2250 1625 2505 1685 Clericus.
2527 1632 2668 1688 inter
2693 1641 3015 1698 tentationes
3043 1646 3109 1700 ab
3137 1648 3316 1705 ofﬁcio
3365 1668 3470 1708 suo
3498 1657 3778 1716 declinans

2178 1716 2273 1769 vel.
2308 1719 2660 1790 negligentius
2698 1743 2862 1798 agens
2909 1733 2978 1786 ab
3029 1734 3207 1793 ofﬁcio
3252 1757 3356 1797 suo
3406 1751 3770 1808 removendus

2175 1814 2260 1859 est
2376 1829 2378 1831 ‘

2245 1894 2484 1954 Clericus
2497 1898 2688 1968 jurans
2709 1915 3258 1975 excommunicandus
3288 1931 3401 1977 est.

2243 1987 2481 2047 Clericus
2527 2009 2635 2050 non
2671 2013 2880 2056 comam
2935 2007 3160 2074 nutriat,
3191 2026 3293 2066 nec
3340 2014 3584 2071 barbam
3607 2058 3622 2086 ,
3671 2021 3767 2079 led.

2174 2081 2348 2134 radat.

2239 2171 2476 2229 Clericus
2495 2179 2767 2246 propriam
2799 2185 3080 2243 ecclesiam
3103 2206 3210 2246 non
3238 2193 3528 2266 relinquat

2240 2262 2480 2320 Clericus
2500 2285 2689 2325 usuras
2716 2289 2821 2328 non
2854 2279 3114 2346 accipiat,
3169 2292 3224 2338 et
3250 2262 3602 2360 turpiioquia
3657 2311 3770 2351 non

2229 2361 2421 2408 ctetur.
2451 2355 2507 2410 Si
2537 2361 2656 2426 quis
2688 2362 2934 2421 inventus
2968 2367 3127 2425 fuerit
3155 2355 3361 2444 aliquid
3393 2355 3507 2436 tale
3544 2389 3748 2454 exagi-

2170 2450 2308 2510 tans,
2337 2445 2626 2515 abjiciatur
2649 2468 2680 2505 a
2707 2453 2886 2510 clero-

2093 2525 2139 2584 B
2234 2535 2473 2594 Clericus
2508 2543 2599 2610 qui
2643 2550 2953 2603 convenerit
2979 2566 3076 2621 per
3103 2555 3442 2616 discordiam
3473 2565 3713 2635 aliquam
3732 2610 3758 2628 ν

2167 2625 2256 2679 vel
2280 2632 2630 2696 approbatum
2672 2634 2833 2691 fuerit
2860 2642 2950 2695 uni
2977 2658 3040 2697 ex
3081 2646 3165 2700 his
3186 2664 3417 2708 vocasse
3448 2625 3664 2712 hoStem

2163 2715 2612 2790 interﬁciendum,
2638 2727 2719 2780 vel
2771 2728 3018 2798 injuriam
3055 2733 3384 2808 faciendam,
3431 2745 3758 2804 homicidam.

2161 2902 2410 2957 omnibus
2436 2906 2597 2962 rectis
2628 2910 2890 2966 habeatur
2911 2915 3138 2972 alienus.

2231 2993 2470 3052 Clericus
2487 3015 2594 3054 non
2621 3014 2833 3070 oportet
2864 3023 3054 3066 usuras
3073 3014 3321 3082 accipere
3345 3057 3361 3079 ,
3422 3021 3554 3087 quia
3607 3038 3750 3076 man.

2158 3080 2362 3137 sionem
2394 3086 2668 3144 caelestem
2691 3108 2796 3148 non
2819 3097 3113 3165 possidebit
3142 3102 3234 3170 qui
3263 3108 3580 3162 oecuniam,
3600 3126 3763 3165 suam.

2163 3169 2303 3227 dedit
2327 3174 2392 3230 ad
2427 3192 2669 3233 usuram.

2404 3300 2560 3347 uano
2597 3311 2716 3360 ενι,
2754 3313 2882 3355 rosr
2922 3315 3090 3359 CAPUT
3130 3322 3258 3373 xm,
3303 3325 3448 3365 Αυνε
3479 3330 3494 3364 :

2225 3374 2355 3433 CAP.
2395 3396 2504 3435 xw.
2533 3413 2603 3424 —-
2631 3385 2708 3440 De
2744 3392 3038 3448 testimonio
3062 3398 3157 3450 vivi
3191 3415 3350 3471 super
3375 3416 3676 3462 mortua.

2226 3469 2426 3528 Sancta
2471 3481 2705 3547 synodus
2735 3484 2846 3537 ait:
2873 3484 3026 3552 Quod
3070 3469 3492 3552 testiﬁeaverint
3511 3502 3622 3555 vivi
3653 3520 3738 3558 su-

2151 3574 2249 3629 per
2284 3571 2660 3634 mortuuin,ab
2695 3571 2999 3633 haeredibus
3036 3579 3220 3649 detur,
3264 3600 3336 3640 ne
3369 3587 3428 3641 in
3457 3603 3744 3658 peccatum

2152 3651 2247 3707 ﬁat
2271 3665 2502 3715 mortuo.

2151 3743 2280 3800 Car.
2312 3752 2601 3807 ιιι-θα
2615 3772 2674 3809 eo
2700 3759 2840 3828 quod
2854 3777 2972 3816 cum
2998 3763 3233 3834 pluribus
3243 3767 3624 3838 juramentum
3650 3778 3736 3830 sit.

2223 3835 2472 3906 Synodus
2518 3843 2862 3906 Consulensis
2895 3854 3008 3908 ait:
3038 3856 3115 3912 De
3165 3835 3256 3914 his.
3297 3862 3394 3929 qui
3431 3870 3739 3922 contentio-

2149 3943 2273 3982 nem
2296 3928 2496 3987 l‘aciunt
2525 3950 2840 4010 quacunque
2863 3959 2931 3998 ex
2974 3960 3153 4011 causa,
3183 3950 3229 4004 si
3255 3951 3398 4008 alter
3425 3970 3552 4010 cum
3601 3969 3731 4014 tesu:

2148 4031 2254 4073 uno
2283 4027 2374 4073 aut
2411 4021 2657 4092 pluribus
2688 4029 2932 4098 testibus,
2993 4043 3048 4090 et
3089 4037 3227 4092 alter
3269 4041 3390 4097 sine
3437 4053 3612 4112 teste,
3648 4047 3730 4115 jn-

2146 4123 2447 4170 ramentum
2473 4135 2594 4174 cum
2633 4124 2877 4191 pluribus
2899 4143 3019 4185 esse
3039 4131 3214 4187 debet.

2471 4243 2627 4285 ΜΒηο
2653 4247 2784 4298 XVII,
2814 4251 2942 4292 POST
2973 4255 3090 4294 CAP.
3127 4256 3181 4308 ν,
3213 4257 3353 4298 Δυυιζ
3383 4263 3396 4298 ε

2141 4327 2270 4385 Car.
2294 4348 2445 4387 ν1.-
2464 4335 2541 4390 De
2561 4339 2642 4392 his
2659 4342 2748 4410 qui
2770 4343 3068 4400 submutant
3104 4349 3426 4406 oblationem
3450 4355 3726 4413 defuncto-

2861 4431 2997 4468 rum.

2213 4489 2462 4561 Synodus
2491 4497 2733 4555 Vatensns
2762 4501 2837 4554 ait
2880 4518 2895 4557 :
2940 4503 3040 4570 Qui
3085 4507 3388 4567 oblationes
3430 4513 3720 4573 defuncto-

2140 4594 2261 4634 rum
2287 4582 2522 4639 ﬁdelium
2557 4587 2814 4657 detinent,
2874 4603 2968 4648 aut
2996 4597 3202 4653 tardius
3229 4601 3493 4668 reddunt,
3550 4617 3614 4660 ut
3643 4608 3724 4662 in-

2139 4668 2325 4727 ﬁdeles
2352 4674 2420 4729 ab
2443 4676 2666 4732 ecclesia
2691 4681 2974 4750 abjiciendi
3003 4696 3151 4742 sunt.
3196 4690 3360 4749 Tales
3387 4697 3541 4750 eni
3565 4701 3716 4768 quasi

2136 4763 2407 4828 egentium
2430 4775 2766 4825 mortuorum
2786 4785 3086 4842 necatores,
3131 4796 3234 4836 nec
3261 4786 3554 4851 credentes
3574 4789 3716 4857 judi-

2133 4849 2278 4905 cium
2315 4853 2407 4909 Dei
2461 4855 2690 4915 babendi
2735 4873 2882 4928 sunt,
2927 4883 3034 4922 una
3066 4879 3280 4939 patrum
3334 4849 3614 4935 sententia
3659 4883 3714 4936 in

2135 4938 2238 4994 hoc
2279 4956 2624 5015 congruente,
2677 4966 2799 5020 quae
2823 4955 3026 5013 ait:ab
3049 4961 3225 5017 amico
3278 4967 3562 5037 quippiam
3603 4983 3714 5027 tra-

2135 5031 2266 5087 here
2291 5033 2490 5090 furtum
2537 5050 2638 5105 est,
2687 5041 2986 5101 Ecclesiam
3034 5049 3130 5104 Dei
3191 5031 3448 5113 fraudare
3496 5063 3712 5117 sacrile-

2137 5124 2282 5194 gium
2311 5135 2412 5181 est.

2679 5238 2839 5280 LIBRO
2857 5241 2950 5281 ιιι
2985 5243 3120 5284 Αυνε

2235 5313 2364 5370 Car.
2398 5331 2450 5369 Χ.
2485 5349 2556 5357 -
2583 5319 2661 5374 De
2683 5337 2742 5375 eo
2766 5325 2906 5394 quod
2936 5343 3040 5381 una
3062 5334 3319 5387 sententia
3349 5336 3612 5392 habenda.

2204 5422 2454 5493 Synodus
2483 5427 2612 5483 dicit
2643 5448 2655 5483 :
2689 5431 2744 5486 Si
2772 5436 2895 5504 quis
2925 5447 3103 5493 autem
3127 5443 3291 5497 audet
3316 5447 3568 5504 scindere
3586 5449 3706 5504 uni-

2130 5519 2315 5578 tatem,
2343 5517 2468 5583 quia
2495 5533 2654 5575 nemo
2670 5523 2946 5581 hominum
2971 5528 3179 5585 solvere
3202 5532 3285 5588 vel
3307 5538 3703 5607 reprehendere

2126 5611 2329 5671 potest,
2359 5607 2644 5664 anathema
2667 5611 2759 5666 sit.

510 5727 534 5754 α
574 5714 824 5775 Androna
853 5730 929 5776 cst
966 5724 1253 5792 compitum
1285 5766 1299 5792 ,
1354 5743 1445 5784 seu
1489 5730 1636 5789 locus
1672 5735 1758 5790 ubi
1794 5737 1891 5792 \iri
1933 5737 2158 5794 invicem
2198 5740 2628 5801 confabulantur.
2666 5746 2796 5804 Vide
2826 5748 3010 5822 Cangii
3042 5753 3392 5814 Glossarium.
