3950 6308
151 325 293 384 13B
1354 339 1673 399 CANONES
1706 344 2200 410 HIBERNENSES.

155 443 276 496 Cir.
306 439 578 497 xum—De
602 445 1220 586 quotus;
1247 451 1417 504 modis
1442 454 1719 522 repreltett-
1742 460 1795 519 Α
1819 466 2001 586 isit'rIuLn'
2044 465 2340 539 principem
2377 485 2553 540 suum,
2593 478 2679 533 cui
2716 481 2935 539 assistat
2983 501 3048 542 ac
3101 490 3389 562 ministrat,

134 656 135 659 η
221 597 467 669 Synodus
486 598 645 656 dicit:
666 599 910 668 Quatuor
934 604 1386 674 modisjudicium
1419 610 1719 668 humanum

154 689 500 756 pervertitur;
552 690 765 758 timore,
815 693 1145 763 cupiditate,
1189 697 1350 763 odio,
1404 710 1461 756 et
1506 717 1715 759 amore.

154 772 363 833 Timore
390 787 591 846 autem,
618 796 741 835 cum
770 790 915 837 metu
940 783 1219 852 cujusdam
1252 791 1538 857 potestatis
1566 792 1715 846 veri-

138 879 316 926 tatem
338 869 483 940 loqui
514 872 881 940 Apavescimus.
928 873 1259 944 Cupiditate,
1309 878 1436 934 dum
1466 872 1719 950 praemio

154 960 388 1016 muneris
420 958 648 1030 alicujus
697 964 1113 1033 corrumpimur.
1168 965 1322 1038 Saepe
1367 970 1514 1026 enim
1568 973 1718 1029 dives

134 1053 257 1109 'cito
295 1054 609 1109 muneribus
647 1056 947 1125 corrumpit
967 1055 1216 1126 judicem
1250 1074 1500 1130 :pauper
1533 1072 1717 1119 autem

149 1144 271 1199 dum
299 1159 404 1200 non
428 1144 590 1200 habet
616 1146 760 1215 quod
784 1145 995 1213 oll'erat,
1047 1163 1158 1204 non
1187 1150 1359 1206 solum
1385 1153 1558 1208 audiri
1588 1170 1718 1211 eon-

144 1235 420 1302 temnitur,
481 1236 575 1291 sed
596 1245 786 1291 contra
823 1239 1108 1293 veritatem
1154 1242 1498 1311 opprimitur.
1554 1243 1713 1311 Odio,

149 1324 272 1379 dum
292 1333 478 1380 contra
506 1322 802 1395 quemlibet
830 1326 1142 1383 adversaria
1168 1330 1440 1387 molimur.
1486 1333 1711 1403 Amore,

146 1417 272 1474 dum
299 1418 474 1474 amico
498 1419 584 1474 vel
602 1421 916 1491 propinquis
934 1423 1257 1480 beneﬁcium
1289 1428 1553 1498 praestare
1582 1446 1717 1487 con-

144 1506 279 1562 tenti
316 1523 521 1563 sumus.
569 1509 664 1565 llis
692 1520 870 1567 autem
898 1521 1131 1582 quatuor
1157 1518 1337 1573 causis
1366 1535 1507 1589 smpe
1536 1523 1706 1591 aequi-

140 1604 232 1653 tas
271 1598 519 1666 violatur,
574 1607 630 1655 et
672 1616 813 1671 saepe
852 1601 1161 1660 innocentia
1214 1606 1447 1662 laeditur.
1494 1609 1713 1666 Addunt

138 1684 361 1758 quidam
382 1689 547 1746 alium
582 1691 823 1760 modum,
848 1694 1309 1764 adulationem.—
1326 1701 1661 1773 Augustinus
1689 1722 1704 1759 :

134 1779 333 1836 melius
359 1789 444 1838 est
470 1798 569 1854 pro
589 1784 819 1841 veritate
837 1786 1178 1858 supplicium,
1223 1805 1384 1862 quam
1408 1808 1507 1864 pro
1531 1795 1715 1851 adula-
1743 1801 1792 1864 Β

142 1869 289 1925 tione
317 1871 660 1929 beneficium.

1860 638 1989 695 Car.
2016 672 2089 682 —
2110 658 2263 702 xvm.
2313 648 2391 705 De
2410 656 2795 779 colntrat‘l‘icente
2824 663 3059 732 principi
3078 669 3344 727 ordinanti

2499 740 2601 778 iere
2639 743 2739 779 em.

2499 740 2739 782 (credent.

1888 775 2133 898 Synodus
2167 802 2313 898 z-Qui
2340 775 2739 885 contradixerit
2778 818 2997 877 decreto
3038 824 3306 898 principis
3333 830 3387 885 in

1815 884 2080 987 hmmdem
2113 884 2429 960 ordinando,
2460 915 2568 956 non
2602 912 2688 959 est
2706 884 3065 979 Christianus:
3100 916 3197 971 sed
3474 908 3483 913 ’

1816 983 1979 1032 licus.

2121 1066 2279 1109 uano
2300 1070 2409 1121 xu,
2443 1074 2572 1116 rosr
2606 1079 2726 1120 car.
2767 1081 2887 1133 για,
2925 1085 3065 1125 anna

1814 1134 1943 1191 Cur.
1966 1152 2022 1191 ι.
2046 1169 2116 1179 -
2144 1141 2222 1196 De
2240 1160 2300 1197 eo
2322 1148 2677 1222 quodilt'queat
2700 1154 2951 1213 Ecclesia
2975 1176 3180 1216 sumere
3202 1162 3384 1222 danda

2342 1216 2565 1273 hostium
2591 1225 2787 1279 omnia.

1885 1295 2136 1369 Synodus
2165 1301 2321 1394 :‘_Non
2343 1305 2582 1365 Ecclesia
2602 1326 2866 1383 qumrere,
2887 1325 2943 1371 et
2961 1318 3084 1374 data
3106 1337 3380 1394 respuere.

1814 1384 1943 1442 Cu.
1974 1404 2160 1444 xw.-—
2182 1391 2262 1447 De
2284 1399 2512 1470 eoquod
2549 1417 2653 1456 non
2677 1406 3045 1462 comedendum
3075 1384 3235 1470 neque
3258 1414 3383 1469 dor-

2289 1466 2552 1522 miendum
2570 1471 2625 1524 in
2649 1472 2884 1529 ecclesia.

1885 1550 2134 1623 Synodus
2160 1573 2173 1608 :
2202 1554 2320 1612 Non
2357 1569 2569 1629 oportet
2609 1563 2751 1619 intra
2788 1567 3007 1624 domum
3054 1571 3150 1628 Det
3197 1576 3378 1632 cibum

1812 1644 2085 1699 carnalem
2108 1649 2408 1717 comedere,
2429 1667 2529 1708 nec
2549 1656 2824 1714 accubitos
2851 1659 2918 1715 ad
2940 1661 3378 1722 dormitationem

138 1957 270 2017 Car.
314 1977 408 2018 xx.
446 1994 520 2005 —
546 1963 626 2021 De
655 1965 856 2035 iudicio
890 1968 1142 2025 bonorum
1181 1971 1421 2035 iudicum
1456 1993 1561 2032 non
1598 1993 1713 2034 mo-

863 2039 1049 2093 vendo.

209 2118 460 2191 Synodus
487 2122 765 2181 Laudatize
794 2144 808 2181 :
835 2125 1112 2185 Iudicibus
1149 2141 1330 2190 autem
1381 2150 1519 2206 quos
1563 2154 1713 2194 com-

130 2210 320 2267 munis
372 2227 667 2272 consensus
691 2216 932 2289 elegerit,
985 2236 1092 2277 non
1123 2222 1285 2280 liceat
1313 2226 1546 2296 aliquem
1578 2229 1708 2284 irri-

121 2309 253 2356 ‘tnm
278 2318 619 2373 provocasse,
645 2309 826 2365 nullus
849 2311 899 2366 ei
932 2314 1311 2386 episcoporum
1328 2321 1708 2381 communicet.

132 2394 311 2452 donec
355 2397 695 2471 obtemperet
714 2400 1009 2471 iudicibus.

406 2483 549 2546 cn».
574 2508 724 2549 xm.
749 2526 822 2537 —
844 2496 919 2553 De
940 2501 1139 2571 synodo
1160 2502 1431 2562 Brenensi.

205 2578 417 2636 Nemini
446 2581 769 2640 clericorum
792 2586 991 2645 auferri
1026 2592 1185 2648 debet
1208 2593 1361 2663 locus
1395 2612 1556 2667 quem
1581 2600 1710 2655 anni

124 2670 769 2742 circuloinhabitaverit,
802 2691 964 2749 super
992 2697 1152 2752 quem
1187 2685 1501 2753 ecclesiam,
1532 2689 1586 2744 id
1616 2689 1712 2745 do-

129 2774 287 2813 mum
308 2775 463 2816 suam
499 2762 881 2822 :edilicaverat.
947 2768 1053 2826 Sed
1086 2779 1145 2826 ut
1178 2776 1447 2844 possessio
1494 2777 1710 2836 levitica

127 2847 324 2903 dedica
360 2849 462 2905 sibi
484 2852 674 2921 procul
702 2855 865 2912 dubio
899 2857 1162 2916 habeatur
1186 2863 1535 2934 sempiterna.

203 2938 263 2992 In
310 2940 413 2996 hac
440 2942 645 3013 synodo
658 2942 959 3014 iudicatum
988 2958 1072 3006 est
1105 2965 1122 3006 :
1148 2952 1206 3008 In
1232 2969 1555 3027 quocunque
1582 2958 1705 3015 loco

127 3032 392 3088 sacerdos
436 3035 782 3094 mdiiicaverit
824 3038 1110 3099 ecelesiam
1161 3061 1335 3115 suam,
1383 3048 1437 3104 id
1488 3051 1707 3108 domum

2249 2026 2409 2069 LIBRO
2436 2030 2486 2078 L,
2534 2032 2670 2072 ADDE
2712 2033 2833 2074 CAP.
2874 2037 2951 2075 νι.

1807 2093 1944 2153 Car.
1968 2112 2045 2154 vr.
2075 2129 2146 2140 —
2167 2100 2246 2157 De
2283 2110 2788 2166 excommunicandis
2809 2114 3010 2169 clericis
3028 2117 3118 2171 aui
3143 2133 3246 2171 non
3269 2126 3382 2171 ton-

2231 2185 2484 2229 curantur
2519 2177 2758 2235 Romano
2793 2200 2938 2237 more

1881 2257 2145 2319 Patricius
2193 2264 2305 2319 ait:
2332 2265 2649 2340 Quicunque
2696 2274 2927 2330 clericus
2995 2279 3066 2331 ab
3115 2281 3377 2347 hostiario

1812 2363 1984 2419 usque
2008 2351 2077 2407 ad
2103 2356 2436 2413 sawrdotem
2467 2358 2583 2415 sine
2602 2362 2783 2418 tunica
2813 2363 3055 2424 femomli
3091 2373 3238 2431 visus
3262 2376 3379 2434 fue-

1812 2437 1902 2501 rit,
1925 2454 2045 2508 qua:
2064 2443 2447 2512 turpitudinem
2466 2451 2668 2505 ventris
2679 2468 2785 2507 non
2812 2464 2955 2525 tegat
2973 2466 3027 2512 et
3048 2463 3342 2522 nuditatem
3361 2486 3378 2534 ;

1809 2529 1935 2584 etsi
1963 2546 2071 2585 non
2130 2548 2282 2589 more
2322 2535 2571 2595 Romano
2604 2550 2804 2620 tonsus
2840 2543 3022 2612 fuerit,
3081 2559 3135 2604 et
3164 2569 3300 2609 uxor
3329 2529 3379 2613 si

1811 2631 1918 2673 non
1944 2620 2120 2678 velato
2141 2624 2318 2693 capite
2343 2627 2716 2696 ambulaverit,
2739 2636 2943 2703 pariter
2955 2638 3383 2704 condemnabun-

1813 2714 1918 2772 tur,
1948 2719 2003 2765 et
2028 2711 2096 2766 ab
2127 2711 2367 2770 Ecclesia
2396 2720 2788 2775 senarabuntur
2809 2722 3076 2794 (Synodus
3114 2728 3174 2785 S.
3202 2731 3383 2791 Patri--

1810 2797 1898 2860 cii,
1930 2807 2032 2851 art.
2075 2799 2155 2871 6).

1810 2885 1832 2957 (
1853 2884 2019 2958 Caput
2037 2905 2153 2944 vero
2172 2906 2225 2945 γι
2251 2901 2326 2947 est
2354 2893 2410 2947 in
2442 2895 2618 2951 codice
2644 2909 2821 2955 nostra
2845 2919 2941 2965 vn.
2965 2915 3014 2959 et
3039 2923 3112 2962 vn
3136 2920 3210 2965 est
3233 2913 3379 2988 vm.)

2097 2996 2255 3036 uano
2286 2998 2430 3049 thv,
2458 2999 2576 3039 cur.
2607 3003 2659 3053 v,
2704 3005 2795 3045 l’l‘A
2816 2996 3047 3049 LEGI'l'UB
3074 3015 3088 3051 :

1933 3067 2063 3124 Car.
2090 3086 2143 3124 ν.
2184 3102 2255 3113 -—
2291 3073 2369 3127 De
2393 3086 2619 3145 quatuor
2642 3082 2973 3149 petitionibus
3006 3085 3248 3147 Patricii.

2106 3122 2141 3124 __
2292 3122 2362 3127 _-
2431 3122 2605 3131 πη-.
2676 3122 2972 3140 ......,...υ...
3006 3122 3029 3140 ι
3056 3122 3248 3147 "mc...

103 3137 289 3178 suam
316 3122 371 3179 in
396 3140 505 3181 11ηο
549 3142 691 3184 anno
716 3130 1003 3189 δωΐθάίιαδ
1028 3134 1146 3201 (illis
1169 3137 1275 3193 erit
1294 3140 1702 3211 θεωρίωηιιιω.
1735 3138 1784 3204 C
1888 3155 2249 3217 Hibernenses
2272 3122 2457 3219 dicunt
2481 3182 2493 3217 :
2529 3122 2775 3225 Seereo
2798 3182 2889 3228 tuo
2917 3178 3189 3243 gratulare
3214 3200 3374 3248 nunc,

408 3252 570 3296 ιιιιιο
592 3254 789 3310 XXVIII,
826 3259 999 3302 ωνυτ
1026 3261 1081 3302 Vl
1106 3263 1201 3305 ΙτΔ
1221 3265 1421 3308 INCIPIT
1455 3270 1470 3308 ἶ

299 3347 428 3403 Car.
464 3365 539 3405 v1.
580 3382 653 3404 -υ-
691 3352 770 3409 De
807 3355 948 3425 furto
968 3357 1025 3413 in
1049 3358 1266 3416 ecclesia
1303 3374 1537 3434 peracto.

195 3440 456 3513 Synodus
475 3443 830 3504 Hibernensis
854 3450 1091 3507 decrevit
1115 3467 1131 3507 :
1156 3453 1393 3523 primum
1420 3456 1621 3512 furtum
1646 3458 1699 3514 in

98 3531 363 3587 ~ecclesia
401 3542 679 3603 peractum
732 3537 850 3593 vice
912 3547 1126 3596 tantum
1174 3542 1325 3598 reddi
1362 3552 1418 3598 et
1453 3546 1706 3614 pmniteri

120 3621 493 3693 adjudicium
525 3628 843 3685 sacerdotis.
905 3630 975 3686 Et
1002 3632 1106 3688 hoc
1123 3648 1221 3704 pro
1251 3634 1580 3707 indulgentia
1600 3638 1706 3693 Ec-

116 3715 301 3775 clesia
352 3716 503 3773 facit.
556 3718 625 3774 Et
668 3720 714 3775 si
766 3723 1007 3779 secundo
1060 3722 1261 3781 factum
1297 3725 1479 3792 fuerit,
1545 3728 1704 3799 duplo

118 3806 219 3862 vel
258 3808 557 3878 quadruplo
581 3809 752 3866 reddi.
783 3810 935 3878 Quod
954 3813 1002 3868 si
1030 3814 1318 3871 mundialis
1341 3816 1577 3872 hominis
1616 3834 1708 3888 pe-

117 3895 297 3952 cunia
318 3897 498 3968 ablata
523 3898 594 3953 sit
617 3899 687 3954 ab
707 3901 956 3967 ecclesia,
1004 3911 1059 3959 et
1080 3904 1308 3961 ecclesia
1336 3908 1409 3962 sit
1432 3909 1701 3965 catholica

116 3994 189 4040 et
230 3985 302 4040 ab
318 3985 467 4041 omni
493 4000 656 4042 censu
680 3987 873 4054 libera,
913 3990 1166 4052 damnum
1206 3993 1422 4050 domino
1450 3997 1707 4052 restitue-

117 4087 260 4142 tur,
310 4086 366 4131 et
389 4093 554 4133 usura
592 4076 710 4148 ejus
754 4079 859 4135 erit
901 4081 1165 4137 ecclesiaz.
1218 4082 1275 4138 Si
1310 4099 1439 4140 vero
1479 4087 1707 4142 ecclesia

116 4169 240 4223 sub
284 4181 450 4223 censu
475 4168 640 4239 fuerit
666 4168 858 4240 regali,
909 4169 1163 4225 damnum
1189 4173 1331 4227 idem
1368 4174 1570 4231 domini
1596 4192 1709 4234 res-

116 4256 387 4325 tituetur,
420 4264 477 4313 et
504 4273 666 4314 usura
688 4258 802 4330 regi
830 4267 886 4315 et
910 4259 1152 4315 ecclesia:
1173 4262 1298 4316 erit.

501 4366 658 4407 ιιυιο
677 4367 829 4417 XXXI,
853 4368 972 4408 CAP.
1002 4369 1136 4410 XXIII
1170 4372 1304 4410 ADDB
1334 4371 1348 4386 ⁸

196 4439 462 4513 Synodus
486 4441 815 4498 Ancoritana
843 4442 1087 4500 deﬁnivit
1113 4459 1128 4499 :
1156 4445 1213 4500 Si
1241 4447 1347 4502 duo
1373 4447 1427 4501 in
1463 4447 1704 4503 absentia
1738 4479 1788 4540 υ

114 4540 475 4590 mortuorum
534 4535 978 4600 contradixcrint,
1029 4545 1262 4605 quatuor
1296 4538 1559 4606 judicent,
1614 4548 1709 4593 aut

1809 3249 1934 3317 quia
1970 3258 2075 3306 tua:
2122 3252 2262 3307 data:
2283 3264 2407 3308 sunt
2433 3255 2528 3311 tibi
2554 3267 2790 3327 quatuor
2814 3264 3101 3332 petitiones
3127 3286 3261 3340 quas
3289 3290 3381 3343 pe-

1806 3343 1940 3398 tisti.
1971 3344 2151 3401 Prima
2167 3348 2356 3418 petitio
2379 3359 2482 3415 est,
2514 3359 2575 3405 ut
2596 3352 2649 3406 in
2672 3353 2961 3412 Ardmachi
2984 3361 3254 3419 ordinatio
3278 3376 3381 3423 tua:

1808 3433 1901 3488 ﬁat
1928 3437 2136 3506 gratiae.
2175 3437 2420 3494 Secunda
2457 3442 2645 3509 petitio
2679 3452 2781 3509 est,
2810 3455 2870 3500 ut
2902 3450 3205 3521 quicunque
3230 3456 3381 3526 hym-

1805 3539 1934 3578 num
1958 3525 2049 3593 qui
2102 3527 2200 3582 tibi
2224 3531 2557 3598 compositus
2578 3541 2684 3599 est,
2742 3534 2795 3589 in
2849 3538 2935 3592 die
2967 3540 3145 3596 exitus
3172 3543 3237 3598 de
3260 3525 3380 3601 cor-

1808 3636 1939 3690 pore
1981 3627 2297 3687 cantavcrit,
2346 3636 2402 3682 tu
2451 3628 2566 3697 ejus
2612 3635 2986 3702 pmnitentiam
3029 3638 3379 3708 judicaveris.

1808 3711 1990 3768 Tertia
2015 3715 2201 3783 petitio
2247 3726 2349 3784 est,
2397 3727 2457 3774 ut
2484 3732 2705 3791 nepotes
2731 3725 3047 3798 Dicuin.qui
3072 3737 3122 3784 te
3149 3730 3379 3800 benigne

1807 3814 2178 3873 susceperunt,
2239 3807 2657 3864 misericordiam
2697 3826 3094 3884 consequentur
3122 3817 3210 3873 hic
3233 3828 3289 3875 et
3324 3821 3381 3878 in

1809 3889 2012 3955 futuro,
2056 3901 2107 3947 et
2142 3911 2246 3948 non
2268 3905 2505 3964 pereant.
2531 3898 2731 3965 Quarta
2761 3904 2947 3972 petitio
2973 3914 3073 3972 est,
3106 3916 3163 3962 ut
3185 3906 3380 3983 Hiber-

1809 3994 2002 4035 ncnses
2030 3996 2218 4036 omnes
2257 3984 2307 4037 in
2354 3983 2440 4039 die
2482 3983 2671 4053 jndicii
2701 4004 2729 4043 a
2776 3999 2827 4046 te
2856 3991 3187 4063 judicentur,
3238 3998 3382 4054 sicut

1809 4067 2007 4125 dicitur
2040 4071 2107 4125 ad
2135 4072 2405 4141 apostolos
2432 4084 2479 4128 et
2523 4092 2608 4130 vos
2634 4078 2868 4135 sedentes
2911 4083 3222 4152 judicabitis
3249 4088 3385 4143 duo-

1808 4158 1973 4212 decim
2001 4161 2165 4214 tribus
2188 4160 2393 4229 Israel;
2430 4173 2488 4218 ut
2524 4180 2633 4229 eos,
2682 4169 2878 4232 quibus
2905 4166 3181 4241 apostolus
3206 4174 3382 4245 fuisti,

1803 4244 2030 4317 iudices.

1949 4355 2427 4416 FRAGMENTUM
2476 4361 2726 4420 SYNODI
2762 4367 3238 4453 BIBERNENSIS.

2164 4447 2407 4519 Synodus
2432 4450 2767 4512 Hibernensis
2788 4457 3028 4514 decrevit.

1880 4535 2113 4607 Sanguis
2140 4539 2377 4609 episcopi
2426 4542 2510 4596 vel
2551 4544 2751 4600 excelsi
2776 4549 3037 4617 principis
3065 4551 3147 4606 vel
3167 4534 3360 4611 scriba:

113 4632 288 4681 sorte
311 4639 432 4694 qua:
454 4624 714 4681 discernit
734 4612 901 4697 omne
920 4626 1172 4694 invisum,
1200 4637 1293 4683 aut
1311 4630 1553 4686 dividant
1571 4632 1712 4700 quod
1812 4628 1902 4698 qui
1943 4629 2009 4684 ad
2038 4639 2236 4684 terram
2262 4631 2572 4701 cﬂ‘unditur,
2609 4636 2654 4691 si
2686 4612 2907 4709 collyrio
2929 4612 3230 4712 indiguerit,
3258 4660 3371 4703 eun

110 4713 494 4783 contendunt,
517 4725 612 4771 aut
633 4715 771 4772 alter
799 4716 1053 4773 abscedat
1078 4720 1273 4787 pretio,
1328 4730 1422 4775 aut
1459 4723 1711 4777 sacerdo-
1812 4720 1901 4789 qui
1927 4719 2176 4776 effuderit
2202 4723 2470 4792 sapientes
2496 4726 2739 4797 crncitigi
2770 4727 3036 4799 jndicant,
3081 4734 3166 4789 vel
3185 4751 3259 4790 vn
3288 4750 3377 4793 an~

114 4805 288 4861 tibus
310 4804 460 4861 dent.

389 4912 550 4954 uno
574 4912 757 4964 XXXIV,
793 4913 861 4954 DE
890 4913 1223 4966 JIJIAIENTO,
1256 4915 1432 4958 Αυυεε

205 5010 347 5069 ου.
377 5027 497 5069 xm.
530 5042 603 5055 —
625 5011 703 5068 De
746 5028 807 5068 eo
844 5014 987 5084 quod
1022 5015 1089 5069 sit
1141 5014 1488 5072 iuramentum
1527 5034 1646 5073 cum

797 5084 1055 5155 pluribus.

210 5171 469 5243 Synodus
493 5171 843 5229 Consulensis
864 5191 878 5228 :
903 5173 969 5230 lli
994 5176 1087 5245 qui
1113 5165 1444 5233 contendunt
1480 5193 1718 5248 quacun-

1813 4810 1965 4866 cillas
1998 4812 2203 4866 reddat.
2240 4812 2297 4867 Si
2322 4814 2375 4867 in
2399 4814 2592 4884 specie,
2620 4818 2837 4883 tertiam
2860 4828 3070 4890 partem
3100 4823 3166 4878 de
3191 4839 3386 4897 argen.

1816 4908 1891 4965 to,
1923 4908 1977 4955 et
1999 4916 2303 4971 comparem
2340 4903 2559 4960 verticis
2584 4905 2648 4961 de
2684 4922 2837 4975 auro,
2899 4907 3235 4968 latitudinem
3258 4930 3385 4973 nec.
3482 4978 3485 4983 ,

1816 5008 1922 5049 non
1948 5001 2003 5048 et
2032 4994 2260 5049 similem
2288 4996 2429 5050 oculi
2456 4997 2522 5052 de
2540 5011 2752 5065 gemma
2786 5010 3026 5070 pretiosa
3062 4996 3388 5076 magnitudi-

1816 5100 1939 5139 nem
1953 5084 2160 5139 reddat.
2177 5085 2244 5141 Et
2253 5100 2352 5156 pro
2365 5086 2481 5156 ejus
2494 5088 2678 5145 livoris
2692 5090 2776 5145 vel
2790 5092 3027 5150 vulneris
3036 5096 3386 5160 admiratione

1818 5173 1872 5227 in
1902 5188 2193 5242 conventu,
2245 5177 2329 5231 vel
2366 5179 2419 5232 in
2443 5180 2683 5247 qualibet
2727 5182 3066 5241 multitudine
3113 5204 3283 5260 usque
3318 5193 3387 5253 ad

108 5279 252 5338 que
277 5279 345 5322 ex
386 5281 565 5331 causa,
610 5266 656 5322 si
685 5267 825 5322 alter
850 5282 972 5323 cum
999 5276 1137 5323 teste
1165 5286 1294 5337 uno,
1323 5280 1414 5326 aut
1443 5272 1717 5348 cumpla-

107 5357 323 5426 rilns,
354 5366 410 5415 et
428 5357 565 5415 alius
595 5358 712 5415 sine
733 5366 911 5415 teste:
935 5357 1300 5429 juramentum
1328 5376 1450 5417 cum
1476 5361 1719 5433 pluribus

100 5451 278 5512 erit.

1820 5267 2040 5321 tertium
2086 5283 2306 5334 annum,
2353 5279 2446 5324 aut
2487 5271 2823 5341 eoamplius,
2870 5274 2917 5328 si
2945 5290 3054 5331 non
3092 5276 3393 5353 indulgeat,

1818 5358 2050 5428 pretium
2098 5358 2305 5414 ancillae
2352 5360 2399 5415 is
2450 5361 2540 5429 qui
2584 5363 2856 5419 commisit
2907 5366 3111 5423 reddat.
3160 5370 3224 5433 Si
3258 5389 3389 5431 vero

1820 5451 2041 5519 sanguis
2071 5450 2307 5520 episcopi
2344 5451 2410 5505 ad
2446 5460 2649 5505 terram
2688 5469 2797 5509 non
2826 5458 3126 5525 perveniat,
3158 5477 3257 5518 nec
3280 5466 3389 5519 col-

482 5560 642 5602 uno
666 5560 852 5612 mm,
880 5562 1009 5603 ros'r
1036 5562 1224 5616 (μιν,
1255 5564 1390 5603 anna
1422 5565 1436 5603 :
1821 5540 1960 5611 lyrio
1998 5541 2255 5612 indigeat,
2309 5556 2498 5596 manus
2518 5544 2868 5612 percutientis
2898 5546 3262 5617 abscindatur,
3298 5562 3385 5609 aut

322 5632 452 5689 Car.
483 5648 555 5691 Vl.
581 5660 658 5677 --
696 5636 769 5691 De
791 5637 1109 5708 subjectione
1136 5639 1314 5711 populi
1336 5639 1580 5711 principi.
1822 5635 2102 5691 dimidium
2145 5652 2218 5692 vn
2267 5636 2583 5692 ancillarum
2615 5638 2825 5705 reddat,
2867 5641 2913 5695 si
2968 5643 3035 5697 de
3086 5643 3347 5701 industria
3369 5664 3387 5677 ο

213 5725 770 5786 Patriciustﬂinistri
804 5744 897 5785 vos
925 5730 1075 5797 estis,
1124 5738 1178 5787 et
1230 5731 1597 5802 unusquisque
1640 5746 1713 5788 ve

1825 5727 1868 5781 si
1896 5735 2074 5781 autem
2104 5743 2208 5781 non
2247 5728 2313 5783 de
2351 5727 2632 5794 industria,
2682 5732 2913 5801 pretium
2938 5732 3142 5788 ancilla:
3165 5735 3367 5792 tribuat
