3950 6308
573 321 711 378 15ιὸ

1383 317 1648 374 ABEDOC
1685 318 1774 373 ET
1812 298 2665 374 ETIIELVOLF'USABBATES
2703 317 2998 374 IIIBERNI.

3700 316 3834 370 1316

569 434 675 503 Qui
711 447 839 489 vero
857 430 1166 503 episcopum
1188 432 1304 488 sine
1323 430 1583 488 eﬁ‘usioue
1608 448 1833 502 sangum
1847 431 1892 486 is
1920 444 2139 499 percus-
2168 435 2220 490 Α
2318 429 2380 484 V.
2423 429 2715 485 Monachus
2733 430 2944 485 furatus
2971 438 3176 485 vestem
3213 430 3297 486 vel
3345 431 3592 501 aliquam
3636 446 3756 486 rem
3795 449 3831 486 ιι

571 526 725 590 serit,
787 524 871 578 vel
896 524 1323 587 commotaverit,
1377 522 1658 577 dimidium
1705 538 1780 577 vn
1822 521 2142 576 ancillarum

570 616 802 686 pretium
850 615 1057 669 reddat.
1125 612 1182 667 Si
1224 623 1403 666 autem
1452 612 1746 682 aliquidde
1782 610 1990 679 capillis
2023 609 2143 678 ejus

571 716 815 777 carptum
848 707 1028 768 fuerit,
1071 706 1334 759 sedatium
1364 703 1782 773 uniuscujusque
1825 703 2027 772 capilli,
2090 703 2144 757 id

567 808 654 856 est
683 815 761 853 xu
781 799 1023 867 discipuli
1045 812 1215 866 usque
1249 813 1319 851 xx
1345 798 1410 851 de
1430 805 1660 866 utroque
1686 796 1964 850 reddatur.
1994 795 2143 848 Licet

570 891 714 946 enim
752 889 924 958 majus
948 889 1190 944 evulsum
1222 888 1401 953 fuerit,
1452 888 1605 957 quasi
1651 887 1929 957 proprium
1987 885 2138 940 reddi

569 994 676 1033 non
698 979 911 1033 dicitur.
945 977 1173 1047 Sanguis
1197 978 1497 1048 presbyteri
1525 978 1617 1048 qui
1647 978 1711 1032 ad
1743 987 1943 1033 terram
1965 975 2143 1033 ell‘un-

569 1070 714 1124 ditur
747 1069 916 1123 donec
953 1068 1233 1139 collyrium
1284 1067 1488 1134 suffert,
1538 1083 1729 1122 manus
1774 1066 2138 1121 interfectoris

567 1160 936 1226 abscindatur,
962 1160 1047 1216 vel
1081 1161 1358 1216 dimidium
1389 1176 1464 1216 vn
1506 1160 1819 1214 ancillarum
1855 1159 2064 1222 reddat,
2090 1158 2136 1211 si

566 1254 635 1307 de
655 1252 917 1306 industria
954 1270 967 1306 :
1011 1252 1056 1305 si
1084 1260 1264 1305 autem
1308 1266 1413 1305 non
1472 1251 1539 1306 de
1584 1249 1866 1314 industria,
1916 1248 2124 1303 ancillae

564 1342 737 1413 pretio
766 1351 1006 1398 sanetur.
1049 1342 1106 1397 Si
1152 1342 1219 1397 ad
1248 1350 1446 1396 terram
1471 1355 1579 1396 non
1604 1341 1901 1410 perveniat,
1923 1355 2145 1409 percus-

565 1447 659 1488 sor
682 1433 928 1487 ancillam
951 1433 1164 1498 reddat;
1195 1432 1243 1487 si
1278 1432 1332 1487 iu
1354 1432 1533 1501 specie
1577 1431 1714 1501 ejus,
1762 1431 1976 1484 tertiam
2003 1445 2131 1498 par-

565 1532 674 1581 tem
726 1527 795 1581 de
837 1535 1061 1594 argento
1109 1526 1389 1581 retribuat.
1444 1523 1727 1579 Percussio
1768 1524 1886 1594 ejus
1924 1524 2136 1578 ancilla:

561 1617 740 1686 pretio
797 1618 1144 1680 restituatur,
1200 1616 1424 1672 motatio
1466 1613 1609 1685 ejus,
1653 1624 1715 1672 ut
1764 1616 2135 1686 praediximus,

561 1718 806 1766 ametur.

1078 1813 1358 1854 PATBICIUS
1395 1793 1563 1853 nicn.

630 1888 817 1946 Omnis
853 1891 945 1959 qui
983 1905 1147 1944 ausus
1171 1888 1335 1943 fuerit
1373 1902 1436 1942 ea
1490 1902 1610 1956 qua:
1656 1894 1781 1941 sunt
1826 1887 1997 1956 regis,
2046 1886 2129 1940 vel

562 1980 818 2051 episcopi,
859 1989 951 2035 aut
976 1981 1170 2036 scriba:
1199 1979 1391 2043 furari,
1421 1986 1511 2032 aut
1540 1993 1751 2047 rapere,
1809 1987 1901 2032 aut
1926 1979 2130 2046 aliquid

560 2069 618 2125 in
648 2087 740 2127 eos
774 2079 1134 2135 commnttere,
1178 2070 1569 2140 parvipendeus
1592 2068 1887 2137 despicere,
1933 2084 2007 2122 vu
2033 2084 2130 2122 au-

558 2141 803 2217 cillaruin
852 2164 1084 2233 pretium
1135 2162 1341 2226 reddat,
1398 2169 1494 2214 aut
1536 2175 1611 2214 vn
1657 2159 1815 2213 annis
1870 2159 2129 2229 paeniteat

558 2265 681 2305 cnim
716 2250 967 2320 episcopo
990 2249 1074 2303 vel
1105 2250 1302 2305 scriba.

554 2358 798 2416 INCIPIT
826 2358 1192 2415 PREFA'I‘IO
1237 2349 1466 2415 οιιωε
1516 2358 1604 2413 DE
1651 2356 2122 2412 PfENITENTI.\.

627 2471 669 2527 I.
708 2470 1000 2541 Presbyter
1046 2478 1139 2524 aut
1184 2470 1443 2525 diaconus
1472 2467 1675 2524 faciens
1713 2468 2124 2523 fornicationem

551 2563 878 2628 naturalem,
945 2562 1059 2618 sive
1083 2562 1426 2626 sodomitam,
1488 2562 1696 2631 prolato
1722 2570 1846 2615 ante
1873 2561 2123 2616 monachi

549 2665 699 2720 voto,
739 2670 799 2710 ιιι
842 2655 998 2709 annis
1021 2654 1305 2726 paeniteat,
1354 2654 1564 2708 veniam
1607 2654 1752 2707 omni
1783 2655 1913 2708 hora
1946 2662 2120 2724 roget,

550 2745 1032 2814 superpositionem
1079 2744 1242 2799 faciat
1299 2745 1353 2798 iu
1404 2758 1723 2812 unaquaque
1757 2744 2114 2809 bebdomada,

472 2900 475 2905 ,
549 2840 792 2910 exceptis
825 2856 855 2894 ι.
900 2840 1089 2894 diebus
1110 2846 1231 2909 post
1274 2837 1579 2907 passionem
1616 2852 1630 2890 :
1662 2851 1800 2908 pane
1822 2838 1937 2892 sine
1964 2852 2119 2893 mea-

550 2945 698 2994 sum,
748 2939 804 2986 et
834 2929 1041 2985 ferculo
1068 2928 1402 2997 aliquatenus
1439 2930 1633 2999 butyro
1681 2929 2011 2998 impiuguato
2034 2932 2119 2986 die

549 3021 827 3076 Dominico
856 3034 871 3073 :
902 3018 1113 3074 caeteris
1138 3032 1262 3073 vero
1281 3018 1470 3073 diebus
1496 3018 1752 3088 paximati
1790 3019 1943 3087 panis
1969 3035 2119 3075 men-

2249 520 2424 584 anuis,
2470 528 2530 573 ut
2554 536 2736 590 supra,
2774 521 3054 589 poeniteat,
3083 522 3129 575 si
3147 518 3332 589 junior
3370 533 3452 577 est
3483 539 3500 586 ;
3537 523 3588 576 si
3629 525 3831 591 senior,

2247 623 2389 663 anno
2423 609 2652 680 integro.
2704 610 2761 665 Si
2786 626 2915 666 vero
2957 613 3252 666 monachus
3289 628 3396 666 non
3432 611 3630 678 fuerit,
3687 632 3830 686 aque

2245 714 2387 752 anno
2408 708 2463 754 et
2488 702 2717 755 maxime
2742 701 2796 755 in
2830 703 3259 774 quadragesimis

2315 791 2401 844 Vl.
2444 790 2501 844 Si
2544 794 2840 848 monachus
2864 795 3170 848 exundante
3199 803 3389 849 ventre
3414 799 3731 852 evomuerit
3750 814 3804 853 sa

2244 880 2506 935 criticium
2562 882 2616 935 iu
2654 883 2762 946 die,
2810 897 3021 938 cumam
3070 900 3222 939 suam
3252 901 3361 939 non
3399 899 3723 957 pnesumat.
3764 890 3824 945 Et

2243 970 2288 1023 si
2328 985 2434 1025 non
2472 971 2802 1028 inﬁrmitatis
2825 988 3011 1037 causa,
3070 990 3143 1028 vn
3167 978 3712 1044 superpositionibus
3741 999 3755 1033 :
3780 997 3824 1037 ει

2243 1060 2576 1117 inﬁrmitatis
2606 1073 2661 1117 et
2697 1079 2803 1119 non
2830 1066 3141 1121 voracitatis
3166 1082 3353 1131 causa,
3403 1084 3488 1123 IIII
3529 1075 3810 1142 superlmi

2244 1152 2478 1208 tionibus
2520 1154 2694 1209 deleat
2719 1155 2952 1225 culpam.
3001 1157 3058 1213 Si
3095 1167 3277 1213 autem
3319 1176 3433 1215 non
3475 1164 3825 1231 sacriﬁcium,

2241 1244 2348 1299 diei
2391 1248 2818 1316 superpositione
2841 1258 2896 1303 et
2922 1250 3088 1304 multa
3133 1252 3518 1322 increpatione
3542 1255 3825 1326 plectatur.

2242 1335 2300 1390 Si
2341 1351 2469 1391 casu
2514 1338 2786 1408 negligens
2828 1340 2949 1408 quis
2988 1340 3316 1395 sacriﬁcium
3354 1341 3587 1412 aliquod
3624 1349 3826 1415 perdat,

2238 1440 2337 1495 per
2363 1442 2423 1481 ιιι
2450 1429 2890 1499 quadragesimas
2914 1431 3194 1499 pmniteat,
3221 1431 3553 1503 relinquens
3599 1436 3731 1491 illud
3764 1440 3811 1494 fe

2240 1516 2313 1570 ris
2346 1524 2401 1570 et
2433 1516 2652 1573 alitibus
2679 1518 3046 1575 devorandum
3073 1532 3120 1573 ι.

2310 1606 2419 1660 VII.
2460 1605 2518 1661 Si
2544 1608 2668 1677 quis
2695 1616 2874 1663 autem
2911 1610 3191 1666 ebrietatis
3226 1627 3399 1667 causa
3439 1615 3684 1684 psallere
3724 1634 3823 1677 non

2236 1705 2417 1766 potest
2438 1705 2662 1767 stupens
2688 1699 2917 1770 elinguis
2934 1742 2948 1765 ,
3001 1716 3154 1755 ccena
3175 1703 3455 1771 privatur.

2306 1787 2435 1843 VIII.
2476 1788 2714 1846 Peccans
2732 1806 2854 1845 cum
2882 1793 3105 1860 pecode,
3135 1810 3316 1863 anno;
3356 1798 3409 1852 si
3429 1798 3555 1869 ipse
3582 1800 3749 1867 solus,
3766 1817 3819 1857 ιιι

2229 1881 2671 1951 quadragesimas
2704 1881 2878 1938 diluat
2904 1884 3143 1954 culpam.

2298 1972 2389 2027 1X.
2429 1972 2531 2039 Qui
2568 1975 3051 2031 communicaverit
3079 1992 3111 2032 a
3142 1993 3242 2033 suo
3275 1967 3488 2037 ab‘bate
3520 1997 3817 2039 excommu-

2228 2065 2429 2130 nicato,
2460 2081 2527 2120 xi.

2297 2154 2366 2209 Χ.
2404 2155 2730 2211 Manducans
2766 2159 3106 2213 morticinam
3140 2160 3370 2228 inscius,
3400 2179 3500 2218 ιι..
3543 2163 3813 2224 Sciendum

2227 2254 2407 2301 tamen
2431 2257 2516 2302 est
2540 2249 2684 2317 quod
2707 2257 2910 2317 quanto
2925 2251 3049 2320 quis
3072 2260 3318 2322 tempore
3336 2265 3611 2312 moratur
3632 2260 3691 2314 in
3710 2276 3815 2331 pec-

2227 2347 2370 2405 cato,
2403 2347 2553 2395 tanto
2577 2341 2629 2395 ei
2655 2343 2900 2411 augenda
2926 2343 3247 2413 pmoitentia
3272 2355 3387 2402 est.

2296 2450 2387 2504 XI.
2430 2450 2487 2506 Si
2517 2452 2603 2507 cui
2627 2452 2922 2523 imponitur
2942 2469 3077 2524 opus
3104 2456 3358 2526 aliquod,
3389 2469 3453 2516 et
3480 2470 3815 2534 conm

2226 2539 2397 2610 gratia
2428 2540 2558 2595 illud
2588 2556 2695 2594 non
2731 2539 2945 2607 fecerit,
2977 2559 3131 2601 omna
3167 2557 3378 2603 canat.
3431 2550 3495 2605 Si
3527 2567 3671 2608 vero
3699 2556 3813 2610 obli-

2224 2630 2401 2693 vione,
2434 2630 2712 2686 dimidium
2745 2633 3044 2702 quotidiani
3072 2636 3268 2692 victus.
3316 2637 3379 2694 Si
3420 2650 3623 2697 autem
3657 2654 3814 2700 suat

2222 2722 2448 2778 alterius
2474 2737 2639 2791 opus,
2681 2724 2811 2778 illud
2852 2732 3038 2780 notum
3080 2724 3245 2784 faciat
3286 2730 3481 2785 abbati
3508 2748 3649 2789 cum
3675 2751 3812 2791 ναι.

2221 2814 2436 2880 cundia,
2466 2824 2691 2885 excepto
2717 2831 2784 2872 eo
2807 2816 2958 2872 nullo
2979 2818 3264 2886 audiente;
3294 2829 3351 2877 et
3375 2822 3464 2880 sic
3489 2837 3750 2898 peragat.
3772 2827 3813 2884 si

2214 2902 2455 2972 jubetur.

2288 3014 2401 3070 XII.
2440 3015 2577 3072 Nam
2610 3018 2703 3088 qui
2738 3018 2876 3075 iram
2903 3022 3068 3079 corde
3092 3022 3263 3079 multo
3295 3034 3555 3097 tempore
3586 3033 3808 3101 retinet,
3948 3034 3950 3133 χ

546 3127 694 3178 sura,
721 3120 775 3167 et
798 3110 1018 3168 misoclo
1044 3127 1265 3181 parvum
1297 3112 1646 3181 impinguato.
1684 3111 1833 3166 Horti
1859 3112 2113 3175 oleribus,
2145 3102 2194 3168 (Ξ
2223 3105 2280 3159 in
2305 3115 2479 3165 morte
2500 3115 2605 3163 est.

546 3202 667 3258 ovis
708 3202 917 3271 paucis,
986 3200 1296 3255 Britannico
1342 3199 1584 3255 formello
1638 3210 1840 3267 utatur,
1898 3203 2114 3258 llimiaa

546 3290 787 3347 Romana
818 3291 975 3347 lactis
1020 3308 1118 3363 pro
1161 3291 1445 3363 fragilitate
1493 3295 1733 3362 corporis
1787 3294 1943 3349 istius
1993 3296 2114 3349 aevi.

545 3379 795 3438 Tenucla:
823 3397 950 3436 vero
985 3383 1068 3437 vel
1104 3384 1364 3439 Balthutac
1386 3382 1540 3438 lactis
1570 3384 1805 3439 sextario
1852 3384 2114 3438 Romam).

544 3470 678 3528 Sitis
724 3473 899 3540 gratia
950 3479 1005 3526 et
1051 3487 1204 3541 aqua:
1258 3472 1557 3542 talimpulo,
1595 3473 1638 3527 si
1686 3475 1968 3543 operarius
2011 3483 2112 3528 cst.

543 3560 768 3615 Lectum
801 3572 908 3615 non
938 3561 1108 3615 multo
1136 3560 1281 3615 fuam
1304 3563 1620 3615 instructum
1650 3563 1863 3617 habeat.
1914 3563 2017 3618 Per
2056 3554 2112 3618 Ill

542 3652 982 3721 quadragesimas
1019 3653 1343 3722 superaddat
1365 3653 1567 3720 aliquid
1594 3663 1752 3722 prout
1799 3654 1971 3710 virtus
2024 3658 2117 3710 ad-

542 3745 771 3809 miserit,
794 3760 1006 3815 semper
1026 3762 1089 3799 ex
1115 3747 1304 3801 intimo
1320 3747 1480 3802 corde
1496 3747 1688 3803 deﬂeat
1702 3749 1911 3819 culpam
1936 3766 2111 3804 suam.

540 3831 910 3888 Obedieutiam
932 3850 1031 3904 pro
1051 3837 1299 3889 omnibus
1320 3836 1673 3893 libentissime
1704 3841 1953 3910 excipiat.
1980 3840 2109 3895 Post

541 3935 741 3973 annum
763 3928 814 3973 et
846 3921 1121 3976 dimidium
1162 3923 1554 3979 Eucharistiam
1584 3936 1780 3991 sumat,
1827 3936 1881 3982 et
1901 3929 1967 3982 ad
2012 3946 2109 3998 pa-

541 4023 673 4065 cem.
685 4011 886 4078 veuiat,
948 4013 1184 4081 psalmos
1204 4030 1325 4068 cum
1350 4013 1607 4070 fratribus
1634 4026 1811 4081 canat,
1862 4035 1928 4073 ne
1952 4021 2109 4091 peni-

542 4109 629 4154 tus
671 4100 850 4155 auima
904 4110 1053 4159 tanto
1094 4110 1333 4174 tempore
1374 4104 1608 4161 caelestis
1640 4108 1919 4166 medicina:
1969 4112 2110 4166 inte—

540 4198 680 4244 reat.

604 4280 668 4335 Il.
710 4281 767 4335 Si
797 4283 916 4351 quis
954 4283 1207 4340 inferiore
1246 4288 1412 4357 gradu
1452 4288 1659 4359 positus
1687 4293 2000 4357 monachus,
2042 4310 2102 4348 ιιι

532 4372 689 4427 annis
739 4373 1030 4441 paeniteat:
1062 4378 1156 4431 sed
1202 4393 1453 4433 mensura
1507 4390 1761 4449 gravetur
1810 4384 1983 4452 panis.
2040 4385 2095 4438 Si

2289 3219 2424 3275 XIII.
2463 3220 2522 3277 Si
2542 3232 2722 3278 autem
2746 3225 3036 3284 conﬁtetur
3055 3238 3358 3298 pccmtum,
3384 3247 3460 3285 ιι.
3480 3231 3727 3302 ieiunet.
3748 3234 3809 3293 ἢ

2219 3312 2263 3366 si
2293 3311 2434 3366 ultra
2461 3313 2514 3367 in
2540 3322 2763 3382 peccato
2795 3317 3082 3385 persistat,
3105 3317 3240 3372 duas
3264 3335 3355 3375 ιι..
3386 3320 3459 3375 Et
3482 3323 3532 3376 si
3561 3324 3713 3379 idem
3737 3325 3806 3381 fe-

2218 3404 2380 3468 cerit,
2431 3406 2740 3460 abscidatur
2776 3422 2806 3460 a
2845 3423 3069 3480 corpore
3102 3409 3242 3463 sicut
3277 3414 3604 3468 membrum
3648 3418 3805 3485 pun-i-

2218 3492 2372 3557 dum,
2403 3496 2530 3564 quia
2558 3495 2710 3550 furor
2739 3498 3085 3553 homicidium
3111 3500 3300 3555 nutrit.

2286 3604 2425 3659 XIV.
2465 3605 2712 3663 Offensus
2738 3610 2863 3678 quis
2894 3610 2963 3664 ab
2991 3610 3194 3679 aliquo,
3222 3612 3385 3667 debet
3418 3614 3528 3670 hoc
3566 3617 3803 3673 imicus

2215 3695 2417 3759 abbati,
2449 3711 2555 3750 non
2591 3702 2772 3753 tamen
2797 3702 3121 3767 accusantis,
3154 3702 3250 3758 sed
3277 3704 3560 3762 medentis
3588 3708 3798 3774 εσθαι,

2213 3792 2268 3837 et
2291 3785 2460 3839 abbas
2483 3786 2755 3841 decernat.

2284 3894 2400 3950 XV.
2436 3894 2537 3961 Qui
2567 3912 2676 3950 non
2709 3898 3010 3953 occurrerit
3038 3899 3107 3954 ad
3132 3906 3693 3973 consummationem,
3720 3926 3797 3965 ca-

2212 3992 2307 4038 nat
2328 4001 2424 4039 VIII
2455 3986 2507 4040 in
2530 3988 2719 4041 ordine
2745 3988 3001 4058 psalmos.
3034 3989 3091 4044 Si
3122 3993 3391 4049 excitatus
3417 3998 3612 4052 veniat
3638 4001 3667 4040 δ
3687 4012 3794 4071 post

2212 4076 2461 4140 missam;
2504 4078 2764 4148 quidquid
2804 4089 3176 4147 cantaverunt,
3213 4084 3441 4154 replicat
3481 4104 3548 4143 ex
3592 4095 3791 4151 ordiar.

2211 4166 2427 4222 fratres.
2462 4167 2519 4223 Si
2553 4184 2683 4223 vero
2710 4170 2777 4224 ad
2806 4172 3096 4227 secundam
3130 4176 3368 4239 venerit,
3401 4193 3569 4234 caena
3597 4194 3788 4237 careat.

2209 4260 2266 4314 Si
2294 4264 2415 4330 quis
2438 4276 2628 4317 errans
2651 4266 3058 4319 commotaverit
3084 4266 3285 4336 aliquid
3317 4269 3383 4324 de
3406 4273 3601 4327 verbis
3632 4276 3789 4329 sacris

2207 4352 2296 4405 ubi
2322 4351 2620 4420 periculum
2648 4353 2954 4420 adnotatur,
2980 4356 3288 4411 triduanum
3320 4368 3415 4413 aut
3446 4378 3510 4415 ιιι
3538 4378 3787 4435 superpo-

531 4463 830 4532 operarius,
886 4467 1181 4521 sextarium
1220 4467 1287 4523 de
1320 4470 1454 4525 lacte
1475 4443 1827 4537 R-omanum,’
1853 4483 1907 4528 et
1938 4474 2103 4528 alium
2134 4444 2189 4506 Β
2210 4443 2430 4537 simu“
2452 4443 2635 4498 facm'
2663 4444 2720 4499 Si
2743 4460 2954 4500 sacrum
2977 4455 3279 4504 “amamus
3303 4452 3641 4524 “sum
3660 4459 3787 4511 θεά·

532 4552 600 4609 de
638 4553 879 4618 teimcla,
920 4563 975 4609 et
1025 4572 1220 4627 aquam
1262 4568 1522 4628 quantum
1571 4562 1801 4618 sulliciat
1836 4580 1931 4635 pro
1982 4566 2103 4621 sitis

533 4644 727 4699 ardore
754 4656 955 4702 sumat.

599 4733 685 4787 Ill.
717 4733 772 4788 Si
796 4751 923 4790 vero
946 4738 1063 4791 sTne
1081 4743 1327 4796 monachi
1349 4751 1471 4797 voto
1490 4747 1770 4816 presbyter
1789 4753 1879 4799 aut
1912 4747 2097 4802 diaco-

524 4839 633 4880 nus
658 4827 959 4893 peccaverit
994 4842 1009 4882 :
1040 4829 1176 4884 sicut
1204 4833 1497 4887 monachus
1520 4836 1636 4890 sine
1673 4836 1840 4905 gradu
1879 4838 1956 4891 sic
1982 4854 2101 4906 pa:-

527 4914 717 4968 ulteat.
744 4913 800 4969 Si
831 4925 1011 4971 autem
1024 4929 1302 4987 peccatum
1318 4922 1548 4978 voluerit
1567 4927 1862 4982 monachus
1880 4926 2058 4983 facere
2078 4947 2093 4995 ;

525 5019 668 5058 anim
685 5013 740 5060 et
767 5006 1006 5063 dimidio.
1053 5009 1223 5066 liabet
1254 5021 1428 5067 tamen
1452 5016 1617 5070 abbas
1638 5016 1795 5083 hujus
1816 5021 1894 5074 rei
1914 5024 2098 5076 mode-

526 5094 708 5149 randa:
750 5095 1082 5164 facultatem,
1130 5099 1175 5157 si
1202 5103 1505 5170 obedientia
1542 5105 1658 5173 ejus
1685 5106 1879 5176 placita
1931 5108 2095 5166 fuerit

526 5184 635 5240 Deo
662 5195 718 5240 et
740 5189 920 5243 abbati
946 5205 1063 5246 suo.

591 5275 680 5330 IV.
719 5275 937 5346 Antiqui
972 5279 1159 5338 Patres
1186 5297 1262 5337 xu
1291 5284 1618 5355 presbytero,
1671 5294 1725 5342 et
1745 5303 1818 5342 vn
1866 5288 2093 5345 diacono

519 5364 851 5434 pmnitentiaa
875 5377 1203 5427 statuerunt.
1463 5370 1468 5375 ’

590 5492 616 5520 ι
656 5480 752 5561 llic
782 5482 989 5561 videtur
1012 5501 1132 5540 esse
1148 5488 1433 5561 verborum
1464 5493 1809 5561 transpositio
1830 5494 1902 5549 ita
1933 5496 2092 5551 resti-

517 5551 710 5629 tuenda
742 5566 758 5605 :
907 5571 1032 5607 casu
1068 5555 1327 5629 negligens
1361 5561 1478 5628 quis
1516 5551 1833 5629 sacriﬁcium
1873 5565 2088 5629 aliquod

514 5619 714 5688 perdat,
742 5621 1035 5699 relinquens
1074 5619 1226 5677 illudw
1240 5619 1438 5694 [eris'et
1466 5619 1677 5684 alitibus
1706 5619 2081 5699 devorandum,

515 5705 605 5742 uer
632 5707 691 5743 ιιι
717 5693 1144 5753 uuadraqesimus
1168 5699 1428 5759 pamiteat.

2206 4534 2373 4600 derit;
2417 4549 2571 4592 amna
2612 4543 2814 4591 careat.
2859 4538 2961 4604 Qui
2994 4540 3268 4596 voluntate
3305 4544 3554 4602 obsceno
3589 4548 3784 4619 liquore

2202 4626 2505 4682 maculatus
2552 4626 2715 4682 fuerit
2758 4630 3098 4697 dormienda;
3159 4634 3204 4687 si
3251 4637 3467 4691 cervisa
3524 4649 3579 4694 et
3632 4654 3783 4695 una

2202 4718 2467 4785 abundat;
2493 4721 2801 4775 caenubium
2827 4729 2927 4777 est.
2956 4738 3017 4777 ιιι
3046 4724 3223 4780 noctis
3251 4726 3405 4783 horis
3432 4732 3639 4787 stando
3662 4734 3781 4803 vigi-

2202 4809 2303 4872 let,
2346 4809 2391 4863 si
2431 4825 2575 4864 sanaa
2612 4812 2829 4867 virtutis
2863 4821 2966 4868 est.
3008 4812 3068 4868 Si
3097 4830 3226 4870 vero
3253 4831 3555 4888 pauperem
3584 4824 3776 4877 victm

2200 4893 2379 4957 habet,
2410 4908 2577 4948 xxvm
2606 4904 2699 4949 aut
2726 4910 2834 4949 xxx
2861 4896 3095 4967 psalmos
3117 4910 3276 4955 canet
3309 4905 3515 4959 stando
3540 4893 3772 4978 supplex,

2199 5001 2322 5042 cum
2348 4998 2511 5056 opere
2535 4990 2962 5047 extraordinario
2986 4993 3204 5061 pendat.

2266 5098 2403 5153 XVI.
2446 5101 2551 5155 Pro
2593 5102 2748 5157 bonis
2793 5105 3008 5175 regibus
3052 5121 3207 5163 sacra
3253 5109 3524 5169 debemus
3565 5116 3769 5179 offerre,

2192 5206 2293 5262 pro
2321 5193 2476 5248 malis
2503 5209 2861 5266 nequaquam.

2263 5302 2423 5358 XVII.
2464 5303 2770 5378 Presbyteri
2794 5326 2921 5366 vero
2943 5326 3040 5382 pro
3059 5314 3328 5387 episcopis
3350 5335 3457 5376 non
3485 5325 3769 5393 prohibeo-

2193 5401 2282 5448 tur
2302 5393 2515 5450 oll'crre.

2263 5508 2291 5547 δ
2315 5507 2381 5582 Id
2414 5518 2501 5563 est
2532 5519 2652 5578 post
2676 5513 2994 5570 orationem.
3012 5514 3172 5573 Missa
3195 5522 3342 5578 enim
3367 5524 3503 5579 olim
3525 5528 3665 5582 dicta
3687 5536 3763 5581 est

2189 5579 2384 5663 oratio,
2397 5583 2645 5663 ecquod.
2657 5582 2721 5635 ad
2743 5582 2908 5663 Deum
2932 5587 3195 5663 mittatur,
3216 5592 3302 5663 vel
3320 5606 3436 5663 post
3455 5579 3761 5659 milia

2188 5655 2271 5701 est
2295 5655 2417 5715 post
2441 5648 2807 5706 dimissionem
2834 5655 2901 5708 ab
2924 5655 3098 5712 cilicio
3122 5648 3322 5716 divino:
