3950 6308
149 326 158 353 ⁸
196 334 337 394 ’1517

1429 341 1745 401 CANONBS
1781 346 2274 404 IIIBERNENSES.

3309 360 3449 414 1518

270 450 451 543 χνιιι.
490 451 592 519 Qui
633 452 874 543 arguitur
912 469 1013 524 pro
1054 454 1234 526 aliquo
1272 455 1491 520 delicto,
1524 467 1580 512 et
1620 461 1780 528 quasi
1808 467 1855 524 Α
1884 462 1954 516 rit
1976 463 2214 528 animali,
2242 481 2279 519 ιι
2305 464 2462 519 annis
2481 474 2537 520 et
2558 465 2797 522 dimidio.
2823 468 2924 543 Qui
2945 466 3075 525 facit
3096 469 3272 527 scelus
3290 473 3449 531 virile

206 542 568 597 inconsultaus
592 542 910 609 refrenatur,
938 559 1093 600 omna
1121 553 1320 602 careat.

272 632 409 688 XIX.
438 633 548 700 Qui
587 634 858 689 sarculum
898 634 1198 707 perfrangit
1232 645 1288 691 et
1320 646 1445 693 aute
1478 636 1771 694 fracturam

186 735 311 779 non
333 721 545 783 habuit,
574 730 667 777 aut
694 723 825 779 illud
849 726 1280 781 extraordinario
1299 742 1463 796 opere
1490 728 1739 782 restituat
1755 767 1770 791 ,

206 824 297 869 aut
319 820 660 884 superpona‘t.

278 905 391 962 XX.
420 905 522 973 Qui
544 906 738 961 viderit
755 906 988 977 aliquem
1006 922 1072 962 ex
1094 908 1354 964 fratribus
1371 910 1582 964 abbatis
1603 918 1774 963 trans-

205 997 352 1067 gredi
374 1005 662 1067 praecepta,
693 997 852 1053 debet
874 1000 1123 1054 abbatem
1152 1015 1259 1054 non
1283 1000 1459 1054 celare
1484 1014 1499 1054 :
1528 1000 1622 1053 sed
1647 1006 1771 1053 ante

203 1089 486 1143 admoneat
514 1097 833 1160 peccantem
851 1128 866 1151 ,
900 1097 963 1143 ut
991 1089 1137 1144 solus
1164 1090 1307 1159 quod
1341 1089 1479 1144 male
1506 1090 1615 1159 agit
1644 1103 1773 1144 con-

201 1178 414 1233 ﬁteatur
445 1178 655 1243 abbati,
689 1193 796 1233 non
830 1187 951 1245 tam,
968 1179 1193 1245 delator,
1224 1194 1385 1249 quam
1412 1179 1656 1235 veritatis
1686 1195 1772 1235 re-

197 1267 333 1339 gulae
356 1276 641 1324 exsecutor
669 1268 990 1323 inveniatur.

712 1415 815 1457 nuc
851 1415 1013 1463 ωριτε
1050 1416 1252 1456 σιιιιλδ.

180 1515 495 1574 ιΝαΙΡιτ
532 1517 743 1574 NUNC
794 1516 1165 1573 SYNODUS
1201 1515 1770 1585 AQUILQNALIS

735 1607 1234 1664 ΒΒΙΤΑΝΝΙΑΞ.

252 1721 303 1777 -I.
339 1720 476 1777 Cum
504 1720 729 1777 muliere
754 1722 837 1778 vel
866 1737 988 1776 cum
1016 1721 1135 1776 viro
1158 1735 1387 1790 peccans
1410 1720 1549 1789 quis,
1578 1720 1765 1788 expel-

1875 560 1934 606 ut
1952 554 2248 616 sodomitce,
2272 570 2354 609 ιιιι
2378 555 2554 610 annis.
2579 556 2679 622 Qui
2701 572 2829 612 vero
2852 558 2905 612 in
2932 558 3245 623 femoribus,
3270 578 3334 617 ιιι
3357 579 3451 618 au-

1872 641 1974 695 nis.
2006 640 2162 696 Manu
2186 650 2365 698 autem
2392 645 2504 699 sive
2532 645 2774 712 alterius,
2802 648 2914 702 sive
2938 663 3054 711 sua,
3083 665 3122 704 ιι
3148 651 3324 707 annis.
3350 651 3450 707 To-

1872 740 1987 785 tum
2026 732 2129 786 hoc
2165 732 2305 801 quod
2343 734 2595 799 diximus,
2636 736 2681 790 si
2717 744 2842 805 post
2882 745 3065 805 votum
3103 739 3448 808 perfectionis

1872 820 2059 875 fecerit
2086 823 2273 889 homo;
2301 824 2346 878 si
2368 833 2547 880 autem
2572 835 2697 882 ante
2718 837 2918 892 votum,
2940 843 3113 884 annus
3132 829 3449 886 diminuitur

1872 908 1938 961 de
1970 910 2219 965 omnibus
2258 912 2342 967 his
2380 914 2551 968 tribus
2582 932 2595 967 :
2630 914 2698 970 de
2734 916 2957 985 reliquis
2982 932 3129 981 vero,
3167 925 3223 972 ut
3263 920 3443 984 debet,

1871 996 2133 1050 minuitr-
2162 1001 2283 1053 v'um
2316 1016 2419 1055 non
2445 1001 2610 1055 vovit.

1927 1115 2269 1183 INCIPIUN'I'
2306 1129 2667 1187 EXCERPTA
2706 1132 3017 1200 ρυΑῖῡΑιι
3057 1136 3145 1192 DE
3181 1137 3385 1196 LIBRO

2516 1222 2604 1276 DA
2613 1224 2804 1278 V'IDIS.

1937 1329 1978 1384 l.
2018 1327 2336 1387 Sacerdotes
2367 1331 2421 1386 in
2449 1334 2645 1403 tenuilo
2666 1335 2758 1390 Dei
2782 1335 3140 1395 ministraturi
3166 1339 3306 1410 gula:
3328 1356 3445 1412 gra-

1868 1423 1942 1476 tia
1976 1422 2161 1477 vinum
2202 1430 2258 1476 et
2297 1423 2524 1479 siceram
2563 1442 2662 1496 per
2698 1428 3079 1498 negligentiam
3120 1440 3175 1487 et
3213 1448 3318 1487 nou
3349 1448 3445 1503 per

1868 1510 2223 1581 ignorantiam
2252 1512 2513 1577 bibentes,
2548 1531 2630 1570 ιιιι
2669 1516 2855 1571 diebus
2891 1519 3207 1588 paeniteant.
3255 1521 3312 1576 Si
3351 1539 3445 1576 au-

1868 1609 1977 1657 tem
2002 1618 2105 1672 per
2131 1611 2493 1674 contemptum
2526 1608 2904 1676 arguentium,
2938 1625 3026 1665 Jun
3063 1610 3313 1667 Inebriati
3352 1630 3445 1667 au-

1868 1700 1974 1747 tem
1995 1707 2093 1763 per
2117 1692 2495 1764 ignorantiam,
2522 1711 2589 1748 xv
2612 1697 2832 1764 diebus;
2858 1698 2901 1753 si
2926 1715 3023 1769 per
3046 1702 3443 1772 negligentiam,

190 1809 355 1877 latur,
390 1823 451 1867 ut
478 1811 701 1867 alterius
729 1812 917 1882 patriae
944 1781 1193 1867 camubio
1218 1811 1390 1874 vivat,
1417 1781 1473 1865 et
1502 1781 1763 1880 poeniteat
1781 1797 1841 1882 ΔΒ
1866 1798 1934 1837 η
1953 1781 2060 1882 ἲμδί
2081 1797 2186 1882 Per
2224 1792 2639 1882 οοιξίθιηΡιιξων.
2666 1788 2848 1882 ιτίὺυξ
2866 1788 3315 1882 ιιιιειάιξδεςείᾼιηίε-
3344 1792 3445 1857 Οιιὶ

184 1898 467 1955 confessus
494 1916 556 1954 ιιι
580 1915 736 1955 annis
757 1899 991 1954 clausus.
1012 1899 1083 1953 Et
1111 1908 1293 1968 postea
1318 1897 1490 1954 frater
1513 1899 1657 1955 illius
1680 1903 1764 1956 al-

180 1990 298 2045 .tari
344 1989 637 2058 subjectus.
684 1989 841 2045 Anno
882 2004 989 2044 uno
1035 1989 1310 2055 diaconus,
1355 2007 1415 2045 ιιι
1457 1991 1762 2062 presbyter,

187 2096 276 2135 ιιιι
310 2082 612 2152 episcOpus,
644 2090 699 2135 et
727 2082 893 2135 abbas
921 2096 1019 2135 suo
1054 2082 1281 2150 quisque
1308 2081 1498 2136 ordine
1523 2082 1767 2153 privatus

184 2171 649 2242 doctorisjudicio
674 2173 952 2243 partite-at.

262 2262 323 2316 ll.
370 2262 472 2329 Qui
521 2264 756 2333 seipsum
801 2263 1258 2333 coinquinaverit,
1305 2278 1505 2318 annum
1550 2262 1766 2319 clausus

183 2352 487 2426 paniteat:
522 2348 656 2422 puer
687 2368 762 2408 xu
798 2367 1062 2408 annorum
1099 2368 1165 2409 ιιι.
1193 2365 1287 2407 aut
1317 2369 1376 2408 ιιι
1412 2354 1763 2424 quadragesi-

186 2445 347 2509 mis,t
367 2445 623 2500 diaconus
644 2460 786 2500 anno
807 2444 1042 2506 clausus,
1068 2453 1121 2500 et
1149 2460 1273 2500 cum
1296 2443 1562 2499 fratribus
1584 2443 1765 2515 paeni-

180 2547 303 2595 teat
340 2539 605 2595 demedio.
649 2539 912 2596 Sacerdos
948 2556 1054 2596 uno
1084 2555 1231 2595 anno
1270 2539 1506 2605 clausus,
1545 2547 1603 2595 et
1639 2554 1764 2596 cum

178 2628 450 2685 fratribus
474 2629 663 2685 altero.

266 2718 350 2774 III.
387 2718 678 2775 Monachus
698 2729 1010 2776 consecrata
1030 2718 1243 2777 furatus
1262 2720 1451 2775 exsilio
1472 2735 1615 2778 anno
1634 2736 1763 2788 uno,

172 2819 247 2864 et
270 2810 435 2865 altero
457 2826 579 2866 cum
608 2809 864 2867 fratribus
884 2811 1162 2881 peniteat.
1196 2812 1254 2875 Si
1278 2819 1459 2867 autem
1483 2811 1768 2868 intraverit

178 2899 400 2974 .[Forte,
439 2901 780 2975 iteraverit],
820 2903 1071 2959 exsilium
1108 2904 1363 2973 patietur.
1407 2904 1642 2960 Furatus
1689 2906 1767 2960 ci-

184 2994 338 3061 bum,
365 2995 808 3065 quadragesima;
839 2995 885 3049 si
916 2995 1126 3062 iterato,
1152 3003 1266 3051 tres
1289 2998 1761 3068 quadragesimas;

172 3085 242 3140 .si
276 3086 451 3151 tertio,
487 3101 661 3153 anno;
699 3086 745 3142 si
773 3095 988 3158 quarto,
1014 3086 1132 3158 jugi
1162 3087 1357 3143 exsilio
1390 3089 1491 3144 sub
1525 3088 1631 3144 alio
1663 3090 1765 3145 ab—

173 3174 316 3232 bate
340 3177 616 3248 paeniteat.

260 3261 348 3321 IV.
385 3263 590 3320 Dilatus
608 3274 665 3320 et
688 3264 882 3321 dilator
899 3264 1167 3323 consimili
1183 3279 1416 3335 persona
1430 3263 1759 3337 judicentur,

182 3355 254 3416 Si
277 3354 473 3411 dilatus
507 3355 801 3426 negaverit,
831 3369 973 3411 anno
1002 3354 1165 3410 simili
1197 3356 1485 3425 paeniteat,
1514 3355 1568 3410 in
1600 3355 1764 3426 septi-

178 3461 348 3505 mana
378 3463 419 3502 ιι
445 3446 633 3502 diebus
648 3462 796 3518 ,pane
823 3462 1086 3517 aquaque,
1116 3457 1172 3503 et
1196 3448 1430 3505 biduano
1454 3448 1510 3504 in
1534 3450 1641 3504 ﬁne
1664 3464 1762 3503 cu-

168 3533 379 3606 jusque
415 3535 617 3590 mensis
640 3536 892 3591 omnibus
920 3536 1178 3593 fratribus
1209 3539 1662 3608 subponentibus;
1707 3547 1764 3595 et

180 3627 358 3683 Deum
396 3627 477 3683 eis
507 3625 746 3698 judicem
771 3630 1215 3686 contestantibus.
1256 3630 1640 3687 Permanentes
1668 3646 1763 3686 au-

182 3729 301 3775 tem
335 3718 390 3773 in
421 3719 800 3786 obstinatione,
826 3735 969 3776 anno
1002 3736 1240 3788 emenso,
1273 3721 1496 3776 alterius
1520 3737 1762 3777 commu-

174 3808 337 3865 nioni
361 3809 462 3864 sub
480 3807 663 3878 judice
688 3809 902 3864 ﬂamma
928 3810 1223 3877 sociantur,
1253 3819 1308 3867 et
1331 3812 1424 3867 Dei
1443 3809 1649 3880 judicio
1675 3828 1763 3869 re-

180 3901 519 3970 linquantur.
545 3899 604 3955 Si
624 3899 839 3971 quando
861 3901 996 3957 alter
1016 3900 1178 3958 fuerit
1200 3903 1477 3960 confessus
1499 3912 1761 3974 quantum

178 3992 391 4049 laboris
415 3992 569 4047 alteri
598 3992 871 4058 intulerit,
898 4001 1108 4049 tantum
1136 3995 1239 4051 sibi
1267 3996 1669 4066 multiplicetur.

218 4122 467 4181 INCIPIT
503 4124 779 4180 ALTERA
816 4123 1134 4180 SYNODUS
1166 4123 1325 4181 LUCI
1362 4125 1725 4182 VICTORIAE.

261 4238 489 4294 Faciens
522 4236 723 4292 furtum
753 4235 949 4299 semel,
991 4249 1133 4291 anno
1163 4252 1303 4301 uno;
1346 4237 1391 4291 si
1426 4237 1598 4306 plura,
1631 4239 1761 4293 dno-

173 4334 292 4391 bus
328 4333 504 4387 annis.
550 4330 651 4398 Qui
692 4329 889 4385 occidit
926 4327 1149 4383 fratrem
1188 4344 1346 4383 suum
1387 4345 1492 4383 non
1537 4346 1604 4384 ex
1648 4331 1759 4386 odii

172 4422 563 4487 meditatione;
606 4420 652 4476 si
686 4420 960 4475 iracundia
998 4420 1195 4483 subita,
1225 4419 1453 4473 triennio
1476 4421 1753 4491 pmniteat.

1780 1880 1785 1885 '
1864 1872 2013 1941 cogit
2044 1871 2275 1941 aliquem
2322 1874 2673 1931 humanitatis
2712 1874 2886 1960 gratia
2927 1886 2986 1933 nt
3028 1878 3339 1942 inebrietur,
3374 1882 3446 1935 si-

1867 1963 2068 2018 militer
2092 1971 2152 2017 ut
2180 1963 2362 2019 ebrius
2384 1965 2664 2034 poeniteat.
2695 1968 2796 2035 Qui
2826 1984 2953 2025 vero
2978 1968 3172 2027 effectu
3206 1972 3316 2027 odii
3350 1987 3444 2028 seu

1868 2052 2125 2117 luxurize,
2180 2061 2241 2107 ut
2288 2055 2515 2124 turpiter
2569 2055 2887 2123 confundat,
2937 2060 3020 2114 vel
3068 2061 3323 2127 irrideat,
3377 2064 3445 2117 ad

1861 2145 2181 2200 ebrietatem
2215 2145 2351 2202 alios
2386 2148 2563 2217 cogit,
2593 2148 2637 2203 si
2673 2165 2780 2205 non
2820 2151 2953 2207 satis
2988 2154 3329 2222 pmnituerit,
3365 2155 3444 2211 sic

1864 2237 2124 2307 poeniteat
2150 2247 2209 2293 ut
2236 2239 2502 2294 homicida
2526 2242 2850 2297 animarum.

1935 2328 1998 2382 Il.
2040 2328 2174 2384 Cum
2200 2330 2423 2386 muliere
2449 2332 2768 2402 desponsata
2790 2334 3007 2390 Christo
3028 2337 3310 2403 maritove,
3329 2339 3445 2396 sive

1865 2437 1987 2477 cum
2010 2421 2256 2491 jumento
2285 2423 2370 2479 vel
2408 2440 2531 2479 cum
2568 2426 2806 2481 masculo
2844 2426 3195 2494 fornicantes,
3225 2430 3291 2485 de
3319 2431 3444 2486 reli-

1864 2524 1974 2581 quo
1997 2511 2195 2565 mortui
2232 2512 2432 2567 mundo
2460 2513 2572 2567 Deo
2605 2514 2806 2569 vivant.
2845 2514 2947 2581 Qui
2970 2526 3152 2572 autem
3183 2533 3306 2573 cum
3336 2519 3445 2574 vir-

1864 2598 1989 2669 gine
2011 2600 2096 2655 vel
2120 2601 2279 2656 vidua
2306 2602 2535 2657 necdum
2560 2601 2882 2672 desponsata
2910 2607 3233 2675 peccaverit,
3263 2608 3443 2663 dotem

1865 2690 1954 2744 det
1984 2691 2302 2759 parentibus
2337 2690 2484 2761 ejus,
2523 2700 2577 2746 et
2608 2707 2750 2748 anno
2782 2709 2891 2750 uno
2922 2696 3201 2763 poeniteat.
3243 2696 3301 2750 Si
3336 2713 3444 2752 non

1864 2778 2117 2834 habuerit
2145 2771 2353 2845 dotem,
2387 2796 2445 2836 ιιι
2477 2782 2633 2836 annis
2659 2784 2939 2839 omniteat.

1934 2867 2020 2923 Ill.
2060 2860 2358 2940 Episcopus
2390 2872 2738 2929 homicidium
2771 2874 3045 2930 voluntate
3080 2875 3316 2942 faciens,
3356 2877 3441 2932 vel

1865 2962 2160 3030 quamlibet
2187 2963 2628 3031 fornicationem,
2654 2966 2929 3033 dolumve,
2960 2984 3057 3023 xm
3085 2968 3240 3024 annis
3273 2970 3445 3040 pumi-

1866 3059 1994 3106 teat.
2023 3051 2311 3124 Presbyter
2330 3064 2510 3109 autem
2537 3072 2643 3121 vn,
2669 3072 2791 3112 cum
2816 3072 2956 3127 pane
2979 3067 3033 3114 et
3057 3075 3226 3128 aqua,
3253 3069 3308 3114 et
3339 3059 3446 3114 fer-

1865 3140 1988 3195 culo
2012 3141 2068 3197 in
2094 3142 2181 3198 die
2220 3144 2500 3199 Dominico
2526 3145 2610 3199 vel
2649 3145 2881 3202 sabbati.
2913 3147 3178 3204 Diaconos
3201 3165 3288 3214 γι,
3326 3151 3445 3205 sine

1862 3235 2053 3304 gradu.
2080 3233 2374 3290 Monachus
2398 3252 2501 3301 nn,
2530 3235 2631 3291 nisi
2657 3236 2945 3293 infirmitas
2969 3239 3223 3308 impediat
3247 3240 3388 3295 IIIOS.

1932 3324 2021 3379 IV.
2061 3324 2163 3392 Qui
2196 3326 2248 3380 in
2278 3327 2482 3381 somnis
2501 3342 2624 3382 cum
2647 3328 2920 3384 voluntate
2939 3330 3175 3399 pollutus
3200 3340 3302 3395 est,
3325 3348 3445 3387 sur-

1842 3422 1980 3484 .gat,
2014 3425 2277 3487 canatque
2307 3433 2381 3473 vn
2422 3418 2680 3488 psalmos,
2710 3428 2764 3474 et
2794 3419 2845 3473 in
2882 3420 2967 3475 die
3002 3421 3096 3475 illo
3134 3422 3190 3476 in
3217 3437 3356 3492 pane
3388 3432 3446 3479 et

1861 3522 2000 3576 aqua
2030 3506 2194 3562 vivat.
2233 3506 2329 3563 Sin
2365 3517 2579 3574 autem,
2618 3525 2726 3563 xxx
2757 3509 2995 3580 psalmos
3028 3520 3207 3566 canat.
3246 3512 3444 3567 Voleus

1860 3610 2040 3656 autem
2080 3600 2133 3655 in
2172 3601 2376 3656 somnis
2403 3610 2659 3671 peccare,
2690 3604 2783 3656 sed
2814 3618 2921 3656 non
2959 3602 3166 3672 potuit,
3197 3617 3267 3657 xv
3299 3602 3444 3672 psal-

1860 3704 1997 3744 mos.
2020 3687 2078 3744 Si
2099 3697 2278 3745 autem
2298 3691 2623 3760 peccaverit,
2641 3691 2735 3746 sed
2756 3707 2864 3747 non
2883 3690 3116 3762 pollutus
3126 3701 3234 3758 est,
3248 3708 3439 3758 nun;

1859 3780 1905 3835 si
1930 3779 2047 3835 sine
2065 3780 2338 3836 voluntate
2364 3782 2619 3850 pollutus,
2645 3766 2741 3834 xv:
2782 3836 2789 3845 ρ

1931 3870 1995 3924 V.
2033 3869 2254 3941 Antiqui
2279 3872 2565 3927 decrevere
2588 3872 2761 3926 sancti
2785 3879 2845 3926 ut
2869 3871 3152 3940 episcopus
3175 3886 3275 3941 pro
3298 3872 3445 3941 capi-

1857 3960 2057 4015 talibus
2085 3963 2321 4032 peceatis
2345 3978 2504 4017 mm
2534 3964 2690 4018 annis
2718 3963 3005 4032 pmniteat,
3035 3964 3319 4033 presbyter
3341 3979 3442 4029 xu,

1858 4053 2115 4108 diaconus
2141 4070 2216 4108 vn
2248 4072 2260 4107 :
2295 4054 2374 4109 sic
2398 4054 2571 4123 virgo,
2599 4053 2875 4123 Iectorque
2904 4062 2959 4107 et
2989 4053 3290 4120 religiosus.
3318 4053 3444 4106 Ebi-

1858 4144 2018 4198 batus
2044 4151 2224 4197 autem
2251 4159 2356 4198 ιιιι.
2387 4142 2539 4199 Nunc
2564 4151 2744 4197 autem
2771 4143 3072 4212 presbyteri
3101 4143 3307 4197 ruentis
3329 4149 3442 4212 pm-

1859 4233 2083 4287 nitentia
2109 4241 2211 4298 est,
2236 4233 2553 4301 diaconique
2578 4240 2633 4287 et
2658 4231 2993 4293 subdiacoui,
3021 4231 3364 4302 virginisque,
3388 4241 3445 4287 et

1859 4319 2143 4389 cujuslibet
2162 4321 2416 4383 hominis,
2442 4321 2716 4375 hominem
2740 4321 2807 4374 ad
2831 4328 3057 4375 mortem
3082 4322 3365 4387 tradentis,
3388 4331 3445 4376 et

1859 4426 1981 4465 cum
2011 4409 2328 4479 pecodibus,
2360 4410 2443 4465 vel
2472 4426 2593 4464 cum
2622 4427 2718 4464 sua
2746 4426 2963 4476 sorore,
2995 4411 3078 4465 vel
3110 4427 3232 4465 cum
3261 4412 3441 4466 mariti

171 4513 410 4570 Adulter
435 4527 650 4583 quoque
676 4520 732 4567 et
766 4511 880 4582 ipse
914 4511 1164 4566 triennio.
1196 4511 1298 4578 Qui
1327 4512 1569 4582 pmbent
1595 4513 1757 4567 duca-
1782 4512 1835 4571 Ι)
1861 4516 2027 4555 uxore
2061 4499 2397 4566 fornicantis,
2433 4509 2490 4555 et
2523 4502 2741 4556 venenis
2771 4501 3040 4556 hominem
3075 4502 3321 4556 occidere
3349 4517 3445 4557 vo-

175 4616 302 4662 tum
342 4605 618 4671 barbaris,
660 4618 779 4659 xun
818 4604 1003 4670 annis;
1046 4611 1226 4658 tamen
1265 4604 1309 4658 si
1350 4618 1458 4658 non
1498 4603 1760 4659 acciderit

170 4698 384 4768 stragis
410 4696 874 4759 Christianorum,
909 4703 965 4751 et
995 4693 1272 4766 sanguinis
1305 4692 1515 4758 eli'usio,
1551 4701 1607 4749 et
1639 4694 1756 4763 dira

172 4788 486 4858 captivitas.
532 4787 590 4843 Si
635 4795 815 4841 autem
860 4785 1131 4851 evenerit;
1176 4792 1338 4855 agant
1380 4785 1597 4841 residuo
1634 4786 1756 4842 vitae

168 4880 580 4951 paenitentiam,
627 4878 829 4935 relictis
868 4879 1054 4934 armis.
1093 4877 1151 4933 Si
1195 4887 1377 4933 autem
1406 4879 1658 4945 voluerit,
1700 4887 1757 4934 et

170 4989 291 5030 non
324 4971 393 5028 ad
430 4979 553 5028 vota
592 4972 693 5027 sibi
734 4972 990 5028 barbaros
1029 4970 1095 5025 ad
1130 4969 1467 5026 Christianos
1504 4972 1752 5037 educere,

169 5062 402 5120 residuo
428 5063 552 5117 vita:
578 5077 688 5117 sua:
714 5062 991 5131 poeniteat.
1020 5059 1123 5127 Qui
1154 5058 1447 5129 perjurium
1468 5057 1635 5127 jurat,
1669 5076 1752 5115 ιιιι

162 5154 360 5210 annis.
401 5153 504 5221 Qui
531 5151 746 5207 deducit
780 5152 942 5206 alium
963 5134 1028 5203 in
1064 5149 1359 5219 perjurium
1397 5148 1753 5217 ignorantem,

164 5263 256 5303 vn
283 5247 461 5302 annis.
497 5245 599 5312 Qui
624 5245 884 5300 deductus
910 5250 992 5297 est
1026 5242 1297 5311 ignorans,
1332 5247 1386 5295 et
1418 5248 1601 5309 postea
1631 5241 1756 5305 scit,

165 5352 325 5396 anno
361 5353 489 5394 uno.
530 5335 633 5404 Qui
668 5350 798 5391 vero
840 5334 1145 5402 suspicatur
1183 5331 1326 5399 quod
1368 5330 1420 5382 in
1459 5328 1756 5399 perjurium

166 5427 485 5491 deducitur,
517 5434 698 5481 tamen
722 5422 899 5492 jurat,
937 5437 1035 5491 pro
1072 5435 1336 5498 consensu
1369 5435 1408 5473 ιι
1447 5418 1620 5472 annis.
1654 5418 1756 5485 Qui

167 5533 200 5564 ι
228 5520 545 5576 moechatur
570 5514 759 5571 matris
778 5523 882 5578 est,
907 5528 965 5566 ιιι
995 5510 1151 5566 annis
1179 5524 1302 5564 cum
1326 5509 1757 5578 peregrinatione

166 5612 428 5686 perenni.
459 5608 563 5678 Qui
590 5623 715 5665 cum
740 5622 877 5662 cane
898 5604 984 5660 vel
1007 5618 1131 5659 cum
1156 5616 1477 5672 quocunque
1502 5616 1759 5672 peccave-

1861 4592 2039 4657 lentis,
2064 4592 2376 4647 triennium.
2402 4593 2583 4648 Primo
2607 4608 2749 4647 anno
2771 4607 2934 4661 super
2958 4601 3179 4659 terram,
3206 4592 3442 4647 secundo

1860 4681 2021 4751 lapidi
2049 4690 2209 4751 caput
2237 4681 2651 4752 imponendum,
2682 4684 2841 4737 tertio
2872 4698 3032 4751 super
3054 4697 3209 4736 axem
3228 4681 3439 4750 jaceat,

1858 4771 2080 4842 soloque
2115 4786 2253 4841 pane
2288 4781 2343 4826 et
2370 4787 2507 4841 aqua
2536 4780 2590 4827 et
2625 4772 2737 4826 sale
2759 4779 2814 4825 et
2847 4771 3133 4841 leguminis
3162 4771 3443 4841 talimpulo

1858 4872 2126 4919 vescatur.
2171 4862 2472 4932 (laterique
2517 4862 2709 4917 malint
2744 4877 2849 4915 xxx
2892 4861 3173 4916 triduanos
3207 4862 3291 4917 vel
3318 4877 3442 4917 cum

1859 4953 2399 5024 superpositionibus,
2424 4967 2547 5007 cum
2569 4954 2692 5008 cibo
2712 4952 2959 5021 lectoque
2986 4952 3316 5021 supradicto,
3347 4966 3446 5005 an-

1862 5060 2005 5101 nona
2030 5044 2097 5099 ad
2124 5061 2322 5100 nonam
2348 5059 2518 5115 usque
2540 5045 2607 5100 ad
2637 5043 2883 5099 alteram.
2921 5043 3041 5097 Alia
3069 5051 3153 5097 est
3178 5042 3445 5113 poeniten-

1863 5140 1937 5193 tia
1974 5155 2035 5194 ιιι
2075 5139 2250 5204 annis,
2290 5138 2385 5193 sed
2422 5137 2626 5193 himina
2666 5136 2732 5192 de
2765 5136 2993 5192 cervisia
3018 5135 3104 5189 vel
3141 5135 3283 5190 lacte
3318 5150 3442 5188 cum

1859 5244 1999 5299 pane
2022 5230 2240 5297 saleque
2266 5246 2279 5281 :
2309 5227 2480 5282 altera
2505 5242 2536 5282 e
2564 5227 2773 5282 duabus
2809 5228 3059 5282 noctibus
3081 5242 3202 5281 cum
3231 5224 3443 5296 prandii

1860 5312 2087 5382 ratione,
2110 5326 2166 5374 et
2186 5319 2376 5373 ordine
2401 5334 2477 5373 xu
2499 5318 2650 5373 horis
2673 5319 2912 5373 noctium
2937 5320 3251 5388 dierumque
3275 5318 3442 5371 Deum

1860 5413 2163 5483 supplicare
2190 5414 2407 5468 debent.
2440 5412 2577 5467 Ilinc
2600 5425 2779 5467 autem
2804 5416 3118 5486 presbytero
3138 5413 3333 5470 oﬂ'erre
3358 5426 3445 5466 sa-

1861 5504 2156 5568 criﬁcuum,
2191 5503 2275 5557 vel
2308 5504 2536 5558 diacono
2568 5500 2752 5557 tenere
2787 5505 3010 5559 calicem
3035 5521 3140 5561 non
3165 5505 3319 5567 licet,
3351 5509 3443 5554 aut
3550 5530 3561 5540 ο

1863 5598 1919 5653 in
1949 5597 2318 5653 sublimiorem
2348 5598 2573 5667 gradum
2598 5598 2907 5654 ascendere.

255 5750 282 5779 ι
319 5732 382 5789 Id
404 5739 515 5798 est,
551 5728 860 5792 maechator;
898 5739 1021 5779 nam
1042 5731 1253 5779 veteres
1274 5720 1508 5776 litteram
1544 5736 1577 5773 ιι
1606 5736 1702 5789 pro
1731 5737 1761 5773 ο
1802 5717 2110 5788 frequenter
2138 5715 2488 5785 usurpabant.
