3950 6308
183 432 312 498 152i

177 556 361 626 fuerit,
384 561 610 622 ancillas
637 583 692 636 v,
721 584 907 633 servos
927 580 1173 652 totidem,
1211 587 1361 645 reddi
1392 608 1427 663 p

171 741 339 810 ciens,
365 748 598 821 accipiet
623 754 677 809 in
698 756 926 825 judicio.
1007 811 1013 824 ,

1369 469 1690 539 CANONES
1725 476 2072 546 HIBERNEN
2082 488 2164 550 SE
2174 495 2230 552 S.

3316 523 3456 590 I322

1430 595 1756 668 rtecipimus.
1782 604 1833 665 Α
1863 597 2024 658 fuerit
2073 608 2448 678 consignatum
2494 632 2507 670 :
2549 617 2594 674 si
2630 630 2908 684 auctorem
2949 640 3042 687 aut
3079 634 3452 706 ﬁdeiussorem

175 646 431 708 Mannum
469 664 525 712 et
561 663 858 729 quamlibet
894 646 1259 737 membrorum
1305 646 1638 746 debilitatem
1671 691 1756 748 fa-

1859 707 1968 749 non
1998 695 2279 769 habuerit,
2304 705 2370 760 de
2401 705 2546 766 furto
2569 727 2629 769 se
2649 719 2861 775 noverit
2887 695 3340 796 componendum.

1929 785 2047 842 XX.
2109 790 2164 846 Si
2201 795 2322 865 quis
2364 799 2431 854 de
2457 801 2624 860 Gallis
2669 809 2752 863 vel
2789 811 2855 868 de
2908 785 3344 880 Saxbnibusﬁi‘ﬁvjel
3379 827 3452 890 de

1931 830 2047 842 η.-.
2109 830 2164 846 υ.
2201 830 2322 865 ιιι-ιδ
2364 830 2431 854 uc
2457 830 2624 860 uanus
2674 830 2752 863 vei
2789 830 2855 868 ue
2908 830 3215 877 Saxonibus
3259 830 3344 880 vel
3379 830 3451 890 de

237 830 330 892 IV.
371 839 430 896 Si
452 845 575 914 quis
608 848 883 913 homicidii
909 875 1072 921 causa
1101 873 1423 946 suspicatus,
1455 891 1508 938 et
1532 901 1639 943 non
1671 899 1756 947 est
1854 879 2094 950 qualibet
2119 895 2278 954 εεηιε
2313 893 2578 961 capallum
2606 906 3005 971 comparaverit
3048 911 3104 966 in
3150 917 3451 984 (ιυθωιίὺθι

255 930 443 984 titulus
469 944 850 984 annrnhgm-I:
877 951 968 984 ru
995 968 1064 984 η-.
1114 967 1256 984 _-___.
1351 972 1410 984 ..τ
1657 982 1670 984 Α
1984 973 1996 984 ·
2273 981 2305 984 -·

167 929 218 985 ei
255 930 443 991 titulus
469 944 850 1012 comprobandi
875 951 968 1025 [Id
989 968 1080 1025 est,
1114 929 1431 1046 revelandi]:
1461 992 1626 1036 xnvm
1656 982 1755 1041 ho-

164 1022 340 1082 mines
369 1030 675 1092 nominatos
709 1049 1088 1120 congregabit,
1114 1070 1146 1111 e
1181 1061 1378 1129 quibus
1390 1022 1556 1126 Jxxun
1583 1071 1639 1127 in
1661 1089 1752 1132 ec-

161 1113 686 1191 clesiajurent-eum
712 1147 833 1191 esse
854 1153 1126 1200 veracem.
1161 1147 1252 1207 Sic
1274 1153 1394 1212 sine
1417 1160 1574 1231 culpa
1595 1178 1750 1224 exce-

164 1206 251 1231 4-.
272 1229 280 1231 μ
318 1211 359 1231 -2
383 1228 409 1231 υ
435 1229 445 1231 μ
518 1215 532 1228 ο
736 1225 748 1231 ·

1235 1206 1240 1207 ,
1279 1206 1391 1212 π,
1422 1206 1574 1231 -_.,...
1595 1206 1740 1224 μυν-

159 1206 282 1276 tht;
315 1211 361 1267 si
382 1228 491 1271 non
507 1215 802 1294 iuraverit,
829 1232 1053 1292 ancillas
1077 1253 1112 1294 v
1136 1249 1191 1297 et
1213 1258 1289 1301 vn
1311 1261 1496 1309 servos
1522 1256 1740 1327 reddet,

159 1307 216 1356 et
253 1316 478 1364 securus
515 1310 628 1368 ﬁat.

231 1393 295 1448 V.
324 1395 382 1452 Si
420 1402 758 1470 quisservus
781 1411 1074 1486 ingenuum
1094 1427 1381 1501 occiderit,
1405 1441 1462 1490 et
1480 1438 1637 1512 plaga
1658 1443 1744 1499 in-

153 1499 359 1556 genuus
397 1502 489 1550 aut
516 1497 582 1553 de
605 1498 768 1570 fuste,
808 1518 902 1564 aut
915 1510 983 1568 de
1002 1519 1180 1574 securi
1210 1534 1236 1563 α
1261 1497 1617 1601 hidubioque,
1642 1546 1740 1592 aut

149 1578 706 1650 cultellointcrfcctus
750 1594 944 1670 fuerit,
990 1605 1261 1667 homicida
1279 1578 1741 1685 parentibustra-

148 1670 323 1741 ditur,
349 1683 406 1731 ct
432 1677 633 1739 habent
673 1684 979 1750 libertatem
1003 1696 1236 1759 faciendi
1271 1670 1733 1777 quod—voluerint.

219 1765 305 1822 VI.
356 1769 413 1827 Si
460 1782 643 1832 autem
692 1780 941 1843 dominus
996 1805 1154 1849 servo
1205 1812 1358 1856 arma
1396 1807 1736 1866 commiserit

139 1865 383 1929 portare,
424 1872 481 1920 et
505 1866 799 1940 ingenuum
824 1876 1100 1939 hominem
1142 1890 1434 1962 occiderit,
1473 1897 1651 1970 ipsum
1676 1912 1733 1960 et

139 1949 308 2008 alium
334 1968 552 2014 servum
573 1977 633 2018 se
660 1969 873 2024 noverit
899 1975 1254 2038 redditurum.

122 2230 292 2302 culpa
319 2243 462 2299 servi
487 2242 697 2316 fecerit,
733 2268 924 2313 servus
950 2274 1050 2330 pro
1079 2279 1259 2324 servo.

202 2323 336 2381 VIII.
367 2329 426 2386 Si
454 2337 574 2404 quis
599 2339 656 2394 in
684 2343 802 2400 rixa
825 2323 1045 2407 manum
1073 2357 1158 2412 vel
1181 2360 1398 2420 oculum
1424 2369 1726 2445 pedemque

1317 2417 1398 2420 ﬁ
1424 2417 1724 2445 ,-_-....,....

118 2417 367 2480 hominis
397 2432 766 2504 maculaverit,
809 2443 1060 2503 ancillam
1084 2450 1200 2509 sive
1225 2469 1444 2516 servum
1484 2464 1724 2523 redditu—

121 2525 254 2568 rum
285 2530 600 2589 cognoscat.

197 2603 294 2661 IX.
349 2609 407 2668 Si
445 2615 569 2685 quis
610 2620 860 2712 pollicem
904 2644 1098 2690 manus
1135 2638 1430 2712 exciderit,
1479 2649 1719 2708 medium

113 2697 309 2758 damni
337 2707 464 2775 poni
487 2701 853 2785 praecipimus.

193 2789 265 2893 X.
296 2793 500 2900 Siquis
521 2801 795 2866 hominem
821 2811 1010 2876 lancea
1035 2822 1280 2894 gladiove
1305 2829 1534 2905 ferierit,
1553 2845 1611 2896 et
1635 2839 1717 2896 in-

105 2880 326 2940 teriora
365 2887 649 2964 inspiciat,
688 2907 900 2974 argenti
928 2880 1096 2971 libras
1122 2934 1186 2975 ur
1214 2924 1476 2982 exsolvat.

189 2973 284 3032 XI.
332 2977 391 3035 Si
437 2984 559 3054 quis
583 2973 1015 3066 caputialterius
1050 3015 1382 3076 percusserit
1428 3035 1600 3092 usque
1645 3027 1715 3082 ad

100 3070 330 3216 cet-ielbri
358 3089 584 3149 pampas
615 3080 708 3155 [Id
734 3098 811 3144 est
828 3131 844 3157 ,
884 3070 1188 3176 squamas],
1216 3070 1386 3167 libras
1407 3070 1617 3186 argenti

106 3173 180 3215 re
259 3171 334 3216 at.

106 3171 334 3218 reddat.

1853 973 2110 1043 speciem,
2161 981 2392 1039 testibus
2417 991 2763 1060 comprobet;
2788 995 2835 1051 si
2863 1006 3044 1054 autem
3065 1005 3444 1078 consignatum

1849 1063 2041 1136 fuerit;
2066 1077 2120 1126 et
2147 1071 2378 1133 invicem
2403 1087 2570 1139 testes
2596 1086 3027 1163 adtequavcrint;
3053 1098 3097 1152 si
3120 1099 3217 1168 ita,
3244 1107 3445 1176 aaquali

1849 1157 2109 1217 dividant.
2160 1163 2218 1220 sa
2253 1175 2418 1226 testes
2453 1189 2560 1230 non
2586 1157 2859 1249 habuerit,
2883 1193 2940 1239 et
2979 1157 3328 1250 mendacium
3347 1214 3443 1253 co-

1847 1259 2008 1306 natur
2035 1252 2328 1328 inquirerc,
2360 1263 2580 1334 triplum
2602 1283 2662 1326 se
2691 1275 2902 1330 noverit
2931 1280 3310 1342 restituturum
3346 1290 3444 1358 qui

1845 1354 2093 1402 conatur.

1863 1471 1883 1491 .
1915 1433 2061 1492 XXI.
2100 1437 2158 1494 Si
2187 1443 2310 1513 quis
2335 1447 2590 1508 animalia
2615 1455 2780 1514 vicini
2819 1461 2905 1517 sui
2931 1463 2987 1519 in
3010 1465 3178 1523 herba
3207 1473 3435 1527 commi-

1842 1526 1978 1582 serit
1995 1527 2216 1599 intacta,
2241 1543 2297 1592 et
2325 1545 2624 1600 manserint
2646 1548 2701 1604 in
2727 1565 2825 1618 ea;
2866 1565 3095 1640 propter.
3116 1561 3371 1619 animalia
3389 1582 3431 1622 ιι

1839 1632 2008 1675 unum
2038 1623 2334 1695 scripulum
2361 1632 2572 1690 reddat.
2620 1637 2678 1694 Si
2706 1641 2762 1695 in
2791 1623 3280 1715 fastigi-uin'herba:
3315 1653 3436 1712 fuc-

1837 1710 1950 1767 rint
1997 1725 2156 1786 capta
2182 1760 2198 1787 ,
2245 1732 2469 1796 propter
2509 1730 2766 1789 animalia
2797 1751 2884 1793 nu
2922 1710 3226 1813 scripulum
3261 1764 3431 1805 unum

1837 1801 2046 1860 reddat.
2085 1807 2143 1864 Si
2184 1810 2238 1865 in
2273 1829 2452 1874 messe
2478 1832 2741 1892 quantum
2760 1801 3330 1905 iuraverit-dominus,
3360 1842 3430 1898 de

1829 2273 1960 2319 vero
1984 2279 2084 2336 per
2109 2270 2374 2331 minorem
2400 2281 2578 2339 noctis
2617 2295 2848 2356 partem,
2875 2297 3174 2354 sextarium
3203 2301 3418 2378 reddat.

1899 2355 1990 2378 vv
2001 2358 2067 2378 1η
2121 2362 2177 2378 η·
2301 2369 2313 2378 ·
2582 2376 2596 2378 ⁸

1899 2355 2085 2416 XXIII.
2121 2362 2177 2418 Si
2221 2369 2344 2438 quis
2371 2387 2536 2430 causa
2569 2376 2944 2443 fornicationis
2984 2375 3348 2464 approbatur;
3373 2397 3425 2454 si

1824 2463 1935 2506 non
1945 2449 2228 2527 iuraverit,
2258 2464 2511 2522 ancillam
2535 2472 2741 2530 reddat.

1894 2543 2084 2604 XXIV.
2128 2549 2187 2606 Si
2226 2555 2348 2624 quis
2386 2561 2666 2620 sustulerit
2691 2567 2758 2624 de
2801 2570 3021 2630 homine
3049 2590 3276 2647 equum,
3321 2590 3418 2638 aut

1822 2648 2064 2705 vaccam,
2097 2642 2180 2698 vel
2208 2648 2506 2714 quamlibet
2525 2657 2801 2725 pccodem,
2827 2672 2882 2718 et
2908 2642 3269 2740 quodcunque
3287 2687 3416 2728 cum

1818 2731 2134 2801 repetierit;
2197 2738 2410 2796 debitor
2473 2746 2663 2803 reddat
2726 2767 2850 2807 cum
2923 2731 3221 2816 nutrimide
3289 2779 3409 2821 suo.

1817 2820 2185 2899 Quodcunque
2220 2833 2506 2902 probatum
2556 2839 2754 2910 fuerit,
2800 2847 3166 2919 recipiendum
3219 2857 3412 2926 praeci-

1815 2913 2016 2983 pimus.

1883 3005 2051 3064 XXV.
2083 3009 2140 3067 Si
2189 3017 2342 3086 porci
2371 3018 2429 3075 in
2462 3020 2658 3092 glande
2697 3027 2957 3099 ingressi,
3001 3037 3214 3106 quoties
3239 3043 3405 3113 capti,

1811 3110 2068 3168 porcator
2091 3105 2298 3161 reddat.
2333 3109 2391 3166 Si
2422 3113 2539 3183 ipse
2564 3117 2855 3178 minaverit
2880 3140 2976 3184 eos
3004 3105 3229 3200 sponte,
3274 3105 3404 3205 p-or;

1810 3203 1936 3247 cum
1957 3193 2219 3265 maiorem
2246 3203 2456 3259 reddat.

183 3251 301 3308 Χηο
341 3255 400 3314 Si
435 3263 556 3332 (Ῑιιίε
583 3266 797 3340 alapam
830 3275 986 3335 alteri
1012 3281 1329 3361 iadlegerit,
1353 3309 1457 3353 nec
1487 3303 1706 3373 sanguis
1727 3334 1778 3401 ο
2115 3287 2684 3401 garrulus—usquead
2711 3319 2915 3401 an_num
2959 3327 3038 3368 xu
3073 3329 3173 3386 pro
3207 3319 3406 3379 delicto

183 3359 217 3401 c
249 3345 414 3401 livido
449 3368 709 3401 annm-om
758 3380 792 3401 ιν
819 3368 1018 3401 οηιςιιη..
1042 3382 1248 3401 ,μη-,ε
1283 3396 1301 3401 -
1408 3388 1423 3401 .
1502 3398 1510 3401 -
1808 3386 1860 3401 η.
1907 3390 1919 3401 .
1978 3391 2078 3401 κ.-.
2151 3394 2275 3401 --___

93 3357 217 3401 nec
249 3345 414 3406 livido
449 3368 729 3430 appareat,
758 3380 792 3420 v
818 3368 1020 3429 solidos
1041 3345 1250 3448 argenti
1274 3345 1537 3446 essolvat.

178 3437 320 3496 XIII.
345 3442 404 3499 Si
433 3447 555 3518 quis
579 3452 802 3513 alterius
822 3460 878 3516 in
900 3437 1330 3545 faciemalapam
1347 3488 1699 3557 percusserit,

83 3539 164 3590 ut
181 3538 408 3608 sanguis
447 3551 543 3599 aut
585 3545 752 3608 livido
777 3567 1066 3629 appareat,
1105 3578 1165 3620 se
1199 3538 1454 3630 ancillam
1487 3538 1701 3637 noverii

81 3624 468 3687 redditurum.

174 3716 318 3776 XIV.
359 3722 418 3782 Si
454 3729 577 3798 quis
602 3731 816 3806 lancea,
846 3752 940 3800 aut
973 3746 1030 3802 in
1052 3749 1300 3824 brachio,
1327 3767 1421 3816 aut
1454 3762 1510 3818 in
1537 3780 1695 3823 surra

69 3807 328 3872 alterius
349 3815 596 3880 foramen
626 3826 842 3901 fecerit,
876 3845 1056 3897 tamen
1081 3849 1329 3908 membro
1351 3867 1461 3911 non
1481 3870 1692 3930 noceat,

75 3906 318 3930 ...ν-Λ-ιιέ
351 3906 472 3930 ἐι-ν

70 3906 320 3994 algenti
351 3906 518 3972 libras
541 3933 580 3973 ιι
606 3935 899 3994 cognoscat
925 3933 1170 3994 reddere.

170 3991 294 4051 XV.
329 3997 387 4057 Si
403 4005 530 4106 quis
544 3991 905 4074 homicidium
934 3991 1207 4085 feceritvet
1236 4031 1421 4106 fugam
1450 4042 1688 4112 petierit,

59 4097 356 4160 parentes
401 4093 570 4166 ipsius
611 4101 738 4173 jura
785 4111 1011 4170 reddant
1062 4117 1206 4176 intra
1263 4093 1382 4183 dies
1424 4093 1628 4201 paucos

53 4187 296 4252 postea
312 4196 570 4256 parentes
588 4195 780 4263 patriae
805 4203 1166 4264 restituuntur
1186 4223 1280 4270 aut
1300 4216 1402 4287 ipsi
1512 4225 1689 4292 patria

51 4274 323 4345 vadant,
359 4282 696 4354 velpretium
723 4293 1007 4356 dimidium
1027 4304 1275 4377 reddant,
1313 4274 1369 4366 et
1398 4313 1478 4370 sic
1504 4274 1688 4376 securi

45 4368 150 4424 in
177 4368 401 4430 sedibus
437 4379 676 4439 sedeant.
703 4384 831 4444 Post
846 4391 972 4450 haec
997 4396 1044 4451 si
1067 4412 1193 4456 reus
1220 4405 1407 4463 venire
1431 4409 1680 4480 voluerit,

45 4475 96 4480 _
111 4473 144 4480 Α
161 4459 188 4480 ,
199 4461 227 4480 ,
238 4477 252 4480 _
267 4471 282 4480 ,
443 4471 455 4480 .

41 4459 289 4519 reddat
313 4471 457 4538 quod
487 4482 658 4532 restat
681 4483 873 4550 pretii;
905 4487 1052 4546 vivat
1093 4507 1336 4553 securus.
1368 4499 1427 4556 Si
1464 4502 1682 4564 interim

31 4569 94 4609 a
149 4558 408 4626 cognatis
446 4565 614 4622 occisi
655 4571 867 4630 occisus
894 4574 1055 4635 fuerit
1074 4623 1088 4647 ,
1128 4587 1419 4659 mancipia,
1446 4596 1676 4668 ancillae,

31 4661 62 4668 _
73 4661 92 4668 -
105 4660 143 4668 Α
153 4643 170 4668 1
179 4659 213 4668 -—
225 4661 250 4668 Α
259 4649 334 4668 -με
889 4667 896 4668 “

1074 4643 1081 4647 .
1274 4643 1278 4644 ν
1309 4643 1328 4659 ι
1353 4643 1419 4657 "‘1
1447 4643 1676 4668 νων-ων,

27 4643 356 4716 velservi,
382 4667 848 4733 quae-acceperant
867 4667 1158 4744 debitores,
1177 4684 1496 4749 parentibus
1521 4693 1680 4750 resti-
1705 4702 1761 4765 Ῑ)

22 4747 334 4800 tuantur.

139 4833 298 4892 ‘XVI.
326 4837 386 4895 Si
406 4842 535 4913 quis
547 4844 794 4908 lanceam
815 4855 1043 4928 miserit,
1067 4869 1122 4916 et
1140 4864 1302 4923 homo
1322 4868 1521 4930 illaesus
1546 4877 1670 4945 erit,

21 4947 60 4988 3
81 4929 298 4999 rgenti
340 4931 540 4992 libram
571 4955 734 4999 unam
759 4949 1037 5021 exsolvat;
1067 4955 1115 5010 si
1139 4956 1297 5033 plaga
1321 4929 1668 5039 fuerit,

21 5036 178 5080 aus
205 5035 271 5077 se
294 5028 508 5084 noverit
534 5033 891 5096 redditurum.

138 5113 315 5172 XVII.
343 5119 400 5178 Si
427 5123 548 5194 quis
573 5124 871 5192 fornicatus
895 5135 1058 5196 fuerit
1083 5158 1208 5200 cum
1230 5146 1451 5207 alterius
1477 5168 1666 5226 uxore,

21 5215 165 5264 ιυι
199 5222 407 5278 sorore,
437 5216 690 5289 aut-ﬁlia,
717 5231 1198 5290 mortemoriatur.
1225 5236 1328 5306 Qui
1366 5252 1551 5301 autem
1578 5263 1670 5305 oc-

22 5299 216 5359 :idei
231 5300 292 5366 it,
318 5305 522 5365 nullam
549 5327 769 5372 causam
806 5319 996 5378 timeat
1022 5325 1247 5387 habere.
1328 5403 1335 5411 .

131 5389 336 5450 XVIII.
367 5395 427 5454 Si
467 5403 589 5471 quis
627 5409 916 5482 caballum,
948 5426 1044 5473 aut
1081 5420 1294 5492 bovem,
1328 5403 1432 5484 aut
1480 5446 1669 5503 quam-

21 5487 206 5545 pbet
225 5489 487 5556 pecodem
502 5495 639 5553 furti
664 5498 909 5574 ligatum,
932 5508 1020 5564 vel
1046 5513 1190 5582 quod
1216 5487 1457 5576 occisum
1478 5487 1664 5594 fuerit,

21 5593 142 5638 τις
162 5580 346 5636 enerit
372 5582 427 5638 in
453 5587 656 5660 villam,
687 5594 825 5654 detis
845 5580 1154 5668 iuramento
1171 5623 1240 5664 ιιι
1279 5609 1500 5671 idoneos
1520 5619 1666 5688 quod

39 5667 206 5688 ---ει
463 5686 471 5688 μ
540 5681 554 5688 -
690 5685 701 5688 -

31 5672 126 5729 i1
139 5667 479 5733 sil-habeant
523 5681 740 5753 damni;
769 5689 816 5744 si
841 5667 965 5762 quis
992 5711 1099 5752 non
1121 5697 1420 5773 juraverit,
1467 5667 1659 5767 solvat.

101 5759 289 5818 XIX.
322 5765 379 5822 Si
405 5771 528 5840 quis
553 5788 769 5833 servum
793 5759 1215 5859 servamquevel
1241 5759 1548 5866 quamlibet

21 5854 266 5922 adem
295 5898 312 5925 ,
344 5863 428 5919 vel
453 5881 568 5925 rem
595 5869 830 5943 aliquam
861 5854 1277 5956 comparaverit,
1308 5898 1364 5946 et
1389 5894 1658 5965 cum-ipso

1808 3371 1944 3428 nihil
1976 3375 2081 3432 nisi
2111 3379 2451 3452 disciplinam
2483 3390 2734 3461 accipiat.
2767 3395 2897 3454 Post
2934 3371 3246 3464 vero‘hanc
3260 3421 3398 3468 mta-

1807 3470 1935 3532 tem,
1962 3468 2224 3542 quidquid
2253 3475 2530 3551 delinquat
2554 3483 2638 3538 vel
2663 3485 2904 3560 furatur,
2947 3496 3233 3556 retribuat.

1874 3578 2086 3637 XXVII.
2117 3582 2176 3638 Si
2201 3587 2324 3656 quis
2352 3588 2618 3661 ingenuus
2648 3595 2852 3656 furtum
2878 3601 3086 3673 fecerit,
3125 3617 3182 3666 et
3206 3621 3397 3684 captus

1799 3669 1983 3742 fuerit,
2012 3675 2130 3746 ipse
2155 3680 2436 3750 morietur,
2468 3686 2648 3744 nullus
2675 3690 2744 3747 ab
2768 3693 2849 3750 eis
2875 3698 3108 3769 accipiat
3138 3669 3397 3774 quaestio-

1799 3776 1958 3834 ncm;
1991 3767 2096 3826 hoc
2138 3787 2308 3843 usque
2353 3791 2510 3834 ovem
2538 3781 2621 3835 vel
2649 3797 2909 3857 porcum;
2942 3795 3088 3861 quod
3102 3796 3149 3852 si
3176 3799 3392 3871 minus,

1797 3857 2020 3928 triplum
2045 3865 2315 3921 restituat.
2354 3867 2467 3925 Fur
2491 3885 2592 3942 per
2619 3886 2836 3934 noctem
2879 3857 3052 3940 occidi
3099 3886 3259 3956 licet,
3292 3907 3394 3963 per

1797 3948 1940 4007 diem
1961 3969 2070 4010 non
2093 3955 2240 4026 licet,
2263 3959 2357 4028 qui
2386 3964 2650 4022 occiderit
2671 3969 2728 4025 in
2751 3981 2912 4030 nocte
2936 3976 3141 4034 nullam
3164 3995 3386 4040 causam

1795 4039 1978 4099 habet.

1864 4153 2099 4213 XXVIII.
2143 4159 2201 4216 Si
2230 4164 2353 4234 quis
2375 4182 2541 4225 causa
2563 4171 2696 4228 furti
2721 4177 3084 4247 suspicionem
3108 4184 3381 4260 habuerit,

1791 4252 1848 4300 et
1872 4261 1981 4302 non
2008 4249 2058 4303 ei
2089 4251 2276 4310 titulus
2297 4257 2377 4311 rei
2404 4259 2574 4329 ipsius
2600 4264 2744 4320 inter
2775 4267 2891 4325 dies
2917 4287 2988 4326 xx
3010 4276 3378 4349 consignetur,

1791 4351 2072 4408 usquequo
2097 4344 2298 4402 veritas
2315 4350 2594 4418 probetur.

1860 4449 2054 4509 XXIX.
2085 4454 2142 4511 Si
2167 4460 2290 4528 quis
2309 4463 2377 4517 ad
2402 4463 2668 4533 judicium
2700 4480 3034 4547 compeditus
3063 4485 3250 4542 venire
3276 4505 3377 4545 no-

1786 4540 1970 4611 luerit,
2007 4545 2111 4604 hoc
2145 4557 2206 4604 ut
2237 4551 2293 4606 in
2330 4559 2560 4617 testibus
2601 4540 2894 4636 probetur,
2939 4576 3150 4645 argenti
3180 4577 3377 4637 libram

1785 4649 1952 4690 unam
1982 4648 2207 4710 cogatur
2240 4648 2550 4719 exsolvere;
2584 4664 2640 4710 et
2669 4658 2928 4730 quidquid
2965 4666 3034 4721 ad
3060 4681 3185 4724 cum
3211 4667 3378 4727 fuerit

1783 4729 2092 4801 repetitum,
2125 4733 2242 4792 sine
2264 4738 2524 4799 dilatione
2546 4747 2816 4804 restituat.

1846 4839 2020 4902 XXX.
2063 4848 2121 4904 Si
2149 4853 2272 4923 quis
2300 4856 2563 4915 tributum
2600 4879 2710 4920 non
2739 4878 3060 4941 opportune,
3098 4885 3153 4932 et
3189 4880 3258 4934 ad
3275 4878 3370 4952 ju-

1780 4938 1955 4997 dicem
1997 4959 2030 4998 a
2057 4945 2345 5006 tributario
2373 4955 2683 5024 compulsus
2709 4959 2891 5030 fuerit,
2931 4966 2976 5020 si
3013 4984 3198 5027 mense
3238 4982 3369 5032 ante

1777 5035 2037 5104 prmdicto
2087 5040 2418 5112 neglexerit,
2463 5046 2659 5118 pignus
2705 5052 2813 5108 det.
2858 5055 2928 5112 Et
2970 5058 3016 5114 si
3065 5063 3371 5136 neglexerit

1776 5140 1963 5183 mense
1996 5133 2252 5200 secundo,
2287 5135 2509 5206 duplum
2532 5141 2802 5200 restituet.

1845 5243 2037 5302 XXXI.
2073 5247 2129 5304 Si
2157 5251 2278 5321 quis
2309 5255 2562 5313 ancillam
2592 5269 2686 5316 aut
2728 5277 2946 5322 servum
2976 5267 3274 5341 perdiderit
3309 5289 3366 5336 ct

1772 5337 2137 5408 suspicionem
2167 5344 2438 5415 habuerit,
2480 5365 2638 5408 xxuu
2659 5355 2766 5410 viri
2791 5359 3112 5421 nominatim
3135 5381 3362 5439 congre-

1772 5445 1966 5508 gentur
2010 5454 2080 5495 ex
2121 5443 2316 5512 quibus
2340 5445 2623 5505 duodecim
2639 5449 2826 5522 iurent
2846 5456 2894 5514 si
2923 5475 3033 5517 non
3052 5464 3240 5522 reddat
3267 5467 3364 5536 qui

1771 5535 2119 5604 approbatur.

1841 5626 2055 5685 XXXII.
2103 5632 2162 5689 Si
2204 5636 2328 5707 quis
2354 5641 2621 5712 capallum
2659 5647 2978 5709 invocandis
3019 5653 3184 5723 viris,
3231 5667 3356 5714 vnn

1760 5714 1965 5788 iurent,
2008 5723 2141 5779 nihil
2173 5730 2436 5798 sequitur.

1840 5811 2075 5872 XXXIII.
2120 5817 2178 5874 Si
2222 5822 2344 5891 quis
2369 5839 2561 5885 servus
2603 5844 2820 5890 servum
2855 5834 3154 5906 occiderit,
3197 5836 3356 5898 vivus

1766 5908 2075 5964 communis
2099 5911 2444 5974 dominorum
2473 5920 2694 5980 existat.

1775 5954 2075 5964 ---.------..υ
2100 5954 2338 5971 υνωιιιυι
2354 5954 2444 5974 μω
2473 5954 2694 5980 υιιοιᾶιο

89 5970 164 6004 ει
223 5954 508 6021 Bidubium
566 5973 650 6022 est
696 5966 1010 6030 ferramenti
1084 5954 1268 6051 genus
1308 5987 1452 6058 quod
1487 5954 1805 6058 falcastrum
1831 6010 2047 6082 vocant,
2070 6008 2215 6081 quod
2236 6007 2293 6072 in
2313 6008 2467 6077 falcis
2493 6014 2849 6078 similitudine
2869 6035 3094 6080 curvum
3114 6022 3211 6086 sit.

478 6057 518 6086 ῃ
535 6077 546 6086 ι
563 6076 638 6086 ___
652 6077 713 6086 Α..
786 6065 839 6086 ν
853 6067 980 6086 Πιτ-

477 6057 747 6124 ΡΔτιιοι.
786 6065 1003 6137 XCVI.

2831 6115 2912 6180 1+2
