3950 6308
187 419 305 486 Μ

1353 419 1666 484 canones
1704 385 2207 484 manumissus;

3267 436 3405 502 {396

181 547 255 600 tes
277 521 554 604 nescimus,
581 535 838 593 sumenda
857 511 981 592 sunt
1010 549 1140 592 sana
1172 535 1274 628 fide
1297 578 1313 604 ,
1357 537 1461 593 nisi
1487 537 1722 608 putrida.
1748 537 1806 598 Δ
1829 537 2130 609 quisquam.
2166 537 2407 597 Clericus
2439 545 2618 600 autem
2665 547 2950 617 pecuniam
2989 549 3119 610 dare
3159 571 3267 615 non
3310 561 3406 619 de.

242 631 295 688 ll.
317 631 512 687 Pecora
534 630 600 685 de
628 647 759 700 rupe
785 629 1031 686 cadentia
1055 669 1071 698 ,
1105 630 1150 686 si
1176 631 1396 702 sanguis
1420 646 1608 685 eorum
1651 630 1726 684 el:

1828 630 1940 698 bet,
1963 637 2056 685 aut
2084 631 2162 686 illi
2189 672 2206 699 ,
2260 641 2356 688 aut
2383 633 2494 690 ille.
2519 635 2692 708 igitur
2713 642 2976 710 pmniteat
3013 646 3406 718 supplicatione

177 724 310 788 ﬁsus
330 724 416 792 sig
438 723 760 794 munienda.
792 721 884 806 Sin
923 739 1070 786 vero,
1109 725 1204 782 sed
1240 724 1413 784 fracta
1443 733 1568 780 sunt
1599 739 1726 781 ossa
1826 725 2154 780 necessaria.

175 837 363 888 eorum,
390 829 442 876 et
467 820 684 890 sanguis
705 818 852 875 foras
875 836 981 875 non
1003 818 1184 886 ﬂuxit,
1203 820 1486 878 refutanda
1515 829 1659 876 sunt.

236 913 403 971 lll..Ut
426 913 709 970 morticina
735 921 858 968 sunt
884 914 937 968 in
966 914 1120 986 aquis
1149 914 1416 969 exstincta
1447 955 1462 980 ,
1493 928 1722 984 quorum

173 1006 366 1077 sanguis
389 1006 714 1060 intrinsecus
741 1005 894 1072 latet,
927 1021 957 1060 a
989 1006 1181 1061 bestiis
1205 1014 1363 1076 capta
1391 1005 1644 1060 animalia
1669 1013 1724 1061 et

169 1097 422 1163 scmiviva,
455 1096 772 1152 bestialibus
794 1096 1103 1153 hominibus
1129 1096 1387 1164 sumenda
1413 1105 1564 1154 sunt.

234 1187 310 1244 IV.
339 1185 550 1242 Animal
594 1187 913 1242 semivivum
940 1188 1117 1244 subita
1158 1197 1332 1244 morte
1361 1197 1721 1261 prteparatum

168 1279 384 1335 abscissa
419 1292 550 1333 aure
575 1277 660 1334 vel
685 1278 790 1333 alia
813 1287 987 1349 parte,
1020 1280 1364 1336 morticinum
1392 1289 1494 1338 est.

234 1372 291 1427 ν.
317 1371 513 1428 Carnes
544 1370 714 1427 suillae
759 1373 806 1428 si
843 1368 1720 1442 morticiuum'comcdcnt,crassa

164 1460 244 1517 vel
271 1461 472 1535 pinguis
506 1471 566 1518 ut
593 1455 946 1518 morticinum
969 1478 1082 1535 quo
1107 1465 1466 1536 pinguescunt
1487 1483 1616 1525 sues
1635 1484 1720 1526 n-

164 1552 424 1612 fundcnda:
452 1563 598 1612 sunt.
631 1552 766 1610 Cum
800 1568 930 1612 vero
957 1555 1292 1612 decreverint
1339 1563 1392 1612 et
1440 1557 1514 1614 ad
1535 1559 1719 1628 pristi-

162 1662 282 1703 nam
304 1648 528 1704 maciem
557 1661 788 1706 reversa:
809 1655 954 1704 sunt.

231 1739 305 1794 Vl.
333 1738 388 1794 Si
409 1753 538 1796 vero
561 1756 668 1797 una
694 1739 814 1796 vice
836 1740 921 1796 vel
957 1756 1019 1797 ιιι
1060 1740 1408 1797 murticinum
1428 1742 1718 1800 manduca-

1896 812 2005 906 Vll.
2038 813 2140 882 Qui
2168 830 2463 876 conversus
2496 819 2760 893 ngemuit
2785 832 2839 882 et
2865 841 2990 884 cum
3035 830 3146 888 Dea
3180 843 3403 906 pactum

1825 903 2002 972 inivit,
2033 906 2088 961 in
2118 907 2209 963 illo
2233 909 2318 964 die
2345 927 2453 968 non
2477 918 3044 991 commemorabuntur
3067 903 3402 993 ejus‘delicta

1825 1010 1946 1065 qm:
1968 999 2134 1067 gessit
2164 999 2226 1056 in
2241 1004 2460 1062 saeculo.

1897 1088 2026 1144 Vill.
2055 1089 2112 1146 Si
2143 1094 2264 1162 quis
2291 1095 2543 1164 clericus,
2566 1099 2651 1154 vel
2686 1101 2731 1155 si
2771 1117 2877 1172 qua
2901 1104 3097 1162 mulier
3115 1108 3358 1166 malefica
3383 1152 3401 1178 ,

1823 1179 1870 1235 si
1895 1179 2126 1250 aliquem
2153 1185 2418 1243 maleficio
2447 1205 2544 1246 suo
2563 1191 2895 1264 deceperint,
2925 1213 2997 1253 vu
3024 1199 3202 1267 annis,
3225 1202 3403 1258 tribus

1824 1271 1888 1326 de
1915 1272 2001 1329 his
2034 1291 2155 1330 cum
2195 1293 2333 1362 pane
2357 1289 2411 1336 et
2439 1298 2577 1353 aqua
2603 1327 2618 1352 ,
2641 1294 2696 1343 et
2716 1288 2773 1344 in
2806 1292 3019 1347 caeteris
3049 1293 3318 1350 abstineat
3344 1309 3403 1353 se

1822 1377 1854 1417 a
1877 1365 2004 1422 vino
2029 1377 2084 1423 ct
2103 1386 2134 1423 a
2156 1372 2431 1429 carnibus.

1891 1455 1988 1514 IX.
2015 1457 2078 1514 Si
2104 1468 2286 1516 autem
2311 1479 2428 1519 non-
2448 1464 2727 1537 deceperit.
2746 1469 2978 1542 aliquem
2995 1512 3011 1538 ,
3039 1476 3136 1531 sed
3163 1490 3264 1548 pro
3281 1477 3402 1550 ille-

1821 1550 2050 1608 cebroso
2076 1565 2260 1608 amore
2289 1552 2514 1611 dederat
2538 1557 2721 1626 alicui,
2748 1564 3246 1636 mmintegmm
3276 1583 3399 1628 cum

1819 1661 1958 1718 pane
1993 1654 2048 1720 et
2072 1662 2212 1719 aqua
2233 1649 2512 1720 pteuiteat.

1889 1736 1958 1792 Χ.
1995 1715 2062 1793 Si
2088 1715 2267 1810 aliqua
2294 1741 2488 1800 mulier
2526 1745 2792 1805 maleficio
2811 1765 2910 1807 suo
2932 1759 3150 1822 partum
3174 1753 3402 1829 alicujus

158 1831 352 1900 verint,
388 1842 512 1902 post
556 1831 716 1903 hujus
753 1848 1034 1890 excessum
1057 1833 1124 1890 de
1159 1837 1348 1890 ventre
1373 1849 1558 1890 eorum
1583 1851 1714 1892 sana
1745 1897 1794 1919 ﬁ
1821 1831 2034 1889 feminea
2068 1836 2404 1905 perdiderit,
2451 1841 2734 1900 dimidium
2777 1846 2908 1906 anni
2964 1849 3229 1919 pmniteat
3273 1868 3399 1910 eum

156 1923 542 1985 ﬁde-'Iumeudte
567 1936 712 1983 sunt.

225 2016 324 2071 VII.
348 2015 484 2072 Sues
504 2032 726 2072 carnem
744 2017 828 2074 vel
845 2019 1159 2088 sanguinem
1182 2019 1418 2077 hominis
1436 2027 1716 2093 gustantes

148 2105 317 2162 illiciti
359 2114 484 2162 sunt
515 2121 744 2180 semper.
787 2109 847 2164 In
887 2109 1005 2184 lege
1041 2111 1185 2166 enim
1218 2112 1416 2167 animal
1459 2113 1718 2185 cornup'e—

144 2211 284 2268 tum,
306 2201 350 2258 si
374 2201 649 2259 hominem
670 2203 958 2272 occiderit,
979 2203 1225 2261 illicitum
1251 2214 1353 2261 est.

215 2293 339 2348 Vill.
366 2293 552 2364 Equus
589 2305 686 2350 aut
717 2310 892 2367 pecus.
924 2295 970 2353 si
996 2299 1328 2367 percusserit
1352 2299 1628 2357 hominem
1656 2302 1712 2358 in
1782 2366 1785 2369 1

143 2401 272 2458 agro
293 2387 522 2444 civitatis
562 2405 695 2457 suae,
723 2390 1003 2447 dimidium
1052 2393 1226 2448 unciae
1274 2393 1464 2449 reddet
1503 2409 1602 2463 pro
1649 2408 1714 2451 eo

140 2479 338 2535 homini
387 2479 542 2550 cujus
587 2485 806 2554 sanguis
869 2483 1072 2542 effusus
1121 2494 1224 2542 est.
1279 2487 1337 2542 Si
1382 2489 1713 2558 percusserit

140 2566 298 2623 homo
320 2569 516 2624 animal
545 2571 602 2624 in
622 2586 754 2642 agre
781 2587 901 2640 suo,
928 2588 1036 2629 non
1065 2573 1309 2630 redditur
1332 2590 1434 2646 pro
1455 2592 1540 2634 eo.

372 2677 717 2738 INCIPIUNT
748 2679 1014 2740 JUDlClA
1052 2683 1451 2744 COMPENDIA

734 2789 800 2829 DE
836 2790 995 2832 [.1330
1029 2793 1112 2833 ιιι.

310 2843 386 2918 be
421 2862 633 2919 duobu-
652 2865 906 2935 fratribus
933 2877 984 2922 ει
1014 2869 1220 2926 duabus
1247 2872 1538 2928 sororibus.

201 2953 244 3013 l.
277 2956 370 3014 Vir
409 2956 455 3012 si
498 2957 744 3028 nupserit
780 2959 987 3014 duabus
1025 2962 1308 3019 sororibus
1328 3004 1343 3029 ,
1389 2963 1477 3019 vel
1513 2963 1708 3020 mulia'

122 3047 334 3106 duobus
361 3048 653 3117 fratribus,
676 3049 1002 3120 abjiciantur
1047 3068 1078 3107 a
1124 3054 1504 3111 communione
1535 3069 1707 3126 usque

121 3142 218 3197 udo
262 3149 523 3209 mortem;
569 3157 764 3199 verum.
808 3151 986 3199 tamen
1036 3145 1096 3200 in
1125 3145 1274 3202 exitu
1312 3146 1435 3202 vim
1481 3155 1706 3219 propter

116 3235 558 3295 misericordiam,
575 3279 590 3304 ,
613 3239 661 3294 si
687 3237 984 3295 incolumes
1008 3241 1356 3310 permiserint
1384 3241 1547 3312 hujus
1574 3258 1704 3298 eon-
1731 3259 1782 3324 ο

433 3331 646 3390 vincula
663 3331 972 3399 dissolvere,
988 3335 1363 3404 pmnitentiam
1386 3346 1699 3406 sequantur.

113 3422 278 3490 Qad
301 3423 348 3479 si
381 3422 712 3491 defecerint,
759 3425 818 3479 in
857 3424 1062 3483 talibus.
1097 3428 1326 3498 nuptiis,
1362 3428 1594 3486 difﬁcilis
1619 3437 1705 3486 est

107 3516 436 3588 pmnitentia
463 3517 926 3588 permanentibus.

187 3607 253 3662 Il.
286 3606 344 3662 Si
368 3607 488 3678 quis
514 3609 687 3663 rixam
739 3607 926 3664 fecerit
973 3608 1041 3664 dc
1085 3609 1298 3667 clericis
1323 3620 1416 3666 aut
1441 3613 1702 3671 ministris

103 3699 252 3765 Dei,
293 3698 690 3756 hebdomadam
734 3699 946 3756 diem
1000 3701 1262 3770 pmniteat
1293 3718 1418 3758 cum
1468 3717 1609 3773 pale
1647 3711 1702 3758 et

100 3805 258 3862 aqua
318 3804 416 3860 per
465 3805 775 3846 ensuram
801 3831 816 3856 ,
882 3801 940 3848 et
988 3801 1144 3863 petat
1182 3810 1214 3850 a
1255 3794 1367 3850 Deo
1405 3795 1621 3852 veniam
1645 3804 1700 3852 ct

96 3883 366 3954 proximo
413 3899 511 3940 suo
549 3885 709 3955 plena
747 3884 1089 3944 confessione
1138 3897 1192 3944 et
1242 3889 1546 3948 humilitate
1568 3931 1586 3961 ,
1618 3889 1700 3948 sic

87 3981 304 4044 petens
329 3974 398 4029 ab
420 3973 530 4030 Deo
551 3976 890 4032 reconciliari
910 3985 964 4033 et
987 3979 1234 4049 proximo
1260 3996 1376 4038 suo.

173 4062 266 4118 Ill.
299 4063 358 4120 Si
389 4065 512 4135 quis
537 4065 607 4122 ad
628 4067 941 4124 scandalum
967 4072 1265 4128 surrexerit
1288 4080 1344 4128 et
1367 4073 1623 4143 deposuit
1641 4074 1698 4131 in

83 4155 272 4212 corde
311 4172 413 4213 suo
435 4158 746 4229 proximum
781 4173 939 4214 suum
973 4169 1258 4230 percutere
1281 4171 1376 4218 aut
1403 4164 1650 4222 occidere
1675 4183 1715 4233 ;.

77 4247 146 4304 si
173 4245 418 4305 clericus
457 4248 662 4316 fuerit,
701 4249 982 4306 dimidium
1010 4253 1137 4307 anni
1161 4269 1285 4310 cum
1311 4269 1451 4324 pane
1477 4265 1533 4312 et
1555 4273 1697 4328 aqua

77 4337 412 4394 secundum
449 4354 763 4396 mensuram
797 4341 1064 4411 peniteat
1087 4383 1103 4409 ,
1153 4352 1210 4399 et
1267 4359 1466 4400 annum
1519 4353 1696 4404 totum

72 4429 381 4486 abstineat
405 4446 465 4489 se
489 4447 521 4488 a
546 4432 676 4489 vino
701 4440 758 4489 et
777 4434 1052 4503 carnibus,
1092 4443 1148 4492 et
1185 4436 1266 4493 sic
1284 4437 1478 4495 altario
1499 4454 1692 4496 recon—

70 4521 404 4578 ciliabitur.

1745 1897 1798 1959 Β
1819 1937 1958 1994 pane
1981 1933 2036 1980 et
2060 1940 2223 1997 aqua,
2246 1936 2300 1982 et
2328 1930 2536 1986 duobus
2570 1934 2839 1992 abstineat
2871 1951 2930 1992 se
2953 1897 2994 1994 ἕ
3005 1941 3136 1996 vino
3153 1950 3402 2000 etaear-

1819 2017 2000 2092 nibus,
2034 2027 2090 2074 et
2129 2027 2240 2076 tres
2292 2023 2731 2095 quadragesimas
2780 2027 2988 2098 jejunet
3041 2031 3096 2087 in
3164 2049 3305 2104 pane
3344 2044 3400 2094 et

1817 2125 1980 2182 aqum.
2023 2111 2084 2168 Si
2109 2113 2301 2169 mulier
2334 2124 2514 2175 autem
2545 2119 2790 2187 genuerit
2826 2120 2994 2178 lilium
3017 2163 3036 2191 ,
3070 2140 3154 2192 ut,
3180 2133 3248 2182 ut
3261 2128 3399 2184 dixi-

1817 2218 1938 2259 mus
1957 2204 2024 2260 de
2048 2204 2265 2270 clerico,
2294 2222 2466 2262 annos
2485 2208 2764 2276 paeniteat.

2091 2294 2409 2352 CANONES
2449 2296 2700 2354 SYNODI
2739 2299 3108 2359 EIDER'NLE.

1883 2385 2114 2444 Arreum
2167 2390 2296 2444 anni
2337 2389 2502 2446 tridui
2547 2391 2660 2448 dies
2696 2399 2756 2448 et
2799 2404 2986 2454 noctes
3028 2397 3146 2454 sine
3182 2399 3308 2455 sedc
3343 2411 3399 2457 et

1773 2505 1780 2510 -
1814 2492 2025 2546 somno,
2052 2480 2158 2535 nisi
2185 2482 2486 2553 paulisper;
2515 2485 2598 2540 vel
2634 2501 2698 2542 cr.
2744 2489 2978 2558 pedalis.
3001 2506 3124 2547 cuni
3154 2509 3188 2548 x
3216 2495 3392 2552 canti-

1773 2561 1776 2564 ί
1812 2569 1892 2626 cis
1917 2570 2109 2625 stando
2138 2580 2192 2626 et
2221 2575 2426 2629 orando
2454 2575 2509 2629 in
2551 2577 2699 2632 omni
2748 2578 2905 2646 liora,
2934 2597 3010 2636 xu
3049 2599 3264 2655 quoque
3301 2585 3397 2642 ﬂe-

1811 2662 2020 2720 ctiones
2054 2677 2286 2734 genuum
2339 2663 2632 2723 flectuntur
2657 2667 2883 2728 inomni
2917 2671 3050 2728 hora
3075 2677 3288 2743 orandi,
3337 2689 3396 2736 et

1809 2755 2004 2828 palm
2031 2772 2280 2828 supernae
2306 2760 2376 2814 ad
2401 2761 2728 2818 orationem.

1877 2849 2110 2906 Arreum
2134 2850 2261 2906 anni
2291 2851 2528 2907 triduum
2569 2869 2692 2909 cum
2729 2863 2946 2912 mortuo
2967 2865 3160 2914 sancto
3192 2860 3260 2916 in-
3285 2877 3398 2919 uno

1809 2940 2078 3012 sepulcro,
2127 2943 2245 2999 sine
2301 2943 2422 3001 cibo
2469 2952 2709 3018 potuquc
2738 2963 2803 3004 ac
2845 2949 2962 3006 sine
3009 2951 3394 3011 dormitatione

1807 3033 2132 3103 praecinctus
2171 3035 2496 3094 vestimento
2541 3053 2648 3096 suo:
2669 3046 2728 3095 et
2752 3055 2878 3098 cum
2901 3043 3114 3100 cantico
3159 3046 3394 3117 psalmo-

1807 3141 1949 3194 rum,
1980 3137 2035 3182 et
2061 3142 2184 3182 cum
2210 3127 2527 3186 adoratione
2553 3131 2811 3187 horarum
2847 3145 2972 3204 post
2997 3135 3390 3196 confessionem

1807 3220 2077 3277 sacerdoti
2103 3229 2159 3276 et
2185 3229 2310 3292 post
2337 3231 2542 3279 votum.

1875 3311 2109 3367 Atreum
2135 3313 2266 3368 anni
2287 3312 2527 3370 triduum
2543 3314 2598 3370 in
2616 3315 2858 3374 ecclesia.
2871 3317 2994 3375 sine
3009 3321 3392 3380 dormitatione

1804 3416 1928 3458 cum
1955 3404 2280 3460 vestimento
2319 3407 2468 3460 circa
2509 3421 2568 3462 se
2623 3408 2744 3464 sine
2797 3410 2953 3477 sede,
3006 3420 3064 3467 et
3115 3413 3390 3476 canticum

1801 3493 2132 3568 psalmorum
2157 3512 2281 3552 cum
2306 3498 2532 3554 canticis
2560 3482 2678 3555 sine
2701 3499 3198 3568 intermissione,et
3220 3505 3384 3560 missa

1801 3585 2228 3658 uniuscuiusque
2249 3589 2417 3656 horzc,
2449 3597 2505 3646 et
2529 3606 2608 3647 xu
2629 3589 2944 3649 inﬂexioncs
2968 3593 3388 3667 uniuscujusque

1799 3679 1949 3738 horae
1995 3697 2094 3754 per
2145 3683 2546 3741 confessionem
2581 3694 2934 3758 peccatorum
2966 3704 3154 3747 coram
3205 3705 3388 3750 Iacer-

1801 3773 1926 3832 dote
1952 3783 2007 3831 et
2030 3775 2188 3848 plebe
2212 3785 2269 3833 et
2287 3785 2410 3850 post
2431 3786 2636 3835 votum.

1866 3869 2096 3926 Ancum
2125 3871 2254 3932 anm'.
2282 3888 2360 3929 xu
2391 3872 2690 3930 triduanas.
2733 3874 2968 3936 Atreum
2995 3873 3124 3932 anni
3151 3891 3236 3932 ιιιι
3270 3875 3386 3932 dies

1797 3967 1854 4017 et
1879 3970 2070 4020 noctes
2095 3978 2258 4035 super
2284 3981 2362 4022 ιιι
2385 3965 2654 4026 buccellae
2685 3981 2951 4026 mensurae
2990 3969 3057 4025 de
3081 3968 3258 4027 tribus
3289 3983 3384 4040 pa-

1796 4053 1975 4112 nibus.

1866 4144 2098 4204 Arreum
2125 4147 2252 4202 anni
2277 4148 2482 4205 mensis
2510 4148 2568 4204 in
2593 4148 2777 4206 dolore
2804 4163 3021 4222 magno,
3043 4151 3140 4206 sed
3178 4151 3245 4206 de
3274 4165 3384 4222 quo

1794 4237 2159 4292 non-moritur
2179 4239 2300 4308 quis
2321 4239 2513 4294 iterata
2526 4238 2869 4308 postmodum
2893 4238 3005 4294 vita
3029 4239 3100 4296 ad
3111 4237 3381 4307 judicium

1794 4327 2112 4385 sacerdotis.
2933 4331 2938 4334 ‘

1863 4420 2096 4477 Arreum
2122 4420 2246 4475 anni
2275 4435 2343 4476 ιιι.
2375 4421 2489 4477 dies
2517 4429 2572 4477 et
2603 4431 2790 4480 noctes
2831 4423 2887 4480 in
2929 4439 3068 4497 pane
3103 4433 3159 4479 et
3191 4441 3330 4496 aqua
3358 4467 3378 4493 ,

1792 4520 1852 4569 et
1891 4514 2012 4570 dum
2060 4514 2520 4585 superpositiones
2570 4518 2862 4589 unicuique
2925 4517 3276 4575 hebdomadas
3308 4533 3378 4574 ιι.

160 4613 261 4669 1V.
302 4613 366 4670 Si
394 4625 578 4672 autem
615 4615 784 4674 laicus
820 4617 1013 4687 fuerit,
1060 4618 1452 4678 hebdomadam
1482 4619 1691 4678 dierum

1831 4607 2010 4676 salmi,
2041 4617 2096 4664 et
2121 4623 2190 4666 ιιι.
2211 4607 2547 4666 inflectiones
2577 4610 2632 4665 in
2657 4625 2978 4681 unaquaque
3003 4609 3138 4666 hora
3159 4610 3374 4666 orandi.

60 4707 374 4780 pmniteat
398 4751 416 4777 ,
463 4709 591 4782 quia
627 4712 790 4770 homo
830 4714 1012 4770 saeculi
1053 4712 1213 4786 hujus
1260 4724 1345 4771 est
1368 4757 1383 4782 ,
1434 4724 1491 4772 et
1534 4717 1691 4788 culpa

60 4799 214 4870 ejus
237 4799 424 4860 levior
451 4802 509 4860 in
537 4803 640 4862 hoc
667 4806 885 4874 mundo,
916 4814 970 4862 et
990 4807 1271 4878 praemium
1295 4809 1473 4864 minus
1510 4809 1564 4864 in
1605 4808 1690 4866 fu-

59 4903 243 4950 tum.

151 4985 232 5041 Υ.
265 4985 332 5042 Si
361 4995 546 5043 autem
575 4988 806 5045 clericus
833 4989 1016 5056 fuerit,
1037 5000 1094 5047 et
1115 4992 1442 5062 percusserit
1464 4993 1689 5048 fratrem

47 5094 251 5138 suum
285 5088 389 5135 aut
414 5082 752 5153 proximum,
783 5091 837 5138 et
882 5085 1198 5156 sanguinem
1241 5083 1358 5154 ejus
1398 5085 1647 5142 eﬂ'udcrit
1670 5128 1686 5156 ,

45 5186 263 5225 unum
315 5180 409 5228 est
448 5181 730 5242 peccatum
758 5184 819 5229 ut
857 5176 1153 5242 occiderit,
1204 5177 1298 5234 sed
1350 5193 1458 5233 non
1501 5178 1690 5234 eadem

39 5262 448 5335 paenitentia.
480 5265 696 5320 Annum
725 5265 995 5337 integrum
1034 5266 1297 5336 pteniteat
1325 5283 1448 5322 cum
1474 5283 1614 5338 pane
1635 5275 1690 5323 et

34 5371 248 5426 aqua,
282 5364 351 5412 et
373 5358 494 5414 sine
513 5358 824 5416 ministerio
837 5358 1142 5416 clericatus.
1170 5361 1240 5416 Et
1258 5377 1418 5418 orare
1444 5377 1503 5419 se
1532 5363 1692 5419 debet

33 5463 207 5503 cum
238 5445 389 5514 fletu
417 5461 471 5508 et
493 5449 747 5523 lacrymis
771 5492 788 5520 ,
831 5459 887 5509 et
928 5451 1355 5510 misericordiam
1395 5470 1690 5524 conseque-

33 5550 157 5595 tur
217 5554 256 5595 a
303 5541 459 5611 Dem;
491 5544 617 5616 quia
671 5545 796 5601 dicit
851 5543 1149 5616 Scriptura,
1198 5547 1289 5617 qui
1323 5547 1434 5602 odit
1469 5547 1688 5620 fratrem

33 5647 237 5693 suum
291 5633 574 5691 homicida
597 5646 672 5693 est
698 5635 754 5710 (Ι
775 5637 936 5693 Joan.
975 5654 1057 5706 ιιι,
1103 5638 1233 5711 l5):
1267 5647 1470 5711 quanto
1517 5641 1690 5712 magis

33 5723 157 5797 qui
201 5729 566 5794 percusserit
590 5731 614 5784 l

124 5814 242 5870 VI.
291 5815 366 5874 Si
411 5817 580 5876 laicus
608 5819 771 5877 fuerit
796 5838 863 5878 xi.
886 5823 1002 5879 dies
1025 5823 1310 5895 paeniteat,
1337 5831 1392 5878 et
1417 5824 1507 5879 det
1527 5839 1691 5895 pecu-

34 5905 222 5961 niam
275 5909 518 5985 quando
556 5912 846 5969 arbitratus
879 5913 1044 5970 fuerit
1069 5915 1342 5984 sacerdos,
1384 5925 1476 5972 aut
1510 5915 1692 5986 justus

1861 4701 2092 4759 Arreum
2123 4704 2250 4758 anni
2279 4721 2310 4759 ι
2333 4703 2447 4760 dies
2493 4712 2548 4761 et
2574 4711 2761 4759 noctes
2809 4703 2863 4758 in
2907 4718 3047 4776 pane
3078 4710 3134 4760 et
3157 4719 3295 4775 aqua
3321 4705 3376 4759 in

1791 4811 2045 4852 mensura
2085 4812 2156 4854 1.x
2193 4796 2386 4868 psalmi
2411 4803 2468 4853 et
2493 4813 2562 4854 ιιι
2585 4795 2920 4854 inﬂectiones
2948 4795 3004 4852 in
3052 4809 3377 4868 unaquaque

1790 4889 1925 4945 hora
1953 4889 2164 4945 orandi.

1859 4983 2091 5039 Atreum
2122 4982 2251 5039 anni
2281 4982 2397 5040 dies
2423 4999 2454 5041 c
2475 4982 2530 5038 in
2556 4996 2696 5055 pane
2718 4991 2775 5038 et
2798 4995 2938 5054 aqua
2957 4980 3124 5038 missa
3147 4982 3205 5038 in
3225 4983 3374 5038 omni

1791 5078 1926 5135 hera
1949 5080 2140 5135 orandi
2159 5079 2479 5150 pmnitentia
2515 5080 2732 5136 illorum
2764 5095 2862 5150 per
2881 5079 3101 5153 longum
3139 5095 3371 5153 quorum

1791 5185 2007 5228 arreum
2026 5172 2080 5228 in
2107 5172 2194 5228 his
2218 5172 2494 5244 praedictis
2527 5172 2814 5241 emittitur,
2840 5172 2958 5230 sine
2977 5186 3143 5231 carne
3165 5181 3222 5230 et
3246 5173 3373 5231 vino

1791 5274 1848 5321 et
1870 5266 2066 5337 butyro
2086 5274 2142 5320 et
2167 5266 2310 5321 lacte
2338 5265 2482 5322 dulci
2520 5273 2733 5338 agatur.

1863 5357 1968 5425 Qui
1999 5374 2122 5414 cum
2149 5373 2282 5414 cane
2313 5358 2400 5416 vel
2433 5375 2561 5418 cum
2581 5375 2690 5417 uno
2718 5359 2937 5417 animali
2960 5359 3298 5433 peccaverit,
3333 5375 3374 5414 ιι

1792 5452 1949 5508 annis
1979 5459 2035 5507 et
2064 5452 2369 5508 dimidium.

1863 5543 1966 5610 Qui
1989 5542 2120 5601 facit
2147 5543 2325 5617 scelus
2353 5545 2527 5613 virile,
2545 5554 2608 5602 ut
2635 5547 2933 5614 sodomitae,
2963 5563 3049 5605 nn
3072 5547 3232 5604 annis
3253 5560 3370 5616 poc-

1793 5637 1998 5704 niteat;
2049 5637 2144 5708 qui
2189 5652 2318 5693 vero
2366 5638 2712 5716 inferioribus
2753 5644 2999 5698 mannis
3031 5640 3290 5713 pmniteat
3318 5638 3372 5691 in

1791 5741 1930 5798 pane
1974 5737 2030 5784 et
2069 5743 2206 5799 aqua
2258 5739 2431 5786 totum
2483 5732 2532 5788 si
2589 5741 2712 5803 post
2748 5741 2933 5791 votum
2981 5730 3368 5803 perfectionis:

1793 5818 1840 5875 si
1874 5827 2054 5877 autem
2107 5828 2259 5892 ante,
2318 5837 2492 5881 annus
2531 5824 2846 5884 diminuitur
2887 5825 2954 5882 de
2988 5823 3239 5882 omnibus
3285 5821 3372 5879 his

1795 5915 1973 5971 tribus
