3950 6308
156 312 284 373 ίῦὅὸ

1016 274 1451 371 nrmvourt
1476 305 1770 368 csum
1804 288 1898 369 es
1935 314 2338 385 assumus,
2374 315 2529 377 are.

3253 313 3433 381 ια’

150 428 380 499 Namque
409 439 509 499 ego
536 424 799 483 confiteor
818 423 1022 482 nullum
1051 442 1139 484 me
1162 428 1340 484 dicere
1362 425 1637 493 mendum,
1734 420 1930 521 Aliae
1956 436 2088 485 arte.
2099 430 2228 486 huic
2250 429 2430 489 nullus
2455 431 2632 504 potuit
2652 444 2714 489 se
2737 436 2953 503 aquae
2969 431 3270 495 modem!

152 521 453 593 Saepiusque
473 519 728 578 advolitat
755 520 1032 592 spinisque
1055 520 1352 577 immiscuit
1379 520 1501 576 istis

149 614 322 670 Turba
347 610 576 668 nefanda
601 610 753 679 feris,
778 626 994 684 semper
1021 612 1223 668 conlisa
1247 613 1347 669 sub
1368 609 1554 677 armis,

148 704 387 775 Undique
415 702 736 763 conﬂuitans
767 703 936 760 veluti
963 719 1086 760 cum
1116 704 1348 760 culmina
1374 711 1504 759 nota

144 793 440 851 Accurrens
470 802 725 865 properat
745 794 914 866 spinis
942 794 1250 867 immergier
1278 793 1428 861 istis;

145 885 346 942 Gaudet
368 894 425 941 et
446 883 687 942 adversis
709 899 926 957 semper
948 884 1215 941 cumulata
1246 885 1348 942 sub
1369 884 1538 942 armis

142 976 364 1034 Insidias
396 975 593 1033 multas
618 976 854 1052 disponit
880 977 1099 1034 facto..:
1118 976 1397 1046 frendens,

141 1072 344 1143 Perque
367 1072 530 1128 itiner
548 1072 743 1130 durum
774 1086 883 1130 non
908 1083 1088 1130 cessat
1106 1070 1253 1129 ferre
1280 1072 1569 1145 malignos,

140 1163 257 1232 Quo
287 1163 436 1220 labor
452 1171 697 1220 ‘aaternus
720 1164 967 1235 requiem
992 1179 1099 1221 non
1117 1170 1340 1235 praestat
1365 1164 1536 1219 eunti.

138 1258 247 1314 Sed
276 1258 498 1315 Domino
519 1266 718 1331 grates,
747 1258 939 1316 melius
965 1260 1109 1331 quod
1132 1266 1378 1330 tempore
1403 1267 1591 1315 nostro

135 1350 264 1407 Haec
282 1350 398 1407 loca
417 1366 516 1424 per
536 1351 826 1408 Dominum
856 1359 1171 1408 meruerunt
1194 1350 1389 1422 gaudia
1420 1357 1572 1405 tanta

134 1440 381 1507 Sumere,
404 1454 505 1512 pro
528 1440 832 1514 priscisque
858 1456 1029 1497 novos
1054 1447 1266 1497 mutare
1294 1441 1535 1497 colonos.

130 1532 274 1588 Ilinc
293 1547 487 1590 moneo
512 1540 738 1589 cunctos
761 1533 906 1590 celso
933 1533 1209 1589 cumulare
1230 1532 1463 1589 Tonanti

126 1622 440 1696 Magnificas
460 1621 668 1691 laudes,
694 1624 1051 1695 manibusque
1072 1625 1138 1680 ad
1155 1624 1345 1690 sidera
1372 1624 1540 1680 tensis

125 1714 272 1771 Dent
291 1716 516 1772 Domino
541 1724 745 1787 grates,
771 1717 940 1773 mittit
963 1717 1053 1787 qui
1083 1717 1153 1773 ad
1164 1725 1295 1773 vota
1314 1718 1532 1789 piorum

122 1806 373 1880 Aligeras
393 1806 659 1872 volucres,
682 1804 1017 1877 jungentque
1040 1807 1108 1863 ad
1142 1815 1291 1879 septa
1314 1806 1500 1863 sacelli

119 1898 429 1955 Innumeris
455 1899 712 1970 precibus
732 1899 961 1971 sumptis
985 1898 1054 1955 ad
1075 1898 1252 1955 sidera
1282 1906 1503 1955 tranant

116 1990 274 2048 Ante
291 1992 480 2059 Deum,
507 2007 628 2063 qua:
653 1990 867 2049 fuerant
884 1993 1201 2064 pendentes,
1223 2008 1360 2064 quas
1384 2001 1566 2050 tamen
1600 1993 1717 2065 ipse

115 2081 357 2149 Pandat,
377 2082 423 2139 si
454 2082 633 2140 nullus
657 2085 854 2154 poterit
881 2098 1209 2156 cognoscere
1238 2092 1405 2142 certe.

114 2174 323 2231 Omnia
344 2175 475 2247 quid
506 2179 844 2234 memorem?
872 2179 1095 2236 veniunt
1129 2195 1253 2236 cum
1280 2179 1407 2237 luce
1442 2180 1678 2239 ministri

116 2267 167 2324 E
196 2268 336 2323 coelo
366 2264 571 2338 superi,
603 2277 932 2342 portantque
963 2271 1031 2327 ad
1058 2271 1237 2328 sidera
1264 2280 1483 2329 sanctas

113 2357 259 2415 Inde
286 2358 511 2427 animas,
536 2358 825 2416 Dominum
848 2362 1177 2434 laudantque
1204 2362 1262 2418 in
1285 2362 1405 2420 luce
1422 2364 1712 2433 micantes,

115 2449 540 2522 Florigerasque
564 2451 748 2508 levant
773 2454 936 2524 capiti
964 2454 1079 2511 sine
1104 2453 1211 2511 ﬁne
1245 2468 1496 2513 coronas.
1543 2477 1565 2511 ι

727 2565 956 2624 CAPUT
995 2566 1105 2624 VII.

155 2664 317 2735 Quod
340 2665 554 2722 nuntius
584 2664 865 2721 adueniens
890 2664 1117 2789 ραῖιῗήδ
1147 2670 1196 2718 et
1224 2662 1449 2734 fratrum
1478 2660 1677 2733 gaudia

692 2770 711 2787 .
792 2751 948 2789 cumu
971 2752 1002 2789 a
1033 2774 1047 2788 .

692 2770 711 2787 ο
792 2751 1047 2790 cumulat.

115 2828 284 2887 Talia
307 2828 431 2885 dum
456 2842 766 2885 memorans
783 2827 923 2883 vatis
938 2824 1052 2897 jam
1081 2825 1303 2881 nuntius
1325 2825 1467 2892 iniit,

115 2920 337 2979 Gaudia
364 2935 558 2992 magna
584 2917 745 2975 Pater
767 2916 1022 2990 gaudenti
1048 2916 1107 2972 in
1130 2925 1349 2988 pectore
1371 2914 1571 2987 gaudet

114 3011 465 3080 Eandmund,
489 3019 650 3082 atque
669 3009 781 3067 Deo
803 3018 982 3082 grates
1002 3009 1072 3065 ad
1096 3009 1273 3065 sidera
1296 3004 1498 3072 reddit,

113 3103 492 3173 Perfeetisque
521 3116 647 3159 suos
676 3101 882 3157 studuit
904 3098 1143 3156 formare
1171 3096 1417 3168 loquelis,

114 3196 401 3265 Quatenus
424 3196 491 3251 ad
513 3194 677 3250 vitam
698 3194 918 3265 cupiant
937 3205 1230 3264 properare
1252 3190 1491 3255 beatam,

113 3288 183 3343 In
212 3285 361 3343 caelis
387 3300 663 3357 nunquam
684 3284 887 3356 poterit
910 3300 1030 3358 qum
1056 3297 1273 3339 sumere
1297 3282 1480 3338 ﬁnem.

113 3381 348 3439 Talibus
376 3387 532 3437 aucta
560 3379 719 3436 bonis
748 3379 1137 3436 monachorum
1175 3376 1340 3433 corda
1372 3376 1672 3440 virescant,

110 3470 500 3542 lncipiunlque
518 3466 593 3543 pii
623 3485 744 3526 sese
765 3467 1357 3542 prmeurrererristo,

110 3569 351 3626 Actibus
378 3576 433 3624 et
452 3568 634 3624 verbis
653 3575 710 3624 et
730 3567 941 3623 cunctis
970 3566 1216 3622 sensibus
1244 3564 1393 3620 almi.

111 3661 358 3730 Quidam
380 3676 505 3715 nam
528 3659 753 3731 cupiens
777 3659 1078 3715 insomnem
1108 3659 1305 3715 dueere
1328 3665 1566 3722 noctem,

110 3753 375 3811 Sanetas'
390 3752 446 3807 in
472 3751 731 3823 precibus
758 3766 868 3807 non
894 3757 1072 3806 cessat
1095 3749 1320 3805 tendere
1341 3747 1566 3819 palmas.

104 3845 228 3903 Ast
253 3845 392 3900 alius
409 3843 635 3915 genibus
658 3843 931 3899 tundendo
953 3856 1227 3897 marmora
1246 3839 1454 3912 templi,

107 3937 387 3997 Noctibus
414 3939 469 3995 in
496 3937 686 4011 gelidis
714 3936 908 3992 tolerat
938 3935 1066 3992 dum
1094 3932 1316 4004 frigora,
1342 3934 1501 3988 durat

102 4031 341 4104 Ignibus
370 4031 427 4086 in
461 4029 671 4095 mediis,
702 4028 942 4099 ingentia
968 4025 1176 4096 frigora
1202 4026 1355 4080 vitat.

104 4121 350 4179 Divitias
381 4120 518 4175 alius
542 4118 764 4190 cupiens
788 4117 995 4188 partire
1024 4116 1280 4181 caducas,

103 4210 389 4272 Noctibus
412 4212 467 4268 in
494 4210 664 4267 tarvis
686 4217 900 4280 tempus
923 4207 1197 4278 sapienter
1228 4215 1284 4262 et
1314 4207 1479 4262 horas

100 4306 356 4375 Cleptat,
383 4310 440 4360 et
468 4302 523 4359 in
549 4300 703 4359 caelis
731 4300 985 4372 dispensa
1004 4298 1207 4354 talenta
1229 4297 1497 4355 recondit.

97 4401 223 4456 Ast
248 4397 386 4454 alius
408 4397 623 4453 miseris
645 4395 889 4451 tribuens
914 4391 1176 4450 solamina
1195 4392 1373 4463 panis,

96 4490 377 4549 Esuriem
400 4489 612 4562 patiens
635 4485 878 4559 perferre
898 4483 1103 4555 ieiunia
1128 4492 1394 4541 sanctam.

96 4582 348 4642 Talibus
371 4587 636 4639 exornata
658 4578 837 4644 bonis,
870 4577 924 4632 in
949 4576 1192 4633 vestibus
1216 4575 1356 4632 albis

95 4673 350 4747 Inclyta,
374 4673 470 4730 sed
488 4672 641 4728 vario
666 4669 866 4741 compti
899 4669 1168 4740 permixta
1194 4667 1377 4724 colore

92 4768 161 4827 Δ
184 4767 401 4825 dextris
418 4767 587 4839 Virgo
612 4774 667 4821 et
688 4764 935 4822 Genitrix
964 4773 1143 4821 astare
1163 4764 1398 4829 videtur,

96 4862 375 4921 Hectoris
404 4859 569 4918 caelos
597 4867 772 4915 terras
798 4873 917 4929 qua:
942 4848 1244 4913 et’numine
1263 4861 1465 4927 portat.

348 4957 353 4965 '
714 4948 949 5007 CAPUT
984 4946 1117 5005 VIII.

145 5043 314 5111 Quod
351 5043 495 5115 facta
522 5042 659 5097 mira
684 5039 864 5096 Patris
889 5038 1050 5095 Uttan
1077 5041 1259 5111 paucis
1298 5044 1677 5093 memorantur.

92 5135 292 5194 Fama
319 5136 455 5193 citat
478 5135 659 5208 plures
676 5133 973 5207 perfectam
995 5133 1194 5190 ducere
1216 5133 1406 5197 vitam,

92 5226 301 5295 Quam
323 5224 489 5282 Pater
511 5224 833 5282 Eandmund
856 5222 1130 5295 praecultis
1150 5222 1396 5279 moribus
1416 5228 1602 5276 ornat:

92 5318 153 5373 Ε
186 5312 398 5386 quibus
416 5323 499 5374 est
518 5315 683 5374 Ultan
702 5328 729 5358 ι
750 5314 1014 5386 praeclaro
1043 5315 1261 5370 nomine
1281 5314 1476 5370 dictus.

92 5409 422 5482 Presbyter
442 5410 552 5467 iste
574 5408 677 5465 fuit
698 5407 1009 5466 Scottorum
1031 5417 1190 5481 gente
1208 5409 1421 5474 beatus,

92 5487 371 5573 Comptis
398 5503 493 5574 qui
518 5501 697 5573 potuit
718 5503 863 5559 notis
890 5517 1085 5558 ornare
1113 5501 1343 5569 libellos,

92 5592 550 5676 Atque.apicum
582 5597 817 5667 speciem
842 5597 1010 5653 vitam
1040 5597 1119 5653 sic
1148 5596 1324 5653 reddit
1350 5609 1639 5653 amoenam.

1816 519 2189 594 Scriptorum:
2216 539 2321 581 nec
2349 525 2549 581 mirum
2567 525 2787 583 Domini
2814 525 2861 581 si
2882 524 3019 581 talia
3042 526 3217 597 possit

1815 614 2020 684 Cultor,
2045 617 2097 673 ei
2121 617 2563 689 digitossanctus
2586 610 2969 690 cnm‘Spiuitus
2987 625 3178 675 auctor

1815 705 1993 773 Rexit,
2027 717 2082 763 et
2104 709 2352 765 accendit
2379 716 2650 766 sacratam
2664 707 2743 766 ad
2769 708 2951 767 sidera
2968 716 3241 768 mentea.

1816 799 1915 855 Ilic
1938 800 2102 872 igitur
2129 800 2319 857 unum
2334 801 2518 858 “Patris
2534 802 2798 860 visitabat
2820 802 3009 870 amati,

1815 887 2055 947 Coatibus
2082 890 2393 963 ingrediens
2418 892 2578 949 ululis
2601 907 2662 949 se
2682 892 2988 950 immiscuit
3019 891 3216 959 ahnus,

1815 980 2053 1039 Moribus
2091 991 2146 1039 et
2173 985 2376 1042 sanctis
2400 985 2698 1042 monachos
2723 984 2995 1043 formabat
3017 994 3230 1059 acutus.

1817 1073 2077 1132 Sensibus
2104 1085 2160 1132 et
2178 1078 2379 1145 verbis,
2407 1086 2464 1135 et
2480 1091 2666 1145 carne,
2694 1086 2750 1135 et
2766 1085 2986 1149 pectore
3012 1086 3218 1135 castus.

1816 1167 2056 1223 Instituit
2080 1166 2277 1224 fratres
2302 1169 2517 1240 rapiant
2540 1176 2603 1225 ut
2628 1169 2834 1225 lumina
2856 1168 3025 1237 celsa,

1815 1260 1995 1331 Atque
2020 1260 2135 1317 Deo
2163 1261 2415 1317 studeant
2441 1262 2653 1319 cunctis
2678 1261 2887 1319 servire
2905 1261 3115 1328 diebus,

1815 1350 2055 1421 Corpore
2087 1366 2195 1423 quo
2219 1353 2432 1423 possint
2448 1361 2780 1425 prementem
2805 1368 3030 1426 carpere
3055 1353 3246 1411 vitam.

1815 1444 2061 1516 Cumque
2084 1446 2195 1502 Deo
2219 1447 2423 1504 electus
2442 1447 2690 1520 perfecto
2712 1456 2956 1520 tempore
2980 1446 3172 1519 plenus

1816 1536 2005 1594 Annos
2029 1540 2377 1611 quamplures
2408 1541 2710 1599 celebraret
2732 1540 2863 1597 talia
2887 1540 3076 1608 frater,

1818 1628 2062 1686 Tandem
2089 1628 2367 1690 confectus
2390 1632 2549 1691 senio
2573 1649 2672 1691 sua
2698 1642 2943 1707 tempora
2968 1634 3203 1707 scriptor

1818 1720 1878 1778 In
1908 1723 2103 1780 melius
2129 1733 2303 1782 mutat
2328 1740 2436 1782 non
2462 1734 2683 1782 mutans
2707 1727 2905 1798 gaudia
2929 1727 3076 1783 vitae.

1736 1785 1795 1851 Β
1818 1815 2063 1887 Cumque
2083 1817 2175 1874 diu
2203 1832 2400 1888 corpus
2429 1785 2751 1876 mordebant
2768 1818 2982 1875 viscera
3005 1825 3187 1884 terrm,

1815 1907 1859 1964 Ε.
1887 1909 2092 1966 tumulo
2109 1908 2311 1981 placuit
2338 1910 2549 1967 cineres
2574 1911 2818 1967 relevare
2842 1909 3131 1966 fraternos.

1814 2001 2043 2059 Ossibus
2070 2002 2198 2058 hinc
2222 2001 2365 2067 lotis,
2395 2002 2682 2074 portabant
2700 2002 2868 2058 lintea
2890 2002 3097 2059 munda

1816 2092 1959 2151 Solis
1986 2093 2042 2150 in
2071 2103 2295 2165 aspectu
2322 2095 2565 2161 exuvias,
2598 2110 2724 2151 cum
2748 2094 2872 2149 luce
2896 2102 3119 2164 repente

1814 2184 2121 2242 Adveniunt
2148 2191 2393 2243 volucres
2418 2187 2668 2257 geminze,
2689 2202 2811 2258 qua:
2838 2186 3005 2242 lintea
3032 2186 3228 2258 plantis

1814 2278 2185 2352 Contingunt:
2213 2279 2422 2352 pariter
2447 2280 2601 2338 vario
2624 2279 2898 2351 permixta
2925 2279 3109 2335 colore

1815 2373 1991 2446 Terga
2011 2373 2247 2431 verenda
2272 2374 2465 2441 nitent,
2492 2373 2833 2430 modulantes
2859 2374 3101 2431 carmina
3131 2373 3343 2440 metris,

1813 2464 2119 2523 Concinunt
2139 2465 2379 2538 pulchra:
2405 2465 2652 2525 miranda
2687 2466 2757 2523 ad
2781 2466 2975 2538 gaudia
3004 2466 3236 2531 cunctis,

1813 2556 2038 2627 Insuper
2067 2564 2230 2627 atque
2255 2557 2378 2613 aliis
2411 2564 2658 2614 sanctum
2685 2557 2924 2614 calvaria
2948 2557 3148 2613 velant.

1816 2645 2016 2717 Sicque
2043 2646 2184 2702 diem
2213 2654 2383 2702 totam
2415 2661 2526 2702 non
2558 2654 2778 2703 cessant
2802 2647 3017 2703 auibus
3046 2647 3176 2718 ipsae

1814 2732 2062 2792 Ollicium
2087 2745 2351 2807 praestare
2376 2736 2502 2808 piis,
2533 2745 2589 2793 et
2614 2737 2864 2794 cantibus
2886 2738 3023 2794 edas

1814 2826 2066 2884 Fundere
2089 2827 2452 2899 perpulchris,
2481 2827 2653 2885 donec
2679 2828 3013 2885 absterserat
3038 2840 3259 2884 omnem

1814 2917 1934 2975 Lux
1957 2919 2088 2976 solis
2114 2919 2411 2991 lympham,
2438 2918 2771 2990 exuviasque
2789 2920 3031 2977 διάθρει
3052 2919 3121 2975 ab
3146 2915 3327 2973 undis.

1816 3008 1954 3065 Tum
1973 3008 2146 3065 frater
2164 3010 2404 3080 quidam,
2422 3008 2604 3066 media
2630 3022 2757 3065 cum
2783 3008 2977 3067 mortis
3003 3009 3058 3064 in
3078 3008 3290 3076 umbra,

1819 3099 2085 3171 Tempore
2105 3098 2366 3155 nonnqu
2387 3096 2574 3164 iacuit,
2596 3114 2705 3155 sua
2731 3113 2962 3169 corpora
2989 3099 3211 3154 morbus

1736 3146 1789 3214 ο
1819 3146 2061 3258 δοτὺῖιὶι,
2086 3198 2143 3246 et
2160 3190 2370 3247 nullum
2396 3190 2572 3276 petiuit
2593 3146 2937 3247 commovrere
2956 3190 3288 3257 membrum,

1817 3284 2056 3355 Excepto
2080 3284 2277 3355 linguae
2301 3283 2528 3354 plectro,
2546 3298 2676 3354 quae
2696 3283 2863 3340 verba
2890 3298 3085 3340 sonare

1820 3377 1924 3434 Vix
1944 3376 2137 3447 potuit,
2169 3389 2339 3446 puero
2360 3375 2630 3446 lmguens
2658 3374 2787 3431 hinc
2814 3373 2941 3429 talia
2970 3372 3145 3431 fatur:

1823 3485 1843 3519 ‹
1871 3466 2063 3533 Curre,
2092 3480 2331 3537 rogoque
2356 3464 2535 3521 Patris
2552 3479 2864 3521 «memorare
2888 3462 3083 3522 aﬂ'erre
3110 3464 3403 3532 lacertum,

1816 3556 2046 3627 Pingere
2067 3573 2174 3627 quo
2196 3556 2412 3613 Domini
2438 3555 2638 3613 meruit
2655 3553 2772 3625 jam
2800 3556 3035 3628 mystica
3065 3556 3250 3621 verba,

1818 3648 1938 3716 Quo
1965 3649 2214 3720 signante
2240 3663 2438 3721 queam
2462 3662 2703 3719 presens
2728 3648 2908 3703 vitare
2934 3646 3219 3718 periclum,

1822 3739 1923 3796 Vel
1953 3739 2143 3795 saluam
2165 3739 2376 3795 meritis
2401 3737 2574 3795 sancti
2608 3752 2731 3794 mea
2754 3736 2989 3792 crimina
3012 3735 3263 3794 Christus

1820 3829 2045 3887 Solvere
2062 3831 2338 3903 dignetur,
2369 3831 2416 3887 si
2444 3829 2691 3887 addictus
2716 3826 2909 3885 funera
2933 3829 3126 3885 mortis

1816 3921 2202 3993 Ingrediarque
2222 3922 2366 3978 viam
2383 3938 2599 3981 merear
2618 3920 2982 3983 conscendere
3000 3920 3146 3978 vitae.
3168 3941 3190 3976 ι

1821 4013 2011 4070 Paruit
2041 4015 2130 4071 ille
2154 4031 2399 4088 puerque
2421 4016 2495 4072 ad
2504 4016 2686 4074 lintea
2709 4025 2900 4074 sancta
2921 4014 3189 4072 cumrrit.

1819 4107 2012 4165 Aufert
2032 4108 2165 4166 inde
2190 4110 2341 4180 pium
2365 4125 2674 4181 nutansque
2699 4115 2950 4181 apportet
2985 4108 3042 4164 in
3067 4106 3232 4166 ulnis.

1818 4203 1894 4261 Os
1922 4202 2088 4272 capiti
2116 4201 2394 4258 adsuetam
2419 4201 2704 4258 morientis
2720 4198 2912 4256 funera
2930 4198 3117 4266 solvit,

1817 4294 1998 4365 Atque
2026 4292 2249 4349 medens
2270 4308 2483 4364 aegrum
2509 4300 2668 4350 curat
2690 4292 2894 4349 virtute
2914 4304 3172 4361 superna.

1816 4385 2086 4443 Continuo
2111 4398 2414 4457 exsurgens
2439 4384 2690 4441 ﬁrmatus
2715 4384 2912 4441 robore
2936 4388 3110 4446 tanto.

1733 4504 1797 4572 θ
1820 4479 1893 4572 Ψ
1918 4478 2385 4572 mediumve“
2409 4477 2686 4535 ωθάίωε
2709 4483 2930 4572 WE?“
2948 4472 3281 4572 MP???”

1817 4562 3210 4631 Laenrsetindevolansreoteremadlinteatollit,

1815 4660 3113 4732 AaqueDeega-atesredditpromunenetanto.

1813 4752 1887 4808 At
1906 4766 2115 4808 alueus
2136 4749 2377 4807 fratrum
2402 4763 2691 4807 numerum
2717 4754 3031 4805 contractus
3057 4744 3114 4800 in
3137 4758 3327 4810 unua,

1815 4841 1950 4900 Ossa
1970 4848 2158 4900 sancta
2180 4842 2458 4913 piilportat
2482 4841 2585 4899 sub
2598 4836 3077 4907 culmine.templi.

1816 4935 1954 4992 Tum
1980 4935 2228 4993 volucres
2254 4933 2486 4990 modulus
2511 4932 2820 4990 immisceut
2845 4946 2905 4989 se
2933 4930 3170 4987 nubibus
3194 4927 3341 4995 altis,

1812 5030 2185 5101 Aspectusque
2213 5027 2493 5084 hominum
2520 5041 2618 5098 per
2646 5032 2759 5083 tota
2786 5034 3031 5100 tempora
3060 5024 3253 5080 vitant.

1813 5126 2075 5185 Cantibus
2100 5126 2309 5182 interea
2330 5124 2546 5181 cineres
2569 5123 2878 5181 conduntur
2898 5119 2960 5177 in
2995 5118 3157 5180 almis

1814 5218 2129 5275 Visceribus
2157 5217 2326 5273 theca:
2357 5232 2371 5269 :
2398 5215 2639 5287 gaudens
2664 5214 2761 5272 sed
2786 5212 3011 5286 spiritus
3036 5210 3148 5268 alta

1813 5310 1935 5370 iam
1952 5326 2118 5384 super
2135 5318 2283 5367 astra
2300 5316 2503 5375 manet,
2517 5308 2804 5366 Dominum
2815 5323 2917 5381 per
2930 5304 3396 5365 saeculalaudans.

2410 5400 2641 5458 CAPUT
2693 5400 2787 5457 IX.
3390 5420 3395 5425 '

2128 5492 2207 5548 De
2235 5490 2533 5564 Fridegilso
2564 5492 2832 5547 sacerdote
2859 5489 3077 5548 Christi.-

1813 5590 1964 5645 Alter
1989 5595 2109 5644 erat
2136 5586 2320 5651 frater,
2344 5585 2610 5657 Fridegils
2637 5585 2959 5655 cognomine
2986 5583 3183 5648 dictus,

188 5739 217 5768 α
261 5727 500 5786 Ultanus
535 5729 626 5785 hic
672 5729 809 5786 alius
833 5740 918 5786 est
959 5733 1026 5787 ab
1069 5731 1261 5787 Ultano
1307 5730 1481 5787 sancti
1524 5730 1713 5788 Fursei
1814 5731 1867 5784 in
1896 5727 2101 5783 Smculo
2144 5741 2201 5791 ιι,
2234 5724 2523 5795 inscriptus
2568 5723 2951 5796 Martyrologio
2982 5712 3398 5780 Benedictinos

92 5797 317 5871 fratre,
354 5798 544 5859 itidem
572 5800 832 5871 Hiberae,
858 5816 926 5859 ex
953 5802 1112 5862 (lictis
1137 5822 1150 5858 :
1193 5802 1259 5860 de
1283 5817 1390 5875 quo
1418 5810 1602 5865 actum
1628 5810 1713 5862 est
1812 5798 2057 5872 Augusti.
2091 5796 2243 5854 Unde
2270 5804 2481 5855 constat
2509 5796 2626 5874 haec
2644 5794 2799 5852 dies?
