3950 6308
499 350 641 412 1555

493 470 790 540 Presbyter
815 473 979 538 atque
1001 464 1114 522 Deo
1139 478 1276 537 pura
1303 478 1428 519 cum
1455 469 1638 517 mente
1667 453 1922 515 sacerdos

493 562 722 620 Munera
748 561 889 616 mira
917 567 1110 631 parat:
1135 557 1345 612 fumant
1367 554 1560 609 altaria
1585 550 1760 616 donis,

492 651 906 725 Magnificisque
923 650 1100 705 virum
1125 647 1366 704 exaltant
1401 660 1562 717 super
1590 650 1740 699 astra
1767 641 2005 696 beatum.

493 746 600 804 llic
633 745 879 802 doctrina
907 743 1068 799 simul
1092 741 1354 810 factisque
1380 755 1477 810 per
1499 736 1682 794 omnia
1710 734 1903 800 mirus,

493 842 706 900 Enituit
750 853 941 910 magna
971 836 1292 892 meritorum
1322 834 1496 906 gratia
1524 839 1793 902 comptus.

495 934 719 989 Talibus
752 937 910 986 aucta
939 928 1070 982 viris
1106 927 1496 982 monachorum
1525 923 1718 994 gaudia
1745 919 1973 993 pollent,

494 1026 846 1094 Pastorisque
871 1021 999 1078 boni
1029 1020 1312 1076 vernantia
1338 1025 1461 1074 vota
1486 1018 1784 1073 virescunt.

1121 1111 1349 1168 CAPUT
1389 1110 1460 1166 Χ.

882 1206 957 1261 De
984 1205 1148 1276 fratre
1177 1203 1431 1260 Cuicuino
1459 1202 1703 1272 ferrario.

493 1298 740 1356 Mirificis
765 1297 989 1354 fratrem
1018 1297 1180 1352 liceat
1214 1307 1521 1350 memorare
1548 1289 1796 1360 loquelis,

492 1393 696 1449 Ferrea
719 1391 812 1462 qui
839 1389 1108 1445 domitans
1134 1386 1310 1458 potuit
1337 1384 1574 1440 formare
1603 1380 1842 1444 metalla,

492 1484 842 1552 Diversisquc
876 1480 1051 1536 modis
1077 1479 1292 1549 sapiens
1320 1476 1515 1532 incude
1540 1475 1825 1530 subactum

492 1576 719 1632 Mallcus
744 1575 800 1629 in
830 1573 1035 1628 ferrum
1068 1571 1273 1642 peditat
1306 1568 1569 1626 stridente
1595 1567 1827 1622 camino.

493 1668 789 1726 Cuicuinus
820 1666 909 1720 hic
934 1664 1110 1720 fuerat
1140 1661 1400 1735 genitoris
1429 1677 1559 1716 cura
1578 1667 1818 1715 vocatus.

491 1762 651 1818 Hunc
679 1759 958 1816 hominem
983 1758 1094 1812 vita
1120 1756 1433 1812 meritorum
1455 1753 1629 1824 gratia
1659 1753 1844 1816 donat,

490 1857 670 1926 Atque
700 1869 828 1910 suos
855 1854 1061 1909 elaram
1096 1866 1292 1923 magno
1321 1848 1593 1905 redimivit
1621 1849 1847 1902 honore.

491 1947 736 2002 Crimina
767 1953 961 2000 cuncta
987 1944 1109 2013 pius
1133 1949 1282 1998 casto
1305 1941 1371 1997 de
1392 1953 1618 2010 corpore
1645 1937 1817 2008 pellit,

491 2040 715 2096 Viribus
737 2048 791 2095 et
817 2040 945 2095 totis
979 2037 1180 2094 Christi
1211 2042 1478 2108 prrecepta
1505 2034 1698 2105 sategit

1324 345 1592 406 EBEDOC
1630 342 1720 400 ET
1755 330 2266 396 ETIIELVOLFUS
2300 334 2615 394 ABBATES
2652 335 2954 395 HIDERNI.

2103 449 2164 513 Δ
2180 447 2261 506 Ac
2293 451 2457 509 timor
2493 451 2792 510 immensus
2813 452 3064 524 quatiens
3087 451 3376 524 vultusque
3413 453 3683 512 minaces

3652 337 3785 400 136

2181 541 2287 609 Per
2323 547 2572 603 tenebras
2610 547 2849 602 animam
2884 548 3165 603 terrebant
3198 548 3416 619 agmine
3437 547 3657 620 spisso,

2179 638 2529 711 Diversisque
2553 639 2731 696 modis
2767 641 3046 713 agitabant
3080 641 3294 696 turbida
3314 641 3523 698 flabra.

2180 731 2426 802 Cumque
2455 733 2546 789 diu
2583 733 2828 805 trepidus
2863 747 2963 805 per
2988 734 3176 790 tristes
3203 734 3282 790 ire
3298 733 3623 806 phalanges

2181 821 2426 895 Cogitur,
2455 824 2510 880 in
2548 824 2730 880 subito
2748 824 2934 880 nitidis
2971 839 3092 896 quae
3127 823 3366 880 vultibus
3388 824 3493 880 olli

2183 916 2497 987 Apparuere
2516 917 2642 985 viri,
2683 928 2871 974 tenero
2897 934 3034 989 quos
3070 932 3301 991 corpore
3337 927 3510 975 natos

2185 1011 2305 1068 Jam
2343 1013 2563 1068 morbus
2595 1012 2867 1082 quondam
2904 1013 3031 1069 vitae
3069 1012 3390 1068 detrusitab
3431 1011 3560 1069 oris

2185 1105 2440 1162 Instantis
2463 1104 2662 1161 tinctos
2695 1120 2888 1176 nuper,
2929 1105 3026 1160 sed
3050 1105 3160 1160 vita
3186 1107 3350 1162 beata

2186 1196 2338 1253 Albis
2368 1196 2584 1252 indutos
2621 1197 2887 1268 gremium
2910 1197 3180 1268 protraxit
3205 1197 3263 1252 in
3301 1197 3506 1252 altum.

2186 1289 2284 1354 His
2321 1289 2483 1360 igitur
2503 1289 2653 1356 visis,
2683 1289 2866 1346 animo
2901 1289 3242 1346 constantior
3270 1304 3401 1344 esse

2186 1383 2459 1454 Coeperat,
2487 1390 2542 1440 et
2572 1383 2728 1439 laetus
2752 1384 2964 1455 pariter
2989 1383 3285 1440 comitatus
3303 1383 3565 1448 eosdem,

2184 1477 2301 1533 Ibat
2337 1478 2406 1533 ad
2419 1477 2704 1548 judicium,
2738 1485 2942 1546 praetor
2973 1475 3116 1545 quod
3139 1473 3423 1530 maximus
3441 1474 3600 1529 omni

2184 1571 2496 1642 Egredienti
2530 1569 2723 1625 anima:
2747 1568 3007 1624 discernit
3028 1567 3247 1623 sedibus
3273 1567 3424 1621 altis.

2185 1663 2591 1738 Huncgenibus
2615 1661 2768 1718 ﬂexis
2797 1661 2999 1732 rogitat
3019 1661 3221 1731 pietate
3249 1660 3532 1726 modesta,

2187 1758 2259 1814 Ut
2296 1757 2398 1813 sibi
2425 1772 2534 1812 non
2558 1755 2718 1825 digno
2747 1755 2962 1809 veniam
2993 1754 3238 1809 donaret.
3281 1752 3358 1806 At
3391 1752 3488 1807 ille

2187 1848 2420 1906 Sedibus
2445 1863 2476 1904 e
2505 1848 2730 1904 summis
2766 1833 3100 1918 respondens
3118 1845 3251 1900 talia
3273 1843 3451 1900 fatur.

2102 1973 2110 2010 -,
2193 1962 2211 1994 ι
2258 1941 2394 1998 Cum
2429 1951 2488 1996 tu
2527 1941 2929 2012 transgrediens
2963 1953 3249 2012 praeponas
3273 1939 3452 1993 verba
3475 1938 3702 2004 marita,

2187 2033 2306 2089 Non
2331 2041 2608 2104 pactaeque
2629 2032 2790 2088 fidem
2824 2031 3062 2087 thalamo
3097 2029 3370 2086 servando
3402 2029 3663 2102 fugasse;

491 2134 754 2204 Corpore,
787 2139 987 2198 mente,
1019 2147 1202 2196 manu,
1235 2138 1291 2185 et
1315 2128 1526 2185 cunctis
1550 2142 1676 2184 cum
1706 2125 2086 2182 sensibus'una
2185 2124 2297 2181 Cur
2327 2124 2426 2179 tibi
2447 2139 2592 2179 nunc
2628 2123 2842 2178 veniam
2871 2122 3062 2194 gelidae
3084 2118 3183 2178 sub
3211 2129 3472 2192 tempora
3502 2122 3700 2185 mortis,

490 2226 664 2282 Nocte
691 2227 885 2297 dieque
912 2226 1073 2282 simul
1097 2240 1315 2280 servare
1341 2242 1353 2278 :
1388 2223 1455 2278 ad
1486 2222 1681 2294 gaudia
1709 2237 1834 2276 vera

490 2316 734 2384 jEstuat,
765 2327 930 2387 atque
956 2333 1113 2372 suum
1135 2324 1400 2386 quaestum
1425 2313 1748 2384 conquirere
1771 2311 1964 2383 palmis

489 2409 614 2464 Jam
643 2407 871 2480 cupidus
901 2408 1090 2463 tribuit
1110 2407 1324 2462 miseris
1344 2406 1573 2477 largitus
1591 2404 1796 2476 egenis.

491 2502 639 2569 Quin
668 2509 813 2558 totos
839 2516 1054 2571 semper
1076 2499 1279 2572 perfert
1308 2498 1516 2570 jejunia
1541 2498 1704 2562 soles,

492 2596 823 2652 Sanctorum
853 2597 1066 2652 Domini
1088 2595 1254 2651 veluti
1281 2593 1540 2650 solemnia
1570 2593 1790 2655 tricem,

489 2688 799 2744 Nocturnos
821 2688 1020 2744 fratres
1050 2688 1220 2743 sacris
1247 2687 1601 2742 concentibus
1637 2685 1870 2754 hymnos

487 2781 634 2838 Dum
674 2781 970 2844 celebrant,
998 2794 1297 2846 rursusque
1318 2791 1445 2832 suas
1470 2775 1699 2830 visitare
1729 2775 1941 2842 quietas

488 2871 760 2942 Incipiunt
787 2871 1004 2936 fratres,
1042 2878 1372 2924 memoratus
1392 2875 1546 2939 septa
1573 2867 1758 2923 sacelli

487 2962 846 3031 lucoluitque,
877 2960 990 3016 suis
1010 2975 1118 3015 non
1140 2960 1315 3029 parcit
1343 2959 1570 3014 tundere
1590 2959 1853 3014 membris

489 3054 784 3122 Marmora,
810 3070 974 3124 seque
999 3054 1110 3109 Deo
1132 3053 1420 3126 diligenter
1445 3055 1670 3109 mandat
1699 3053 1767 3108 ad
1785 3060 1954 3108 astra.

488 3147 562 3204 Et
582 3163 772 3204 rursus
798 3147 1005 3207 fratres
1023 3148 1247 3203 veniunt
1270 3162 1395 3204 cum
1419 3146 1625 3202 lumine
1658 3144 1871 3210 Phoebi,

490 3240 566 3296 Se
601 3242 852 3311 precibus
875 3241 1098 3311 cupiunt
1124 3241 1351 3296 Domino
1372 3241 1635 3300 mandare
1655 3237 1911 3309 profusis.

489 3331 735 3388 Coetibus
759 3333 848 3387 hic
876 3333 1077 3388 sanctis
1099 3331 1418 3401 coniunctus
1447 3333 1629 3388 dicere
1655 3331 1896 3402 psalmos

466 3423 658 3502 'Dulce
685 3424 894 3489 habuit,
931 3438 1050 3479 sese
1073 3424 1302 3479 Domino
1335 3425 1696 3488 commendat,
1738 3434 1794 3479 et
1819 3425 1995 3480 omnis

488 3512 629 3573 Hinc
649 3514 933 3569 matutinis
970 3514 1253 3584 completis
1281 3531 1447 3586 quam
1482 3515 1620 3570 bene
1644 3514 1866 3585 psalmis

488 3604 759 3659 Continuo
794 3605 1034 3659 insonuit
1064 3606 1338 3674 percussis
1361 3606 1502 3661 cudo
1524 3605 1758 3660 metallis

488 3695 734 3760 Malleus,
758 3703 812 3750 et
833 3711 1030 3750 vacuas
1053 3696 1286 3752 volitans
1312 3712 1436 3752 cum
1463 3697 1716 3751 verberat
1743 3710 1923 3750 auras.

485 3785 607 3839 Jam
645 3800 856 3840 coenam
885 3785 1110 3839 fratrem
1133 3788 1384 3855 peditans
1418 3787 1605 3842 caldor
1623 3803 1716 3842 eos
1743 3796 1920 3842 ornat.

467 3876 641 3940 Talia
677 3877 805 3930 dum
827 3885 1047 3932 sanctus
1073 3894 1237 3948 quam
1264 3880 1450 3935 multis
1469 3889 1712 3951 gesserat
1735 3881 1914 3946 annis,

467 3969 730 4034 Tandem
762 3969 1081 4038 promeruit,
1121 3979 1316 4025 cuncto
1343 3980 1591 4026 cessante
1621 3972 1829 4028 labore.

467 4048 568 4118 'Ad
589 4061 834 4131 requiem
860 4060 989 4116 felix
1016 4061 1184 4117 frater
1208 4063 1441 4118 transire
1463 4063 1702 4118 beatam.

483 4155 622 4210 Nam
650 4154 794 4210 vires
819 4153 1056 4222 validum
1088 4164 1288 4210 vexant
1316 4155 1446 4210 dum
1464 4171 1694 4227 corpore
1723 4156 1918 4223 morbi,

481 4245 602 4301 Jam
631 4247 830 4300 chorus
867 4261 898 4301 e
923 4247 1060 4302 cmlo
1088 4247 1310 4302 veniens
1331 4264 1453 4303 cum
1476 4248 1596 4304 luce
1620 4264 1898 4317 coruscus,

470 4337 724 4393 Pastoris
749 4338 940 4393 cellam
969 4347 1226 4411 properat
1255 4341 1480 4397 visitare
1506 4342 1668 4407 beati,

480 4430 658 4500 Atque
685 4429 923 4484 animam
940 4439 1092 4486 casto
1117 4439 1324 4486 castam
1353 4433 1418 4487 de
1440 4448 1669 4504 corpore
1682 4442 1922 4499 sumunt,

481 4521 768 4592 Splenduit
795 4521 884 4578 hic
916 4523 1143 4577 nimium
1171 4539 1437 4594 superans
1449 4523 1562 4592 jam
1601 4525 1809 4580 lumina
1847 4525 1996 4591 solis,

479 4613 724 4683 Cumque
747 4613 915 4669 choro
939 4613 1172 4670 volitans
1202 4629 1427 4683 superas
1449 4615 1756 4684 penetravit
1800 4615 1856 4668 in
1896 4629 2071 4671 arces.

477 4700 776 4758 IEthuinus
801 4703 918 4758 haec
944 4705 1244 4759 monachus
1275 4705 1402 4760 dum
1423 4705 1616 4769 cernit,
1645 4705 1825 4760 dicere
1849 4715 2032 4776 grates

477 4793 690 4864 Incipit,
722 4803 884 4864 atque
909 4796 1147 4850 animam
1175 4796 1403 4851 Domino
1437 4795 1781 4851 commendat
1818 4797 1872 4851 in
1901 4804 2071 4854 astra.

480 4887 625 4956 Ergo
654 4888 746 4943 ubi
781 4887 1064 4944 transcelsi
1092 4890 1462 4945 conscendunt
1489 4889 1672 4944 limina
1703 4889 1853 4956 solis,

481 4977 723 5047 Angelici
748 4979 906 5035 cunei
933 4980 1270 5035 modulantes
1293 4981 1556 5047 carmina,
1580 4981 1777 5037 coelum

478 5069 761 5124 Clauditur
781 5071 1055 5140 extemplo
1085 5089 1098 5124 :
1127 5072 1369 5141 requiem
1391 5079 1612 5142 captare
1635 5087 1930 5142 perennem

476 5161 617 5217 llinc
641 5165 820 5220 anima
852 5166 1172 5237 ingreditur,
1203 5168 1370 5223 castis
1407 5167 1654 5223 immixta
1683 5169 1958 5242 maniplis.

1093 5258 1321 5316 CAPUT
1362 5259 1452 5315 Xl.

548 5347 625 5402 De
639 5348 803 5417 fratre
823 5351 912 5422 qui
935 5353 999 5407 de
1024 5371 1184 5411 carne
1212 5356 1401 5411 ductus
1427 5357 1617 5412 iterum
1643 5359 1994 5416 revi-viscebat.

474 5441 667 5498 Frater
690 5450 809 5495 erat
839 5444 1059 5511 quidam
1089 5456 1289 5502 sanctae
1323 5449 1422 5503 sub
1451 5449 1692 5519 regmine
1720 5451 1886 5516 cellas,

473 5535 557 5589 Ad
585 5533 840 5590 smculum
865 5535 1108 5601 illustris,
1138 5540 1313 5594 dictus
1351 5542 1670 5610 cognomine
1697 5543 1993 5608 Mercbdof,

476 5624 742 5694 Tempore
777 5625 863 5680 cui
901 5629 1130 5694 quodam
1172 5629 1400 5700 languor
1440 5634 1565 5686 dum
1606 5649 1834 5703 corpora
1873 5645 2029 5692 vexat

470 5715 767 5788 Egrediens
805 5719 1004 5775 mundo
1042 5735 1232 5790 passus
1271 5725 1544 5792 componit
1583 5726 1637 5781 in
1675 5727 1786 5783 oris

473 5810 592 5868 Non
633 5815 776 5872 notis
814 5815 1008 5886 pavido
1049 5835 1060 5870 :
1094 5815 1305 5872 fervent
1327 5822 1623 5890 penetralia
1664 5822 1887 5896 cordis,_

1707 5918 1732 5948 ο

2187 2215 2289 2272 ilic
2311 2214 2474 2270 tribui
2502 2215 2697 2284 poscis,
2730 2214 2904 2269 venia:
2929 2230 3038 2284 quo
3075 2221 3328 2284 tempora
3353 2228 3470 2268 non
3488 2213 3650 2267 sunt?
3674 2232 3689 2264 ι

2185 2309 2286 2364 Ast
2320 2307 2475 2378 pueri
2500 2306 2654 2362 flexis
2678 2306 2904 2378 genibus
2928 2306 3125 2379 pietate
3161 2306 3414 2361 vicissim

2185 2400 2271 2455 Ad
2303 2399 2518 2454 veniam
2547 2399 2721 2468 patris
2745 2413 3032 2469 procerem
3067 2397 3314 2454 vocitare
3339 2397 3632 2469 parabant.

2187 2491 2280 2548 Ille
2316 2493 2410 2549 sed
2443 2493 2674 2548 immitis
2699 2491 2977 2548 dominam
2998 2491 3226 2549 visitare
3259 2490 3514 2560 iubebat.

2185 2581 2504 2654 Judicioque
2533 2599 2633 2639 suo
2656 2583 2871 2638 veniam
2895 2583 2983 2638 vel
3006 2597 3221 2638 sumere
3247 2596 3475 2651 poenam

2185 2676 2460 2748 Coniugis.
2493 2677 2593 2732 Ast
2620 2677 2774 2748 pueri
2795 2675 2993 2746 pavido
3014 2675 3314 2730 comitante
3341 2674 3533 2728 marito

2186 2770 2306 2826 Jam
2328 2770 2523 2840 trepidi
2551 2769 2776 2824 nimium
2808 2775 3104 2839 properant
3134 2767 3205 2820 ad
3225 2766 3371 2821 lecta
3405 2767 3646 2832 maritae,

2186 2860 2428 2917 Candida
2461 2874 2625 2929 quam
2662 2859 2895 2914 multum
2920 2857 3083 2913 celsis
3104 2856 3174 2911 ad
3211 2855 3393 2912 sidera
3423 2856 3600 2911 muris

2187 2953 2382 3008 Montis
2404 2952 2458 3008 in
2485 2966 2610 3007 arce
2627 2951 2728 3022 piae
2764 2958 3069 3006 monstrant
3097 2948 3379 3005 coenaeula
3406 2957 3611 3020 nuptae.

2186 3042 2488 3112 Ingreditur
2518 3041 2728 3110 genitor
2749 3040 2891 3096 natis
2925 3040 3315 3096 comitantibus
3352 3040 3504 3106 altis,

2112 3171 2159 3234 Ο
2189 3134 2405 3189 Corruit
2429 3143 2484 3189 et
2499 3134 2712 3199 mulier,
2750 3141 2905 3190 natos
2927 3134 3053 3189 dum
3092 3133 3270 3189 cernit
3291 3133 3505 3199 ocellis,

2189 3226 2341 3297 Eque
2369 3227 2530 3282 domu
2559 3226 2781 3282 mandat
2805 3226 3065 3297 pellacem
3096 3233 3314 3282 vertere
3348 3240 3594 3297 gressus.

2183 3320 2244 3376 In
2266 3320 2459 3375 faciem
2496 3329 2742 3376 sanctam
2767 3321 3033 3376 ruitantes
3057 3326 3304 3390 tempora
3332 3329 3500 3388 natae,

2182 3411 2429 3468 Fletibus
2467 3413 2841 3480 immadidant,
2877 3414 3016 3468 iram
3038 3427 3294 3485 gemuere
3315 3423 3608 3486 paveam,

2183 3507 2483 3565 Obsecrant
2511 3523 2527 3561 :
2565 3526 2582 3559 ι
2606 3517 2803 3574 mater,
2827 3506 2985 3562 nobis
3014 3507 3292 3572 miserere,
3327 3522 3646 3578 precamur,

2181 3600 2574 3672 Conjunctique
2603 3600 2682 3655 tui
2708 3599 2918 3656 meritis
2953 3601 3070 3655 sine
3094 3600 3327 3655 crimine
3365 3601 3541 3656 solve.
3577 3620 3598 3655 ι

2184 3695 2414 3752 Sedibus
2436 3711 2468 3751 e
2490 3694 2714 3750 summis
2735 3693 2963 3747 radianti
2993 3693 3196 3748 lumine
3218 3693 3467 3749 vibrans.

2182 3788 2437 3843 Vestibus
2469 3786 2733 3854 aurigeris
2757 3785 2810 3840 in
2834 3791 2946 3839 toto
2966 3797 3194 3854 corpore
3218 3783 3405 3854 plena,

2183 3879 2403 3934 Semina
2442 3876 2762 3946 corripiens,
2797 3875 3042 3944 despexit
3069 3873 3180 3928 fata
3207 3874 3416 3929 mariti.

2187 3990 2205 4022 ι
2252 3970 2362 4026 Cur
2391 3976 2449 4025 tu
2475 3967 2636 4024 stulte
2673 3967 2832 4023 fidem
2855 3974 3143 4038 corruptus
3166 3982 3419 4038 corpore,
3436 3977 3642 4036 mente,

2179 4061 2475 4117 lrritavota
2498 4072 2712 4130 gerens,
2741 4057 2990 4130 copulam
3021 4060 3354 4130 conjungere
3375 4063 3524 4116 natis

2179 4156 2361 4211 Ausus
2387 4168 2510 4209 eras
2536 4153 2808 4219 thalamis,
2841 4153 3121 4209 maculans
3138 4161 3231 4208 tua
3246 4155 3500 4210 membra
3512 4154 3776 4218 serendis,

2179 4244 2408 4301 Fmdera
2439 4260 2561 4300 cum
2581 4244 2832 4300 manibus
2870 4243 3085 4306 Domini
3105 4259 3204 4315 per
3223 4245 3448 4299 nomina
3480 4245 3683 4302 summi

2177 4335 2321 4392 Ante
2350 4336 2495 4392 diem
2523 4336 2715 4391 mortis
2741 4334 3022 4392 formando
3048 4337 3218 4407 gessit
3248 4344 3488 4408 uterque

2180 4431 2552 4488 Postmortem
2573 4432 2797 4487 alterius
2818 4440 3036 4488 maneat
3061 4432 3205 4503 quod
3234 4434 3488 4491 criminis
3506 4433 3736 4506 expers?
3753 4448 3774 4488 θ

2097 4535 2157 4600 ι)
2181 4523 2453 4580 Obstruso'
2465 4523 2633 4578 tacuit
2664 4539 2772 4578 non
2794 4523 2903 4578 laeti
2925 4523 3166 4592 pectoris
3191 4538 3289 4578 ore

2185 4617 2294 4682 Vir,
2325 4616 2659 4686 pavidusque
2680 4631 2844 4671 ruens
2873 4614 3160 4672 confestim
3180 4615 3388 4688 lingere
3415 4625 3623 4673 terram

2175 4711 2390 4782 Incipit,
2412 4718 2467 4766 et
2491 4709 2688 4768 faciem
2709 4710 2984 4781 perfundit
3005 4710 3221 4768 ﬂetibus
3240 4728 3464 4770 omnem

2174 4802 2272 4857 llla
2312 4803 2407 4858 sed
2433 4803 2788 4872 ingeminans,
2823 4818 3125 4860 connexum
3151 4805 3396 4862 carceris
3426 4807 3653 4863 umbras

2174 4891 2342 4948 Jussit
2381 4892 2533 4948 adire
2557 4893 2758 4960 virum,
2790 4892 3096 4963 donecjam
3129 4895 3358 4970 crimina
3389 4907 3596 4952 cuncta

2173 4984 2436 5040 Flammis
2461 4986 2751 5056 obsorptus
2772 4985 3001 5042 nimium
3025 4987 3285 5056 persolvit
3307 4987 3362 5041 in
3388 4989 3550 5044 atris.

2172 5073 2378 5130 Plantis
2415 5084 2471 5130 at
2492 5076 2650 5130 strati
2677 5076 2954 5132 ruitabant
2977 5077 3204 5150 pignora
3231 5078 3448 5156 matris,

2171 5167 2384 5237 Perque
2408 5167 2502 5223 Dei
2526 5181 2745 5233 nomen,
2793 5168 3064 5240 rogitant,
3101 5189 3120 5221 ι
3143 5170 3431 5237 miserere,
3459 5184 3778 5242 premar,

2173 5259 2270 5315 Vel
2299 5258 2479 5315 saltim
2509 5255 2672 5314 liceat
2703 5274 2901 5330 corpus
2926 5261 3151 5318 visitare
3175 5263 3396 5329 marito,

2173 5351 2395 5408 Solvere
2420 5352 2605 5423 sicque
2636 5369 2732 5409 sua
2755 5364 3031 5411 mereatur
3063 5355 3293 5412 crimina
3312 5357 3525 5415 vivens.
3555 5381 3577 5413 ι

2171 5442 2439 5501 Mentibus
2468 5445 2671 5501 luxatis
2696 5447 2941 5516 genetrix
2969 5450 3238 5504 consentit
3261 5458 3444 5504 amata

2171 5536 2401 5607 Pignora
2432 5552 2553 5607 qua:
2581 5548 2794 5606 patrem
2820 5540 3030 5609 possint
3058 5541 3330 5596 adducere
3349 5557 3552 5611 corpus

2169 5628 2410 5693 Cautius,
2437 5629 2672 5698 huieque
2703 5646 2854 5685 suam
2876 5632 3083 5687 monuit
3115 5648 3438 5703 percernere
3464 5635 3660 5698 vitam.

2167 5723 2246 5778 Nc
2267 5739 2481 5778 rursum
2507 5725 2799 5782 adveniens
2825 5742 2920 5796 pro
2947 5725 3116 5797 culpis
3142 5728 3506 5799 praecipitetur
3535 5715 3574 5749 ⁸

2165 5819 2225 5876 In
2254 5819 2510 5886 tenebris,
2549 5819 3287 5902 quomstridoreritfletusque
3326 5822 3619 5893 percnnis.’
