3950 6308
101 339 235 426 ίδδιῤ
991 362 1426 423 ETHELVOLFI
1456 321 1742 425 manu
1777 365 1865 426 DE
1902 369 2304 445 ABBATIBUS,
2345 377 2499 438 ere.
3213 389 3361 455 1358

100 484 230 540 line
253 479 458 536 iterum
478 478 742 534 adductus
768 475 912 534 natis
931 479 1317 536 comitantibus
1343 479 1480 536 albis
1705 483 1764 546 Δ
1784 481 2073 543 lncolitans
2101 498 2282 545 servat
2313 493 2449 548 vasti
2477 493 2576 550 sub
2603 493 2837 553 culmine
2862 498 3006 556 cmli.

100 570 347 630 ’ervenit
369 570 438 626 ad
479 583 693 639 corpus,
723 569 940 664 cunctis
963 569 1285 664 mirantibus
1315 570 1466 664 illum
1491 659 1504 664 Δ
1778 573 1878 631 Cui
1899 590 2178 650 compacta
2204 582 2340 638 nitet
2357 587 2696 656 perpulchris
2721 603 2908 647 mensa
2928 569 3163 664 tabellis,

99 667 290 721 livere
312 668 706 758 Post-mortem
731 673 747 712 :
782 659 1101 758 mortis
1117 675 1307 716 versus
1328 661 1397 716 ab
1423 659 1538 716 oris
1779 666 2026 726 Porticus
2049 672 2104 728 in
2136 674 2334 743 medio,
2359 679 2535 734 sancti
2559 679 2721 750 quam
2743 681 2934 740 fronde
2971 659 3256 758 coronant,

97 759 284 813 rivers
305 752 420 823 jam
445 751 662 810 Christo
683 765 844 808 sensu
872 750 1131 823 perdiscit
1151 760 1325 816 acuto,
1418 787 1426 798 -
1777 758 1915 816 Dum
1941 763 2100 821 buxis
2119 766 2376 825 claudunt
2401 772 2656 841 pretiosae
2677 790 2900 832 munera
2929 779 3074 836 vitae.

97 851 154 905 Et
182 855 379 903 cautus
399 852 668 902 monstrat
710 844 933 937 cunctis,
949 859 1008 900 se
1032 859 1259 901 cernere
1281 844 1392 900 vita
1776 848 2010 909 Occidua
2037 857 2193 913 nitidi
2231 859 2587 932 splendent-in
2613 874 2766 937 parte
2787 869 3042 936 ministri,

98 945 287 999 ’oenas
312 938 614 1004 horrificas,
642 937 824 994 carnis
851 936 898 992 si
921 936 1099 1008 lingua
1130 946 1352 994 taceret.
1775 943 1879 1011 Qui
1908 948 2137 1005 modulis
2163 951 2380 1010 culmen
2410 956 2534 1013 caeli
2555 936 2907 1017 concentibus
2930 943 3144 1020 omam:

97 1037 332 1104 Iumque
361 1030 474 1087 suis
498 1028 774 1085 medicans
795 1028 966 1084 frater
987 1029 1320 1100 cataplasma
1345 1027 1536 1085 salutis

1774 1035 1975 1095 Omnes
2012 1051 2097 1098 ast
2129 1047 2303 1102 sancti
2330 1049 2490 1105 medii
2526 1051 2832 1120 pavimenta
2853 1055 3060 1124 sacelli,

95 1127 413 1182 Vulneribus
444 1124 591 1191 Ῐθοίῐν
620 1133 884 1197 ριπεειιιε
911 1140 1140 1196 corpore
1161 1124 1378 1222 limini"
1775 1132 2068 1192 Servantes
2095 1138 2318 1197 colitant
2343 1156 2440 1213 per
2462 1153 2704 1216 tempora
2728 1156 2944 1216 cuncta,
2966 1150 3219 1222 maniplis

95 1228 256 1287 ιυιιιο
291 1231 404 1273 sua:
433 1223 682 1311 comptus
709 1230 922 1287 sponsa;
947 1214 1245 1286 penetralia
1270 1221 1497 1285 compta
1771 1223 2074 1292 Innumeris
2096 1226 2350 1302 jungunt,
2376 1214 2596 1291 vocitati
2627 1237 2696 1293 ad
2721 1247 2844 1294 vota
2872 1214 3086 1311 piorum

95 1310 334 1366 :reditur
359 1316 420 1366 ut
448 1307 605 1365 laetus
629 1308 920 1365 meruisset
942 1308 1119 1365 visere
1142 1315 1376 1378 compta.

1771 1317 1926 1388 Quod
1947 1322 2157 1378 meritis
2183 1325 2405 1396 capiunt
2430 1343 2645 1402 semper
2674 1307 2961 1390 defendere
2994 1335 3216 1401 sanctis,

683 1423 913 1482 CAPUT
949 1424 1062 1481 χιι,
1772 1410 1832 1504 si
1852 1413 1976 1469 vita:
2009 1415 2077 1469 ad
2100 1415 2335 1486 palmam
2363 1429 2574 1478 certant
2600 1438 2894 1504 properare
2915 1427 3118 1485 ﬁdeles.

450 1515 528 1572 De
550 1517 693 1572 obitu
741 1519 907 1588 patris
956 1517 1317 1574 Eandmundi.

1769 1503 1976 1562 Caetera
2005 1522 2102 1578 per
2124 1511 2384 1580 templum
2405 1525 2657 1572 numeret
2678 1519 2802 1589 quis
2826 1518 3029 1576 lumina
3057 1529 3271 1586 cuncta,

93 1609 321 1681 rumque
347 1609 440 1666 diu
461 1610 654 1667 cellam
688 1622 1020 1670 memoratus
1056 1623 1244 1684 pastor
1271 1614 1496 1670 haberet
1768 1593 1900 1664 Qui”
1928 1599 2234 1671 temploque
2254 1603 2378 1673 P010
2405 1605 2629 1662 ιύιίιθιιῑ
2649 1624 2748 1679 Ρθτ
2771 1611 2965 1682 Bandin
2992 1627 3139 1668 "01‘3-

93 1700 284 1756 lobilis
312 1701 548 1772 eloquio,
574 1710 629 1760 et
655 1705 865 1762 cunctis
889 1707 1226 1762 venerandus
1255 1706 1310 1760 in
1344 1705 1500 1773 actis,

1768 1686 2058 1762 Presbyter
2083 1692 2185 1750 iste
2212 1693 2324 1751 Deo
2352 1699 2622 1754 concessit
2645 1701 2879 1770 plurima
2905 1705 3064 1769 dona,

92 1794 344 1864 'cmpore
369 1802 482 1849 tum
503 1794 694 1866 plenus
715 1796 914 1867 linquit
937 1798 1209 1854 consortia
1241 1797 1441 1864 carnis,

1733 1855 1741 1867 ι
1767 1779 1978 1836 Aureus
2006 1781 2108 1839 iste
2129 1783 2268 1840 calix
2293 1788 2522 1858 gemmis
2541 1790 2866 1861 Splendescit
2889 1803 3131 1864 opertus.

92 1851 485 1957 τετέάίωι-(Ῑυο
503 1851 599 1942 ’δάε
627 1851 755 1943 {ejix
787 1851 854 1942 a'd
877 1851 1323 1958 gaﬁg'iévcihrisu.
1427 1851 1441 1864 ’
1690 1851 1742 1914 Β
1766 1871 2098 1945 Argentique
2123 1877 2302 1934 nitens
2327 1889 2539 1938 constat
2559 1851 2854 1942 fabricatus
2880 1851 2941 1941 in
2961 1889 3086 1942 a-tis
3111 1901 3161 1953 α,

91 1976 214 2031 ‘um
239 1976 478 2032 fraterna
503 1977 699 2032 cohors
731 1977 1023 2033 venerandi
1048 1979 1291 2033 membra
1318 1977 1558 2048 parentis
1766 1966 1935 2034 Quem
1959 1970 2106 2026 dedit
2125 1971 2215 2026 ille
2240 1973 2364 2042 pius
2391 1989 2599 2046 magnae
2636 1977 2915 2046 genitricis
2943 1978 3011 2033 ad
3043 1979 3241 2035 aulam.

89 2067 320 2122 ,ulmine
345 2069 446 2123 sub
474 2067 659 2138 templi
694 2067 858 2140 digno
877 2083 1108 2140 posuere
1129 2069 1395 2138 sepulcro,
1764 2056 2022 2115 Plumbea
2052 2071 2198 2117 sarta
2231 2071 2418 2134 tegunt
2445 2081 2584 2121 casae
2605 2082 2728 2123 cum
2757 2068 2992 2124 culmina
3033 2086 3276 2126 summm.

89 2169 248 2228 .tque
277 2159 512 2214 animam
541 2159 770 2216 Domino
795 2159 1072 2217 immensis
1099 2159 1462 2230 cumuletibus
1493 2159 1603 2215 alto
1763 2152 1875 2208 Nec
1905 2155 2082 2211 minus
2107 2172 2174 2212 ex
2196 2158 2347 2228 cipro
2374 2159 2614 2214 sonitant
2638 2162 2706 2217 ad
2734 2161 2928 2231 gaudia
2964 2161 3198 2218 fratrum

89 2265 190 2306 an
212 2251 464 2322 precibus
491 2249 628 2307 fusis
649 2253 1031 2309 commendant
1059 2254 1302 2310 membra
1326 2253 1578 2311 sacratis.
1763 2244 1940 2303 r’Enea
1966 2264 2096 2304 vasa
2121 2251 2272 2306 cavis
2298 2252 2564 2322 crepitant
2584 2254 2708 2324 quis
2746 2255 2976 2326 pendula
3008 2256 3206 2313 sistris.

677 2366 906 2426 CAPUT
936 2369 1073 2424 xm.
1765 2340 1879 2398 Hoc
1900 2344 2158 2414 templum
2183 2346 2490 2418 ingrediens
2511 2350 2637 2405 dum
2667 2365 2803 2420 pura
2825 2359 3006 2408 mente
3030 2355 3284 2413 sacerdos

87 2463 141 2516 De
195 2458 470 2530 Eorpuino
504 2475 825 2542 successore.
849 2462 1212 2542 Eandmundi,
1244 2473 1292 2520 et
1337 2465 1502 2536 fratre
1549 2482 1583 2536 ed

1764 2431 1885 2489 Jam
1915 2435 2110 2493 missas
2139 2437 2420 2494 celebrans
2449 2438 2669 2512 Sigbald
2691 2441 2918 2498 visitare
2943 2445 3193 2514 parabat,

758 2531 1019 2588 Αιάωίηο,
1200 2524 1208 2530 ’
1337 2524 1349 2536 ’
1571 2524 1590 2536 ’
1763 2524 2030 2584 Fontibus
2051 2543 2083 2584 e
2116 2529 2308 2586 calidis
2343 2531 2499 2588 salsae
2525 2533 2815 2591 decurrere
2840 2543 3004 2608 guttae

1762 2617 2052 2689 Incipiunt,
2076 2620 2278 2678 Christi
2309 2639 2538 2696 magnus
2563 2640 2700 2696 quas
2725 2627 2926 2683 excitat
2953 2629 3115 2685 ardor

1765 2709 1991 2767 Pectore
2021 2713 2088 2768 de
2111 2729 2248 2784 puro
2273 2734 2286 2782 ;
2321 2716 2594 2786 trepidant
2618 2734 2721 2775 nec
2747 2728 2964 2790 guttura
2989 2729 3173 2776 cantu.

1764 2798 2022 2857 Sanctam
2049 2817 2280 2874 cumque
2304 2805 2448 2861 diem
2470 2807 2780 2881 celebravit,
2807 2815 2960 2881 virgo
2985 2811 3154 2866 Maria

1763 2891 1880 2958 Quo
1908 2893 2140 2950 volitans
2164 2896 2330 2952 caelos
2356 2898 2552 2954 meruit
2572 2910 2856 2971 penetrare
2880 2917 2977 2972 per
3003 2903 3163 2967 altos,

1761 2983 1859 3041 Vel
1879 3001 1984 3057 qua
2006 2989 2260 3056 praesenti
2285 2999 2542 3060 generata
2571 2993 2803 3048 reddidit
2823 2995 2962 3061 orbi,

1762 3076 1858 3133 Vel
1879 3093 1986 3149 qua
2007 3081 2349 3151 perpulchrae
2372 3094 2647 3154 susceptat
2665 3087 2858 3156 gaudia
2886 3088 3030 3153 vitae,

1684 3219 1736 3286 ο
1764 3171 1860 3227 Vel
1891 3188 1995 3243 qua
2019 3173 2407 3231 celsithronum
2443 3179 2642 3232 meruit
2668 3195 2928 3252 generare
2957 3181 3279 3247 Tonantem,

1763 3263 1856 3286 ἰΥΑΙ
1892 3280 2201 3286 ----Α---.----
2243 3268 2310 3286 )9-
2344 3270 2524 3286 -,,,,,Io
2569 3269 2588 3286 r
2747 3270 2766 3286 Ἰ
2801 3271 2825 3286 ρ
2884 3280 2896 3286 -
3234 3283 3243 3286 -

1763 3263 1858 3320 Vel
1884 3280 2208 3338 quacunque
2230 3268 2318 3323 die
2343 3270 2527 3340 templi
2569 3269 2766 3344 [sacra]
2797 3271 2936 3328 festa
2961 3283 3280 3341 coruscant;

87 2645 376 2717 Iorpuinus
412 2645 578 2716 hunc;
610 2645 857 2716 sequitur
891 2647 1169 2703 commissi
1197 2656 1385 2718 pastor
1414 2648 1589 2716 ovilis,

87 2739 361 2812 'rcsbyter
385 2737 656 2812 egregius,
682 2739 807 2794 vitae
842 2740 1116 2796 studiosus
1146 2750 1377 2796 amator.

85 2831 329 2886 lensibus
356 2838 411 2886 ct
445 2831 702 2901 prudens,
731 2838 785 2886 et
811 2840 1007 2888 cuncto
1029 2840 1284 2890 strenuus
1325 2841 1450 2890 actu

86 2922 296 2977 )ivitias
323 2921 515 2979 tribuit
546 2922 727 2978 laxato
749 2923 949 2979 mentis
984 2924 1168 2994 opimo

95 3030 192 3070 am
219 3013 422 3085 gremio
443 3014 747 3081 monachis,
781 3029 918 3088 quos
953 3015 1132 3072 lurida
1161 3017 1339 3073 inedia
1366 3019 1584 3088 pressit,

84 3121 233 3178 nque
254 3105 470 3162 modum
501 3106 698 3162 mirum
731 3106 988 3178 dispersa:
1013 3109 1081 3164 ad
1102 3109 1321 3180 praemia
1345 3119 1495 3166 certa

83 3199 278 3255 Divitiae
306 3206 596 3255 crescunt:
637 3198 876 3256 cumulat
914 3201 1217 3256 reverentia
1239 3201 1444 3258 Christi

84 3294 288 3349 funera
317 3307 502 3363 sparsa
529 3292 632 3348 sibi
655 3308 754 3366 per
778 3300 989 3350 cunctae
1026 3302 1268 3365 tempora
1294 3295 1437 3350 vitae.

83 3401 274 3458 .argus
306 3393 425 3440 erat
451 3385 688 3451 miseris,
735 3385 962 3441 nimium
997 3386 1101 3442 sibi
1139 3402 1338 3458 parcus
1358 3387 1415 3442 in
1441 3387 1587 3444 omni

83 3480 99 3532 ἴ
107 3479 224 3535 ictu
253 3495 266 3533 :
301 3493 534 3548 namque
560 3479 699 3534 escis
720 3479 979 3549 pascebat
1004 3493 1232 3550 corpora
1269 3479 1431 3535 siccis
1462 3497 1476 3534 :

83 3571 310 3626 Triverat
333 3569 422 3626 hic
449 3569 612 3637 soles,
654 3569 966 3642 nullamque
992 3581 1364 3643 assumpserat
1392 3586 1575 3629 escam

87 3663 330 3732 ejunium
359 3663 604 3719 referens
630 3663 877 3720 volitanti
906 3663 1110 3721 lumine
1138 3675 1346 3737 pectus.

83 3757 171 3814 lec
200 3757 393 3812 mirum
426 3754 698 3812 excellens
723 3755 890 3811 faciat
910 3757 956 3812 si
985 3757 1113 3812 talia
1136 3757 1408 3828 princeps,

84 3851 204 3903 )um
233 3846 439 3916 majora
465 3846 595 3902 boni
625 3854 874 3916 paterent
903 3847 960 3902 hi
984 3861 1150 3918 seque
1180 3847 1441 3915 minores,

83 3950 238 4011 utque
262 3940 377 3995 dies
413 3938 614 3993 multas
642 3937 1078 4008 certantjejunia
1116 3939 1334 3995 Christo

83 4029 426 4130 tedderenne
449 4037 663 4130 mentes
681 4028 843 4130 fallax
867 4029 1114 4130 eluderet
1142 4038 1264 4086 astu
2323 4071 2552 4130 CApUT
2578 4073 2674 4130 xv

83 4129 303 4177 ncautas
328 4121 502 4177 hostis
525 4121 718 4177 subita:
754 4121 976 4176 virtutis
1004 4122 1230 4177 honore.
2325 4112 2437 4129 νη·
2465 4112 2502 4130 υ
2520 4112 2544 4130 ι
2581 4112 2626 4130 ιι
2647 4112 2662 4128 ν
2681 4112 2696 4128 ο

83 4215 269 4285 impius
305 4215 420 4285 ipse
451 4214 589 4287 fugit
617 4229 785 4269 sacrae
811 4214 1098 4269 formidine
1122 4214 1320 4284 plebis,

1757 3356 2022 3414 Omnibus
2041 3358 2128 3413 his
2155 3357 2310 3415 lmtus
2335 3360 2564 3416 nimium
2585 3377 2683 3432 per
2713 3363 2908 3432 gaudia
2932 3374 3118 3438 sancta

1757 3445 1938 3503 Aurea
1973 3447 2266 3505 (Ῐιιιοὶεοηω
2294 3460 2565 3506 restaurat
2590 3468 2814 3508 munera
2838 3456 3036 3510 mentis
3060 3472 3074 3509 ἶ

1757 3539 1838 3596 Ac
1857 3539 2056 3596 fratres
2077 3541 2332 3612 precibus
2354 3543 2571 3610 mulcet,
2604 3542 2865 3600 solemnia
2893 3544 3028 3600 festa

1755 3631 1840 3688 Ad
1861 3631 2012 3687 laetos
2041 3633 2317 3689 celebrare
2337 3634 2440 3703 piae
2471 3635 2751 3706 genitricis
2777 3636 3032 3692 honores.

1757 3722 2050 3795 Presbyter
2079 3724 2168 3780 hic
2193 3726 2383 3782 doctus
2397 3725 2534 3781 dum
2564 3726 2723 3798 longo
2749 3734 2993 3797 tempore
3021 3726 3147 3782 felix

1756 3815 1908 3872 Talia
1933 3830 2030 3887 per
2052 3817 2243 3873 cellam
2267 3819 2465 3873 meruit
2492 3817 2605 3887 jam
2636 3818 2780 3874 facta
2805 3833 3026 3885 novare,

1755 3907 1963 3966 Clausit
1991 3909 2095 3965 iter
2114 3910 2258 3966 saecli
2285 3911 2631 3968 transductus
2660 3911 2728 3966 ad
2754 3912 2892 3966 atria
2922 3911 3065 3968 vitae.

1753 4186 1833 4243 De
1875 4186 2107 4259 Sigwino
2167 4187 2372 4252 abbate,
2427 4187 2591 4256 fratre
2642 4195 2691 4240 et
2738 4200 3039 4239 successore
3087 4180 3350 4252 Sigbaldi.

83 4307 206 4362 tella
237 4306 462 4362 nefanda
501 4306 686 4360 sinunt
714 4304 911 4376 populo
936 4313 1148 4360 certare
1169 4304 1334 4369 fideli,
1752 4301 2048 4372 Postquam
2076 4316 2367 4373 germanus
2395 4301 2642 4371 permitis
2669 4301 2913 4373 regmina
2940 4298 3106 4363 cella),

83 4399 329 4455 .uxilium
355 4408 620 4470 praestans
645 4398 897 4456 Christus
921 4401 1204 4454 conce‘rtat
1232 4399 1301 4454 ab
1327 4411 1471 4454 arce.
1754 4391 2030 4464 Sigwinus
2062 4391 2286 4447 alterius
2314 4392 2548 4463 sumpsit
2573 4392 2892 4463 cognomine
2913 4391 3110 4455 dictus,

84 4490 214 4547 Inde
237 4491 347 4548 Deo
373 4491 498 4547 lecti
527 4492 734 4548 celsum
761 4506 993 4563 rapuere
1015 4492 1372 4563 triumphum,
1753 4484 1982 4558 Dapsilis
2007 4485 2096 4541 hic
2123 4484 2353 4540 nimium
2401 4484 2642 4540 minimis
2671 4484 2989 4556 magnisque
3013 4498 3111 4554 per
3132 4495 3349 4537 omnem

83 4583 476 4653 'rzecipitesque
500 4582 684 4653 fugam
711 4583 882 4655 nigrae
911 4596 1136 4638 censere
1155 4581 1451 4654 phalanges
1670 4582 1726 4645 Ι)
1750 4579 2047 4635 Exstiterat
2064 4579 2251 4646 vitam,
2290 4579 2508 4636 miseris
2535 4579 2761 4652 largitus
2781 4579 2967 4651 egenis

83 4685 247 4734 'astor
272 4685 327 4732 et
354 4675 455 4731 iste
474 4677 600 4747 pius
627 4675 917 4746 complevit
939 4676 994 4730 in
1030 4676 1220 4732 ordine
1247 4684 1478 4747 tempus.
1749 4674 1976 4730 Divitias
2005 4672 2214 4739 tribuit,
2241 4673 2504 4730 Dominus
2532 4688 2668 4744 quas
2693 4679 2918 4728 auxerat
2947 4668 3108 4724 altus.

83 4770 325 4824 :ermauo
360 4767 560 4822 meruit
583 4767 854 4839 condigno
885 4767 1132 4838 linquere
1161 4767 1368 4823 sedem.
1747 4765 1972 4822 Viderat
1990 4765 2133 4821 hunc
2156 4765 2378 4834 quidam
2404 4772 2559 4820 tetrte
2589 4765 2690 4819 sub
2713 4771 2958 4833 tempora
2983 4757 3159 4814 noctis

83 4860 316 4916 tlduinus
343 4859 434 4915 hic
458 4858 638 4915 fuerat
664 4858 870 4914 carnali
894 4858 1113 4914 nomine
1134 4857 1332 4924 dictus,
1748 4857 2003 4912 Vestibus
2025 4856 2257 4912 insolitis
2287 4855 2534 4911 indutum
2563 4855 2777 4911 tradere
2803 4855 2940 4910 dona

84 4952 295 5007 loribus
318 4951 409 5006 hic
446 4964 610 5006 verus
635 4956 688 5006 et
709 4948 892 5005 verbis
918 4949 1172 5005 omnibus
1195 4956 1394 5014 exstat,
1569 4947 1584 4956 "
1746 4947 2083 5019 Pauperibus
2109 4948 2346 5011 miseris,
2371 4948 2599 5002 nimium
2630 4947 2723 5018 qui
2749 4946 2941 5018 frigida
2965 4944 3205 5000 membra

83 5041 294 5116 bignifer
320 5051 405 5099 est
427 5042 629 5107 clarus,
652 5041 923 5112 subjectos
946 5043 1170 5098 vocibus
1196 5043 1439 5108 hortans,
1747 5039 1964 5096 Exclusi
1988 5039 2160 5110 portis
2181 5040 2442 5095 calefacta
2475 5039 2530 5094 in
2561 5041 2757 5096 rudere
2786 5047 3012 5110 ponunt.

83 5135 124 5191 lt
143 5151 243 5192 sua
278 5145 403 5193 vota
427 5135 502 5207 pii
528 5143 680 5191 trans
701 5135 902 5190 aethera
926 5135 1172 5206 principe
1209 5133 1445 5206 signent.
1745 5132 1989 5202 Cumque
2010 5132 2132 5204 pius
2157 5132 2346 5187 tribuit
2371 5131 2637 5186 radiantis
2662 5132 2906 5186 membra
2943 5128 3166 5194 metalli,

639 5245 868 5306 CAPUT
893 5245 1033 5302 xw,
1746 5221 1998 5292 Praecipit
2022 5223 2314 5277 obsecrans
2337 5223 2535 5278 summi
2567 5237 2666 5294 per
2694 5237 2859 5295 regna
2890 5222 3167 5288 Tonantis,

83 5343 123 5395 lc
164 5339 426 5411 Sigbaldq
458 5340 664 5411 abbate,
693 5337 956 5411 quomodo
981 5336 1161 5411 multis
1202 5338 1439 5411 donariis
1489 5347 1536 5392 et
1561 5338 1646 5391 αἱ·
1746 5319 2022 5388 Quatenus
2043 5318 2162 5373 hac
2186 5319 2316 5373 “uni
2344 5327 2552 5374 ευηθῑω
2573 5333 2670 5389 Per
2697 5326 2940 5388 tempora
2975 5318 3100 5373 νίιω

227 5407 366 5466 ὒὶιὶἱε
395 5407 876 5479 Lindist'arnensem
909 5407 1205 5462 Ecclesium
1253 5409 1458 5462 ditavit.
1746 5416 1960 5472 Dicant.
1999 5414 2097 5469 Ast
2120 5413 2306 5468 miseri
2339 5419 2608 5467 testantur
2636 5411 2818 5468 dicere
2841 5425 3142 5483 nunquam,

84 5511 286 5558 e'mrtus
308 5502 460 5557 adest
483 5511 674 5572 pastor
691 5501 951 5573 prmclaro
977 5501 1194 5556 nomine
1223 5501 1447 5572 Sigbald
1747 5506 1828 5562 Ex
1853 5521 1960 5576 quo
1987 5505 2273 5576 prmsenlis
2299 5513 2518 5559 maneat
2544 5505 2645 5559 sub
2671 5514 2913 5576 tempora
2946 5504 3091 5559 vitae.

83 5601 339 5670 'resbyter
370 5614 384 5652 :
413 5598 503 5652 hic
531 5597 724 5652 cellam
755 5597 941 5650 multis
972 5596 1214 5652 donariis
1241 5598 1409 5659 auxit,
1748 5598 1862 5653 Hoc
1893 5612 2121 5652 cernens
2152 5597 2338 5662 frater,
2365 5597 2604 5651 tenebris
2634 5597 3036 5652 cumulantibus
3067 5608 3197 5648 arva

83 5701 224 5760 itque
253 5691 362 5747 Deo
384 5690 600 5761 dignam
633 5690 901 5746 studiosus
926 5690 1167 5746 condidit
1205 5690 1404 5744 aulam.
1747 5693 1988 5757 Delituit,
2019 5691 2336 5762 fugiensque
2373 5691 2539 5747 semel
2568 5707 2672 5747 non
2704 5691 2830 5746 talia
2869 5697 3020 5760 putat

83 5781 174 5836 lue
209 5790 292 5838 est
322 5779 410 5836 illa
451 5783 661 5846 domus,
702 5797 863 5851 quam
890 5791 1066 5838 mater
1097 5782 1333 5838 numinis
1355 5783 1450 5837 alti
1747 5785 1899 5852 Esse,
1932 5785 2099 5845 semel
2120 5793 2332 5862 poterat
2360 5800 2684 5857 quemquam
2706 5785 2816 5854 jam
2846 5794 3069 5839 cernere
3097 5778 3268 5837 visus-

141 5888 160 5912 u
200 5875 254 5932 ld
279 5883 362 5932 est
395 5875 452 5930 in
483 5883 691 5944 patena,
725 5882 784 5931 ut
813 5874 953 5934 infra
979 5890 1098 5948 cap.
1134 5875 1380 5940 20,vcrs.
1411 5873 1500 5934 55.
1860 5960 1866 5965 _
2128 5925 2157 5960 ο
