3950 6308
108 440 268 502 ωι-
968 425 1398 489 ETnELvom
1435 415 1718 480 cauum
1757 416 1844 471 DE
1878 416 2282 487 ABBA'l‘tBUS,
2322 419 2475 479 src.
3209 425 3353 488 ista

681 543 910 602 CAPUT
949 544 1067 600 xx,
1690 530 1750 592 Α
1767 529 1980 587 Aureus
2017 532 2108 589 ille
2135 533 2274 589 calix
2300 535 2452 604 tetigi
2473 549 2636 608 quem
2657 536 2901 593 carmine
2925 537 3130 598 dudum
3181 577 3206 612 .

275 643 344 700 De
374 642 535 698 datis
571 649 782 711 patrm
823 648 874 692 et
913 637 1044 692 notia
1087 633 1483 689 monachorum.
1767 623 1846 678 Ac
1877 623 1985 678 lata
2010 635 2232 694 argento
2264 626 2488 696 pulchre
2521 627 2780 683 fabricata
2803 637 3016 700 patens,

107 737 247 794 Hanc
273 735 461 792 cellam
489 733 747 789 Dominus
781 729 1010 784 fratrum
1049 725 1323 783 decoravit
1349 725 1575 787 honore,
1766 713 1993 771 Caelatas
2014 714 2207 772 faciem
2233 718 2569 787 prastequ
2597 727 2721 790 apte
2748 718 2971 790 figuras,

107 829 321 886 Maxima
347 825 414 880 de
439 824 592 881 caelis
615 822 831 894 capiant
860 834 1004 875 nunc
1031 817 1224 890 gaudia
1249 814 1452 880 cuncti,
1768 805 1922 862 Talia
1941 808 2074 863 dum
2093 816 2292 864 sanctae
2319 810 2596 868 cum-tant
2620 811 2917 880 penetralia
2944 828 3085 870 caste

107 917 406 990 Atqueheo
445 915 696 982 studeant
727 911 1048 982 condignam
1085 907 1320 965 condere
1356 905 1591 962 laudem.
1768 897 2015 990 liuuera,
2039 917 2159 990 qua:
2189 909 2388 958 nostrae
2423 910 2646 957 servant
2687 903 3044 961 medicamina
3076 906 3234 974 vitai,

107 985 246 1076 Quod
273 985 388 1064 sine
413 1021 514 1062 nos
539 1003 750 1061 meritis
775 1001 965 1058 tribuit
997 1015 1106 1056 non
1150 998 1395 1054 hostibus
1421 1009 1663 1068 unquam
1764 985 1894 1042 lure
1927 1003 2082 1045 saliet
2105 989 2334 1046 fratrum
2361 1007 2566 1048 cuneus
2599 1007 2700 1064 per
2718 993 2919 1050 moenia
2947 995 3098 1051 cells

108 1101 318 1172 imperio
340 1113 625 1172 procorum
667 1095 835 1161 saecli,
865 1108 968 1149 nec
993 1090 1232 1148 subdidit
1257 1090 1430 1145 "imos.
1764 1079 1988 1146 Gaudet,
2017 1091 2073 1138 et
2093 1083 2311 1141 aiternis
2339 1084 2630 1142 donantem
2662 1087 2913 1144 laudibus
2947 1097 3126 1145 ornat.

107 1194 215 1249 Sint
250 1191 672 1260 Dominong
695 1200 914 1257 semper
947 1185 1065 1240 sine
1102 1182 1484 1253 ﬁnesupem-
2331 1197 2564 1256 CAPUT
2615 1201 2756 1257 XXI.

107 1283 209 1340 lam
235 1296 486 1355 proceres
513 1293 763 1336 meruere
788 1277 884 1348 pii,
898 1275 1142 1346 iustique
1157 1272 1383 1364 δθυὶϐιιί
1801 1287 1880 1342 De
1909 1289 2124 1344 canticis
2169 1289 2547 1364 spirituaﬁbua
2573 1292 2634 1346 in
2675 1293 3030 1364 apostolorum
3077 1279 3311 1351 oratorio

107 1374 303 1445 )ptima
332 1371 531 1435 siderei
553 1370 880 1441 spargebant
919 1367 1126 1422 semina
1152 1363 1280 1420 doni
2444 1363 2659 1417 ωιάίιίσ,

107 1465 350 1523 Iordibus
375 1462 723 1528 in'frstrnm,
747 1468 964 1530 segetes
991 1471 1092 1512 nec
1116 1455 1302 1510 limina
1339 1451 1492 1510 cellae
1766 1450 1843 1508 Te
1885 1466 2098 1523 quoqm:
2143 1461 2332 1510 sancta
2381 1454 2614 1522 domus,
2671 1455 2847 1512 cecini
2899 1472 3064 1527 quam
3105 1458 3347 1514 carmine

107 1558 260 1624 luam
288 1557 409 1614 laete
433 1562 663 1626 surgunt
695 1553 881 1623 superi
903 1550 1189 1607 dulcedine
1217 1548 1380 1604 roris.
2897 1548 3202 1620 [quam
3224 1559 3273 1615 ε.

108 1637 230 1704 llius
255 1645 457 1710 auxilio
481 1646 640 1704 nobis
667 1644 814 1716 quod
853 1644 1042 1698 lucere
1079 1640 1217 1696 tales
1767 1636 1898 1704 Qua:
1927 1646 2139 1694 sacrata
2179 1639 2291 1695 Deo
2319 1639 2493 1710 fulges
2526 1642 2630 1698 sub
2663 1643 2882 1699 nomine
2917 1643 3104 1711 Petri,

114 1757 204 1796 am
225 1755 442 1812 campus
482 1739 640 1804 ridet,
671 1737 866 1794 ﬂorent
896 1736 964 1792 ad
992 1733 1198 1812 gaudi;
1222 1731 1451 1799 Christi,
1765 1728 1920 1784 Nunc
1949 1729 2144 1786 iterum
2171 1729 2334 1785 liceat
2359 1730 2546 1801 palmis
2571 1745 2875 1787 memorare
2901 1733 3112 1789 beatam

108 1835 188 1888 ’er
221 1831 409 1890 cellam
433 1829 705 1893 monachi,
741 1828 956 1882 laetatur
991 1825 1170 1880 clerus
1200 1825 1253 1880 in
1299 1825 1454 1893 urbe,
1768 1820 2046 1876 Versibus.
2078 1821 2228 1876 Hanc
2265 1821 2468 1877 dudum
2505 1823 2672 1893 nigra:
2709 1824 2809 1878 sub
2841 1832 3083 1895 tempora
3103 1823 3280 1880 noctis

107 1925 254 1992 luem
271 1923 356 1981 lex
378 1937 486 1978 una
511 1927 664 1978 tenet
685 1917 940 1990 gaudenti
983 1916 1040 1971 in
1075 1915 1239 1972 corde
1267 1917 1535 1973 voluntas.
1689 1898 1742 1962 Β
1763 1907 2006 1968 Moribus
2026 1926 2095 1967 ex
2123 1911 2298 1967 solitis
2325 1923 2449 1982 post
2475 1914 2705 1985 hymnos
2728 1914 2907 1970 visere
2937 1923 3152 1970 certam

113 2014 266 2082 ungit
291 2012 358 2068 ad
379 2020 530 2067 astra
546 2011 682 2066 ﬂdes
708 2021 983 2076 numeros,
1010 2015 1323 2078 turmasque
1351 2006 1662 2078 frequentes
1766 2003 2008 2069 Fratres,
2039 2011 2200 2074 atque
2241 2020 2352 2060 sua:
2380 2006 2652 2075 complent
2688 2007 2954 2063 solemnia
2975 2009 3198 2067 ment-ii.

107 2107 399 2176 longregat,
426 2112 588 2174 atque
629 2103 741 2158 Deo
767 2100 944 2158 solitis
969 2115 1030 2157 se
1066 2101 1289 2156 mandat
1323 2100 1381 2155 in
1419 2101 1588 2158 horis.
1766 2098 1928 2155 Ocius
1956 2100 2082 2156 inde
2107 2115 2237 2156 suos
2259 2102 2483 2171 cupiunt
2505 2117 2794 2158 accurrere
2814 2103 2999 2159 lectos.

107 2197 220 2252 lum
257 2212 362 2253 nox
407 2196 558 2253 fusca
594 2195 776 2262 venit,
811 2209 938 2250 cum
969 2193 1304 2251 abscondent
1350 2194 1530 2251 sidera
1575 2195 1662 2250 lu-
1765 2190 1864 2246 Ast
1892 2205 1992 2262 ego
2017 2200 2139 2260 post
2159 2207 2350 2248 omnes
2383 2193 2660 2248 conclusis
2684 2194 2932 2264 postibus
2955 2195 3137 2250 aulam

1469 2287 1620 2360 [cem
1643 2329 1659 2354 ,
1767 2283 2116 2352 Disseruique
2153 2282 2318 2338 alium
2347 2283 2573 2338 fratrem
2598 2285 2890 2341 comitatus
2929 2285 3097 2350 adiri,

107 2384 121 2437 Ξ
155 2383 338 2440 stratis
361 2391 655 2453 preperant
683 2381 980 2438 sonitatum
1003 2395 1295 2438 accurrere
1321 2381 1552 2452 signum,

1531 2417 1552 2447 ,,
1768 2374 1870 2442 Qui
1894 2381 2008 2429 tum
2027 2373 2166 2430 forte
2191 2374 2338 2430 foras
2373 2377 2670 2444 spectando
2694 2377 2872 2433 sidera
2899 2377 3091 2434 cernit.

107 2472 146 2527 2t
176 2475 449 2542 reciproca
475 2487 576 2528 suo
593 2471 946 2527 modulantur
984 2473 1228 2527 carmina
1260 2472 1396 2542 regi,
1765 2465 1908 2522 Ecce
1940 2475 2162 2535 repente
2186 2467 2335 2522 venit
2379 2467 2534 2523 miris
2567 2484 2694 2523 cum
2725 2469 2974 2525 cantibus
3019 2483 3214 2540 agrum

107 2564 492 2633 ’salmisatque
529 2562 744 2634 hymnis
767 2562 1052 2618 laudantes
1079 2563 1182 2617 rite
1208 2550 1548 2628 Tonantem;
1765 2557 2112 2625 Immensum,
2144 2559 2374 2616 Domino
2421 2559 2708 2618 modulans
2747 2562 2837 2632 pia
2861 2561 3109 2616 carmina
3152 2568 3352 2626 motat,

107 2656 340 2711 {antibus
373 2655 426 2710 in
455 2653 662 2711 crebris
693 2661 914 2709 comunt
933 2660 995 2708 et
1019 2667 1151 2708 voce
1171 2653 1449 2718 sacellum,
1766 2647 2134 2718 Pnnmiroque
2161 2649 2342 2705 locum
2385 2650 2628 2706 cinerum
2653 2649 2769 2718 jam
2798 2651 3002 2708 lumine
3027 2651 3284 2723 completo

107 2747 239 2814 Quod
273 2746 413 2802 Deus
436 2753 492 2801 et
517 2760 771 2817 proceres
809 2752 1093 2802 servantes
1118 2745 1321 2801 manlia
1343 2745 1495 2801 cella
1766 2736 1976 2792 lntrant
1999 2737 2212 2793 siderea
2238 2738 2562 2796 candentem
2587 2740 2711 2796 luce
2737 2737 3021 2796 delubrum

107 2838 390 2893 luneribus
418 2837 711 2908 multisque
736 2837 894 2894 bonis
942 2851 1142 2894 ornare
1165 2837 1451 2908 parabant.
1769 2827 2024 2898 Spiritus,
2065 2844 2130 2884 ac
2167 2828 2399 2900 Seminis
2425 2830 2696 2886 distinctis
2719 2831 2986 2888 classibus
3019 2830 3253 2904 hymnos

107 2930 213 2984 Iaec
237 2936 318 2984 est
338 2927 428 2984 illa
471 2929 684 2995 domus,
717 2928 986 2998 porrectis
1013 2927 1157 2982 edita
1196 2927 1397 2993 muris,
1770 2919 1931 2975 Tales
1965 2922 2298 2977 concinnant
2329 2939 2343 2976 ε
2375 2923 2656 2992 qualitatis
2683 2925 2752 2978 ad
2779 2923 3017 2979 emitti-na
3042 2931 3236 2982 cannis

107 3026 256 3088 Quam
278 3019 356 3076 sol
382 3034 686 3091 purpureas
713 3019 994 3074 illustrans
1035 3017 1298 3074 candidus
1323 3019 1486 3074 horas
1766 3012 2025 3068 Ascendit
2043 3015 2169 3071 coeli
2188 3055 2203 3080 ,
2239 3016 2480 3071 insonuit
2500 3016 2845 3087 laquearibus
2869 3018 3017 3075 altis.

107 3110 326 3182 .impida
349 3126 450 3181 per
481 3110 653 3167 nitida
697 3109 948 3168 diﬂ'undit
983 3109 1187 3166 lumina
1228 3110 1432 3182 templi.
1770 3103 1838 3160 Et
1865 3106 1912 3160 si
1939 3122 2047 3161 non
2071 3115 2332 3164 structam
2359 3118 2550 3164 tamen
2571 3110 2784 3166 meritis
2809 3111 2976 3166 micat
2999 3109 3180 3178 almis,

109 3201 322 3256 'lurima
357 3216 482 3257 cum
512 3201 687 3257 sancti
731 3208 858 3257 sunt
883 3209 1205 3258 ornamenta
1247 3200 1496 3267 delubri,
1693 3247 1742 3273 η
1769 3199 1854 3255 Ad
1879 3199 2054 3257 celsos
2095 3210 2310 3258 montes
2337 3212 2595 3272 superant
2623 3204 2717 3273 qui
2763 3204 2945 3259 sidera
2987 3203 3148 3272 creti,

109 3291 187 3348 lic
208 3300 384 3348 tamen
406 3291 522 3348 haec
548 3292 738 3364 paucis
761 3291 922 3349 liceat
941 3305 1246 3350 memorare
1267 3295 1532 3350 canendo.
1693 3247 1745 3316 α
1770 3292 2046 3349 Auxilium
2073 3294 2239 3350 credo
2265 3309 2298 3349 a
2339 3247 2567 3350 Delmino
2604 3247 2698 3364 (ιῖιὶ
2727 3294 2933 3351 fecerat
2959 3247 3168 3364 unctui,

109 3387 158 3442 it
185 3384 378 3441 cmlum
405 3385 593 3441 rutilat
619 3385 793 3442 stellis
813 3383 1177 3455 fulgentibus,
1205 3399 1397 3441 omnes
1769 3383 1962 3441 Omnia
1985 3400 2106 3456 quze
2129 3385 2274 3453 creti,
2305 3401 2424 3457 qua:
2461 3393 2618 3442 terra!
2641 3396 2698 3442 et
2725 3386 2946 3442 ﬂumina
2971 3388 3214 3456 cingunt.

109 3476 183 3530 .ic
215 3475 470 3530 tremulas
489 3475 703 3531 vibrant
735 3477 922 3532 subter
951 3475 1219 3531 testudine
1245 3473 1430 3546 templi
1763 3479 1897 3535 111cc
1923 3493 2048 3534 cum
2069 3478 2215 3535 dicta
2244 3479 2334 3536 diu
2369 3479 2601 3551 geminis
2625 3479 2682 3535 in
2721 3479 2986 3536 classibus
3010 3479 3149 3534 aulai

109 3566 376 3622 lrdinihus
398 3567 565 3622 variis
589 3566 790 3622 funalia
814 3566 1046 3638 pendula
1070 3566 1337 3622 ﬂammas.
1769 3569 2016 3627 Cuhuiue
2041 3565 2142 3628 sub
2169 3572 2344 3630 sancti
2368 3581 2667 3628 sonuerunt
2703 3571 2970 3641 postibus,
3013 3571 3130 3644 ipse

111 3658 353 3714 [cutibus
386 3649 503 3715 haec
527 3658 754 3731 placidis
779 3659 1024 3730 quadam
1053 3676 1178 3716 cum
1205 3668 1449 3732 tempore
1486 3660 1669 3732 prisco
1769 3665 1948 3734 Atque
1976 3665 2115 3720 alius
2142 3664 2311 3721 frater
2342 3665 2547 3735 pariter
2586 3681 2940 3737 properamus
2961 3674 3207 3736 uterque,

111 3751 392 3806 .ttribuere
414 3752 526 3808 Deo
559 3751 828 3822 quondam
844 3765 1217 3822 proceresque
1255 3751 1522 3806 moderni.
1770 3757 2009 3812 Auribus
2047 3766 2211 3828 atque
2236 3758 2407 3814 oculis
2432 3759 2739 3815 mirandum
2765 3773 2992 3814 noscere
3011 3757 3208 3812 visum.

112 3858 208 3898 am
251 3851 571 3912 superaucta
603 3841 708 3914 piis
737 3843 1000 3899 curabant
1025 3844 1251 3900 reddere
1278 3842 1453 3898 donis.
1771 3849 2149 3920 Continuoque
2184 3851 2366 3922 polum
2393 3858 2587 3907 cantus
2615 3867 2740 3907 cum
2770 3850 2974 3906 hmine
2993 3851 3178 3922 pulsat

111 3939 222 3993 iam
251 3937 431 4010 plures
465 3938 620 3993 multi
649 3938 942 4008 cupiebant
969 3940 1204 4010 pendere
1225 3955 1424 3995 caucos
1444 3951 1495 4004 α,
1773 3939 2010 3997 Ulterius
2038 3943 2193 4000 nobis
2223 3943 2375 3998 licuit
2404 3958 2506 3998 nec
2531 3943 2659 3998 talia
2689 3942 2805 3997 visa

111 4030 333 4102 .impida
358 4032 450 4100 qui
476 4031 714 4086 tribuant
742 4032 1006 4101 quadrato
1034 4029 1238 4086 lumina
1280 4031 1500 4103 templo.
1774 4034 2028 4102 Cernere,
2059 4037 2187 4106 quin
2216 4035 2409 4106 trepidi
2436 4037 2685 4106 cupimus
2729 4034 2950 4090 visitare
2991 4035 3251 4104 quietem.

113 4129 190 4176 .st
219 4121 306 4176 alii
337 4113 500 4178 rutilo
546 4123 786 4178 condunt
814 4121 1007 4179 vexilla
1036 4123 1287 4189 metallo,
1773 4124 1885 4181 Nec
1911 4127 2078 4181 semel
2105 4127 2389 4198 astrigeris
2406 4135 2706 4182 sonuerunt
2745 4125 2960 4196 agmina
2997 4125 3178 4180 dictis.

113 4220 220 4281 Qua:
247 4215 550 4270 veneranda
584 4215 658 4285 pii
687 4223 944 4284 promunt
969 4215 1230 4270 miracula
1265 4214 1505 4282 Christi,
1775 4216 1913 4283 Quin
1938 4219 2116 4286 potius
2140 4234 2344 4275 cuneus
2383 4220 2519 4272 mira
2543 4234 2667 4273 cum
2693 4217 2812 4272 luce
2843 4232 3146 4272 coruscans

113 4305 191 4373 Qui
221 4306 398 4361 crucis
423 4307 478 4360 in
497 4306 642 4377 ligno
666 4305 923 4361 mundum
958 4307 1024 4362 de
1051 4315 1225 4362 morte
1249 4306 1497 4362 redemit.
1777 4308 2013 4363 Vocibus
2050 4309 2314 4378 aurigeris
2343 4310 2557 4365 cineres
2587 4309 2759 4363 vitare
2798 4308 2992 4379 sategit

113 4396 318 4464 Quidam
345 4397 666 4468 praecipiunt
692 4406 937 4454 sacratos
963 4398 1202 4454 scribere
1229 4397 1415 4464 libros,
1779 4398 1987 4470 Saepius
2016 4400 2070 4453 in
2103 4407 2254 4456 tetra:
2299 4400 2476 4456 noctis
2503 4417 2629 4457 cum
2675 4409 2918 4471 tempore
2946 4407 3118 4455 strata

113 4489 491 4558 tuo-praecelsa
516 4488 612 4544 Dei
647 4497 956 4546 monstrant
975 4488 1088 4559 jam
1129 4489 1276 4545 dicta
1319 4487 1578 4553 tonantis,

1779 4494 2101 4550 Mansissent
2139 4495 2356 4562 fratres,
2384 4504 2595 4551 constat
2633 4495 2778 4566 quod
2801 4509 3028 4549 munere
3051 4491 3256 4549 Christi

115 4581 192 4649 Qui
223 4582 468 4648 sonitans
495 4582 755 4637 mundum
781 4583 982 4640 dudum
1017 4581 1328 4656 perfuderat
1355 4597 1602 4648 omnem,
1699 4611 1757 4676 Β
1779 4587 2059 4643 Patratum
2095 4589 2317 4655 sanctis,
2347 4587 2502 4658 cujus
2525 4587 2638 4656 jam
2685 4589 2861 4659 gratia
2905 4601 3120 4656 semper

115 4681 265 4742 .tque
293 4675 394 4730 hos
419 4673 696 4744 conSpicui
717 4674 960 4745 pervolat
993 4674 1218 4730 ductilis
1247 4674 1367 4729 auri
1700 4673 1738 4676 —
1779 4683 2040 4742 Omnibus
2068 4683 2123 4739 in
2166 4684 2328 4740 terris
2363 4683 2600 4739 secundo
2626 4681 2829 4736 lumine
2865 4680 3077 4752 ﬂagrat.

115 4761 338 4830 .amina,
366 4765 444 4820 sic
477 4765 650 4820 sancti
673 4774 895 4822 comunt
922 4764 1114 4820 altaria
1143 4765 1346 4836 templi.
2357 4777 2584 4833 CAPUT
2623 4776 2788 4832 XXII.

115 4861 191 4907 ‘5'-
210 4853 432 4923 (Ιαίάθω
460 4856 690 4912 domini”
725 4873 972 4914 mensam
1000 4873 1119 4927 (tum
1149 4856 1345 4913 “Omns
1373 4865 1498 4913 στω
2022 4873 2299 4927 Somnium
2344 4871 2483 4941 quod
2519 4870 2643 4923 vidit
2681 4870 2765 4923 die
2806 4868 3102 4923 Dominica.

115 4945 445 5002 iemmarum
472 4948 704 5005 ﬂammis
725 4958 779 5006 et
807 4948 953 5004 fulvo
977 4947 1139 5006 vestit
1175 4950 1229 5004 in
1259 4965 1413 5016 auro,

1780 4965 2014 5036 Tempus
2045 4972 2162 5020 erat
2187 4963 2380 5028 noctis,
2406 4963 2581 5017 lucem
2611 4977 2734 5017 cum
2757 4960 3016 5030 praedicat
3059 4960 3189 5024 ales,

117 5035 318 5104 .rgenti
356 5038 456 5095 has
477 5038 661 5096 nitida;
686 5040 968 5112 distinguit
991 5041 1094 5096 rite
1123 5041 1334 5096 tabella:
1543 5059 1549 5062 “
1706 5066 1714 5073 ·
1779 5035 1968 5126 Algida
1994 5063 2115 5126 post
2141 5056 2372 5126 hymnos
2389 5053 2663 5108 lasassent
2682 5052 2926 5106 membra
2954 5049 3149 5120 quieti,

118 5144 392 5200 mpressas
428 5133 628 5204 poterit
661 5133 843 5202 digitis
881 5132 1001 5203 quis
1040 5146 1262 5188 cernere
1299 5131 1530 5196 formas,

1779 5150 2033 5206 Furtivus
2061 5147 2351 5203 adveniens
2383 5160 2605 5201 somnus
2640 5143 2911 5213 subrepsit
2947 5141 3153 5197 ocellis.

117 5233 424 5280 ἐωθῑοτυω
449 5225 731 5296 splendent
753 5225 946 5279 animi”
967 5240 1091 5279 cum
1113 5224 1329 5280 sedibus
1354 5222 1497 5278 ιλιαδ·
1785 5241 2054 5298 Candidus
2071 5257 2141 5297 ea
2172 5240 2354 5296 subito
2379 5239 2666 5294 videbatur
2690 5237 2883 5292 ductor
2909 5237 3120 5292 adesse.

117 5319 191 5374 ίίο
219 5327 405 5374 tamen
432 5317 548 5375 hinc
567 5317 771 5389 Ρίθουίι
791 5332 972 5372 rerum
1010 5327 1313 5372 commenta
1335 5332 1538 5373 υονπθ
1782 5334 1934 5390 Hunc
1962 5349 2061 5403 ego
2097 5333 2421 5403 perpavidus
2446 5329 2632 5385 nitidis
2665 5344 2790 5385 cum
2825 5329 3066 5385 vestibus
3103 5326 3289 5384 album

118 5409 339 5466 lirificis
364 5418 490 5466 sunt
511 5410 651 5465 facta
675 5410 848 5465 modis
874 5424 1008 5480 quas
1027 5409 1277 5465 laudibus
1313 5418 1469 5465 ornet

1781 5425 2032 5481 Vultibus
2055 5439 2118 5479 ac
2141 5423 2382 5493 pulchris
2407 5422 2708 5478 radiantem
2743 5422 3015 5492 gressibus
3041 5421 3185 5478 ultro

119 5503 392 5560 'crsiﬂcus
437 5504 668 5575 poterit,
697 5504 789 5575 qui
837 5502 998 5574 digne
1025 5504 1143 5559 tuac
1175 5503 1354 5559 dicere
1375 5503 1605 5571 doctus,
1782 5515 2018 5574 Canibus
2040 5515 2236 5586 ignotis
2263 5514 2510 5584 peditans
2532 5515 2822 5569 comitatus
2847 5513 3015 5570 adivi.

159 5673 186 5740 ξι
222 5660 302 5740 id
325 5671 664 5740 estpaterar.
697 5665 808 5740 Sic
831 5664 1088 5740 nginus
1118 5680 1235 5740 rex,
1280 5673 1415 5740 teste
1451 5663 1681 5740 Beda_in
1784 5687 1978 5728 caucos
2010 5670 2260 5740 suspendi
2293 5668 2528 5740 iuberet.
2571 5690 2587 5721 ι

119 5730 354 5809 listoriw
397 5730 489 5788 lib.
523 5751 599 5809 rt,
632 5751 766 5809 cap.
791 5730 938 5800 16ξ(
966 5738 1019 5791 in
1072 5730 1228 5793 locis
1251 5737 1339 5790 ubi
1389 5737 1565 5791 fontes
1599 5737 1679 5791 lu-

924 5756 938 5789 t
966 5738 1019 5791 in
1072 5730 1228 5793 locis
1251 5737 1339 5790 ubi
1389 5737 1565 5791 fontes
1599 5737 1680 5791 lu-
1856 5744 1882 5783 ι)
1917 5743 2047 5796 V'ide
2072 5730 2231 5809 supra
2254 5730 2371 5809 cap.
2401 5739 2484 5793 M.

123 5803 244 5887 idos
262 5801 423 5887 illata
455 5801 927 5887 publicos—viarum
970 5810 1227 5887 transitus
1256 5809 1568 5887 conspexit,
1603 5809 1679 5865 ibi
1857 5827 1877 5854 ο
1912 5814 2045 5868 Vide
2077 5801 2237 5881 supra
2261 5801 2361 5880 ca'p
2410 5813 2436 5858 Α
2473 5820 2528 5868 et
2553 5813 2606 5867 ϐ.

121 5876 158 5928 b
215 5875 563 5947 refrigerium
593 5879 868 5946 viantium,
903 5881 1096 5937 erectis
1147 5875 1448 5949 stipitibus,
1503 5897 1677 5938 aereos
