3950 6308
561 403 698 464 ωδ
797 388 1067 460 esseea
1102 400 1195 459 ET
1229 380 1736 460 ETHELVOLFUS
1771 391 2087 453 manus
2122 386 2419 447 umnam.
2452 416 2527 434 -—
2558 389 2809 448 ETHEL.
2848 392 3055 452 GABII.
3091 395 3176 453 ns
3206 398 3358 469 ass,
3388 399 3509 461 sm.
3567 398 3671 485 ita;

557 520 793 590 Campus
817 526 939 575 erat
963 518 1126 586 latus,
1150 516 1394 587 pulchris
1433 515 1528 586 qui
1560 513 1783 569 floribus
1807 508 1966 566 offert
2166 505 2225 566 Δ
2243 500 2327 558 Ad
2350 501 2507 572 cujus
2532 502 2755 559 dorsum
2781 503 2936 560 nitidi
2962 503 3197 562 radiante
3230 509 3415 567 metallo

558 612 828 670 Olfactum
853 611 1067 668 dulcem
1093 610 1343 665 miranda
1372 607 1441 664 ad
1468 605 1662 679 gaudia
1685 603 1917 668 cunctis,
2251 593 2480 651 Sederat.
2506 595 2563 652 in
2598 611 2822 653 scamno
2854 597 3042 654 doctor
3067 598 3316 671 lectorque
3336 614 3360 641 ι
3377 602 3529 661 beans

560 706 663 775 Qui
688 705 897 763 meritis
917 703 1061 777 digni
1084 708 1312 775 possunt
1336 700 1455 757 haec
1485 712 1712 755 cernere
1730 695 1867 753 visa.
2248 685 2461 786 Eiglac.
2485 686 2707 786 indutus
2984 689 3078 762 qui
3116 690 3461 786 vestibusalbis

561 800 823 870 Hancque
860 812 1000 854 rosae
1039 794 1262 851 rutilant
1287 808 1388 866 per
1430 798 1601 850 totam
1627 798 1683 847 et
1724 790 1836 846 lilia
1883 786 2149 860 fragrant,
2250 777 2535 835 Fulserat:
2573 780 2666 837 hic
2702 777 2952 840 manibus
2977 790 3173 838 memet
3194 783 3429 839 benedixit
3446 785 3602 857 opimis.

561 822 823 870 nunc.un
863 822 1000 854 rosa:
1040 822 1262 851 rutuaut
1287 822 1387 866 per
1431 822 1601 850 ιυιω
1627 822 1683 847 σι
1724 822 1836 846 una
1883 822 2149 860 ιιαδηιιη,
2250 822 2276 835 -
2299 822 2499 835 -ιυν-ιι-
2521 822 2535 835 ο
2573 822 2666 837 --ιν
2703 822 2952 840 uua-ww
2978 822 3173 838 ulvulv-
3194 822 3429 839 "om...
3447 822 3602 857 υμω..

560 888 959 959 Pcrmultisque
995 888 1205 944 olerum
1228 886 1390 942 flores
1412 899 1552 956 quos
1588 883 1771 938 dicere
1794 883 1957 950 {certe
2251 872 2544 969 Codfridus
2569 874 2700 931 hinc
2723 876 2974 969 gradiens
2994 876 3441 969 perivastimmiia
3458 879 3604 949 templi,
3787 822 3789 969 ‘

562 980 716 1036 Mens
739 979 957 1035 indocta
975 978 1132 1048 fugit,
1163 977 1287 1033 talis
1308 974 1423 1046 iam
1451 972 1712 1046 germinis
1732 985 1951 1043 expers,
2253 964 2559 1024 Porticibus
2586 967 2798 1039 magnis
2831 968 3069 1025 minimis
3103 968 3298 1025 induxit
3318 971 3497 1041 apertis.

563 1074 809 1145 Cumque
830 1072 978 1129 viam
1001 1072 1209 1143 pariter
1238 1075 1522 1127 currentes
1552 1065 1855 1137 carpsimus
1883 1061 2079 1128 ambo,
2253 1056 2516 1115 Omnibus
2540 1057 2628 1115 his
2667 1057 2830 1115 rutilo
2864 1059 3129 1131 capitellis
3152 1060 3365 1132 undique
3385 1061 3563 1117 cinctum

565 1166 898 1222 Candentem
918 1164 1097 1221 subito
1125 1162 1353 1218 nimium
1375 1158 1762 1231 conspeximus
1783 1156 1994 1221 urbem,
2254 1150 2611 1207 Thuribulum
2651 1153 2852 1223 pendet
2878 1151 3198 1210 fabricatum
3227 1153 3439 1209 cominus
3464 1168 3584 1209 sum:

1980 1208 1994 1221 ι
2255 1242 2334 1300 De
2352 1242 2549 1314 quibus
2572 1208 2868 1302 altithrono
2889 1208 3169 1317 spirabant
3193 1245 3338 1301 thura
3358 1244 3557 1312 Tonanti,

567 1347 715 1407 Ostia
742 1349 926 1406 laxato
951 1355 1241 1419 patuerunt
1269 1346 1492 1404 cardine
1534 1345 1738 1401 clausa.
1762 1342 1781 1414 |
2256 1336 2426 1395 Cerea
2455 1337 2807 1411 flammigeris
2832 1354 3104 1396 venerans
3126 1338 3303 1396 altaria
3340 1340 3483 1397 donis.

564 1441 841 1499 Candidus
863 1440 1093 1497 interius
1116 1437 1316 1511 pavido
1357 1436 1653 1494 comitante
1678 1432 1933 1489 ministro
2255 1428 2561 1487 Porticibus
2581 1432 2793 1488 cunctis
2819 1430 3047 1489 ardebat
3071 1431 3265 1487 lumine
3283 1429 3427 1487 claro.

565 1532 872 1606 Ingreditur
897 1532 1090 1589 ductor
1119 1546 1135 1585 :
1161 1537 1451 1601 patuerunt
1480 1534 1631 1599 septa
1660 1524 1885 1591 sacelli,
2258 1520 2527 1580 Occiduas
2546 1523 2764 1580 tandem
2789 1532 2979 1595 partes
3002 1537 3342 1595 properamus
3376 1530 3533 1580 euntes.

568 1594 701 1694 ριῖω
724 1625 905 1682 crucis
932 1624 989 1680 in
1028 1594 1267 1694 speciem
1290 1621 1520 1693 pulchre
1540 1594 1813 1674 fabricata
1838 1618 2150 1672 manebant.
2258 1614 2631 1725 Eorticusuille
2669 1615 2866 1725 nitens-
2872 1594 3073 1688 magno
3095 1615 3386 1720 splendebat
3408 1615 3574 1717 honors.

567 1716 668 1773 Ast
706 1716 900 1773 domus
925 1714 1152 1770 interior
1172 1712 1342 1768 nimio
1370 1710 1607 1766 candore
1627 1720 1942 1773 coruscans,
2260 1706 2374 1763 Hac
2408 1707 2641 1765 rutilans
2669 1722 2819 1775 aur.
2830 1706 3156 1764 ﬂammescit
3179 1707 3339 1779 gratia
3360 1705 3486 1770 mira,

570 1807 800 1880 Jamque
825 1808 1057 1864 rotunda
1087 1808 1203 1863 suis
1237 1804 1507 1862 formabat
1531 1802 1733 1860 muenia
1753 1799 1921 1857 saxis.
2184 1853 2238 1880 ﬁ
2261 1800 2377 1858 Ara
2396 1811 2612 1859 sacrata
2637 1802 2750 1859 Deo
2777 1803 2945 1859 mittit
2970 1818 3095 1874 qua:
3113 1816 3327 1858 munera
3348 1812 3540 1856 stitutus:

572 1853 2090 1969 'szgitangazaig'gggagnauigia;1.;om...
2184 1853 2241 1921 Β
2264 1853 3238 1968 ἑέᾖιῖιῖίῖυ”ε’“ιιῖο”ὲοῐιὶῌί›ὶὲὗοξυῖ
3246 1853 3456 1950 aia...
3471 1892 3512 1946 in
3529 1898 3616 1954 ιιιιε,

574 1991 882 2048 Porticibus
907 1991 1140 2061 spatium
1173 1990 1315 2047 muri
1348 1988 1565 2046 suffulta
1603 1988 1879 2044 manebat.
2265 1986 2497 2043 Fecerat
2518 1986 2780 2043 eximium
2798 1986 3067 2044 Dominus
3086 1987 3173 2043 cui
3199 1985 3439 2043 insederat
3459 1982 3579 2038 almus

573 2082 619 2139 Ε
645 2083 845 2153 quibus
871 2083 927 2137 in
966 2081 1140 2153 plagis
1163 2080 1249 2138 bis
1277 2081 1419 2137 binae
1452 2087 1688 2152 quatuor
1713 2079 1864 2135 orbis

573 2174 860 2246 Aspieiunt
882 2190 1101 2232 sursum
1124 2165 1425 2248 spatiantes
1451 2173 1597 2231 edita
1621 2172 1765 2239 muri
1794 2190 1809 2227 :

573 2267 721 2324 Inter
746 2281 884 2338 quas
910 2265 1138 2323 modicae
1160 2266 1444 2321 variantur
1472 2265 1528 2321 in
1560 2264 1754 2321 ordine
1778 2262 1956 2330 cellae,

574 2358 870 2416 Frontibus
891 2358 978 2415 liae
1013 2358 1203 2415 nitidis
1222 2357 1503 2430 cingentes
1533 2357 1774 2428 undique
1798 2354 2077 2426 templum,

2268 2079 2517 2151 Wulfsig,
2543 2095 2707 2151 quem
2729 2080 2897 2153 prisci
2922 2080 3150 2153 cupiunt
3177 2079 3395 2136 vocitare
3419 2081 3607 2148 parentet.

2267 2174 2528 2230 Intremui
2556 2173 2796 2245 gaudens
2830 2173 3016 2230 subito
3040 2188 3203 2245 quam
3227 2169 3423 2244 pronior
3443 2166 3558 2222 almo.

2267 2265 2362 2322 Ille
2389 2266 2562 2322 levata
2593 2280 2758 2322 manu
2783 2265 2944 2323 dictis
2969 2266 3208 2323 sacravit
3225 2271 3435 2321 euntem.

2271 2358 2412 2416 Hinc
2431 2374 2532 2432 ego
2556 2375 2645 2416 me
2665 2360 2867 2417 sensim
2890 2360 3080 2431 prisco
3099 2360 3376 2418 comitante
3397 2355 3583 2429 magistro

575 2450 847 2509 Marmora
868 2450 1164 2522 permiram
1207 2458 1520 2506 monstrans
1562 2438 1937 2520 spectantibus
1964 2446 2169 2503 aulam.
2271 2447 2530 2505 Converti
2553 2450 2623 2505 ad
2644 2449 2860 2506 culmen
2887 2449 3043 2507 cellae
3062 2466 3185 2523 quae
3210 2449 3407 2522 respicit
3426 2456 3574 2510 arcton,

576 2544 677 2601 Ast.
694 2544 1004 2616 pavimenta
1029 2543 1222 2599 domus
1257 2542 1423 2598 medii
1449 2542 1551 2599 sub
1577 2541 1815 2598 culmine
1841 2538 2029 2612 templi
2273 2540 2515 2597 Plurima
2540 2556 2664 2613 quae
2683 2541 2839 2598 miris
2858 2542 3171 2600 micuerunt
3192 2540 3391 2598 vascula
3412 2536 3586 2613 gemmis.

577 2636 758 2693 Aurea
783 2635 1028 2692 mirifica:
1050 2635 1344 2705 portabant
1368 2650 1595 2691 munera
1622 2650 1847 2692 mensae.
2274 2632 2375 2689 Ast
2402 2632 2509 2690 alio
2529 2648 2598 2689 ex
2619 2647 2754 2690 auro
2778 2634 2993 2690 variato
3014 2633 3220 2691 lumine
3238 2634 3430 2689 vibrant

579 2727 728 2785 Crux
757 2726 1063 2784 veneranda
1086 2728 1272 2784 nitens
1298 2727 1560 2801 praecelso
1588 2727 1776 2800 stipite
1818 2726 1994 2798 surgit
2274 2723 2593 2796 Omatuque
2616 2740 2716 2782 suo
2735 2725 2921 2783 mundi
2952 2742 3218 2799 superare
3235 2723 3433 2782 metallo

582 2819 799 2877 Vertiee
829 2820 896 2876 de
930 2835 1151 2887 mensae,
1176 2820 1408 2876 nimium
1449 2820 1719 2877 candente
1762 2818 2071 2892 smaragdo.
2276 2815 2614 2889 Omnia-jam
2632 2826 2885 2890 poterant
2907 2820 3153 2891 pretiosa
3179 2818 3402 2893 germine
3424 2816 3542 2872 facta.

580 2912 763 2968 Aurea
790 2925 914 2968 cum
940 2911 1167 2982 gemmis
1193 2910 1436 2969 flavescit
1459 2912 1663 2969 lamina
1691 2910 1872 2969 fulvis.
2276 2908 2405 2965 Haec
2429 2909 2833 2985 inter~dapibus
2858 2910 3096 2971 diversis
3125 2927 3308 2970 mensa
3327 2909 3493 2967 refecta

558 3002 735 3059 -Talia
764 3001 893 3058 dum
918 3015 1147 3058 cernens
1168 3001 1386 3073 stupido
1412 3002 1481 3059 de
1507 3002 1675 3059 corde
1702 3003 1983 3069 rimarem,
2278 3001 2701 3074 Omnigenisque
2724 3003 2902 3075 epulis
2929 3017 3184 3062 escarum
3214 3017 3415 3061 munera
3434 2997 3595 3072 profert.

583 3093 725 3150 Ecce
752 3101 976 3165 repente
987 3107 1151 3149 meus
1173 3093 1368 3150 ductor
1395 3109 1485 3150 me
1509 3094 1762 3167 liquerat,
1793 3104 1958 3167 atque
2280 3092 2598 3167 Sumpserat
2619 3095 2747 3151 hinc
2773 3095 3002 3153 calicem
3027 3096 3188 3153 vitrei
3216 3097 3282 3154 de
3305 3109 3423 3152 vena
3443 3086 3611 3148 metalli:

583 3183 915 3255 Degraliens
939 3182 1141 3254 templo
1172 3185 1359 3240 vacuis
1385 3199 1447 3242 se
1463 3185 1706 3241 condidit
1724 3187 1890 3241 arvis.
2201 3218 2261 3285 α
2282 3187 2550 3245 Hauserat
2568 3197 2625 3246 et
2646 3189 2897 3247 manibus
2923 3191 3224 3248 venerandi
3250 3191 3376 3247 dona
3399 3184 3579 3285 liquoris,

583 3274 684 3331 Ast
720 3289 823 3345 ego
844 3275 1187 3345 pertrepidus
1213 3274 1410 3332 faciem
1435 3291 1561 3333 cum
1586 3277 1813 3347 pronior
1839 3277 1986 3349 arvis
2207 3274 2260 3285 '
2284 3278 2718 3352 Sacriﬁcansqne
2737 3280 2844 3353 piis
2870 3284 3133 3354 precibus
3157 3292 3428 3357 potumque
3446 3276 3643 3335 minim!-

506 3417 517 3425 ς
584 3366 811 3434 lnserui,
856 3365 1098 3439 rogitans
1122 3366 1430 3435 Christum,
1465 3387 1485 3421 ι
1519 3368 1773 3425 Miserere
1809 3384 2119 3440 precamur,
2282 3374 2383 3431 Ast
2402 3374 2497 3431 ubi
2515 3387 2862 3446 perceperam
2885 3376 3126 3434 mirandi
3145 3377 3265 3433 vina
3283 3373 3475 3447 saporis.

586 3459 846 3517 Hostibus
864 3460 1110 3518 adversis
1134 3460 1396 3532 pavidum
1421 3469 1631 3517 terrere
1648 3471 1943 3519 memento.
1975 3482 1995 3517 ι
2284 3468 2346 3526 In
2368 3468 2537 3526 caelos
2559 3469 2788 3527 Domino
2816 3469 3007 3529 laudes
3032 3481 3315 3546 gratesque
3339 3463 3531 3541 rependi.

587 3550 726 3610 Hinc
781 3553 967 3612 oculos
1010 3561 1229 3610 vertens
1275 3560 1489 3625 partem
1540 3569 1703 3625 quam
1753 3556 1979 3614 dextera
2028 3572 2181 3615 mon-
2285 3560 2584 3632 Presbyter
2607 3562 2813 3619 interea
2833 3565 3180 3620 venerandus
3204 3563 3325 3619 talia
3350 3559 3485 3617 dixit:

1974 3647 2180 3721 [strat,
2290 3651 2420 3708 Haec
2446 3651 2637 3708 domus
2655 3660 2740 3709 est
2756 3653 2967 3710 meritis
2996 3655 3299 3711 animarum
3326 3649 3504 3710 condita
3524 3637 3663 3700 sanctis,

2290 3744 2438 3812 Quas
2461 3744 2604 3802 Deus
2633 3745 2975 3816 omnipotens
3002 3746 3131 3804 istic
3154 3747 3345 3819 pietate
3368 3740 3550 3803 locabat,

2290 3836 2541 3894 Esuriem
2563 3851 2858 3909 primasque
2879 3837 3030 3895 sitim
3057 3855 3158 3912 per
3177 3830 3363 3897 saecula
3382 3834 3525 3893 nullus

2294 3928 2507 3985 Sentiet
2530 3927 2587 3984 in
2614 3928 2867 3997 Domino,
2898 3940 3125 3988 sumunt
3144 3932 3237 3988 sed
3263 3917 3435 4003 gaudia
3456 3921 3574 3993 longa

2292 4022 2603 4079 Laudantes
2623 4021 2914 4079 Dominum
2938 4023 3064 4081 caeli
3090 4038 3190 4097 per
3213 4021 3393 4081 saecula
3414 4022 3578 4078 cuncti.

2295 4114 2400 4183 Qui
2429 4114 2671 4187 requiem
2691 4115 2844 4173 leetis
2872 4117 3079 4174 tribuet
3108 4118 3227 4175 sine
3252 4116 3351 4173 line
3374 4115 3558 4170 beata!!!-

2296 4207 2392 4264 llis
2421 4207 2581 4263 dictis
2605 4207 2834 4279 vigilans
2862 4209 3043 4265 visum
3066 4209 3183 4280 jam
3208 4209 3426 4266 scribere
3447 4199 3565 4271 capi.

588 3733 870 3805 Aurigeris
896 3734 1091 3791 solium
1118 3736 1499 3807 splendescere
1532 3739 1638 3794 rite
1665 3739 1914 3805 taoellis,

591 3824 711 3893 Quo
737 3825 921 3882 senior
941 3826 1165 3896 quidam
1184 3829 1526 3885 venerandus
1549 3831 1796 3886 membra
1820 3830 2037 3890 locabat

592 3921 735 3977 Ante
762 3934 917 3975 suam
946 3919 1140 3977 faciem
1168 3920 1330 3978 fulvis
1367 3923 1620 3979 redimita
1662 3925 1882 3982 coronis

592 4012 705 4069 Ara
733 4012 912 4069 dicata
938 4013 1051 4069 Deo
1070 4014 1324 4071 mittebat
1341 4030 1568 4073 munere
1596 4032 1832 4085 summo,

594 4105 728 4175 Quae
762 4106 983 4164 excelsa
1012 4108 1193 4166 crucis
1224 4110 1471 4181 porrexit
1496 4113 1704 4169 vertice
1730 4114 1965 4187 signum.

594 4199 726 4256 Ilaec
746 4200 910 4257 rutilo
940 4216 1008 4257 ex
1033 4218 1166 4260 auro
1196 4205 1535 4278 gemmisque
1567 4207 1786 4265 nitescit
1813 4210 2012 4281 opimis

596 4291 680 4348 Ex
699 4293 909 4350 oriente
936 4294 1143 4351 micans
1167 4298 1235 4352 de
1262 4298 1425 4370 bysso
1450 4299 1687 4356 culmina
1729 4303 1901 4359 turbae

597 4382 778 4439 Vestis
801 4386 1072 4452 contexit,
1094 4385 1249 4457 cujus
1284 4403 1406 4459 qua:
1438 4391 1626 4448 nescio
1658 4393 1833 4449 sancti
1886 4432 1897 4446 .

598 4477 841 4534 Membra
865 4476 1044 4533 dicata
1065 4480 1151 4534 sui
1182 4481 1358 4536 tenuit
1380 4484 1481 4539 sub
1502 4484 1713 4541 viscere
1741 4486 1969 4542 ventris.

601 4556 821 4622 Talibus
850 4567 996 4624 hunc
1025 4568 1267 4640 rogitans
1284 4572 1568 4629 studebam
1601 4590 1846 4646 quaerere
1867 4577 2046 4632 dictis.

602 4658 719 4725 Dic,
749 4673 855 4731 qua
887 4668 1045 4730 parte
1075 4671 1261 4718 manet
1295 4664 1569 4734 quondam
1608 4681 1763 4722 meus
1806 4666 1894 4723 ille
1937 4668 2198 4742 magister

605 4751 813 4825 Iliglac.
847 4750 1147 4811 Confestim
1172 4759 1506 4827 respondens
1546 4758 1675 4813 talia
1703 4757 1867 4814 fatur.

611 4864 631 4897 ‹
666 4844 899 4901 Sedibus
926 4860 957 4900 e
977 4846 1206 4903 summis
1240 4848 1428 4905 oculos
1456 4849 1704 4907 conferre
1732 4862 2023 4910 memento.
2066 4875 2086 4908 ι

603 4935 924 5007 Intereaque
955 4937 1145 4994 videns
1170 4939 1472 5009 plaustrum
1498 4957 1606 5013 quo
1630 4942 1832 4999 labitur
1857 4960 2034 5013 axem,

609 5025 739 5083 Haec
763 5041 888 5082 cum
919 5027 1153 5083 detinuit
1178 5030 1457 5086 conversis
1477 5031 1715 5088 vultibus
1734 5048 1986 5105 anguem,

609 5114 894 5186 Aspiciens
912 5115 1107 5174 faciem
1138 5119 1341 5176 dudum
1383 5121 1450 5177 de
1480 5120 1739 5179 Hibernia
1764 5134 1951 5181 notam

612 5205 849 5262 Nascere
876 5212 1150 5277 promerui
1178 5229 1190 5265 :
1224 5212 1431 5268 carnali
1461 5229 1492 5269 a
1518 5215 1738 5273 nomine
1767 5218 1944 5277 dictus

612 5296 902 5354 Godfridus
927 5298 1016 5355 ille
1036 5299 1138 5357 fuit
1158 5305 1351 5374 primis
1373 5306 1505 5362 mihi
1543 5308 1735 5367 doctor
1758 5310 1815 5366 in
1848 5313 2023 5370 annis.

613 5391 908 5464 Presbyter
935 5396 1239 5464 exstiterat,
1263 5401 1427 5471 capiti
1454 5401 1548 5473 qui
1566 5403 1791 5473 pronior
1816 5414 1981 5461 orans

616 5486 879 5545 Incurvus
906 5490 1148 5545 tumbam
1171 5490 1435 5559 Cutberti,
1474 5510 1720 5567 corpore,
1743 5506 1928 5555 mente

617 5579 806 5638 Ollicio
831 5597 1094 5638 venerare
1121 5583 1228 5652 pio,
1261 5584 1341 5641 sic
1364 5586 1607 5643 cernitur
1634 5590 1853 5647 almam.

2857 4339 3089 4399 CAPUT
3136 4341 3317 4399 XXIII.

2301 4453 2568 4511 Salutatio
2589 4462 2636 4510 et
2662 4456 2895 4525 precatio
2917 4456 3052 4512 uatis
3072 4457 3145 4512 ad
3166 4464 3365 4513 macto:
3386 4459 3429 4507 et
3456 4448 3511 4503 ad
3529 4437 3717 4499 Deli!“

2219 4581 2276 4645 ι)
2301 4568 2429 4625 Haec
2446 4568 2624 4640 lupus,
2650 4571 2757 4626 alte
2776 4570 2961 4640 Pater,
2992 4572 3192 4630 stolido
3211 4572 3276 4628 de
3294 4577 3482 4643 pectore
3502 4562 3629 4617 clarus

2442 4659 2698 4717 Carmina
2721 4663 3045 4735 composuit,
3077 4678 3302 4734 corpore
3323 4667 3479 4716 mente
3499 4659 3650 4723 rogans,

2299 4753 2577 4821 Quatenus
2606 4753 2827 4825 indigno
2854 4754 3029 4811 sancti
3059 4770 3157 4811 sua
3185 4768 3394 4811 munera
3413 4747 3620 4821 ρΐευξῐειιίι

2442 4845 2510 4900 Εἴ
2531 4853 2759 4917 Poscant
2785 4847 2997 4921 veniam
3024 4838 3149 4903 cum
3172 4845 3359 4917 pavido
3379 4838 3593 4913 precibus.

2300 4936 2658 5008 Omnipotens
2683 4937 2894 4994 meritis
2917 4953 3131 5010 semper
3149 4953 3283 5011 quos
3306 4943 3476 5009 augeat
3497 4929 3601 4996 istic,

2442 5029 2516 5087 Ut
2541 5045 2733 5101 puram
2763 5031 2979 5103 capiant
3007 5046 3254 5103 corpore,
3276 5038 3438 5087 mente
3458 5024 3596 5083 ﬁdem,

2303 5123 2405 5180 llic
2422 5124 2575 5182 locus
2593 5131 2653 5181 ut
2680 5123 2898 5183 Christo
2924 5141 3137 5198 semper
3164 5120 3514 5183 memora‘libus
3532 5113 3635 5172 almo

2447 5218 2689 5275 Exsistat
2714 5218 2942 5285 meritis,
2966 5220 3300 5277 accumulent
3325 5210 3553 5274 monachi.

2307 5311 2393 5369 Sit
2415 5312 2558 5368 Deus
2584 5310 2928 5381 omnipotens
2946 5327 3044 5383 per
3072 5312 3266 5370 saecula
3289 5316 3463 5369 cuncta
3484 5298 3629 5361 beatis-

2450 5408 2710 5465 Servator
2734 5409 2904 5480 mitis,
2935 5411 3064 5468 dum
3091 5412 3313 5469 meliora
3334 5406 3496 5466 velint.

2306 5500 2441 5557 Cum
2472 5501 2671 5572 quibus
2696 5502 2815 5560 haec
2835 5512 3059 5560 cantans
3086 5505 3304 5574 cupiens
3324 5517 3409 5559 sua
3424 5487 3695 5593 miscere?“

2448 5592 2567 5649 Non
2595 5601 2790 5659 cessat,
2824 5593 3091 5651 famulans
3114 5596 3421 5665 quandoque
3436 5603 3525 5645 non
3546 5589 3662 5636 τίωει

694 5731 722 5801 ξ
752 5718 846 5801 Sic
867 5717 1320 5801 monasteriorum
1350 5732 1709 5801 praeceptores
1730 5726 2102 5801 appellabant;
2132 5730 2211 5787 sic
2311 5730 2479 5801 eique
2494 5728 2686 5785 tribuit
2707 5727 2906 5801 librum
2930 5747 3095 5787 unum
3124 5731 3191 5787 de
3228 5731 3343 5788 Vita
3375 5719 3561 5801 Sigwipi

621 5788 784 5846 Colcu
817 5788 980 5844 lector
1012 5797 1239 5844 vocatur
1263 5793 1331 5848 ab
1353 5788 1587 5850 Alcuiiio
1625 5796 1679 5851 in
1722 5788 1950 5857 cpistola
1978 5799 2043 5855 18
2072 5788 2212 5857 inter

624 5858 966 5927 Hibernicas.
998 5858 1236 5930 Iglacum
1261 5863 1444 5923 laudat
1473 5865 1686 5926 Pitseus
1711 5858 1778 5925 ad
1802 5886 2004 5928 annum
2022 5886 2211 5946 nccxc,

2312 5782 3095 5930 gaiiisamenﬁsaaﬁ;
3122 5782 3474 5876 missusa
3508 5782 3737 5848 Βωαίὶωιν

2408 5869 2553 5930 Julii.
2585 5887 2652 5930 ex
2683 5887 2832 5930 mero
2863 5874 3103 5930 arbitrio.

2408 5869 2553 5937 Julii,
2585 5887 2652 5931 ex
2683 5887 2832 5931 mero
2863 5872 3103 5933 arbitrio.
