3950 6308
189 469 326 536 1345

659 470 941 534 MARCUS
976 466 1396 531 IDRONTINUS
1432 461 1829 525 EPISCOPUS.
1861 489 1930 506 -
1960 454 2248 520 HYMNUS
2275 457 2343 517 IN
2383 457 2621 519 MAGNO
2657 454 2989 517 SABBATO.

2527 255 2557 277 Ι

3303 441 3450 521 1546

185 589 291 658 Tu,
319 587 500 658 Pater,
529 587 648 646 haec
672 588 908 645 recitans
936 595 1154 644 nostros
1175 601 1281 642 non
1303 597 1498 657 sperne
1524 581 1762 652 labores,
1787 585 1845 650 Α
1868 575 2134 646 Quatinus
2164 578 2252 633 hic
2275 576 2481 647 trepido
2509 577 2746 632 dimittat
2774 573 3002 632 crimina
3021 572 3133 629 vati

326 679 470 750 Quin
494 680 667 751 magis
691 681 807 737 haec
833 694 1064 736 cernens
1097 677 1292 752 gaudia
1326 676 1487 749 digna
1516 682 1662 732 tene.
1742 726 1764 760 ἲ.

188 771 340 840 Quod
369 780 463 829 tuo
483 780 594 828 tam
619 773 752 830 clari
778 780 1094 829 meruerunt
1117 770 1378 843 sanguine
1404 776 1592 841 patres

329 862 479 929 Esse,
512 863 624 921 Deo
649 871 834 936 grates
859 864 1087 919 reddere
1113 869 1168 918 te
1195 875 1410 917 moneo.

186 952 270 1011 Mc
295 970 508 1026 quoque
535 971 679 1012 nunc
712 955 964 1026 precibus
991 954 1221 1011 Domino
1247 950 1505 1008 mandare
1535 947 1772 1032 profusis

331 1044 450 1102 Jam
479 1046 705 1117 dignare
724 1061 937 1119 precor,
959 1061 1207 1119 corpore,
1238 1043 1404 1103 corde
1432 1058 1669 1113 rogans:

2008 671 2360 742 Omnipotens
2388 670 2618 742 genitor,
2643 685 2744 726 nec
2770 669 2972 740 pietate
2992 675 3169 724 vacet.

1867 764 1967 823 Cui
1988 764 2173 831 decus,
2196 762 2505 836 imperium,
2535 763 2726 827 virtus,
2759 761 3024 831 sapientia
3049 771 3266 831 perpes,

2011 859 2154 914 Laus
2172 866 2228 914 et
2255 859 2429 913 honor
2455 870 2667 926 semper
2691 861 3023 926 permaneat,
3052 853 3255 924 vigeat.

1867 950 1947 1009 Te
1971 959 2128 1022 pater
2152 949 2494 1007 omnitenens
2517 956 2696 1004 servet
2713 962 2813 1019 per
2841 945 3039 1004 saecula
3067 943 3221 1001 mitis

2010 1043 2211 1100 Inferni
2241 1042 2432 1100 vinclis
2451 1041 2877 1112 verberibusque
2900 1039 3145 1112 privans.

279 1180 512 1252 Explieit
538 1181 668 1238 liber
685 1179 1447 1252 mutuom-Lindisfarnensis
1478 1176 1732 1234 Ecclesite
1761 1177 2029 1243 monachi,
2057 1176 2122 1233 de
2145 1177 2421 1234 abbatibus
2443 1187 2492 1234 et
2513 1178 2788 1234 miraculis
2813 1177 3050 1249 ejusdem
3079 1171 3354 1230 Ecclesia}.

186 1309 3464 1360 Μ

1330 1399 2346 1622 MARCUS

1013 1716 1817 1821 IDRONTINUS
1901 1717 2626 1801 EPISCOPUS.

1684 1877 1986 1896 ﬂ

816 1967 1071 2035 MARCI
1117 1966 1537 2031 [DRONTINI
1593 1963 1930 2029 HYMNUS
1972 1965 2052 2028 IN
2108 1965 2396 2028 MAGNO
2457 1966 2848 2030 SABBATO.

548 2200 550 2202 ν
1275 2106 1640 2187 ’Λκρόστηχις
1671 2122 1872 2184 graeca
1905 2086 1991 2167 κοίί
2019 2091 2312 2188 σημερονδέ

313 2218 341 2296 Ῐί
365 2219 408 2318 ζ
441 2220 475 2316 ίί
1515 2251 1604 2308 ET
1656 2251 1827 2309 nona

1917 2249 2164 2308 \UTEM.

1479 2486 1576 2551 (Ex
1598 2487 1905 2540 Bibliotneu
1925 2486 2169 2551 Patrum.)

268 2721 426 2781 Unda
454 2715 621 2775 maris
647 2721 967 2786 contegente
989 2709 1119 2768 olim
1151 2714 1558 2782 persecutorem
1593 2714 1780 2778 tyran-
1807 2709 1858 2771 Β
1886 2706 2184 2778 potentiam
2204 2707 2364 2776 bone,
2389 2717 2640 2769 versatus
2660 2712 2747 2772 his
2767 2714 2928 2787 quiin
2957 2717 3168 2780 inferno
3187 2735 3335 2793 sunt,
3358 2736 3479 2788 tan-

194 2829 331 2872 num
355 2811 456 2869 sub
493 2800 1021 2865 terra'contexcrunt
1049 2811 1389 2859 servatorum
1417 2799 1532 2864 lilii,
1564 2798 1659 2853 sed
1691 2812 1791 2854 nos

194 2903 367 2961 veluti
408 2898 708 2972 iuvencuke
747 2896 977 2954 Domino
1021 2909 1302 2961 canamus,
1362 2891 1594 2961 gloriose
1643 2889 1788 2946 enim

197 2994 537 3068 ﬂoriﬁcatus
560 2998 665 3047 est.
1745 3043 1748 3048 _

267 3085 500 3142 Domine
527 3072 873 3150 Deus‘men's,
897 3077 1180 3136 funebrem
1214 3077 1475 3150 hymnum
1514 3082 1570 3130 et
1609 3072 1791 3144 sepul-

198 3178 410 3236 cralem
439 3185 661 3234 cantum
702 3173 802 3232 tibi
830 3187 1045 3229 canam.
1075 3169 1363 3240 Sepultura
1411 3175 1502 3222 tua
1530 3165 1663 3222 mihi
1704 3165 1791 3220 in-

197 3286 424 3348 gressus
448 3269 782 3342 adaperienti
821 3275 876 3324 et
903 3273 1077 3322 morte
1104 3270 1372 3327 mortem,
1421 3267 1477 3315 et
1523 3256 1795 3314 infernum

196 3362 602 3422 mortiﬁcatori.
657 3358 922 3430 Superius
958 3365 1013 3414 te
1068 3355 1124 3412 in
1174 3355 1303 3412 sede
1327 3394 1342 3420 ,
1382 3361 1438 3408 et
1478 3349 1705 3406 inferius
1737 3349 1795 3405 in

197 3456 456 3529 sepulcro
479 3466 644 3525 super
668 3449 960 3515 mundana,
981 3455 1038 3504 et
1071 3447 1171 3503 sub
1193 3454 1412 3501 terrena
1441 3441 1794 3513 intelligentia

198 3531 447 3626 salvator
471 3561 626 3603 meus
657 3543 1013 3601 vibrabantur
1036 3537 1455 3598 mortificatione
1496 3543 1588 3591 tua
1631 3548 1796 3605 supra

201 3613 468 3707 malum,
493 3640 644 3695 visus
666 3653 728 3695 es
748 3636 896 3693 enim
916 3642 1163 3691 mortuus
1182 3633 1308 3688 vita:
1328 3638 1537 3686 auctor.

278 3734 360 3791 Ut
396 3741 489 3788 tua
523 3731 694 3803 gloria
721 3728 904 3785 omnia
952 3727 1165 3798 repleas
1210 3723 1536 3782 descendisti
1580 3722 1638 3778 in
1685 3722 1796 3776 ima

199 3835 390 3892 terrm,
413 3825 510 3881 abs
538 3821 751 3880 teenim
775 3837 884 3876 non
912 3821 1175 3876 absconsa
1194 3825 1278 3873 est
1298 3815 1648 3873 subsistentia
1673 3828 1797 3870 mea

201 3920 257 3976 in
287 3919 497 3986 Adam,
545 3924 602 3972 et
633 3913 876 3986 sepultus
921 3919 1239 3984 corruptum
1272 3923 1360 3965 me
1402 3906 1661 3965 noviﬁcas
1689 3907 1796 3963 hu-

203 4026 406 4069 manaz.

1892 2796 2056 2870 quam
2085 2801 2451 2871 omnipotens.

1966 2889 2264 2961 Septimam
2316 2894 2478 2952 hodie
2522 2899 2874 2959 sanetiﬂcasti
2897 2943 2914 2971 ,
2945 2920 3109 2976 quam
3156 2907 3481 2970 benedixisti

1891 2982 2046 3053 prius
2105 2987 2410 3042 cessatione
2461 3004 2689 3060 operum
2712 3033 2729 3061 ,
2787 2995 3002 3066 profers
3043 3001 3190 3057 enim
3230 3005 3484 3063 universa

1891 3081 1949 3130 et
1971 3076 2266 3147 novilicas,
2315 3080 2690 3142 sabbatissans
2713 3126 2730 3155 ,
2759 3087 2999 3148 salvator
3026 3109 3182 3153 meus
3224 3105 3284 3153 et
3333 3113 3483 3156 recu-

1891 3183 2116 3240 perans.

1897 3251 1908 3306 ι’
1964 3262 2309 3335 Fortitudine
2348 3259 2763 3337 praestantioris
2797 3273 3117 3333 devincente
3155 3289 3208 3336 te
3239 3295 3271 3336 a
3319 3297 3487 3342 carne

1894 3369 2076 3411 annua
2105 3363 2198 3410 tua
2230 3357 2402 3413 divisa
2451 3367 2570 3427 est,
2601 3361 2844 3418 lacerant
2886 3367 3034 3422 enim
3077 3371 3238 3428 ambo
3271 3371 3487 3432 vincula

1894 3448 2088 3504 mortis
2107 3455 2164 3503 et
2184 3447 2384 3506 inferni
2403 3453 2628 3509 verbum
2647 3455 2968 3513 fortitudine
2999 3467 3114 3514 tua.

1964 3537 2213 3596 lnfernus
2252 3542 2479 3598 verbum
2529 3559 2822 3602 occurrens
2871 3549 3004 3616 tibi,
3054 3566 3274 3609 amarus
3315 3553 3491 3613 factus

1895 3635 1981 3685 est
2006 3631 2293 3688 mortalem
2342 3633 2529 3691 videns
2563 3635 2872 3694 dciticatum
2896 3680 2913 3708 ,
2955 3642 3293 3700 maculosum
3342 3646 3486 3702 vibi-

1895 3723 2070 3791 cibus,
2117 3735 2174 3780 et
2219 3727 2739 3800 omnipotentiﬁeem
2783 3733 3031 3790 horribili
3089 3734 3279 3794 forma:
3307 3745 3488 3794 autem

1897 3814 2248 3872 discordavit.

1965 3905 2310 3978 Deiparentia
2360 3919 2473 3980 tua,
2508 3912 2744 3982 Christe,
2772 3930 2901 3989 erga
2928 3932 3030 3974 nos
3073 3923 3494 3994 compaticntem

1897 3995 2063 4069 facta,
2113 4001 2279 4058 Isaias
2326 4003 2530 4060 lumine
2573 4008 2690 4063 viso
2743 4008 2862 4064 sine
2907 4027 3163 4082 vespere,
3218 4015 3288 4071 de
3335 4025 3496 4074 nocte

279 4101 361 4157 Te
385 4099 479 4171 qui
503 4099 560 4155 in
601 4097 758 4169 aquis
777 4095 1105 4167 suspendisti
1131 4108 1349 4151 omnem
1379 4100 1586 4148 terram
1611 4088 1800 4146 incon-
1826 4069 1872 4134 ο
1903 4093 2135 4166 vigilans
2171 4095 2463 4165 clamavit,
2489 4109 2772 4170 resurgent
2806 4069 3045 4170 mortui,
3073 4114 3129 4160 et
3146 4069 3495 4164 suscitabitu-

203 4191 533 4249 tentibiliter
555 4188 765 4246 creatio
793 4187 1103 4258 conspicata
1125 4185 1182 4242 in
1209 4185 1452 4241 Calvaria
1475 4197 1800 4254 suspensum

201 4281 426 4352 stupide
447 4280 844 4347 continebatur,
874 4293 983 4334 non
1006 4285 1092 4333 est
1118 4283 1340 4332 sanctus
1363 4282 1563 4346 praeter
1590 4282 1664 4341 te,
1691 4273 1801 4330 Do-

208 4375 382 4442 mine,
409 4373 674 4430 clamans.

285 4466 455 4538 Signa
514 4464 806 4536 sepultura:
848 4473 956 4520 tum
1021 4461 1306 4520 ostendisti
1348 4460 1500 4517 visus
1535 4457 1797 4529 multipli-

207 4574 368 4623 cans,
396 4573 526 4612 num
567 4564 750 4612 autem
797 4562 1007 4612 secreta
1028 4561 1119 4609 tua
1147 4553 1404 4610 divinitus
1438 4550 1802 4608 manifestasti

209 4657 269 4706 ct
294 4637 384 4705 his
407 4649 500 4720 qui
526 4649 582 4704 in
615 4646 827 4704 inferno
852 4654 1006 4713 sunt,
1037 4645 1288 4715 Domine,
1313 4661 1421 4701 non
1468 4651 1554 4702 est
1579 4652 1800 4701 sanctus

210 4749 419 4813 prznter
437 4750 512 4810 te,
537 4741 784 4807 Domine,
813 4738 1071 4796 clamant.

287 4836 586 4908 Explicasti
611 4835 816 4906 palmas
835 4842 891 4890 et
912 4831 1081 4889 unisti
1108 4846 1229 4904 qua:
1249 4830 1401 4902 prius
1424 4829 1598 4888 divisa
1624 4836 1800 4896 erant,

217 4928 563 4997 correptione
597 4935 780 4983 autem
805 4927 1043 4983 salvator
1068 4923 1126 4980 in
1151 4925 1378 4981 sindone
1405 4930 1461 4979 et
1480 4937 1801 4979 monumen-

215 5027 296 5085 to,
328 5019 606 5075 devinctos
628 4998 998 5085 solvistiﬂton
1016 5003 1102 5075 est
1125 5022 1346 5074 sanctus
1373 5024 1568 5088 praeter
1594 5023 1668 5083 te,
1693 5015 1801 5073 Do-

217 5111 390 5178 mine,
413 5111 710 5167 clamamus

293 5200 643 5258 Monumento
679 5209 736 5256 et
775 5199 964 5272 sigillis
1005 5215 1116 5257 non
1141 5199 1474 5271 capiendus,
1512 5208 1803 5257 contentus

220 5313 284 5354 es
316 5297 608 5363 voluntate,
621 5295 837 5351 "etenim
857 5293 968 5351 vim
1001 5303 1150 5350 tuam
1184 5292 1489 5349 actionibus
1510 5291 1803 5349 notificasti

1905 4194 1996 4243 tur
2017 4188 2111 4258 qui
2153 4189 2209 4243 in
2246 4189 2515 4260 sepulcris
2542 4200 2670 4247 sunt
2695 4233 2710 4260 ,
2753 4201 2810 4248 et
2829 4209 3020 4251 omnes
3047 4196 3103 4251 in
3145 4205 3292 4254 terra
3313 4201 3498 4257 exsul-

1906 4279 2117 4335 tabum.

1977 4371 2246 4431 Noviticas
2269 4377 2570 4449 terrigenas
2593 4419 2610 4448 ,
2641 4388 2856 4438 creator
2882 4383 3172 4454 pulvereus
3216 4385 3493 4457 existens,

1905 4473 1962 4520 et
2003 4466 2196 4522 sindon
2250 4477 2308 4524 ct
2372 4471 2682 4540 sepulcrum
2737 4476 3136 4533 subostendunt
3187 4480 3498 4538 cocxistens

1907 4556 2008 4613 tibi
2035 4557 2267 4615 Verbum
2305 4564 2646 4634 mysterium,
2686 4565 2917 4623 decorus
2961 4569 3106 4624 enim
3136 4569 3408 4630 confultor
3442 4581 3500 4631 te

1905 4649 2178 4722 gignentia
2201 4653 2487 4712 consilium
2508 4657 2835 4716 vaticinatur
2860 4661 2916 4716 in
2933 4669 2986 4718 te
3014 4663 3320 4736 magniﬁce,
3343 4665 3501 4722 novi-

1907 4741 2122 4802 ﬁeantis
2143 4760 2250 4802 me.

1979 4834 2084 4891 Per
2106 4847 2356 4904 mortem,
2390 4841 2618 4898 mortale
2659 4857 2757 4915 per
2783 4844 3111 4915 sepulcrum,
3135 4847 3492 4919 corruptibile

1871 4935 2262 4999 'transmutas,
2288 4933 2700 5006 incorruptibile
2728 4937 2862 4993 facis
2881 4939 3028 4995 enim
3069 4940 3502 4999 dividecentissi-

1908 5038 2019 5091 me,
2051 5024 2517 5084 immortaliftcans
2543 5040 2901 5101 assumptum,
2929 5047 3058 5089 caro
3086 5033 3231 5090 enim
3261 5043 3353 5090 tua
3383 5051 3504 5091 cor-

1909 5117 2219 5188 ruptionem
2247 5135 2356 5175 non
2383 5121 2550 5186 novit,
2596 5122 2823 5180 Domine
2849 5164 2866 5192 ,
2908 5140 3086 5195 neque
3112 5125 3294 5181 anima
3329 5135 3422 5183 tua
3449 5125 3506 5182 in

1909 5207 2130 5266 inferno
2149 5211 2473 5269 mirabiliter
2497 5214 2692 5270 relicta
2717 5225 2820 5272 est.

1848 5295 1910 5380 ξξ-
1984 5301 2062 5358 Ex
2088 5302 2401 5377 incorrupta
2426 5305 2721 5377 profectus,
2739 5316 2794 5364 et
2815 5308 3104 5366 vulnerans
3126 5318 3333 5368 costam
3359 5325 3510 5368 crea-

225 5390 440 5448 diviﬁce
466 5390 831 5459 cantantibus,
859 5404 970 5447 non
998 5397 1083 5447 est
1109 5397 1329 5446 sanctus
1355 5396 1556 5460 prazter
1579 5398 1655 5456 te,
1701 5390 1806 5445 Do-
1913 5403 1999 5450 tor
2017 5412 2191 5464 meus,
2220 5414 2287 5454 ex
2307 5373 2445 5470 ipsa
2463 5401 2690 5476 ell'ecisti
2707 5373 3151 5462 reformationem
3172 5405 3298 5461 Evae
3337 5403 3510 5460 Adam

224 5487 395 5553 mine,
424 5486 680 5542 humane.

294 5576 354 5632 ln
399 5594 562 5636 cruce
605 5587 756 5635 tuam
800 5579 1038 5636 divinam
1078 5577 1489 5635 evacuationem
1508 5577 1813 5648 praevidens

227 5668 524 5744 Abbacum,
552 5672 800 5745 stupidus
829 5673 1116 5742 clamabat,
1170 5682 1228 5730 tu
1270 5679 1553 5745 potentum
1599 5671 1810 5730 scidisti

1832 5444 1892 5509 Β

1918 5487 2114 5557 factus,
2165 5492 2373 5563 sopitus
2419 5493 2814 5554 admirabiliter
2859 5513 3050 5556 somno
3100 5498 3426 5563 viviﬁcante,
3456 5503 3511 5550 et

1923 5574 2093 5639 vitam
2139 5585 2410 5647 suscitans
2445 5601 2478 5646 e
2512 5603 2706 5649 somno
2753 5599 2810 5648 et
2861 5591 3210 5665 corruptione
3255 5598 3510 5660 tanqvam

1925 5675 2290 5749 omnipotens.
