3950 6308
483 461 485 463 ’
513 472 646 559 1351

1767 477 1973 539 PETRI
2007 475 2499 540 ARCHIDIACONI

3690 472 3822 541 i352

579 608 672 665 20.
699 605 821 689 Cur.
834 600 1047 660 articuli
1069 597 1360 658 scribentis
1401 575 1594 654 manus
1621 577 1825 654 contra
1851 594 2103 656 candela-
2127 597 2183 664 Α
2204 611 2414 670 magnae
2435 603 2667 668 quatuor
2695 608 2883 670 regna,
2911 591 3086 668 inquit
3111 579 3381 670 angelus,
3411 597 3740 655 ascendent
3769 602 3826 657 de

513 707 673 764 brum
691 699 1008 780 apparuisse
1037 695 1346 754 scribuntur
1375 693 1539 767 (Dan.
1565 708 1626 761 v,
1649 693 1748 765 5)?

587 819 660 876 Ut
683 815 904 886 longius
927 828 1037 895 non
1060 817 1410 883 apparerent.

580 933 672 988 21.
723 927 1012 988 Interfecto
1051 925 1331 992 Baldasar,
1380 924 1709 995 obsessaque
1755 922 2030 996 Babylone
2071 939 2106 978 a

514 1023 684 1082 Medis
712 1029 768 1080 et
789 1020 989 1087 Persis,
1031 1018 1194 1075 Dario
1228 1016 1479 1073 videlicet
1507 1023 1562 1072 et
1587 1014 1750 1086 Cyro,
1782 1032 1880 1072 cur
1909 1015 2105 1071 Darius

515 1117 662 1175 solus
688 1113 952 1172 successit
976 1111 1033 1168 in
1059 1126 1306 1183 regnum,
1336 1119 1390 1167 et
1415 1125 1524 1166 non
1549 1125 1674 1166 cum
1702 1124 1767 1166 eo
1792 1108 1985 1181 Cyrus,
2012 1107 2106 1179 qui

514 1211 726 1282 pariter
763 1222 890 1268 cum
926 1220 992 1266 eo
1030 1219 1258 1277 regnum
1304 1203 1470 1276 cmpit
1515 1201 1869 1275 Babylonium
1917 1201 2102 1274 (Dan.

515 1315 570 1371 v,
595 1298 733 1372 50)?

585 1427 732 1490 Ordo
759 1434 936 1490 aetatis
961 1441 1018 1489 et
1047 1429 1466 1503 propinquitatis
1494 1439 1551 1486 et
1577 1432 1735 1504 regni
1763 1439 1869 1488 est.
1913 1407 2110 1490 Darius

513 1524 665 1584 enim
711 1526 994 1599 sexaginta
1041 1525 1274 1582 duorum
1328 1540 1594 1582 annorum
1637 1535 1787 1592 erat,
1836 1532 1893 1580 et
1931 1524 2110 1598 majus

514 1631 746 1690 regnum
779 1616 1061 1674 Medorum
1086 1630 1252 1686 quam
1277 1614 1566 1672 Persarum
1590 1615 1839 1689 legimus,
1862 1624 1920 1672 et
1940 1631 2110 1673 avun-

513 1708 672 1767 culus
699 1710 793 1780 qui
817 1707 970 1779 prior
1001 1714 1120 1762 erat
1151 1705 1278 1775 jure
1323 1707 1577 1775 naturali,
1628 1723 1913 1766 successor
1953 1709 2110 1783 regni

505 1801 704 1858 debuit
722 1802 1016 1858 numerari.
1051 1801 1343 1859 Sciendum
1371 1813 1457 1860 est
1483 1819 1603 1874 quae
1625 1804 1791 1860 fuerit
1814 1805 1904 1870 illa
1932 1808 2109 1878 scrip-

514 1901 636 1949 tura
662 1908 826 1964 quam
860 1893 1198 1964 scripserunt
1239 1894 1474 1963 articuli,
1510 1895 1690 1964 Mane,
1723 1897 1931 1965 Thecel,
1963 1899 2109 1955 Pha-

2208 698 2375 747 terra.

2276 805 2367 861 26.
2399 803 2468 861 Et
2489 804 2728 881 quidest
2755 807 2900 876 quod
2925 806 3195 878 legimus:
3239 807 3429 863 Prima
3454 811 3636 881 quasi
3669 811 3822 866 terrea

2206 905 2256 953 et
2285 898 2400 952 alas
2436 878 2656 952 habebat
2681 897 2894 970 aquilae.
2923 898 3254 970 Aspiciebam
3281 900 3452 955 donec
3469 878 3699 957 evulsa
3715 916 3818 957 sunt

2207 989 2310 1046 ala:
2337 989 2471 1063 ejus,
2497 999 2546 1047 et
2570 990 2780 1046 sublata
2801 999 2876 1046 est
2905 991 2970 1046 de
2997 1001 3160 1058 terra,
3189 1001 3239 1047 et
3277 1009 3443 1064 super
3469 994 3650 1064 pedes
3687 997 3818 1064 qusi

2209 1086 2362 1142 homo
2397 1086 2557 1153 stetit,
2584 1095 2633 1141 et
2661 1102 2752 1141 cor
2775 1086 2892 1156 ejus
2912 1087 3096 1140 datum
3123 1095 3201 1142 est
3227 1087 3278 1142 ei
3297 1085 3472 1159 (Dan.
3502 1104 3618 1156 v11,
3647 1088 3738 1160 4')?

2280 1195 2523 1268 Regnum
2553 1194 2906 1266 Babylonium
2933 1205 3158 1266 propter
3185 1197 3476 1277 satvitiam.
3497 1205 3566 1253 et
3602 1198 3820 1253 crudeli-

2211 1294 2398 1352 tatem,
2440 1286 2556 1343 sive
2597 1294 2822 1358 propter
2868 1287 3144 1342 luxuriam
3169 1295 3225 1344 et
3251 1289 3432 1344 vitam
3468 1288 3697 1347 libidini
3727 1306 3818 1346 ser-

2208 1378 2470 1448 vientem,
2493 1394 2603 1436 non
2625 1379 2710 1437 leo
2733 1380 2830 1437 sed
2853 1380 3022 1437 leaena
3043 1381 3373 1451 appellatur.

2208 1497 2252 1564 ι
2279 1494 2372 1550 27.
2401 1494 2471 1551 Ει
2498 1509 2666 1566 quare
2689 1509 2799 1552 non
2836 1494 3010 1552 leonis
3031 1495 3211 1567 specie
3239 1495 3338 1552 sed
3377 1475 3580 1554 leaena:
3609 1511 3813 1567 τεειιω

2209 1587 2388 1646 visum
2412 1588 2486 1644 sit
2498 1588 2947 1660 potentissimum
2965 1589 2992 1644 Ἰ

2280 1700 2420 1770 Quia
2457 1700 2644 1758 dicunt
2689 1701 2746 1756 hi
2775 1701 2870 1772 qui
2901 1701 3198 1757 bestiarum
3225 1701 3515 1773 scripsere
3558 1712 3808 1772 naturam,

2211 1796 2408 1856 leaenas
2443 1809 2563 1852 esse
2605 1793 2923 1862 ferociores,
2952 1795 3188 1852 maxime
3232 1796 3284 1852 si
3309 1796 3538 1855 catulos
3565 1799 3806 1862 nutriant,

2212 1898 2269 1947 et
2293 1902 2508 1960 semper
2537 1888 2739 1960 gestire
2768 1887 2836 1943 ad
2872 1887 3092 1944 coitum.

513 2001 618 2041 res.
648 1984 808 2041 Mane
838 1988 1129 2042 numeravit
1169 1986 1312 2042 Deus
1341 2005 1557 2060 regnum
1585 1998 1733 2045 tuum
1753 2000 1806 2046 'et
1836 1991 2105 2063 compleuit
2136 1988 2186 2052 Β
2283 2003 2375 2061 28.
2406 2003 2477 2059 Et
2504 2002 2634 2074 quid
2661 2009 2746 2059 est
2770 2002 2916 2072 quod
2940 2001 3054 2058 alas
3075 2001 3274 2072 aquila:
3306 2002 3529 2058 habere
3547 2001 3806 2058 scribitur?

511 2075 687 2142 illud;
716 2075 922 2146 Thecel,
953 2094 1241 2149 appensum
1269 2089 1343 2135 est
1366 2081 1425 2135 in
1443 2089 1640 2136 statera
1663 2092 1712 2137 et
1738 2083 2003 2138 inventum
2031 2092 2106 2140 est

512 2169 689 2224 minus
721 2170 952 2236 habens;
991 2160 1215 2239 Phares,
1246 2173 1469 2228 divisum
1496 2182 1573 2228 est
1601 2191 1818 2246 regnum
1864 2185 2032 2245 tuum,
2059 2185 2108 2234 et

512 2259 698 2316 datum
720 2251 796 2317 est
825 2260 997 2317 Medis
1024 2272 1076 2318 et
1105 2261 1287 2319 Persis
1314 2263 1475 2336 (Dan.
1505 2281 1560 2333 v,
1589 2265 1702 2338 25).

583 2396 674 2452 22.
715 2396 857 2466 Quid
898 2406 985 2455 est
1032 2399 1177 2470 quod
1221 2398 1419 2468 legitur
1454 2419 1468 2456 :
1507 2419 1665 2474 porro
1710 2419 1804 2459 rex
1847 2404 2107 2476 cogitabat

512 2489 825 2545 constituere
845 2488 1153 2545 Danihelem
1174 2507 1330 2562 super
1357 2508 1507 2547 omne
1535 2509 1771 2565 regnum,
1794 2495 1933 2550 unde
1960 2497 2108 2566 prin-

512 2581 651 2652 cipes
675 2591 724 2638 et
749 2583 1027 2655 sadrappte
1068 2585 1369 2656 quaerebant
1415 2588 1762 2656 occasionem,
1811 2599 1870 2644 ut
1915 2591 2108 2645 inveni-

509 2681 625 2730 rent
653 2673 900 2731 Daniheli
922 2692 995 2731 ea:
1015 2675 1180 2731 latere
1202 2679 1337 2748 regis
1369 2676 1532 2749 (Dan.
1547 2694 1628 2746 ιχ,
1652 2679 1731 2753 5).
1750 2679 1891 2748 Quid
1918 2689 2023 2749 est,
2046 2688 2110 2737 ut

510 2762 820 2824 invenirent
849 2768 1100 2826 Daniheli
1129 2785 1198 2826 ex
1224 2769 1394 2826 latere
1422 2771 1603 2842 regis?

579 2897 747 2960 Latus
768 2902 912 2974 regis
935 2903 1124 2974 regina
1150 2911 1253 2971 est,
1287 2903 1375 2959 vel
1399 2904 1715 2962 concubinae
1751 2904 1892 2976 ejus,
1941 2915 2106 2965 caete-

507 3006 692 3064 rthue
738 3009 938 3050 uxores
980 3011 1101 3065 quae
1143 3011 1176 3051 a
1219 2995 1390 3052 latere
1437 2997 1750 3066 dormiunt;
1794 3001 2111 3069 qumrebant
2146 3010 2152 3024 ‘

506 3102 637 3159 ergo
650 3088 992 3145 occasionem
1008 3088 1064 3144 in
1087 3088 1250 3145 rebus
1270 3086 1674 3158 hujuscemodi;
1697 3089 1744 3146 si
1758 3090 1816 3147 in
1833 3106 2105 3161 sermone,

507 3188 675 3246 tactu,
701 3188 858 3248 nutu,
881 3192 1105 3250 possent
1125 3195 1384 3238 accusare
1404 3180 1744 3249 Danihelem,
1779 3183 1874 3238 sed
1902 3182 2106 3238 nullam

505 3285 728 3328 causam
763 3279 819 3327 et
845 3271 1210 3344 suspicionem
1231 3272 1485 3343 reperire
1501 3274 1822 3344 potuerunt,
1855 3274 1980 3345 quia
2013 3289 2108 3331 eu-

507 3363 720 3421 nuchus
747 3371 888 3421 erat.

576 3496 668 3553 25.
700 3495 840 3566 Quid
874 3503 958 3554 est
987 3495 1130 3568 quod
1167 3495 1419 3568 legimus,
1464 3498 1641 3556 tribus
1680 3500 2018 3572 temporibus
2049 3500 2108 3558 in

506 3590 594 3647 die
614 3587 867 3645 ﬂectebat
903 3604 1079 3662 genua
1121 3604 1220 3646 sua
1253 3590 1481 3646 Danihel
1511 3591 1674 3665 (Dan.
1703 3608 1782 3663 vr,
1815 3592 1949 3666 10)?
1977 3592 2107 3662 Qua:

507 3688 634 3738 sunt
655 3689 899 3752 tempora
928 3696 1049 3752 quae
1077 3681 1169 3738 hic
1197 3681 1472 3740 ostendit?

578 3811 709 3870 Tria
736 3823 919 3872 autem
939 3825 1185 3886 tempora
1211 3818 1408 3887 quibus
1431 3818 1544 3875 Deo
1572 3818 1837 3877 ﬂectenda
1867 3831 1996 3879 sunt
2015 3837 2106 3892 ge-

506 3920 633 3971 nua,
653 3906 869 3961 tertiam
889 3908 1084 3964 horam
1109 3916 1166 3963 et
1185 3917 1394 3965 sextam
1421 3916 1478 3964 et
1497 3927 1697 3968 nonam
1739 3912 2104 3970 ecclesiastica

506 3993 727 4050 traditio
757 3994 1030 4068 intelligit.
1065 3999 1310 4069 Denique
1337 3999 1496 4053 tertia
1533 4001 1669 4056 hora
1713 4001 1990 4060 descendit
2013 4020 2104 4060 su-

505 4098 605 4156 per
629 4087 901 4158 apostolos
934 4087 1172 4159 Spiritus
1217 4097 1470 4158 sanctus,
1516 4098 1670 4146 sexta
1693 4091 1881 4150 volens
1908 4093 2102 4154 Petrus

505 4178 794 4236 comedere
813 4182 1058 4238 ascendit
1079 4183 1440 4252 ctenaculum,
1457 4198 1601 4241 nona
1623 4182 1815 4243 Petrus
1833 4194 1890 4244 et
1906 4187 2101 4245 Johan-

505 4287 604 4330 nes
628 4265 926 4346 pergebant
947 4275 1017 4332 ad
1038 4276 1323 4346 templum.

574 4407 665 4464 24.
693 4406 833 4476 Quid
858 4419 941 4467 est
965 4413 1110 4483 quod
1132 4411 1392 4484 legimus:
1419 4414 1548 4472 Fuit
1571 4416 1798 4472 Danihel
1830 4433 1990 4489 usque
2027 4417 2098 4472 ad

504 4517 703 4556 annum
724 4503 952 4574 primum
974 4503 1098 4575 Cyri
1123 4506 1256 4576 regis
1283 4505 1447 4577 (Dan.
1474 4523 1516 4574 ι,
1541 4507 1655 4578 2-1),
1673 4523 1798 4563 cum
1817 4507 1945 4564 alibi
1968 4508 2099 4564 scri-

501 4600 658 4665 ptum
685 4593 782 4660 sit,
821 4611 959 4651 anno
999 4597 1152 4650 tertio
1200 4596 1324 4668 Cyri
1373 4599 1507 4669 regis
1555 4599 1842 4654 Persarum
1887 4600 2098 4656 verbum

501 4685 788 4742 revelatum
823 4697 898 4744 est
939 4687 1186 4745 Daniheli
1227 4699 1566 4761 cognomento
1610 4691 1875 4749 Baldasar
1917 4693 2092 4767 (Dan.

507 4791 564 4845 χ,
605 4776 697 4850 l)?

574 4887 689 4946 Hoc
727 4890 1063 4962 signiﬁcatur
1107 4895 1252 4964 quod
1293 4911 1466 4970 usque
1505 4900 1574 4954 ad
1617 4899 1855 4970 primum
1895 4917 2096 4960 annum

501 4981 628 5056 Cyri
650 4986 792 5056 regis
813 4986 905 5057 qui
929 4985 1305 5046 Chaldaeorum
1351 4991 1621 5048 destruxit
1657 4993 1960 5064 imperium,
1992 4995 2098 5051 Da-

502 5076 649 5132 nihel
670 5087 865 5147 potens
892 5079 1056 5136 fuerit
1082 5081 1137 5138 in
1165 5082 1415 5140 Chaldaea
1437 5125 1452 5153 ,
1500 5093 1693 5157 postea
1720 5101 1849 5144 vero
1877 5104 1906 5144 a
1935 5087 2098 5146 Dario

505 5166 560 5224 in
588 5169 771 5228 Medos
806 5175 1102 5232 translatus
1129 5178 1222 5234 sit.
1297 5217 1308 5222 -

572 5281 662 5337 25.
707 5283 845 5352 Quid
871 5295 955 5343 est
988 5289 1131 5360 quod
1169 5289 1298 5345 dicit
1336 5289 1602 5346 Danihel:
1651 5289 1900 5346 Videbam
1939 5292 1993 5346 in
2021 5293 2096 5347 vi-

501 5375 648 5430 sione
670 5393 788 5432 mea
815 5387 982 5447 nocte,
1015 5390 1062 5435 et
1087 5398 1203 5437 ecce
1231 5370 1463 5453 quatuor
1491 5384 1629 5438 venti
1653 5383 1767 5439 ειειί
1792 5384 2093 5456 pugnabant

502 5467 560 5523 in
589 5469 724 5522 mari
767 5485 958 5540 magno
979 5511 994 5536 ,
1023 5481 1072 5526 et
1102 5484 1330 5544 quatuor
1360 5475 1537 5531 bestia:
1580 5475 1806 5548 grandes
1849 5477 2096 5534 ascende-

505 5558 626 5613 bant
655 5559 720 5614 de
748 5560 886 5614 mari
918 5560 1133 5619 diversae
1167 5564 1305 5621 inter
1331 5584 1386 5622 se
1419 5567 1583 5639 (Dan.
1613 5583 1711 5636 vn,
1742 5567 1798 5639 2)
1823 5568 1850 5624 ιι

574 5675 818 5744 Quatuor
842 5678 988 5735 venti
1011 5681 1135 5738 coeli
1159 5691 1392 5752 quatuor
1420 5694 1548 5741 sunt
1572 5685 1828 5756 angelicae
1851 5691 2093 5758 potesta-

504 5776 609 5836 tes,
634 5772 829 5842 quibus
855 5773 1174 5845 principalia
1214 5790 1379 5847 regna
1404 5780 1694 5837 commissa
1734 5788 1900 5849 sunt;
1941 5795 2095 5838 mare

507 5867 690 5915 autem
714 5864 974 5919 mundum
1000 5866 1165 5920 istum
1203 5867 1566 5938 sacculumque
1605 5871 1894 5942 signiﬁcat,
1939 5870 2093 5929 falsis

508 5954 819 6027 amarisque
859 5954 1112 6014 ﬂuctibus
1159 5959 1584 6034 redundantem;
1637 5972 1872 6046 quatuor
1903 5965 2092 6029 bestiae

2269 2095 2606 2168 'Superbiam
2630 2095 2903 2168 signiﬁcat
2921 2095 3071 2168 regni
3090 2095 3669 2166 potentissimi,‘cujus
3683 2097 3805 2165 prin-

2210 2201 2338 2260 ceps
2365 2187 2606 2258 loquitur
2643 2202 2744 2257 per
2782 2187 3014 2243 Isaiam:
3049 2186 3224 2258 Super
3258 2187 3451 2242 sidera
3482 2187 3604 2244 creti
3639 2204 3801 2258 pom

2210 2281 2458 2336 thronum
2481 2295 2675 2347 meum,
2697 2296 2788 2335 ero
2815 2280 3005 2335 similis
3034 2279 3312 2335 Altissimo
3329 2279 3517 2350 Περὶ.
3541 2297 3659 2347 xxv,
3682 2281 3769 2351 l3).

2280 2395 2372 2452 29.
2404 2363 2474 2451 Et
2500 2373 2672 2466 quare
2697 2394 2818 2453 alas
2859 2394 3054 2467 aquila:
3078 2405 3135 2452 et
3172 2410 3287 2453 non
3325 2395 3569 2453 alterius
3591 2397 3705 2452 aris
3727 2396 3800 2452 ln~

2209 2487 2340 2545 bere
2368 2487 2622 2544 dicatur?

2281 2601 2420 2669 Quia
2449 2601 2631 2672 aquila
2656 2601 2828 2658 multo
2855 2601 2993 2658 vivit
3017 2611 3288 2673 tempore,
3317 2613 3372 2658 et
3393 2616 3631 2675 regnum
3663 2601 3803 2674 Asy-

2209 2695 2418 2752 riorum
2443 2695 2629 2752 multis
2651 2694 2755 2751 fuit
2779 2696 3033 2752 aetatibus
3062 2697 3420 2751 dominatum.

2280 2787 2370 2842 50.
2403 2786 2544 2854 Quid
2588 2786 2994 2858 intelligendum
3033 2796 3118 2843 est
3151 2803 3253 2858 per
3300 2788 3357 2843 id
3391 2787 3542 2858 quod
3579 2786 3801 2843 dicitur:

2209 2876 2423 2934 Evulsa:
2450 2887 2573 2934 sunt
2607 2878 2708 2933 ala:
2737 2879 2851 2949 ejus
2871 2879 2898 2932 ?

2281 2969 2492 3027 Caetera
2516 2985 2682 3043 regna
2710 2969 2982 3042 signiﬁcat
3000 2969 3201 3041 quibus
3220 2969 3381 3043 prius
3414 2971 3741 3043 imperabat,
3757 2976 3802 3025 et

2209 3065 2473 3123 volitabat
2501 3065 2557 3121 in
2581 3066 2803 3122 mundo.

2280 3180 2370 3236 51.
2415 3179 2556 3246 Quid
2581 3187 2666 3235 est
2704 3177 2850 3250 quod
2889 3177 3128 3234 dicitur:
3170 3176 3242 3232 Et
3270 3195 3443 3250 super
3481 3177 3638 3248 pedes
3673 3175 3802 3248 quasi

2209 3272 2369 3328 homo
2396 3275 2555 3341 stetit,
2586 3282 2634 3327 et
2664 3289 2757 3327 cor
2777 3272 2891 3342 ejus
2919 3272 3102 3326 datum
3132 3281 3208 3326 est
3237 3273 3287 3326 ei
3318 3271 3497 3344 (Dan.
3533 3289 3636 3341 nr,
3663 3272 3751 3344 l)?

2111 3361 2182 3434 ,Ο
2281 3363 2779 3422 Nabochodonosor
2825 3373 3008 3435 potest
3062 3363 3294 3435 intelligi
3315 3406 3333 3431 ,
3390 3366 3493 3435 qui
3543 3376 3801 3437 postquam

2200 3455 2446 3530 perdidit
2469 3472 2716 3528 regnum,
2746 3464 2802 3512 et
2829 3455 3001 3526 gloria
3029 3453 3146 3524 ejus
3174 3455 3362 3510 ablata
3391 3467 3504 3524 est,
3531 3474 3739 3514 rursum
3760 3457 3802 3511 in

2210 3547 2443 3618 pristino
2473 3548 2644 3620 gradu
2663 3547 2950 3604 restitutus
2980 3546 3070 3613 sit,
3096 3556 3152 3601 et
3179 3562 3292 3602 non
3333 3547 3574 3604 leaenam
3601 3551 3695 3606 sed
3725 3551 3803 3605 bo-

2209 3641 2412 3698 minem
2440 3655 2499 3697 se
2527 3653 2648 3696 esse
2670 3639 2955 3706 didicerit,
3003 3647 3059 3693 et
3083 3653 3180 3695 cor
3207 3642 3494 3711 receperit
3524 3643 3668 3713 quod
3691 3641 3801 3696 ami-

2207 3741 2374 3789 serat.
2403 3731 2588 3788 Potest
2609 3740 2663 3788 et
2693 3731 2853 3789 aliter
2874 3729 3100 3801 intelligi
3120 3729 3188 3786 de
3215 3747 3397 3803 regno
3417 3733 3801 3799 Chaldaeorum,

2208 3828 2353 3898 quod
2373 3825 2659 3884 interfecto
2683 3826 2960 3893 Baldasar,
2987 3826 3157 3883 Medis
3173 3825 3481 3900 Persisque
3513 3832 3572 3887 in
3598 3831 3803 3903 imperio

2193 3918 2645 3986 succedentibus,
2669 3917 2949 3989 Babylonii
2971 3917 3220 3973 homines
3247 3919 3486 3975 humilis
3511 3921 3805 3994 fragilisquc

2205 4016 2414 4065 naturae
2443 4023 2501 4065 se
2521 4024 2641 4066 esse
2668 4007 3033 4065 intellexerint
3062 4007 3226 4082 (Dan.
3259 4025 3342 4076 tv,
3373 4009 3496 4082 '51).

2274 4119 2364 4176 52.
2410 4119 2550 4186 Quid
2575 4128 2658 4176 est
2685 4119 2831 4191 quod
2871 4119 3106 4192 legitur:
3149 4117 3221 4173 Et
3262 4137 3386 4175 ecce
3415 4121 3586 4177 bestia
3614 4123 3723 4177 alia
3745 4123 3802 4176 ai-

2203 4211 2344 4267 milis
2364 4228 2489 4268 urso
2520 4213 2578 4268 in
2604 4223 2752 4285 parte
2778 4213 2935 4279 stetit,
2977 4221 3027 4267 et
3054 4221 3160 4268 tres
3189 4212 3410 4269 ordines
3440 4226 3597 4270 erant
3640 4217 3696 4269 in
3733 4230 3802 4268 ore

2203 4305 2340 4376 ejus,
2361 4314 2409 4361 et
2437 4306 2494 4360 in
2519 4305 2758 4361 dentibus
2778 4305 2914 4376 ejus,
2946 4314 2996 4359 et
3022 4301 3376 4382 sic_dic'ebant
3403 4307 3453 4362 ei
3479 4325 3502 4362 :
3531 4325 3711 4380 surge,
3734 4323 3803 4361 ce-

2201 4397 2351 4452 mede
2376 4414 2559 4452 carnes
2582 4397 2839 4469 plurimas
2865 4396 3028 4469 (Dan.
3049 4412 3150 4465 vti,
3177 4396 3275 4468 5)?

2277 4488 2457 4545 Bestia
2481 4491 2721 4546 secunda
2745 4503 2875 4545 urso
2905 4488 3115 4556 similis,
3154 4489 3270 4559 ipsa
3297 4497 3389 4546 est
3418 4490 3492 4546 de
3518 4507 3628 4564 qua
3661 4492 3716 4548 in
3738 4489 3805 4544 vi-

2203 4579 2354 4637 sione
2391 4587 2581 4637 statua:
2622 4579 2873 4652 legimus,
2908 4591 3100 4653 pectus
3125 4579 3242 4651 ejus
3269 4590 3324 4638 et
3366 4584 3699 4640 bracbia’de
3732 4599 3805 4636 aro

2204 4679 2384 4745 gento,
2411 4672 2482 4728 ob
2509 4671 2765 4728 duritiam
2798 4681 2853 4728 et
2880 4672 3219 4729 ferocitatem
3258 4688 3394 4730 urso
3421 4685 3802 4746 comparatur:

2117 4747 2176 4812 Ῐ)
2201 4764 2257 4821 in
2281 4773 2437 4836 parte
2463 4780 2595 4823 vero
2624 4779 2732 4820 una
2770 4764 2940 4831 stetit,
2969 4764 3096 4835 quia
3122 4764 3203 4821 sic
3227 4765 3422 4821 dicunt
3449 4765 3705 4833 Hebraei,
3734 4767 3803 4821 Ii-

2203 4857 2280 4915 hil
2304 4873 2400 4916 eos
2437 4858 2726 4914 adversum
2748 4856 2916 4912 Israel
2945 4856 3164 4914 crudele
3189 4858 3432 4929 gessisse.
3448 4898 3466 4924 ,
3510 4860 3662 4914 unde
3687 4869 3740 4914 et
3758 4858 3802 4911 in

2201 4950 2467 5007 Zacharia
2491 4951 2618 5021 equi
2639 4950 2746 5007 albi
2771 4949 3110 5020 appellantur
3145 4949 3335 5023 (Zach.
3362 4966 3445 5018 vr,
3482 4951 3576 5024 5).

2273 5043 2361 5111 55,
2388 5043 2478 5100 54.
2503 5041 2643 5110 Quid
2667 5058 2765 5115 per
2794 5051 2907 5101 tres
2927 5043 3149 5102 ordines
3171 5044 3263 5116 qui
3288 5053 3456 5105 erant
3490 5046 3555 5103 in
3584 5063 3682 5104 ore
3702 5045 3800 5117 e56

2199 5143 2258 5192 et
2293 5135 2350 5191 in
2377 5135 2670 5192 dentibus?

2271 5226 2502 5295 Quidam
2527 5229 2608 5285 sic
2627 5229 3016 5302 interpretatus
3039 5239 3142 5300 est,
3169 5239 3233 5295 ut
3257 5245 3496 5303 regnum
3520 5232 3799 5290 Persarum

2202 5320 2258 5377 in
2287 5328 2398 5378 tres
2419 5321 2693 5393 principes
2715 5323 2918 5380 diceret
2941 5325 3110 5382 fuisse
3127 5324 3384 5391 divisum,
3413 5327 3570 5384 sicut
3587 5329 3801 5401 legimus

2203 5413 2271 5471 de
2309 5415 2484 5471 tribus
2519 5414 2853 5487 principibus
2872 5456 2887 5484 ,
2921 5418 3014 5491 qui
3059 5433 3165 5474 cn
3206 5419 3464 5490 sadrapis
3493 5431 3798 5492 praeerant:

2199 5507 2297 5564 sed
2322 5513 2436 5564 tres
2463 5507 2684 5565 ordines
2703 5509 2759 5564 in
2780 5523 2874 5566 ore
2902 5510 3045 5581 regis
3065 5510 3357 5569 Persarum
3382 5513 3523 5570 etin
3559 5513 3803 5569 deum

2200 5598 2340 5668 ejus,
2384 5600 2488 5655 tria
2531 5615 2697 5672 regna
2729 5601 2987 5660 debemus
3030 5604 3301 5675 accipere.
3351 5603 3800 5678 Babyloniorum,

2200 5690 2478 5750 Medorum
2492 5735 2508 5762 ,
2551 5703 2718 5767 atque
2748 5694 3034 5755 Persarum
3052 5735 3070 5766 ,
3113 5713 3237 5770 qua:
3277 5697 3337 5755 in
3362 5713 3542 5756 unum
3591 5701 3800 5758 redeas

2199 5791 2346 5840 sunt.
2713 5798 2732 5803 ”

2231 5877 2358 5983 ,55
2386 5879 2766 6032 :Jndedictum
2800 5892 2885 5946 est
2905 5884 2960 5946 ei
2993 5899 3175 5961 surge,
3208 5886 3435 5949 comede
3453 5900 3665 5950 carnes
3685 5885 3799 5962 ιλιι-

2231 5985 2368 6032 imas

2199 5985 2368 6038 rimas
