3950 6308
190 383 298 448 1335

1197 357 1656 451 QumsrioNEs
1689 375 1760 438 IN
1793 357 2167 436 omnem.

3229 384 3372 447 i554

238 501 347 558 Illud
366 508 550 572 tempus
571 497 858 572 significat,
887 476 1102 570 quando
1125 499 1226 554 sub
1250 499 1488 555 Assuero
1526 510 1686 568 quem
1709 495 1765 557 Δ
1790 492 2110 560 daemonem,
2137 493 2232 549 sed
2252 491 2417 547 unum
2437 484 2504 548 de
2528 474 2856 561 hominibus,
2877 485 2934 549 in
2960 507 3068 566 quo
3095 503 3241 558 totus
3272 493 3375 564 Sa.

180 594 295 654 LXX
313 596 610 651 Artaxerxen
630 602 846 660 vocant,
867 592 938 648 ad
958 594 1357 664 suggestionem
1377 592 1553 648 Aman
1582 606 1693 649 una
1793 595 1948 642 lanas
1973 587 2314 643 habitaturus
2341 593 2462 650 est;
2492 593 2549 640 et
2571 601 2629 640 οε
2669 583 2884 656 loquens
2917 587 3167 659 ingentia,
3213 594 3287 651 ita
3311 605 3377 654 ut

180 687 246 743 die
265 701 417 741 omnes
437 682 600 740 Judaei
620 683 760 754 jussi
783 692 910 740 sunt
940 684 1220 738 trucidari.

230 775 302 834 56.
326 775 439 843 Quid
471 783 550 831 est
582 777 725 846 quod
758 775 993 847 legitur:
1044 774 1171 830 Post
1209 775 1306 830 hoc
1351 776 1686 847 aspiciebam,

171 877 209 924 et
231 885 325 924 ecce
348 867 436 921 alia
467 868 616 938 quasi
639 866 857 937 pardus,
887 877 934 922 et
964 865 1078 921 alas
1105 867 1326 920 habebat
1352 876 1581 938 quatuor
1599 885 1690 923 su-

167 976 240 1032 per
271 975 332 1025 se,
355 968 395 1013 et
417 968 634 1030 quatuor
656 959 826 1029 capita
865 967 1011 1013 erant
1039 957 1094 1013 in
1129 959 1322 1026 bestia,
1371 968 1419 1014 et
1455 968 1687 1030 potestas

164 1052 267 1106 data
291 1062 354 1106 est
377 1053 416 1106 ei
441 1051 597 1124 (Dan.
630 1068 729 1118 vn,
768 1050 822 1123 6)
855 1051 877 1106 ?

221 1142 424 1199 Tertium
450 1159 670 1214 regnum
699 1142 1067 1210 Macedonum,
1105 1144 1172 1200 de
1208 1159 1316 1215 quo
1340 1154 1394 1201 et
1418 1146 1473 1201 in
1507 1153 1684 1203 statua

157 1233 350 1305 legimus
384 1245 542 1289 venter
582 1244 631 1290 et
667 1236 868 1305 femora
906 1235 1022 1305 ejus
1050 1251 1115 1290 ea:
1141 1252 1244 1291 tere
1287 1235 1447 1307 (Dan.
1479 1253 1540 1304 ll,
1569 1235 1686 1309 52),

151 1327 313 1395 pardo,
337 1327 501 1383 bestia:
521 1327 892 1392 velocissimae,
917 1336 1282 1397 comparatur,
1308 1342 1427 1396 quae
1446 1311 1688 1398 praeceps

147 1417 298 1472 fertur
326 1420 382 1474 ad
407 1421 716 1490 sanguinem
761 1428 816 1476 et
858 1421 998 1475 saltu
1032 1421 1088 1476 in’
1133 1430 1363 1478 mortem
1403 1422 1532 1477 ruit.
1582 1421 1688 1477 Per

143 1519 353 1579 quatuor
373 1512 476 1569 alas
499 1513 724 1568 victoria
767 1513 1010 1583 signatur
1051 1513 1380 1582 Alexandri,
1411 1531 1519 1586 qua
1553 1515 1685 1572 nihil

142 1599 354 1655 velocius
375 1599 464 1656 fuit
488 1620 502 1656 :
542 1603 635 1672 qui
657 1604 726 1660 ah
746 1602 961 1675 Illyrico
979 1610 1036 1660 et
1056 1603 1334 1661 Adriatico
1358 1606 1496 1660 mari
1516 1621 1688 1677 usque

135 1690 204 1744 ad
239 1691 449 1748 Indicum
494 1707 756 1750 oceanum
783 1703 838 1749 et
879 1693 1119 1766 Gangem
1146 1694 1398 1762 ﬂuvium,
1430 1712 1540 1753 non
1574 1707 1685 1754 tam
1743 1694 1760 1703 ’

1681 733 1694 748 ,
1792 680 1846 734 in
1875 679 2075 750 templo
2099 679 2194 733 Dei
2221 678 2410 734 sedere
2432 678 2646 744 audeat,
2679 677 2882 735 faciens
2904 693 2962 736 se
2999 685 3153 752 quasi
3177 685 3369 744 Deum.

1859 771 1950 828 45.
1980 771 2119 840 Quid
2151 778 2237 826 est
2269 770 2412 841 quod
2439 771 2609 825 dicit:
2646 771 2972 841 Aspiciebam
3009 774 3171 830 donec
3199 779 3378 836 throni

1787 867 1943 937 positi
1968 875 2108 932 sunt,
2141 874 2187 921 et
2215 865 2458 937 antiquus
2489 864 2693 919 dierum
2722 865 2854 920 sedit
2885 865 3049 938 (Ibid.
3080 869 3181 940 9)?

1861 957 2063 1012 Throni
2091 972 2226 1028 quos
2254 957 2385 1010 vidit
2417 956 2659 1021 Danihel,
2699 956 2775 1012 hii
2811 956 2943 1011 mihi
2972 959 3225 1015 videntur
3253 976 3378 1018 esse

1789 1063 1926 1120 quos
1950 1047 2223 1103 Johannes
2248 1063 2377 1102 xxxv
2399 1048 2624 1102 thronos
2663 1054 2955 1118 nuncupat.
2989 1049 3246 1108 Vctustus
3280 1069 3380 1106 au-

1789 1149 1902 1198 tem
1946 1141 2153 1222 dierum
2201 1141 2290 1196 ille
2326 1153 2439 1207 est,
2483 1141 2575 1211 qui
2617 1141 2757 1211 apud
2802 1139 3101 1197 Johannem
3141 1143 3288 1198 solus
3318 1145 3379 1201 in

1789 1236 1985 1290 throno
2031 1234 2218 1301 sedet;
2261 1234 2428 1290 Filius
2471 1250 2685 1305 quoque
2733 1236 2968 1291 hominis
3005 1237 3097 1306 qui
3126 1239 3273 1293 venit
3305 1240 3376 1296 ad

1788 1333 2062 1381 vetustum
2105 1325 2332 1390 dierum,
2366 1326 2481 1396 ipse
2511 1333 2596 1380 est
2631 1327 2723 1396 qui
2747 1329 2913 1397 apud
2958 1327 3258 1385 Johanncm
3294 1331 3378 1388 leo

1789 1415 1987 1471 dicitur
2005 1414 2069 1469 de
2089 1415 2230 1469 tribu
2256 1415 2401 1469 Iuda
2431 1416 2586 1470 radia:
2619 1415 2789 1470 David
2818 1415 3000 1488 (Apoc.
3031 1435 3082 1484 v,
3112 1419 3190 1492 5).

1741 1515 1752 1530 ‘
1804 1539 1816 1558 ι
1857 1507 1948 1563 4'4.
1992 1506 2130 1575 Quid
2163 1515 2246 1563 est
2283 1507 2549 1578 judicium
2593 1508 2726 1563 sedit
2775 1519 2823 1564 et
2873 1510 2993 1564 libri
3039 1514 3203 1583 aperti
3255 1531 3318 1570 su

1813 1598 1951 1655 Dan.
1982 1615 2079 1664 vit,
2113 1599 2201 1664 10)
2222 1600 2246 1654 ?
3315 1625 3318 1630 ·

1813 1599 1951 1655 Dan.
1982 1615 2079 1664 vit,
2113 1600 2180 1654 10
2222 1600 2246 1654 ?
3315 1625 3318 1630 ·

1789 1599 1808 1673 (
1859 1599 2216 1745 Conscientiai:
2241 1697 2298 1745 et
2324 1703 2490 1761 opera
2518 1691 2850 1762 singulorum
2879 1691 2936 1748 in
2955 1700 3184 1759 utraque
3216 1705 3378 1767 parte

133 1782 317 1852 prmliis
337 1801 483 1856 quam
508 1788 750 1843 victoriis
770 1789 1134 1858 percucurrit,
1169 1798 1226 1844 et
1261 1805 1357 1845 sex
1381 1792 1541 1846 annis
1575 1791 1685 1848 Eu.
1785 1781 1872 1837 vel
1893 1782 2032 1837 bona
2059 1781 2145 1836 vel
2172 1781 2315 1837 mala
2341 1783 2524 1838 omnia
2553 1783 2881 1839 revelantur.
2914 1783 3094 1842 Bonus
3120 1766 3258 1841 liber
3283 1788 3378 1845 ille

131 1888 268 1944 rupae
289 1867 478 1946 pa‘i-tem
499 1885 557 1932 et
583 1893 801 1933 omnem
835 1879 936 1934 sibi
967 1879 1154 1935 Asiam
1180 1879 1505 1952 subiugavit.

199 1967 278 2022 57.
307 1967 431 2036 Quid
452 1985 551 2040 per
572 1977 805 2040 quatuor
827 1971 1050 2040 capita?

196 2057 404 2114 Eosdem
442 2059 571 2115 dicit
596 2060 760 2116 duces
794 2058 940 2129 ejus,
983 2061 1076 2136 qui
1107 2069 1296 2134 postea
1341 2079 1684 2125 successores

120 2149 268 2219 regni
286 2150 610 2218 exstiterunt,
632 2148 991 2221 Ptolomeum,
1019 2152 1335 2224 Seleucum,
1352 2156 1676 2231 Philippum,

118 2236 448 2307 Antigonum.
1155 2251 1160 2256 ’

187 2326 270 2382 58.
304 2327 433 2395 Quid
457 2328 525 2384 Et
547 2340 775 2402 potestas
801 2348 920 2404 qua
946 2333 1074 2390 data
1097 2345 1171 2392 est
1198 2339 1288 2393 ei?

186 2419 479 2476 Ostenditur
503 2439 612 2478 non
629 2424 920 2482 Alexandri
947 2425 1303 2499 fortitudinis,
1349 2432 1445 2489 sed
1469 2431 1682 2490 Domini

109 2508 393 2565 voluntatis
419 2509 602 2569 fuisse.

179 2601 266 2657 39.
297 2599 427 2669 Quid
451 2611 535 2659 est
571 2606 714 2676 quod
753 2605 919 2662 dicit:
957 2605 1088 2662 Post
1124 2609 1236 2665 hac
1283 2613 1597 2683 aspiciebam
1625 2616 1684 2670 in

100 2693 298 2748 visione
332 2695 488 2750 noctis
510 2733 526 2762 ,
569 2705 618 2750 et
662 2713 777 2752 ecce
811 2697 973 2753 bestia
1016 2709 1208 2770 quarta
1250 2702 1501 2758 terribilis
1527 2713 1682 2775 atque

105 2784 372 2853 'nirabilis,
401 2795 450 2841 et
476 2787 628 2858 fortis
653 2789 828 2857 nimis,
868 2789 1048 2845 dentes
1083 2790 1278 2860 ferreos
1312 2793 1534 2848 habebat
1561 2810 1679 2848 ma-
1755 2803 1762 2807 '

1760 2880 2149 2952 'phemantem,
2167 2879 2356 2937 omnia
2376 2881 2536 2935 simul
2560 2894 2727 2952 regna
2746 2879 2922 2936 deleta
2941 2890 3087 2948 sunt,
3101 2891 3157 2937 et
3177 2897 3380 2952 nequa-

95 2893 250 2949 gnos,
277 2878 540 2934 comedens
567 2888 722 2951 atque
749 2882 1124 2950 comminuam,
1159 2894 1208 2938 et
1236 2884 1435 2956 reliqua
1461 2885 1682 2956 pedibus

94 2968 210 3023 suis
229 2969 536 3025 conculcans
557 2969 719 3042 (Dan.
756 2987 858 3038 vn,
889 2970 979 3043 7)?

163 3058 365 3126 Quarta
387 3061 673 3132 imperium
692 3062 1062 3122 Romanorum
1083 3073 1186 3132 est,
1207 3066 1274 3122 de
1294 3081 1402 3138 quo
1424 3067 1480 3124 in
1501 3076 1681 3125 statua

87 3151 310 3219 dicitur,
335 3154 473 3209 tibiae
491 3156 606 3225 ejus
634 3155 819 3226 ferrea
848 3155 1011 3230 (Ibid.
1038 3174 1104 3226 ιι,
1133 3159 1246 3232 55).

154 3243 253 3299 40.
283 3242 420 3312 Quid
447 3253 530 3302 est
557 3247 701 3317 quod
727 3249 976 3319 superius
999 3251 1106 3306 tria
1125 3265 1294 3322 regna
1319 3251 1507 3308 bestiis
1527 3265 1674 3309 com-

83 3335 318 3406 paravit,
352 3335 406 3391 id
433 3344 517 3393 est
542 3336 758 3405 leaenae,
800 3354 930 3394 urso
960 3348 1015 3395 et
1055 3341 1264 3411 pardo;
1305 3341 1677 3401 Romanorum

83 3443 316 3498 regnum
342 3429 475 3485 nulli
505 3431 691 3487 bestiae
716 3435 1095 3505 comparavit?

150 3516 294 3584 Quia
320 3526 380 3573 ut
407 3518 816 3578 formidolosam
839 3523 1044 3582 faceret
1069 3527 1330 3596 bestiam,
1356 3528 1679 3596 vocabulum

83 3607 276 3672 tacuit,
325 3616 387 3662 ut
426 3610 683 3681 quicquid
719 3611 1117 3672 formidolosius
1154 3619 1582 3689 cogitaveramus
1624 3619 1681 3673 in

83 3696 298 3764 sestiis,
329 3699 438 3755 hoc
470 3699 744 3760 Romanos
770 3705 1159 3776 intelligamus;
1185 3711 1280 3765 sed
1304 3709 1515 3766 Hebraei
1536 3711 1680 3781 quod

83 3787 188 3844 .aci
199 3795 316 3842 tum
345 3787 441 3845 hic
466 3798 568 3856 est,
600 3793 659 3846 in
696 3793 910 3851 Psalmo
934 3797 1141 3853 dictum
1167 3806 1390 3868 putant:
1450 3797 1681 3854 Vastavit

83 3894 196 3933 eam
225 3895 358 3949 aper
386 3880 455 3936 de
481 3882 616 3938 silua
638 3893 690 3940 et
715 3884 1002 3956 singularis
1028 3887 1174 3958 ferus
1194 3890 1439 3960 depastus
1467 3899 1544 3947 est
1564 3906 1680 3948 eam

87 3969 256 4024 Psal.
281 3986 477 4040 LXXIX,
499 3973 615 4046 41).

133 4061 237 4117 41.
266 4063 414 4131 Quid
441 4074 528 4123 est
550 4067 695 4137 quod
724 4068 925 4127 dicitur
945 4070 1235 4128 comedens
1261 4080 1423 4143 atque
1449 4072 1679 4130 commi-

83 4167 271 4219 luens,
301 4163 364 4210 et
389 4156 606 4228 reliqua
629 4159 858 4228 pedibus
881 4161 992 4216 suis
1013 4162 1383 4218 conculcans?

129 4243 449 4314 Signiﬁcat
479 4262 671 4304 omnes
692 4249 961 4315 nationes,
997 4251 1084 4322 vel
1121 4250 1436 4309 interiectas
1467 4253 1536 4309 ab
1569 4252 1682 4322 eis,

84 4334 142 4390 ei
173 4336 398 4392 tributo
421 4344 483 4395 et
511 4339 773 4396 servitute
799 4318 1130 4412 subjugatas.

117 4425 226 4479 42.
265 4425 423 4494 Quid
456 4438 543 4485 est
568 4431 716 4500 quod
739 4430 907 4498 dicit:
934 4431 1007 4487 Et
1035 4432 1258 4490 habebat
1283 4449 1482 4491 cornua
1503 4434 1681 4490 decem

83 4517 232 4572 Dan.
266 4534 378 4586 vn,
417 4520 518 4593 7)?

115 4608 280 4674 Quia
306 4612 410 4666 alii
436 4623 646 4684 ponunt
671 4625 902 4688 quatuor
925 4631 1268 4678 successores
1289 4619 1604 4688 Alexandri,
1626 4629 1683 4678 et

84 4698 260 4752 ainde
287 4714 483 4770 usque
509 4706 576 4759 ad
600 4706 927 4765 Antiochum
949 4717 1306 4782 cognomento
1324 4712 1680 4783 Epiphanem,

84 4801 251 4842 :cem
282 4804 466 4860 reges
486 4805 827 4865 enumerant,
863 4800 957 4870 qui
991 4800 1207 4856 fuerant
1241 4802 1544 4858 saevissimi.
1576 4802 1683 4858 Sed

86 4879 255 4935 elius
308 4884 660 4942 credendum
687 4897 788 4956 est,
824 4893 970 4962 quod
997 4907 1188 4952 omnes
1220 4895 1468 4966 magistri
1510 4896 1685 4953 eccle-

83 4969 267 5024 astici
292 4975 676 5033 tradiderunt.
695 4980 755 5035 ln
775 4986 1246 5042 consummatione
1265 4987 1452 5043 mundi
1469 4987 1684 5058 quando

89 5079 294 5132 gnum
323 5065 732 5122 destruendum
756 5083 840 5130 est
861 5075 1248 5145 Romanorum,
1264 5080 1454 5136 decem
1473 5079 1686 5138 futuros

84 5169 207 5221 ges
237 5156 351 5225 qui
384 5157 590 5212 orbem
623 5158 994 5215 Romanorum
1035 5169 1176 5218 inter
1217 5186 1278 5224 se
1320 5171 1592 5240 dividant,
1632 5180 1688 5228 et

83 5244 437 5301 idecimum
472 5256 844 5305 surrecturum
881 5243 1011 5306 esse
1037 5253 1325 5323 parvulum
1351 5270 1562 5328 regem,
1593 5264 1688 5330 qui

84 5351 146 5390 es
183 5352 379 5408 reges
421 5341 498 5396 de
522 5343 708 5397 decem
755 5341 974 5414 regibus
1007 5353 1359 5416 imperaturus
1387 5349 1487 5417 sit,
1521 5351 1577 5407 id
1601 5360 1689 5408 est

95 5431 484 5498 gyptiorum
512 5447 716 5502 regem,
739 5441 793 5490 et
821 5433 1017 5491 Africa:
1052 5444 1109 5491 et
1142 5435 1464 5508 IEthiopiae;
1493 5441 1690 5512 quibus

83 5521 405 5589 terfectis,
451 5526 624 5581 etiam
647 5536 856 5598 septem
880 5527 972 5584 alii
997 5543 1153 5600 reges
1180 5529 1371 5586 victori
1401 5531 1542 5588 colla
1561 5535 1691 5590 sub-

84 5614 299 5666 Lttent.
323 5614 500 5696 .lllud
521 5626 703 5673 autem
726 5620 893 5675 dicit:
935 5620 1088 5676 Oculi
1115 5624 1267 5693 quasi
1293 5623 1432 5678 oculi
1459 5625 1688 5682 hominis

83 5714 184 5758 τηε
225 5708 298 5760 iss
335 5725 530 5762 cornu
558 5711 658 5764 isto
697 5711 867 5782 (Dan.
889 5729 989 5782 vn,
1015 5715 1119 5788 8),
1159 5731 1229 5772 ne
1249 5732 1373 5773 eum
1411 5727 1690 5789 putemus,

83 5802 185 5852 xta
222 5800 644 5869 quorumdam
676 5802 1006 5873 opinionem,
1032 5805 1119 5862 vel
1141 5805 1420 5867 diabolum
1444 5823 1566 5868 esse
1603 5809 1691 5869 vel

419 5902 706 5980 Panem.
724 5983 744 5996 κ
767 5907 1004 5986 XCVI,

1702 3199 1753 3268 (Ξ

1788 1883 1890 1938 est,
1923 1887 2087 1944 quem
2114 1887 2256 1944 saepe
2281 1873 2539 1944 legimus,
2580 1872 2716 1929 liber
2737 1874 3064 1942 viventium;
3096 1876 3269 1932 malus
3305 1879 3378 1934 li-

1783 1968 1902 2034 ber,
1925 1966 2102 2036 qualis
2131 1976 2212 2022 est
2242 1967 2333 2036 qui
2360 1967 2415 2021 in
2444 1967 2780 2023 accusatoris
2808 1973 3024 2023 tenetur
3057 1983 3240 2035 manu,
3280 1971 3378 2042 qui

1784 2067 1869 2115 est
1899 2060 2150 2114 inimicus
2177 2067 2233 2115 et
2258 2060 2457 2115 vindex
2477 2059 2544 2115 de
2574 2075 2682 2131 quo
2701 2069 2758 2115 et
2788 2060 2842 2115 in
2875 2061 3196 2134 Apocalypsi
3240 2063 3376 2135 legi-

1785 2165 1943 2206 mus:
1995 2151 2286 2205 Accusator
2314 2151 2542 2222 fratrum
2585 2160 2882 2206 nostrorum
2918 2151 3100 2223 (Apoc.
3124 2169 3222 2221 xu,
3254 2155 3370 2228 10),

1784 2241 1923 2298 liber
1941 2243 2045 2298 iste
2075 2251 2321 2299 terrenus
2349 2250 2452 2298 est.
2917 2267 2920 2270 ί

1853 2334 1942 2389 45.
1975 2334 2114 2402 Quid
2139 2341 2260 2390 est:
2305 2333 2376 2389 Et
2402 2335 2508 2390 vidi
2533 2335 2783 2406 quoniam
2811 2335 3083 2405 interfecta
3123 2345 3254 2392 esset
3285 2329 3400 2393 be?

1783 2427 1905 2493 stia,
1928 2435 1978 2480 et
2003 2427 2218 2496 perisset
2246 2441 2433 2498 corpus
2462 2426 2597 2497 ejus,
2622 2435 2671 2481 et
2696 2427 2948 2480 traditum
2980 2436 3108 2480 esset
3139 2427 3208 2480 ad
3236 2444 3378 2482 com-

1755 2517 2076 2574 'burendum
2101 2519 2231 2588 igni,
2261 2517 2492 2572 aliarum
2518 2535 2721 2589 quoque
2744 2505 3025 2573 bestiarum
3046 2519 3224 2574 ablata
3244 2527 3380 2576 esset

1757 2609 2033 2677 potestas,
2067 2615 2118 2660 et
2144 2615 2377 2677 tempora
2396 2608 2520 2662 "vita
2565 2609 2848 2663 constituta
2890 2618 3059 2664 essent
3100 2611 3173 2666 eis
3214 2627 3380 2682 usque

1784 2697 1854 2752 ad
1877 2707 2078 2767 tempus
2104 2707 2154 2751 et
2182 2705 2414 2768 tempora
2434 2697 2596 2759 (Dan.
2628 2713 2727 2765 vn,
2759 2697 2894 2769 ii)?

1853 2787 1914 2842 In
1931 2803 2041 2842 uno
2064 2787 2309 2843 Romano
2332 2789 2561 2858 imperio
2580 2797 2802 2860 propter
2821 2787 3216 2846 Antichristum
3235 2789 3380 2846 blas‘

1782 2987 1948 3042 quam
1969 2980 2248 3027 terrenum
2287 2971 2575 3041 imperium
2612 2971 2750 3039 erit,
2788 2972 2883 3028 sed
2908 2979 3220 3028 sanctorum
3247 2986 3380 3028 con-

1781 3057 2025 3117 versatio
2047 3067 2104 3114 et
2135 3059 2400 3115 adventus
2427 3059 2523 3114 ﬁlii
2544 3060 2640 3114 Dei
2670 3061 3078 3131 triumphantis.
3392 3099 3398 3116 .

1851 3153 1940 3208 46.
1973 3151 2112 3219 Quid
2138 3158 2222 3206 est
2257 3151 2403 3221 quod
2442 3149 2605 3206 dicit:
2649 3149 2722 3204 Et
2763 3151 3038 3205 tradentur
3081 3153 3139 3206 in
3179 3167 3375 3206 manus

1779 3241 1896 3313 ejus
1911 3258 2072 3312 usque
2095 3240 2164 3294 ad
2181 3249 2384 3311 tempus
2411 3248 2458 3294 et
2487 3247 2723 3310 tempora
2747 3248 2797 3294 et
2815 3235 3094 3295 dimidium
3111 3241 3372 3312 temporis

1781 3335 1945 3408 (Dan.
1976 3348 2077 3401 vn,
2107 3331 2246 3404 25)?
2699 3376 2704 3380 .

1761 3472 1769 3480 .
1850 3428 1911 3484 ιιι
1933 3428 2020 3484 his
2048 3436 2387 3499 temporibus
2413 3427 2591 3484 sancti
2618 3429 2876 3500 potestati
2903 3428 3226 3485 Antichristi
3249 3442 3378 3500 per-

1780 3521 2031 3578 mittendi
2053 3527 2201 3587 sunt,
2232 3529 2294 3575 ut
2319 3523 2749 3577 condemnentur
2775 3519 2966 3586 Judaei,
3001 3521 3094 3591 qui
3123 3535 3231 3575 non
3257 3535 3378 3576 crc-

1781 3616 1974 3671 dentes
1999 3615 2220 3670 veritati
2246 3621 2603 3684 susceperunt
2622 3613 2985 3668 mendacium.
3012 3613 3089 3670 De
3123 3615 3208 3669 his
3237 3622 3377 3670 tem-

1781 3709 2005 3782 poribus
2033 3707 2294 3763 Dominus
2312 3709 2369 3762 in
2388 3703 2682 3776 Evangelio
2711 3703 2985 3776 loquitur:
3031 3705 3154 3760 Nisi
3187 3706 3377 3762 abbre-

1781 3801 1908 3856 ciati
1935 3807 2104 3854 essent
2129 3798 2241 3854 dies
2281 3797 2380 3862 illi,
2408 3812 2741 3868 nequaquam
2778 3794 2924 3853 salva
2961 3804 3092 3852 esset
3116 3796 3228 3850 ulla
3253 3811 3379 3851 caro

1781 3887 2000 3960 (Matth.
2024 3903 2176 3954 xxxv,
2197 3887 2311 3959 22).

1852 3977 1970 4050 Ego
1994 3978 2222 4035 Danihel
2247 3979 2473 4034 multum
2509 3978 2914 4050 cogitationibus
2948 3979 3078 4034 meis
3102 3981 3378 4036 conturba-

1782 4071 1879 4126 bar
1901 4080 1951 4125 et
1983 4070 2147 4140 facies
2172 4087 2290 4124 mea
2315 4072 2599 4125 immutata
2632 4080 2708 4126 est
2733 4072 2791 4126 in
2812 4087 2914 4134 me,
2954 4071 3164 4127 verbum
3204 4081 3381 4128 alitem

1780 4163 1838 4216 in
1868 4162 2027 4217 corde
2055 4178 2170 4216 meo
2200 4162 2498 4216 conservavi
2526 4161 2690 4230 (Dan.
2717 4176 2818 4226 vii,
2844 4160 2960 4230 28).

1853 4253 2130 4309 Hactenus
2163 4255 2302 4310 liber
2326 4252 2604 4309 Danihelis
2633 4251 2926 4308 Chaldaico
2963 4266 3213 4309 sermone
3241 4266 3375 4308 oon-

1781 4347 2018 4416 scriptus
2043 4352 2130 4402 est
2171 4362 2186 4398 :
2218 4352 2416 4400 caetera
2444 4357 2567 4414 quae
2603 4349 2862 4398 secuntur
2899 4355 3072 4412 usque
3107 4342 3177 4398 ad
3203 4341 3372 4398 ﬁnem

1779 4436 2091 4502 voluminis,
2122 4435 2380 4492 hebraice
2404 4434 2653 4505 legimus.

1703 4553 1762 4617 ι)
1854 4531 1945 4586 4⁵7.
1976 4530 2131 4586 Susis
2151 4539 2331 4585 autem
2368 4527 2686 4600 metropolis
2721 4535 2807 4582 est
2845 4525 3081 4617 regionis
3120 4523 3381 4617 Elamitaf

1785 4639 1927 4680 rum.
1954 4621 2012 4678 Si
2034 4629 2297 4688 castrum,
2321 4619 2593 4691 quomodo
2615 4617 2931 4687 metropolis
2958 4616 3120 4687 (Dan.
3144 4631 3266 4677 vni,
3287 4615 3380 4684 2)?

1853 4713 1972 4770 Non
2000 4713 2145 4784 quod
2173 4722 2414 4768 castrum
2451 4713 2524 4767 sit
2551 4710 2683 4765 urbs
2729 4707 3070 4773 metropolis,
3109 4704 3203 4758 sed
3232 4703 3381 4774 quod

1784 4813 1934 4862 tanta
1955 4804 2210 4858 ﬁrmitate
2227 4803 2491 4856 aediﬁcata
2517 4797 2605 4862 sit,
2624 4803 2685 4850 ut
2701 4804 2941 4850 castrum
2963 4809 3085 4848 esse
3105 4794 3374 4848 videatur.

1854 4897 1946 4952 48.
1995 4894 2136 4962 Quid
2163 4901 2248 4948 est
2274 4892 2419 4962 quod
2447 4890 2674 4959 legitur:
2723 4884 2843 4940 Vidi
2882 4895 3056 4939 autem
3099 4887 3154 4938 in
3181 4886 3378 4941 visione

1785 5005 1896 5045 esse
1923 5003 2007 5040 me
2034 5001 2190 5054 super
2213 4991 2419 5054 portam
2449 4979 2604 5034 Ulai:
2625 4978 2755 5048 quid
2784 4985 2868 5032 est
2893 4975 3016 5030 Ulai
3039 4975 3266 5048 (Ibid)?

1858 5078 2149 5134 Sciendum
2174 5083 2260 5132 est
2281 5083 2463 5130 autem
2481 5072 2601 5128 Ulai
2620 5085 2741 5127 esse
2769 5084 2964 5124 nomen
2980 5069 3080 5123 loci
3109 5069 3222 5124 sive
3249 5084 3376 5139 por-

1786 5179 1874 5236 tae,
1898 5170 2039 5224 utin
2061 5168 2222 5223 Troia
2245 5165 2397 5222 Scaea
2425 5171 2601 5235 porta,
2642 5170 2698 5217 et
2741 5161 2881 5230 apud
2923 5159 3196 5214 Romanon
3242 5160 3362 5214 Car.

1787 5259 2041 5314 mentalis
2060 5257 2281 5322 dicitur,
2318 5255 2582 5311 habentes
2608 5250 2832 5321 singulae
2851 5265 2920 5304 ex
2938 5250 3175 5320 propriis
3193 5250 3374 5305 causis

1788 5351 2026 5422 origines
2053 5348 2354 5406 nominum.

1863 5440 1950 5496 ιθ.
1984 5439 2124 5506 Quid
2163 5435 2419 5506 estquod
2467 5433 2635 5491 dicit:
2673 5433 2744 5488 Et
2781 5449 2895 5488 ecce
2937 5433 3076 5488 aries
3103 5449 3239 5487 unus
3265 5439 3376 5485 sta-

1791 5532 1878 5587 bat
1917 5541 2038 5586 ante
2073 5529 2343 5602 paludem,
2373 5527 2488 5583 sive
2517 5534 2642 5582 autc
2677 5533 2910 5598 portam,
2951 5524 3146 5579 habens
3175 5537 3375 5575 cornua

1791 5621 1993 5678 excelsa
2011 5663 2028 5688 ,
2068 5631 2116 5676 et
2155 5635 2318 5674 unum
2353 5615 2607 5676 excelsius
2648 5615 2812 5670 altera
2852 5624 3006 5686 atque
3047 5623 3375 5667 succrescens

1790 5711 2103 5864 (1213.32;
2129 5801 2353 5862 Darium
2376 5809 2555 5871 vocat,
2593 5798 2917 5858 avunculum
2943 5791 3100 5866 Cyri,
3131 5789 3225 5861 qui
3252 5793 3376 5860 post
3405 5834 3424 5851 .

2819 5908 2894 5970 A3
