3950 6308
557 435 700 502 1555

1815 423 2018 486 perm
2055 377 2543 486 assummum

3719 437 3837 497 455:3

553 564 827 640 Astvagen
871 564 1035 610 avum
1073 535 1391 607 maternum
1414 586 1430 613 ,
1485 557 1616 602 cum.
1665 545 1929 602 avunculo
1978 543 2142 600 Dario
2169 547 2222 628 ᾼ
2246 561 2400 602 versa
2427 552 2688 630 vastasse,
2721 556 3108 614 reversumque
3133 560 3280 602 anno
3327 540 3530 613 tendo,
3557 546 3622 606 in
3653 557 3836 626 ιωρω

556 637 720 728 quem
747 647 921 708 Graeci
957 645 1238 718 Cyaxaren
1282 647 1511 709 vocant,
1545 637 1714 700 Medis
1756 638 2044 711 imperavit
2088 645 2144 692 et

507 735 514 742 ’
553 745 757 805 Persis.
1709 799 1718 816 _.

627 843 716 900 50.
745 839 884 914 Quid
921 842 1012 892 est
1048 839 1199 910 quod
1241 836 1404 895 dicit:
1437 833 1628 890 Postea
1653 831 1759 887 vidi
1787 827 2002 884 arietem
2032 843 2143 882 cor-

554 935 705 992 nibus
734 930 1066 991 ventilantem
1091 939 1275 987 contra
1294 929 1544 983 orientem
1570 933 1617 982 et
1639 933 1822 980 contra
1846 921 2142 995 aquilonem

554 1037 606 1083 et
625 1037 817 1086 contra
839 1025 1106 1081 meridiem
1130 1022 1293 1097 (Dan.
1321 1037 1440 1088 Vill,
1463 1018 1564 1091 4)?

627 1121 746 1177 Non
772 1120 948 1191 ipsum
990 1117 1216 1172 arietem
1245 1113 1445 1184 Cyrum
1482 1109 1734 1166 videlicet
1768 1105 1853 1162 vel
1876 1104 2099 1161 Darium
2122 1141 2138 1168 ,

553 1212 650 1270 sed
676 1211 917 1282 ejusdem
939 1207 1090 1278 regni
1112 1206 1372 1272 arietem,
1413 1202 1468 1258 id
1505 1208 1587 1258 est
1612 1199 1836 1253 Darium
1885 1195 2137 1259 alterum,

554 1283 649 1377 qui
677 1303 900 1358 ultimus
915 1299 1168 1372 potentiae
1188 1296 1419 1353 Persicae
1447 1309 1542 1350 rex
1570 1291 1690 1358 fuit,
1717 1297 1772 1348 et
1790 1303 1952 1361 quem
1982 1299 2139 1377 supe:

553 1375 698 1454 ravit
722 1392 1028 1450 Alexander
1046 1389 1273 1462 Philippi
1293 1388 1436 1444 ﬁlius
1455 1401 1549 1441 rex
1575 1383 1946 1440 Macedonum.
1986 1375 2142 1445 Quod

552 1498 733 1545 autem
781 1487 976 1558 Darius
1013 1485 1115 1541 iste
1158 1498 1254 1540 rex
1295 1479 1701 1552 potentissimus
1746 1483 1803 1531 et
1839 1470 2143 1546 ditissimus

551 1582 738 1648 fuerit,
766 1587 876 1635 tam
903 1577 1106 1636 Graecae
1129 1591 1292 1648 quam
1320 1573 1528 1630 Latina:
1551 1576 1775 1628 narrant
1803 1565 2066 1623 historiae.

510 1723 517 1732 ,
622 1673 712 1728 51.
743 1671 879 1726 Ecce
899 1678 1076 1725 autem
1113 1669 1290 1722 hircus
1327 1680 1612 1738 caprarum
1646 1659 1877 1717 veniebat
1904 1656 1968 1711 ab
1999 1653 2140 1710 occi-

511 1821 514 1824 .
549 1768 705 1822 dente
740 1780 895 1836 super
943 1763 1134 1834 faciem
1171 1762 1331 1816 totius
1367 1769 1563 1824 terra;
1618 1765 1667 1812 et
1718 1771 1824 1810 non
1891 1749 2140 1823 tangebat

513 1837 516 1842 ι
547 1869 768 1915 terram.
795 1855 962 1910 Porro
1000 1853 1176 1908 hircus
1197 1851 1415 1906 habebat
1435 1865 1601 1906 cornu
1621 1847 1822 1918 insigne
1842 1845 1981 1899 inter
2014 1857 2141 1897 ocu-

2241 627 2489 712 posuisse
2527 645 2762 716 statuam
2801 636 2949 693 lovis
2976 654 2992 703 ;
3021 637 3089 692 ah
3117 639 3531 711 hoc-tempore
3564 658 3742 715 usque
3777 652 3833 710 ad

2241 731 2435 788 Judam
2459 729 2846 794 Machahzeum,
2876 743 2971 808 per
2996 745 3169 786 annos
3190 732 3472 789 vastitatis
3498 732 3830 793 Hiensalm

2241 833 2295 882 et
2317 823 2791 880 contaminationis
2813 821 3018 893 templi,
3057 838 3154 878 sex
3183 823 3292 879 duo
3331 824 3539 892 millia,
3574 833 3832 884 trecentos

2242 918 2358 972 dies
2384 925 2439 971 et
2460 925 2569 971 tres
2613 930 2828 971 menses
2849 929 2971 972 esse
3011 917 3334 988 completos,
3378 925 3518 988 post
3545 932 3692 988 quos
3721 929 3834 976 tm-

2240 1009 2389 1080 plum
2417 1018 2708 1081 purgatum
2737 1016 2839 1064 est.

2312 1102 2402 1156 54.
2435 1101 2576 1168 Quid
2594 1110 2679 1156 est
2704 1101 2848 1172 quod
2870 1101 3000 1157 dicit
3025 1116 3040 1156 :
3067 1099 3138 1156 Et
3163 1118 3282 1158 ecce
3301 1103 3452 1158 stetit
3481 1102 3548 1158 iss
3581 1119 3831 1176 conspecta

2241 1212 2356 1251 meo
2379 1197 2530 1269 quasi
2550 1196 2746 1267 species
2775 1195 2872 1249 viri
2897 1193 3065 1266 (Ibid.
3093 1196 3222 1267 15)?

2281 1301 2286 1304 ·
2313 1289 2432 1346 Non
2459 1306 2602 1347 enim
2642 1289 2746 1345 viri
2774 1298 2899 1344 sunt
2922 1289 3120 1360 angeli,
3151 1291 3247 1346 sed
3281 1291 3342 1346 in
3380 1292 3583 1362 specie
3619 1293 3834 1348 virum

2242 1383 2515 1450 videntur,
2556 1383 2699 1441 sicut
2723 1383 3002 1439 Abraham
3039 1384 3108 1438 ad
3137 1399 3410 1454 quercum
3465 1385 3720 1442 lambe:
3743 1396 3831 1441 tres

2243 1479 2345 1534 visi
2373 1487 2498 1534 sunt
2512 1479 2639 1546 viri,
2653 1478 2948 1550 quiutique
2966 1477 3072 1534 viri
3095 1493 3204 1534 non
3225 1470 3430 1545 erant,
3443 1495 3478 1535 e
3501 1481 3832 1550 quibusom

2197 1560 2201 1564 ”
2243 1571 2502 1640 aduratur
2547 1580 2608 1626 ut
2649 1571 2956 1638 Dominus,
3009 1573 3154 1627 unde
3181 1579 3243 1626 et
3299 1571 3578 1628 Salvator
3629 1573 3832 1642 loquitsr

2243 1665 2300 1721 in
2316 1664 2608 1736 Evangelio
2642 1683 2655 1720 :
2686 1664 2954 1752 Abraham
2966 1665 3101 1719 "uidit
3131 1665 3275 1720 diem
3319 1682 3537 1730 meum,
3575 1677 3628 1722 et
3655 1669 3831 1723 latas:

2244 1767 2320 1812 est
2351 1756 2536 1828 (Joan.
2561 1773 2684 1824 vm,
2713 1756 2804 1828 56)

2315 1848 2405 1904 55.
2433 1848 2576 1916 Quid
2604 1858 2689 1905 est
2711 1847 2856 1920 quod
2877 1847 3045 1905 dicit:
3071 1848 3138 1905 Et
3167 1850 3357 1906 audiri
3391 1868 3589 1907 vocem
3609 1853 3700 1905 riri
3723 1855 3830 1906 una

553 1951 633 2006 las
661 1966 806 2015 suos.
835 1957 884 2004 et
928 1946 1064 2002 venit
1096 1961 1257 2016 usque
1293 1942 1362 1998 ad
1391 1942 1606 1997 arietem
1653 1937 1808 1993 illum
1833 1942 2132 1997 cornutum.
2166 1927 2216 1990 B
2248 1937 2392 2004 Ulai,
2417 1949 2464 1993 et
2488 1929 2813 2005 clamavit,et
2835 1940 2907 1993 ait
2926 1957 2944 1994 :
2970 1938 3241 2007 Gabrihet,
3270 1942 3365 2011 [ac
3383 1943 3678 2013 intelligen:
3696 1944 3830 1995 ἱεισ-

545 2059 706 2115 quem
739 2040 970 2097 videram
1006 2046 1228 2093 stantem
1273 2044 1393 2091 ante
1429 2044 1681 2108 portam;
1715 2040 1764 2086 et
1801 2027 2031 2084 cucurrit
2067 2024 2136 2080 ad

551 2150 670 2190 eum
695 2134 890 2203 impetu
928 2129 1255 2202 fortitudinis
1283 2145 1415 2184 sum.
1441 2127 1674 2197 Cumque
1715 2122 2136 2194 appropinquas-

553 2235 629 2281 set
649 2205 806 2295 prope
829 2223 1062 2286 arietem,
1090 2219 1392 2274 comminuit
1420 2218 1526 2272 duo
1565 2232 1762 2272 cornua
1783 2214 1898 2284 ejus
1917 2253 1933 2279 ,
1961 2219 2009 2266 et
2032 2226 2137 2265 non

518 2329 753 2393 .poterat
808 2318 946 2372 aries
990 2317 1229 2372 resistere
1256 2315 1325 2370 ei.
1376 2312 1607 2384 Cumque
1632 2325 1777 2381 nsum
1815 2306 2038 2362 misisset
2080 2304 2138 2357 in

543 2422 773 2477 terram,
793 2407 1114 2466 conculcavit
1135 2423 1273 2472 eum,
1303 2414 1352 2462 et
1375 2421 1525 2461 nemo
1553 2403 1734 2474 quibat
1771 2401 1993 2456 liberare
2011 2413 2138 2462 eunt

441 2503 452 2510 κ
518 2540 522 2546 η
551 2503 616 2557 de
654 2518 817 2556 manu
839 2502 976 2572 ejus.
1011 2499 1207 2555 Hircus
1233 2507 1410 2554 autem
1455 2510 1735 2567 caprarum
1765 2506 1987 2562 magnus
2023 2487 2138 2558 {aea

519 2643 522 2648 .
552 2605 636 2650 tus
684 2594 962 2662 estnimis
985 2633 1002 2661 ,
1047 2608 1267 2664 cumque
1295 2591 1533 2646 crevisset
1557 2628 1572 2655 ,
1629 2587 1828 2657 factum
1860 2593 1936 2640 est
1973 2597 2139 2637 cornu

550 2702 799 2756 magnum
822 2725 839 2753 ,
869 2694 918 2741 et
957 2692 1075 2740 orta
1117 2692 1241 2740 sunt
1280 2697 1480 2738 cernua
1514 2686 1743 2750 quatuor
1794 2675 1970 2730 subter
2003 2671 2140 2726 illud

547 2793 645 2849 per
687 2784 919 2848 quatuor
962 2783 1138 2831 ventes
1184 2773 1322 2829 mli.
1347 2771 1426 2827 De
1454 2785 1560 2825 uno
1604 2776 1781 2824 autem
1831 2782 1895 2821 ea:
1947 2765 2026 2820 eis
2053 2779 2140 2817 or-

519 2880 664 2926 .tum
685 2880 760 2930 est
799 2886 965 2928 cornu
1004 2883 1170 2926 unum
1186 2869 1452 2924 modicum
1496 2875 1546 2925 et
1573 2864 1775 2936 factum
1811 2870 1888 2918 est
1931 2859 2136 2933 grande
2201 2923 2220 2937 ί

579 2964 719 3018 Ibid.
745 2963 823 3019 5).

549 2963 823 3114 milii-ci:
864 3067 1154 3128 caprarum
1196 3054 1292 3126 qui
1315 3053 1572 3111 veniebat
1608 3052 1678 3108 ab
1724 3048 2008 3107 occidente
2032 3086 2048 3114 ,
2083 3051 2140 3102 οι

525 3158 775 3222 propter
828 3147 1055 3205 nimiam
1106 3148 1451 3205 velocitatem
1498 3154 1705 3202 terram
1762 3152 1988 3213 tangere
2029 3154 2141 3194 non

548 3242 857 3308 videbatur,
882 3239 1191 3298 Alexander
1212 3247 1297 3297 est
1319 3254 1418 3296 rex
1439 3237 1778 3302 Grecorum,
1805 3234 1899 3304 qui
1921 3233 2158 3289 subven-

2246 2035 2494 2091 visionem
2535 2034 2699 2105 (Dan.
2728 2049 2846 2100 vm,
2879 2034 2970 2108 l6)
2993 2034 3016 2088 ?
3043 2034 3166 2105 quis
3199 2035 3295 2090 ille
3343 2045 3444 2091 est
3485 2038 3585 2106 qui
3625 2036 3828 2091 Gabrieli

2242 2125 2519 2197 praecepit,
2552 2134 2612 2180 ut
2636 2124 2916 2180 Danielem
2943 2124 3111 2182 faciat
3135 2125 3470 2199 intelligere
3495 2129 3777 2200 ἧς»ῂωῖ
3871 2173 3878 2180 .

2314 2222 2485 2278 Judzei
2524 2221 2844 2278 Michaelem
2883 2225 3203 2278 autumnum
3473 2266 3480 2270 .

2315 2316 2404 2371 56.
2429 2315 2496 2370 Et
2516 2329 2616 2372 cur
2657 2322 2884 2371 vocatur
2908 2313 3190 2382 Gabrihel,
3221 2327 3286 2372 ut
3315 2315 3641 2386 intelligere
3678 2314 3827 2382 faciat,

2243 2415 2300 2464 et
2327 2423 2433 2474 non
2462 2407 2600 2463 alius
2628 2415 2855 2464 vocatur
2879 2406 3139 2477 angelus?

2315 2500 2452 2568 Quia
2476 2516 2598 2557 cum
2636 2501 2774 2556 visio
2812 2502 2879 2556 de
2918 2501 3124 2572 praeliis
3173 2510 3336 2567 erat,
3389 2516 3703 2574 regulique
3737 2515 3828 2558 ur—

2245 2594 2559 2660 taminibus,
2601 2594 2768 2649 immo
2799 2597 3089 2664 regnorum
3110 2595 3587 2658 sucoessiunibus,
3638 2595 3827 2666 dignm

2219 2695 2364 2764 .erat
2389 2694 2450 2741 ut
2483 2685 2740 2741 Gahrihel
2765 2727 2781 2753 ,
2815 2687 2912 2757 qui
2951 2689 3281 2758 praepositus
3313 2689 3640 2760 estipreliis
3664 2729 3682 2754 ,
3731 2687 3825 2744 lm't

2223 2776 2424 2834 .ollicio
2445 2777 2870 2847 manciparetur.

2317 2869 2408 2922 57.
2443 2867 2622 2935 Quare
2657 2877 2901 2939 tempore
2919 2882 3028 2940 quo
3051 2878 3173 2925 erat
3199 2870 3477 2925 Durnium
3509 2870 3821 2932 nuncin,

2246 2963 2316 3019 ad
2354 2963 2676 3018 Zachariam
2704 2971 2759 3018 et
2779 2963 2849 3020 ad
2880 2962 3104 3020 Mariam
3123 2964 3395 3020 (zabnhel
3441 2963 3653 3021 missus
3673 2970 3824 3026 estet

2244 3070 2354 3112 non
2377 3056 2517 3112 alius
2539 3056 2798 3126 angelus?
3195 3064 3214 3084 '

2315 3148 2471 3214 Quia,
2504 3158 2563 3203 ut
2591 3149 2794 3205 dictum
2817 3158 2920 3217 est,
2947 3149 3150 3220 prmliis
3171 3156 3258 3205 est
3281 3149 3652 3220 praepositus.
3678 3143 3822 3201 indit-

2245 3248 2402 3296 turus
2422 3240 2621 3296 bellum
2637 3241 2992 3308 daemonibus,
3019 3250 3074 3296 et
3097 3226 3638 3310 triumphaturus-de
3657 3236 3822 3293 male

553 3332 630 3389 sis
653 3301 854 3389 Thebis
881 3332 937 3388 in
984 3331 1164 3388 Persis
1187 3373 1204 3399 ,
1247 3347 1399 3387 arma
1441 3329 1722 3400 corripuit,
1763 3301 1924 3383 Darii
1955 3326 2141 3381 duces
2169 3301 2220 3370 ο
2246 3333 2414 3390 venit,

521 3427 847 3498 superavit,
869 3434 926 3483 et
963 3427 1033 3482 ad
1052 3431 1356 3483 extremum
1383 3426 1562 3496 ipsum
1589 3422 1860 3496 percussit
1883 3421 2138 3488 arietem,

548 3527 608 3576 et
646 3519 752 3575 duo
777 3517 896 3588 eius
923 3515 1191 3590 confregit
1227 3534 1455 3586 cornua,
1491 3517 1673 3574 Medus
1717 3524 1881 3587 atque
1922 3516 2138 3580 Persas,

551 3610 812 3679 misitque
849 3624 975 3666 eum
999 3611 1102 3667 sub
1127 3612 1358 3679 pedibus
1383 3611 1517 3676 suis,
1547 3619 1604 3666 et
1644 3617 1940 3679 utrumque
1969 3621 2142 3663 cornu

531 3715 654 3757 .suo
671 3698 976 3769 subiugavit
1010 3701 1259 3772 imperio.
1281 3702 1465 3758 Cornu
1508 3709 1691 3758 autem
1734 3701 1978 3771 grande,
2027 3699 2143 3770 ipse

457 3793 461 3797 ’
531 3798 638 3846 .est
682 3803 778 3848 rex
800 3790 1008 3858 primus
1031 3789 1377 3857 Alexander;
1430 3807 1538 3861 quo
1577 3791 1855 3848 tricesimo
1904 3790 2143 3846 secundo

555 3892 700 3931 anno
743 3879 918 3932 aetatis
959 3894 1068 3932 suae
1098 3888 1309 3935 mortuo
1338 3881 1396 3934 in
1438 3881 1733 3952 Babylone,
1787 3887 2142 3935 surrexerunt

549 3981 654 4038 pro
680 3981 746 4022 eo
773 3974 1004 4036 quatuor
1031 3968 1196 4024 duces
1224 3968 1341 4037 ejus
1361 4009 1376 4033 ,
1408 3971 1502 4038 qui
1538 3970 1644 4024 sibi
1677 3970 1968 4038 imperium
1999 3971 2141 4025 divi-

533 4069 762 4126 .serunt.
815 4059 1109 4133 Egyptum
1166 4061 1476 4118 Ptulomeus
1523 4061 1658 4134 Lagi
1711 4061 1853 4117 ﬁlius
1927 4061 2137 4128 tenuit;

550 4149 920 4206 Macedoniam
934 4151 1213 4222 Philippus
1223 4153 1316 4221 qui
1326 4159 1381 4207 et
1390 4151 1623 4208 Arideus
1633 4151 1807 4208 frater
1815 4151 2107 4208 Alexandri
2121 4169 2136 4218 ;

535 4242 773 4314 Syriam
815 4250 870 4298 et
897 4242 1223 4313 Babylonem
1255 4252 1312 4300 et
1343 4245 1526 4300 omnia
1565 4255 1733 4318 regna
1769 4244 2008 4302 Orientis
2035 4243 2142 4300 Se-

539 4332 740 4398 leucus
780 4333 1015 4411 Nicanor
1045 4350 1060 4399 ;
1085 4333 1229 4392 Asiae
1282 4337 1530 4407 regnavit
1554 4335 1878 4407 Antigonus.

625 4429 712 4484 52.
751 4428 888 4496 Quid
927 4435 1010 4484 est
1035 4429 1181 4499 quod
1218 4429 1386 4486 dicit:
1433 4431 1505 4486 Et
1543 4450 1706 4505 usque
1729 4432 1799 4487 ad
1848 4432 2138 4502 principem

529 4523 880 4593 fortitudinis
901 4523 1356 4592 m‘agniﬁcatusest
1383 4523 1549 4596 (Ibid.
1593 4526 1704 4598 ll).

624 4614 740 4670 [loc
765 4614 967 4670 dictum
995 4621 1078 4668 est
1117 4616 1183 4670 de
1206 4613 1483 4684 Epiphane
1521 4616 1634 4672 lilio
1665 4616 1912 4682 Seleuci,
1963 4617 2055 4686 qui
2084 4625 2140 4671 et

553 4701 868 4771 Philopater
909 4705 1207 4770 appellatus
1259 4715 1362 4773 est,
1411 4707 1540 4776 quia
1581 4717 1800 4762 erectus
1827 4708 1899 4762 sit
1944 4716 2136 4764 contra

551 4789 746 4856 Deum,
777 4799 832 4846 et
853 4798 1070 4848 sanctos
1093 4791 1242 4847 illius
1259 4805 1595 4862 persecutus,
1620 4805 1675 4850 et
1697 4797 1883 4852 tulerit
1903 4797 2032 4869 juge
2052 4814 2140 4854 sa-

533 4883 844 4948 criﬁcium,
871 4890 926 4938 et
939 4883 1598 4953 peccatumzdesolntioms
1633 4902 1752 4956 quae
1778 4887 1922 4943 facta
1945 4897 2048 4955 eet,
2082 4898 2139 4946 et

557 4977 926 5032 sanctuarium
965 4983 1019 5032 et
1046 4977 1309 5033 fortitudo
1333 4979 1753 5036 conculcabitur.
1793 4981 1945 5038 Unus
1975 4999 2140 5056 ange-

557 5067 644 5124 lus
665 5069 960 5139 interrogat
987 5068 1221 5125 alterum
1249 5071 1522 5140 angelum,
1547 5087 1724 5142 usque
1745 5075 1813 5129 ad
1833 5077 1977 5145 quod
2001 5085 2139 5131 tem-

556 5173 662 5230 pus
697 5161 792 5215 Dei
826 5160 1028 5229 judicio
1057 5164 1157 5218 sub
1189 5163 1454 5219 Antiocho
1497 5178 1623 5235 rege
1663 5166 1837 5237 Syriae
1877 5169 2140 5238 templum

559 5249 801 5305 futurum
837 5252 908 5306 sit
944 5253 1274 5320 desolatum,
1317 5263 1370 5311 et
1399 5258 1748 5313 simulacrum
1782 5257 1931 5314 lovis
1968 5269 2141 5314 statu-

560 5358 682 5396 rum
706 5342 760 5398 in
785 5343 979 5414 templo
1021 5346 1135 5402 Dei.
1174 5347 1360 5404 Posuit
1389 5349 1533 5405 enim
1560 5349 1860 5408 Antiochus
1903 5360 2142 5408 statuam

559 5431 710 5488 Jovis
730 5433 786 5488 in
811 5435 1011 5504 templo
1032 5437 1148 5491 Dei.

620 5525 708 5581 55.
734 5525 803 5580 Et
830 5525 963 5583 dixit
997 5545 1162 5601 usque
1191 5530 1261 5585 ad
1293 5546 1558 5604 uesperam
1585 5542 1635 5588 et
1671 5547 1828 5590 mane
1847 5575 1860 5600 ,
1889 5535 2007 5588 dies
2036 5535 2142 5590 duo

556 5619 727 5674 millia
748 5621 983 5686 trecenti,
1009 5629 1058 5675 'et
1081 5623 1419 5678 mandabitur
1443 5628 1804 5680 sanctuarium
1830 5625 1998 5698 (Ibid.
2026 5627 2137 5698 M).

631 5710 938 5768 Centesimo
965 5714 1376 5784 quadragesimo
1426 5721 1586 5774 tertio
1633 5736 1773 5776 anno
1815 5729 1846 5774 a
1889 5719 2136 5787 Seleuco,

560 5799 653 5867 qui
689 5803 898 5868 primus
936 5805 1182 5872 regnavit
1209 5805 1265 5858 in
1294 5805 1448 5876 Syria
1491 5819 1614 5878 post
1643 5811 2023 5873 Alexandrum,
2052 5813 2138 5866 in-

563 5901 809 5959 gressum
839 5891 1068 5960 legimus
1113 5894 1441 5952 Antiochum
1487 5899 1914 5970 Hierosolymam
1943 5910 1998 5960 et
2022 5902 2142 5959 uni-

2318 3427 2406 3484 58.
2441 3424 2575 3482 lllud
2595 3426 2742 3495 quod
2773 3425 2850 3480 ait
2875 3421 3103 3480 Danihel
3131 3441 3144 3478 :
3175 3424 3244 3479 Et
3275 3421 3646 3497 ego'Dunihet
3669 3421 3816 3492 lugu

2245 3533 2294 3578 et
2320 3523 2572 3593 ωσι-οιηυὶ
2595 3537 2688 3591 per
2712 3521 2826 3576 dies
2858 3519 3021 3590 (Dan.
3062 3533 3184 3585 vm,
3208 3519 3328 3591 27).

2315 3615 2430 3672 Hoc
2476 3623 2562 3670 est
2591 3612 2723 3668 illud
2759 3613 2903 3682 quod
2928 3611 2983 3666 in
3025 3610 3224 3666 Genesi
3274 3611 3348 3666 de
3393 3610 3680 3666 Abraham

2225 3723 2402 3772 mus,
2461 3711 2604 3778 quod
2651 3713 2942 3777 postquam
2991 3703 3164 3760 Deum
3215 3704 3500 3759 audiverit
3545 3703 3818 3770 loquelam

2245 3801 2367 3865 sibi,
2383 3809 2588 3855 terram
2612 3807 2669 3854 et
2679 3799 2915 3854 cinerem
2929 3811 3050 3853 esse
3060 3811 3119 3852 se
3132 3794 3336 3850 dixerit
3355 3791 3686 3864 (Genﬁxvm
3704 3789 3776 3856 ,Ξῖ
3789 3789 3816 3856 ,1.

2315 3892 2405 3946 59.
2437 3891 2576 3958 Quid
2622 3897 2708 3946 est
2756 3889 2899 3960 quod
2927 3889 3058 3944 dicit
3104 3905 3120 3942 :
3159 3887 3234 3941 Et
3269 3887 3556 3958 stupebam
3596 3886 3666 3938 ad

2246 4000 2381 4046 nem,
2420 3992 2595 4038 etnon
2633 3991 2746 4037 erat
2783 3982 2873 4053 qui
2911 3983 3351 4051 interpretaretur
3376 3979 3553 4050 (Dan.
3575 3994 3690 4034 πη,
3723 3973 3816 4042 27}.

2246 4074 2303 4132 Si
2331 4091 2439 4130 non
2465 4082 2580 4129 erat
2598 4075 2690 4146 qui
2714 4074 3180 4143 interpretaretur,
3197 4071 3484 4142 quomodo
3506 4067 3820 4142 supralata"

2243 4174 2488 4237 prctatus
2517 4163 2600 4220 est
2629 4166 2892 4236 angelus?

2323 4255 2430 4309 Sed
2455 4255 2599 4324 quod
2631 4255 2779 4318 dicit,
2822 4253 2926 4329 hoc
2960 4261 3044 4309 est
3067 4253 3230 4324 rcges
3253 4252 3538 4318 audierat,
3573 4262 3636 4307 et
3662 4263 3818 4306 eorum

2242 4346 2462 4402 nomina
2508 4345 2814 4412 nesciebat;
2851 4341 3030 4399 futura
3081 4353 3433 4414 cognoverat,
3469 4354 3532 4402 et
3581 4359 3688 4415 quo
3713 4353 3822 4397 tm-

2235 4449 2374 4506 pore
2395 4436 2577 4490 futura
2604 4443 2790 4491 essent
2815 4436 3011 4491 dubius
3045 4433 3368 4491 ﬂuctuabat.

2315 4527 2403 4582 60.
2435 4527 2504 4582 In
2539 4545 2676 4584 anno
2718 4529 2888 4599 primo
2925 4527 3078 4582 Darii
3120 4527 3221 4596 ﬁlii
3267 4528 3494 4581 Assueri
3543 4525 3616 4580 de
3663 4526 3824 4580 satis

2247 4618 2540 4689 Medorum,
2571 4623 2662 4693 qui
2691 4621 2965 4691 imperavit
3013 4637 3170 4692 super
3213 4635 3439 4692 regnum
3469 4619 3825 4675 'Chaidmn

2245 4714 2409 4786 (Dan.
2441 4729 2516 4778 Ix,
2544 4715 2618 4784 l).

2313 4802 2413 4859 llic
2455 4813 2539 4861 est
2568 4805 2781 4870 Darius,
2827 4804 2920 4875 qui
2958 4803 3097 4859 cum
3140 4801 3286 4874 Cyro
3333 4799 3637 4859 Chalduzos
3677 4799 3826 4869 Baby-

2244 4897 2522 4967 loniosque
2585 4898 2882 4968 superavit.
2939 4883 3018 4952 Ne
3073 4905 3328 4965 putemus
3379 4895 3543 4952 illum
3589 4896 3826 4952 Daris.

2243 4990 2398 5059 cujus
2466 4993 2703 5047 secundo
2764 5003 2906 5046 anno
2951 4989 3235 5060 "templum
3299 4985 3653 5045 ludiﬁcatum
3712 4998 3825 5044 est:

2227 5084 2386 5150 I-quod
2433 5082 2769 5156 Porphyrius
2833 5083 3178 5154 suspicatus,
3236 5087 3297 5131 ut
3343 5095 3533 5137 annos
3585 5080 3830 5136 0:1ka

2241 5176 2531 5232 extendat;
2579 5176 2664 5225 vel
2709 5185 2834 5224 cum
2865 5169 2965 5239 qui
3014 5170 3080 5224 ab
3113 5167 3431 5226 Alexandro
3493 5169 3828 5227 Macedonum

2242 5276 2369 5331 rege
2399 5268 2682 5329 mperatus
2731 5269 2833 5316 est.
2888 5260 3051 5316 Addit
3097 5273 3226 5333 ergo
3257 5277 3462 5319 nomen
3505 5268 3686 5334 patris
3708 5307 3723 5324 .
3763 5263 3833 5315 δὲ-

2235 5352 2425 5420 "ditquc
2474 5351 2756 5405 victoriam
2801 5367 2908 5422 qua
2941 5352 3151 5421 primus
3183 5353 3249 5407 de
3290 5353 3510 5409 semine
3573 5355 3830 5411 Medorum

2227 5439 2570 5496 'suhverterit
2606 5458 2831 5514 regnum
2855 5443 3255 5511 C‘haldzeurum,
3289 5454 3350 5499 ut
3380 5445 3611 5503 auferat
3637 5458 3834 5519 proptr?

2225 5531 2648 5589 similitudinem
2687 5533 2921 5588 nominis
2959 5533 3206 5591 lectionis
3231 5549 3510 5592 errorem.

2239 5669 2242 5672 .
2314 5624 2401 5678 6i.
2430 5625 2571 5692 Quid
2604 5633 2688 5680 est
2721 5625 2865 5696 quod
2894 5642 3001 5682 cxx
3043 5643 3214 5684 annos
3263 5628 3540 5685 Dominus
3570 5632 3628 5686 in
3657 5628 3830 5687 Genesi

2241 5719 2552 5775 hominibus
2594 5721 2774 5790 posuit
2794 5723 2817 5775 ‘?

2229 5815 2236 5852 ἒ
2314 5814 2448 5881 Quia
2479 5814 2578 5884 qui
2600 5819 2752 5870 tanto
2797 5823 3036 5887 tempore
3060 5857 3076 5883 ,
3129 5813 3234 5873 hoc
3286 5825 3371 5873 est
3412 5828 3644 5874 centum
3697 5815 3829 5873 annis

2200 5985 2210 5993 Ι
2241 5903 2431 5962 nolunt
2465 5919 2626 5975 agere
2673 5906 3066 5980 ptenitenthlb,
3093 5920 3443 5981 nequaquam
3471 5911 3741 5996 expectat
3781 5916 3828 5964 n
