3950 6308
144 466 269 531 4357
1256 448 1715 538 pannosus
1746 462 1818 522 IN
1855 452 2226 523 DANIELEM.
2932 404 2935 407 l
3239 461 3375 527 1358

130 602 212 643 tu
249 585 330 640 alii
371 578 759 655 compleantur.
799 580 908 639 Sed
954 577 1121 638 infert
1146 590 1289 646 ante
1332 581 1475 653 quod
1507 587 1696 653 postea
1724 580 2047 648 A‘madibus
2084 583 2319 650 separat,
2343 575 2573 647 denique
2595 582 2652 635 et
2687 571 2855 633 Iudaei
2890 574 2948 633 in
2966 562 3262 653 Evangelio
3310 597 3380 640 cx

132 676 304 734 fuerat
327 676 738 732 comminatus.-
1800 670 1907 727 hac
1947 668 2256 740 opinatione
2293 666 2586 738 loquuntur
2635 667 2704 724 ad
2754 666 3083 725 Dominum:
3111 683 3170 724 ιι
3214 680 3262 725 et
3288 687 3383 727 sex

204 767 287 823 6!.
325 766 464 835 Quid
507 774 594 823 est
618 765 763 837 quod
808 763 940 822 dicit
986 762 1249 831 Danihel,
1302 761 1606 819 laledictio
1651 769 1701 816 et
1759 763 1954 817 "annis
1986 761 2303 830 aediﬁcatum
2350 769 2425 815 est
2475 759 2755 832 templum,
2801 769 2852 816 et
2885 768 2940 816 tu
2986 761 3153 815 tribus
3197 760 3379 819 diebus

143 859 391 914 detestatio
430 859 567 914 venit
589 874 746 929 super
793 874 915 923 nos,
953 872 1073 929 quae
1115 858 1310 929 scripta
1358 864 1434 911 est
1468 856 1525 909 in
1568 853 1700 908 libro
1794 853 2075 909 ‘suscitabis
2103 851 2239 907 illud
2274 852 2540 925 (locum,
2563 851 2677 925 20).
2709 850 2812 907 Tot
2855 853 2999 909 enim
3035 863 3161 910 sunt
3188 854 3315 911 anni
3348 869 3383 911 ι

143 951 290 1007 Ιοίσὶ
315 953 444 1007 servi
464 952 568 1007 'Dei
594 950 755 1024 (Dan.
781 967 858 1017 ix,
882 950 1013 1022 ll)?
1042 950 1106 1006 in
1133 966 1241 1021 quo
1264 949 1406 1005 libro
1434 947 1632 1004 Moisi?
1794 944 1978 1013 primo
2001 958 2143 999 anno
2170 942 2297 1015 Cyri
2326 942 2489 1013 regis,
2520 944 2611 1013 qui
2637 943 2943 999 libertatem
2971 945 3117 1001 dedit
3149 945 3383 1005 volenti-

207 1044 262 1099 ln
288 1044 706 1099 Deuteronomio
744 1038 1153 1099 maledictiones
1203 1050 1259 1097 et
1301 1039 1704 1096 benedictioncs
1796 1034 1907 1092 bus
1930 1034 2130 1093 Iudaeis
2154 1038 2355 1093 reverti
2394 1039 2446 1093 in
2474 1037 2727 1111 patriam,
2762 1052 2934 1108 usque
2955 1044 3024 1094 ad
3049 1047 3263 1095 sextum
3291 1055 3386 1101 an-

142 1136 229 1192 Dei
267 1136 525 1207 legimus,
579 1150 699 1207 qua:
747 1142 933 1207 postea
978 1134 1201 1191 dictavit
1236 1135 1293 1189 in
1328 1140 1510 1189 monte
1546 1129 1707 1187 Gari-
1796 1143 1936 1182 num
1978 1128 2125 1184 Darii
2174 1131 2344 1201 regis,
2376 1132 2476 1186 sub
2519 1145 2628 1202 quo
2670 1129 2855 1202 templi
2882 1146 3018 1202 opus
3047 1146 3208 1188 omne
3236 1147 3387 1186 com-

138 1230 242 1284 zim
290 1236 341 1285 et
382 1227 552 1284 Hebal
601 1240 764 1299 super
807 1226 985 1297 justos
1030 1235 1087 1284 et
1134 1233 1445 1299 peccatores
1500 1223 1520 1287 (
1545 1218 1699 1278 Deut.
1796 1216 2010 1290 'pletum
2043 1227 2145 1275 est.
2192 1219 2364 1277 Porro
2391 1219 2658 1293 Iosephus
2685 1230 2742 1278 et
2783 1222 2919 1279 alios
2948 1230 3063 1279 tres
3086 1239 3257 1279 annos
3297 1225 3391 1278 ad—

72 1309 77 1315 ’
144 1332 314 1386 nm,
352 1318 463 1389 ll).
1796 1307 1962 1371 'didit,
1989 1307 2045 1363 in
2064 1308 2261 1379 quibus
2286 1311 2560 1383 peribulos
2587 1313 2770 1384 templi
2793 1314 3108 1385 etqutedam
3137 1312 3239 1370 alia
3270 1330 3391 1386 qua:

207 1411 289 1467 63.
310 1409 449 1479 Quid
484 1418 571 1467 est
616 1410 761 1481 quod
791 1411 846 1467 in
882 1409 1099 1466 Psalmo
1140 1407 1373 1479 legimus
1402 1423 1416 1461 :
1454 1403 1703 1462 Surrexit
1808 1401 2460 1474 remanserant,perfecta
2484 1413 2630 1472 sunt,
2659 1405 2750 1477 qui
2780 1405 2946 1462 additi
2972 1422 3095 1463 xm
3124 1406 3283 1462 annis
3311 1406 3393 1460 fa-

142 1512 373 1573 tanquam
398 1480 661 1557 dormiens
687 1501 964 1568 Dominus,
1002 1509 1251 1572 tanquam
1277 1507 1458 1572 potens
1494 1500 1544 1553 et
1589 1510 1708 1551 ινα-
1793 1489 1960 1546 'Citmt
1990 1508 2164 1550 annos
2201 1509 2347 1562 uix,
2370 1495 2423 1551 id
2447 1504 2531 1551 est
2554 1505 2759 1569 septem
2787 1513 3051 1554 annorum
3095 1499 3393 1555 bebdoma—
3436 1480 3441 1495 ’

128 1591 339 1664 μίαν
364 1605 398 1644 a
421 1592 537 1645 sino
558 1589 732 1662 (Psal.
758 1604 945 1646 Lxxvn
962 1632 977 1657 ,
1012 1589 1145 1662 85)?
1811 1582 1908 1639 das
1928 1601 1940 1638 :
1958 1583 2193 1656 reliquas
2210 1596 2392 1643 autem
2415 1604 2484 1643 ιι
2511 1589 2643 1645 duas
2668 1590 3035 1647 hebdomadas
3061 1593 3128 1648 ab
3154 1590 3397 1662 ejusdem

210 1683 396 1741 Ialitia
419 1691 607 1740 nostra
634 1683 873 1742 inebriat
892 1684 1082 1749 Deum,
1112 1696 1253 1753 quae,
1281 1680 1499 1752 quando
1528 1679 1585 1733 in
1612 1691 1710 1734 no-
1798 1673 1959 1731 ‘Darii
1981 1677 2211 1747 septimo
2238 1680 2383 1735 anno
2428 1689 2779 1751 enumerant;
2814 1684 2921 1753 quo
2972 1691 3213 1755 tempore
3240 1681 3397 1739 Iesus

136 1776 223 1834 bis
255 1777 557 1848 corripitur,
587 1778 846 1847 evigilare
888 1777 1103 1841 dicitur,
1137 1784 1192 1832 et
1227 1775 1294 1830 de
1318 1789 1415 1830 sua
1445 1773 1710 1829 ebrietate
1796 1766 1955 1824 'illius
1981 1766 2205 1825 Iosedec
2247 1779 2304 1826 et
2330 1770 2631 1828 Zorobabel
2670 1770 2785 1842 jam
2836 1772 3056 1843 majoris
3092 1774 3268 1829 aetatis
3302 1788 3399 1845 po-

124 1874 473 1942 “consurgere,
515 1879 578 1926 ut
626 1886 729 1928 nos
777 1878 1003 1942 peccato
1037 1868 1221 1925 ebrios
1246 1866 1504 1939 evigilare
1542 1866 1712 1922 faciat
1802 1860 1941 1932 'pulo
1961 1872 2254 1933 praeerant,
2297 1867 2397 1921 sub
2425 1867 2623 1937 quibus
2668 1868 3131 1938 prophetaverunt
3170 1866 3401 1938 Aggreus

128 1961 365 2033 iustitiae.
393 1963 620 2031 Quando
646 1971 883 2034 propter
898 1970 1125 2035 peccata
1151 1961 1493 2031 oorripimur,
1520 1958 1711 2031 vigilat
1732 1952 1789 2018 Β
1815 1960 1871 2009 et
1900 1952 2213 2011 Zacharias.
2238 1955 2370 2013 Post
2392 1970 2527 2029 quos
2550 1957 2753 2015 Esdras
2798 1967 2855 2015 et
2881 1957 3171 2017 Nebemias
3201 1956 3268 2017 de
3296 1957 3403 2016 Ba-

126 2064 297 2123 buper
318 2068 415 2108 nos
438 2053 605 2120 Deus,
636 2060 692 2108 et
734 2053 922 2109 visitat
968 2068 1088 2109 nos.
1130 2051 1359 2120 Quando
1385 2065 1517 2107 vero
1542 2064 1574 2104 a
1603 2049 1715 2105 Deo
1816 2044 2013 2117 bylone
2034 2047 2333 2113 venientes,
2365 2064 2551 2106 muros
2576 2051 2728 2107 urbis
2749 2057 3155 2118 exstruxerunt,
3187 2058 3407 2113 tenente

130 2142 451 2211 deserimur,
499 2153 701 2201 etnon
747 2142 1073 2213 iudicamur,
1106 2143 1315 2215 indigni
1359 2156 1546 2200 sumus
1590 2154 1717 2198 cor-
1804 2138 2191 2210 pontiﬁcatum
2238 2137 2482 2197 Ioacliim
2536 2141 2647 2198 lilio
2692 2141 2819 2199 Iesu
2862 2151 3220 2217 cognomento
3253 2139 3407 2200 Iose-

124 2238 377 2306 “reptione
390 2234 630 2304 Domni,
660 2247 789 2294 tunc
822 2232 1022 2294 dicitur
1053 2236 1311 2294 dormire.
1350 2305 1356 2311 .
1808 2229 1954 2294 *dec;
1992 2239 2118 2301 post
2148 2246 2309 2302 quem
2350 2234 2613 2290 successit
2641 2234 2697 2290 in
2729 2233 3037 2291 sacerdotio
3057 2230 3177 2288 Elia
3200 2233 3319 2299 sub,
3342 2248 3408 2289 ac

136 2344 141 2351 ·
212 2324 295 2380 64.
324 2326 463 2395 Quid
485 2337 571 2384 est
592 2329 734 2399 quod
765 2328 897 2385 dicit
915 2324 1136 2401 angelus
1158 2323 1410 2383 Daniheli
1442 2341 1457 2378 :
1486 2319 1566 2378 Tu
1596 2339 1717 2395 ergo
1804 2326 2016 2381 ’deinde
2040 2322 2249 2393 Ioiadc,
2277 2335 2332 2382 et
2350 2336 2539 2398 postea
2567 2324 2860 2396 Iohannes,
2881 2335 3005 2400 post
3022 2343 3186 2400 quem
3206 2324 3404 2394 Iadus;

132 2414 487 2472 ‘animadverte
508 2430 819 2486 sermanem,
844 2428 891 2474 et
922 2418 1152 2491 intellige
1176 2419 1446 2475 visionem.
1495 2417 1720 2484 Septua-
1806 2416 1979 2488 ‘cnjus
2031 2426 2193 2480 etate
2246 2420 2556 2477 Alexander
2609 2437 2706 2479 rex
2750 2421 3109 2493 Macedonum
3170 2419 3412 2478 condidit

128 2509 285 2654 Eata
342 2508 686 2567 hebdomades
740 2512 1050 2568 abbreviata:
1098 2521 1221 2567 sunt
1267 2526 1424 2584 super
1469 2509 1720 2584 populum
1808 2509 2225 2580 'Alexandriam,
2266 2520 2327 2568 ut
2368 2512 2638 2585 Iosephus
2683 2515 2943 2586 loquitur,
2976 2514 3233 2586 venitque
3278 2512 3411 2570 Ilie-

203 2615 305 2654 ttm.
333 2608 380 2654 et
413 2616 574 2654 suaer
604 2600 790 2654 urbem
826 2611 1062 2654 sanctam
1102 2612 1270 2654 ruam.
1298 2604 1529 2654 sciesaue
1555 2611 1605 2654 et
1639 2602 1723 2654 in-
1810 2603 2172 2654 'rosoivmam.
2207 2613 2261 2654 et
2295 2604 2349 2654 in
2376 2607 2576 2654 temnln
2614 2606 2867 2654 victimas
2902 2604 3231 2654 immolavit.
3262 2601 3411 2654 Mor-

203 2615 305 2665 am,
333 2608 380 2655 et
413 2616 574 2671 super
604 2600 790 2657 urbem
826 2611 1062 2657 sanetam
1102 2612 1270 2669 tuam,
1298 2604 1529 2673 sciesque
1555 2611 1605 2657 et
1639 2602 1723 2656 in-
1810 2603 2172 2675 rosolymam,
2207 2613 2261 2660 et
2294 2604 2351 2663 in
2376 2607 2576 2678 templo
2614 2606 2867 2664 victimas
2902 2604 3231 2662 immolavit.
3262 2601 3411 2660 Mor-

130 2689 334 2763 ‘telliges
359 2692 422 2745 ab
467 2692 611 2747 exitu
632 2692 917 2759 sermonis,
944 2703 1008 2749 ut
1038 2694 1422 2765 respondeatur
1453 2702 1503 2748 et
1553 2690 1722 2761 xdiﬁ-
1810 2700 1917 2748 "tuo
1943 2702 2125 2750 autem
2148 2694 2475 2764 Alexandro,
2494 2698 2789 2754 centesima
2810 2698 2972 2754 tertia
2995 2698 3205 2754 decima
3231 2696 3417 2768 Olym-

130 2788 286 2836 ‘cetur
318 2779 648 2838 Hierusalem
670 2798 846 2855 'usque
879 2784 948 2839 ad
964 2776 1235 2839 ’Cltristum
1275 2783 1461 2839 ducem
1475 2800 1495 2849 ;
1526 2782 1720 2837 hebdo-
1822 2783 2001 2854 piade,
2017 2800 2160 2840 anno
2182 2786 2551 2844 ducentesimo
2570 2788 2850 2858 trigesimo
2871 2795 3026 2844 sexto
3046 2787 3199 2860 regni
3221 2785 3417 2844 Persa-

132 2868 318 2928 ‘mades
352 2884 570 2945 septem,
601 2884 649 2931 et
700 2874 1053 2931 hebdomades
1079 2876 1350 2947 sexaginta
1401 2876 1522 2930 dum
1540 2872 1719 2946 '(Dan.
1823 2890 1966 2942 rum,
1984 2878 2127 2947 quod
2152 2878 2583 2949 cmperatprimo
2602 2895 2745 2937 anno
2759 2878 3121 2953 Olympiadis;
3150 2894 3259 2950 quo
3280 2887 3417 2937 tem-

128 2966 223 3032 'tx,
246 2958 317 3021 '23
339 2972 389 3020 et
414 2964 589 3039 seq.)?
1812 2974 1956 3037 'pore
1996 2967 2171 3040 Cyrus
2190 2974 2300 3025 'rex
2339 2966 2634 3026 Persarum
2663 2967 2991 3043 Babylonios
3029 2969 3420 3040 Chaldaaosque

216 3055 338 3115 litae
363 3065 417 3113 et
463 3070 575 3115 non
618 3057 823 3116 frustra
874 3067 931 3116 et
979 3060 1184 3130 absque
1236 3058 1591 3129 mspiratione
1624 3054 1726 3111 Dei
1827 3058 2120 3127 superavit,
2152 3066 2207 3114 et
2231 3067 2353 3130 post
2380 3068 2612 3116 mortem
2636 3058 2803 3117 Jadus
2840 3061 3158 3128 sacerdotis,
3192 3061 3283 3131 qui
3318 3059 3419 3117 sub

136 3148 387 3221 angelum
429 3151 778 3222 respondisse
816 3148 1166 3207 manifestum
1210 3158 1295 3207 est
1327 3168 1341 3205 :
1373 3164 1495 3221 quae
1545 3147 1727 3204 obser-
1814 3149 2135 3207 Alexandro
2199 3152 2399 3224 templo
2447 3152 2700 3224 prmfuit,
2762 3154 2997 3225 suscepit
3044 3152 3420 3227 pontificatum

124 3241 288 3297 ’vatio
322 3250 533 3299 cautam
564 3252 726 3315 atque
754 3242 1039 3301 sdilicitam
1089 3228 1304 3300 videtur
1331 3250 1588 3311 expetere
1637 3254 1795 3317 rat-4
1828 3240 2013 3308 Onias,
2054 3257 2159 3312 quo
2192 3250 2437 3314 tempore
2465 3242 2739 3309 Seleucus,
2791 3245 3074 3317 subjugata
3123 3244 3416 3317 Babylone,

118 3326 362 3403 'tionem,
410 3344 469 3391 ut
508 3294 683 3392 lectdr
718 3336 1005 3409 diligenter
1030 3337 1295 3405 attendat,
1325 3344 1382 3392 et
1404 3294 1600 3391 rcausas
1644 3294 1797 3389 di-c
1829 3294 2086 3388 diadema
2114 3333 2276 3388 totius
2299 3294 2441 3388 isne
2469 3332 2630 3405 capiti
2657 3349 2754 3391 suo
2781 3294 3056 3405 impiosluit.

112 3420 363 3482 ’visiouis
389 3425 645 3498 inquirat,
676 3429 733 3483 in
772 3440 838 3483 eo
865 3427 1010 3499 quod
1055 3427 1279 3498 angelus
1318 3426 1394 3481 ait
1433 3443 1446 3480 :
1479 3424 1555 3479 Ab
1583 3423 1727 3479 exitu
1898 3424 2056 3480 Anno
2077 3425 2399 3481 duodecimo
2415 3425 2607 3480 mortis
2628 3424 2941 3493 Alexandri,
2969 3426 3024 3480 in
3044 3426 3188 3498 quod
3208 3431 3423 3494 tempus

135 3517 393 3573 sermonis
431 3526 489 3572 ut
542 3522 919 3590 respondeatur
958 3525 1007 3574 et
1062 3517 1354 3589 xdiﬁcetur
1392 3512 1727 3571 Hierusalem
1830 3523 2394 3587 supputanturomnes
2410 3514 3053 3587 anniaCyriimper—io,cc
3068 3515 3424 3589 quadraginta

135 3625 307 3683 usque
335 3613 402 3666 ad
428 3611 695 3669 Christum
718 3613 905 3669 ducem
936 3612 1102 3687 (Ibid.
1129 3612 1247 3686 25).
1830 3615 1975 3675 octo,
2008 3622 2075 3663 ex
2100 3621 2205 3677 qua
2236 3614 2395 3663 tetate
2424 3606 2704 3678 Scriptura
2734 3606 3165 3664 Machabaeorum
3195 3621 3424 3679 regnum

220 3700 334 3759 Non
374 3703 507 3762 alios
542 3706 874 3763 arbitramur
917 3722 1080 3778 quam
1127 3706 1421 3780 principes,
1469 3703 1562 3775 qui
1606 3710 1731 3777 post
1818 3696 2465 3754 ‘Grtecorum‘enumerat.
2483 3697 2612 3754 Post
2633 3697 2824 3755 Oniam
2843 3697 3061 3770 praefuit
3076 3696 3279 3754 Iudaais
3296 3712 3428 3768 pon-

134 3793 290 3853 hanc
324 3796 660 3867 prophetiam
690 3805 746 3852 et
783 3796 1151 3853 reversionem
1188 3796 1256 3853 de
1284 3792 1558 3870 Babylone
1577 3835 1594 3863 ,
1636 3790 1730 3850 Ju-
1814 3791 1966 3847 1il'ex
1992 3790 2303 3858 Eleazarus,
2322 3807 2430 3862 quo
2445 3782 2689 3861 tempore
2710 3806 2817 3847 ιιι
2836 3793 3160 3861 interpretes
3180 3789 3428 3860 Scriptu-

136 3878 303 3940 daico
324 3884 520 3957 populo
567 3887 917 3959 praefuerunt.
967 3886 1082 3945 Hoc
1131 3896 1214 3943 est
1257 3888 1559 3960 pontiﬁces,
1594 3901 1734 3958 quos
1833 3900 1926 3941 ras
1953 3893 2170 3941 sanctas
2198 3884 2538 3943 Alexandria:
2584 3887 2638 3941 in
2674 3885 2929 3942 Grzecum
2972 3885 3158 3941 dicunt
3200 3883 3431 3940 vertisse

133 3974 379 4031 christos
400 3976 468 4031 ab
504 3991 571 4032 eo
608 3978 753 4049 quod
803 3986 996 4035 unctos
1042 3976 1323 4049 Scriptura
1367 3975 1730 4048 cognominat,
1836 3990 2161 4033 sermonem.
2188 3974 2317 4034 Post
2347 3984 2510 4049 quem
2542 3975 2892 4045 alter'Onias,
2931 3979 3018 4034 cui
3050 3975 3311 4035 successit
3343 3974 3430 4031 Si-

135 4070 376 4139 quorum
405 4069 658 4142 princeps
698 4069 800 4127 fuit
823 4068 982 4129 Iesus
1020 4071 1163 4128 ﬁlius
1202 4070 1429 4129 Iosedec
1479 4070 1735 4127 sacerdos
1836 4082 2119 4139 mon;quo
2136 4065 2824 4140 regentepopulum,Iesus
2838 4066 3192 4123 ﬁlins'Sirach
3211 4064 3431 4135 scripsit

134 4172 398 4229 magnus,
441 4168 498 4216 et
534 4162 627 4232 qui
660 4158 882 4217 'fueruut
902 4177 1073 4234 usque
1093 4160 1163 4217 ad
1202 4162 1492 4217 adventum
1519 4158 1736 4215 Domini
1837 4158 2036 4216 librum
2061 4162 2151 4231 qui
2175 4160 2363 4216 Graece
2392 4160 2662 4215 Panarcth
2687 4159 3008 4229 appellatur.
3038 4157 3136 4213 Cui
3166 4156 3431 4213 successit

110 4234 449 4308 ‘Salva'toris
472 4291 488 4319 ,
533 4250 743 4323 hosque
784 4252 1054 4327 signiﬁcat
1095 4252 1413 4308 vaticinium
1460 4252 1739 4323 prophetat
1818 4250 1894 4306 in
1925 4251 2303 4321 pontiﬁcatum
2328 4250 2465 4306 alius
2495 4248 2689 4315 Onias;
2728 4264 2835 4319 quo
2863 4258 3105 4320 tempore
3131 4240 3433 4304 Antiochus

130 4342 338 4398 'dicens
364 4359 376 4397 :
407 4341 484 4397 Ab
512 4344 654 4398 exitu
682 4343 935 4399 sermonis
980 4352 1037 4397 ut
1068 4343 1443 4415 respondeatur
1477 4350 1525 4397 et
1570 4340 1741 4412 wdiﬁ—
1841 4342 2057 4400 Iudaeos
2079 4344 2183 4399 diis
2209 4345 2450 4415 gentium
2478 4342 2756 4400 immolare
2777 4344 3024 4415 cogebat.
3052 4340 3169 4409 Quo
3194 4350 3431 4409 mortuo,

114 4438 297 4490 ’θείαν
336 4430 671 4489 Hierusalem
696 4436 861 4507 usque
892 4434 961 4489 ad
1005 4432 1270 4490 Christum
1300 4434 1514 4499 ducem,
1549 4431 1743 4488 hebdo-
1842 4435 2009 4491 Iudas
2038 4434 2399 4492 ‘Machabaaus
2437 4436 2688 4507 purgavit
2729 4434 3009 4506 templum,
3040 4434 3120 4490 ‘et
3167 4433 3436 4490 idolorum

114 4519 437 4580 ‘mades'm
487 4534 536 4580 et
586 4524 933 4581 hebdomades
962 4540 1034 4580 ιι
1062 4534 1109 4579 et
1158 4524 1317 4592 dux;
1350 4524 1405 4579 id
1433 4532 1518 4581 est
1562 4531 1622 4579 ut
1665 4537 1741 4578 vn
1844 4526 2136 4582 simulacra
2158 4528 2432 4584 contrivit.
2461 4528 2560 4585 Cui
2597 4528 2860 4584 successit
2885 4525 3054 4582 frater
3073 4524 3353 4591 Ionathas,
3381 4532 3440 4585 et

96 4602 521 4687 i'hebdomades
584 4629 640 4679 et
708 4631 895 4694 postea
962 4639 1075 4681 Lm
1132 4638 1252 4693 qua;
1308 4622 1512 4683 faciunt
1572 4638 1743 4679 annos
1770 4668 1825 4694 π
1846 4626 1969 4689 post
1999 4635 2123 4675 eum
2158 4621 2299 4676 rexit
2324 4621 2582 4692 populum
2613 4621 2799 4677 Simon
2842 4620 3011 4676 [later
3033 4619 3334 4690 utriusque.
3376 4616 3441 4673 tu

126 4721 497 4769 caecutme
536 4729 569 4769 a
615 4713 758 4786 Cyro
808 4722 1165 4771 numerentur
1196 4734 1209 4769 :
1239 4732 1304 4772 ac
1358 4732 1427 4771 ne
1461 4717 1745 4772 videamur
1770 4708 1826 4731 ν
1849 4708 2003 4780 cujus
2026 4719 2202 4768 morte
2229 4728 2475 4769 ccuxvn
2505 4714 2655 4784 regni
2679 4712 2852 4784 Syria:
2878 4712 3132 4779 impletus
3157 4716 3213 4763 et
3240 4721 3436 4776 annus,

100 4802 445 4877 ,procacem
473 4813 683 4862 tantum
711 4805 855 4864 ferre
898 4808 1243 4875 sententiam,
1273 4817 1327 4863 et
1358 4826 1465 4865 non
1511 4809 1745 4880 probare
1847 4812 1901 4859 et
1931 4818 2103 4876 usque
2132 4805 2199 4860 ad
2227 4808 2329 4861 hoc
2355 4813 2585 4877 tempus,
2619 4801 3049 4858 Μίιεῗιίὼποῑυω
3070 4800 3279 4873 Primus
3300 4792 3444 4858 “be?

102 4892 298 4977 'quod
324 4893 577 4962 dicimus,
606 4912 953 4953 numeremus
988 4914 1084 4955 eos
1106 4900 1198 4970 qui
1223 4908 1347 4969 post
1370 4897 1552 4956 Iesum
1578 4899 1747 4955 ﬁlium
1847 4894 2130 4951 historiam
2178 4895 2438 4961 continet,
2496 4900 2965 4965 supputanturque
3002 4908 3034 4946 a
3075 4892 3251 4964 primo
3297 4906 3442 4948 anno

123 4978 384 5040 Iosedec
414 4999 586 5055 usque
622 4986 691 5040 ad
731 4987 1019 5044 adventum
1057 4988 1353 5070 Salvatoris
1381 4992 1579 5063 populo
1603 5007 1747 5064 prte-
1830 4984 1977 5058 'Cyri
2007 4989 2150 5059 regis
2193 4986 2481 5043 Persarum
2522 5001 2695 5057 usque
2735 4987 2802 5042 ad
2836 4985 2998 5041 ﬁnem
3023 4984 3187 5056 primi
3220 4982 3440 5043 Macha-

104 5064 361 5131 fuerint
388 5070 610 5139 ChriSti,
647 5076 702 5133 id
733 5086 817 5135 est
860 5080 1009 5135 uncti
1047 5081 1104 5137 in
1121 5064 1483 5153 'pontiﬁcatu.
1534 5083 1750 5138 Primus
1850 5080 2090 5135 lucorum
2138 5080 2449 5150 voluminis,
2500 5092 2555 5140 et
2605 5086 2836 5138 mortem
2886 5075 3126 5133 Simonis
3171 5074 3449 5148 pontiﬁcis

118 5164 344 5236 igitur,
377 5175 442 5222 ut
475 5174 601 5223 ante
614 5162 730 5239 jam
758 5167 1013 5236 diximus,
1042 5182 1165 5240 post
1207 5174 1485 5231 Danihelis
1514 5177 1751 5247 pmphe-
1853 5170 1977 5224 anni
2010 5184 2265 5226 ccccxxv.
2298 5170 2428 5228 Post
2464 5188 2624 5245 quem
2666 5170 2939 5227 Iohannes
2959 5168 3135 5227 tenuit
3155 5166 3445 5240 pontiﬁca-

110 5260 290 5339 _tiam
305 5272 435 5328 quae
450 5255 591 5313 facta
616 5265 700 5313 est
729 5258 829 5315 sub
850 5256 992 5330 Cyro
1020 5274 1167 5329 rege,
1184 5262 1556 5331 postqnamm
1584 5267 1754 5336 Baby-
1853 5266 1968 5312 tum
2000 5260 2156 5314 annis
2190 5276 2338 5316 xxxx.
2374 5262 2491 5329 Quo
2514 5271 2748 5328 mortuo,
2794 5259 3135 5317 Aristobolus
3163 5276 3272 5316 uno
3301 5271 3445 5315 anno

110 5342 279 5409 Ione
306 5362 568 5405 reversus
592 5358 676 5406 est
699 5348 947 5422 populus,
992 5347 1150 5407 Iesus
1194 5351 1337 5409 ﬁlius
1387 5351 1614 5412 Iosedec
1652 5356 1755 5413 fuit
1853 5351 2071 5421 ρηΐυίι
2106 5353 2345 5423 populo:
2379 5356 2470 5425 qui
2515 5354 2723 5425 primus
2763 5352 3012 5409 reversus
3046 5354 3112 5410 de
3148 5353 3447 5426 Babylone,

112 5424 427 5501 bsacerdos
457 5440 685 5513 inagnus
722 5449 779 5497 et
817 5440 1117 5498 Zorobabel
1172 5441 1311 5500 ﬁlius
1343 5442 1621 5513 Salathiel,
1662 5448 1756 5520 qui
1859 5444 2105 5501 diadema
2142 5445 2351 5516 insigne
2384 5424 2547 5516 regite
2570 5444 2854 5516 potestatis
2883 5459 3008 5501 cum
3030 5445 3239 5501 honore
3265 5424 3448 5515 ponti-

114 5529 346 5685 :arfnpli
383 5528 1016 5602 fundamenta'jecerunt
1039 5572 1054 5598 ,
1102 5531 1469 5605 impeditoque
1517 5548 1679 5609 Opere
1723 5553 1757 5594 a
1859 5540 2050 5599 licatus
2100 5539 2417 5611 adsumpsit.
2465 5537 2635 5609 Hujus
2671 5554 2951 5596 successor
2992 5536 3095 5595 fuit
3141 5530 3448 5595 Alexander

292 5618 463 5679 aritis
499 5631 557 5678 et
590 5622 724 5680 aliis
765 5622 821 5680 in
874 5623 1102 5680 circuitu
1152 5624 1500 5685 nationibus.
1551 5635 1759 5685 sentem
1858 5647 1955 5685 rex
1997 5631 2204 5685 pariter
2253 5639 2308 5685 et
2353 5629 2613 5685 pontifex.
2664 5628 2756 5685 oui
2803 5629 2943 5685 rexit
2991 5624 3248 5685 nonulum
3291 5622 3448 5685 annis

292 5618 463 5679 aritis
499 5631 557 5678 et
590 5622 724 5680 aliis
765 5622 821 5680 in
874 5623 1102 5680 circuitu
1152 5624 1500 5695 nationibus,
1551 5635 1759 5697 septem
1858 5647 1955 5688 rex
1997 5631 2204 5702 pariter
2253 5639 2308 5686 et
2352 5629 2613 5702 pontifex,
2664 5628 2756 5703 qui
2803 5629 2943 5685 rexit
2991 5624 3248 5702 populum
3291 5622 3450 5687 annis

116 5696 638 5813 Pebdomdarum
672 5715 806 5813 anni
843 5708 1099 5813 completi
1142 5722 1286 5786 Sunt,
1318 5718 1375 5774 id
1400 5726 1484 5775 est
1520 5696 1759 5790 quadra-
1862 5696 2029 5790 xxvri,
2063 5733 2119 5781 et
2146 5696 2407 5781 hactenus
2440 5739 2472 5780 a
2496 5696 2841 5796 primo-anno
2870 5696 3014 5798 regis
3039 5696 3166 5794 Cyri
3194 5730 3251 5778 et
3278 5720 3451 5792 capti-

120 5804 312 5909 iginta
364 5804 571 5861 novem
597 5804 794 5877 quibus
834 5805 1216 5909 imperfectum
1254 5825 1391 5881 opus
1412 5809 1594 5883 templi
1626 5809 1758 5909 ‘l'uit,
1862 5831 2053 5874 vorum
2091 5816 2290 5884 reditu,
2318 5816 2409 5888 qui
2436 5815 2492 5872 in
2515 5814 2754 5873 Iudaeam
2783 5814 2971 5873 venire
2992 5811 3295 5878 voluerunt,
3321 5812 3452 5869 sub-

130 5902 206 5961 et
239 5898 399 5972 quas
422 5899 706 5973 prophetia
727 5897 1305 5977 aireliquis‘sexagiuta
1329 5904 1538 5962 duobus
1558 5898 1763 5963 hebdo-
1854 5912 2126 5980 putantur
2140 5910 2267 5967 anni
2294 5925 2651 5976 ccccuxxm,
2677 5921 2813 5979 quos
2836 5921 2907 5962 vn
2932 5913 2987 5962 et
3009 5918 3079 5963 ιι
3099 5902 3219 5963 duae
3246 5900 3451 5962 hebdo-
