3950 6308
475 411 624 508 assii

1758 424 1965 490 rem
1982 384 2482 483 "Anemonem

3619 404 3756 464 {568

473 561 678 623 mades,
717 554 772 612 id
794 539 1030 614 esftmt
1052 537 1229 607 simul
1250 529 1512 615 efﬁciunt,
1535 528 1715 603 ethoc
1743 545 1891 602 omni
1920 551 2057 598 tem-
2084 541 2136 598 Α
2162 551 2286 594 care
2315 535 2494 592 conati
2519 538 2646 590 sunt
2669 527 3076 604 prohibentibus
3103 525 3159 582 in
3181 523 3414 582 circuitu
3434 523 3757 578 nationibus

473 668 606 728 pore
648 648 930 720 pontiﬁces
967 652 1222 700 rexerunt
1258 641 1514 712 pupulum
1541 639 1888 704 Judaeorum;
1922 650 2058 705 quos

391 748 398 754 ’
473 761 577 816 ego
603 758 746 799 nunc
774 740 1008 795 arbitror
1037 736 1217 791 vocari
1245 737 1476 790 chi-istos
1510 735 1700 789 duces.-
1729 733 1939 787 Mortuo
1965 747 2062 786 au-

475 841 592 892 tem
621 832 914 888 novissimo
950 843 1138 882 eorum
1181 825 1507 890 Alexandro,
1540 826 1644 880 huc
1665 832 1826 893 atque
1853 823 1978 878 illuc
2008 823 2064 876 in

477 927 659 980 varias
688 929 869 992 partes
897 920 1099 989 absque
1143 917 1250 972 ullo
1296 917 1431 971 duce
1479 931 1610 985 gens
1635 914 1944 969 Judteorum
1981 927 2065 967 se-

480 1014 774 1072 ditionibus
795 1011 1090 1065 vexabatur
1117 1009 1170 1062 in
1196 1016 1425 1070 tantum,
1459 1015 1518 1060 ut
1542 1006 1847 1060 Alexandra
1872 1019 1990 1074 qua:
2011 1009 2066 1057 et

481 1107 665 1164 Salina
691 1105 1003 1163 vocabatur,
1036 1100 1273 1170 ejusdem
1296 1098 1770 1162 Alexandri'uxor,
1799 1096 2066 1151 obtineret

480 1196 786 1268 imperium,
820 1201 873 1247 et
899 1191 1271 1262 pontiﬁcatum
1296 1189 1513 1258 quidem
1555 1188 1789 1242 llireano
1837 1186 1946 1240 ﬁlio
1976 1201 2066 1240 re—

479 1267 738 1351 servaret,
792 1281 1100 1339 Aristobulo
1129 1288 1310 1336 autem
1349 1279 1505 1333 alteri
1541 1278 1650 1334 ﬁlio
1699 1291 1922 1348 regnum
1951 1282 2066 1329 tra-

481 1380 650 1445 deret,
676 1375 820 1447 quod
849 1373 1084 1430 obtinuit
1117 1371 1274 1426 annis
1299 1386 1350 1424 x.
1385 1368 1756 1439 Pugnantibus
1781 1374 1961 1420 autem
1987 1365 2070 1418 in-

399 1494 404 1499 ι
479 1480 567 1526 ter
585 1486 644 1525 se
667 1468 922 1523 intestina
946 1465 1212 1520 seditione
1237 1462 1526 1534 germanis,
1550 1469 1604 1516 et
1630 1469 1841 1530 gentem
1864 1456 2070 1514 Iudaeo-

482 1576 603 1616 rum
629 1560 805 1616 studia
843 1557 1202 1622 trahentibus,
1236 1553 1550 1625 supervenit
1578 1551 1759 1607 Gneus
1783 1550 2071 1620 Pompeius

482 1655 589 1710 dux
632 1653 862 1710 Romani
907 1649 1208 1714 exercitus,
1263 1655 1584 1718 captamque
1639 1643 2072 1715 Hierosolymam

481 1761 652 1816 usque
671 1746 739 1800 ad
765 1745 927 1816 adyta
942 1743 1128 1813 templi
1159 1743 1434 1814 ingressus
1459 1750 1562 1804 est,
1591 1755 1710 1811 quae
1738 1740 2075 1796 vocabantur

484 1837 683 1893 Sancta
707 1836 1050 1901 Sanctorum,
1075 1834 1426 1904 vinctumque
1451 1833 1819 1888 Aristobolum
1843 1831 2073 1887 Romam

483 1928 654 1992 misit,
695 1941 917 1982 servans
945 1925 1218 1995 triumpho
1267 1895 1384 1990 suo,
1435 1931 1491 1978 et
1528 1923 1897 1994 pontiﬁcatum
1949 1921 2075 1976 Hir-
2103 1895 2148 1955 Β

484 2034 623 2074 cano
652 2017 872 2072 tradidit
900 2015 1054 2070 fratri
1091 2014 1224 2084 ejus.
1258 2015 1410 2070 Tunc
1443 2015 1678 2085 primum
1709 2029 1843 2085 gens
1871 2013 2077 2069 Judmo-

482 2129 607 2168 rum
638 2111 897 2166 Romanis
922 2109 1062 2166 facta
1085 2117 1170 2166 est
1205 2109 1516 2165 tributaria.
1563 2109 1692 2165 Post
1719 2123 1877 2179 quem
1909 2108 2077 2163 Hero.

484 2205 582 2260 des
626 2204 768 2259 ﬁlius
817 2202 1126 2272 Antipatri,
1188 2200 1474 2257 interfecto
1525 2201 1796 2268 Hircano,
1852 2215 2077 2270 regnum

485 2295 794 2353 Judaeorum
821 2295 1294 2351 senatusconsulto
1337 2295 1562 2364 accepit,
1611 2302 1667 2350 et
1701 2293 1910 2364 primus
1950 2293 2078 2348 alie-

485 2391 681 2462 nigena
706 2387 907 2444 Iudaeis
930 2386 1167 2458 praefuit.
1210 2387 1338 2442 Haec
1371 2395 1430 2442 ut
1473 2402 1572 2442 nos
1610 2386 1885 2472 potuimps
1911 2399 2079 2454 expo-

487 2483 714 2539 suimus.
763 2480 923 2535 Ponit
989 2488 1045 2535 et
1086 2480 1247 2534 aliam
1313 2479 1580 2534 Eusebius
1627 2478 2079 2548 explanationem,

488 2592 652 2648 quam
687 2577 733 2630 si
762 2574 1092 2630 voluerimus
1125 2574 1180 2629 in
1207 2573 1466 2629 Latinum
1513 2587 1819 2628 sermonem
1847 2577 2078 2634 vertere,

490 2669 844 2724 extendemus
889 2667 1015 2723 libri
1056 2667 1501 2738 magnitudinem.
1554 2665 1679 2720 Haec
1710 2671 1793 2718 est
1839 2677 1968 2729 ergo
1996 2661 2081 2714 in-

490 2761 896 2832 terpretationis
919 2758 1036 2828 ejus
1060 2759 1346 2814 sententia.

564 2853 606 2906 A
639 2861 792 2907 sexto
822 2867 963 2905 anno
992 2849 1157 2914 Darii,
1180 2849 1272 2917 qui
1303 2855 1426 2916 post
1453 2845 1654 2917 Cyrum
1684 2852 1738 2899 et
1776 2842 2084 2896 Gambisem

491 2943 665 2999 ﬁlium
688 2941 805 3011 ejus
833 2941 1081 3012 regnavit
1116 2940 1170 2994 in
1205 2939 1408 3004 Persis,
1436 2937 1650 3007 quando
1694 2934 1878 3005 templi
1920 2947 2086 3002 opera

495 3042 870 3091 consummata
915 3039 1058 3097 sunt,
1107 3046 1279 3101 usque
1326 3031 1393 3085 ad
1440 3030 1706 3085 Herodem
1736 3037 1791 3082 et
1817 3026 2090 3096 Caesarem

495 3125 818 3196 Augustum,
849 3130 1102 3180 numerat
1128 3122 1495 3178 hebdomadas
1522 3129 1728 3190 septem
1757 3127 1812 3174 et
1839 3135 1907 3174 ωε
1931 3118 2085 3182 duas,

497 3232 618 3288 quae
657 3215 863 3270 faciunt
910 3229 1081 3270 annos
1121 3227 1480 3277 ccccuxxxm,
1512 3210 1725 3279 quando
1748 3209 2002 3272 Christus,
2032 3206 2089 3260 id

499 3318 586 3366 est
605 3310 872 3366 Hireanus
905 3308 1231 3363 novissimus
1274 3305 1515 3376 pontifex
1557 3306 1623 3360 de
1648 3319 1844 3375 genere
1873 3303 2091 3357 Macha-
2119 3353 2122 3357 _

499 3403 743 3458 [morum
772 3403 840 3458 ab
883 3400 1097 3456 Herode
1129 3397 1407 3469 jugulatus
1444 3405 1548 3463 est,
1587 3407 1642 3453 et
1680 3397 1911 3453 cessavit
1943 3394 2097 3463 juxta
2183 3456 2185 3458 η

501 3493 676 3566 legem
701 3495 1016 3565 pontiﬁcum
1044 3491 1138 3547 Dei
1168 3492 1460 3549 successio.
1492 3490 1781 3545 Africanus
1826 3490 1883 3543 in
1909 3488 2099 3557 quinto

501 3596 814 3658 temporum
835 3585 1109 3641 volumine
1133 3585 1201 3640 de
1233 3601 1336 3641 Lxx
1359 3583 1786 3640 hebdomadibus
1806 3582 1924 3636 haec
1953 3580 2101 3635 locu-

506 3687 598 3734 tus
655 3687 740 3733 est
783 3696 795 3731 :
847 3696 866 3729 ‹
919 3676 1228 3746 Capitulum
1285 3676 1431 3746 quod
1483 3675 1541 3730 in
1588 3673 1847 3729 Danihele
1891 3673 1956 3728 de
1996 3687 2104 3728 Lxx

505 3769 935 3826 hebdomadibus
980 3769 1208 3839 legimus
1261 3770 1433 3824 multa
1478 3776 1534 3822 et
1581 3766 1919 3822 admirabilia
1967 3781 2104 3820 con-

508 3862 668 3927 tinet,
705 3869 759 3915 et
795 3876 913 3929 quae
955 3875 1099 3915 nunc
1136 3859 1358 3930 longum
1400 3865 1484 3914 est
1536 3859 1732 3914 dicere.
1781 3857 1924 3927 Ergo
1963 3855 2106 3924 quod

511 3953 580 4006 ad
621 3965 858 4020 praesens
885 3967 1020 4022 opus
1053 3950 1312 4022 pertinet,
1353 3950 1421 4006 de
1468 3949 1799 4018 temporibus
1839 3947 2108 4002 disseren-

516 4045 645 4098 dum
673 4051 786 4109 est;
820 4043 1060 4113 nullique
1100 4041 1321 4098 dubium
1353 4040 1485 4111 quin
1514 4041 1580 4094 de
1629 4039 1865 4094 adventu
1906 4035 2109 4092 Christi

503 4134 828 4204 praedicatio
851 4136 938 4198 sit,
973 4136 1066 4204 qui
1106 4141 1229 4205 post
1255 4149 1360 4189 Lxx
1387 4133 1752 4189 hebdomadas
1791 4132 1991 4185 mundo
2018 4145 2110 4200 ap-

513 4227 715 4296 paruit,
739 4234 859 4295 post
879 4239 1042 4296 quem
1071 4232 1443 4298 consummata
1469 4230 1595 4278 sunt
1623 4222 1837 4287 delicta,
1878 4229 1933 4276 et
1949 4221 2111 4275 ﬁnem

515 4317 724 4386 accepit
749 4326 1052 4386 peceatum,
1081 4323 1135 4371 et
1167 4317 1342 4371 deleta
1383 4322 1468 4371 est
1507 4314 1783 4382 iniquitas,
1811 4321 1865 4367 et
1903 4328 2110 4366 annun-

514 4408 649 4463 tiata
684 4407 893 4477 justitia
935 4407 1284 4476 sempiterna,
1315 4421 1434 4476 quae
1462 4405 1597 4476 legis
1624 4404 1892 4472 justitiam
1933 4403 2114 4457 vince-

516 4509 602 4555 ret
625 4510 680 4555 et
711 4499 931 4569 impleta
960 4506 1045 4554 est
1069 4497 1208 4553 visio
1235 4505 1302 4550 et.
1317 4496 1622 4565 prophetia,
1655 4495 1782 4563 quia
1809 4493 1894 4549 lex
1915 4500 1972 4547 et
1992 4505 2114 4560 pro-

513 4590 694 4658 phetae
739 4603 909 4659 usque
964 4588 1032 4643 ad
1074 4583 1376 4642 Johannem
1408 4586 1725 4653 Baptistam.

595 4699 615 4731 ι
647 4683 788 4734 Dicit
815 4690 997 4736 autem
1025 4681 1141 4750 ipse
1162 4679 1382 4748 angelus
1404 4692 1509 4733 Lxx
1537 4691 1801 4731 annorum
1821 4661 2108 4729 hebdoma-

520 4774 638 4837 das,
675 4771 729 4826 id
763 4778 847 4825 est
892 4784 1062 4824 annos
1103 4785 1298 4824 ccccxc
1341 4770 1409 4824 ab
1443 4767 1591 4821 exitu
1622 4765 1906 4830 sermonis,
1935 4771 1994 4817 ut
2018 4777 2108 4816 re-

520 4865 850 4933 spondeatur
869 4870 923 4918 et
945 4870 1005 4916 ut
1032 4860 1328 4916 aediﬁcetur
1355 4859 1655 4916 Jerusalem
1679 4859 1992 4914 vicesimum
2016 4852 2112 4910 Ar-

521 4957 764 5011 taxerxis
795 4955 938 5026 regis
973 4953 1261 5008 Persarum
1295 4969 1496 5008 annum
1531 4952 1732 5007 habere
1763 4948 2110 5020 principium.

519 5047 773 5103 Neemias
794 5048 991 5118 quippe
1024 5046 1184 5116 hujus
1209 5047 1488 5116 pincerna;
1520 5047 1661 5101 sicut
1686 5044 1742 5098 in
1767 5043 1951 5098 Esdraa
1978 5042 2116 5097 libro

525 5137 783 5207 legimus,
824 5140 1031 5211 rogavit
1080 5155 1281 5210 regem,
1339 5136 1653 5207 accepitque
1696 5148 2017 5203 responsum
2057 5139 2120 5186 ut

527 5233 883 5290 aediﬁcaretur
918 5230 1286 5296 Hierusalem;
1319 5238 1375 5284 et
1402 5229 1503 5283 iste
1532 5240 1781 5296 egressus
1809 5231 1892 5278 est
1917 5235 2117 5288 sermo,

529 5327 622 5396 qui
665 5326 975 5380 extruendte
1008 5324 1158 5378 urbis
1192 5331 1248 5377 et
1292 5319 1691 5378 circumdandae
1738 5317 1910 5372 muris
1967 5314 2122 5368 daret

531 5417 826 5480 licentiam,
853 5429 972 5483 quae
993 5429 1162 5482 usque
1185 5413 1253 5468 ad
1287 5413 1416 5468 illud
1441 5421 1652 5479 tempus
1672 5407 1975 5463 vicinarum
2000 5416 2124 5473 gen-

531 5511 669 5565 tium
693 5507 912 5578 patebat
933 5505 1260 5559 incursibus.
1295 5505 1577 5574 Siquidem
1607 5501 1675 5555 ad
1703 5498 1831 5570 Cyri
1854 5495 1997 5566 regis
2022 5494 2126 5548 im-

532 5599 764 5670 perium,
803 5594 895 5665 qui
930 5593 1235 5649 volentibus
1270 5595 1468 5649 reverti
1503 5589 1935 5659 Hierosolymam
1970 5586 2130 5642 dede-

534 5698 624 5747 rat
651 5694 994 5762 potestatem,
1019 5682 1176 5740 Jesus
1200 5684 1441 5754 pontifex
1462 5692 1516 5738 et
1541 5679 1842 5737 Zorobabel
1864 5685 1918 5733 et
1941 5683 2132 5749 postea

537 5778 743 5838 Esdras
785 5779 1039 5838 sacerdos
1084 5783 1140 5833 et
1186 5776 1386 5839 exteri,
1427 5775 1518 5845 qui
1567 5788 1688 5829 cum
1742 5771 1822 5827 eis
1862 5765 2132 5840 proﬁcisci

2161 646 2231 687 ne
2274 629 2584 698 impleretur
2627 639 2778 694 opus,
2828 621 2983 691 quasi
3027 620 3132 674 hoc
3169 633 3262 674 rex
3309 632 3421 671 non
3477 613 3758 684 iussisset.

2164 721 2357 777 Mansit
2408 721 2590 788 itaque
2636 713 3006 786 imperfectum
3053 725 3188 779 opus
3227 720 3399 777 usque
3452 705 3529 759 ad
3584 702 3756 758 Nebr-

2163 813 2348 876 miam,
2376 820 2431 864 et
2470 808 2785 863 vicesimum
2832 818 3032 858 annum
3074 801 3219 870 regis
3254 794 3628 852 Artaxerxis:
3663 809 3762 863 quo

2168 913 2408 973 tempore
2435 903 2584 970 regni
2610 899 2896 954 Persarum
2917 905 3138 951 centum
3181 902 3237 948 et
3273 908 3343 946 xv
3380 891 3519 946 anni
3552 888 3762 943 fuerant

2152 997 2423 1064 obvoluti,
2469 993 2795 1064 captivitatis
2830 998 3009 1045 autem
3048 986 3390 1043 Hierusalem
3426 999 3619 1041 ειμι
3657 992 3708 1036 et
3732 997 3762 1032 τ

2169 1105 2341 1145 annus
2368 1096 2506 1153 erat,
2537 1096 2591 1142 et
2616 1095 2745 1141 tunc
2770 1085 3004 1154 primum
3028 1082 3361 1136 Artaxerxes
3388 1077 3562 1147 jussit
3589 1089 3762 1128 muns

2169 1181 2346 1235 extrui
2388 1177 2766 1233 Hierusalem:
2806 1174 2894 1230 cui
2934 1172 3084 1243 operi
3125 1171 3343 1242 przefuit
3394 1168 3679 1232 Neemias,
3717 1175 3765 1218 et

2169 1270 2432 1326 aediﬁcata
2459 1277 2542 1324 est
2569 1268 2765 1338 platea,
2816 1273 2872 1320 et
2913 1264 3055 1318 muri
3081 1262 3442 1326 circumdati;
3489 1269 3550 1314 et
3587 1275 3654 1312 ex
3685 1258 3762 1311 illo

2170 1373 2410 1434 tempore
2429 1364 2474 1419 si
2499 1375 2786 1418 numerare
2806 1359 2940 1414 velis
2965 1374 3072 1414 Lxx
3095 1371 3366 1412 annorum
3398 1352 3765 1410 hebdomadas

2171 1473 2342 1530 usque
2370 1458 2438 1512 ad
2471 1456 2775 1521 Christum,
2819 1453 3024 1523 poteris
3071 1451 3358 1515 invenire;
3403 1447 3562 1518 quod
3592 1447 3638 1501 si
3673 1446 3766 1500 ba~

2172 1570 2294 1610 rum
2314 1551 2640 1623 principium
2666 1549 2734 1603 ab
2766 1547 2858 1601 illo
2887 1555 3128 1615 tempore
3165 1540 3518 1626 voluerimus
3543 1551 3764 1601 sumere,

2174 1656 2229 1704 et
2274 1657 2516 1716 tempora
2555 1658 2666 1700 non
2705 1647 3057 1703 concurrent,
3110 1644 3166 1692 et
3209 1634 3390 1690 multa
3443 1633 3767 1701 reperiemus

2174 1737 2465 1794 contraria.
2497 1735 2635 1790 Nam
2661 1733 2704 1788 si
2749 1749 2780 1786 a
2805 1731 2947 1802 Cyro
2982 1737 3036 1784 et
3063 1727 3237 1797 prima
3265 1724 3396 1794 ejus
3426 1721 3763 1791 indulgentia,

2179 1846 2285 1902 qna
2310 1829 2620 1885 Iudaeorum
2645 1833 2729 1880 est
2750 1824 2932 1877 laxata
2954 1818 3259 1890 captivitas,
3286 1830 3402 1870 Lxx
3428 1821 3765 1867 numerentur

2177 1921 2558 1984 hebdomades,
2574 1926 2789 1974 centum
2804 1922 2860 1970 et
2879 1928 2943 1968 eo
2964 1910 3191 1979 amplius
3215 1905 3578 1962 inveniemus
3596 1917 3759 1965 annos,

2175 2015 2267 2085 qui
2296 2019 2560 2068 statutum
2584 2003 3045 2064 hebdomadarum
3087 1997 3365 2053 excedunt.
3409 2006 3683 2048 numerum
3709 1995 3761 2068 ei

2177 2105 2346 2162 multo
2370 2103 2513 2174 plus,
2551 2101 2598 2156 si
2635 2115 2702 2155 ex
2747 2112 2853 2166 qua
2884 2093 2968 2149 die
2991 2089 3238 2146 Daniheli
3266 2088 3503 2143 locutus
3527 2093 3612 2140 est
3629 2095 3767 2151 ange-

2178 2199 2281 2260 lus,
2313 2193 2648 2258 addeturque
2675 2184 2904 2255 amplior
2932 2194 3210 2244 numerus,
3239 2177 3289 2232 si
3324 2175 3671 2247 captivitatis
3694 2185 3770 2224 ex-

2179 2284 2394 2341 ordium
2422 2280 2657 2354 volueris
2691 2273 3147 2331 hebdomadarum
3191 2267 3412 2322 habere
3442 2262 3769 2354 principium.

2180 2352 2484 2431 Permansit
2508 2371 2651 2426 enim
2685 2379 2913 2436 regnum
2950 2362 3241 2418 Persarum
3269 2371 3461 2426 usque
3485 2356 3558 2409 ad
3583 2352 3772 2406 initium

2182 2465 2533 2522 Macedonum
2567 2459 2724 2516 annis
2752 2453 2999 2511 ducentis
3034 2451 3281 2521 triginta,
3318 2455 3379 2500 et
3408 2444 3519 2514 ipsi
3555 2441 3777 2498 Mawh-

2167 2542 2280 2628 :nes
2318 2559 2682 2626 regnaverunt
2723 2549 2878 2604 anuis
2921 2561 3015 2602 ccc
3057 2550 3220 2610 atque
3263 2538 3474 2593 exinde
3503 2548 3678 2603 usque
3720 2529 3776 2585 ad

2169 2624 2483 2717 annum—xv
2508 2643 2711 2700 Tiberii
2751 2638 2998 2703 Caesaris,
3025 2633 3241 2705 quando
3271 2645 3473 2702 passus
3501 2637 3591 2683 est
3633 2624 3783 2680 Chri-

2187 2749 2322 2808 stus,
2357 2742 2712 2792 numerantur
2749 2730 2874 2786 anni
2910 2743 3000 2792 ως,
3043 2724 3136 2797 qui
3181 2721 3351 2777 simul
3369 2718 3575 2773 faciunt
3614 2727 3786 2767 annm

2188 2806 2312 2894 nxc,
2339 2830 2416 2883 ita
2438 2835 2498 2882 ut
2521 2832 2740 2880 centum
2764 2817 3037 2890 supersint
3065 2812 3216 2868 anni.
3245 2810 3298 2864 A
3319 2806 3585 2863 vicesimo
3613 2812 3781 2856 autem

2189 2935 2330 2977 anno
2388 2915 2706 2973 Artaxerxis
2755 2911 2916 2981 regis,
2965 2919 3136 2975 usque
3165 2903 3233 2957 ad
3281 2899 3606 2955 Christum.
3652 2906 3784 2947 eom-

2189 3013 2407 3084 plentur
2451 3003 2817 3064 hebdomades
2873 3013 2980 3055 Lxx
3030 2995 3186 3065 juxta
3232 2991 3496 3084 lunarem

2176 3068 2314 3173 rum
2343 3096 2797 3168 subputationem,
2822 3089 2916 3160 qui
2943 3098 3158 3142 menses
3185 3097 3295 3137 non
3325 3079 3492 3149 juxta
3528 3073 3679 3136 solis,
3704 3068 3781 3124 sed

2185 3193 2341 3264 juxta
2367 3167 2507 3244 luna:
2531 3200 2754 3243 cursum
2796 3185 3098 3237 numerant.
3140 3174 3280 3228 Nam
3324 3186 3357 3224 a
3399 3167 3702 3224 centesimo
3741 3167 3785 3215 ε

2203 3554 2286 3609 dis
2316 3569 2487 3608 annus
2531 3557 2777 3620 quartus,
2827 3559 2998 3613 usque
3031 3541 3100 3595 ad
3135 3535 3579 3594 ducentesimam

2204 3651 2327 3706 dam
2349 3617 2746 3716 Olympiadem,
2775 3644 2831 3692 et
2857 3632 3152 3690 secundum
3195 3627 3444 3698 ejusdem
3467 3617 3786 3716 Olympiadis

2205 3752 2406 3793 annum
2417 3710 2737 3798 ‘Tiberiique
2763 3717 2994 3782 Caesaris
3024 3735 3222 3775 annum
3252 3717 3510 3786 quintum
3537 3710 3788 3765 deeimm

2206 3810 2532 3897 colliguntur
2559 3796 2686 3876 anni
2714 3829 3004 3878 ccccuxxv,
3032 3811 3123 3881 qui
3145 3807 3356 3864 faciunt
3382 3818 3559 3858 annos
3581 3796 3790 3855 Hebrai-

2207 3935 2303 3976 eos
2335 3931 2550 3979 ccccxc,
2571 3911 2726 3982 juxta
2755 3908 2990 3999 lunares,
3022 3911 3081 3956 ut
3124 3900 3393 3962 diximus,
3428 3908 3673 3956 menses,
3711 3887 3789 3959 qui

2210 4009 2507 4068 secundum
2533 4003 2751 4059 illorum
2773 3983 3206 4068 supputationem
3240 3993 3477 4060 possunt
3503 3983 3683 4039 facere
3708 3991 3791 4050 per

2211 4102 2452 4174 singulos
2495 4109 2712 4153 menses
2755 4092 2870 4148 dies
2906 4103 3035 4142 nix
3077 4081 3268 4148 semis,
3313 4081 3390 4135 ita
3439 4087 3504 4132 ut
3548 4075 3678 4131 solis
3701 4070 3792 4125 cir-

2212 4168 2366 4254 culus
2405 4209 2505 4264 per
2546 4183 2717 4244 annos
2751 4197 2947 4241 ccccxc
2986 4180 3106 4250 plus
3143 4175 3344 4230 habeat
3371 4171 3495 4227 dies
3522 4168 3794 4264 ccum-et

2213 4253 2464 4360 quartam
2491 4283 2595 4340 diei
2622 4286 2852 4350 partem,
2898 4281 2954 4328 et
2997 4286 3095 4342 per
3136 4265 3422 4324 duodecim
3460 4253 3796 4360 mensessin-

2215 4347 2462 4454 gulorum
2483 4347 2751 4430 annorum
2771 4380 2827 4422 ιι
2847 4365 2982 4429 dies,
3001 4370 3056 4418 et
3076 4365 3267 4430 quarta
3298 4355 3408 4411 diei
3430 4368 3568 4439 pars
3587 4347 3798 4447 amplius

2216 4449 2578 4546 reperiantur,
2613 4462 2755 4520 unde
2793 4456 2969 4515 Graeci
3009 4462 3067 4509 et
3120 4449 3288 4505 Judaei
3335 4461 3436 4546 pro
3486 4452 3614 4545 octo
3663 4449 3801 4536 anns

2141 4527 2385 4646 D‘trirum
2426 4556 2692 4614 mensium
2721 4545 3052 4604 embolismis
3097 4539 3320 4596 faciunt.
3372 4536 3430 4590 Si
3469 4535 3620 4588 enim
3653 4527 3802 4585 octies

2215 4654 2466 4711 undecim
2501 4658 2555 4704 et
2591 4653 2840 4721 quartam
2874 4645 3084 4710 partem
3129 4629 3367 4688 volueris
3396 4632 3721 4698 supputare,
3749 4629 3803 4671 xi:

2212 4753 2348 4816 dies,
2368 4750 2474 4804 hoc
2487 4751 2572 4800 est
2597 4751 2709 4796 tres
2730 4717 2947 4793 menses
2965 4728 3184 4794 eﬁicies,
3206 4734 3262 4780 et
3283 4725 3338 4778 in
3367 4733 3646 4776 ccccuxv

2212 4839 2478 4899 octonarii
2509 4833 2848 4906 reperientur
2877 4822 3001 4880 anni
3056 4834 3146 4876 ιιι
3187 4825 3244 4872 et
3281 4826 3503 4870 menses
3553 4817 3684 4872 tres,
3726 4801 3801 4872 qui

2216 4934 2378 4994 simul
2404 4901 2610 4986 faciunt
2632 4925 2754 4997 plus
2777 4921 3024 4974 minusve
3053 4923 3221 4966 annos
3245 4921 3336 4968 xv,
3357 4902 3449 4972 qui
3481 4901 3534 4955 si
3557 4905 3806 4954 εεεειιπ

2195 5017 2374 5086 annis
2395 5020 2635 5079 volueris
2656 5015 2853 5072 addere
2883 5024 3008 5073 ωας,
3035 5014 3298 5060 annorum
3325 4995 3501 5050 facies
3529 4989 3808 5046 hebdoma-

2220 5128 2338 5188 das,
2385 5123 2490 5178 hoc
2517 5124 2602 5173 est
2639 5109 2800 5169 simul
2827 5119 2996 5162 annos
3032 5113 3245 5157 ccccxc.
3298 5107 3318 5142 ι
3360 5088 3494 5143 Haec
3520 5086 3810 5142 Aﬁr-ianus

2222 5183 2618 5271 iisdemJei-his
2649 5217 2769 5269 quae
2793 5188 3161 5264 expressimus
3191 5183 3402 5238 locutus
3424 5187 3538 5233 est.

2295 5273 2548 5362 65.75uid
2571 5301 2654 5350 est
2673 5287 2816 5362 quod
2848 5283 2980 5340 dicit
3008 5299 3020 5335 :
3049 5273 3389 5345 Con/irritavit
3413 5280 3601 5326 autem

2197 5357 2404 5452 ‘multis
2419 5357 2805 5443 Nhebdomddas
2852 5392 2983 5438 una,
3029 5381 3078 5425 et
3120 5371 3176 5423 in
3217 5364 3438 5420 dimidio
3479 5357 3816 5417 hebetet-dis

2229 5486 2431 5557 deﬁciet
2455 5478 2625 5534 hostia
2651 5482 2699 5529 et
2727 5468 3047 5557 sacri/icium
3076 5461 3238 5533 (Dan.
3262 5455 3511 5557 tx,.27)‘;:

2303 5543 2395 5630 Sic
2415 5571 2803 5638 interpretatur
2828 5554 3112 5619 Eusebius,
3137 5548 3301 5621 quod,
3325 5543 3548 5600 Herode
3573 5545 3819 5638 regi-ama

2235 5669 2376 5741 apud
2408 5631 2643 5726 Iudaeos,
2675 5662 2732 5712 et
2767 5654 3008 5722 Augusto
3051 5642 3192 5715 apud
3234 5640 3566 5741 Romanos:
3581 5631 3820 5741 Christus

2234 5719 2394 5818 nlatus
2430 5756 2520 5820 sit,
2565 5749 2658 5821 qui
2697 5745 2870 5801 tribus
2913 5737 3069 5795 annis
3111 5741 3166 5790 et
3210 5745 3306 5787 sex
3354 5724 3648 5782 mensibus
3680 5719 3821 5788 juxta

538 5811 743 5838 nausia
785 5811 1039 5838 δαυσιυυδ
1084 5811 1140 5833 vi.
1186 5811 1386 5839 νυνιωι,
1427 5811 1518 5829 ιυι
1567 5811 1688 5829 υυιιι
1742 5811 1822 5827 νιν
1903 5811 2132 5826 -ννν-υν-
2237 5811 2390 5818 “ﬁnd
2507 5811 2518 5820 ,
2583 5811 2600 5821 .

538 5873 846 5943 volnerant,
874 5872 1132 5943 templum
1167 5878 1225 5928 et
1262 5811 1462 5925 urbem1
1489 5875 1546 5923 et
1582 5881 1770 5922 muros
1808 5811 1925 5932 est
1969 5857 2136 5917 aediﬁ-
2179 5926 2214 5934 ³
2237 5848 2623 5924 evangelistam
2651 5840 2986 5922 Johatglem,
3019 5823 3366 5899 Evanselium
3406 5813 3750 5892 Ρτπάίοπίι»
3777 5811 3821 5862 ⁸³
