3950 6308
194 422 335 496 ’ωσι

1335 439 1794 510 ΩΗᾸΞΒΤΙΟΝΕΞ
1826 444 1896 502 ΙΝ
1933 445 2303 502 DANIELEM.

3323 455 3463 516 i563

199 553 542 614 conﬁrmavit
581 550 679 608 Dei
722 553 922 610 cultum
951 568 967 610 :
1001 553 1184 610 multis
1228 555 1372 612 haud
1419 557 1659 623 dubium,
1685 558 1778 628 qui
1806 568 1892 626 Α.
1944 559 2040 628 67.
2065 559 2203 627 Quid
2222 568 2307 616 est
2328 558 2472 632 quod
2494 559 2607 616 ait:
2640 561 2792 618 Anno
2817 564 2972 620 tertio
3001 566 3128 637 Cyri
3165 569 3301 642 regis
3332 571 3462 629 Per-

199 646 260 707 iu
292 647 548 720 apostolis
584 656 638 702 et
675 647 1015 704 credentibus
1057 649 1271 718 quando
1315 656 1435 720 post
1473 649 1779 719 passionem

200 740 414 796 Domini
445 740 498 794 in
527 738 746 794 dimidia
772 755 989 795 rursum
1019 741 1352 796 hebdomade
1380 739 1575 795 defecit
1607 741 1782 796 hostia

199 841 257 888 et
282 829 629 887 sacriﬁcium.
656 830 906 901 Plerique
925 845 1088 886 unam
1110 832 1497 888 hebdomadem
1521 846 1783 885 annorum

198 924 257 979 in
288 937 392 978 Lxx
419 937 589 978 annos
625 923 936 989 extendunt,
971 931 1029 978 ut
1059 924 1136 978 ait
1163 924 1442 986 Eusebius,
1473 931 1529 978 et
1552 938 1649 992 per
1675 923 1786 978 sin-

198 1015 354 1087 gulos
401 1015 749 1070 hebdomadis
789 1030 960 1070 annos
1011 1015 1272 1071 decennio
1301 1023 1590 1086 supputato
1613 1023 1666 1070 et
1695 1030 1786 1068 vo-

197 1104 315 1159 lunt
348 1119 379 1159 a
417 1105 667 1176 passione
695 1103 895 1161 Christi
935 1121 1104 1177 usque
1144 1107 1211 1162 ad
1236 1107 1461 1164 Neronis
1500 1107 1785 1177 imperium

199 1213 372 1254 annos
420 1214 539 1254 esse
585 1214 726 1254 xxxv
773 1201 987 1269 quando
1036 1209 1224 1258 contra
1271 1199 1485 1256 Judaeos
1537 1201 1783 1255 Romana

196 1292 432 1364 primum
465 1306 617 1346 arma
647 1301 915 1349 commota
947 1301 1092 1357 sunt,
1123 1302 1177 1347 et
1200 1293 1338 1347 hanc
1364 1307 1482 1348 esse
1505 1291 1783 1348 dimidiam

197 1384 584 1440 hebdomadem
605 1399 867 1439 annorum
887 1400 1011 1439 Lxx.
1036 1382 1225 1439 Postea
1249 1398 1378 1440 vero
1397 1399 1428 1437 a
1451 1385 1783 1453 Vespasiano

196 1483 252 1532 et
279 1475 398 1530 Tito
418 1483 473 1530 et
494 1475 748 1546 deinceps
780 1476 994 1545 quando
1021 1475 1388 1546 Hierosolyma
1420 1475 1785 1545 templumque

196 1583 516 1624 succensum
540 1576 641 1633 est,
671 1582 842 1637 usque
867 1569 934 1623 ad
961 1567 1276 1636 Trajanum,
1306 1568 1440 1622 alios
1467 1582 1586 1622 esse
1614 1583 1784 1623 annos

195 1674 340 1713 xxxv
388 1666 444 1713 et
493 1658 629 1713 hanc
667 1672 788 1714 esse
835 1658 1248 1724 hebdomadem,
1302 1658 1368 1714 de
1407 1673 1512 1727 qua
1566 1657 1786 1728 angelus

195 1749 437 1822 loquitur
456 1751 722 1807 Daniheli.
1324 1760 1342 1774 '

173 1873 182 1906 ξ
266 1841 355 1897 66.
393 1841 534 1909 Quid
574 1850 659 1898 est
701 1845 844 1912 quod
883 1843 1015 1898 dicit
1066 1857 1082 1896 :
1127 1842 1369 1914 Intellige
1411 1850 1459 1895 et
1505 1842 1706 1912 conjice
1751 1861 1785 1898 a

191 1939 591 2009 prophetatione
612 1939 866 1992 sermonis
897 1939 1205 2009 respondere
1227 1953 1306 1990 me
1332 1937 1464 1990 tibi?

169 2060 177 2089 ε
269 2029 385 2084 Hoc
421 2037 476 2085 et
505 2043 536 2082 a
569 2028 746 2098 primo
778 2043 920 2084 anno
957 2029 1105 2083 Darii
1145 2019 1408 2083 debemus
1445 2035 1779 2098 computare,

190 2120 413 2190 quando
438 2120 580 2174 hanc
601 2118 736 2173 vidit
771 2119 1033 2176 visionem
1065 2117 1310 2174 Danihel.
1343 2118 1633 2173 Videamus
1659 2117 1786 2172 anni

190 2209 469 2278 quomodo
517 2208 844 2280 impleantur
887 2224 1060 2279 usque
1110 2207 1179 2263 ad
1227 2206 1512 2264 adventum
1559 2205 1780 2262 Christi.

187 2301 390 2357 Darius
417 2303 663 2372 regnavit
688 2303 846 2360 annis
873 2319 986 2368 xix,
1015 2296 1346 2358 Artaxerxes
1369 2319 1458 2368 XL,
1491 2302 1672 2358 Ochus
1691 2302 1784 2370 qui

187 2400 250 2447 et
277 2391 452 2462 Cyrus
489 2393 644 2447 annis
690 2408 800 2458 xiv,
849 2392 1027 2464 Argus
1056 2407 1198 2448 anno
1240 2409 1280 2458 ι,
1310 2391 1448 2447 alius
1472 2392 1667 2447 Darius
1691 2391 1784 2460 qui

185 2492 251 2540 et
269 2482 433 2538 Melas
467 2484 624 2538 annis
655 2499 747 2548 xx,
784 2482 1093 2540 Alexander
1140 2483 1360 2540 Macedo
1386 2484 1544 2538 annis
1567 2499 1620 2538 x.
1655 2483 1784 2538 Post

185 2589 318 2629 cum
356 2573 603 2643 regnavit
627 2574 682 2628 in
706 2573 1037 2629 Alexandria
1082 2574 1241 2630 Soter
1288 2575 1446 2629 annis
1489 2589 1652 2639 xxxv,
1694 2574 1783 2629 cui

187 2663 454 2718 successit
493 2662 874 2733 Philadelphus
903 2678 1136 2734 regnans
1167 2663 1337 2719 "annis
1377 2677 1608 2717 xxxviii.
1655 2662 1784 2718 Post

186 2755 336 2810 hunc
364 2755 626 2824 Eulptech
653 2755 809 2809 annis
847 2769 974 2809 xxv.
1020 2753 1233 2812 Deinde,
1269 2752 1582 2823 Philopater
1625 2753 1780 2807 annis

183 2861 326 2901 χιιι.
373 2845 503 2901 Post
547 2846 691 2900 hunc
725 2845 1032 2916 Epiphanes
1079 2845 1236 2900 annis
1279 2859 1426 2898 xxiv.
1467 2842 1600 2898 Item
1645 2842 1782 2897 alius

185 2935 451 3006 Eupsetet
485 2935 640 2989 annis
659 2951 830 3000 xxvu,
861 2933 1022 3004 Soter
1044 2935 1198 2988 annis
1224 2949 1454 2998 xxxviii,
1474 2932 1782 2988 Ptolomeus

184 3026 350 3080 anuis
379 3041 588 3080 xxxvii.
630 3024 915 3095 Cleopatra
942 3026 1098 3080 annis
1126 3041 1218 3089 xx,
1244 3025 1519 3080 mensibus
1541 3040 1596 3077 v.
1625 3025 1776 3089 Item,
1817 3049 1820 3054 -

184 3116 478 3187 Cleopatra
527 3117 772 3186 regnavit
818 3132 941 3171 cum
993 3116 1234 3186 Augusto
1290 3115 1447 3170 annis
1488 3131 1608 3169 xm.
1653 3114 1784 3168 Post

183 3208 530 3280 CleOpatram
559 3209 833 3278 Augustus
879 3208 1000 3263 aliis
1041 3208 1197 3262 annis
1234 3223 1386 3271 mu,
1417 3221 1542 3261 nam
1588 3219 1780 3261 omnes

1884 675 2091 723 sarum,
2131 659 2338 713 verbum
2389 657 2668 713 revelatum
2716 667 2792 713 est
2840 657 3084 712 Daniheli
3126 672 3463 730 cognomento

1887 749 2132 804 Baltasar
2159 749 2317 822 (Dan.
2341 767 2394 815 x,
2431 748 2505 822 1),
2529 767 2654 806 cum
2698 752 2753 806 in
2785 751 2891 806 line
2928 751 3117 820 primae
3139 753 3362 810 visionis
3386 756 3463 811 le-

1885 857 2072 910 gamus
2098 859 2110 895 :
2133 840 2259 896 Fuit
2283 852 2456 898 autem
2482 843 2707 898 Danihel
2733 860 2892 914 usque
2919 845 2986 897 ad
3016 861 3212 899 annum
3235 848 3463 916 primum

1886 931 2009 1004 Cyri
2040 936 2172 1006 regis
2199 935 2360 1008 (Dan.
2390 936 2554 1009 1,2l),
2576 952 2746 1008 usque
2775 938 2844 994 ad
2863 938 3098 1010 primum
3125 939 3243 1010 ejus
3262 957 3464 1000 annum

1887 1025 2019 1082 fuit?

1957 1138 2144 1196 Fuisse
2178 1156 2306 1211 ergo
2335 1157 2457 1198 eum
2508 1144 2648 1214 apud
2697 1144 2978 1202 Chaldaeos
3020 1149 3248 1217 pristina
3291 1149 3466 1221 digni-

1886 1237 2014 1294 tate,
2044 1248 2300 1303 purpura,
2337 1235 2604 1306 byssoque
2641 1237 2893 1292 vestitum
2926 1255 3094 1310 usque
3121 1240 3189 1295 ad
3231 1242 3466 1312 primum

1887 1339 2086 1378 annum
2139 1324 2265 1395 Cyri
2310 1327 2455 1396 regis
2495 1327 2876 1400 intelligimus,
2928 1331 3144 1400 quando
3206 1333 3468 1388 subvertit

1886 1412 2181 1479 Chaldmos,
2208 1424 2263 1471 et
2290 1425 2473 1486 postea
2518 1419 2683 1489 coepit
2709 1434 2828 1476 esse
2871 1437 2994 1476 cum
3022 1422 3184 1477 Dario
3227 1423 3338 1477 filio
3362 1422 3466 1478 As-

1887 1503 2032 1556 sueri
2077 1504 2144 1558 de
2183 1505 2386 1561 semine
2450 1505 2758 1574 Medorum,
2819 1511 2910 1580 qui
2967 1511 3252 1581 imperavit
3304 1527 3468 1582 super

1888 1606 2112 1662 regnum
2149 1592 2539 1648 Chaldaeorum.
2576 1597 2682 1650 Aut
2715 1606 2861 1652 certe
2885 1598 2997 1667 jam
3035 1600 3196 1655 Dario
3228 1609 3463 1667 mortuo,

1887 1682 2040 1752 cujus
2068 1699 2209 1737 anno
2233 1685 2409 1754 primo
2436 1686 2774 1756 septuaginta
2799 1688 3258 1744 hebdomadarum
3285 1706 3468 1746 sacra-

1861 1780 2068 1826 menta
2094 1780 2449 1842 cognoverat,
2488 1789 2631 1829 nunc
2659 1775 2820 1832 tertio
2848 1791 2990 1832 anno
3021 1777 3165 1847 regis
3199 1777 3328 1849 Cyri
3355 1779 3470 1834 haec

1815 1924 1867 1988 Β

1891 1863 2090 1919 vidisse
2114 1871 2380 1918 narratur.

1962 1974 2048 2030 68.
2082 1973 2222 2041 Quid
2251 1981 2334 2029 est
2375 1976 2519 2045 quod
2556 1976 2686 2030 dicit
2729 1993 2742 2030 :
2794 1976 2864 2030 Et
2910 1993 3002 2047 ego
3031 1977 3096 2031 ab
3129 1993 3268 2032 anno
3300 1977 3469 2048 primo

1888 2067 2042 2122 Darii
2085 2066 2228 2121 Medi
2267 2067 2489 2134 stabam,
2529 2076 2584 2121 ut
2613 2067 2997 2139 confortaretur
3039 2076 3088 2122 et
3138 2067 3471 2122 roboraretttr

1890 2158 2052 2231 (Dan.
2091 2175 2169 2225 ιι,
2203 2158 2291 2231 1)⁴1

1960 2271 2203 2335 Stabam,
2231 2270 2426 2340 inquit,
2455 2271 2511 2324 in
2536 2278 2825 2340 conspectu
2851 2271 2966 2336 Dei,
2993 2277 3050 2326 et
3068 2271 3325 2344 rogabam
3352 2269 3472 2340 ejus

1888 2361 2249 2426 clementiam,
2280 2375 2379 2430 pro
2409 2375 2473 2417 eo
2501 2361 2594 2430 qui
2628 2376 2714 2415 me
2747 2361 3020 2431 diligebat,
3051 2369 3112 2415 ut
3141 2359 3473 2417 confortare-

1887 2461 1976 2508 tur
2000 2453 2082 2507 vel
2113 2453 2229 2523 ipse
2257 2452 2341 2505 vel
2375 2467 2598 2522 regnum
2629 2450 2762 2520 ejus,
2792 2459 2846 2506 et
2883 2453 3250 2515 roboraretur,
3281 2450 3373 2520 qui
3400 2451 3470 2505 ob

1887 2544 2187 2601 custodiam
2228 2558 2404 2617 meam
2434 2542 2600 2598 etiam
2645 2541 2822 2598 lacum
2865 2541 3079 2595 leonum
3115 2556 3212 2596 suo
3237 2540 3472 2610 signavit

1887 2636 2104 2701 annulo,
2149 2651 2217 2690 ne
2259 2651 2346 2692 me
2385 2637 2682 2692 adversarii
2719 2635 3104 2690 interﬁcerent.
3164 2635 3471 2690 Alexander

1887 2734 2066 2781 autem
2087 2727 2303 2782 condita
2330 2728 2674 2792 Alexandria,
2715 2741 2838 2782 cum
2859 2727 3080 2796 triginta
3104 2734 3160 2780 et
3182 2727 3317 2781 duos
3337 2733 3470 2781 aeta-

1886 2817 1956 2890 tis
1975 2817 2199 2872 haberet
2234 2831 2422 2882 annos,
2463 2825 2518 2871 et
2548 2816 2922 2872 duodecimum
2944 2830 3146 2870 annum
3169 2815 3382 2886 imperii
3411 2814 3470 2870 in

1883 2908 2178 2980 Babylone,
2201 2923 2409 2964 veneno
2433 2908 2615 2979 periit.

1955 3023 2042 3077 69.
2088 3021 2229 3088 Quid
2271 3029 2356 3077 est
2402 3021 2546 3092 quod
2588 3019 2806 3087 dicunt',
2839 3028 2894 3074 et
2936 3029 3058 3091 post
3107 3034 3278 3075 annos
3323 3017 3470 3073 illius

1886 3114 2322 3179 commiscentur,
2359 3112 2408 3165 F
2410 3113 2601 3183 iliaque
2635 3115 2770 3184 regis
2800 3114 2981 3167 Austri
3005 3115 3168 3167 veniet
3201 3113 3270 3166 ad
3301 3127 3474 3182 regem

1885 3205 2156 3277 Aquilonis
2203 3207 2376 3275 facere
2413 3206 2730 3270 amicitiam,
2772 3213 2821 3259 et
2851 3222 2956 3259 non
2989 3205 3233 3258 obtinebit
3262 3203 3474 3272 fortitu-

181 3279 561 3374 anni/imperii
596 3303 821 3374 Augusti
859 3279 1076 3357 fuerunt
1120 3317 1228 3356 LVI.
1255 3301 1321 3372 _ln
1361 3300 1773 3370 quadragesimo
1801 3281 1848 3343 (ἶ
1880 3298 2026 3351 dines
2057 3297 2275 3361 brachii,
2311 3314 2402 3351 nec
2431 3298 2588 3352 stabit
2615 3314 2789 3352 semen
2813 3297 2949 3366 ejus,
2984 3304 3032 3350 et
3064 3294 3302 3349 tradetur
3331 3294 3470 3363 ipsa,

183 3393 336 3448 enim
361 3402 416 3449 et
436 3394 613 3465 primo
634 3409 775 3448 anno
797 3392 1007 3462 imperii
1030 3391 1255 3462 Augusti
1275 3391 1367 3460 qui
1395 3398 1516 3461 post
1541 3397 1771 3444 mortem

1876 3397 1924 3442 et
1961 3388 2048 3459 qui
2077 3388 2409 3442 adduxerunt
2438 3404 2552 3442 eam
2577 3389 2794 3458 juvenes
2826 3389 2962 3458 ejus,
2995 3397 3043 3441 et
3083 3387 3173 3458 qui
3200 3386 3470 3455 conforta-

182 3484 488 3554 Cleopatra:
532 3484 835 3554 imperavit,
882 3483 1127 3538 nascitur
1170 3481 1436 3545 Christus,
1491 3489 1547 3536 et
1585 3497 1775 3550 super-
1877 3478 1999 3532 bant
2024 3493 2139 3532 eam
2167 3479 2222 3532 in
2260 3479 2574 3549 temporibus
2601 3477 2765 3551 (Ibid.
2789 3478 2882 3549 6)?

179 3575 328 3630 vixit
356 3574 497 3629 idem
520 3574 793 3646 Augustus
821 3589 888 3629 ex
909 3590 1017 3644 quo
1039 3581 1195 3627 natus
1215 3580 1300 3627 est
1325 3571 1590 3638 Christus,
1619 3571 1776 3625 annis

1949 3589 2062 3644 Hoc
2107 3597 2190 3643 est
2230 3591 2373 3659 quod
2415 3604 2558 3644 nunc
2605 3588 2804 3644 dicitur
2844 3605 2857 3642 :
2903 3603 3000 3658 per
3046 3587 3244 3641 multos
3295 3599 3468 3640 annos

181 3680 284 3720 ινο
313 3665 380 3719 Et
399 3673 558 3719 erum
585 3665 792 3734 reliqua
823 3673 1064 3733 tempora
1087 3677 1350 3718 annorum
1379 3662 1432 3716 ίη
1463 3662 1604 3716 diem
1635 3661 1775 3714 Πίηί·
1878 3679 2184 3734 Ptolomeus
2223 3678 2604 3748 Philadelphus
2631 3688 2686 3732 et
2721 3678 3020 3732 Antiochus
3049 3676 3141 3745 qui
3175 3675 3473 3730 vocabatur

181 3755 376 3812 vitatis
421 3757 639 3822 Christi,
685 3757 740 3811 in
784 3772 985 3812 annum
1031 3755 1506 3826 quadragesimum
1543 3755 1775 3824 primum

1881 3770 2064 3836 Theos,
2101 3770 2153 3824 id
2197 3779 2280 3825 est
2321 3771 2480 3837 Deus,
2528 3769 2727 3824 facient
2772 3767 3063 3833 amicitias,
3090 3779 3144 3823 et
3177 3768 3286 3822 lilia
3324 3767 3471 3837 regis

184 3848 440 3918 Augusti,
477 3848 604 3901 anni
632 3862 944 3902 ccccxxxvu
979 3859 1194 3900 menses
1220 3861 1272 3898 v.
1300 3843 1454 3900 Unde
1481 3842 1778 3913 adimplen-

1894 3862 2081 3928 \ustri,
2109 3863 2212 3918 hoc
2235 3872 2318 3917 est
2340 3862 2624 3930 Ptolomei,
2657 3862 2838 3916 veniet
2865 3861 2930 3915 ad
2954 3876 3135 3930 regem
3161 3858 3466 3929 Aquilonis,

185 3949 284 3996 tur
311 3954 419 3994 Lxu
447 3939 810 3994 hebdomades
837 3946 892 3996 et
921 3938 1162 4001 dimidia,
1193 3952 1314 4007 qua:
1342 3935 1579 3991 elliciunt
1606 3950 1778 3990 annos

186 4046 504 4089 ccccxxxvn
549 4044 762 4085 menses
809 4046 934 4095 sex;
974 4037 1029 4085 et
1068 4028 1411 4084 manifestata
1444 4036 1528 4083 cst
1565 4027 1776 4097 justitia

183 4127 414 4183 attenta,
471 4127 526 4174 et
580 4127 774 4174 unctus
818 4126 903 4172 est
950 4127 1169 4173 sanctus
1215 4126 1545 4182 sanctorum,
1601 4117 1657 4171 id
1699 4125 1780 4172 est

184 4211 457 4267 Christus.
486 4210 715 4277 Quidam
747 4218 948 4274 autem,
999 4209 1092 4279 qui
1134 4210 1322 4264 dicunt
1364 4208 1564 4278 signari
1604 4207 1780 4261 visum

181 4313 204 4374 ε
211 4298 402 4367 Forte,
424 4298 631 4372 Jesum]
662 4308 716 4356 et
750 4299 1110 4370 prophetiam,
1141 4299 1395 4369 quoniam
1423 4312 1613 4354 omnes
1656 4312 1782 4367 pro-

181 4392 368 4463 pheL'r
410 4392 730 4446 nuntiabant
774 4394 838 4446 de
877 4392 1012 4460 ipso,
1044 4391 1187 4460 quod
1233 4399 1377 4446 esset
1426 4397 1687 4445 venturus
1728 4397 1784 4444 et

182 4482 306 4554 pati
357 4484 611 4549 haberet,
661 4484 824 4553 igitur
851 4483 1106 4553 quoniam
1133 4483 1420 4553 adimpleta
1449 4494 1533 4537 est
1556 4483 1784 4552 prophe-

183 4573 268 4626 tia
298 4588 392 4642 per
429 4575 714 4629 adventum
747 4573 880 4642 ejus,
921 4584 1205 4645 propterea
1245 4575 1447 4644 signari
1480 4573 1783 4642 iussionem

184 4669 254 4716 et
279 4634 611 4732 prophetiam
656 4634 887 4730 diccbat,
911 4634 1165 4732 quoniam
1188 4634 1322 4738 ipse;
1330 4671 1413 4720 est
1440 4634 1783 4734 signaculum
1811 4634 1868 4698 Ῑ)

187 4752 436 4809 omnium
475 4753 878 4824 prophetarum,
917 4754 1216 4825 adimplens
1247 4754 1427 4812 omnia
1471 4769 1594 4825 quae
1633 4762 1783 4812 retro

189 4842 264 4899 :le
289 4857 354 4899 eo
389 4847 663 4919 propheta:
691 4847 1032 4906 nuntiarunt.

1880 3955 1932 4011 id
1960 3964 2044 4011 est
2070 3955 2414 4022 Antiochum,
2461 3964 2520 4009 ut
2560 3957 2703 4010 inter
2726 3964 2938 4024 patrem
2977 3971 3041 4010 ac
3082 3956 3261 4009 virum
3280 3951 3478 4022 jungat

1881 4049 2168 4113 amicitias,
2205 4057 2260 4103 et
2293 4064 2401 4102 non
2444 4048 2659 4117 poterit,
2700 4048 2892 4115 inquit,
2941 4047 3207 4110 obtinere,
3251 4059 3353 4098 nec
3393 4058 3477 4096 se—

1880 4158 2004 4196 men
2034 4141 2351 4216 illiusstare
2375 4141 2429 4194 in
2463 4154 2626 4207 regno
2655 4139 2846 4208 Syriae,
2879 4138 2974 4191 sed
2997 4146 3051 4189 et
3072 4137 3186 4205 ipsa
3218 4134 3477 4188 Berenice
3517 4192 3522 4196 ,

1881 4241 1937 4286 et
1964 4232 2054 4300 qui
2092 4246 2212 4286 eam
2260 4229 2581 4284 adduxeriut
2631 4226 3042 4280 interﬁcientur.
3096 4223 3212 4276 Rex
3260 4233 3520 4290 quoque.

1882 4323 2198 4387 Antiochus,
2235 4322 2329 4391 qui
2362 4319 2701 4375 confortabat
2741 4333 2883 4380 eum,
2931 4317 2984 4371 id
3036 4320 3118 4369 est
3161 4327 3258 4382 per
3312 4324 3476 4379 quem

1881 4422 2096 4484 poterat
2123 4411 2436 4482 praevalere,
2465 4425 2675 4466 veneno
2717 4409 2904 4464 uxoris
2939 4407 3150 4461 occisus
3191 4410 3295 4456 est.
3336 4400 3478 4454 Lau-

1883 4507 2039 4562 diccn
2076 4505 2220 4561 enim
2252 4505 2402 4575 prior
2433 4504 2577 4558 illius
2609 4519 2747 4558 uxor
2779 4517 2903 4557 eum
2934 4515 3029 4571 per
3073 4495 3350 4550 ministros
3388 4505 3478 4544 ve-

1889 4615 2030 4655 neno
2056 4597 2345 4663 interfecit,
2378 4597 2504 4668 quia
2537 4596 2752 4651 dicebat
2786 4609 2885 4648 rex
2924 4589 3220 4649 Berenicen
3259 4595 3476 4642 consor-

1893 4699 2000 4746 tem
2026 4689 2198 4762 regni,
2235 4696 2288 4746 et
2316 4689 2458 4746 hanc
2478 4685 2856 4744 concubinam.

2555 4794 2806 4872 Explicit.
2833 4792 2841 4807 '
2967 4872 2969 4875 η
