3950 6308
415 368 552 438 15Εᾶ

1870 371 2163 430 CATULFI

3544 367 3690 424 εδει

412 529 3685 586 W

1346 622 2685 855 CATULFUS.

760 1097 1629 1226 INSTBUCTIO
1712 1037 2647 1214 EPISTOLARIS
2710 1093 3326 1217 CATULFI

331 1261 336 1272 ’
429 1287 444 1396 ἓ
506 1302 508 1305 ’
1424 1313 1534 1386 AD
1575 1303 1904 1376 BEATUM
1947 1311 2331 1375 cauom»
2375 1311 2674 1377 unum.

1571 1461 1666 1526 (Ex
1688 1460 1957 1522 Duchesn.,
1980 1459 2110 1510 Hist.
2130 1457 2302 1511 Franc.
2331 1457 2538 1525 Set-im.)

441 1691 445 1694 ’
474 1690 703 1752 Domino
728 1688 842 1761 regi
869 1686 1134 1759 piissimo,
1162 1683 1334 1755 gratia
1363 1680 1461 1737 Dei
1489 1679 1784 1737 celsissimo
1811 1721 1826 1746 ,
1878 1678 1983 1735 Ca-
2009 1693 2064 1756 Α
2090 1680 2294 1745 stitisti,
2323 1687 2379 1736 et
2415 1680 2520 1736 hoc
2563 1679 2840 1750 impletum
2872 1687 2956 1735 est
2983 1679 3049 1736 de
3079 1688 3134 1737 te
3163 1683 3319 1752 quod
3364 1685 3426 1740 in
3457 1685 3689 1749 Psahn'u

403 1787 521 1844 rolo
541 1799 666 1840 vere
692 1782 1012 1838 charissimo
1034 1820 1047 1844 ,
1084 1791 1251 1847 regno
1280 1770 1482 1830 Christi
1506 1771 1828 1837 rectissimo,
1862 1771 1986 1826 ulti-

403 1895 526 1934 mus
554 1888 785 1944 namque
809 1870 1070 1936 Catullus,
1100 1878 1280 1922 tamen
1315 1873 1494 1920 vester
1520 1862 1764 1920 servulus
1798 1863 1988 1918 intimo

404 1945 566 2025 cordte
587 1980 723 2037 puro
749 1965 803 2019 in
827 1962 1030 2033 Spiritu
1059 1960 1285 2015 salutem
1313 1965 1522 2013 sancto.

476 2052 700 2112 Domine
736 2054 808 2109 mi
843 2068 953 2119 rex,
989 2051 1150 2120 igitur
1195 2063 1389 2120 precor
1413 2057 1482 2111 te,
1524 2053 1583 2100 ut
1611 2045 1752 2100 illius
1774 2059 1988 2114 semper

403 2147 724 2211 recorderis,
764 2145 902 2200 sicut
943 2145 1106 2198 credo
1132 2181 1146 2207 ,
1197 2140 1288 2209 qui
1315 2141 1380 2194 de
1408 2137 1577 2192 nihilo
1636 2144 1689 2190 te
1745 2136 1988 2200 creavit,

402 2238 569 2296 etiam
606 2252 675 2293 ex
699 2237 923 2302 minimo
957 2231 1085 2289 fecit
1112 2231 1429 2286 maximum.
1461 2227 1598 2282 Nam
1627 2228 1828 2282 terreni
1857 2227 1990 2281 nihil

401 2339 488 2388 est
519 2331 778 2401 parentis,
811 2328 919 2383 nisi
954 2332 1166 2382 tantum
1197 2332 1257 2378 ut
1313 2324 1595 2378 humorem
1622 2323 1893 2391 corporis,
1935 2321 1991 2375 in

402 2436 512 2492 qua
547 2428 631 2475 est
663 2419 939 2483 nascendi,
976 2431 1099 2473 cum
1162 2431 1324 2471 sensu
1371 2414 1660 2484 voluptatis
1709 2413 1992 2467 materiam

403 2512 618 2568 emittat
641 2512 726 2566 vel
744 2512 988 2582 recipiat,
1016 2517 1069 2566 et
1095 2517 1175 2564 tra
1208 2512 1223 2530 ‘
1252 2515 1381 2563 tunc
1417 2523 1447 2562 a
1469 2508 1581 2562 Deo
1600 2514 1704 2574 est,
1737 2507 1791 2562 in
1819 2521 1992 2577 quan-

402 2612 522 2663 tum
552 2607 694 2678 quod
722 2614 1004 2676 peccatum
1025 2619 1132 2660 non
1165 2611 1284 2658 est:
1317 2609 1508 2658 caetera
1544 2615 1777 2669 namque
1823 2616 1853 2653 a
1882 2599 1994 2655 Deo

403 2706 534 2757 sunt
554 2700 756 2755 omnia.
783 2699 1086 2767 Conceptus
1109 2697 1314 2752 scilicet
1341 2696 1455 2764 ipse
1477 2735 1492 2759 ,
1546 2703 1600 2748 et
1627 2694 1872 2762 corporis
1914 2694 1996 2748 in-

402 2789 681 2854 formatio,
712 2796 766 2844 et
805 2788 1084 2857 inspiratio
1116 2789 1328 2852 animae,
1351 2794 1404 2841 et
1455 2793 1642 2855 partus
1680 2785 1990 2848 incolumis,

404 2888 463 2936 et
499 2894 832 2951 quaecunque
883 2879 1135 2948 deinceps
1185 2879 1255 2933 ad
1295 2878 1568 2934 hominem
1619 2887 1995 2933 conservatum

404 2971 639 3032 volentis
665 2971 762 3025 Dei
783 2977 886 3034 est,
909 2979 964 3024 et
991 2969 1132 3026 illius
1162 2985 1360 3025 munus
1407 2977 1492 3025 est
1536 2970 1680 3038 quod
1730 2969 1990 3033 vivimus,

2090 1772 2306 1844 legitur,
2323 1787 2634 1843 quanquam
2647 1774 2712 1829 de
2732 1771 2949 1828 Christo
2964 1779 3020 1828 et
3043 1774 3110 1828 de
3131 1774 3310 1831 David
3339 1779 3594 1836 maxime
3612 1782 3689 1838 n-

2093 1864 2381 1934 telligitur:
2413 1864 2977 1935 Persequarinimicoe,
3005 1875 3054 1919 et
3077 1869 3538 1936 comprehendam
3561 1875 3679 1936 illos,

2091 1963 2147 2009 et
2173 1954 2400 2024 reliqua.
2438 1953 2572 2009 Item
2596 1970 2665 2010 ex
2694 1969 2926 2024 persona
2955 1955 3050 2010 Dei
3087 1955 3268 2013 Patris
3298 1976 3312 2010 :
3353 1959 3434 2012 Et
3466 1963 3680 2020 inimica

2093 2045 2208 2116 ejus
2239 2048 2294 2099 in
2322 2045 2503 2116 fugam
2525 2054 2840 2100 convertant.
2890 2044 2960 2100 Et
2987 2046 3185 2101 iterum
3211 2063 3226 2102 :
3261 2047 3336 2102 Et
3369 2067 3474 2121 ego
3508 2056 3691 2123 prino-

2092 2141 2322 2208 genitum
2355 2153 2546 2207 ponam
2576 2135 2749 2201 illum,
2781 2145 2835 2191 et
2853 2137 3081 2207 reliqua.
3108 2138 3178 2193 Et
3197 2139 3336 2194 item
3373 2142 3436 2195 in
3477 2143 3690 2216 Moyse:

2093 2228 2234 2283 Deus
2257 2241 2455 2299 pugnat
2481 2245 2577 2300 pro
2602 2230 2769 2284 nobis.
2797 2229 2930 2286 item
2953 2238 3175 2287 sanctus
3187 2232 3405 2288 Paulus
3432 2252 3448 2288 :
3480 2237 3546 2292 Si
3568 2239 3698 2294 llas

2093 2337 2188 2391 pro
2218 2320 2387 2384 nobis,
2417 2322 2532 2391 quis
2564 2330 2745 2376 contra
2779 2338 2874 2378 nos
2899 2323 3013 2376 est?
3039 2322 3130 2378 Sic
3153 2323 3223 2378 de
3252 2323 3466 2392 Josue,
3516 2331 3584 2384 de
3607 2331 3700 2386 Da-

2094 2413 2205 2479 vid,
2231 2413 2298 2468 de
2320 2413 2574 2479 Ezechia,
2603 2414 2672 2469 de
2688 2412 2825 2469 Juda
2855 2413 3166 2480 Machabeo,
3196 2424 3255 2471 et
3293 2419 3538 2488 reliqua.
3557 2420 3698 2476 Nunc

2096 2505 2281 2575 igitur,
2311 2506 2528 2561 domine
2553 2507 2629 2561 mi
2655 2522 2774 2571 rex,
2803 2521 2901 2576 pro
2925 2507 3010 2562 his
3046 2509 3222 2564 modis
3255 2511 3662 2569 beatitudinum
3685 2553 3698 2579 ,

2096 2609 2258 2657 nocte
2287 2608 2341 2655 et
2363 2600 2452 2656 die
2469 2615 2590 2655 cum
2617 2601 2866 2656 omnibus
2879 2603 3212 2657 exercitibus
3240 2605 3355 2659 tuis
3382 2607 3448 2660 da
3464 2608 3700 2676 gloriam

2098 2691 2211 2748 Deo
2246 2691 2364 2762 regi
2388 2706 2700 2761 regnorum,
2725 2699 2791 2746 et'
2813 2694 3108 2762 gratiarum
3127 2695 3395 2756 actiones,
3413 2711 3536 2751 cum
3548 2699 3703 2753 omni

2100 2800 2267 2855 regno
2291 2792 2402 2850 tuo,
2434 2785 2578 2854 quod
2603 2785 2718 2854 ipse
2752 2793 2806 2841 te
2835 2786 3091 2842 exultavit
3121 2787 3176 2842 in
3215 2789 3492 2844 honorem
3522 2790 3704 2861 gloria:

2099 2877 2254 2946 regni
2291 2877 2538 2946 Europae,
2565 2884 2620 2930 et
2659 2876 2837 2932 adhuc
2887 2879 3050 2933 etiam
3081 2876 3293 2948 majora
3331 2891 3568 2952 praestat
3615 2883 3704 2936 tibi

2098 2965 2296 3022 borum
2317 2981 2552 3036 namque
2575 2967 2954 3037 praedictorum
2980 3008 2996 3033 ,
3057 2967 3104 3022 si
3129 2967 3285 3023 illum
3320 2972 3546 3026 exaltas
3588 2989 3702 3027 cum

406 3062 553 3134 quod
578 3061 866 3132 spiramus,
892 3060 1049 3129 juxta
1092 3060 1253 3116 illud:
1282 3058 1474 3114 Flatus
1502 3059 1729 3114 hominis
1755 3058 1812 3110 in
1833 3072 1994 3110 manu
2024 3077 2073 3138 Β
2102 3059 2214 3113 suis
2243 3058 2346 3114 hoc
2367 3057 2548 3113 modo.
2582 3057 2786 3114 Memor
2815 3066 2932 3114 esto
2957 3073 3087 3130 ergo
3123 3075 3343 3130 semper
3361 3103 3378 3128 ,
3437 3079 3540 3118 rex
3593 3066 3661 3118 mi
3686 3105 3698 3129 ,

406 3152 509 3209 Dei
527 3161 625 3209 est.
646 3152 800 3220 Item,
840 3151 1034 3208 Manus
1059 3161 1164 3208 tute
1195 3152 1427 3222 fecerunt
1453 3167 1553 3215 me,
1585 3158 1639 3206 et
1674 3149 1903 3218 reliqua.
1930 3147 1999 3202 Et

405 3245 528 3320 hate
557 3253 686 3302 sunt
728 3246 1038 3302 communia
1087 3245 1339 3302 omnibus
1380 3243 1709 3300 hominibus.
1760 3240 2004 3310 Propriis

407 3336 578 3396 etiam
612 3338 1041 3396 beatitudinibus
1067 3347 1122 3395 et
1148 3338 1490 3409 specialibus,
1512 3352 1547 3392 ο
1567 3353 1601 3393 o
1643 3351 1740 3391 rex
1762 3335 1866 3402 mi,
1909 3334 2006 3389 ho-

405 3429 622 3485 noravit
644 3429 704 3484 te'
717 3444 814 3486 rex
854 3437 977 3485 tuus
1003 3443 1167 3501 super
1219 3428 1420 3485 alteros
1444 3435 1749 3484 coaetaneos
1785 3433 1924 3490 tuos,
1947 3430 2006 3479 et

406 3533 573 3591 super
613 3531 989 3578 antecessores
1041 3529 1168 3577 tuos
1219 3535 1419 3576 corona
1461 3517 1648 3589 gloriae
1693 3516 1875 3572 heavit
1927 3523 1999 3569 te.

405 3606 612 3676 Prima,
637 3611 702 3666 de
737 3611 883 3682 regis
921 3611 1201 3681 dignitate,
1227 3611 1539 3681 reginaque,
1567 3606 1662 3663 sed
1690 3615 1744 3661 et
1760 3607 2001 3675 insuper.

402 3698 627 3758 Illorum
663 3718 897 3772 namque
932 3717 1156 3772 precum
1205 3702 1509 3772 specialiter
1555 3701 1724 3755 Deum
1779 3713 2006 3769 precan-

408 3791 571 3858 tium,
601 3793 837 3848 maxime
857 3794 1081 3860 matris,
1136 3793 1279 3848 sicut
1309 3794 1419 3848 Deo
1448 3792 1669 3862 placuit,
1698 3789 1840 3853 inde,
1877 3804 2005 3846 con-

411 3891 602 3954 ceptus
631 3894 686 3938 et
708 3892 891 3951 natus,
929 3885 1039 3940 imo
1075 3901 1106 3939 a
1159 3885 1288 3951 Deo,
1303 3884 1409 3940 rex
1439 3885 1533 3950 mi,
1553 3893 1608 3940 et
1631 3885 1737 3939 hoc
1779 3883 2004 3937 verbum

414 3974 703 4044 diligenter
726 3977 1028 4033 considera.
1060 3976 1327 4045 Secunda,
1351 3976 1492 4046 quod
1508 3975 1899 4047 primogenitus
1922 3989 2002 4041 es,

415 4071 474 4120 et
491 4064 922 4124 benedictionem
946 4069 1107 4135 illius,
1141 4070 1282 4124 sicut
1301 4068 1563 4137 scriptum
1598 4074 1719 4134 est,
1770 4066 2005 4136 accipies

407 4155 565 4230 juxta
591 4157 751 4215 illud:
793 4159 958 4217 Omne
993 4161 1393 4234 primogenitum
1420 4159 1559 4230 quod
1609 4159 1774 4229 aperit
1801 4157 2005 4213 vulvam

414 4261 658 4305 sanctum
689 4252 918 4308 Domino
949 4255 1236 4309 vocabitur.
1262 4252 1467 4318 Tertia,
1507 4259 1570 4306 ut
1603 4250 1668 4307 de
1710 4249 1898 4305 fratris
1926 4249 2006 4305 tui

412 4336 628 4396 insidiis
656 4342 712 4397 in
735 4343 984 4399 omnibus
1015 4343 1158 4399 Deus
1186 4353 1239 4400 te
1275 4343 1634 4409 conservavit,
1657 4349 1717 4398 ut
1743 4343 1810 4396 de
1838 4340 2005 4397 Jacob

2103 3147 2200 3202 Dei
2230 3148 2374 3218 regis
2397 3147 2474 3202 tui
2519 3161 2646 3202 cum
2672 3147 2868 3202 timore
2899 3155 2955 3202 et
2979 3163 3166 3236 arnore
3191 3192 3205 3218 ,
3254 3152 3410 3222 quod
3449 3161 3511 3209 tu
3557 3172 3620 3211 es
3655 3158 3704 3210 in

2103 3240 2222 3295 vice
2246 3239 2387 3295 illius
2415 3252 2577 3309 super
2623 3240 2807 3295 omnia
2859 3242 3103 3297 membra
3157 3243 3278 3314 ejus
3315 3249 3626 3313 custodire,
3655 3261 3705 3304 et

2102 3345 2312 3402 regere,
2344 3339 2399 3387 et
2423 3331 2692 3386 rationem
2723 3331 2950 3387 reddere
2963 3332 3016 3386 in
3043 3333 3131 3388 die
3161 3333 3379 3404 judicii,
3424 3341 3596 3395 etiam
3617 3355 3708 3409 per

2105 3428 2186 3487 te;
2223 3431 2278 3476 et
2313 3422 2597 3491 episcopus
2629 3428 2712 3476 est
2737 3421 2792 3476 hi
2830 3423 3064 3479 secundo
3095 3424 3235 3491 loco,
3279 3426 3337 3481 in
3363 3429 3492 3484 vice
3511 3431 3708 3486 Christi

2105 3521 2318 3568 tantum
2343 3521 2445 3568 est.
2474 3513 2618 3586 Ergo
2638 3514 2979 3570 considerate
2999 3515 3144 3570 inter
3167 3532 3267 3574 vos
3294 3519 3615 3590 diligenter,
3638 3523 3712 3578 le-

2105 3621 2226 3679 gem
2266 3606 2362 3662 Dei
2393 3606 2724 3662 constituere
2757 3621 2918 3676 super
2944 3607 3205 3678 populum
3241 3611 3361 3676 Dei,
3392 3614 3547 3681 quod
3571 3614 3708 3670 Deus

2105 3704 2234 3756 tuus
2259 3701 2395 3756 dixit
2424 3701 2540 3766 tibi,
2572 3700 2727 3771 cujus
2776 3701 2950 3756 vicem
2995 3711 3149 3759 tenes
3172 3746 3185 3768 ,
3236 3704 3293 3758 in
3345 3704 3570 3761 Psalmo
3597 3727 3612 3761 :
3643 3707 3706 3761 £1

2106 3807 2265 3856 nunc,
2291 3807 2453 3861 reges,
2486 3789 2778 3861 intelligite,
2803 3800 2859 3846 et
2885 3792 3111 3863 reliqua.
3146 3793 3279 3849 item
3311 3813 3326 3848 :
3369 3795 3580 3851 Semita
3606 3798 3707 3852 Do-

2106 3886 2249 3938 mino
2273 3885 2327 3937 in
2359 3885 2565 3949 timore,
2595 3890 2650 3938 et
2699 3873 2924 3954 reliqua.
2985 3884 3119 3940 Item
3147 3904 3160 3940 :
3208 3887 3605 3957 Apprehenditc
3632 3892 3706 3942 di-

2107 3973 2399 4044 sciplinam,
2429 3989 2493 4028 ne
2516 3973 2728 4044 quando
2771 3975 3032 4029 irascatur
3069 3975 3351 4042 Dominus,
3375 3986 3433 4032 et
3482 3981 3701 4050 reliqua.

2108 4064 2366 4136 Exempla
2393 4065 2725 4134 perplurima
2751 4075 2876 4121 sunt
2899 4108 2914 4135 ,
2972 4076 3034 4122 ut
3062 4069 3236 4139 legem
3257 4071 3542 4127 exaltetis.
3590 4072 3705 4126 Pri-

2109 4171 2279 4222 mum,
2305 4171 2479 4227 pauca
2504 4156 2657 4212 vobis
2686 4158 2886 4224 scribo,
2919 4158 3060 4214 sicut
3085 4173 3324 4215 canones
3344 4172 3631 4231 proruunt,
3659 4169 3706 4216 et

2107 4249 2277 4306 totius
2288 4248 2712 4304 Christianitatis
2735 4249 2821 4304 lex
2850 4251 3089 4306 continet
3110 4265 3210 4320 per
3231 4250 3329 4306 Dei
3364 4254 3703 4307 mandatum.

2108 4340 2239 4397 Post
2263 4339 2423 4395 ﬁdem
2451 4339 2564 4404 Dei,
2599 4349 2654 4394 et
2691 4355 2931 4396 amorem
2976 4349 3034 4396 et
3078 4342 3361 4407 timorem,
3410 4351 3479 4397 ut
3517 4346 3710 4414 sepius

413 4433 631 4496 etEsau
652 4435 868 4506 legitur.
893 4435 1096 4503 Quarta
1124 4475 1139 4502 ,
1185 4437 1331 4506 quod
1360 4435 1566 4492 sortisti
1603 4449 1827 4507 regnum
1881 4448 2004 4489 cum
2034 4443 2082 4510 ο
2111 4433 2314 4488 habeas
2349 4431 2702 4496 Enchiridon,
2739 4431 2884 4500 quod
2921 4441 3004 4486 est
3022 4432 3247 4487 Librum
3273 4434 3616 4498 manualem,
3641 4436 3711 4489 le-.

413 4523 586 4584 fratre
613 4535 705 4584 tuo
728 4528 1083 4583 Francorum.
1113 4527 1312 4596 Quinta
1338 4544 1445 4584 non
1469 4529 1753 4583 minimum
1775 4535 1860 4582 est
1871 4527 2004 4582 bea-

415 4615 667 4672 titudinis
695 4618 928 4688 signum,
949 4618 1093 4687 quod
1117 4619 1260 4674 Deus
1287 4618 1565 4690 transtulit
1582 4617 1730 4672 illum
1745 4617 1813 4672 de
1838 4632 2006 4688 regno

418 4712 654 4772 terreno,
693 4715 748 4762 et
769 4711 1025 4763 exaltavit
1047 4718 1099 4764 te
1121 4727 1284 4788 super
1308 4727 1468 4766 omne
1491 4712 1596 4766 hoc
1623 4726 1848 4780 regnum
1887 4711 2005 4766 sine

418 4799 700 4871 sanguinis
720 4798 998 4856 effusione.
1018 4840 1031 4854 .
1051 4840 1065 4854 .
1088 4841 1102 4854 .
1123 4839 1138 4854 .
1176 4803 1311 4854 mira
1358 4802 1532 4870 pietas
1581 4809 1636 4855 et
1660 4817 1852 4872 magna
1898 4801 2006 4858 cle-

419 4889 624 4946 mentia
649 4891 743 4946 Dei
772 4891 827 4946 in
859 4893 950 4946 illa
971 4894 1056 4948 die
1077 4908 1201 4948 cum
1217 4894 1457 4948 exercitu
1480 4893 1832 4949 Francorum.
1861 4892 2008 4948 Stul-

420 4987 530 5036 tus.
550 5018 565 5033 .
582 5018 598 5034 .
620 5020 634 5034 .
655 5020 670 5034 .
707 4983 922 5052 sapiens
949 4983 1122 5053 gratia
1145 4997 1329 5050 egens,
1346 4982 1448 5037 vel.
1490 4981 1676 5050 Sexta,
1702 4983 1843 5052 quod
1861 4983 2004 5038 Lan-

421 5073 781 5144 gobardorum
800 5077 1069 5131 exercitus
1104 5084 1229 5130 ante
1246 5075 1437 5131 faciem
1468 5085 1616 5131 tuam
1644 5077 1762 5130 sine
1790 5076 2007 5145 publico

420 5162 565 5219 bello
617 5164 673 5218 in
707 5165 888 5234 fugam
921 5180 1230 5222 conversus.
1289 5167 1550 5238 Septima,
1581 5167 1744 5236 Alpes
1792 5157 2006 5222 intrasti

422 5251 663 5311 inimicis
687 5254 1034 5324 fugientibus,
1058 5257 1520 5327 opulentissimam
1559 5271 1774 5326 quoque
1825 5258 2009 5312 civita-

421 5352 539 5401 tem
573 5346 734 5400 etiam
760 5346 980 5416 Papiam
1009 5364 1133 5404 cum
1180 5363 1306 5419 rege
1333 5349 1449 5403 sine
1497 5348 1708 5404 cruoris
1749 5348 2008 5404 effusione

423 5450 552 5492 cum
589 5438 836 5494 omnibus
874 5441 1144 5496 thesauris
1179 5440 1294 5510 ejus
1323 5439 1752 5510 apprehendisti.
1781 5440 2004 5507 Octava,

424 5529 572 5600 quod
592 5545 812 5587 auream
862 5541 917 5586 et
956 5533 1287 5602 imperialem
1314 5532 1542 5588 Romam
1570 5532 1806 5598 intrasti,
1833 5540 1887 5586 et
1906 5532 2012 5587 lta-

421 5617 625 5678 liorum
665 5639 829 5696 regna
874 5640 996 5680 cum
1021 5625 1271 5680 omnibus
1316 5625 1569 5695 pretiosis
1591 5639 1624 5678 a
1647 5639 1775 5694 rege
1819 5640 2012 5694 regno-

389 5747 391 5750 ‹
421 5725 549 5771 rum
574 5720 816 5774 suaviter
837 5719 1112 5789 accepisti.
1145 5718 1370 5785 Quantis
1397 5719 1560 5772 etiam
1584 5719 1758 5774 modis
1781 5726 1907 5773 ante
1937 5717 2011 5772 ia-

2110 4538 2232 4595 gem
2255 4522 2351 4576 Dei
2379 4521 2458 4577 tui
2485 4522 2739 4592 scriptam
2769 4521 2826 4575 in
2852 4522 3104 4578 manibus
3128 4522 3255 4586 tuis,
3293 4531 3357 4576 ut
3383 4523 3540 4593 legas
3569 4525 3712 4579 illam

2107 4615 2360 4673 omnibus
2383 4616 2570 4673 diebus
2597 4617 2724 4672 vitae
2747 4624 2853 4680 tuae
2876 4657 2892 4682 ,
2939 4623 2998 4671 ut
3026 4623 3084 4672 tu
3121 4617 3194 4672 sis
3219 4618 3275 4672 in
3329 4619 3606 4688 sapientia
3635 4622 3714 4676 di-

2108 4712 2234 4766 vina
2271 4719 2327 4766 et
2359 4711 2707 4769 saecularibus
2728 4711 2925 4766 litteris
2947 4711 3185 4768 imbutus
3213 4751 3229 4778 ,
3286 4711 3433 4766 sicut
3459 4714 3638 4770 David
3663 4726 3714 4769 et

2111 4802 2364 4858 Salomon
2385 4835 2405 4867 λ,
2455 4810 2510 4858 et
2539 4803 2722 4857 caeteri
2749 4817 2905 4874 reges
2932 4802 3167 4858 fuerunt.
3204 4803 3338 4860 item
3377 4806 3522 4862 dixit
3577 4808 3717 4860 Deus

2109 4896 2177 4950 ad
2211 4894 2428 4965 Moysen
2475 4893 2542 4948 de
2590 4895 2847 4964 regibus:
2897 4893 3031 4948 Cum
3076 4895 3266 4949 sederit
3301 4896 3357 4949 in
3400 4895 3541 4950 solio
3575 4898 3714 4965 regni

2109 4988 2212 5055 sui,
2243 5003 2509 5057 nunquam
2537 4987 2736 5040 recedet
2780 4985 2935 5040 Liber
2990 4987 3135 5058 Legi:
3164 4988 3227 5041 de
3285 4987 3541 5042 manibus
3573 4991 3713 5052 suis;

2111 5094 2216 5134 non
2243 5093 2432 5132 uxores
2459 5075 2634 5146 plures
2662 5075 2872 5142 habeat,
2903 5092 3008 5130 non
3047 5074 3324 5144 superbum
3367 5093 3539 5146 super
3588 5095 3712 5132 coir-

2110 5177 2288 5222 taneos
2310 5183 2449 5231 suos,
2475 5183 2580 5219 non
2606 5165 2802 5218 elatum
2823 5205 2838 5230 ,
2889 5181 2993 5218 non
3017 5164 3329 5219 invidiosum
3345 5206 3360 5230 ,
3407 5176 3464 5220 et
3503 5169 3713 5240 reliqua

2111 5260 2288 5331 (Deut.
2316 5259 2471 5330 xvii).
2521 5257 2787 5312 Sed.....
2825 5253 3072 5325 judicare
3115 5256 3256 5311 inter
3303 5271 3614 5328 pauperem
3659 5269 3712 5314 et

2107 5359 2402 5422 potentem,
2455 5358 2510 5406 et
2542 5363 2839 5420 pauperem
2879 5347 3089 5418 eripere
3127 5347 3194 5402 de
3231 5362 3398 5402 manu
3443 5351 3708 5419 potentis.

2111 5455 2164 5499 et
2193 5443 2559 5501 Christianum
2587 5442 2821 5497 vendere
2847 5455 3126 5510 nunquam
3175 5439 3228 5494 in
3262 5454 3539 5511 paganam
3581 5458 3710 5514 gen-

2111 5545 2222 5594 tem
2257 5537 2555 5602 dimittere,
2617 5550 2716 5598 vae,
2753 5549 2854 5599 vae,
2890 5532 3092 5588 Christi
3124 5532 3432 5587 membrum
3482 5533 3713 5601 conjun-

2111 5643 2239 5701 gere
2273 5629 2522 5682 membro
2547 5625 2764 5690 diaboli,
2789 5625 3027 5679 animam
3054 5625 3302 5693 perdere,
3318 5623 3568 5677 redditor
3587 5635 3710 5694 pre-

2117 5722 2178 5776 tii
2203 5720 2320 5790 ejus
2343 5727 2468 5773 ante
2502 5719 2754 5773 thronum
2782 5715 3002 5772 Christi.
3061 5714 3331 5785 Sponsam
3377 5713 3585 5768 Christi
3611 5729 3705 5769 ve-

428 5807 572 5868 ciem
599 5817 749 5868 tuam
781 5810 1016 5872 inimicis
1042 5810 1100 5868 in
1129 5809 1313 5882 fugam
1348 5812 1625 5868 conversis
1640 5820 1696 5867 et
1718 5811 1893 5869 victor
1918 5825 2012 5866 ex-
2039 5797 2095 5864 Ι)
2119 5809 2252 5868 stire
2281 5823 2405 5867 cum
2429 5808 2949 5878 ornamentissupcr
2981 5805 3163 5862 omnia
3179 5845 3194 5870 ,
3246 5803 3300 5859 id
3335 5810 3423 5860 est
3449 5802 3707 5860 ecclesia-
