3950 6308
527 418 3758 471 W

546 440 1101 455 ω

766 651 770 658 ·
883 623 2006 770 CONSTANS
2129 622 3350 772 SACEBDOS.

882 1001 946 1119 -’
1208 1066 2106 1186 CONSTANTIS
2192 1063 3066 1185 SACERDOTIS

496 1305 1181 1510 TRAGTATUS
1263 1341 1410 1498 ni
1473 1337 2026 1498 rinion
2095 1325 2228 1496 ll.
2285 1307 3034 1502 Ellilillllﬂlﬂ
3104 1246 3758 1507 multis.

1634 1626 1733 1690 (Ex
1753 1625 1872 1690 Per,
1890 1625 2253 1679 Anecdotorum
2273 1624 2619 1690 Bibliotheca.)

1953 1783 2304 1804 αι’*-

566 1868 709 1978 Cum
732 1899 1090 1952 sacrosanctae
1124 1888 1399 1960 religionis
1431 1889 1643 1972 virtus,
1682 1886 1795 1958 jam
1839 1889 1966 1946 inde
1999 1891 2068 1945 ab
2094 1889 2150 1953 Α
2171 1895 2318 1945 runt.
2362 1886 2444 1943 illi
2495 1888 2769 1958 quondam
2819 1887 3174 1946 aestimatione
3219 1888 3528 1948 hominum
3573 1894 3760 1956 ﬁsci,

493 1991 702 2062 origine
732 1987 814 2043 sui
839 1999 935 2056 per
981 1982 1320 2040 dilectionem
1361 1987 1602 2052 operata,
1635 1979 1944 2034 exercitatis
1985 1993 2083 2049 per

493 2100 615 2141 eam
663 2079 910 2136 sensibus
955 2076 1012 2142 in
1061 2073 1261 2130 sanctis
1299 2087 1364 2128 ac
1411 2071 1522 2128 Deo
1571 2071 1925 2148 complacitis,
1950 2069 2082 2125 viris

489 2174 866 2248 pacatissimos
925 2183 1140 2238 semper
1179 2165 1406 2236 justitiae
1450 2164 1659 2231 fructus
1716 2172 2077 2236 propagaret:

490 2264 762 2338 praecipue
783 2271 965 2317 tamen
981 2261 1265 2315 beatorum
1283 2263 1584 2326 martyrum
1607 2252 1808 2309 Christi
1839 2261 1921 2308 est
1949 2252 2083 2308 cele—

487 2355 648 2414 brata
695 2353 977 2423 agonibus,
1007 2357 1064 2404 et
1109 2346 1359 2417 gloriosis
1387 2343 1725 2416 magniﬁcata
1770 2343 2078 2414 triumphis.

489 2447 600 2504 Sed
626 2446 910 2515 utriusque
951 2441 1253 2498 dilectionis
1289 2439 1501 2494 fervore
1527 2453 1627 2510 per
1672 2439 1911 2494 omnium
1950 2437 2084 2492 fide-

486 2536 626 2594 lium
655 2538 819 2593 corda
861 2532 1176 2604 ﬂagrantius
1217 2527 1494 2596 rutilante,
1545 2543 1668 2582 cum
1705 2525 2082 2596 multiplicium

485 2626 705 2698 gemina
752 2623 1198 2694 propagationum
1248 2618 1450 2688 vigoris
1504 2617 1588 2672 sui
1641 2616 1965 2671 rectitudine
2000 2615 2083 2668 in-

487 2715 852 2773 eluctabiliter
895 2713 1128 2768 connixa
1173 2709 1464 2764 dilataret:
1518 2714 1634 2761 tum
1679 2705 1900 2775 superni
1938 2703 2082 2774 regis

488 2804 744 2862 tirocinio
788 2801 1157 2865 militantium,
1191 2805 1245 2854 et
1269 2804 1581 2879 contemptu
1621 2797 1807 2850 mundi
1847 2794 2082 2879 glorian-

485 2898 625 2952 tium
653 2902 865 2950 mentes
901 2891 1095 2946 divinae
1121 2887 1402 2945 charitatis
1440 2870 1602 2942 ardor
1625 2870 2081 2973 longe'incompa-

486 2991 735 3048 rabiliter
782 2986 1010 3059 ignivit;
1042 2991 1097 3039 et
1135 2982 1190 3038 in
1219 2979 1336 3051 ejus
1382 2979 1707 3036 desiderium
1733 2993 1847 3049 prie
1870 2977 2082 3033 caeteris

486 3081 741 3138 omnibus
767 3076 1112 3150 singulariter
1136 3067 1507 3130 inﬂammavit.
1545 3071 1626 3127 Illi
1653 3071 1798 3127 enim
1827 3070 2078 3135 Domho,

485 3173 694 3230 amoris
719 3171 934 3235 aﬂ‘ectu,
958 3166 1312 3238 propinquius
1334 3165 1694 3229 cohaeserunt,
1719 3163 1812 3232 qui
1839 3161 1890 3218 ei
1912 3161 2082 3217 simil-

2180 1995 2410 2051 quorum
2458 1995 2617 2038 causa
2646 1979 2897 2050 tjudicata
2939 1987 3022 2036 est
3058 1987 3118 2036 ut
3158 1981 3341 2052 impii,
3399 1985 3760 2054 gaudium:

2180 2072 2452 2141 conjuncti
2475 2072 2710 2139 aeternis,
2733 2072 2940 2128 similes
2962 2071 3089 2128 facti
3109 2080 3238 2128 sunt
3257 2073 3503 2144 Angelis
3530 2076 3642 2132 Dei.

2249 2163 2310 2218 In
2360 2177 2468 2233 quo
2519 2163 2974 2219 excellentissimo
3021 2176 3219 2232 genere
3275 2163 3552 2220 vincendi
3603 2169 3768 2224 beam

2179 2263 2386 2326 martyr
2406 2256 2856 2320 Emmerammus,
2886 2253 3040 2324 cujus
3060 2253 3221 2310 hodie
3242 2256 3556 2325 passionis,
3589 2258 3671 2314 vel
3687 2275 3766 2315 ua-

2181 2346 2306 2402 talis
2334 2347 2451 2402 dies
2487 2362 2612 2402 cum
2647 2345 2951 2401 laetabunda
2991 2343 3338 2400 solemnitate
3390 2347 3600 2412 illuxit,
3629 2365 3768 2418 qua

2180 2437 2413 2508 gloriosa
2435 2437 2635 2507 polleat
2653 2437 2936 2509 dignitate,
2971 2436 3018 2492 si
3044 2451 3240 2507 parum
3270 2445 3362 2493 est
3395 2441 3638 2496 terrenis
3664 2456 3772 2510 pro-

2179 2528 2422 2583 vectibus
2453 2529 2692 2594 credere,
2721 2528 3022 2585 cmlestium
3043 2529 3312 2584 virtutum
3358 2532 3772 2587 astruaionihus

2181 2621 2522 2690 approbetur.
2552 2620 2683 2687 Quae
2706 2627 2860 2676 tanto
2885 2604 3105 2675 uberius
3129 2619 3284 2675 ﬁdeli
3305 2622 3503 2690 cuique
3539 2623 3773 2686 elucum.

2179 2719 2382 2781 quanto
2411 2710 2572 2766 fidem
2595 2727 2716 2782 quae
2741 2711 2794 2765 in
2822 2709 2936 2779 ejus
2974 2719 3195 2780 pectore
3234 2710 3520 2783 ﬂagrabat,
3546 2726 3622 2767 ex
3657 2713 3775 2768 ani-

2180 2817 2272 2858 mo
2298 2793 2604 2869 conceperit
2637 2808 2693 2855 et
2712 2814 2874 2869 opere
2894 2801 3354 2869 comprobaverit.

2251 2891 2352 2947 Hic
2373 2889 2523 2946 enim
2564 2905 2663 2961 per
2707 2889 2948 2945 omnium
2972 2889 3168 2944 merita
3210 2890 3513 2958 gradum,
3563 2891 3770 2962 ponii-

2180 2991 2338 3038 catus
2376 2982 2580 3038 honore
2623 2987 2924 3052 promotus,
2963 2987 3018 3035 et
3057 2977 3239 3050 legum
3287 2980 3516 3036 Domini
3568 2984 3768 3052 perdius

2179 3089 2490 3146 pernoxque
2523 3082 2812 3139 scrutator,
2857 3071 3151 3142 eodemque
3198 3070 3641 3138 ferventissimo,
3671 3086 3765 3142 quo

2181 3166 2431 3229 diximus,
2457 3164 2754 3220 divinitatis
2774 3149 2906 3234 igne
2922 3175 3238 3224 succensus,
3260 3163 3528 3232 martyrii
3549 3163 3766 3234 palmus

483 3262 603 3320 limi
626 3263 754 3318 facti
779 3267 904 3316 sunt
931 3259 1226 3314 acerbitate
1248 3253 1538 3328 passionis.
1572 3251 1805 3308 Necesse
1825 3259 1910 3306 est
1932 3250 2078 3306 enim
2103 3239 2157 3304 Β
2182 3265 2297 3314 meo
2319 3256 2515 3312 mentis
2536 3255 2802 3311 desiderio
2824 3253 3147 3324 suspirabat,
3172 3251 3476 3308 Salomone
3497 3253 3763 3316 suadente,

467 3362 550 3410 .ut
568 3353 850 3410 charitatis
891 3350 1109 3406 vinculo
1139 3363 1198 3404 se
1232 3347 1425 3403 fortius
1457 3344 1534 3400 illi
1579 3342 1954 3413 colligaverint
1977 3356 2076 3411 pro

465 3461 594 3518 .quo
622 3445 726 3501 sibi
751 3457 926 3514 neque
951 3443 1019 3497 ad
1051 3441 1366 3497 eﬂ‘usionem
1397 3436 1676 3508 sanguinis
1714 3435 2071 3506 pepercerint.

465 3537 656 3606 Hujus
676 3537 874 3591 intuitu
896 3534 1116 3590 sordent
1135 3530 1435 3594 terrestria,
1462 3528 1782 3584 aﬂ‘ectantur
1804 3527 2071 3592 caelestia;

485 3629 596 3683 vile
629 3637 712 3683 est
735 3641 895 3681 omne
922 3625 1067 3694 quod
1116 3621 1324 3687 transit,
1370 3621 1668 3690 pretiosum
1697 3619 1842 3688 quod
1867 3624 2072 3672 manet.

483 3718 653 3787 Cujus
679 3715 1008 3783 adipiscendi
1034 3713 1205 3783 gratia
1227 3713 1282 3766 in
1318 3711 1426 3765 line
1463 3709 1707 3766 carnifex
1730 3718 1968 3778 rogatur,
2014 3715 2076 3762 ut

483 3808 688 3871 laniet;
724 3814 912 3868 tortor,
940 3820 1008 3858 ne
1032 3811 1252 3871 parcat;
1299 3801 1613 3870 spiculator,
1655 3808 1715 3856 ut
1754 3801 1929 3855 feriat.
1961 3798 2075 3854 Hoc

483 3897 603 3952 solo
637 3893 897 3958 contenti,
927 3906 1122 3960 corpus
1145 3898 1200 3946 et
1227 3891 1461 3946 animam
1501 3891 1802 3960 expendere
1829 3899 1956 3945 sunt
1979 3906 2076 3959 pa-

481 3985 614 4041 rati.
663 3983 829 4052 Cujus
871 3980 1150 4037 charitatis
1185 3980 1307 4050 igne
1346 3980 1636 4050 Apostolus
1664 3979 1911 4050 ﬂagrans,
1953 3993 2076 4035 cor-

483 4081 642 4144 repto
689 4071 1001 4128 certaminis
1047 4083 1261 4140 campo,
1301 4069 1716 4139 tripudiabiliter
1761 4067 2072 4134 exsultavit,

483 4165 700 4220 dicens:
729 4164 843 4234 Ego
874 4180 978 4218 non
1019 4161 1189 4217 solum
1230 4160 1464 4232 alligari,
1492 4161 1582 4216 sed
1606 4171 1654 4215 et
1701 4162 1833 4215 mori
1857 4169 2072 4232 paratus

483 4271 602 4309 sum
615 4271 710 4325 pro
730 4255 938 4308 nomine
959 4252 1173 4306 Domini
1190 4252 1338 4308 Iesu.
1365 4251 1476 4305 Nec
1501 4251 1639 4321 facio
1660 4252 1888 4306 animam
1903 4267 2072 4305 meam

460 4346 842 4418 pretiosiorem
867 4360 1026 4415 quam
1047 4359 1149 4400 me.
1179 4343 1280 4400 Cui
1310 4345 1470 4400 etiam
1496 4343 1660 4400 vivere
1693 4341 1932 4398 Christus
1959 4352 2071 4397 erat

482 4447 532 4492 et
566 4439 699 4492 mori
723 4437 945 4492 lucrum.
1299 4421 1301 4424 1

554 4527 620 4580 Hi
642 4543 770 4596 ergo
789 4525 1174 4598 promptissimi
1196 4525 1507 4596 passionum
1529 4523 1730 4581 Christi
1753 4529 2070 4588 sectatores,

480 4624 537 4670 et
560 4631 732 4687 usque
755 4617 823 4671 ad
861 4624 1094 4672 mortem
1117 4623 1389 4672 amatores
1413 4632 1428 4680 ;
1456 4613 1535 4681 hi,
1572 4615 1815 4683 inquam,
1842 4613 2072 4668 fortissi-

480 4706 558 4761 mi
609 4705 846 4770 athletae,
907 4706 1168 4760 bellorum
1218 4703 1520 4761 ccelestium
1567 4701 1846 4773 praesules,
1897 4701 2071 4756 sancti

477 4793 629 4848 Petri
657 4793 884 4862 apostoli
911 4795 1178 4848 sententia
1206 4792 1506 4858 informati,
1539 4792 1772 4848 dicentis
1796 4809 1809 4844 :
1859 4789 2073 4846 Charis-

481 4884 619 4945 simi,
653 4881 909 4950 Christus
940 4899 1126 4952 passus
1160 4893 1234 4937 est
1259 4899 1353 4954 pro
1377 4884 1544 4950 nobis,
1587 4882 1728 4937 vobis
1776 4881 2070 4952 relinquens

480 4973 806 5042 exentphtm,
842 4985 898 5026 ut
941 4975 1234 5044 sequamini
1277 4975 1490 5045 vestigia
1527 4974 1659 5044 ejus,
1701 4973 2070 5043 spiritualibus

481 5063 647 5116 armis
667 5063 993 5131 prae'muniti,
1018 5065 1165 5119 omni
1187 5065 1456 5120 mundana
1494 5065 1786 5134 cupiditate
1811 5063 2062 5135 expediti,

481 5153 705 5206 militari
730 5155 1008 5226 disciplina
1036 5157 1312 5221 callentes,
1341 5166 1468 5212 ante
1491 5157 1693 5231 bellum
1721 5165 1776 5212 et
1824 5158 1879 5212 in
1921 5156 2064 5212 bello

480 5249 678 5296 cuncta
698 5246 930 5312 experti,
949 5247 1181 5301 stadium
1211 5248 1481 5302 saevientis
1502 5250 1688 5304 mundi
1715 5256 2061 5318 occupantes,

480 5332 552 5387 ad
581 5333 863 5388 buccinam
885 5336 1205 5406 evangelicm
1229 5338 1604 5406 praeceptionis
1631 5339 1824 5393 intenti
1855 5338 2064 5394 hostem

480 5426 881 5496 provocabant;
932 5427 1357 5496 perduellionum
1403 5430 1680 5485 audaciam
1729 5430 2064 5485 incitabant:

480 5518 690 5573 excitos
732 5526 1058 5583 terruerunt,
1106 5519 1345 5587 pulsatos
1372 5520 1731 5576 obtriverunt.
1778 5520 1860 5573 Ad
1883 5526 2066 5575 extre-

2093 5565 2152 5630 Ι)

2178 3349 2234 3407 in
2281 3346 2674 3404 aemulationem
2721 3346 3000 3408 adductus,
3049 3358 3240 3398 carnes
3289 3358 3428 3399 suas
3472 3359 3576 3414 pro
3603 3358 3768 3400 amore

2178 3439 2384 3496 Christi
2407 3437 2750 3510 expendere;
2791 3444 2852 3491 ut
2875 3435 2969 3505 qui
2995 3433 3061 3488 ad
3086 3448 3344 3504 magnam
3385 3435 3614 3490 sederat
3635 3449 3766 3489 mea.

2179 3547 2320 3599 sam,
2358 3533 2474 3602 ipse
2511 3545 2725 3601 quoque
2752 3529 2879 3584 talia
2903 3527 3201 3584 meminerit
3232 3543 3580 3599 praeparare.
3609 3529 3765 3608 [ipso

2176 3623 2347 3694 gelica
2395 3622 2558 3677 etiam
2598 3635 2730 3676 voce
2776 3618 3101 3682 admonitus,
3148 3616 3421 3686 Majorem
3471 3619 3763 3673 charum

2177 3727 2328 3767 nemo
2361 3712 2535 3778 habet,
2569 3726 2726 3782 quam
2768 3718 2824 3763 ut
2868 3708 3102 3762 animum
3137 3723 3292 3761 suam
3331 3719 3502 3776 ponat
3541 3709 3658 3778 quis
3682 3722 3760 3775 pa

2175 3803 2360 3858 amicis
2401 3804 2551 3857 suis:
2580 3802 2684 3856 hoc
2727 3796 3048 3854 beneficium
3103 3795 3488 3866 Redemptori,
3519 3807 3760 3867 quantm

2175 3895 2233 3951 in
2275 3909 2334 3951 se
2381 3894 2503 3959 fuit,
2551 3891 2850 3963 rependere
2887 3891 3092 3953 volens,
3143 3889 3308 3943 anxio
3359 3888 3534 3946 ﬂuctu
3589 3890 3755 3951 animi,

2175 3999 2276 4041 nec
2303 3984 2420 4040 sine
2463 3997 2784 4055 magnarum
2827 3995 3011 4038 rerum
3048 3978 3328 4037 molitione
3362 3979 3428 4035 in
3470 3982 3575 4038 hoc
3621 3993 3758 4052 urge-

2174 4073 2356 4130 batur.
2472 4102 2500 4116 ο

2244 4163 2420 4220 Natali
2447 4163 2681 4234 denique
2724 4163 2838 4219 solo
2864 4160 3102 4232 patiendi
3131 4161 3425 4217 materiam
3470 4162 3578 4218 sibi
3618 4163 3758 4218 dme-

2172 4261 2350 4326 gante,
2395 4253 2639 4310 collectis
2689 4253 2896 4310 viribus
2938 4253 3150 4308 hostem
3199 4253 3554 4310 idolonatram
3601 4253 3754 4309 ωιωε

2151 4350 2415 4406 veritatis
2461 4351 2785 4420 quaesiturus
2840 4347 3132 4418 egreditur,
3183 4349 3396 4420 antiqui
3445 4348 3754 4421 patriarcha

2171 4453 2270 4509 per
2298 4439 2404 4494 hoc
2429 4438 2676 4494 imitatus
2721 4435 3046 4506 exemplum,
3087 4436 3175 4492 cui
3208 4435 3393 4491 divino
3438 4445 3754 4507 precept“

2176 4537 2262 4584 est
2280 4529 2538 4586 oraculo:
2571 4528 2678 4582 Exi
2705 4527 2769 4581 de
2795 4535 2935 4581 terra
2967 4536 3080 4593 tua,
3123 4536 3174 4580 et
3213 4525 3277 4578 de
3305 4526 3621 4595 cognatione
3641 4534 3755 4576 tua:

2174 4627 2221 4673 et
2246 4619 2360 4674 veni
2387 4620 2446 4674 in
2479 4628 2674 4673 terram
2697 4634 2856 4690 quam
2896 4627 3250 4690 monstravere
3272 4616 3391 4671 tibi.
3447 4615 3565 4670 Hoc
3590 4614 3755 4671 curri.

2168 4709 2290 4765 culo
2336 4709 2504 4765 divini
2546 4687 2720 4780 praelii
2763 4717 3067 4780 praepotens
3104 4687 3332 4764 beTlator
3372 4707 3643 4774 intentus,
3691 4706 3754 4762 si:

2167 4798 2376 4856 caelesti
2429 4799 2801 4855 moderamine
2845 4798 3131 4874 coercitus,
3174 4798 3495 4852 necessario
3541 4797 3752 4856 desidit,

2168 4903 2276 4960 quo
2298 4889 2521 4944 minime
2546 4888 2785 4946 decrevit
2809 4904 2824 4942 :
2850 4903 2950 4944 nec
2982 4903 3111 4958 ergo
3136 4885 3512 4958 progreditur,
3544 4902 3656 4957 quo
3677 4901 3752 4938 co-

2113 5011 2136 5026 .
2168 4992 2317 5033 ronae
2352 4978 2546 5048 cupido
2577 4979 2867 5036 nitebatur.
2916 4976 3172 5034 Dissimili
3199 4990 3362 5031 causa
3391 4978 3629 5046 parilem
3650 4975 3751 5045 qui-

2159 5071 2290 5128 dem
2329 5069 2598 5142 martyrii,
2640 5085 2801 5139 quem
2837 5069 3072 5134 sitiebat,
3114 5066 3339 5136 adeptus
3363 5075 3450 5121 est
3482 5069 3750 5122 honorem.

2237 5159 2407 5216 Nacta
2443 5174 2572 5214 vero
2598 5157 2879 5214 occasione
2909 5155 3037 5210 illud
3077 5153 3381 5210 Salomonis
3418 5156 3632 5211 dietum
3657 5156 3751 5208 im-

2165 5249 2345 5321 plendi
2369 5267 2381 5301 :
2414 5248 2576 5318 Eripe
2601 5264 2686 5302 eos
2711 5247 2801 5316 qui
2841 5245 3107 5298 ducuntur
3147 5244 3216 5297 ad
3243 5253 3488 5310 mortem,
3522 5261 3646 5300 cum
3672 5253 3751 5298 aut

2168 5340 2299 5394 illud
2337 5338 2647 5392 mandatum
2686 5343 3094 5404 exsequeretur,
3145 5342 3236 5388 aut
3264 5348 3394 5389 reus
3423 5334 3488 5388 in
3527 5335 3750 5404 peccatis

2174 5437 2514 5484 moreretur:
2549 5435 2699 5482 totus
2736 5426 2792 5481 in
2839 5427 3047 5480 viscera
3095 5425 3493 5493 compassionis
3539 5426 3748 5486 effusus,

2171 5528 2226 5575 et
2245 5520 2300 5574 in
2321 5521 2425 5575 hoc
2444 5532 2570 5572 vere
2595 5517 2806 5574 Domini
2829 5517 2912 5578 sui
2935 5515 3174 5570 imitator
3197 5514 3439 5579 effectus,
3464 5517 3566 5586 qui
3586 5517 3749 5571 aliena

481 5620 631 5658 mum
674 5606 774 5674 ipsi
823 5607 1168 5661 victoriarum
1218 5608 1387 5677 gloria
1431 5610 1595 5674 ducti,
1650 5609 1788 5662 mole
1816 5608 2063 5664 vincendi
2093 5606 2389 5682 "peccata
2416 5610 2686 5666 transtulit
2712 5610 2768 5664 in
2795 5620 3019 5675 corpore
3044 5621 3141 5661 suo
3186 5620 3350 5674 super
3391 5606 3624 5675 lignum,
3660 5607 3751 5661 mi-

480 5697 820 5764 oppetierunt
846 5713 860 5762 ;
890 5705 946 5750 et
975 5698 1041 5752 ad
1070 5698 1271 5766 Regem
1319 5714 1496 5764 suum,
1523 5714 1628 5768 quo
1671 5707 1974 5769 spectatore
2009 5705 2061 5755 et

447 5867 462 5884 Ι
481 5784 727 5854 adjutore
751 5796 1074 5860 pugnarunt,
1109 5790 1333 5861 perenni
1368 5790 1538 5861 gloria
1577 5791 1761 5849 donati
1802 5805 2060 5864 pervened

1272 6143 1283 6148 -
1289 6144 1292 6146 .
1337 6144 1355 6148 μ
1397 6141 1413 6148 ον
1456 6139 1461 6146 ι
1506 6144 1507 6147 η

2159 5718 2412 5785 serorum
2437 5700 2714 5771 supplicia,
2744 5712 2862 5768 quas
2903 5697 3188 5767 pavebant,
3223 5696 3336 5766 ipse
3369 5699 3668 5755 sustinuit:
3703 5705 3752 5752 et

2109 5797 2145 5873 fe
2168 5808 2386 5851 crucem
2411 5793 2623 5852 Domini
2648 5806 2745 5862 per
2765 5787 2895 5850 foedi
2920 5788 3162 5848 criminis
3199 5789 3575 5860 opprobrium,
3613 5787 3749 5862 quod
