3950 6308
158 447 275 506 1569

779 436 1104 496 CARNERII
1137 430 1427 494 ABBATIS
1461 428 1758 490 LEGATIO
1791 430 1885 489 AD
1919 429 2159 490 REGEM
2193 428 2657 490 AISTULPHUM.

3201 425 3348 487 13⁸10

153 563 202 620 iu
224 569 437 630 stuprum
458 553 689 628 prolapsi
717 553 1060 620 admiserant,
1081 549 1401 607 venerabilis
1427 547 1676 605 sacerdos
1697 549 1754 613 Α
1775 557 1869 603 est.
1897 547 1958 602 In
1999 546 2114 616 ipso
2155 547 2316 603 etiam
2353 561 2501 611 sexu,
2536 544 2740 602 scilicet
2779 544 3001 602 artubus
3035 544 3093 601 in
3120 544 3212 605 illo
3239 565 3348 610 non

151 655 275 713 ferre
293 666 386 708 non
404 649 687 707 recusavit.

209 744 330 813 Quid
363 741 552 796 fratres
591 738 741 794 mei?
787 735 931 806 quod
971 735 1172 790 facmm
1215 734 1341 789 huic
1383 732 1558 789 simile
1580 747 1680 786 un-

149 849 290 906 quam
309 829 518 892 vidisti?
547 827 716 896 Quam
744 826 972 897 gloriam
1014 825 1141 881 huic
1171 823 1397 895 martyri
1422 829 1479 877 et
1499 835 1680 877 sacer-

145 925 245 982 doti
262 919 676 992 aequiparandam
718 917 960 989 putatis?
996 915 1143 971 Elias
1167 923 1222 971 et
1259 913 1495 971 Joannes
1521 911 1679 968 adul-

145 1015 265 1072 teria
300 1027 474 1085 regum
517 1008 805 1081 coniugum
846 1008 1186 1078 castigantes,
1231 1008 1390 1062 ambo
1435 1005 1682 1060 levantur

141 1105 193 1161 in
217 1104 426 1168 omium;
451 1101 540 1156 ille
565 1115 664 1170 per
681 1113 921 1163 currum,
947 1098 1048 1154 iste
1072 1112 1171 1169 per
1195 1095 1532 1167 martyrium.
1575 1092 1682 1148 Sed

139 1195 230 1252 hos
254 1192 488 1249 nimirum
531 1191 704 1247 levior
742 1189 999 1253 conditio,
1041 1189 1220 1244 minor
1249 1187 1543 1242 necessitas
1586 1199 1679 1239 ur-

138 1288 297 1359 gebat.
343 1273 472 1340 Nam
510 1299 612 1340 nec
648 1283 790 1339 inter
827 1281 1019 1338 stultos
1054 1280 1271 1351 quidem
1318 1279 1532 1344 desunt,
1587 1276 1677 1346 qui

138 1378 292 1434 multo
325 1376 677 1433 honestiorem
721 1382 912 1447 putent
940 1387 1160 1430 causam
1205 1370 1474 1440 increpiti,
1517 1382 1680 1440 quam

137 1469 336 1525 admissi
361 1468 612 1524 incestus.
658 1467 895 1537 Uterque
932 1465 1146 1521 illorum
1166 1478 1264 1533 pro
1283 1463 1510 1518 veritate
1554 1475 1586 1515 a
1617 1457 1684 1512 li-

134 1559 370 1617 bidinosis
392 1567 597 1616 tantum
615 1560 964 1630 appetebatur
985 1573 1000 1611 :
1024 1558 1113 1616 hic
1131 1565 1311 1612 autem
1333 1552 1682 1610 violatoribus

132 1651 256 1706 dans
297 1651 596 1706 facultatem
648 1651 704 1705 in
747 1664 806 1705 se
851 1647 1208 1704 transferendi
1249 1644 1524 1707 facinoris,
1573 1657 1682 1697 uno

131 1741 288 1798 solum
335 1743 646 1813 presbytero
700 1741 1022 1797 innocentiae
1069 1754 1183 1794 sua:
1231 1737 1371 1793 inter
1423 1736 1682 1792 mortales

132 1841 258 1890 teste
295 1834 492 1899 relicto,
537 1833 698 1903 elegit
722 1847 895 1887 .suam
943 1830 1122 1900 potius
1153 1829 1322 1884 vitam
1360 1827 1586 1897 profana
1611 1825 1680 1881 ad

1774 639 2055 713 pudendis,
2072 636 2466 695 inconsiderata
2478 636 2728 694 ferocitas
2738 650 3013 711 perversa,
3026 638 3163 710 proh
3175 638 3350 697 dolori

1777 732 2019 789 exercuit
2033 732 2254 802 judicia.

1848 821 1956 887 Sic,
2008 820 2236 886 Christe,
2292 821 2390 877 tibi
2415 821 2762 877 militantium
2808 821 2996 887 virtus,
3048 823 3225 895 gregis
3273 822 3352 880 tui

1777 911 2028 968 δίδοι-ὼε
2051 919 2109 967 et
2155 911 2349 978 hostia,
2391 911 2579 984 clypeo
2612 912 2935 968 suilerentise
2979 913 3351 983 praemunitus,

1779 1010 1833 1058 te
1859 1010 2066 1059 astante
2109 1011 2162 1058 et
2199 1003 2378 1058 omnia
2412 1003 2634 1060 vulnera
2680 1003 2814 1074 ejus,
2862 1011 2970 1060 tua:
3013 1020 3174 1060 causa
3222 1005 3354 1060 dile-

1781 1095 1972 1151 ctionis
2016 1093 2216 1150 inﬂicta
2266 1081 2603 1164 numerante,
2629 1093 2869 1153 centenae
2903 1104 3110 1168 martyr
3142 1111 3355 1152 coronat

1780 1185 2019 1255 angelica
2039 1199 2236 1256 pompa
2259 1187 2565 1253 subvectus,
2589 1187 2979 1258 triumphorum
3007 1188 3179 1258 gloria
3205 1186 3356 1242 exal-

1780 1285 1946 1344 tatus,
2001 1277 2274 1334 cmlestem
2332 1280 2507 1336 aulam
2546 1283 2822 1348 ascendit;
2876 1281 3140 1351 completo
3188 1282 3242 1336 in
3290 1296 3362 1337 eo

1781 1369 1924 1438 quod
1951 1366 2204 1424 Salomon
2228 1367 2516 1426 admonet:
2547 1369 2673 1425 Non
2696 1370 2918 1426 verearis
2939 1387 3101 1441 usque
3125 1371 3194 1425 ad
3217 1385 3364 1424 mor-

1780 1467 1882 1512 tem
1900 1458 2189 1529 justiﬁcari
2211 1477 2231 1526 ,°
2256 1462 2381 1531 quia
2409 1478 2603 1516 merces
2629 1461 2727 1517 Dei
2770 1471 2946 1518 manet
2983 1463 3041 1518 in
3081 1473 3360 1518 (eternum.

1779 1548 1849 1604 Et
1881 1549 2202 1607 Psalmista:
2249 1551 2354 1616 Qui
2393 1552 2661 1622 conﬁdunt
2685 1554 2740 1608 in
2775 1553 3021 1620 Domino,
3049 1555 3182 1609 sicut
3209 1570 3363 1609 mons

1781 1636 1931 1702 Sion,
1963 1657 2066 1695 non
2089 1642 2542 1697 commovebuntur
2573 1643 2630 1698 in
2657 1651 2928 1698 wternum.
2965 1645 3208 1714 Itemque
3233 1659 3362 1715 apo-

1780 1731 1952 1788 stolus
1981 1732 2252 1789 Iacobus:
2294 1734 2488 1790 Beatus
2519 1735 2598 1789 uir
2626 1736 2713 1804 qui
2755 1736 2941 1805 suffert
2981 1737 3318 1791 teutationem
3339 1751 3358 1790 :

1779 1825 2047 1896 quoniam,
2078 1841 2195 1878 cum
2221 1826 2469 1896 probatus
2497 1826 2676 1896 fuerit,
2700 1828 2918 1897 accipiet
2945 1843 3193 1882 coronam
3219 1829 3358 1884 vita.

131 1927 324 1988 tempus
348 1896 649 1990 suspicione
674 1896 1072 1984 commaculari,
1099 1931 1132 1971 a
1156 1917 1266 1971 Deo
1298 1896 1477 1972 autem
1503 1930 1680 1972 secre-
1705 1896 1757 1961 Β
1854 1913 1937 1969 Sit
1981 1915 2148 1985 igitur
2193 1914 2365 1970 Roma
2397 1915 2625 1972 celebris
2665 1896 2978 1983 Laurentio,
3026 1916 3362 1974 Hierusalem

128 2018 296 2068 torum
317 2012 547 2076 conscio,
582 2025 690 2080 quo
718 2011 832 2080 ipse
875 2009 1036 2064 vellet
1059 2009 1268 2075 ordine,
1303 2007 1676 2080 purgandam:

125 2116 280 2170 quam
304 2100 581 2158 noxiorum
602 2100 767 2156 vitam
793 2115 887 2170 per
909 2100 1122 2157 diversa
1161 2106 1547 2156 tormentorum
1589 2113 1681 2171 ge-

126 2206 246 2248 nera
269 2192 425 2247 finiri.
1023 2195 1028 2199 ’

192 2283 443 2340 Recolens
462 2285 607 2340 enim
649 2285 935 2344 Dominum
975 2283 1241 2341 dicentem
1264 2300 1278 2339 :
1300 2283 1440 2340 Nolo
1464 2292 1682 2339 mortem

118 2372 408 2442 peccatoris,
437 2374 527 2428 sed
552 2383 610 2428 ut
636 2384 964 2431 convertatur
996 2384 1047 2429 et
1082 2375 1235 2441 vivat,
1268 2384 1554 2446 peccantes
1581 2375 1684 2431 sibi

119 2460 382 2516 confessos
403 2461 472 2517 ad
499 2464 892 2520 correctionem
936 2465 1268 2521 reservavit:
1315 2473 1372 2522 et
1412 2480 1473 2522 se
1508 2466 1683 2536 ipsum

117 2565 214 2621 pro
249 2564 426 2606 eorum
473 2554 737 2610 mortibus
777 2555 1137 2624 gratissimam
1181 2557 1292 2611 Deo
1325 2557 1554 2612 hostiam
1584 2558 1686 2612 im-

118 2640 304 2695 molari
341 2642 603 2711 permisit.
644 2644 808 2700 lrruit
847 2661 1011 2715 super
1055 2662 1179 2703 eum
1219 2645 1462 2702 funestus
1505 2647 1685 2714 lictor,

117 2728 324 2785 Satanas
347 2729 498 2788 ferali
533 2732 771 2803 percitus
798 2734 985 2802 rabie;
1029 2744 1383 2807 sanctumque
1409 2738 1506 2793 Dei
1547 2739 1688 2793 anti-

113 2819 312 2886 stitem,
343 2821 559 2878 innocui
602 2825 890 2881 comitatus
931 2825 1056 2898 fuga
1079 2826 1354 2883 desertum
1398 2829 1714 2900 abstrahit,

107 2911 262 2982 juxta
295 2914 435 2982 quod
482 2915 742 2986 scriptum
787 2925 912 2972 est:
964 2917 1268 2974 Percutiam
1306 2930 1590 2990 pastorem,
1638 2930 1686 2976 et

106 2999 466 3071 dispergentur
489 3019 605 3058 oves
635 3005 825 3077 gregis.

184 3088 282 3146 llic
305 3091 372 3146 ad
404 3091 615 3148 libitum
649 3095 883 3152 crudelis
920 3096 1130 3166 bellum,
1170 3099 1552 3158 sacratissima:
1576 3101 1688 3157 Deo

103 3178 298 3236 hostire
321 3183 461 3240 aries
495 3185 700 3242 electus
731 3195 842 3243 toto
863 3203 1091 3258 corpore
1114 3189 1366 3250 laniatur.

232 3290 352 3370 (Ira,
361 3303 642 3370 manusque
659 3296 842 3370 ambas,
868 3297 1197 3370 populataque
1220 3310 1440 3365 tempora
1458 3308 1612 3370 raptis

233 3351 467 3417 Auribus,
490 3363 544 3407 et
561 3351 760 3409 truncas
781 3351 1054 3412 miserando
1071 3351 1499 3427 vulnereﬁn'ar'eﬁs

180 3451 472 3510 Cerebrum
509 3470 722 3528 quoque
757 3458 960 3515 lumine
993 3461 1271 3532 sapientiae
1309 3480 1524 3536 semper
1550 3467 1689 3524 irra-

96 3542 314 3598 diatum
347 3545 628 3602 oculorum
667 3549 788 3604 luce
815 3551 1135 3620 privarunt;
1181 3569 1304 3610 cum
1344 3556 1421 3612 illi
1467 3558 1706 3628 interior

94 3631 256 3687 acies
275 3634 442 3699 animi
463 3636 628 3692 etiam
667 3638 941 3696 mundano
967 3641 1081 3697 sole
1106 3643 1420 3710 vibrantior,
1455 3646 1692 3704 indefec-

96 3722 218 3777 tiva
259 3729 436 3778 status
479 3725 564 3779 sui
604 3727 850 3784 claritate
893 3728 1119 3787 luceret.
1169 3733 1431 3805 Linguam
1480 3753 1696 3809 quoque

93 3812 350 3869 caelestis
369 3815 573 3870 oraculi
590 3817 913 3886 ministram,
929 3836 996 3877 ex
1018 3823 1275 3880 invisibili
1291 3824 1452 3883 fontis
1473 3843 1692 3898 arcano,

91 3902 256 3974 iuxta
299 3907 445 3974 quod
492 3908 631 3964 ratio
678 3922 980 3978 censuerat,
1035 3928 1172 3970 nova
1218 3917 1579 3986 proferentem
1642 3931 1698 3978 et

89 4003 316 4059 vetera,
340 3995 408 4050 de
435 3998 606 4054 sancti
651 4000 764 4056 oris
792 4018 1008 4059 camera
1035 4005 1260 4075 pestifer
1296 4009 1582 4082 chirurgus
1604 4028 1694 4068 ra-

90 4083 306 4138 dicitus
342 4087 544 4141 evellit.
572 4087 800 4147 Insanus
833 4091 1004 4159 furor,
1048 4111 1312 4167 nusquam
1337 4085 1698 4170 pertractans,

85 4173 235 4242 quia
264 4173 413 4231 labia
453 4180 743 4236 sacerdotis
786 4185 1084 4240 custodiunt
1107 4189 1418 4256 scientiam;
1458 4200 1506 4245 et
1533 4192 1695 4264 legem

83 4269 372 4336 requirent
391 4287 458 4325 ea:
475 4287 565 4328 ore
583 4274 720 4344 ejus,
757 4277 884 4347 quia
901 4278 1130 4350 Angelus
1151 4281 1366 4338 Domini
1378 4286 1700 4339 exercituum

1783 2005 2054 2077 Stephano
2073 2007 2290 2078 inclyta,
2311 2007 2579 2079 Carthago
2604 2009 2800 2065 nobilis
2821 2009 3110 2080 Cypriano,
3133 2008 3364 2081 Smyrna

1780 2097 2100 2171 Polycarpo,
2128 2100 2383 2170 Hispania
2405 2100 2628 2157 illustris
2655 2101 2965 2171 Cucuphate
2990 2117 3186 2170 magno
3211 2119 3224 2156 :
3261 2116 3363 2158 no-

1782 2203 1896 2250 stra
1930 2201 2112 2250 autem
2141 2193 2436 2264 Ratispona
2463 2193 2691 2250 mirifice
2735 2195 2790 2248 in
2815 2195 3095 2251 sacerdote
3133 2204 3188 2250 et
3221 2210 3369 2250 mar—

1783 2290 1906 2355 tyre
1950 2299 2050 2340 suo
2085 2284 2317 2356 gaudeat
2363 2284 2799 2353 Emmerammo;
2836 2301 2943 2340 non
2971 2285 3150 2342 minus
3175 2287 3370 2356 gratia:

1783 2373 2106 2430 beneficium
2147 2375 2216 2430 ab
2239 2374 2344 2432 hoc
2375 2389 2599 2444 sperans
2636 2383 2868 2448 patrono
2907 2389 3070 2444 quam
3097 2383 3152 2432 et
3177 2387 3370 2430 earum

1785 2464 2038 2535 quaelibet
2059 2479 2090 2519 a
2117 2479 2216 2520 suo
2241 2464 2704 2535 indulgentissimo
2737 2472 2978 2535 parente.

1855 2553 2162 2614 Referimus
2185 2567 2315 2624 ergo
2341 2555 2442 2609 tibi
2467 2561 2648 2626 grates
2673 2554 2728 2608 in
2756 2553 3015 2609 honorem
3040 2551 3366 2617 Divinitatis,

1785 2661 1821 2702 o
1844 2655 2034 2716 terque
2065 2654 2363 2716 quaterque
2391 2643 2518 2700 felix
2544 2653 2600 2700 et
2624 2645 2937 2702 beatissime
2983 2644 3201 2715 praesul,
3231 2643 3368 2699 θωιο

1785 2742 2054 2803 terraeque
2102 2733 2469 2789 honorabilis:
2507 2732 2660 2802 cujus
2703 2733 2845 2787 inter
2888 2746 3076 2787 omnes
3103 2739 3370 2801 martyres

1787 2838 1952 2880 causa
1977 2823 2186 2878 exstitit
2214 2821 2519 2893 singularis,
2543 2823 2690 2877 omni
2716 2837 2875 2892 pmna
2901 2821 3200 2886 molestior,
3223 2819 3372 2875 omni

1787 2915 2056 2985 exquisita
2099 2915 2331 2970 tortione
2359 2913 2648 2970 crudelior.
2696 2912 2814 2968 Non
2861 2913 3008 2968 enim
3037 2927 3196 2982 pmna
3226 2927 3374 2966 mar-

1784 3013 1961 3077 tyrem
1985 3005 2136 3072 facit,
2178 3007 2274 3062 sed
2299 3021 2481 3061 causa.
2532 3005 2661 3062 Haec
2685 3006 2783 3061 tibi
2811 3020 2912 3060 nec
2958 3004 3214 3075 Stephani
3257 3020 3377 3058 san-

1787 3098 2028 3168 guinem,
2059 3112 2160 3153 nec
2183 3097 2462 3153 Laurentii
2488 3095 2755 3163 ﬂammas,
2799 3111 2975 3166 neque
3003 3111 3192 3166 rogum
3219 3095 3380 3167 Poly-

1788 3189 1958 3260 carpi,
1988 3203 2095 3244 non
2124 3188 2355 3244 Thebea:
2382 3187 2608 3256 legionis
2637 3187 2986 3256 triumphum,
3012 3201 3120 3240 non
3149 3185 3381 3254 denique

1789 3281 2030 3337 omnium
2049 3279 2372 3334 athletarum
2384 3279 2581 3334 Christi
2599 3279 2894 3334 certamina
2914 3277 3167 3349 praetulit.
3196 3277 3382 3332 Toties

1790 3371 1936 3427 enim
1964 3385 1997 3424 a
2043 3367 2190 3440 Rege
2230 3377 2323 3425 tuo
2371 3385 2431 3425 es
2475 3377 2766 3425 coronatus
2795 3369 2849 3424 in
2880 3368 3048 3433 oculis,
3086 3368 3296 3436 quoties
3322 3368 3382 3423 in

1792 3467 1888 3516 tuo
1930 3458 2274 3516 sanctissimo
2313 3475 2544 3531 corpore
2589 3443 2955 3516 membrorum
3003 3459 3285 3514 mutilatas
3319 3473 3383 3516 es

1793 3552 2156 3608 truncatione.
2207 3551 2372 3621 Cujus
2399 3553 2456 3607 in
2488 3551 2790 3607 humilitate
2819 3550 3089 3606 sublatum
3115 3559 3199 3605 est
3237 3548 3385 3618 judi-

1798 3643 1962 3711 cium,
1993 3643 2085 3713 qui
2113 3643 2422 3699 saavientem
2459 3651 2746 3714 tyrannum
2782 3642 3008 3712 placida:
3049 3642 3168 3697 ovis
3210 3641 3384 3698 instar

1795 3736 2063 3807 pertulisti
2087 3753 2101 3802 ;
2130 3735 2446 3793 carnificum
2469 3737 2582 3792 iras
2603 3737 2939 3806 quietissima
2958 3736 3216 3807 patientia
3248 3735 3384 3792 tole-

1797 3828 1951 3885 rasti.
1980 3828 2101 3884 Tibi
2127 3843 2278 3897 ergo,
2314 3829 2652 3885 sanctissime
2696 3828 2911 3898 praesul,
2956 3828 3292 3892 assistentes,
3331 3835 3387 3880 et

1797 3918 1855 3976 in
1879 3920 1982 3976 hac
2013 3920 2100 3976 die
2124 3919 2502 3976 sacratissima;
2542 3919 2808 3990 passionis
2845 3928 2950 3974 tuae
2975 3925 3249 3987 utcunque
3271 3915 3387 3971 lau—

1800 4013 1930 4070 dum
1957 4020 2080 4069 vota
2108 4011 2297 4068 humili
2323 4011 2544 4068 servitio
2569 4011 2957 4092 persolveutes,
2985 4009 3222 4066 caelestis
3246 4007 3388 4068 dono

1799 4104 2189 4161 benedictionis
2231 4104 2467 4159 invisere
2491 4101 2767 4174 digneris;
2795 4108 3010 4156 tuorum
3043 4105 3268 4169 peccata
3293 4112 3388 4153 ex-
3485 4097 3506 4108 “’

1801 4209 2016 4258 cusans,
2041 4202 2098 4248 et
2118 4193 2242 4249 vitae
2268 4202 2467 4249 nostrae
2491 4194 2838 4247 moderamen
2864 4189 3006 4260 apud
3031 4188 3207 4258 ipsum
3229 4185 3390 4243 mise-

1805 4287 2054 4344 ricordiae
2089 4285 2294 4342 fontem
2319 4285 2534 4342 assidua
2562 4283 2947 4341 intercessione
2971 4281 3280 4351 disponens.

98 4397 3388 4463 ww”

667 4591 935 4733 GA
961 4595 1920 4745 RNEB-IUS
2015 4521 2810 4746 .ABBAS.

1493 4864 2025 4890 *—

183 4940 199 4947 ’
284 4973 324 5016 ³
383 4983 1082 5118 LEGATIO
1175 4991 1383 5119 AD
1479 4999 2028 5130 REGEM
2120 5001 3196 5135 AISTULPHUM.

515 5202 733 5276 (Morio,
760 5202 994 5260 Histoire
1018 5205 1082 5260 de
1104 5207 1344 5278 l’origine
1370 5218 1418 5263 et
1442 5210 1532 5265 des
1559 5212 1772 5284 progres
1802 5214 1867 5269 de
1893 5214 1945 5270 la
1973 5218 2330 5273 souveraineté
2347 5217 2645 5288 temporelle
2673 5217 2763 5272 des
2785 5217 2995 5288 papes.)

161 5345 263 5419 Le_
305 5355 474 5419 pape_
507 5337 735 5419 Etienne
767 5337 866 5419 _Ill,
901 5337 1098 5419 presse
1123 5337 1243 5419 plus
1280 5338 1563 5419 .vivement
1603 5356 1708 5419 que
1738 5343 1791 5405 D
1815 5344 2088 5419 troubles,
2119 5361 2188 5419 a_u
2233 5347 2314 5402 roi
2363 5347 2528 5419 Pepin
2564 5355 2618 5403 et
2643 5347 2673 5401 ὸ
2721 5362 2810 5419 ses
2853 5347 3089 5419 enfants,
3137 5364 3274 5419 pour
3320 5350 3398 5406 les

79 5407 441 5484 iaruais-par
460 5411 517 5484 le_
541 5411 622 5465 rei
650 5410 744 5484 des
765 5407 1083 5484 Lombards,
1121 5408 1323 5484 n’avait
1348 5410 1472 5484 plu_s_
1507 5407 1710 5484 d‘espé-

89 5498 270 5540 -ance
299 5477 473 5552 q'u‘en
503 5481 556 5535 la
599 5479 784 5536 valeur
830 5486 884 5534 et
919 5494 984 5532 en
1026 5477 1074 5532 la
1108 5477 1249 5552 piéte:
1293 5477 1387 5534 des
1432 5477 1710 5546 Francais.

79 5555 120 5614 ll
149 5549 380 5612 écriv—it
425 5553 586 5619 done,
614 5566 683 5605 au
729 5557 1192 5606 commencement
1217 5549 1283 5605 de
1308 5563 1398 5604 ces
1427 5565 1710 5606 nouveaux

159 5720 192 5748 ι
219 5705 491 5763 Morinus
510 5704 839 5762 Gallicanam
859 5706 1160 5761 versionem
1199 5713 1407 5760 tantum
1429 5707 1582 5763 nobis
1607 5723 1720 5763 ser-

79 5778 262 5848 vaviti
272 5777 559 5848 orationis
570 5775 814 5848 Camerii
835 5776 1045 5831 abbatis
1058 5776 1129 5848 ad
1149 5791 1327 5848 regem
1350 5776 1711 5848 Aistulphum,

79 5863 203 5908 nec
225 5847 313 5907 de
348 5847 508 5910 fonte
531 5862 598 5909 ex
619 5861 728 5927 quo
753 5845 892 5907 hanc
931 5845 1235 5909 orationem
1255 5845 1543 5920 exceperat
1566 5863 1718 5908 men-

1816 5417 2018 5470 avcrtir
2058 5417 2123 5470 de
2153 5417 2215 5490 la
2248 5418 2468 5490 pertidie
2511 5418 2860 5490 d’Aistulphe,
2908 5418 3026 5474 leur
3051 5417 3296 5490 fexposer
3320 5419 3400 5475 les

1814 5495 2067 5557 outrages
2089 5487 2217 5556 qu’il
2244 5487 2424 5542 faisait
2463 5497 2582 5543 tous
2610 5490 2687 5544 les
2715 5487 2868 5557 jours
2895 5505 2999 5544 aux
3044 5487 3319 5554 Romains,
3345 5498 3400 5544 et

1815 5569 1954 5625 pour
1975 5527 2060 5613 ies
2103 5527 2338 5628 éupplier
2378 5527 2921 5630 principaienientile
2961 5527 3012 5614 ii:
3055 5527 3400 5615 contraindre

1817 5715 2020 5791 tionem
2060 5716 2206 5791 fecit.
2232 5717 2378 5791 illam
2407 5720 2572 5791 igitur
2595 5721 2648 5775 in
2693 5721 2948 5779 idiomate
2984 5719 3172 5776 eodem
3197 5732 3258 5774 ac
3284 5717 3400 5774 Mo-

1819 5785 1974 5851 rinus
2000 5789 2360 5848 rccudendam
2393 5785 2716 5863 putavimus.
