3950 6308
298 699 302 703 -
393 459 1483 762 ANONYMr
1543 459 2508 756 "samum
2637 576 3122 742 VIII.

502 1202 989 1295 INCERTI
1046 1198 1202 1288 AD
1259 1195 1842 1296 PIPPINUM
1900 1193 2337 1288 REGEM
2414 1193 3008 1294 EPISTOLA.

1262 1398 1354 1452 lEx
1373 1399 1644 1461 Duchesn.,
1669 1393 1799 1450 Hist.
1826 1395 2002 1450 Franc.
2024 1399 2232 1465 Script.)

1571 1551 1927 1572 ψ

195 1694 422 1755 Domino
467 1685 890 1750 clementissimo.
921 1689 975 1739 et
1015 1696 1047 1736 a
1085 1679 1198 1737 Deo
1238 1678 1410 1734 electo
1446 1684 1501 1731 et
1539 1676 1710 1732 subli-
1729 1686 1788 1748 Α
1808 1695 1931 1736 sare
1963 1695 2145 1736 coram
2183 1681 2392 1737 cunctis
2424 1681 2790 1754 principibus,
2823 1663 2966 1739 idem
3002 1685 3115 1755 ipse
3148 1685 3385 1742 clemen-

127 1799 306 1856 mato,
355 1785 582 1858 Pippino
625 1781 738 1853 regi
781 1793 944 1849 quam
989 1771 1560 1844 magniﬁcentissimo,
1609 1771 1708 1825 ille-

127 1881 348 1940 humilis
378 1892 596 1941 servus,
630 1879 686 1928 et
717 1867 1004 1926 elientulus
1041 1873 1244 1930 vester,
1275 1872 1565 1934 oratorque
1604 1878 1706 1933 per

127 1977 309 2032 omnia
346 1969 562 2028 sedulus
582 2007 596 2034 ,
622 1979 722 2036 per
753 1964 894 2018 hanc
920 1957 1204 2030 epistolam
1234 1962 1470 2011 vestram
1497 1954 1709 2026 magni-

124 2068 372 2128 tudinem
408 2062 466 2118 in
502 2055 731 2116 Domino
769 2053 1110 2111 dominorum
1135 2056 1264 2121 opto
1291 2055 1347 2105 et
1377 2047 1535 2104 mitto
1563 2060 1706 2102 sem—

122 2159 392 2228 piternam
423 2151 651 2208 salutem
668 2190 671 2194 .

195 2245 411 2304 Gratias
445 2244 628 2312 itaque
657 2253 759 2310 ago
786 2233 1141 2306 omnipotenti
1169 2234 1312 2299 Deo,
1343 2247 1553 2304 summa
1583 2247 1709 2288 cum

122 2328 480 2408 prosperitate
518 2333 574 2387 in
610 2330 834 2387 servitio
875 2328 1078 2384 domini
1112 2327 1220 2382 mei
1253 2326 1512 2396 perveni,
1553 2340 1705 2382 rece-

120 2434 354 2497 ptusque
391 2422 459 2476 ab
497 2435 562 2475 eo
595 2419 750 2475 solita
782 2417 1115 2487 benignitate
1151 2416 1295 2471 illius
1330 2416 1386 2470 in
1419 2415 1709 2486 praesentia

123 2516 395 2587 gratiosus
418 2511 674 2569 consisto.
703 2509 870 2565 Multa
896 2523 1132 2580 namque
1154 2510 1224 2564 ab
1250 2509 1440 2564 eodem
1463 2507 1716 2577 piissimo.

123 2624 255 2681 rege
289 2605 542 2662 mellitlua
578 2605 742 2661 verba
786 2603 852 2658 de
894 2603 1088 2658 vestris
1130 2603 1376 2672 partibus
1420 2602 1714 2672 inquisitus

122 2698 242 2765 fui,
271 2697 366 2754 sed
399 2697 458 2753 in
481 2695 690 2753 cunctis
715 2693 1166 2764 exquisitionibus
1193 2693 1495 2763 quibusque
1531 2693 1704 2749 liben-

122 2796 218 2844 ter
241 2787 414 2843 audiri
430 2787 634 2864 merui.
664 2784 884 2842 Talibus
909 2785 1250 2856 omnipotens
1279 2785 1412 2840 mihi
1439 2785 1710 2840 ministra-

126 2877 214 2934 vit
247 2879 550 2950 responsis,
584 2892 705 2948 qua:
739 2876 981 2932 animum
1017 2876 1161 2932 illius
1190 2877 1340 2932 velut
1386 2877 1707 2933 suavissima

125 2968 387 3036 melodia,
436 2984 502 3025 ac
547 2983 718 3025 sacrm
757 2965 1110 3038 iucunditatis
1146 2969 1342 3038 gaudio
1387 2969 1702 3040 irrigarunt.

1807 1775 2048 1829 tissimus
2076 1789 2170 1828 rex
2196 1774 2328 1829 mihi
2357 1773 2558 1831 famulo
2585 1790 2683 1831 suo
2708 1776 2957 1846 dignatus
2984 1785 3065 1831 est
3096 1776 3381 1834 clementer

1809 1882 2063 1932 narrare,
2102 1868 2280 1938 quod,
2309 1875 2370 1924 et
2398 1867 2522 1926 huic
2545 1869 2760 1937 omnia,
2787 1869 3045 1939 praefatus
3078 1870 3167 1926 ille
3193 1872 3391 1927 vestris

1809 1961 1866 2016 in
1893 1962 2112 2015 auribus
2143 1962 2459 2032 prudentius
2492 1970 2671 2032 potest
2703 1960 2925 2018 referre.
2967 1962 3180 2018 Habere
3209 1970 3388 2019 autem

1810 2053 1964 2109 illum
1998 2069 2168 2108 unum
2195 2067 2264 2107 ex
2299 2053 2443 2108 veris
2469 2053 2690 2116 amicis,
2724 2060 2778 2106 et
2816 2050 3032 2107 ﬁdelem
3082 2052 3384 2118 servulum,

1808 2159 1917 2200 non
1939 2143 2214 2209 dubitetis,
2232 2143 2355 2212 quia
2383 2143 2438 2197 in
2459 2150 2717 2213 quantum
2741 2156 2894 2198 mens
2919 2142 3060 2197 illius
3083 2142 3384 2213 praevaluit,

1810 2237 1876 2292 de
1904 2235 2146 2305 profectu
2175 2245 2357 2306 vestro
2395 2237 2448 2290 in
2481 2236 2706 2305 gloriam
2737 2250 2919 2292 coram
2947 2235 3162 2292 domino
3198 2244 3384 2293 nostro

1808 2325 2038 2383 viriliter
2064 2337 2273 2383 certare
2301 2327 2504 2383 studuit
2542 2327 2630 2382 ille
2665 2335 2868 2393 noster,
2900 2342 3062 2396 quem
3091 2327 3169 2382 uti
3199 2327 3380 2382 anima

1809 2433 1931 2474 mea
1969 2419 2023 2473 in
2071 2426 2253 2474 vestra
2288 2418 2567 2488 diligebam
2608 2433 2823 2485 amore,
2857 2433 2964 2474 non
3001 2418 3215 2474 erubuit
3251 2433 3385 2474 nece

1810 2525 1931 2568 mea
1953 2525 2078 2567 suas
2102 2511 2416 2567 examinare
2438 2511 2694 2582 sagittas:
2721 2517 2773 2565 et
2800 2510 2975 2566 saltim
2996 2508 3064 2565 de
3087 2518 3240 2581 parte
3266 2523 3387 2565 mea

1809 2598 1874 2660 in“
1902 2606 2046 2676 regis
2076 2604 2360 2674 praesentia
2391 2605 2560 2660 verba-
2594 2620 2700 2660 non
2726 2619 2854 2661 vera
2883 2603 3110 2674 jactare.
3154 2603 3261 2660 Sed
3297 2603 3390 2661 ille

1810 2691 1908 2764 qui
1926 2695 2095 2765 iniqui
2112 2693 2478 2764 Achitophelis
2497 2695 2564 2750 ad
2591 2695 2820 2750 nihilum
2849 2696 3054 2766 redegit
3079 2693 3384 2761 consilium,

1809 2786 1981 2842 voluit
2008 2794 2063 2843 et
2092 2786 2208 2855 ejus
2235 2787 2413 2842 subito
2439 2793 2719 2842 conterere
2752 2787 3048 2856 nequitiam
3068 2827 3082 2852 ,
3120 2792 3175 2842 et
3210 2785 3382 2857 gratia

1811 2875 2026 2933 Domini
2058 2877 2239 2949 potius
2265 2885 2327 2932 ut
2351 2875 2546 2949 dignus
2582 2890 2758 2933 essem
2792 2878 2926 2932 mihi
2957 2877 3221 2948 benignus
3259 2891 3392 2931 con-

1812 2970 1996 3025 cessit.
2030 2968 2214 3025 Habeo
2251 2969 2394 3024 enim
2431 2982 2532 3038 ego
2563 2970 2807 3024 servulus
2833 2977 3010 3025 vester
3038 2968 3352 3040 dispositum
3373 3007 3391 3034 ,

124 3064 202 3123 Et
230 3065 352 3122 ideo
377 3063 663 3120 ineffabilia
691 3062 834 3118 illius
859 3061 1145 3118 clementia
1175 3078 1303 3134 erga
1331 3063 1707 3119 excellentiam
1734 3045 1782 3107 Β
1809 3068 1872 3114 ut
1897 3061 2121 3116 missum
2148 3074 2328 3114 meum
2360 3059 2520 3114 citius
2547 3075 2670 3114 cum
2696 3067 2921 3129 potuero
2949 3060 3004 3114 in
3043 3068 3226 3114 vestro
3263 3056 3400 3112 diri:

123 3165 361 3215 vestram
381 3197 396 3222 ,
427 3157 568 3213 sicut
593 3156 814 3228 dignum
842 3163 954 3222 est,
982 3157 1239 3226 optimam
1269 3157 1429 3213 habet
1456 3158 1706 3212 volunta-

125 3259 260 3306 tem.
296 3249 562 3317 Quoniam
597 3263 726 3305 vero
761 3249 945 3306 omnia
981 3263 1104 3319 quae
1141 3249 1284 3304 dicta
1315 3256 1442 3305 sunt
1473 3248 1568 3304 ille
1593 3263 1708 3304 ser-

123 3342 286 3399 vulis
309 3349 488 3398 vester
512 3340 634 3396 viva
662 3355 796 3397 voce
819 3340 973 3396 vobis
1001 3347 1178 3411 potest
1205 3353 1459 3405 narrare,
1489 3337 1707 3394 fuerunt

125 3433 346 3505 quithm
378 3447 606 3504 expares
625 3474 641 3500 ,
679 3448 816 3503 quos
852 3441 910 3488 et
941 3433 1142 3488 amicos
1177 3433 1378 3489 habere
1412 3433 1704 3504 putabam,

123 3532 343 3594 pectore
375 3539 645 3580 venenoso
691 3532 1006 3591 currentes,
1057 3533 1346 3595 antequam
1393 3525 1664 3581 venissem
1686 3566 1706 3593 ,

123 3630 306 3670 meam
337 3615 516 3671 conati
552 3623 678 3670 sunt
713 3630 970 3672 accusare
1005 3616 1299 3671 miseriam.
1343 3615 1451 3672 Sed
1486 3615 1576 3672 ille
1612 3617 1708 3686 qui

121 3715 444 3762 cinctorum
479 3707 630 3762 novit
664 3706 901 3771 occulta,
933 3706 1189 3762 misertus
1220 3715 1306 3762 est
1343 3705 1543 3762 famulo
1571 3721 1672 3763 suo
1689 3747 1706 3775 ,

120 3811 424 3868 eol'umque
471 3798 905 3854 machinamenta
957 3799 1131 3870 magis
1181 3797 1370 3868 iuvare
1424 3806 1707 3870 ere-perunt

121 3903 290 3958 quam
315 3887 547 3959 aliquem
572 3889 753 3945 dolum
777 3891 1075 3946 inurerent.
1105 3887 1311 3946 Cuncta
1336 3902 1465 3945 vero
1490 3905 1608 3960 quae
1637 3890 1712 3944 la-

1815 3165 1938 3221 gam
1967 3151 2206 3208 servitio.
2242 3148 2347 3205 Sed
2374 3165 2520 3204 nunc
2546 3149 2612 3204 de
2639 3157 2903 3219 praesente
2937 3163 3037 3219 pro
3065 3149 3392 3204 benedictio-

1813 3241 1902 3297 nis
1932 3255 2096 3297 causa
2131 3253 2230 3311 per
2261 3241 2412 3297 illum
2447 3240 2618 3310 dirigo
2653 3241 2805 3295 vobis
2839 3238 3156 3297 munuscula
3189 3253 3356 3310 parva
3376 3278 3392 3306 ,

1813 3348 1921 3390 non
1959 3341 2138 3388 tamen
2174 3345 2342 3403 parvo
2377 3331 2669 3387 voluntatis
2701 3330 2894 3385 affectu
2915 3371 2930 3398 ,
2960 3330 3015 3385 id
3052 3339 3136 3385 est
3174 3330 3398 3388 cusinos

1814 3425 1903 3480 11.
1936 3463 1952 3479 .
1982 3464 1997 3478 .
2029 3463 2044 3478 .
2075 3463 2090 3478 .
2121 3463 2136 3477 .
2169 3463 2184 3477 .
2212 3437 2306 3478 eos
2337 3421 2486 3476 vultu
2520 3421 2866 3477 serenissimo
2898 3420 3167 3490 respicere
3200 3420 3390 3491 digne-

1810 3517 1907 3572 ris.
1938 3514 2266 3572 Commendo
2291 3528 2404 3580 me,
2435 3527 2728 3583 omnesque
2755 3527 2851 3567 rex
2888 3511 3059 3567 sancti
3097 3511 3152 3566 il.
3193 3526 3256 3566 ac
3293 3525 3391 3566 no-

1810 3617 1953 3668 stras
1971 3647 1986 3676 ,
2016 3607 2306 3678 et;cunctis
2340 3607 2657 3676 parentibus
2692 3604 2897 3661 nostris
2931 3604 3160 3660 servulis
3193 3604 3388 3660 vestris

1810 3702 1911 3758 sub
1951 3699 2266 3756 defensione
2305 3700 2533 3756 aliarum
2575 3709 2883 3756 vestrarum
2929 3698 3110 3754 multis
3158 3695 3400 3754 fcliciter'

1811 3793 1966 3852 annis
1994 3808 2178 3864 quieso
2207 3792 2341 3849 Deu.
2367 3831 2382 3848 .
2409 3832 2423 3846 .
2456 3831 2472 3847 .
2504 3830 2518 3846 .
2547 3792 2825 3848 serenitati
2850 3800 3062 3847 vestrze.
3093 3789 3388 3847 Confestim

1811 3900 1934 3942 cum
1968 3883 2113 3942 hunc
2145 3886 2472 3941 recensitum
2499 3884 2798 3941 habueritis
2826 3883 3152 3952 indiculum,
3183 3883 3295 3956 igni
3323 3882 3390 3936 ad

121 3986 304 4034 tenter
325 3978 634 4036 mentiendo
659 3980 729 4035 ad
755 3995 915 4037 aures
940 3979 1232 4051 praeclaras
1260 3979 1362 4035 nisi
1391 3988 1517 4035 sunt
1544 3995 1706 4036 accu-
1733 3990 1782 4054 ο
1813 3978 2180 4048 devorandum
2205 3976 2512 4034 trademini.
2543 3977 2578 4015 ’*

136 4112 3355 4140 ww

751 4427 1319 4524 EPISTOLA
1378 4429 1938 4519 MONACHI
1998 4436 2156 4522 AD
2208 4437 2783 4528 ABBATEM.

196 4675 410 4738 Charus
447 4675 764 4736 charissimo
781 4717 797 4745 ,
825 4677 1050 4735 dilectus
1074 4679 1443 4751 dilectissimo,
1467 4683 1612 4741 filius
1651 4685 1707 4741 in

116 4770 347 4831 Christo
381 4767 564 4837 Patri,
602 4767 659 4825 il.
692 4769 780 4826 ille
808 4769 1024 4827 humilis
1056 4771 1133 4828 illi
1163 4757 1349 4830 abbati
1385 4774 1442 4830 in
1477 4774 1708 4832 Domino

116 4863 512 4935 sempiternam
543 4862 787 4918 salutem.

203 4956 322 5010 Duo
357 4955 503 5032 enim
540 4953 700 5009 simul
733 4960 917 5010 nostro
949 4964 1233 5012 versantur
1265 4957 1322 5014 in
1358 4958 1537 5014 animo
1557 5000 1572 5026 ,
1608 4962 1705 5016 ad-

117 5046 348 5105 miratio
377 5043 620 5100 videlicet
651 5053 706 5100 et
730 5044 971 5102 tristitia.
1015 5044 1236 5114 Quare?
1263 5049 1389 5119 quia
1421 5058 1706 5121 postquam

116 5153 156 5192 a
206 5143 387 5190 vestra
434 5134 719 5191 dilectione
760 5150 1014 5205 corpore,
1060 5153 1168 5193 non
1213 5148 1427 5204 mente,
1474 5143 1707 5210 separati

114 5241 353 5292 sumus,
401 5240 573 5296 neque
622 5242 719 5297 per
766 5226 1023 5294 missum,
1071 5245 1246 5299 neque
1290 5245 1388 5300 per
1428 5233 1708 5290 mellifluos

113 5317 316 5388 apices
351 5325 560 5374 vestros
577 5360 594 5386 ,
623 5317 690 5376 de
729 5318 1068 5376 desiderabili
1107 5325 1466 5394 prosperitate
1493 5334 1702 5392 vestra,

111 5409 429 5478 qu‘amDeo
470 5417 606 5465 teste
650 5426 862 5481 semper
904 5413 1090 5468 audire
1134 5422 1187 5468 et
1226 5415 1408 5473 videre
1436 5417 1708 5475 desidera-

1812 4699 1901 4752 re,
1931 4698 2130 4756 easque
2155 4684 2474 4740 festinanter
2501 4685 2698 4753 deinde,
2721 4687 2951 4744 Domino
2983 4690 3274 4750 auxiliante
3305 4709 3390 4753 se-

1811 4776 1904 4846 qui
1932 4776 2177 4833 volumus
2205 4795 2219 4830 :
2258 4792 2322 4832 ea
2351 4776 2600 4831 videlicet
2629 4778 2866 4847 ratione,
2901 4789 2959 4836 ut
2989 4797 3123 4838 xvm
3159 4783 3384 4845 Kalend.

1813 4865 2142 4938 Septembris
2189 4869 2257 4924 ad
2298 4868 2621 4939 Magantiam
2666 4884 2784 4926 esse
2830 4874 3115 4942 possimus.
3164 4875 3298 4933 Nam
3341 4877 3409 4937 si'

1809 4961 1964 5015 vobis
2009 4961 2304 5030 placuerit,
2357 4962 2498 5016 sicut
2541 4961 2860 5033 dispositum
2907 4967 3145 5034 habetis,
3193 4976 3253 5024 ut
3291 4983 3390 5042 per

1812 5066 1914 5107 nos
1960 5051 2220 5117 veniatis,
2270 5060 2397 5107 tunc
2443 5055 2738 5108 secundum
2782 5056 3110 5112 voluntatem
3153 5069 3388 5118 vestram

1814 5143 1918 5200 iter
1944 5153 2187 5199 nostrum
2212 5144 2496 5216 disponere
2525 5147 2838 5204 habeamus.
2868 5148 3023 5204 Nulla
3052 5152 3195 5207 enim
3225 5169 3410 5210 causa

1813 5242 1926 5297 est,
1961 5235 2200 5314 exceptis
2228 5236 2314 5291 his
2343 5252 2463 5307 quae
2496 5251 2594 5308 per
2626 5238 2832 5294 nullum
2865 5239 3139 5314 ingenium
3176 5255 3388 5304 mutare

1814 5313 2130 5394 possumus,
2178 5340 2298 5395 quae
2339 5328 2671 5384 voluntatem
2715 5313 2982 5401 vestram,
3031 5333 3084 5388 in
3128 5345 3386 5406 quantum
3422 5366 3428 5371 -
3468 5405 3476 5409 _

1812 5417 2027 5474 Christo
2078 5419 2294 5491 auspice
2342 5422 2582 5480 valemus
2608 5465 2624 5492 ,
2679 5425 2834 5483 nobis
2885 5429 3154 5488 dimittere
3200 5430 3386 5489 faciat.

113 5513 289 5590 unus,
319 5501 453 5555 certi
481 5499 617 5556 eﬂici
646 5502 960 5558 meruimus.
991 5502 1187 5561 Notum
1216 5505 1379 5578 igitur
1403 5509 1474 5564 sit
1501 5511 1712 5582 sapien-
1734 5512 1792 5579 ι)
1813 5508 2035 5564 Fuimus
2078 5527 2309 5582 namque
2348 5516 2416 5569 ad
2458 5514 2704 5573 locellum
2747 5527 2984 5577 vestrum
3033 5522 3088 5576 in
3133 5522 3254 5578 loco
3292 5521 3386 5590 qui
3472 5524 3482 5583 “,

117 5587 226 5646 tim
269 5597 496 5657 vestrae,
542 5590 798 5660 quoniam
830 5611 861 5648 v
898 5594 1122 5653 Kalend.
1174 5597 1446 5670 Augustas
1487 5617 1707 5661 saumas

112 5683 353 5737 nostras
381 5681 627 5752 partibus
655 5684 840 5755 palatii
871 5686 1142 5746 dimittere
1174 5690 1495 5764 dispositum
1538 5693 1708 5750 habe-

112 5786 257 5833 nis
271 5813 293 5840 .
318 5781 375 5831 et
400 5784 590 5846 postea
612 5784 834 5852 propter
859 5793 995 5852 opus
1020 5780 1275 5846 Ecclesiae
1307 5792 1418 5852 tres
1447 5783 1562 5846 dies
1592 5794 1705 5846 sta-

1815 5599 2008 5655 dicitur
2041 5603 2131 5668 il.,
2169 5603 2342 5672 ipsum
2379 5619 2626 5663 mansum
2664 5611 3154 5679 consideravimus,
3202 5611 3383 5681 ibique

1813 5698 2056 5748 nostrum
2085 5703 2357 5764 repastum
2386 5707 2450 5754 ex
2481 5708 2666 5756 nostro
2693 5703 2957 5760 adducere
2987 5702 3342 5775 prmeepimus
3363 5736 3380 5768 ι

1809 5790 1868 5839 et
1908 5799 2014 5839 una
2063 5800 2184 5841 cum
2230 5788 2429 5844 nostris
2473 5793 2776 5864 vestrisque
2820 5795 3070 5852 fidelibus
3108 5795 3166 5850 in
3196 5805 3378 5852 amore
