3950 6308
679 414 822 474 I575

1910 410 2223 468 ANONYMI
2259 408 2531 468 SECULI
2566 409 2700 469 VIII.
2963 458 2975 470 .
3637 424 3708 484 ηπ

679 535 861 584 vestro
904 523 1017 579 illic
1059 522 1226 579 laetati
1269 536 1474 580 sumus.
1522 521 1652 579 Inde
1693 523 1906 594 navigio
1951 524 2127 594 pisces
2169 539 2259 580 ca-
2282 527 2340 587 Λ
2360 523 2555 579 exinde
2580 536 2790 580 merces
2810 530 3098 580 accrescat.
3125 525 3197 580 De
3220 526 3404 596 plumbo
3427 538 3708 598 antemetm

678 619 907 691 piendo,
938 617 1007 672 ad
1035 617 1216 671 villam
1239 655 1254 672 .
1281 659 1294 671 .
1318 657 1332 671 .
1359 656 1374 671 .
1403 656 1417 671 .
1445 655 1460 670 .
1483 616 1844 686 pervenimus.
1877 617 2085 672 Tassilo
2108 633 2258 684 vero,

681 720 745 768 ιιι
774 724 1084 782 speramus,
1117 707 1288 762 ﬁdelis
1316 716 1512 774 vester,
1543 709 1612 763 de
1644 706 1728 763 bis
1754 723 1873 778 quae
1911 709 1980 763 ab
2012 723 2077 763 eo
2113 723 2262 778 quae-

682 802 908 860 sivimus
944 800 1235 871 prudenter
1265 799 1420 854 nobis
1457 797 1512 852 in
1544 799 1794 854 omnibus
1821 813 2135 868 responsum
2166 801 2261 855 de-

683 893 782 948 dit.
819 891 887 946 Et
916 899 1168 959 putamus
1187 931 1203 956 ,
1235 890 1279 943 si
1307 904 1431 943 eum
1465 890 1853 960 probaveritis,
1885 897 1940 944 et
1967 890 2262 946 secundum

684 980 966 1037 scientiam
999 979 1085 1034 vel
1117 979 1420 1034 doctrinam
1456 985 1690 1034 vestram
1733 979 1950 1049 aliquod
1978 981 2260 1035 servitium

684 1072 738 1129 ei
777 1069 1149 1140 injunxeritis,
1185 1071 1327 1140 quod
1360 1070 1514 1126 vobis
1549 1070 1744 1126 exinde
1780 1071 1992 1138 placere
2027 1071 2256 1126 curabit.

683 1162 978 1220 Precamur
1013 1163 1278 1232 denique,
1316 1170 1378 1216 ut
1414 1163 1504 1218 illo
1536 1163 1824 1234 praeposito
1856 1173 2038 1220 vestro
2071 1165 2262 1236 praeci-

682 1254 844 1325 piatis
864 1294 880 1319 ,
912 1261 972 1307 ut
999 1253 1065 1308 de
1096 1252 1191 1308 illo
1220 1268 1410 1309 manso
1445 1254 1589 1322 quod
1625 1263 1803 1310 vestra
1834 1257 2075 1311 cbaritas
2109 1257 2264 1309 nobis

685 1345 1026 1404 beneﬁciavit
1043 1387 1058 1411 ,
1087 1347 1288 1401 bonum
1317 1353 1592 1402 certamen
1620 1349 1914 1402 secundum
1940 1348 2259 1417 promissio-

685 1451 812 1492 nem
836 1444 1074 1493 vestram
1099 1437 1278 1494 facere
1303 1437 1545 1505 studeat,
1573 1437 1806 1509 qualiter
1827 1439 1985 1495 nobis
2008 1439 2267 1509 vobisque

2362 615 2592 670 riamine
2626 605 2874 671 similiter
2903 615 3240 683 demandate,
3268 622 3457 688 qualiter
3477 627 3624 697 navigio
3635 630 3709 698 im

2361 708 2693 762 voluntatem
2732 716 2966 763 vestram
3010 710 3075 764 de
3108 715 3279 766 sancto
3309 712 3386 766 illo
3411 731 3537 784 usque
3559 721 3603 773 ad
3623 721 3707 777 [om

2363 799 2456 855 ubi
2495 797 2658 869 Signa
2696 799 2916 854 conﬂuit
2945 800 2998 853 in
3028 813 3170 854 mare
3187 840 3202 866 ,
3230 813 3318 856 nos
3340 802 3404 856 ita
3425 805 3610 862 adducere
3623 815 3709 878 pessi-

2365 905 2506 954 mus,
2535 896 2800 960 quatenus
2827 890 3107 945 Dominum
3129 905 3292 944 meum
3316 901 3513 947 sanctum
3531 896 3626 950 illum
3640 915 3708 954 an-

2367 988 2543 1034 torem
2584 987 2826 1034 vestrum
2865 995 2972 1033 una
3016 995 3134 1034 cum
3171 981 3389 1036 omnibus
3409 984 3707 1054 sanctis,qcom

2367 1072 2624 1142 reliquias
2648 1072 2704 1128 in
2729 1072 3057 1128 monasterio
3080 1072 3334 1138 habemus,
3359 1073 3628 1132 intercessores
3640 1082 3708 1134 erit~

2353 1168 2437 1224 ‘de
2485 1167 2746 1244 habeatis.
2794 1167 2938 1220 Deus
2983 1165 3302 1234 omnipotens
3334 1164 3431 1234 ejus
3461 1170 3667 1238 temporibus
3686 1174 3708 1225 i

2368 1258 2619 1326 praesenti
2649 1255 2842 1309 saeculo
2867 1270 2964 1310 vos
2992 1271 3176 1310 sanum
3202 1263 3252 1309 et
3278 1256 3530 1312 incolum
3551 1262 3706 1320 manda.

2367 1356 2423 1405 et
2450 1348 2505 1402 in
2529 1347 2711 1404 futuro
2735 1362 2858 1404 cum
2883 1347 3086 1403 sanctis
3108 1347 3297 1418 angelis
3319 1346 3706 1404 lmtabundumelidat

2368 1437 2567 1496 Amen.
2829 1450 2838 1460 ‘

702 1577 3691 1642 ._.._..,_________..___________________

1326 1893 2219 1976 COMMONITORIUM
2274 1893 2798 1989 CUJUSQUE
2853 1895 3306 1975 EPISCOPI

722 2047 818 2107 ΔΙ)
856 2049 1306 2108 SACERDOTES
1345 2049 1683 2110 SUBDITOS
1721 2050 1849 2108 SIBI
1883 2049 2374 2118 CETERGSQUE
2412 2048 2782 2107 MINISTROS
2818 2048 3310 2119 CUJUSCUNQUE
3341 2047 3548 2108 ORDINIS
3567 2047 3686 2105 nun-

2199 2141 2504 2200 SIASTICI.

1855 2276 1950 2340 (Ex
1973 2277 2206 2342 Iarten.,
2229 2245 2544 2341 Amplissima
2564 2274 2842 2341 Collectio.)
2923 2340 2932 2348 .

764 2499 985 2555 Fratres
1033 2499 1340 2556 sacerdotes
1391 2498 1605 2556 Domini
1662 2506 2042 2571 cooperatores
2095 2499 2268 2555 nostri
2298 2499 2350 2564 Β
2374 2495 2512 2568 fra].
2544 2495 2730 2551 Nullus
2755 2496 2812 2550 in
2842 2493 3024 2567 ligneo
3052 2500 3145 2549 aut
3181 2493 3339 2549 vitreo
3371 2490 3496 2548 calice
3520 2485 3709 2544 sudatus-

695 2593 904 2650 ordinis
930 2595 1080 2660 estis,
1106 2602 1162 2649 et
1176 2600 1280 2650 'nos
1306 2594 1546 2663 quidem,
1569 2594 1817 2664 quamvis
1839 2594 2064 2664 indigni,
2097 2593 2275 2648 locum

694 2685 876 2742 Aaron
943 2696 1222 2753 tenemus,
1262 2701 1358 2741 vos
1409 2687 1586 2741 locum
1643 2686 1886 2740 Eleazari
1937 2693 1992 2740 et
2036 2685 2273 2739 ltamari.

669 2761 676 2768 κ
700 2774 812 2830 Nos
836 2776 953 2830 vice
992 2777 1274 2832 duodecim
1309 2775 1671 2845 apostolorum
1712 2775 2004 2845 fungimur,
2049 2786 2156 2831 vos
2187 2790 2276 2830 se—

696 2868 979 2939 ptuaginta
1007 2869 1235 2924 duorum
1265 2867 1667 2937 discipulorum.
1701 2867 1810 2922 Nos
1837 2875 2084 2938 pastores
2112 2868 2280 2923 vestri

699 2973 920 3033 sumus,
963 2975 1060 3016 vos
1103 2961 1275 3030 plebis
1302 2961 1453 3016 vobis
1499 2961 1823 3017 commissas.
1866 2959 1976 3016 Nos
2016 2962 2083 3016 de
2127 2961 2281 3016 vobis

696 3049 966 3105 rationem
1010 3051 1271 3106 reddituri
1318 3067 1504 3107 sumus
1547 3068 1758 3108 summo
1803 3053 2009 3123 pastori
2051 3053 2279 3108 Domino

701 3145 890 3194 nostro
919 3137 1047 3194 Jesu
1076 3139 1323 3208 Christo,
1357 3157 1453 3196 vos
1481 3143 1546 3197 de
1573 3142 1731 3211 plebe
1773 3143 1927 3197 vobis
1969 3144 2276 3198 commissa.

695 3228 958 3298 Ideoque,
988 3230 1291 3286 charissimi
1310 3273 1324 3298 ,
1356 3241 1594 3287 vestrum
1621 3232 1799 3289 videte
1823 3234 2144 3302 periculum.
2171 3231 2283 3288 Ad-

699 3335 982 3376 monemus
1023 3320 1206 3391 itaque
1248 3330 1304 3376 et
1349 3323 1700 3380 obsecramus
1745 3324 2144 3380 fraternitatem
2190 3339 2283 3380 ve-

701 3417 908 3477 stram,
950 3419 1011 3465 ut
1047 3427 1169 3482 quae
1209 3413 1363 3469 vobis
1399 3415 1770 3485 suggerimus,
1812 3417 2088 3475 memoria:
2130 3432 2282 3473 com-

699 3502 998 3569 mendetis,
1029 3512 1086 3560 et
1113 3519 1275 3576 opere
1304 3520 1560 3562 exercere
1588 3507 1866 3563 studeatis.

773 3616 815 3670 I.
850 3615 909 3670 In
955 3617 1146 3685 primis
1192 3619 1542 3675 admonemus
1586 3628 1648 3674 ut
1692 3620 1803 3675 vita
1845 3629 1900 3675 et
1947 3622 2285 3677 conversatio

701 3713 886 3760 vestra
924 3705 1416 3775 irreprebensibilis
1453 3711 1552 3774 sit,
1591 3711 1798 3766 scilicet
1835 3720 1897 3766 ut
1933 3712 2067 3767 cella
2105 3722 2285 3768 vestra

701 3793 774 3846 sit
795 3792 954 3860 juxta
981 3794 1299 3864 ecclesiam,
1332 3809 1387 3854 et
1418 3800 1474 3854 in
1505 3801 1665 3856 domo
1689 3809 1872 3859 vestra
1901 3802 2132 3862 feminas
2172 3821 2282 3862 non

703 3880 972 3939 habeatis.

772 3992 836 4046 II.
871 3992 1030 4050 Omni
1073 4004 1231 4052 nocte
1271 3996 1340 4052 ad
1382 3999 1593 4070 vigilias
1640 4003 1882 4073 surgite;
1927 4019 2145 4062 cursum
2188 4021 2284 4062 ve-

703 4091 875 4141 strum
901 4087 1050 4144 boris
1077 4090 1241 4146 certis
1269 4091 1568 4149 decantate.

776 4198 863 4253 IlI.
906 4199 1189 4259 Missarum
1231 4204 1601 4261 solemnitates
1630 4207 2127 4280 celebrationesque
2157 4211 2286 4266 reli-

704 4295 854 4365 giose
894 4297 1173 4368 peragite;
1217 4313 1413 4368 corpus
1453 4308 1508 4355 et
1553 4301 1870 4372 sanguinem
1915 4302 2125 4357 Domini
2165 4319 2289 4360 cum

704 4387 900 4443 timore
945 4395 999 4442 et
1046 4389 1344 4443 reverentia
1394 4392 1628 4460 sumite;
1678 4407 1808 4448 vasa
1854 4408 2006 4450 sacra
2054 4395 2290 4465 propriis

706 4480 958 4536 manibus
985 4479 1186 4536 abluite
1215 4487 1270 4535 et
1298 4483 1584 4550 extergite.

776 4591 866 4647 IV.
905 4591 1094 4649 Nullus
1122 4601 1303 4649 cantet
1327 4595 1431 4650 nisi
1464 4593 1724 4666 jejunus;
1767 4597 1947 4656 nullus
1982 4609 2165 4657 cantet
2195 4603 2288 4673 qui

709 4695 819 4739 non
847 4683 1228 4739 communicet.

781 4773 848 4830 V.
887 4772 1074 4831 Nullus
1102 4782 1286 4832 cantet
1311 4776 1428 4832 sine
1454 4779 1686 4845 amictu,
1713 4779 1853 4844 alba,
1884 4780 2040 4849 stola,
2071 4783 2287 4850 fanone,

710 4864 914 4922 casula.
945 4866 1014 4922 Et
1041 4869 1158 4923 haec
1185 4867 1506 4924 vestimenta
1541 4868 1712 4925 nitida
1747 4868 1882 4938 sint,
1914 4880 1969 4928 et
2007 4873 2074 4928 ad
2114 4874 2290 4932 nullos

709 4955 844 5014 alios
870 4972 1000 5014 usus
1028 4959 1158 5014 sint.

781 5049 866 5104 Vl.
906 5050 1092 5107 Nullus
1135 5067 1258 5106 cum
1303 5053 1456 5118 alba,
1501 5069 1607 5123 qua
1651 5056 1704 5110 in
1752 5071 1879 5111 suos
1925 5072 2057 5114 usus
2097 5060 2286 5126 utitur,

708 5150 999 5210 praesumat
1026 5143 1248 5198 missam
1279 5141 1556 5200 celebrare
1584 5143 1718 5217 [Al.,
1747 5156 1988 5216 cantare,
2022 5149 2106 5204 hic
2131 5159 2180 5205 et
2207 5152 2288 5204 in-

780 5324 806 5351 ει
834 5311 1147 5394 Plenarium
1175 5317 1343 5387 aliqui
1370 5334 1505 5394 cum
1523 5319 1735 5394 Missale
1764 5321 2136 5394 confundunt;
2187 5325 2285 5378 ali-

711 5397 798 5451 qui
833 5382 906 5436 ita
935 5382 1301 5463 distinguunt,
1351 5395 1409 5443 ut
1439 5389 1650 5463 Missale
1691 5391 1761 5446 sit
1790 5392 1928 5463 liber
1952 5382 2282 5450 ecclesiasti-

710 5467 806 5506 cus
852 5456 1128 5524 continens
1162 5456 1393 5512 cilicium
1434 5460 1752 5524 missarum,
1793 5461 2098 5519 Plenarium
2145 5465 2283 5520 liber

709 5523 1074 5593 complectens
1112 5525 1379 5593 Epistolas
1420 5538 1473 5584 et
1500 5523 1809 5593 Evangelia.
1842 5531 2174 5590 Crediderim
2202 5543 2282 5588 ta-

710 5608 833 5686 men
881 5592 1092 5647 Missale
1138 5592 1440 5686 plenarium
1489 5617 1607 5657 esse
1652 5592 1879 5686 librum,
1927 5604 1983 5658 in
2025 5621 2132 5686 quo
2174 5621 2280 5660 non

709 5662 1111 5744 modocanon‘,
1138 5662 1414 5744 orationes
1450 5679 1505 5744 et
1546 5662 1889 5740 praefationes
1917 5662 2278 5740 continentur,

712 5732 1013 5820 etiam
1055 5734 1306 5820 Epistolae
1345 5746 1409 5820 Aet
1453 5732 1772 5814 Evangelia,
1822 5744 2006 5804 omnia
2045 5732 2282 5820 denique

721 5815 841 5864 quae
864 5805 920 5861 in
946 5805 1114 5864 choro
1140 5815 1448 5868 cantantur.

2313 5221 2370 5284 Ι)

2379 2603 2494 2646 Sam
2524 2588 2819 2643 celebrare.

2449 2679 2556 2734 VII.
2594 2678 2750 2733 Nulla
2781 2678 2985 2734 femina
3013 2678 3082 2733 ad
3110 2677 3272 2732 altare
3297 2675 3565 2740 πυθώμεθα
3589 2668 3714 2722 calicem

2379 2768 2592 2826 Domini
2622 2776 2826 2840 tangat.
3544 2807 3559 2829 .

2452 2861 2580 2916 VIll.
2620 2861 2913 2931 Corporale
2957 2862 3355 2918 mundissimum
3385 2859 3454 2913 sit.
3480 2855 3596 2911 Altare
3615 2851 3652 2903 sit
3672 2862 3712 2900 en-

2381 2961 2628 3022 opertum
2656 2952 2721 3007 de
2745 2953 2964 3008 mundis
2993 2953 3210 3030 linteis._
3237 2951 3390 3020 Super
3408 2947 3528 3001 altare
3543 2939 3620 2995 nihil
3633 2950 3711 3006 pm

2385 3049 2473 3097 tur
2499 3042 2602 3097 nisi
2633 3057 2808 3113 capsae
2837 3051 2889 3098 et
2917 3044 3162 3115 reliquiae
3188 3051 3240 3096 et
3267 3041 3381 3114 [Αι.,
3399 3045 3470 3092 aut
3486 3031 3710 3103 inuentio!

2382 3133 2673 3204 Evangelia
2699 3142 2756 3189 et
2782 3135 2941 3205 pyxis
2969 3151 3092 3190 cum
3120 3148 3331 3203 corpore
3356 3126 3515 3186 Domini
3535 3117 3712 3178 additium

2386 3228 2644 3292 inﬁrmis,
2678 3236 2875 3284 caetera
2904 3229 2962 3283 in
2994 3229 3164 3284 nitido
3189 3229 3300 3283 loco
3326 3221 3607 3308 recondantur.
3649 3299 3654 3308 I

2453 3319 2546 3375 IX.
2588 3317 2820 3384 Missale,
2845 3331 2871 3360 α
2894 3318 3205 3376 Plenarium
3221 3357 3236 3384 ,
3254 3309 3576 3372 Lectionarium,
3592 3297 3714 3364 Αιιιίὶιδν

2385 3413 2634 3479 narium,
2674 3413 2704 3454 ιο
2745 3420 3036 3484 utrumque
3078 3413 3268 3469 librum
3304 3426 3363 3464 ιι,
3394 3400 3716 3463 homiliammw’
3786 3423 3787 3460 l

2386 3506 2618 3577 quisque
2646 3506 2863 3562 habeat.

2455 3597 2526 3651 Χ.
2563 3597 2738 3653 Locus
2767 3597 2822 3653 in
2850 3599 3150 3653 secretario
3175 3596 3253 3651 vel
3275 3595 3409 3665 juxta
3431 3589 3552 3643 altare
3569 3580 3716 3665 siml“

2386 3695 2558 3754 ratus,
2577 3689 2669 3743 ubi
2691 3704 2829 3758 aqua
2853 3688 3161 3744 effundatur
3180 3663 3372 3759 quando
3391 3693 3508 3737 sam
3526 3663 3720 3760 “9'39"”

2386 3787 2496 3845 tur,
2529 3779 2709 3850 ibique
2742 3755 2838 3836 vas
2879 3782 3111 3838 nitidum
3151 3755 3266 3836 cum
3287 3792 3406 3846 aqua
3438 3767 3610 3842 pendeat.
3631 3755 3721 3809 ιῒάεθ

2308 3869 2359 3935 C
2385 3870 2576 3927 cerdos
2606 3885 2798 3927 manus
2824 3871 2968 3927 lavet
2997 3881 3122 3942 post
3149 3865 3533 3927 communionem.

2457 3960 2548 4015 XI.
2586 3961 2841 4017 Ecclesiae
2889 3937 3016 4017 sint.
3049 3964 3187 4018 bene
3231 3963 3458 4027 cooperta
3493 3955 3533 4003 el
3564 3937 3720 3998 (³⁸³³⁸³³³

2386 4052 2587 4106 atrium
2617 4052 2858 4108 ecclesiae
2887 4053 3127 4123 undique
3156 4057 3402 4108 muratum
3425 4054 3463 4094 ο.

2458 4143 2572 4198 ΧΠ.
2613 4142 2800 4200 Nullus
2819 4151 2972 4198 extra
2996 4119 3274 4205 ecclesiam
3291 4153 3378 4211 Ρετ
3395 4135 3550 4237 ὀψέ
3565 4119 3617 4175 τά
3631 4119 3695 4237 illi:

2387 4231 2495 4296 non
2521 4240 2866 4305 consecratis,
2894 4239 3117 4295 missam
3145 4243 3331 4300 cantet,
3355 4243 3439 4285 nec
3458 4223 3563 4281 sollis
3577 4215 3712 4306 ωηνῗί

2457 4330 2592 4386 XIII.
2635 4303 2874 4400 Quisque
2901 4332 3188 4401 presbyter
3213 4324 3438 4382 clericum
3468 4303 3724 4401 Ιιεὼωίηηίίῗ

2388 4420 2583 4476 stolam
2606 4392 2691 4476 vel
2719 4392 3004 4476 lectionem
3033 4392 3172 4491 legat
3191 4459 3204 4485 ,
3226 4417 3369 4486 eique
3384 4409 3445 4502 ad
3465 4403 3614 4461 missa!)l
3629 4392 3720 4450 "59“

2382 4512 2516 4567 deat
2541 4521 2595 4567 et
2620 4528 2744 4568 cum
2771 4528 2877 4583 quo
2903 4513 3141 4583 psalmos
3166 4515 3350 4566 cantet.

2462 4603 2601 4660 XIV.
2639 4570 3169 4670 [infirmos‘visitatm
3199 4611 3382 4669 eosque
3416 4594 3502 4648 Deo
3786 4633 3787 4642 ξ

2390 4697 2510 4752 oleo
2539 4705 2725 4752 sancto
2751 4700 2935 4767 ungite
2954 4739 2969 4766 ,
3000 4707 3056 4754 et
3094 4696 3301 4769 propria
3335 4691 3471 4746 manu
3500 4663 3730 4797 οοωιῗυξῗὲ
3786 4741 3787 4754 χ

2391 4788 2579 4846 Nullus
2625 4801 2917 4862 praesumat
2964 4766 3573 4848 traddrecommunione“l
3603 4766 3730 4818 1mm
3786 4847 3787 4850 η

2390 4880 2604 4937 feminae
2631 4883 2698 4936 ad
2727 4883 3006 4938 ferendum
3034 4883 3261 4938 inﬁrmo.
3331 4885 3334 4888 ’
3478 4960 3488 4966 _
3521 4963 3527 4966 _
3581 4941 3730 4966 77mm,

2461 4972 2576 5026 XV.
2622 4983 2645 5012 ο
2675 4972 2863 5028 Nullus
2891 4989 3104 5029 sacrum
3132 4972 3353 5028 chrisma
3378 4960 3557 5018 vendat,
3579 4943 3722 5002 nullust“

2391 5063 2746 5133 baptizandis,
2774 5067 2861 5121 vel
2889 5082 2987 5136 pro
3015 5080 3236 5136 corpore
3260 5055 3443 5162 Dom‘ini
3461 5093 3473 5117 ,
3493 5035 3733 5162 Vitari;

2392 5130 2694 5222 ciliatione,
2725 5155 2809 5210 vel
2846 5130 2944 5226 pro
2983 5130 3275 5226 sepultura,
3313 5147 3388 5203 vel
3420 5154 3499 5214 pro
3526 5130 3681 5189 00W”

3631 4116 3659 4169 in
3669 4104 3723 4162 Ιῡιέό

2452 5325 2480 5365 ι»
2516 5325 2573 5379 In
2599 5327 2878 5384 Victorino
2907 5327 3088 5385 codice
3111 5323 3416 5383 desideratur
3435 5287 3730 5371 nimim“

2383 5413 2452 5454 χι,
2477 5397 2834 5452 Itamiliarum.

2384 5523 2388 5528 .
2456 5480 2478 5539 ιῗ
2518 5467 2720 5539 Yictor.
2742 5508 2756 5532 ,
2783 5468 2906 5539 δορὶ
2928 5469 3196 5522 munitum.

2454 5537 2480 5576 ἀ
2519 5536 2579 5625 .1"
2612 5538 2815 5625 Victor-
2852 5534 3002 5625 ἒεεξι
3032 5555 3118 5620 ηεσ
3146 5534 3504 5625 “erfida.
3541 5583 3593 5625 .a.
3622 5567 3734 5625 leam“

2457 5608 2576 5690 enln
2626 5607 2810 5662 codice
2854 5608 3128 5690 Victorino
3168 5583 3727 5690 hieraljliflilgiuf'cngﬁz

2383 5649 2580 5759 Nai;
2611 5649 2833 5759 autem
2858 5649 3677 5759 2:1:

2383 5706 2426 5733 Π
2611 5706 2734 5758 νεεδ]
2745 5706 2833 5759 rem
2869 5706 2965 5759 llrU
2993 5706 3302 5753 UUWIWUIU!’
3329 5706 3576 5762 "'("'.""‘;"'

2383 5766 2481 5803 mis
2518 5747 2943 5812 reconcrhandrs,
2969 5758 3057 5802 aut
3086 5753 3293 5812 mortuis
3311 5727 3635 5812 κρείίεηάιεινπ

2278 5830 2283 5835 ’
2383 5818 2460 5876 vel
2490 5833 2680 5874 mutans
2712 5820 2904 5890 exigat.
2932 5809 3157 5878 Omissis
3187 5809 3403 5881 reliquis.
