3950 6308
204 517 343 586 i581
596 551 598 556 τ
993 505 1082 569 ns
1118 499 1710 569 REMUNERATIONE
1747 495 2160 562 MERITORUM
2195 487 2338 556 NON
2373 447 2647 553 sum;
3323 485 3459 555 ιε’,δὲ

177 638 364 709 Quod
385 641 564 692 autem
591 626 759 697 etiam
789 627 970 694 electi,
997 634 1054 683 et
1077 626 1124 682 si
1152 624 1294 682 forte
1322 639 1429 680 non
1455 619 1786 684 omnimoda,
1889 624 2112 687 paratus
2129 655 2146 681 ,
2191 614 2248 670 in
2299 611 2484 682 requie
2513 626 2637 666 cum
2670 608 2877 665 Lazaro
2900 595 3000 677 est,
3028 617 3084 668 et
3109 623 3178 666 ne
3205 612 3273 666 ad
3301 627 3359 668 se
3377 612 3461 670 ἰηι-

200 697 453 803 quautam
472 734 652 783 tamen
676 722 971 780 inferorum
995 719 1228 778 adierint
1244 717 1387 784 loca,
1415 717 1558 772 idem
1585 716 1690 769 hoc
1714 712 1782 768 de
1883 710 2056 766 vicem
2104 706 2336 763 transire
2373 711 2623 775 possent,
2671 703 2813 759 inter
2848 701 3048 760 electos
3091 697 3172 759 ac'
3202 703 3460 775 reprobos

201 794 266 880 se
296 820 428 893 ipsis
462 823 803 875 attestantur.
852 811 1018 869 Jaeob
1057 810 1203 866 enim
1229 808 1540 880 patriarcha
1568 808 1782 871 beatus,
1863 815 2137 871 magnum
2163 798 2383 853 chasma
2413 794 2727 850 ﬁrmatum?

201 874 369 971 unids
388 909 586 968 sublati
605 907 704 964 ﬁlii
730 918 966 964 maerore
991 874 1321 981 contraet-us,
1352 899 1606 969 nullaque
1625 907 1783 953 caete-
1953 912 2038 965 Αιι
2066 909 2208 966 forte
2234 907 2546 981 ρι-ωάίοιιιω
2570 906 2789 964 chasma
2823 905 2964 962 ίιιωι-
2995 894 3166 968 1,0an
3197 913 3251 961 ει
3289 874 3461 963 ωριρε

205 1020 396 1063 rerum
431 1000 796 1060 consolatione
832 997 1086 1054 delinitus
1122 994 1198 1050 ait
1220 1009 1235 1048 :
1254 973 1584 1048 .Descendam
1612 987 1680 1042 ad
1719 988 1784 1056 ﬁ-

1902 1001 2154 1070 ibjeetum
2192 973 2300 1056 nou
2339 999 2580 1056 locorum
2618 999 2811 1068 spatia,
2853 997 2949 1054 sed
2983 1005 3226 1054 actorum
3260 998 3465 1054 dirimit

205 1099 337 1152 tium
367 1110 538 1150 meum
565 1091 742 1163 luam
774 1090 828 1144 in
855 1089 1116 1159 infernum
1138 1084 1290 1158 (Gen.
1315 1098 1523 1148 xxxv".
1547 1080 1658 1151 355)-
1683 1077 1784 1135 ιω)
1869 1093 2125 1148 merita?
2167 1091 2360 1147 Mirum
2390 1097 2568 1146 autem
2599 1097 2652 1144 et
2678 1089 2838 1148 valde.
2861 1088 3078 1155 mirum,
3110 1088 3157 1144 si
3188 1096 3339 1144 tenes
3365 1088 3459 1143 ita.

205 1201 422 1257 quoque
451 1197 611 1253 super
634 1193 820 1240 omnes
833 1178 1009 1248 justus
1041 1176 1154 1233 suis
1192 1173 1519 1245 temmribus
1552 1186 1646 1227 ore
1683 1171 1786 1226 Do-

204 1277 344 1331 mini
402 1270 734 1332 collaudatus
756 1309 773 1337 ,
827 1271 895 1328 de
949 1267 1239 1338 semetipso
1277 1263 1515 1333 loquitur
1558 1263 1784 1326 dicens:

187 1368 280 1424 -In
317 1365 786 1438 profundissimam
825 1362 1090 1431 inlernum
1123 1356 1430 1414 descendent
1468 1355 1646 1409 omnia
1674 1371 1791 1410 mea

179 1502 196 1508 -
209 1459 336 1534 (Job
352 1475 487 1524 xvn,
502 1457 610 1528 16).
624 1456 702 1558 Iit
723 1469 974 1511 rursum:
1001 1453 1064 1512 Si
1085 1453 1396 1512 sustinuero,
1418 1447 1611 1518 inquit,
1634 1446 1792 1516 infer—

184 1567 312 1612 ,ttus
359 1551 544 1605 domus
590 1538 706 1602 m'ea
749 1555 824 1602 est
873 1544 1070 1618 (Ibid,
1111 1559 1242 1600 vers.
1289 1543 1402 1614 15).
1450 1538 1792 1609 Rursumque

185 1643 384 1698 Deum
409 1639 755 1711 expostulatis
781 1637 954 1694 dicit:
977 1637 1108 1704 Quis
1134 1638 1262 1692 mihi
1290 1638 1487 1692 tribuat
1527 1643 1583 1688 ut
1618 1634 1674 1687 in
1709 1631 1793 1685 in-

215 1735 363 1805 ferno
400 1742 638 1802 protegas
659 1748 763 1797 me,
783 1738 830 1786 et
853 1728 1140 1784 abscondas
1159 1746 1264 1795 me,
1287 1729 1448 1784 donec
1470 1733 1792 1799 pertranseat

216 1827 368 1897 furor
408 1827 579 1881 tuus?
623 1825 744 1897 (Job
783 1840 898 1891 xxv,
940 1821 1051 1894 15.)
1092 1823 1261 1878 David
1300 1823 1461 1878 etiam
1501 1821 1791 1878 secundum

187 1939 437 1982 carnem
460 1922 660 1978 Christi
685 1930 840 1992 pater
863 1920 1086 1985 electus,
1120 1918 1186 1974 de
1210 1934 1269 1974 se
1299 1935 1363 1975 ac
1388 1919 1454 1974 de
1479 1919 1689 1974 ametis
1713 1918 1794 1972 vi-

1862 1182 2022 1239 Nam
2046 1190 2102 1238 et
2127 1181 2247 1249 Job,
2277 1183 2364 1238 cui
2385 1180 2580 1238 similis
2601 1181 2658 1235 in
2686 1187 2830 1236 terra
2856 1195 2964 1236 non
2993 1186 3132 1244 erat,
3170 1177 3240 1233 ad
3275 1191 3466 1248 pinna-

1865 1273 1958 1330 .iia
1979 1273 2093 1328 loca
2118 1274 2318 1329 iturum
2340 1288 2400 1329 se
2425 1286 2546 1328 esse
2571 1271 2858 1336 clamabat,
2885 1286 3008 1326 cum
3037 1269 3276 1326 diceret:
3302 1267 3468 1322 Plan—

1887 1381 2012 1435 gam
2028 1364 2450 1420 dolorem-meum
2483 1371 2760 1433 antequam
2794 1361 2996 1427 oadam,
3019 1369 3069 1416 et
3091 1377 3197 1416 non
3213 1369 3464 1428 reuertar,

1867 1458 1960 1512 .ad
1983 1467 2178 1513 terram
2203 1457 2526 1512 tenebrosam
2553 1465 2602 1513 et
2627 1463 2858 1524 opertam
2880 1455 3064 1510 mortis
3087 1453 3330 1525 caligine,
3359 1464 3466 1509 ter-

1891 1565 2006 1604 ram
2039 1551 2266 1604 miserita
2301 1559 2349 1604 et
2389 1548 2723 1603 tenebrarum
2767 1547 2910 1619 (Job,
2949 1561 3007 1612 κ,
3045 1546 3272 1618 20-22).
3315 1545 3472 1601 Absit

1891 1650 2073 1696 autem
2089 1640 2556 1696 utillicAbraham
2577 1646 2634 1694 et
2652 1624 2754 1694 Job
2777 1637 2896 1696 loca
2921 1637 3309 1708 disjungerent,
3335 1651 3472 1706 quos

1890 1734 1983 1791 hic
2011 1735 2144 1790 ﬁdes
2177 1744 2234 1790 et
2269 1749 2433 1803 opera
2470 1730 2898 1802 inseparabiliter
2925 1730 3352 1799 coniunxerant;
3391 1737 3475 1783 at-

1869 1839 2001 1894 que
2026 1825 2219 1879 horum
2247 1824 2373 1878 illuc
2397 1837 2536 1884 unus
2564 1822 2633 1877 ad
2661 1821 2922 1890 requiem,
2944 1820 3088 1876 alter
3111 1815 3475 1876 destinaretur

1894 1917 1962 1970 ad
1985 1917 2296 1982 miseriam;
2339 1915 2640 1983 horumque
2677 1929 2817 1970 unus
2861 1914 2916 1968 in
2955 1913 3187 1979 lumine,
3228 1912 3363 1966 alter
3399 1909 3474 1966 ibi

211 2017 466 2072 ventibu's
499 2013 718 2070 sciendo
755 2014 1055 2083 interrogat
1097 2011 1281 2067 dicens
1308 2025 1323 2064 :
1349 2009 1479 2076 Quis
1521 2020 1595 2064 est
1637 2011 1791 2064 homo
1821 1981 2104 2065 Bsederet
2128 2009 2183 2063 in
2207 2009 2397 2064 mortis
2425 1981 2670 2078 caligine.
2707 2007 2996 2064 Videamus
3017 2006 3204 2076 itaque
3220 2013 3474 2060 utrumne

211 2108 310 2181 qui
340 2108 481 2173 uiuit,
508 2114 689 2160 etnon
707 2105 896 2161 uidebit
925 2112 1146 2158 mortem
1165 2104 1192 2157 Ρ
1227 2109 1321 2158 aut
1347 2103 1471 2173 quis
1498 2110 1641 2157 eruet
1678 2103 1827 2159 ani-.

212 2213 362 2254 utam
395 2213 548 2254 suam
583 2197 647 2253 de
673 2212 833 2252 manu
855 2195 1056 2266 inferi?
1079 2193 1252 2266 (Psat.
1285 2209 1548 2260 anvnt,
1573 2192 1690 2264 49.)
1715 2193 1797 2248 Ac

215 2289 266 2345 si
295 2298 480 2358 aperte
511 2288 676 2355 dicat,
707 2296 968 2359 quantum
991 2287 1070 2343 'ad
1088 2301 1328 2357 prmsens
1347 2285 1540 2341 attinet
1561 2292 1794 2356 tempus,

215 2376 397 2435 nullus
423 2378 664 2435 omnino.

290 2491 374 2546 Ad
404 2490 696 2547 electorum
732 2490 895 2560 igitur
921 2489 1127 2545 animas
1157 2489 1222 2546 de
1251 2487 1466 2544 inferno
1495 2487 1799 2544 liberandas

219 2583 468 2641 Christus
493 2592 613 2638 erat
640 2582 1029 2652 exspectandus
1050 2622 1065 2647 ,
1101 2597 1260 2650 quem
1289 2581 1538 2635 videlicet
1563 2579 1800 2637 Joannes

213 2673 458 2746 Baptista
490 2676 792 2730 in’earce're
817 2674 1049 2743 positus,
1072 2672 1254 2727 missis
1283 2671 1557 2741 discipulis
1590 2670 1801 2740 rogavit

177 2783 184 2787 ‘
219 2767 406 2825 dicens
427 2783 442 2822 :
466 2765 543 2821 Tu
568 2782 620 2822 es
655 2766 742 2837 qui
772 2773 1015 2819 uenturus
1037 2779 1088 2818 es
1109 2804 1122 2829 ,
1140 2779 1207 2816 an
1228 2760 1389 2815 alium
1410 2759 1802 2831 exspectamus?

222 2857 375 2931 (Luc.
404 2871 503 2923 vn,
531 2855 645 2928 19.)
673 2854 731 2910 In
756 2855 948 2924 quibus
975 2853 1159 2923 utique
1187 2851 1366 2906 verbis
1391 2858 1574 2921 aperte
1609 2857 1803 2904 notan-

223 2949 373 3016 dum,
405 2949 531 3019 quia
562 2947 782 3017 spiritus
807 2945 1134 3015 prophetiae
1159 2943 1403 3008 visionis,
1434 2942 1526 3012 qui
1553 2941 1801 2997 eumdem

223 3040 482 3096 Joannem
502 3041 569 3095 de
587 3037 860 3108 praeterito
878 3034 989 3105 jam
1020 3036 1304 3099 docuerat,
1332 3033 1506 3088 adhuc
1533 3033 1598 3086 de
1623 3030 1802 3086 futuro

224 3141 432 3187 certum
451 3143 559 3184 non
579 3128 809 3193 fecerat;
835 3135 994 3197 atque
1014 3125 1133 3181 ideo
1161 3139 1320 3194 quem
1334 3123 1447 3193 jam
1476 3122 1684 3177 venisse
1703 3137 1803 3193 pro

225 3231 375 3280 certo
394 3223 618 3287 sciebat,
643 3220 817 3276 adhuc
835 3225 1121 3273 venturum
1144 3216 1482 3286 ambigebat:
1507 3213 1632 3284 quia
1658 3213 1803 3267 enim

173 3341 182 3348 -
223 3317 412 3374 mundi
444 3315 768 3384 Redemptor
804 3311 1069 3368 nascendo
1108 3311 1164 3366 in
1194 3307 1454 3364 mundum
1489 3307 1801 3375 advenerat,
1829 3329 1878 3397 ο

177 3410 184 3415 ’
225 3411 417 3468 beatus
452 3411 557 3464 hoc
603 3405 743 3462 idem
777 3405 1018 3474 Baptista
1050 3403 1163 3472 iam
1183 3401 1383 3471 liquido
1429 3406 1670 3464 noverat,
1713 3412 1802 3454 se-

205 3501 463 3557 cundum
503 3498 633 3553 illud
674 3496 816 3565 quod
856 3507 1193 3565 praecurrens
1232 3491 1298 3547 de
1344 3505 1409 3545 eo
1447 3490 1802 3544 ciamaverat:

176 3597 180 3602 ”
229 3592 344 3664 Ego
382 3591 487 3645 uidi
531 3597 577 3644 et
624 3585 972 3643 testimonium
1018 3581 1255 3655 perhibui
1306 3582 1553 3652 quoniam
1600 3579 1685 3633 hic
1731 3587 1805 3634 est

228 3682 280 3738 F
281 3684 406 3737 ilius
437 3680 746 3753 Dei‘(Joan.
777 3695 818 3744 ι,
857 3677 970 3748 54).
1005 3675 1074 3730 Et
1101 3675 1168 3730 ad
1200 3672 1486 3742 discipulos
1509 3690 1520 3726 :
1543 3670 1699 3737 Ecce,
1726 3671 1808 3724 in-

229 3776 366 3844 quit,
400 3774 574 3844 Agnus
608 3771 706 3825 Dei
749 3765 939 3842 (Ibid.,
975 3783 1105 3821 vers.
1143 3765 1256 3838 56).
1297 3765 1404 3820 Sed
1440 3765 1486 3818 si
1517 3763 1808 3818 moriendo

229 3867 301 3921 ad
336 3863 538 3920 inferos
564 3878 662 3934 per
700 3859 1045 3929 semetipsum
1083 3865 1225 3914 esset
1265 3861 1545 3920 venturus,
1587 3853 1809 3910 omnino

231 3957 464 4015 necdum
512 3959 837 4025 agnoverat;
886 3960 940 4007 et
987 3949 1112 4006 inde
1154 3956 1238 4004 est
1286 3946 1416 4002 illud
1449 3946 1805 4016 praemissum,

233 4065 344 4120 quo
378 4047 706 4118 requirebat,
741 4043 782 4098 Τ
785 4060 819 4097 u
850 4059 901 4098 es
936 4043 1026 4113 qui
1059 4049 1302 4095 venturus
1331 4056 1406 4106 es,
1439 4055 1508 4092 an
1537 4036 1700 4092 alium
1726 4051 1812 4091 ex-

232 4142 562 4214 spectamus?
580 4139 659 4195 Ac
677 4137 722 4192 si
746 4136 796 4191 ei
820 4135 1042 4196 diceret,
1059 4132 1127 4187 ad
1148 4130 1416 4201 ergastula
1445 4135 1659 4183 tuorum
1686 4141 1809 4182 mox

235 4235 564 4289 descensura
598 4236 847 4301 patenter
872 4222 1102 4289 insinua,
1131 4235 1290 4291 quem
1328 4218 1435 4273 illis
1467 4216 1811 4272 liberatorem

231 4333 524 4381 venturum
543 4335 661 4376 esse
681 4315 1010 4380 denuntiem,
1037 4324 1089 4369 te
1108 4325 1268 4383 quem
1282 4309 1392 4380 jam
1413 4308 1625 4363 venisse
1652 4321 1809 4360 mun-

236 4419 309 4474 do
336 4414 595 4478 nuntiavi,
619 4427 688 4466 an
709 4409 872 4463 alium
897 4421 1056 4478 quem
1085 4418 1184 4474 pro
1205 4411 1262 4457 te
1287 4399 1605 4455 mittendum
1631 4397 1814 4452 hacte-

234 4524 344 4566 nus
365 4503 642 4578 ignoravi?
672 4501 754 4556 Tu
791 4514 890 4555 nos
922 4497 1048 4552 inde
1084 4493 1336 4550 extrahes
1365 4507 1468 4562 per
1501 4489 1814 4561 sanguinem

236 4576 618 4657 sacratissima:
645 4589 933 4663 passionis,
972 4602 1040 4641 an
1081 4585 1217 4640 alius
1252 4583 1450 4652 ignotae
1483 4578 1764 4651 legationis
1790 4576 1816 4630 ἲ

1885 2100 2058 2156 etiam
2079 2099 2181 2155 Job
2199 2099 2456 2169 pratfatus
2480 2099 2547 2153 ad
2573 2107 2771 2152 terram
2793 2098 3128 2153 tenebrosam
3155 2104 3211 2152 et
3231 2102 3476 2165 opertam
3513 2149 3527 2158 ,

1869 2192 2087 2248 -mortis
2111 2190 2452 2261 ealigine,-ad
2483 2198 2684 2245 terram
2719 2202 2933 2259 quoque
2972 2169 3290 2242 miser-iacet
3325 2193 3477 2240 tene-

1894 2286 2118 2342 brarum
2133 2283 2424 2353 perductus
2441 2281 2498 2336 in
2517 2280 2750 2336 Abrahae
2771 2279 2932 2336 fuerit
2953 2278 3140 2347 requie
3160 2275 3472 2336 collocatus.

1895 2375 2044 2432 idem
2069 2374 2319 2444 denique,
2342 2389 2466 2429 cum
2485 2371 2842 2442 lacrymosius
2867 2371 2971 2426 hoc
2995 2370 3144 2438 quod
3165 2382 3330 2437 supra
3349 2381 3477 2437 pro—

1865 2467 2140 2533 .tulimus,
2185 2465 2410 2527 diceret,
2455 2465 2510 2518 in
2555 2461 3024 2533 profundissimam
3069 2458 3336 2528 infernum
3377 2456 3473 2510 tte-

1889 2557 2140 2613 vendent
2177 2557 2354 2610 omnia
2383 2571 2522 2618 mea,
2559 2552 2815 2608 continuo
2849 2547 3231 2619 praesumptiva
3269 2545 3478 2602 dubita-

1897 2649 2045 2703 tione
2069 2644 2320 2713 subjecit,
2354 2651 2410 2698 et
2432 2643 2508 2696 ait
2533 2660 2546 2695 :
2577 2640 2810 2694 Putasne
2834 2637 3019 2694 saltem
3044 2637 3116 2691 ibi
3145 2637 3343 2708 requies
3380 2635 3477 2690 erit

1896 2740 2027 2792 mihi
2041 2739 2068 2792 Ρ
2085 2737 2230 2806 (Job,
2247 2749 2419 2799 xxvn,
2436 2731 2548 2801 16.)
2575 2730 2682 2788 Nos
2696 2737 2877 2786 autem
2891 2728 2995 2784 ista
3009 2727 3270 2792 dicentes,
3281 2738 3484 2794 nequa-

1898 2842 2061 2898 quam
2071 2833 2276 2880 temere
2285 2821 2613 2878 aiilrmamus
2623 2816 2898 2876 noniuisse
2905 2816 3050 2888 apud
3065 2813 3265 2869 inferos
3278 2812 3396 2887 loca
3406 2811 3485 2891 di-

1897 2889 2014 2974 visa
2034 2917 2178 2971 inter
2187 2914 2387 2970 electos
2397 2918 2452 2966 et
2465 2910 2743 2980 reprobus,
2758 2914 3072 2978 cumtamen
3085 2904 3350 2974 potuisset
3363 2889 3480 2958 ﬁeri

1897 3020 1963 3066 ut
1981 3011 2062 3064 sic
2075 3010 2216 3063 inter
2225 3009 2324 3062 hos
2336 3013 2390 3062 et
2403 3004 2524 3064 illos
2539 3003 2654 3060 sola
2663 3001 2854 3057 merita
2867 3000 3186 3065 dividerent,
3200 2999 3339 3054 sicut
3348 2997 3486 3052 inter

1900 3101 2045 3172 regis
2074 3097 2379 3170 Babylonia:
2403 3093 2710 3158 ministros,
2735 3100 2793 3146 et
2815 3089 3056 3145 Danielis
3081 3083 3482 3158 socios'justitia

1891 3191 2013 3246 sola
2045 3187 2309 3253 distinxit,
2350 3201 2476 3240 nam
2509 3199 2619 3239 una
2669 3181 2964 3249 eademque
3006 3177 3241 3234 fornacis
3269 3175 3485 3232 ﬂamma

1903 3292 1959 3341 et
2001 3283 2122 3338 illos
2167 3279 2500 3349 consumpsit
2539 3283 2594 3332 et
2636 3276 2770 3331 istos
2814 3272 3070 3329 servavit.
3123 3269 3216 3326 Sic
3256 3269 3485 3340 denique

1906 3389 2047 3445 aqua
2070 3371 2239 3429 maris
2265 3369 2458 3435 Rubri,
2489 3373 2544 3423 et
2565 3363 2824 3426 lsraelitis
2845 3363 2914 3418 ad
2936 3376 3134 3417 manna
3162 3359 3485 3416 vescendum

1904 3468 2010 3523 iter
2047 3463 2298 3537 praebuit,
2327 3471 2382 3519 et
2399 3459 2679 3531 Egyptiis
2719 3457 2788 3512 ad
2825 3455 3015 3512 mortis
3056 3453 3378 3524 supplicium
3413 3451 3487 3508 [οι

1901 3572 2058 3615 veam
2103 3553 2449 3612 ministravit.
2495 3549 2609 3606 Hoc
2644 3549 2826 3618 itaque
2865 3561 2990 3602 cum
3025 3559 3220 3618 magna
3256 3543 3486 3600 dicimus

1905 3648 2226 3704 auctoritate
2245 3645 2366 3701 loca
2385 3641 2551 3698 fuisse
2570 3639 2819 3711 pcenalia,
2849 3652 2973 3707 qua:
2997 3635 3247 3692 Christus
3264 3644 3486 3706 propter

1906 3753 2128 3797 suorum
2172 3735 2502 3806 emptionem
2545 3746 2643 3802 per
2685 3729 3035 3798 semetipsum
3068 3725 3332 3795 judicavit
3365 3738 3488 3782 esse

1905 3831 2208 3897 lustranda,
2233 3827 2399 3884 Petro
2443 3830 2754 3887 attestante,
2800 3820 2893 3890 qui
2934 3820 3000 3875 de
3047 3817 3136 3873 illo
3181 3817 3294 3872 ait:
3323 3814 3488 3882 Quem

1906 3923 2050 3980 Deus
2093 3920 2359 3977 suscitavit
2393 3933 2427 3972 a
2465 3914 2717 3979 mortuis,
2755 3910 2940 3967 solutis
2973 3907 3240 3963 doloribus
3277 3903 3486 3977 inferni,

1889 4017 2063 4088 ‘juscta
2083 4012 2222 4085 qud
2250 4006 2564 4081 impossibile
2604 4012 2715 4058 erat
2757 4000 2919 4058 teneri
2955 3998 3106 4053 illum
3141 3997 3204 4052 ab
3247 4014 3307 4052 eo
3349 3995 3488 4067 (Act.

1909 4127 1972 4178 ιι,
2004 4109 2118 4179 24).
2147 4108 2205 4162 in
2226 4100 2683 4176 quibus-profecto
2707 4095 2889 4152 verbis
2917 4092 3147 4149 solerter
3173 4089 3488 4155 notandum,

1909 4201 2166 4274 quoniam
2187 4211 2348 4254 nemo
2369 4194 2515 4265 apud
2533 4190 2733 4246 inferos
2750 4188 2887 4243 liber
2909 4200 2943 4239 a
2969 4183 3216 4240 dolorum
3236 4178 3488 4245 vinculis,

1907 4272 2106 4371 praeter
2125 4309 2248 4351 eum
2271 4292 2364 4363 qui
2388 4289 2534 4345 solus
2553 4284 2818 4342 veraciter
2837 4280 2972 4337 dixit
2992 4294 3008 4334 :
3031 4276 3232 4333 Factus
3249 4290 3366 4331 sunt
3383 4272 3490 4331 sic»

1913 4363 1969 4444 ut
2013 4388 2165 4441 homo
2210 4385 2320 4439 sine
2357 4378 2657 4450 adjutorio,
2695 4376 2836 4429 inter
2871 4379 3106 4426 mortuos
3142 4367 3271 4423 liber
3315 4363 3488 4437 (Psal.

1913 4495 2014 4536 Lxx
2022 4493 2154 4544 xvn,
2177 4476 2257 4547 5).
2287 4473 2464 4542 Atque
2481 4471 2606 4526 ideo
2634 4465 2780 4523 solus
2800 4478 2908 4520 non
2923 4461 3102 4534 potuit
3117 4465 3355 4515 tartarea
3373 4469 3491 4511 ma-

1913 4591 1987 4630 nu
2020 4573 2232 4627 vinctus
2261 4567 2453 4631 teneri,
2481 4563 2610 4634 quia
2645 4560 2792 4616 solus
2827 4571 2938 4612 non
2976 4553 3166 4609 habuit
3211 4555 3490 4621 peccatum

237 4689 378 4757 Quia
405 4702 534 4743 vero
557 4640 678 4740 nonr
691 4695 790 4753 per
817 4640 1106 4750 quemlibet
1134 4640 1318 4740 alium,
1357 4673 1451 4728 sed
1487 4640 1584 4741 per
1619 4675 1813 4724 semet-
1840 4683 1895 4747 Β
1915 4665 2058 4736 quod
2089 4662 2336 4757 dolorum
2365 4653 2961 4757 ejus-aeribus‘posselt
2996 4640 3494 4757 arctaﬂﬁlpdeqqe

237 4785 418 4854 ipsum
457 4781 511 4835 id
548 4777 697 4842 fecit,
727 4772 986 4844 praedicto
1021 4767 1214 4825 Joanni
1251 4781 1317 4822 ex
1350 4764 1569 4834 obliquo
1595 4760 1817 4816 manda-

165 4878 172 4882 ’
239 4841 339 4929 vit.
373 4871 480 4927 Sed
509 4841 844 4925 manifestius
871 4861 1001 4917 illud
1026 4858 1315 4916 Zacharias
1339 4854 1564 4927 aperuit,
1595 4853 1685 4922 qui
1713 4841 1823 4906 hoc

240 4966 387 5038 quod
426 4960 724 5020 certissime
762 4957 1000 5011 futurum
1050 4967 1168 5008 esse
1207 4947 1471 5022 praevidit,
1508 4947 1621 5016 jam
1662 4944 1820 5014 quasi

237 5034 445 5115 factum
471 5051 731 5110 narravit.
775 5045 865 5103 Sic
889 5046 1033 5102 enim
1058 5044 1125 5098 ad
1153 5057 1276 5097 eum
1303 5041 1395 5111 qui
1425 5037 1621 5093 inferos
1651 5034 1820 5104 capti-

240 5149 391 5205 vavit
417 5139 826 5217 praesentialiter
847 5136 957 5191 ait:
983 5133 1062 5188 Tu
1087 5148 1289 5204 quoque
1308 5131 1362 5184 in
1382 5128 1633 5198 sanguine
1661 5131 1819 5178 testa-

233 5239 407 5296 ’πιεηεὶ
447 5239 524 5292 tui
560 5231 774 5290 emisisti
813 5228 1007 5283 uinctos
1040 5232 1153 5279 tuos
1189 5223 1252 5276 de
1287 5221 1425 5284 lacu,
1463 5218 1550 5271 ubi
1600 5232 1702 5270 non
1744 5223 1819 5270 est

245 5346 388 5401 aqua
421 5325 604 5401 (Zach.
637 5339 710 5388 Ix,
742 5320 850 5392 11).
880 5317 947 5371 Et
986 5315 1078 5386 qui
1115 5321 1241 5370 sunt
1277 5311 1365 5367 isti
1396 5308 1561 5366 vincti
1599 5307 1723 5372 nisi,
1760 5312 1822 5361 ut

169 5469 172 5472 .
244 5398 610 5488 Hieronymus
644 5413 818 5477 docet,
845 5407 980 5478 justi
1009 5404 1255 5474 antiqui?
1299 5401 1452 5459 Unde
1490 5408 1669 5454 autem
1703 5398 1821 5451 vin-
1869 5467 1876 5474 ι

243 5514 346 5581 eti,
369 5486 474 5568 nisi
501 5525 569 5567 ex
589 5501 1030 5579 praevaricatione
1052 5505 1234 5553 reatus
1255 5493 1453 5566 primi?
1481 5489 1548 5545 Et
1570 5487 1691 5559 quis
1717 5486 1822 5543 iste

171 5604 174 5608 ’
241 5575 404 5664 lacus
431 5605 487 5660 in
513 5575 619 5673 quo
642 5597 959 5654 tenebantur
981 5589 1200 5661 captivi,
1229 5586 1336 5642 nisi
1359 5585 1477 5639 ioca
1508 5589 1633 5636 sunt
1660 5575 1822 5633 inferi

235 5697 344 5766 ubi
372 5712 477 5754 non
504 5669 607 5759 est,
635 5698 696 5744 ut
722 5687 944 5751 dicitur,
970 5698 1108 5755 aqua
1126 5722 1141 5748 ,
1171 5678 1417 5736 videlicet
1441 5671 1652 5745 requies
1677 5669 1822 5726 ulla?

253 5783 383 5845 inde
410 5792 494 5841 est
518 5781 679 5839 etiam
709 5775 838 5833 illud
859 5775 1004 5844 quod
1027 5772 1178 5827 dives
1207 5769 1405 5840 ibidem
1440 5763 1820 5852 inﬂammatus,

255 5889 463 5952 guttam
501 5890 652 5946 aqum
682 5873 749 5928 ad
786 5871 980 5941 lingua:
1014 5865 1352 5937 refrigerium
1391 5858 1600 5930 quaerit,
1633 5863 1686 5910 et
1715 5869 1821 5909 non

262 5947 480 6032 invenit.
511 5965 664 6038 Quod
681 5965 727 6022 si
747 5964 816 6020 ita
845 5968 950 6029 est,
976 5954 1240 6030 quomodo
1260 5951 1529 6008 Abraham
1558 5947 1623 6003 ab
1647 5961 1711 6002 eo
1739 5959 1824 6001 se»
1855 5990 1873 6026 ε

1916 4728 2063 4814 solus
2092 4755 2160 4810 ab
2190 4751 2387 4808 inferni
2418 4743 2692 4804 doloribus
2721 4740 2854 4796 alios
2879 4738 3114 4794 liberare
3135 4731 3323 4799 valuit,
3351 4728 3493 4785 unde

1915 4849 2030 4920 ipse
2050 4846 2268 4903 eosdem
2294 4840 2506 4896 dolores
2533 4850 2641 4891 non
2673 4832 2861 4890 sensit.

1987 4938 2114 4995 Seio
2133 4936 2313 4992 autem
2330 4930 2616 5002 quemdam
2635 4925 2778 4981 inter
2795 4934 3018 4993 magnos
3039 4919 3360 4974 tractaturos
3377 4910 3492 4969 haec

1915 5032 2080 5087 verba
2097 5029 2188 5083 ‘ita
2217 5023 2472 5088 sensisse,
2507 5027 2568 5074 ut
2603 5029 2714 5073 non
2747 5015 2804 5070 in
2830 5008 3154 5084 patriarehis
3184 5014 3343 5077 atque
3369 5017 3494 5074 pro-

1915 5118 2121 5191 phetis,
2151 5117 2246 5173 sed
2274 5116 2328 5170 in
2358 5107 2478 5168 aliis
2499 5109 2656 5179 longe
2683 5105 2750 5161 ab
2773 5105 3003 5160 istorum
3028 5097 3248 5154 sedibus
3271 5091 3490 5191 positis,

1915 5186 2171 5284 prmfatos
2191 5209 2406 5265 dolores
2431 5201 2651 5260 solverit
2669 5198 2948 5260 Christus;
2981 5201 3036 5248 et
3059 5198 3244 5284 tamen
3269 5199 3380 5242 non
3400 5186 3495 5284 ’est

1919 5271 2082 5359 ausus
2110 5299 2306 5362 dicere,
2337 5309 2431 5352 eos
2465 5306 2600 5362 quos
2625 5289 2816 5345 iisdem
2849 5281 3091 5340 dolorum
3122 5276 3347 5334 nexibus
3381 5271 3493 5328 sol—

1918 5394 2018 5459 vit,
2052 5405 2156 5445 non
2184 5361 2347 5442 fuisse
2374 5361 2602 5445 eiectos;
2637 5361 2779 5447 quod
2804 5374 2988 5444 utique
3017 5365 3063 5428 si
3092 5367 3313 5432 diceret,
3345 5376 3496 5419 men-

1921 5453 2026 5539 das
2044 5477 2284 5552 profecto
2304 5477 2606 5545 appareret.
2634 5464 3002 5523 Concedamus
3017 5457 3203 5534 itaque
3220 5453 3360 5552 quod
3385 5465 3492 5506 non

1919 5545 2119 5626 fuerint
2155 5563 2474 5638 patriarchae
2515 5566 2674 5628 atque
2707 5554 3001 5625 prophetat,
3037 5549 3136 5608 sed
3169 5545 3298 5638 alii,
3313 5550 3372 5598 et
3413 5548 3494 5595 ta-

1920 5677 2043 5720 men
2073 5633 2249 5725 elec'ti,
2281 5656 2374 5728 qui
2411 5653 2587 5708 minus
2613 5649 2678 5706 de
2703 5649 2940 5718 perfecta
2971 5639 3178 5712 iustitia
3211 5633 3489 5728 habentis:

1922 5715 2116 5815 inferni
2153 5715 2667 5810 doloribus'fuerint
2705 5715 2948 5812 obligati.
3000 5730 3198 5819 Sedisi
3229 5723 3388 5811 plena
3417 5715 3493 5819 ibi

1915 5845 2346 5920 patriarcharum
2374 5855 2439 5897 ac
2471 5836 2858 5909 prophetarum
2887 5825 3058 5920 quies,
3071 5817 3346 5920 plenaque
3365 5817 3494 5920 era:

1923 5902 2236 6006 consolatio,
2269 5951 2388 6008 qua:
2418 5902 2526 5989 illis
2552 5902 2855 5984 necessaria
2888 5913 3088 5974 Christi
3122 5902 3492 5982 exspectatio?
