3950 6308
527 417 668 479 1385

1766 386 2078 466 ΑΝΟΝῩΜΙ
2113 382 2384 460 smcnu
2420 397 2554 459 vm.

3664 397 3797 460 1381

522 535 609 591 An
628 544 738 587 non
758 533 876 583 erat
899 524 1130 582 Joannes
1160 521 1420 595 prepheta
1443 527 1498 578 et
1524 517 1646 592 plus
1671 528 1832 592 quam
1867 517 2098 590 prophe—
2121 517 2179 579 Α
2201 512 2415 581 fefellit,
2445 515 2612 569 talem
2647 510 2776 569 hinc
2811 507 3131 570 sententiam
3158 509 3432 579 firmavit,
3470 518 3538 568 ut
3568 512 3792 585 diceret,

521 633 601 693 ta,
635 621 728 694 qui
763 636 830 676 ex
867 632 962 675 sua
997 617 1329 684 aliorumque
1358 613 1740 684 prophetarum
1759 623 2009 680 persona,
2043 615 2103 664 ut

525 731 689 787 supra
726 711 1088 774 meminimus,
1125 707 1540 774 Redempton
1576 701 1761 756 mundi
1795 699 2104 787 requirebat

526 786 713 864 dicens
736 824 750 860 :
777 803 855 858 Tu
876 819 929 858 es
952 792 1306 872 qui'venturus
1325 813 1398 862 es,
1421 812 1490 849 an
1509 793 1672 848 alium
1699 799 2054 862 exspectamus
2077 786 2102 840 ?

525 899 680 971 (Luc.
712 912 810 960 vn,
842 893 953 964 19.)
991 892 1150 948 Certe
1175 886 1561 957 exspectabant
1583 897 1707 938 eum
1737 881 1828 937 isti
1855 878 2019 934 vincti
2037 877 2102 971 in

524 966 646 1044 lacu
666 1030 680 1055 ,
716 986 809 1043 ubi
842 1001 949 1041 non
984 991 1070 1039 est
1099 995 1273 1051 aqua;
1317 986 1370 1034 et
1407 977 1606 1032 mirum
1641 974 1687 1029 si
1719 973 1839 1028 aliis
1874 966 2103 1025 vinculis

525 1079 750 1141 astricti,
775 1076 878 1131 nisi
902 1076 987 1130 his
1008 1089 1127 1143 quae
1153 1072 1344 1126 Petrus
1368 1082 1465 1138 per
1487 1066 1762 1122 Christum
1784 1061 1962 1119 soluta
1977 1073 2104 1114 nar-

525 1170 687 1226 ravit.
718 1167 968 1223 Coarctat
989 1178 1087 1220 nos
1106 1175 1321 1217 rursum
1347 1160 1463 1214 haec
1492 1155 1738 1228 qtmstio.
1768 1159 1829 1207 ut
1863 1151 2103 1207 dicamus

525 1261 795 1332 quomodo
825 1258 899 1312 ibi
930 1257 1168 1313 Lazarus
1195 1253 1249 1305 in
1287 1250 1408 1305 sinu
1443 1248 1675 1304 Abrahae
1701 1242 2101 1308 consolabatur,

527 1331 574 1408 si
603 1351 846 1406 dolorum
882 1345 1110 1401 vinculis
1141 1341 1396 1398 astrictus
1430 1336 1755 1394 tenebatur?
1797 1333 1905 1388 Sed
1938 1331 2106 1388 facia-

527 1457 647 1497 mus
669 1438 1065 1496 distinctionem
1089 1435 1232 1490 inter
1253 1432 1490 1487 dolorem
1511 1435 1566 1483 et
1583 1427 1842 1490 dolorem,
1865 1430 1922 1478 et
1940 1424 2100 1488 hanc,

527 1543 588 1588 ut
611 1532 865 1596 arbitror,
892 1527 1104 1584 facilius
1131 1523 1456 1580 absolvimus
1473 1519 1848 1590 quaestionem.
1879 1514 2101 1570 Crucia-

526 1625 728 1680 bantur
755 1623 936 1691 itaque
968 1619 1108 1688 apud
1139 1615 1342 1671 inferos
1366 1612 1537 1682 iniqui
1562 1610 1722 1666 simul
1753 1617 1808 1665 et
1825 1607 1978 1677 justi,
2009 1607 2105 1662 sed

525 1736 634 1776 non
668 1717 786 1788 pari
820 1715 984 1771 modo
1018 1713 1107 1769 isti
1143 1720 1200 1767 et
1225 1710 1319 1774 illi,
1347 1708 1473 1778 quia
1509 1706 1585 1760 illi
1622 1703 1930 1760 omnimoda
1967 1701 2106 1772 ignis

527 1814 792 1884 gehenna,
828 1808 919 1864 isti
945 1806 1057 1862 sola
1086 1803 1282 1860 mentis
1302 1801 1553 1864 tristitia;
1584 1797 1660 1852 illi
1687 1795 1816 1865 quia
1849 1793 1981 1848 foris
2015 1807 2107 1846 ar—

527 1904 748 1966 debant,
775 1899 866 1955 isti
894 1898 1018 1968 quia
1053 1897 1197 1950 intus
1222 1893 1554 1956 maerebant;
1591 1889 1668 1944 illi
1693 1885 1961 1943 consolari
1996 1899 2104 1940 non

524 1998 796 2064 poterant,
819 1991 944 2059 quia
973 1989 1024 2042 in
1051 1981 1331 2042 tormentis
1357 1982 1697 2055 refrigerium
1718 1979 1922 2035 nullum
1946 1977 2105 2033 habe-

525 2083 676 2148 bant,
719 2081 814 2136 isti
847 2078 1091 2149 quamvis
1137 2077 1498 2140 tristarentur,
1539 2073 1666 2142 quia
1704 2071 1794 2126 diu
1826 2085 1858 2124 a
1899 2067 2107 2125 caelesti

523 2173 702 2246 patria
728 2171 1065 2234 exsulabant,
1104 2176 1282 2223 tamen
1321 2165 1756 2227 consolabantur,
1790 2162 1916 2232 quia
1949 2168 2103 2217 exte-

524 2269 637 2325 rior
669 2266 790 2322 illos
820 2264 1171 2335 reproborum
1207 2259 1476 2316 ambustio
1512 2273 1620 2314 non
1652 2255 1900 2312 vexabat.

595 2357 738 2428 Ergo
757 2355 901 2426 quod
923 2357 990 2410 de
1014 2353 1134 2408 lacu
1159 2351 1374 2416 dicitur,
1400 2349 1526 2420 quia
1548 2362 1656 2402 non
1684 2355 1766 2402 est
1787 2345 1841 2400 in
1860 2358 1926 2400 eo
1945 2357 2101 2414 aqua,

524 2460 635 2504 non
650 2444 718 2500 ad
737 2444 1034 2518 electorum
1055 2441 1250 2497 mentis
1270 2440 1528 2504 dolorem,
1551 2435 1646 2493 sed
1667 2435 1734 2490 ad
1756 2435 2106 2505 reproborum

521 2541 759 2610 pertinet
789 2537 1115 2594 exteriorem
1139 2534 1278 2603 ignis
1299 2533 1580 2597 ardorem;
1612 2531 1668 2585 in
1701 2543 1807 2598 quo
1835 2526 2104 2591 videlicet,

523 2633 653 2700 quia
682 2628 848 2686 ultrix
883 2637 966 2685 est
1006 2627 1242 2692 flamma,
1278 2639 1378 2680 nec
1407 2637 1516 2678 una
1551 2621 1742 2677 saltem
1777 2620 1846 2674 ad
1883 2617 2108 2688 refrige-

523 2723 667 2777 rium
693 2735 845 2790 aquae
869 2719 1105 2788 suppetit
1130 2724 1300 2788 gutta,
1330 2729 1496 2784 quam
1517 2712 1624 2768 nisi
1648 2726 1716 2766 ex
1743 2709 1958 2764 fluentis
1999 2706 2108 2761 ele-

526 2820 737 2868 ctorum
763 2809 970 2866 hauriri
995 2821 1154 2878 posse
1178 2811 1547 2875 cognosceret,
1575 2803 1724 2857 dives
1743 2800 1811 2854 ad
1835 2797 2107 2853 Abraham

527 2904 750 2960 minime
788 2901 1028 2956 diceret:
1055 2897 1205 2952 Mitte
1246 2895 1532 2960 Lazarum,
1577 2900 1635 2947 ut
1672 2892 1898 2960 intingat
1940 2897 2108 2943 extre-

525 3011 671 3050 mum
701 2993 850 3063 digiti
880 2991 962 3045 sui
990 2991 1047 3044 in
1079 3005 1235 3060 aqua,
1273 2995 1320 3041 et
1360 2985 1625 3056 refrigeret
1654 2982 1886 3053 linguam
1913 2995 2102 3043 meam,

525 3085 650 3156 quia
678 3084 887 3138 crucior
911 3081 968 3135 in
996 3081 1094 3134 hac
1119 3080 1334 3149 ﬂamma
1371 3076 1523 3148 (Luc.
1551 3089 1662 3139 xvr,
1692 3072 1804 3144 24).
1844 3071 1920 3126 Ita
1948 3071 2106 3141 plane

527 3191 637 3230 non
674 3187 793 3228 esse
829 3171 1160 3227 contrarium
1199 3169 1427 3223 dicimus
1461 3166 1599 3238 apud
1632 3164 1834 3220 inferos
1859 3163 2104 3218 dolorum
2135 3195 2184 3261 ο

527 3263 757 3318 vinculis
787 3262 1040 3332 religatos
1075 3257 1437 3327 fuissejustos
1474 3257 1743 3328 antiquos.
1794 3254 1900 3310 Sed
1936 3253 2107 3324 quid?

528 3353 656 3410 Sive
696 3362 899 3409 certam
919 3393 936 3419 ,
978 3352 1091 3406 sive
1129 3350 1345 3406 dubiam
1383 3351 1450 3406 de
1483 3347 1693 3406 inferno
1725 3347 1780 3403 in
1819 3348 1922 3404 hac
1954 3352 2109 3416 parte

526 3446 908 3517 protulerimus
953 3443 1276 3500 sententiam
1315 3456 1378 3509 ll;
1407 3443 1511 3498 hoc
1555 3450 1737 3501 tamen
1764 3438 2110 3495 veracissime

527 3538 777 3603 dicimus,
806 3537 933 3607 quia
956 3536 1051 3591 Dei
1077 3535 1246 3590 Filius
1265 3535 1558 3590 indebitam
1582 3548 1680 3604 pro
1705 3533 1859 3589 nobis
1880 3538 2110 3586 mortem

527 3630 827 3695 exsolvens,
858 3643 1073 3698 quoquo
1093 3635 1253 3697 pacto
1275 3626 1331 3680 in
1350 3620 1678 3696 quibuslibet
1699 3623 1858 3680 fuerit
1883 3622 2106 3688 factum,

525 3718 720 3772 solutis
747 3717 1020 3772 doloribus
1046 3714 1260 3778 inferni,
1295 3729 1422 3770 suos
1450 3714 1573 3768 inde
1603 3721 1813 3768 tantum
1850 3713 2103 3778 reduxit;

527 3807 672 3862 sicut
709 3806 824 3875 ipse
860 3793 957 3874 per
994 3804 1130 3859 Osee
1167 3804 1325 3870 longe
1360 3809 1484 3858 ante
1515 3803 1802 3872 praedixit:
1826 3802 1936 3856 Ero
1968 3818 2110 3856 mors

529 3905 641 3963 tua,
666 3911 696 3948 ο
716 3910 889 3959 mors;
913 3909 1000 3948 ero
1028 3909 1232 3947 morsus
1261 3902 1401 3958 tuus,
1427 3893 1628 3962 inferne
1655 3893 1825 3964 (Ose.,
1849 3908 1970 3957 χιιι,
1996 3892 2107 3964 14).

527 3983 588 4040 In
634 3985 830 4055 quibus
869 3981 1111 4054 profecto
1152 3983 1334 4037 verbis
1374 3983 1599 4038 solerter
1632 3985 1965 4053 pensandum
2004 3989 2108 4050 est,

527 4077 656 4148 quia
681 4077 1014 4147 Redemptor
1041 4083 1224 4132 noster
1250 4085 1482 4132 mortem
1506 4077 1721 4146 quidem
1752 4077 1993 4134 funditus
2021 4094 2112 4134 oc-

527 4167 680 4233 cidit,
716 4168 810 4222 sed
847 4166 1102 4223 nimirum
1131 4168 1182 4222 in
1212 4174 1366 4236 parte
1393 4182 1554 4237 quam
1587 4169 1701 4239 ipse
1733 4170 1972 4239 glutivit;
2008 4186 2112 4227 cae-

528 4265 704 4312 terum
741 4255 890 4314 mors
923 4258 979 4311 in
1012 4265 1167 4327 parte
1203 4272 1322 4327 quae
1357 4258 1633 4324 remansit,
1671 4261 1986 4330 permansit.
2025 4262 2114 4316 Di—

526 4355 682 4403 catur
703 4348 884 4418 igitur,
909 4363 998 4402 ero
1018 4363 1158 4400 mors
1183 4357 1296 4413 tua,
1323 4364 1352 4401 ο
1379 4365 1542 4415 mors,
1571 4364 1635 4406 ac
1659 4350 1706 4405 si
1731 4351 2016 4418 diceretur,
2055 4353 2111 4406 in

525 4439 726 4507 praeda,
768 4453 932 4507 quam
963 4439 1138 4507 capio,
1172 4447 1225 4492 te
1252 4438 1493 4495 funditus
1523 4441 1794 4498 interimo.
1833 4443 1943 4496 Ero
1970 4461 2111 4499 mor-

2201 621 2234 661 a
2270 607 2458 662 diebus
2482 605 2704 662 Joannis
2735 606 2990 676 Baptistae
3018 604 3251 676 Regnum
3279 605 3546 661 edorum
3577 608 3687 661 eius
3709 626 3796 680 pa-

2199 699 2346 764 titur,
2384 708 2432 753 α
2468 699 2674 754 violenti
2710 697 2964 768 diripiunt
2988 696 3122 751 illud
3147 697 3362 768 (Matth.
3390 715 3477 763 ιι,
3511 698 3632 770 12).
3672 700 3716 755 0
3745 711 3792 756 tu

2203 789 2390 844 doctor
2426 788 2550 844 novi
2577 789 2800 853 erroris,
2842 787 3085 857 nunquid
3119 795 3329 843 tantum
3371 790 3429 844 in
3479 790 3574 844 die
3612 790 3792 858 iudicii

2202 895 2428 950 regnum
2451 881 2710 937 caelorum
2734 880 2955 936 violenti
2979 879 3277 950 diripiunt?
3305 889 3369 934 ut
3406 880 3669 935 diabolus
3703 898 3791 952 per

2204 986 2268 1026 os
2291 978 2443 1026 tuum
2480 971 2820 1039 construxit,
2851 978 2907 1028 et
2948 985 3055 1026 non
3078 970 3259 1040 potius
3305 986 3340 1025 a
3388 972 3594 1027 diebus
3636 971 3786 1028 Joan-

2203 1063 2640 1119 nis?......'

2652 1155 2758 1211 Hic
2779 1154 2922 1211 deest
2941 1155 3126 1225 folium
3143 1173 3331 1210 unum.

2209 1283 2223 1299 .
2254 1282 2270 1299 .
2303 1282 2316 1299 .
2341 1243 2433 1300 illa
2459 1245 2506 1302 si
2533 1245 2729 1316 placet,
2769 1245 2836 1301 de
2889 1245 3074 1300 multis
3117 1244 3390 1300 sufficiant
3416 1244 3563 1313 ista;
3593 1244 3642 1303 si
3669 1263 3787 1305 vero

2203 1345 2424 1409 pr0pter
2445 1338 2755 1408 exiguitatis
2774 1353 2908 1393 mete
2930 1352 3216 1408 personam
3238 1338 3295 1392 in
3321 1339 3560 1394 dubium
3578 1343 3788 1398 venint

2206 1434 2262 1483 et
2283 1429 2410 1494 ista,
2439 1429 2804 1486 necessarium
2831 1443 2958 1484 reor
2987 1430 3224 1499 generali
3247 1432 3656 1524 ca‘holicorum
3680 1450 3785 1492 sen-

2206 1522 2390 1585 tentia,
2421 1536 2611 1577 verum
2638 1535 2727 1577 me
2745 1521 2804 1576 in
2832 1521 2919 1576 his
2945 1533 3067 1590 qlia:
3095 1521 3205 1575 dixi
3239 1521 3442 1578 testem
3473 1528 3783 1596 approbare.

2205 1613 2265 1669 ιιι
2293 1609 2780 1668 ecclesiasticorum
2811 1610 3013 1665 etenim
3051 1610 3300 1680 dogmate
3329 1611 3387 1675 ιι,
3430 1614 3586 1682 quod
3619 1615 3784 1671 «hstiu-

2207 1704 2310 1760 ctis
2337 1703 2620 1760 sententiis
2652 1718 2761 1759 uno
2792 1703 3065 1759 volumine
3091 1707 3609 1774 comprehenditur,
3635 1713 3784 1781 quod-

2207 1811 2313 1866 que
2347 1810 2446 1867 per
2483 1797 2795 1853 universum
2831 1797 3020 1852 orbem
3055 1811 3086 1852 a
3110 1797 3338 1853 "cunctis
3395 1802 3670 1870 recipitur,
3721 1804 3782 1859 ah

2205 1887 2456 1942 omnibus
2511 1885 2840 1952 defenditur,
2890 1901 3205 1956 summaque
3252 1889 3430 1943 laude
3477 1892 3776 1960 celantur,

2204 1978 2362 2033 titulo
2389 1978 2804 2048 quadragesimo
2831 1978 3022 2048 quinto
3041 1978 3115 2032 ita
3135 1979 3450 2035 scribitur:
3481 2001 3505 2033 ‹
3520 1983 3650 2036 Ante

2203 2072 2413 2128 sionem
2453 2071 2667 2128 Domini
2693 2087 2884 2128 omnes
2924 2073 3118 2128 animae
3148 2083 3484 2130 sanctorum
3509 2078 3572 2132 in
3599 2078 3783 2134 inferno

2205 2164 2306 2218 sub
2347 2162 2529 2218 debito
2567 2162 3024 2232 praevaricationis
3059 2162 3189 2218 Adae
3238 2166 3605 2224 tenebantur.
3639 2170 3784 2225 donec

2203 2251 2524 2307 auctoritate
2567 2252 2779 2308 Domini
2823 2267 2922 2322 per
2961 2252 3259 2309 indebitam
3303 2254 3433 2324 ejus
3478 2270 3712 2315 mortem
3734 2263 3786 2317 tle

2205 2344 2384 2400 servili
2408 2345 2717 2401 conditione
2743 2345 3124 2402 liberarentur.
3147 2365 3166 2400 ι
3200 2347 3264 2402 ιιι
3290 2354 3560 2420 sequenti
3597 2370 3785 2426 quoque

2206 2434 2382 2500 titulo,
2424 2436 2528 2490 hoc
2565 2442 2649 2491 est
2685 2435 3096 2506 quadragesimo
3135 2445 3318 2505 sexto,
3349 2441 3486 2497 talis
3513 2447 3789 2502 auctoritas

2207 2526 2537 2593 continetur,
2571 2534 2630 2580 ut
2665 2527 2916 2582 dicatur:
2951 2545 2971 2578 ι
2992 2527 3121 2583 Post
3163 2533 3551 2589 ascensionem
3593 2537 3791 2593 Domini

2208 2617 2277 2672 ad
2293 2617 2476 2682 caelos,
2500 2631 2690 2673 omnes
2713 2626 3018 2674 sanctorum
3037 2619 3235 2676 animae
3260 2637 3388 2678 cum
3408 2624 3632 2682 Christo
3650 2639 3795 2697 mut,

2207 2716 2262 2763 et
2286 2717 2546 2763 exeuntes
2576 2710 2643 2763 de
2667 2723 2892 2778 corpore
2925 2711 2994 2766 ad
3016 2709 3302 2768 Christum
3338 2717 3562 2783 vadunt,
3605 2733 3800 2791 exspe-

2205 2805 2414 2853 ctantes
2447 2801 2896 2854 resurrectionem
2939 2802 3182 2871 corporis
3211 2805 3323 2872 sui,
3349 2815 3416 2862 ut
3445 2810 3517 2863 ad
3539 2809 3794 2885 integram

2205 2896 2262 2943 et
2286 2887 2580 2960 perfectam
2607 2889 2996 2948 beatitudinem
3027 2908 3150 2949 cum
3194 2896 3317 2967 ipso
3356 2899 3582 2968 pariter
3623 2903 3794 2958 immu-

2208 2989 2408 3038 tentur.
2461 2982 2614 3038 Sicut
2656 2993 2710 3040 et
2744 2993 3087 3056 peccatorum
3131 2989 3332 3045 anima:
3361 2991 3426 3046 in
3467 2992 3686 3050 inferno
3709 2996 3790 3050 ab

2207 3074 2401 3127 timore
2425 3073 2633 3142 positae,
2665 3083 2979 3144 exspectant
3007 3079 3479 3137 resurrectionem
3509 3085 3598 3139 sui
3627 3099 3789 3156 oorpo-

2213 3163 2308 3227 ris,
2333 3170 2393 3216 ut
2420 3177 2544 3216 cum
2573 3163 2690 3232 ipso
2717 3165 2782 3219 ad
2807 3179 3024 3234 poenam
3049 3175 3452 3225 convertantur
3481 3183 3749 3229 sternam.
3768 3196 3784 3228 ι

2212 3255 2338 3312 Haec
2380 3255 2622 3310 omnium
2666 3256 3083 3326 praecedentium
3131 3273 3197 3316 ac
3247 3263 3709 3334 subsequantium
3749 3240 3792 3321 et

2210 3363 2317 3403 una
2340 3358 2396 3403 et
2423 3347 2707 3419 singularis
2746 3357 2799 3404 et
2834 3347 3100 3418 generalis
3125 3358 3208 3406 est
3231 3350 3474 3409 Patrum
3501 3359 3786 3414 sententia:

2211 3438 2299 3493 cui
2343 3438 2538 3493 merito
2575 3440 2908 3495 concordatis
2942 3441 3133 3496 beatus
3173 3441 3486 3514 Gregorius
3519 3464 3664 3518 papa
3705 3449 3793 3503 Bo-

2211 3545 2402 3584 manus
2424 3530 2622 3602 praesul
2648 3531 2955 3600 apostolicae
2996 3533 3157 3600 sedis,
3187 3540 3566 3592 tractatorurn
3599 3540 3790 3608 quiti:

2211 3621 2458 3686 ultimus,
2491 3623 2584 3677 sed
2609 3637 2748 3693 pene
2789 3625 3027 3679 omnium
3066 3627 3340 3696 egregius,
3372 3628 3436 3682 in
3467 3641 3668 3699 quarm
3689 3632 3792 3686 Dia-

2211 3715 2457 3784 logorum
2506 3715 2645 3770 libro
2691 3716 2761 3770 ad
2806 3717 3210 3786 inquisitionem
3235 3719 3602 3779 collocutoris
3627 3725 3707 3778 sui
3730 3725 3790 3778 ita

2212 3805 2488 3875 respondit
2531 3804 2718 3860 dicens
2743 3820 2757 3860 :
2789 3823 2806 3856 ι
2829 3805 3049 3863 Constat
3078 3808 3206 3878 quia
3237 3811 3625 3880 perfectorum
3646 3814 3792 3884 justo-

2213 3909 2333 3948 rum
2366 3895 2577 3960 animos,
2607 3908 2734 3950 mox
2756 3903 2817 3950 ut
2844 3894 3003 3964 huius
3027 3897 3206 3952 carnis
3232 3896 3485 3955 claustro
3507 3913 3723 3968 exeam,
3745 3904 3790 3957 in

2212 3985 2519 4042 cmlestibus
2554 3987 2772 4042 sedibus
2817 3987 3164 4058 recipiuntur.
3202 3988 3362 4055 Quod
3393 3999 3455 4046 et
3486 3993 3608 4064 ipsa
3634 4010 3724 4064 per
3742 4008 3792 4047 se

2213 4075 2424 4130 Veritas
2464 4085 2753 4133 attestatur
2793 4078 3014 4135 dicens:
3043 4077 3350 4152 Ubicunque
3384 4082 3556 4150 fuerit
3597 4102 3790 4156 corpus,

2211 4164 2337 4220 illuc
2374 4168 2826 4238 congregabantur
2846 4177 2894 4222 et
2920 4168 3112 4239 aquila:
3138 4169 3290 4240 (Luc.
3319 4186 3501 4240 xxvn,
3523 4175 3655 4247 57);
3684 4177 3790 4245 qui:

2159 4313 2162 4315 .
2211 4258 2304 4312 ubi
2347 4258 2462 4328 ipse
2504 4258 2832 4330 Redemptor
2855 4272 3042 4315 noster
3066 4269 3148 4317 est
3175 4277 3428 4332 corpore,
3481 4267 3613 4322 illuc
3656 4269 3792 4322 colli-

2211 4357 2411 4419 guntur
2448 4357 2504 4404 et
2532 4351 2726 4405 animae
2745 4349 3039 4420 iustorum.
3072 4353 3140 4407 Et
3178 4353 3380 4412 Paulus
3421 4357 3648 4413 Δίαοιή
3673 4361 3792 4414 ἀρέ-

2172 4438 2381 4505 _derqt,
2413 4447 2460 4493 et
2493 4457 2610 4493 cum
2663 4439 2870 4495 Christo
2919 4459 3048 4498 esse.
3097 4443 3198 4510 Qui
3243 4461 3375 4517 ergo
3415 4448 3702 4505 Christum
3747 4450 3796 4503 in

525 4544 617 4582 sua
655 4537 804 4595 tuus,
842 4529 1079 4598 inferne,
1114 4529 1218 4584 hoc
1252 4537 1365 4595 est,
1405 4545 1512 4585 non
1546 4540 1598 4584 te
1629 4539 1802 4586 totum
1836 4532 2070 4602 deglutio
2090 4573 2104 4599 ,
2129 4543 2185 4605 Ῑ)
2211 4532 2348 4588 cmlo
2381 4546 2500 4588 esse
2543 4548 2653 4588 non
2699 4534 2932 4601 dubitat,
2981 4551 3082 4592 nec
3121 4536 3272 4592 Pauli
3301 4539 3554 4596 animam
3583 4543 3643 4596 in
3671 4543 3797 4597 ω

527 4621 623 4678 sed
663 4629 874 4690 partem
912 4635 980 4676 ex
1015 4629 1071 4677 te
1105 4621 1359 4677 mordens
1403 4637 1680 4678 consumo.
1721 4622 1905 4693 Neque
1941 4623 2103 4689 enim,

527 4717 590 4763 ut
626 4709 890 4764 catholica
917 4709 1048 4766 fides
1073 4710 1334 4778 praefixit,
1366 4711 1502 4766 alios
1531 4711 1655 4766 inde
1681 4727 1844 4781 quam
1873 4727 2000 4768 suos
2027 4714 2110 4768 in-

2207 4639 2327 4680 esse
2367 4625 2587 4694 negabit
2618 4642 2630 4678 :
2666 4625 2760 4694 qui
2785 4626 2948 4682 etiam
2973 4627 3042 4681 de
3069 4630 3312 4698 corporis
3335 4631 3420 4685 sui
3447 4633 3796 4687 dissolutione

2151 4763 2162 4772 .
2206 4723 2370 4784 atque
2389 4715 2720 4770 habitatione
2740 4715 2931 4784 patrias
2958 4717 3192 4773 caelestis
3220 4717 3390 4773 dicit:
3426 4719 3649 4777 Scimus
3681 4738 3798 4792 qne-

527 4808 775 4860 terventu
811 4802 1136 4857 beatissima;
1170 4803 1438 4872 passionis
1475 4803 1543 4858 ad
1576 4817 1800 4873 superos
1837 4805 2069 4860 reduxit.
2209 4806 2351 4875 niam
2379 4806 2426 4859 si
2461 4806 2719 4859 terrestris
2743 4806 2934 4880 domus
2957 4822 3066 4862 non
3093 4808 3298 4863 habens
3326 4810 3703 4867 habitatorem
3727 4815 3797 4867 ὦ·

599 4889 707 4946 Sed
724 4890 838 4959 jam
862 4891 996 4946 ordo
1022 4892 1334 4960 praemissus
1362 4893 1620 4962 deposcit,
1648 4903 1708 4948 ut
1733 4902 1855 4963 post
1879 4879 2164 4968 emptio-1
2206 4894 2426 4960 labitur,
2453 4893 2592 4966 quod
2615 4879 3021 4964 wdiﬁcationem
3047 4897 3296 4952 habemus
3324 4915 3391 4954 ea:
3410 4899 3558 4968 Deo,
3591 4903 3798 4956 dom

529 4991 653 5080 nem
685 4980 753 5034 ab
792 4979 977 5035 inferis
1017 4989 1261 5080 veterum
1287 4978 1592 5080 iustorum,
1628 4983 1975 5080 ostendamus
2003 4998 2109 5056 quo
2149 5036 2161 5046 .
2207 5008 2313 5046 non
2357 5007 2520 5048 manu
2557 4991 2776 5062 factam,
2815 4991 2904 5046 sed
2934 5001 3184 5049 (sternam
3210 4994 3268 5048 in
3306 4994 3477 5050 εαιίε.
3500 5015 3523 5050 ι
3565 4994 3657 5067 (II
3680 4995 3797 5052 Cor.

529 5073 634 5122 isto
675 5085 819 5126 nunc
858 5082 1100 5141 tempore
1135 5073 1464 5143 recipiantur
1499 5075 1691 5132 animae
1721 5075 2104 5146 perfectorum.
2141 5113 2166 5136 ..-
2207 5097 2260 5149 v,
2294 5081 2372 5154 l.)

447 5236 469 5266 ἡ
527 5155 799 5215 leorum
861 5163 1060 5218 etenim
1117 5163 1395 5234 Magister,
1437 5166 1530 5235 qui
1575 5166 1780 5223 nullum
1821 5166 2108 5238 aliquando
2277 5173 2403 5230 Haec
2445 5173 2534 5230 ille
2577 5175 2645 5232 de
2678 5173 2845 5246 iustis
2884 5183 3050 5246 atque
3086 5173 3366 5247 perfectis.
3399 5176 3550 5244 Quid
3576 5193 3712 5235 vero
3736 5178 3802 5236 de

2130 5257 2498 5418 appendice
2519 5333 2716 5418 legitur
2740 5334 2880 5418 inter
2903 5333 3008 5417 alia
3029 5333 3341 5418 Gennadius
3371 5335 3440 5391 de

600 5404 1170 5517 δεὲἶὲοᾷῗιιὲὲὲᾘὲιιι
1202 5404 1366 5463 iustis
1395 5404 1713 5478 injustisque
1741 5410 2101 5477 commupem.
2147 5404 2159 5432 τ
2207 5404 2286 5461 cis
2312 5404 2662 5475 Dogmatibus
2689 5405 2788 5460 sub
2821 5405 3039 5460 nomine
3073 5405 3248 5460 sancti
3276 5404 3571 5476 Augustini
3601 5428 3618 5463 :
3661 5411 3805 5464 unde

850 5531 861 5535 _
916 5532 925 5535 _
1111 5477 1192 5535 ius
1226 5464 1293 5535 de
1319 5466 1701 5522 ecclesiasticis
1728 5467 2103 5534 Dogmattbus,
2138 5478 2159 5506 θ
2208 5476 2388 5535 colligi
2415 5483 2593 5535 potest
2623 5490 2720 5530 cur
2762 5475 2851 5530 hic
2892 5484 3082 5530 auctor
3121 5490 3446 5535 anonvmns.
3505 5487 3570 5532 et
3605 5479 3803 5535 Carolo

527 5484 759 5582 inérulu
778 5484 862 5543 est
886 5484 1192 5546 υυιιιιειαιιιξ
1226 5484 1293 5519 ue
1319 5484 1701 5568 eccneslasuus
1729 5484 2103 5549 uogmauonuso,
2138 5484 2158 5506 ’
2208 5484 2388 5546 colligi
2415 5484 2593 5545 potest
2623 5490 2720 5530 cur
2762 5484 2851 5530 hic
2892 5484 3082 5530 auctor
3121 5490 3446 5559 anonymns,
3505 5487 3570 5532 et

527 5602 560 5613 Δγ
607 5611 615 5613 ξ
692 5540 867 5613 sancti
900 5532 1414 5613 Q‘ugusllnlppel‘?’
1453 5537 2109 5613 _L_U|_Perpe'_‘3_!‘!_"‘_lbm-
2208 5546 2398 5613 Magno
2422 5561 2656 5611 coaevus,
2688 5545 2917 5600 afﬁrmet
2962 5545 3412 5600 huncGennadn
3455 5547 3570 5602 libr

519 5562 661 5662 εςίῖ-ῖι
679 5562 867 5656 ξεῖῑίῑιξ
900 5562 1422 5658 uastante
1453 5562 1895 5662 summa
2208 5562 2398 5617 ωειιο
2688 5562 2917 5600 am“
3124 5587 3126 5590 ·
3146 5562 3412 5628 “et?”
3452 5562 3665 5628 —'“"“'“
3709 5565 3806 5620 ’⁸

534 5667 706 5688 “xu
744 5640 989 5688 "MJNA
1109 5673 1205 5688 un
1250 5673 1261 5686 .
1343 5673 1354 5686 ο
1447 5675 1478 5688 η
1555 5677 1586 5688 Δ.
1883 5607 2107 5664 tothecae
2207 5617 2393 5688 orbein
2435 5628 2746 5688 universum
2771 5617 2838 5669 ab
2864 5616 3112 5670 omnibus
3141 5631 3329 5686 reetpt,
3377 5633 3508 5686 quia
3543 5620 3806 5675 nimirum

526 5667 1626 5760 DionysiiiExigui‘collectio
1658 5692 1951 5760 canonum,
1982 5693 2106 5760 cum
2207 5657 2261 5760 in

526 5739 819 5816 appendice
847 5739 1067 5825 antiqua
1111 5739 1293 5813 usque
1310 5743 1375 5797 ad
1401 5753 1642 5815 tempora
1681 5747 1877 5814 Caroli,
1902 5739 2104 5817 Magni,

527 5818 818 5900 cuiusva
841 5822 1073 5883 scriptus
1102 5816 1264 5871 etiam
1286 5822 1369 5871 est
1391 5816 1482 5872 ille
1504 5816 1674 5874 codex
1698 5835 1711 5872 :
1744 5819 1802 5875 in
1830 5833 1896 5876 ea
1918 5827 2100 5876 autem

2206 5739 2403 5844 simum
2413 5739 2697 5828 vigebant,
2726 5739 2962 5814 insertus
2985 5739 3162 5814 fuerit.
3187 5739 3515 5814 lacunaria-rs.

591 5312 860 5401 {Nempe
883 5320 1026 5401 quod
1053 5320 1266 5401 attinet,
1291 5321 1379 5401 vel
1397 5323 1470 5401 ad
1490 5323 1729 5401 patiendi
1753 5324 1991 5392 modum,
2019 5325 2106 5382 vel

529 5383 924 5465 ad_sta_tionen£
942 5390 1170 5465 inferam
1202 5383 1366 5465 iustis
1395 5383 1713 5465 injustisque
1741 5383 2101 5452 communem.
