3950 6308
172 331 308 392 I585

1473 329 1636 397 cum
1676 327 1780 386 sn‘
1817 300 2113 387 cenem.

3271 336 3408 393 I586

171 425 401 518 iniquis?
436 462 456 495 ι
478 442 613 511 Quia
655 458 794 508 esse,
844 443 1089 512 inquiens
1123 443 1191 498 ad
1222 443 1536 513 prmdictum
1567 443 1731 498 collo-
1755 448 1808 506 Α
1836 443 2126 497 thalamum
2155 459 2209 497 in
2246 442 2505 499 columbae
2545 444 2725 514 specie
2761 442 3044 514 perducta.
3087 445 3229 502 Idem
3263 451 3406 517 quod

169 546 413 593 cutorem
435 548 611 597 suum,
637 540 947 588 sanctorum
973 532 1182 588 animas
1209 533 1262 587 in
1290 531 1427 589 coelo
1453 533 1591 588 sacri
1626 532 1737 587 elo-

169 626 282 698 quii
321 622 687 680 satisfactione
719 624 1020 695 credidisti,
1065 634 1276 695 oportet
1319 634 1379 681 ut
1420 642 1517 696 per
1557 626 1737 680 omnia

168 731 287 774 esse
308 716 494 771 credas
519 722 575 768 et
602 714 906 787 iniquorum
927 716 1133 771 animas
1162 717 1216 770 in
1241 716 1483 783 inferno;
1520 718 1644 787 quia
1670 735 1736 773 ex

169 805 527 863 retributione
572 806 797 859 interna:
836 806 1080 877 justitiae,
1112 821 1176 861 ex
1200 823 1307 877 qua
1329 806 1465 876 justi
1498 808 1735 879 gloriati-

169 907 276 961 tur,
313 911 535 952 necesse
563 904 648 952 est
668 912 767 967 per
793 896 972 951 omnia
999 907 1058 951 ut
1099 903 1154 951 et
1198 894 1381 966 injusti
1407 896 1733 953 crucientur.

166 984 306 1040 Nam
336 985 477 1040 sicut
516 983 716 1040 electos
738 984 1011 1039 beatitudo
1054 983 1305 1048 laztilicat,
1350 984 1426 1039 ita
1462 985 1609 1040 credi
1638 998 1734 1039 nc-

166 1091 323 1133 ccsse
363 1084 445 1132 est
485 1074 628 1145 quod
661 1090 691 1129 a
724 1074 811 1129 die
845 1074 1023 1129 exitus
1055 1074 1137 1129 sui
1165 1072 1303 1146 ignis
1326 1076 1582 1145 reprobos
1604 1088 1738 1129 exu—

166 1177 274 1225 rat.
303 1190 322 1223 ›
364 1170 493 1235 Quae
537 1168 791 1223 nimirum
834 1175 1027 1223 cuncta
1061 1167 1201 1223 idem
1236 1167 1613 1223 veracissimus
1637 1168 1736 1223 do-

166 1266 286 1317 ctor
309 1275 418 1315 non
458 1253 633 1315 solum
674 1257 963 1314 verborum
1002 1258 1299 1323 sententiis,
1348 1272 1535 1314 verum
1575 1259 1739 1313 etiam

164 1365 351 1405 rerum
374 1345 607 1404 ostendit
629 1348 906 1418 exemplis.
932 1348 1075 1403 Idem
1101 1357 1249 1403 certe
1276 1347 1329 1402 in
1355 1348 1578 1418 praefato
1601 1349 1739 1404 libro

165 1438 430 1502 narravit.
478 1437 620 1508 quod
667 1438 843 1492 anima
882 1435 1132 1492 Germani
1172 1436 1408 1507 episcopi
1444 1437 1498 1491 in
1528 1437 1739 1507 sphmra

165 1529 328 1601 ignea
350 1529 418 1584 ab
443 1526 646 1599 angelis
675 1527 836 1582 fuerit
863 1528 916 1582 in
943 1527 1137 1583 cmlum
1162 1528 1390 1582 sublata.
1421 1526 1565 1581 Idem
1598 1526 1740 1596 quod

167 1617 341 1674 sancti
371 1616 642 1672 Benedicti
677 1631 775 1687 per
803 1617 945 1671 viam
984 1616 1161 1686 palliis
1205 1622 1427 1670 stratam
1457 1614 1524 1668 ad
1550 1628 1738 1683 super-

168 1722 299 1761 nam
342 1707 613 1779 regionem
651 1706 929 1778 perducta.
975 1708 1118 1762 Idem
1162 1705 1305 1776 quod
1332 1703 1529 1759 servuli
1561 1702 1742 1773 hospi-

1836 532 2159 588 venerahilis
2204 532 2444 589 Romula:
2489 535 2557 590 ad
2589 548 2876 605 perennem
2904 536 3070 591 vitam
3103 538 3411 597 caelestibus

1836 625 2104 694 exsequiis
2129 634 2424 695 assumpta.
2453 623 2597 679 Idem
2626 641 2840 696 quoque
2865 626 3000 681 dixit
3024 629 3167 696 quod
3188 629 3411 698 spiritus

1835 712 2120 769 Gordianze
2152 714 2331 769 amita:
2351 713 2466 783 ejus
2489 715 2751 787 gehennze
2780 715 3041 771 incendiis
3072 715 3235 771 fuerit
3261 732 3412 775 man-

1836 804 2063 873 cipatus.
2110 802 2262 871 Quod
2306 802 2675 859 Hilliricianus
2700 804 2996 859 monachus
3018 805 3086 860 ad
3117 803 3412 861 inferorum

1836 893 1950 949 loca
1992 893 2267 959 deductus,
2315 892 2474 963 hujus
2514 892 2694 948 smculi
2725 902 2973 962 potentes
3013 910 3077 949 ac
3113 894 3307 949 divites
3354 894 3412 950 in

1837 984 2012 1039 medio
2038 982 2376 1038 flammarum
2418 982 2614 1037 viderit
2658 998 2966 1053 suspensos.
3014 982 3239 1050 Sullicit,
3280 985 3415 1039 satis

1837 1077 1939 1126 est.
1975 1070 2107 1138 Quis
2147 1068 2383 1125 ﬁdelium
2422 1070 2486 1125 de
2529 1069 2632 1124 hac
2678 1085 2737 1125 re
2770 1070 2906 1125 ultra
2937 1070 3182 1125 dubitare
3202 1072 3412 1139 potest?

1839 1160 2063 1214 Multum
2108 1160 2334 1216 idoneus
2363 1168 2419 1215 ct
2453 1160 2554 1215 iste
2581 1160 2732 1215 testis
2760 1168 2864 1226 est,
2895 1168 3081 1215 contra
3108 1158 3263 1229 cujus
3289 1176 3413 1215 scn-

1840 1250 2037 1305 tentias
2059 1249 2138 1303 ire
2172 1249 2324 1305 nefas
2352 1257 2457 1305 est.
2482 1249 2823 1319 Quapropter
2847 1248 3149 1304 admonitos
3176 1265 3271 1305 vos
3292 1265 3413 1305 esse

1840 1339 1981 1403 volo,
2018 1355 2365 1411 quoscunque
2410 1340 2844 1409 imperitissimus
2885 1339 2974 1394 ille
3017 1340 3418 1396 mendaciorum

1842 1429 2173 1487 anfractibus
2200 1448 2232 1486 a
2257 1432 2464 1487 caelesti
2494 1431 2757 1501 sapientia
2803 1431 3021 1487 deviare
3058 1440 3285 1487 conatus
3310 1439 3418 1499 est,

1843 1531 1902 1578 ut
1923 1522 1991 1577 ad
2012 1523 2348 1593 procinctum
2376 1522 2501 1578 ﬁdei
2537 1523 2816 1578 tendentes
2849 1536 2957 1576 non
2995 1536 3191 1591 quasso
3222 1537 3420 1577 ranun-

1842 1614 1948 1671 culi
1977 1614 2208 1670 stridore
2233 1630 2265 1669 a
2291 1623 2469 1684 empto
2514 1614 2708 1669 itinere
2750 1610 3060 1678 deviemini,
3106 1613 3201 1668 sed
3226 1612 3410 1668 claris.

1843 1706 1978 1761 sime
2018 1714 2358 1762 resonantem
2396 1719 2643 1775 supernae
2674 1704 2912 1760 civitatis
2943 1707 3085 1761 tuba:
3113 1705 3420 1775 clangorem

164 1797 296 1852 talis
331 1796 612 1869 paralytici
664 1798 733 1853 ab
781 1796 1012 1852 internis
1055 1792 1313 1852 caelorum
1356 1791 1604 1849 laudibus
1645 1808 1740 1848 su-
1769 1779 1818 1840 Β
1846 1794 2166 1866 sequamini.
2216 1796 2343 1851 llaec
2388 1805 2473 1852 est
2521 1810 2639 1851 mea
2682 1811 2784 1867 pro
2810 1796 2963 1851 vobis
3012 1796 3081 1850 ad
3122 1794 3291 1848 Deum
3329 1792 3422 1848 dc-

170 1896 376 1958 scepta,
395 1902 459 1943 ac
484 1901 645 1956 super
681 1882 974 1941 altissimos
1013 1897 1200 1951 eorum
1239 1883 1486 1939 cardines
1529 1889 1736 1938 evecta.

170 1970 321 2034 Idem
346 1977 489 2047 quod
513 1991 678 2032 sacra:
715 1975 939 2047 virginis
972 1972 1317 2031 Scholasticae
1351 1973 1419 2029 ad
1443 1974 1738 2029 :ethereum

1848 1887 2109 1958 precatio,
2134 1885 2250 1941 hmc
2280 1885 2444 1941 etiam
2479 1885 2549 1942 ad
2575 1901 2672 1942 vos
2695 1900 2814 1942 mea
2843 1884 3117 1940 salutatio.
3145 1882 3339 1939 Amen.

695 2133 770 2147 ,,__
786 2120 3420 2158 -------------------------------,

1677 2241 1868 2351 ν.

1252 2440 1755 2543 EPISTULA
1804 2440 2360 2545 CUJUSDAM.

1475 2587 1640 2657 QUID
1676 2586 1782 2643 SIT
1819 2584 2122 2643 CEROMA.

1305 2720 1402 2786 (Ex
1427 2721 1558 2773 libro
1585 2733 1634 2773 tv
1655 2719 2084 2773 Iiscellaneorum
2098 2720 2318 2786 Baluzil.)

1620 2852 1952 2870 —

243 2962 703 3040 Quaestiunculam
747 2962 882 3019 mihi
918 2962 1096 3018 datam
1144 2976 1174 3016 a
1226 2969 1407 3017 vestra
1455 2962 1757 3019 reverentia

1860 2962 1976 3019 beri
2002 2977 2033 3017 a
2058 2958 2394 3026 mortalibus,
2427 2964 2487 3012 ut
2514 2955 2616 3014 sub
2651 2954 2874 3012 obtentu
2900 2954 3118 3027 pietatis
3143 2965 3196 3011 et
3219 2956 3430 3030 religio-

178 3061 270 3118 bis
306 3059 495 3114 diebus
534 3054 712 3110 attulit
753 3051 1038 3107 familiaris
1078 3059 1266 3107 noster
1303 3051 1534 3118 Fredilo,
1558 3051 1618 3107 in
1652 3068 1758 3123 qua
1787 3040 1832 3102 C
1861 3050 1947 3108 nis
1989 3046 2309 3107 miserorum
2351 3047 2558 3103 animas
2590 3046 2647 3131 in
2681 3062 2837 3103 suum
2886 3044 2977 3115 jus
3012 3047 3432 3106 transfunderet.

177 3151 559 3223 requirebatur
582 3147 712 3219 quid
730 3146 948 3218 proprie
970 3145 1073 3200 viri
1097 3160 1206 3200 non
1232 3145 1531 3201 incelebres
1556 3144 1761 3202 intelle-

179 3244 364 3301 xerint
395 3256 517 3299 esse
539 3255 775 3309 ceroma.
812 3238 871 3293 Id
894 3238 1117 3293 verbum
1151 3236 1321 3292 fertur
1358 3239 1414 3293 in
1452 3238 1763 3295 auctoribus

179 3338 541 3408 ingenuarum
580 3331 777 3386 artium
816 3329 1111 3401 disciplina:
1135 3343 1476 3401 summOpere
1498 3328 1759 3399 praeditis,

184 3439 399 3482 necnon
422 3430 478 3477 et
501 3420 642 3491 apud
680 3428 896 3475 nostros
926 3419 1017 3489 qui
1039 3419 1272 3489 palmam
1302 3418 1532 3474 Romani
1561 3418 1760 3489 eloquii

186 3530 293 3572 suo
318 3512 514 3569 saeculo
540 3517 874 3566 meruerunt.
899 3506 1154 3576 Quamvis
1171 3507 1333 3579 igitur
1358 3521 1555 3578 pueros
1582 3514 1638 3562 et
1660 3507 1762 3561 im~

184 3606 410 3664 becilles
447 3619 547 3660 nos
573 3601 818 3672 judicent
856 3600 933 3656 illi
966 3599 1059 3669 qui
1094 3614 1290 3655 nervos
1310 3607 1367 3654 et
1390 3598 1649 3655 medullas
1684 3597 1763 3668 ip—

185 3709 439 3765 sumque,
461 3701 522 3748 ut
541 3692 755 3757 dicitur,
795 3690 1112 3763 sanguinem
1140 3703 1208 3745 ex
1236 3688 1392 3746 libris
1415 3688 1762 3759 antiquorum

186 3787 433 3851 eliciunt,
458 3782 845 3838 sententiarum
878 3780 1059 3851 potius
1088 3778 1427 3834 altitudinem
1453 3792 1614 3848 quam
1638 3792 1763 3832 ver-

184 3880 383 3935 borum
411 3875 770 3931 humilitatem
799 3880 1202 3943 mrsequentes,
1232 3870 1388 3926 nobis
1415 3878 1593 3924 tamen
1614 3883 1762 3925 com-

184 3976 382 4038 petens
421 3966 594 4037 magis
635 3963 849 4019 videtur
868 3979 899 4018 a
919 3960 1108 4032 primis
1133 3961 1200 4017 ad
1227 3958 1461 4016 secunda
1499 3972 1760 4015 conscen-

187 4062 323 4117 dere
343 4074 526 4129 quam,
550 4056 741 4127 primis
762 4054 1042 4126 neglectis,
1067 4062 1272 4110 temere
1293 4053 1361 4108 ad
1381 4050 1613 4108 secunda
1636 4064 1763 4120 pro-

187 4152 390 4221 ripere.
418 4148 555 4205 Cum
572 4147 717 4203 enim
738 4146 911 4201 virtus
932 4144 1252 4216 eloquentiae
1272 4145 1556 4198 verborum
1585 4142 1764 4212 splen-

189 4244 324 4300 dore
356 4248 411 4297 et
445 4239 831 4296 sententiarum
873 4236 1134 4309 gravitate
1164 4232 1443 4298 formetur,
1472 4231 1761 4286 verborum

1858 3140 1999 3211 Ergo
2045 3136 2357 3209 principalis
2404 3136 2561 3192 ludus
2584 3174 2600 3201 ,
2645 3150 2805 3206 quem
2846 3136 3153 3207 gymnicum
3201 3137 3434 3196 diximus

1858 3229 2044 3296 fuisse,
2068 3227 2368 3284 velocitatis
2389 3240 2455 3281 ac
2474 3224 2667 3280 virium
2696 3224 2862 3297 gloria
2886 3226 3187 3280 constabat.
3212 3226 3261 3281 Is
3286 3226 3436 3283 locus

1858 3321 1950 3376 ubi
1972 3320 2385 3383 exercebantur,
2417 3315 2771 3388 gymnasium,
2805 3322 2861 3370 et
2883 3314 2939 3370 hi
2967 3315 3060 3385 qui
3084 3317 3431 3382 exercebant,

1859 3409 2072 3464 athletae
2097 3407 2444 3465 vocabantur.
2478 3404 2689 3460 Genera
2728 3411 2908 3459 autem
2946 3405 3178 3476 gymnici
3208 3406 3315 3461 ludi
3341 3420 3436 3461 ex-

1858 3500 2062 3556 stitisse
2095 3499 2402 3563 traduntur,
2445 3511 2659 3560 cursus,
2702 3495 2890 3560 saltus,
2922 3494 3121 3564 jactus,
3153 3498 3347 3564 virtus,
3380 3507 3436 3553 et

1857 3592 2101 3648 luctatio.
2158 3589 2266 3646 Sed
2315 3590 2440 3661 quia
2486 3589 2668 3660 priore
2714 3596 2957 3659 tempore
3016 3588 3176 3643 cincti
3222 3590 3437 3647 athleta:

1859 3682 2271 3746 exercebantur,
2305 3694 2407 3735 nec
2446 3678 2783 3735 nudarentur
2807 3692 3088 3749 quousque
3111 3678 3329 3748 quidam
3351 3696 3437 3737 re-

1859 3771 2026 3828 misso
2079 3769 2296 3842 cingulo
2350 3775 2658 3839 prostratus
2703 3767 3155 3837 exanimatusque
3204 3768 3260 3823 in
3308 3767 3437 3825 ludo

1860 3858 2130 3929 apparuit,
2176 3857 2303 3912 inde
2343 3864 2471 3912 nata
2506 3856 2705 3912 dicitur
2730 3857 3061 3912 consuetudo
3097 3865 3157 3912 ut
3187 3857 3440 3928 deinceps

1850 3945 2081 4017 juvenes
2118 3946 2248 4002 nudi
2290 3953 2677 4003 exercerentur
2718 3945 3043 4017 capistribus
3082 3945 3138 4023 in
3167 3956 3322 4017 parte
3350 3961 3440 4002 ce-

1860 4037 2022 4094 lauda
2053 4036 2296 4109 corporis
2326 4036 2604 4093 succincti.
2644 4036 2874 4091 Athletae
2912 4044 3093 4093 autem
3128 4021 3319 4101 'Grazca
3346 4051 3440 4107 ap-
3526 4021 3535 4030 ’

1859 4129 2149 4200 pellatione
2186 4143 2218 4183 a
2256 4128 2487 4184 laterum
2533 4127 2816 4197 complexu
2847 4135 2904 4182 et
2948 4128 3328 4183 commissione
3359 4127 3440 4182 dl-

1861 4229 2076 4287 cuntur,
2104 4220 2197 4291 qui
2229 4220 2472 4277 cominus
2509 4221 2846 4276 decertantes
2894 4219 3073 4274 adnixi
3120 4217 3436 4288 persistunt,

188 4333 357 4388 decor
382 4331 615 4400 primum
639 4336 723 4387 est
748 4308 1096 4398 appetendus,
1142 4333 1257 4380 tum
1286 4325 1501 4380 demum
1546 4331 1761 4379 senten—
1790 4386 1837 4400 _
1862 4326 1932 4367 ne
1958 4311 2097 4366 alter
2119 4310 2351 4366 alterum
2389 4324 2711 4381 quocunque
2751 4324 2881 4365 casu
2926 4308 3138 4400 falleret
3174 4316 3268 4363 aut
3313 4312 3436 4400 astu

190 4386 401 4477 tiarum.
414 4421 587 4509 robur
618 4428 673 4475 et
704 4386 799 4472 lux
816 4386 1020 4472 intima
1060 4386 1144 4471 est
1179 4414 1519 4485 requirenda.
1556 4411 1754 4481 Quam-

1864 4400 2165 4469 impediret,
2197 4408 2461 4469 peruncto
2493 4412 2719 4468 corpore
2753 4397 2857 4453 olei
2885 4394 3203 4467 liquamine;
3231 4392 3436 4451 exerci-

1862 4490 1988 4509 .-.2_
2046 4504 2155 4509 ---μ
2200 4488 2457 4509 ---1.-.η-
2490 4488 2703 4509 _..-_..2-
2739 4502 2944 4509 --_-_--
2982 4493 3208 4509 --_--a--..
3262 4483 3436 4509 I--..-

192 4516 382 4571 obrem
408 4514 589 4569 lumen
618 4520 674 4569 et
702 4527 891 4568 sensus
920 4510 1145 4567 dilectus
1175 4511 1462 4566 verborum
1489 4522 1701 4578 semper
1728 4522 1761 4562 a

191 4603 452 4661 studiosis
485 4613 569 4661 est
608 4603 903 4667 habendus,
933 4617 1001 4657 ne
1027 4600 1222 4656 violata
1260 4600 1641 4671 magistrorum
1678 4614 1763 4654 re-

192 4695 319 4767 gula
341 4695 561 4751 confusa
581 4703 637 4750 et
654 4694 953 4749 inordinata
975 4691 1295 4748 commentia
1315 4707 1435 4762 quxe
1456 4692 1619 4747 tradit
1639 4706 1766 4761 pro-

192 4793 426 4853 rumpat.
451 4783 575 4839 Iltec
593 4783 807 4854 quidem
828 4781 1147 4853 generaliter
1173 4782 1379 4852 prolata
1406 4781 1765 4837 inconsultam

193 4874 785 4942 extraordinariamque
803 4872 1270 4942 prmsumptionem
1290 4870 1587 4927 confutant.
1610 4870 1765 4927 Nunc

194 4963 481 5034 specialem
499 4961 657 5032 hujus
676 4961 827 5018 verbi
855 4963 1146 5018 habeamus
1165 4961 1669 5017 considzrationem.
1698 4962 1767 5016 Et

195 5063 257 5109 ut
277 5053 577 5109 evidentior
596 5053 681 5107 via
705 5066 763 5107 se
785 5051 853 5107 ad
874 5052 976 5107 hoc
995 5052 1340 5107 astruendum
1353 5050 1580 5119 aperiat,
1604 5049 1767 5105 altius

197 5143 453 5215 quiddam
482 5157 675 5199 censeo
704 5141 1072 5210 repetendum.

266 5233 404 5289 Ludi
450 5233 541 5304 qui
589 5232 777 5288 diebus
824 5229 979 5285 festis
1021 5246 1184 5287 causa
1222 5228 1498 5301 religionis
1531 5230 1601 5286 ad
1627 5230 1769 5287 dele-

198 5324 451 5380 ctandum
472 5321 725 5394 populum
752 5336 784 5375 a
803 5319 1090 5389 juvenibus
1113 5319 1427 5390 agebantur,
1461 5325 1518 5375 et
1539 5334 1768 5390 quorum

199 5428 364 5469 causa
408 5411 712 5483 spectacula
738 5410 891 5465 vario
913 5423 1108 5479 genere
1145 5408 1342 5479 populo
1384 5410 1771 5478 permitteban-

200 5512 312 5570 tur,
342 5510 435 5558 ant
455 5502 709 5574 gymnici,
736 5508 829 5556 aut
854 5498 1180 5571 gladiatorii,
1218 5507 1311 5553 aut
1356 5498 1646 5563 circenses,
1676 5509 1771 5556 aut

203 5595 415 5650 scenici
462 5593 914 5658 nominabantur;
959 5605 1098 5661 quos
1152 5598 1333 5645 tamen
1379 5591 1480 5647 sibi
1525 5591 1772 5648 diabolus

206 5686 303 5741 sub
325 5687 659 5743 invocatione
685 5686 925 5749 deorum,
961 5685 1068 5739 imo
1101 5684 1401 5739 dmmonum
1427 5683 1595 5739 voluit
1620 5684 1771 5740 exhi-

598 5796 862 5855 Pa'rnot.
908 5791 1131 5855 XCVI.

1861 4490 1995 4546 tatio
2039 4504 2161 4560 qua:
2198 4488 2457 4560 agebatur
2490 4488 2708 4560 proprie
2733 4502 2949 4543 ceroma
2982 4493 3225 4543 vocatur.
3261 4483 3439 4539 Locus

1863 4589 2042 4637 autem
2069 4581 2368 4637 destinatus
2400 4580 2679 4637 luctationi
2701 4580 2950 4652 palaestra
2975 4580 3301 4643 vocabatur;
3342 4575 3436 4647 qui

1864 4670 1989 4727 inde
2016 4671 2181 4726 trahit
2209 4671 2610 4742 etymologiam,
2632 4669 2769 4724 vela
2795 4668 3103 4733 luctatione,
3129 4667 3213 4724 vel
3232 4683 3264 4722 a
3284 4675 3433 4723 motu

1862 4778 2029 4827 urnae,
2063 4762 2246 4827 idest,
2272 4761 2456 4826 sortis,
2497 4775 2563 4816 eo
2602 4760 2745 4831 quod
2791 4761 2859 4815 ad
2899 4759 3201 4830 palmstmm
3244 4759 3437 4815 sortito

1864 4853 2195 4925 digerentur.
2247 4851 2342 4906 Est
2393 4865 2522 4922 ergo
2571 4865 2761 4906 sensus
2812 4850 3118 4921 proverbii:
3145 4847 3334 4905 Oleum
3381 4850 3437 4902 et

1865 4947 2135 5016 impensas
2172 4944 2348 5014 perdit
2388 4943 2481 5013 qui
2511 4942 2678 4998 mittit
2710 4942 2874 4997 boves
2911 4942 2978 4995 ad
3012 4954 3255 5006 ceroma;
3292 4937 3437 5009 quod

1866 5040 2005 5094 sicut
2031 5037 2281 5093 stolidum
2318 5042 2375 5090 et
2413 5036 2630 5089 brutum
2667 5033 2883 5096 animal,
2918 5046 3222 5101 quanquam
3268 5030 3434 5086 rubu-

1868 5138 2009 5187 stum
2039 5137 2093 5184 et
2120 5134 2387 5198 vegetum,
2425 5133 2605 5179 tamen
2633 5123 2913 5193 exquisita:
2955 5121 3058 5176 arti
3094 5130 3177 5176 est
3208 5118 3436 5186 inutilis,

1867 5238 1987 5293 qua:
2015 5236 2121 5276 non
2150 5228 2355 5275 tantum
2390 5217 2612 5282 viribus,
2645 5215 2739 5271 sed
2765 5215 2928 5270 etiam
2959 5212 3253 5269 subtilitate
3276 5221 3329 5268 et
3358 5212 3438 5267 in-

1869 5312 2026 5384 genio
2051 5320 2270 5382 propter
2308 5309 2632 5364 lacertorum
2672 5306 3134 5377 complicationem
3175 5303 3435 5361 multifor-

1869 5419 2010 5459 mem
2043 5403 2238 5473 agitur.
2274 5399 2480 5469 Quippe
2511 5415 2633 5455 cum
2662 5399 2772 5454 sint
2795 5399 2982 5453 eadem
3015 5396 3266 5451 animalia
3301 5393 3436 5450 vasti

1871 5496 2136 5566 corporis,
2163 5510 2226 5549 ac
2248 5504 2531 5564 propterea
2566 5506 2902 5563 nequaquam
2936 5490 3181 5547 scmnicis'
3207 5488 3439 5543 motibus

1870 5589 2081 5649 idonea,
2113 5585 2323 5643 etiamsi
2350 5598 2500 5639 more
2523 5583 2845 5640 athletarum
2881 5582 2961 5639 eis
2993 5579 3302 5652 perfricatio
3340 5575 3434 5629 ad-

1871 5681 2112 5745 deretur,
2134 5679 2206 5733 ita
2233 5676 2307 5733 illi
2344 5677 2546 5733 inertes
2571 5674 2880 5744 iudicantur
2906 5674 2997 5743 qui
3027 5689 3056 5727 a
3086 5670 3274 5742 primis
3302 5680 3431 5737 puer

2919 5783 2990 5841 ω
