3950 6308
194 372 337 431 1589

1034 349 1395 420 meamne
1426 357 1491 415 s.
1532 348 1895 413 MICllAELIS
1931 351 1999 408 lN
2039 349 2272 408 nomn
2308 337 2561 406 resinat

3286 341 3422 407 1390

186 486 333 539 istuc
366 481 748 537 inducerentur
794 476 1042 533 monachi
1062 514 1078 539 ,
1098 477 1213 530 hoc
1261 482 1345 530 est
1372 479 1513 527 ante
1552 482 1759 539 annum
1785 474 1835 531 Α
1861 464 2266 536 pienitudinem,
2288 476 2412 516 cum
2436 459 2888 531 appropinquaret
2914 465 3125 529 tempus
3147 454 3425 517 desolatim

358 552 426 606 Et
458 536 672 620 quidem
718 550 882 620 codex
934 536 1138 620 noster
1165 544 1350 620 Sancti
1378 536 1757 620 Cermaucnsis

184 610 416 699 qquusi
440 610 663 699 sumus,
710 619 942 699 scriptus
976 615 1101 699 fuit“
1117 614 1270 683 jussu
1301 610 1758 699 .A‘dra‘ldiL-an-ng

188 680 333 747 I060
370 690 581 746 abbatis
605 680 836 743 cmnobii
864 686 1037 741 sancti
1063 680 1316 738 Germani
1345 683 1411 735 de
1440 680 1643 743 Pratis,
1676 680 1759 731 uti

186 762 397 816 faciunt
437 760 596 813 ﬁdem
628 757 683 812 hi
728 772 914 811 versus
957 755 1025 810 ab
1055 752 1334 824 lngelardo
1371 749 1634 805 monacho
1664 761 1760 800 ex-

180 832 455 900 scriptore
479 828 687 884 exarati
712 842 727 880 :

311 938 518 990 Atinatis
533 936 691 987 domni
714 939 835 984 nutu
858 932 1101 995 probitate
1124 930 1290 995 decori

313 986 532 1059 Kdraldi,
559 986 822 1047 monachus
838 986 1033 1056 quidam
1060 994 1191 1053 prior
1212 998 1317 1040 arte
1340 986 1608 1045 modestus.

312 1060 475 1109 Librls
508 1061 741 1117 intentus,
766 1059 938 1105 horum
959 1060 1211 1115 reparator
1235 1061 1457 1117 alumnus

312 1121 575 1181 Sigwinus,
599 1114 943 1182 scribilibrum
964 1114 1267 1182 pragcepergt
1289 1114 1456 1182 istum:
1480 1171 1491 1182 .

313 1172 472 1293 ﬁdem
491 1182 534 1229 si
557 1172 668 1242 quis
692 1178 880 1236 tulerit,
906 1172 1191 1226 maledicum
1214 1172 1310 1221 line
1336 1172 1536 1233 peribit.

363 1255 454 1292 unc
475 1239 761 1293 lnnelardus
781 1239 1029 1288 decoravit
1050 1237 1255 1293 scriptor
1271 1235 1522 1282 honestus.

363 1255 454 1292 unc
475 1235 761 1303 lngelardus
781 1235 1029 1288 decoravit
1050 1237 1255 1299 scriptor
1271 1235 1522 1282 honestus.

183 1346 395 1403 Praster
444 1346 584 1401 hanc
630 1341 884 1414 anonymi
912 1341 1377 1414 lucubrationem,
1428 1341 1509 1390 est
1557 1342 1611 1387 et
1654 1332 1760 1414 alia

182 1417 434 1494 ejusdem
445 1485 456 1494 _
475 1404 806 1494 εξιιειξειπεηῑῐ⁸
813 1411 1040 1494 scriptio
1064 1409 1125 1494 'in
1150 1406 1500 1494 bibliotheca
1525 1404 1758 1459 ctenobii

182 1474 364 1542 sancti
389 1474 683 1549 Michaelis,
702 1474 1037 1553 ‘quibusdam
1064 1478 1195 1533 locis
1220 1474 1556 1545 interpolata.

864 1609 1107 1666 INCIPIT

320 1729 428 1788 DE
473 1722 1010 1787 APPARITIONE
1058 1721 1121 1780 S.
1168 1710 1625 1778 MICHAELIS.

703 1842 930 1901 CAPUT
967 1839 1256 1895 PRIMUM.

185 1958 458 2031 Regnante
484 1955 810 2011 Childeberto
841 1970 954 2023 rege
955 1959 1191 2075 ’ἐμμανεῖ
1215 1958 1429 2030 sanctus
1455 1943 1684 2027 Michael
1704 1944 1761 1998 in

260 2028 456 2075 unum-
506 2026 801 2075 Sunaaoaa:
848 2039 949 2075 auo
1027 2036 1131 2075 am.
1187 2034 1326 2075 nunc
1381 2017 1632 2071 Ecclesia:
1669 2032 1761 2075 pa-

260 2017 456 2093 Callia,
506 2026 801 2096 Synagogw
848 2017 1131 2093 quondam,
1187 2034 1326 2075 nunc
1381 2017 1632 2071 Ecclesia:
1669 2032 1761 2085 pa-

257 2110 462 2155 81011118.

258 2186 547 2255 Postquam
567 2198 700 2256 gens
727 2183 1059 2238 Francorum
1081 2178 1283 2235 Christi
1310 2177 1481 2248 gratia
1508 2176 1762 2245 insignita

178 2274 343 2344 longe
389 2274 601 2343 lateque
646 2272 881 2342 undique
926 2285 1026 2340 per
1056 2267 1362 2340 provincias
1408 2266 1764 2336 superborum

181 2349 322 2419 colla
370 2364 784 2434 perdomuisset,
830 2360 1175 2417 Childeberto
1223 2371 1351 2428 rege
1392 2355 1763 2411 monarchiam

180 2456 354 2511 totius
395 2454 633 2510 occiduae
660 2461 713 2507 et
752 2450 1155 2523 septentrionis,
1188 2450 1396 2504 nec'non
1436 2456 1492 2501 et
1519 2445 1763 2502 meridiei

178 2547 359 2618 partis
404 2554 624 2601 strenue
672 2546 1024 2615 gubernante,
1062 2541 1187 2610 quia
1230 2540 1573 2608 omnipotens
1622 2537 1765 2593 Deus

180 2651 297 2691 non
336 2634 507 2691 solum
555 2634 609 2689 in
655 2634 907 2688 omnibus
945 2631 1217 2703 gentibus,
1254 2645 1441 2683 verum
1493 2630 1657 2683 etiam
1709 2628 1763 2681 in

175 2727 441 2783 omnibus
487 2724 669 2780 mundi
716 2738 876 2794 quem
903 2722 1017 2791 ipse
1046 2720 1173 2778 fecit
1212 2718 1576 2788 subiectorum
1599 2718 1762 2787 spiris

176 2828 341 2874 tuum
362 2818 608 2888 partibus
635 2816 998 2886 principatnr;
1026 2810 1219 2869 beatus
1244 2811 1599 2882 archangelus
1625 2823 1766 2863 unus

178 2924 256 2967 ex
280 2919 484 2980 septem
506 2908 558 2962 in
580 2915 871 2976 conspectu
898 2905 1110 2961 Domini
1137 2910 1350 2972 semper
1369 2901 1761 2965 assistentibus,

180 3004 284 3074 qui
312 3003 473 3057 etiam
502 3009 557 3057 et
583 3001 822 3071 paradisi
855 3000 1171 3071 praipositus
1196 2998 1522 3053 salvatorum
1553 2995 1764 3050 animas

174 3084 236 3149 In
267 3093 416 3165 pacis
442 3093 658 3163 regione
682 3091 1041 3146 collocaturus
1063 3089 1280 3158 legitur,
1306 3095 1430 3157 post
1448 3099 1572 3140 eam
1596 3086 1764 3139 mani-

177 3148 532 3240 Iestationem
578 3196 683 3251 qua
711 3196 769 3237 se
791 3182 846 3235 in
874 3193 902 3221 α
936 3148 1393 3248 ηιοηιευϐωιέείηο
1433 3177 1501 3230 ad
1529 3178 1761 3232 adoran-
1788 3148 1839 3213 ο

177 3273 318 3329 dum
349 3287 413 3327 ac
457 3271 866 3342 glorificandum
908 3267 1177 3339 quomodo
1216 3274 1270 3322 et
1296 3266 1528 3335 qualiter
1571 3264 1760 3330 voluit,

178 3363 331 3417 sicut
357 3361 412 3415 in
440 3360 658 3429 scriptis
687 3360 933 3423 habetur,
962 3356 1232 3421 ostendit;
1265 3355 1372 3421 his,
1413 3362 1472 3407 ut
1513 3368 1761 3422 compre-

180 3452 416 3507 hensum
460 3461 564 3516 est,
597 3466 695 3520 per
717 3451 931 3504 beatum
965 3446 1343 3516 archangelum
1368 3444 1617 3514 patratis,
1644 3443 1765 3498 illn-

181 3543 411 3597 minatis
434 3542 636 3597 Christi
666 3541 839 3612 gratia
863 3540 1075 3595 cunctis
1103 3539 1381 3608 gentibus,
1411 3538 1464 3591 in
1488 3536 1765 3591 orientali-

180 3635 291 3688 bus
333 3632 609 3687 Romanis:
659 3631 904 3701 partibus
944 3629 1127 3699 accipe
1166 3629 1362 3698 quibus
1388 3643 1508 3683 sese
1552 3627 1764 3682 indiciis

182 3722 541 3779 manifestare
576 3722 718 3778 idem
733 3721 1078 3777 beatissimus
1088 3721 1339 3790 princeps
1351 3720 1547 3775 civium
1574 3733 1766 3789 super-

181 3826 383 3870 norum
408 3812 638 3868 voluerit
662 3811 945 3901 praesulem
972 3810 1383 3866 occidentalium
1405 3809 1760 3879 populorum:

181 3913 249 3960 ut
271 3905 362 3974 qui
402 3904 671 3974 quondam
700 3904 985 3959 henedicto
1024 3904 1078 3959 in
1103 3903 1428 3972 patriarchis
1448 3901 1647 3971 popqu
1689 3901 1764 3956 ls-

185 3995 440 4050 raelitico
471 3994 799 4050 defensionis
845 3994 1166 4050 attribuerat
1206 4008 1384 4063 opem,
1432 3993 1546 4062 ipse
1584 4000 1765 4047 custos

182 4083 449 4139 exis-teret
492 4099 554 4139 ac
579 4084 815 4153 pnevius
850 4084 1056 4139 vocatis
1087 4083 1212 4137 llliis
1248 4097 1347 4151 per
1396 4082 1761 4151 adoptionem.

185 4172 437 4244 Namque
462 4173 659 4243 legitur
685 4174 740 4227 in
766 4173 971 4228 visione
997 4171 1232 4226 Danielis
1256 4173 1529 4240 propheta:
1555 4171 1765 4225 dicente

184 4264 367 4319 eidem
407 4264 599 4335 angelo
641 4281 654 4316 :
697 4262 867 4317 Nemo
902 4270 976 4316 est
1002 4262 1386 4332 adjutormeus
1426 4262 1483 4314 in
1527 4259 1765 4315 omnibus

184 4354 297 4418 his,
323 4354 425 4407 nisi
450 4352 675 4407 Michael
696 4351 1036 4422 archangelus
1061 4352 1298 4422 princeps
1324 4359 1488 4405 vester
1509 4349 1671 4421 (Dan.
1708 4364 1763 4414 x,

1861 553 1946 609 nis
1969 551 2202 607 civitatis
2216 559 2272 605 et
2292 548 2470 618 templi
2497 564 2660 618 quam
2691 548 2940 604 Salvator
2960 564 3116 605 sacro
3139 558 3425 606 venturum

1858 643 2311 713 praenuntiaverat
2324 639 2537 708 eloquio
2559 655 2681 694 cum
2709 639 2835 693 lletu
2859 638 3225 705 humanitatis,
3250 640 3429 697 Eccle-

1858 733 1937 789 sia
1962 733 2103 803 apud
2127 730 2554 799 Hierosolymam
2599 727 2807 783 monitu
2828 728 3138 783 Diviuitatis
3161 743 3260 798 per
3296 745 3427 785 cun-

1859 831 2009 878 ctum
2054 821 2243 877 orbem
2304 818 2556 889 gentibus
2604 816 3036 887 evangelizatura
3093 816 3427 873 dill‘unditnr.

1858 913 2102 982 Cumque
2147 918 2504 982 congregatus
2526 908 2762 977 undique
2797 922 2866 963 ex
2896 908 3147 965 omnibus
3171 908 3304 964 locis
3336 926 3432 979 po-

1857 1002 2017 1072 pulus
2057 999 2336 1055 Paschalis
2378 997 2687 1053 festivitatis
2724 997 3129 1065 przestolaretur
3152 998 3314 1063 diem,
3354 1015 3413 1055 sa

1862 1090 2170 1145 cerdotibus
2215 1088 2403 1144 solitas
2453 1087 2709 1144 excubias
2760 1087 3175 1143 observantibus
3201 1128 3218 1154 ,
3272 1104 3432 1145 voces

1862 1178 2070 1233 subitas
2130 1176 2317 1247 vigiles
2373 1176 2578 1231 audivit
2631 1174 2871 1231 dicentes
2923 1194 2936 1229 :
3010 1176 3299 1246 Migremus
3363 1193 3430 1235 ex

1866 1269 1952 1324 his
2002 1268 2238 1324 sedibus.
2274 1267 2447 1322 Voces
2497 1281 2627 1321 vero
2663 1266 2840 1322 subito
2885 1280 2983 1336 per
3030 1267 3247 1337 angelos
3271 1268 3434 1323 emis-

1864 1375 1974 1426 sae,
2032 1374 2152 1428 qute
2190 1358 2608 1413 enuntiaverunt
2654 1357 2937 1413 beatorum
2996 1358 3285 1428 spirituum
3341 1359 3435 1414 de-

1862 1451 2281 1521 migrationem,
2338 1447 2639 1519 angelicum
2687 1449 3048 1505 ministerium
3095 1450 3437 1507 insinuat-unt

1863 1544 1931 1600 ad
1958 1542 2256 1598 Ecclesiam
2281 1540 2518 1611 gentium
2545 1538 2997 1597 transferendum.
3023 1541 3102 1596 Ex
3130 1542 3326 1611 quibus
3346 1557 3438 1612 pa~

1862 1640 2039 1687 tenter
2080 1631 2385 1685 insinuatur
2425 1628 2568 1698 quod
2597 1630 2786 1684 beatus
2831 1628 3057 1707 ﬂichael
3080 1631 3437 1702 archangelus

1863 1720 2226 1775 ministerium
2260 1718 2405 1788 quod
2432 1724 2751 1773 exerweral
2773 1717 2826 1771 in
2859 1717 2953 1772 Dei
2976 1719 3249 1788 quondam
3272 1734 3439 1789 ρορυι

1792 1806 1840 1870 Β
1869 1809 2001 1875 lum,
2035 1809 2284 1864 eumdem
2313 1809 2537 1865 sortitus
2564 1808 2635 1864 sit
2665 1806 2809 1878 apud
2834 1808 3075 1879 gentium
3098 1809 3435 1866 electionem.

1861 1899 1987 1955 [late
2016 1900 2091 1954 ita
2117 1915 2236 1955 esse
2275 1900 2489 1955 devotio
2531 1900 2704 1977 credit
2739 1898 2976 1955 ﬁdelium
3009 1909 3231 1971 propter
3246 1912 3441 1957 estea.

1861 1993 2067 2049 sionem
2096 1994 2396 2064 signorum.
2430 1992 2626 2047 Notum
2645 1994 2791 2048 enim
2815 2007 2875 2047 se
2897 1992 3013 2048 ﬁeri
3043 1993 3213 2049 voluit
3239 2004 3442 2051 morte.

1861 2085 2003 2141 libus
2043 2086 2220 2139 :ctatis
2269 2093 2470 2140 nostrae
2516 2085 2869 2153 temporibus,
2896 2100 3006 2154 quo
3047 2096 3108 2141 se
3144 2086 3440 2143 humanum

1863 2190 2030 2246 genus
2056 2176 2111 2231 in
2142 2176 2436 2231 electorum
2465 2175 2748 2245 spirituum
2791 2175 3050 2232 societate
3089 2187 3442 2248 cognosceret

1863 2265 2201 2321 devocatum.
2229 2266 2472 2336 Denique
2520 2265 2907 2322 advertendum
2930 2276 3019 2323 est
3045 2283 3154 2339 quo
3181 2270 3442 2327 mvsterio

1864 2354 2040 2411 locum
2084 2357 2400 2412 mortalibus
2434 2357 2746 2426 prazvidcrit
2783 2357 2837 2412 in
2879 2360 3123 2428 partibus
3161 2360 3399 2416 occiduis
3422 2396 3443 2429 ,

1863 2449 1956 2504 ubi
1985 2464 2051 2503 ex
2078 2448 2224 2503 omni
2250 2449 2382 2503 orbe
2419 2447 2641 2503 confluit
2669 2457 2991 2503 venerantet
3019 2450 3321 2521 angelicum
3340 2451 3445 2507 im-

1862 2547 2149 2608 precatura
2176 2537 2477 2594 subsidium
2506 2538 2755 2609 religiosa
2777 2538 3064 2595 multitudo
3092 2540 3349 2597 fidelium.

2479 2650 2707 2708 CAPUT
2744 2651 2809 2705 II.

2429 2741 2505 2795 De
2561 2744 2664 2797 situ
2722 2742 2842 2796 loci.

1933 2827 2034 2888 Ilic
2059 2832 2223 2904 igitur
2247 2827 2399 2889 locus
2415 2833 2444 2872 ι’
2475 2832 2680 2887 Tumba
2707 2834 2973 2890 vocitatur
2997 2835 3303 2910 abjncolis,
3323 2835 3446 2894 ideo

1865 2924 2009 2992 quod
2036 2923 2088 2976 in
2116 2938 2318 2978 morem
2348 2922 2535 2977 tumuli
2568 2922 2723 2993 quasi
2749 2924 2817 2979 ab
2862 2923 3044 2979 arenis
3071 2939 3352 2997 emergens
3385 2925 3443 2981 in

1865 3013 2053 3079 altum,
2072 3014 2150 3067 «in
2179 3014 2352 3083 spatio
2393 3016 2745 3069 ducentorum
2790 3014 3094 3069 cubitorum
3120 3014 3439 3087 porrigitur,

1866 3102 2082 3158 Oceano
2105 3103 2342 3171 undique
2368 3102 2507 3156 mari
2532 3090 2740 3158 cinctus
2766 3103 2932 3168 locus,
2959 3114 3247 3176 angustum
3270 3108 3446 3162 admi-

1870 3192 2055 3246 rabilis
2082 3190 2271 3245 insula:
2296 3193 2500 3262 praebet
2539 3193 2769 3261 spatium
2804 3193 2946 3248 inter
2968 3194 3107 3249 ostia
3149 3189 3320 3261 situs,
3352 3197 3445 3251 ubi

1867 3281 2195 3352 immergunt
2236 3296 2295 3335 se
2337 3280 2474 3335 mari
2502 3279 2721 3335 ﬂumina
2768 3281 2926 3352 St-gia
2965 3281 3099 3356 [Αι.,
3136 3282 3255 3351 Sci;
3290 3283 3441 3356 vulgo

1867 3370 2015 3445 Sée],
2049 3387 2258 3427 necnon
2286 3381 2341 3425 et
2367 3371 2582 3426 Senuna
2618 3372 2893 3445 (Seiane);
2948 3376 3195 3444 praebens
3232 3389 3446 3446 quoque

1866 3461 2235 3516 habitantibus
2274 3460 2399 3515 hinc
2432 3460 2555 3516 inde
2598 3476 2703 3515 non
2750 3461 2910 3516 breve
2934 3463 3159 3518 nimium
3187 3465 3443 3535 spatium.

1865 3550 2223 3621 Longitudine
2248 3560 2376 3607 vero
2398 3566 2461 3606 ac
2484 3550 2764 3606 latitudine
2783 3565 2815 3606 a
2842 3551 3023 3607 radice
3044 3568 3148 3623 qua
3174 3554 3446 3624 prominet

1865 3657 1973 3697 non
2016 3641 2243 3696 multum
2272 3642 2437 3697 distat
2482 3640 2563 3714 (ut
2590 3641 2898 3713 conjicitur)
2937 3644 3004 3699 a-b
3027 3659 3091 3699 eo
3127 3659 3290 3714 opere
3334 3658 3444 3715 quo

1866 3731 2153 3798 salvatum,
2195 3732 2305 3787 imo
2328 3741 2603 3788 servatum
2632 3741 2715 3788 est
2755 3734 2977 3789 humani
3019 3736 3233 3806 generis
3268 3735 3445 3791 incre-

1862 3829 2102 3901 mentum
2117 3814 2206 3893 (Id
2219 3831 2313 3889 est,
2333 3838 2458 3878 arca
2472 3821 2705 3893 Noemi).
2722 3822 2823 3891 Qui
2837 3823 3289 3883 abAbrincatensi
3304 3828 3441 3883 urbe

1867 3912 2207 3984 (Acrone/tes)
2222 3927 2318 3968 sex
2330 3913 2533 3969 distans
2543 3914 3057 3981 millibus,occasum
3070 3902 3443 3989 prospectans,

1864 4003 2309 4060 Abrincatensem
2341 4019 2539 4078 pagum
2564 4006 2771 4061 dirimit
2792 4016 2827 4061 a
2865 4007 3163 4063 Britannia.
3190 4007 3346 4064 Nulla
3368 4009 3443 4066 ibi

1866 4094 2109 4149 exerceri
2130 4094 2275 4149 valet
2299 4095 2441 4150 actio
2474 4096 2772 4161 mundalis;
2803 4096 2888 4150 his
2916 4096 3046 4152 solis
3069 4112 3339 4169 congruus
3357 4114 3447 4154 ex~

1866 4189 1975 4236 stat
2001 4183 2170 4247 locus,
2198 4182 2288 4252 qui
2317 4182 2593 4239 Christum
2621 4184 2806 4240 sedule
2828 4186 3072 4239 venerari
3110 4187 3400 4256 disponunt
3424 4199 3443 4242 ξ

1866 4280 1921 4326 et
1960 4272 2060 4326 hos
2101 4272 2351 4340 suscipit;
2398 4287 2534 4341 quos
2578 4272 2646 4327 ad
2686 4274 2888 4328 aethera
2937 4276 3136 4331 ardens
3181 4277 3441 4333 virtutum

1867 4374 2021 4414 amor
2059 4362 2257 4416 evehit.
2295 4361 2459 4431 Copia
2484 4368 2633 4416 tanta
2667 4363 2899 4434 piscium
2928 4364 3128 4421 ibidem
3153 4367 3443 4437 reperitur,

184 4443 305 4513 81)·
335 4441 610 4554 Ρξξηςερεν
637 4442 830 4554 inquit.
860 4451 1060 4547 vester,
1084 4442 1263 4547 ρορυιξ
1285 4440 1767 4546 νίάθὶξεθιοδυάωο·
1795 4490 1848 4554 D
1869 4464 1990 4520 quae
2014 4450 2328 4521 plerumque
2354 4450 2634 4507 ﬂuminum
2661 4454 2934 4523 marisque
2961 4453 3224 4511 inlusione
3248 4470 3446 4528 conge-

187 4550 335 4591 rum.
362 4534 577 4589 Christo
597 4549 726 4590 vero
751 4534 978 4591 Domino
998 4535 1051 4588 in
1078 4534 1290 4605 propria
1318 4534 1575 4599 venienti,
1607 4543 1769 4602 atque

189 4638 220 4678 a
255 4625 371 4679 suis
392 4638 502 4679 non
531 4632 772 4693 recepto,
804 4625 933 4694 quin
961 4624 1138 4693 potius
1160 4621 1405 4692 prodito,
1436 4623 1553 4692 ipso
1574 4624 1640 4677 ad
1673 4622 1768 4677 Pa-

186 4725 333 4771 trem
363 4724 638 4770 remeante
656 4756 671 4781 ,
701 4716 828 4771 dum
856 4715 1106 4769 aboletur
1127 4714 1433 4769 observatio
1464 4714 1658 4783 prisca:
1689 4714 1767 4769 le-r

189 4808 278 4878 gis
293 4846 308 4870 ,
336 4802 714 4861 constabilitur
733 4804 1160 4860 annuntiationis
1186 4804 1512 4874 evangelicae
1534 4804 1772 4859 admira-

189 4898 302 4955 bile
329 4903 747 4962 sacramentum,
783 4895 910 4949 dum
947 4902 1178 4950 exeunte
1198 4909 1297 4964 per
1323 4909 1537 4950 omnem
1567 4902 1770 4949 terram

191 5001 332 5045 sono
368 4985 750 5056 apostolorum,
790 4986 1127 5041 czeremoniie
1163 4984 1564 5040 transferuntur
1589 5001 1772 5041 sacro~

194 5095 319 5136 rum
341 5092 442 5151 per
464 5078 763 5134 ministeria
805 5076 1139 5149 angelorum.
1184 5078 1351 5133 Aiunt
1375 5078 1576 5133 etenim
1602 5079 1772 5136 histo-

194 5170 293 5224 τίω
318 5169 700 5225 ecclesiasticae
719 5168 862 5236 quod
881 5176 1000 5238 post
1013 5168 1315 5238 passionem
1331 5174 1386 5221 et
1400 5168 1767 5225 ascensionem

195 5257 413 5313 Domini
439 5258 507 5313 ad
531 5257 716 5322 ctelos,
745 5265 869 5326 post
893 5257 983 5311 diu
1008 5263 1373 5325 exspectatam
1402 5255 1769 5314 Israelitarum

269 5400 301 5431 ι
329 5384 811 5462 ﬂongigar‘ga'nus
843 5396 997 5462 sexto
1024 5388 1247 5462 ‘milliari
1271 5389 1435 5462 distat
1458 5406 1507 5462 ra
1549 5391 1772 5462 Siponto

198 5472 342 5515 novo
366 5476 462 5516 seu
486 5456 872 5525 Manlredonia,
904 5456 1108 5529 Apulia
1132 5461 1264 5529 urbe
1289 5460 1583 5525 maritima,
1608 5456 1768 5518 Cela-

202 5529 297 5614 sio
330 5529 872 5614 l'summopontillce
921 5528 1093 5614 sancti
1140 5528 1415 5585 Michaelis
1462 5532 1770 5606 archangeli

205 5600 536 5669 apparitione
561 5608 616 5653 et
641 5600 785 5656 cultu
810 5608 1171 5654 consecratus.
1669 5600 1692 5606 '

207 5670 304 5752 mh
331 5670 564 5752 Montem
698 5670 872 5751 cenas.
897 5668 1125 5752 Turribus
1150 5668 1423 5752 appellant
1451 5669 1567 5726 Odo
1606 5673 1771 5752 abbas

205 5734 653 5797 Clannal'oliensis
697 5741 750 5796 in
791 5738 1016 5807 epistola
1059 5740 1126 5795 ad
1167 5734 1537 5807 Adelmodum,
1581 5750 1637 5797 et
1680 5744 1769 5798 alii

1869 4543 2026 4599 ritur.
2054 4544 2248 4600 Procul
2268 4560 2397 4602 vero
2420 4547 2769 4602 cernentibus
2794 4547 2926 4601 nihil
2953 4547 3097 4603 aliud
3134 4546 3249 4603 fore
3281 4560 3444 4619 quam

1868 4634 2103 4703 spatiosa
2126 4635 2395 4705 quaedam,
2420 4637 2530 4691 imo
2562 4637 2805 4707 speciosa
2831 4637 2998 4692 turris
3011 4637 3240 4694 videtur.
3256 4637 3363 4694 Sed
3389 4649 3445 4695 et

1868 4740 2020 4780 mare
2038 4740 2251 4782 recessu
2267 4743 2367 4783 suo
2382 4728 2591 4783 devotis
2618 4727 2829 4798 populis
2838 4728 3056 4784 bisinde
3081 4729 3443 4786 desideratum

1869 4816 1974 4871 iter
1983 4818 2341 4886 praehetbeati
2357 4818 2662 4889 petentibus
2673 4818 2860 4872 limina
2888 4820 3193 4891 archangeli
3207 4820 3444 4877 Michae-
3526 4862 3531 4869 -

1869 4907 1952 4973 lis,
1970 4908 2060 4977 qui
2074 4908 2304 4977 primum
2319 4908 2487 4973 locus,
2502 4908 2643 4963 sicut
2657 4923 2689 4962 a
2706 4908 2989 4964 veracibus
3013 4924 3337 4981 cognoscere
3355 4926 3447 4981 po-

1871 4999 2072 5054 tuimus
2117 5001 2503 5064 narratoribus,
2553 5001 2877 5072 opacissima
2919 5002 3054 5058 silva
3097 5002 3447 5059 claudebatur

1871 5089 2031 5161 longe
2058 5102 2080 5130 ο
2114 5092 2182 5146 ab
2208 5090 2408 5147 Oceani
2446 5092 2529 5164 (ut
2564 5092 2884 5165 aestimatur)
2915 5100 3050 5148 azstu
3092 5093 3330 5150 millibus
3364 5095 3446 5151 die

1870 5186 2021 5233 stans
2060 5192 2172 5243 sex,
2216 5179 2479 5234 altissima
2524 5181 2771 5249 prmbens
2812 5181 3031 5237 latibula
3071 5180 3331 5237 ferarum.
3376 5182 3445 5238 Et

1870 5268 1997 5337 quia
2023 5270 2313 5326 secretiora
2357 5270 2479 5326 coeli
2504 5286 2609 5341 per
2630 5272 3139 5344 contemplationem
3174 5273 3445 5331 subtilita-

1870 5402 2109 5477 quidam,
2145 5402 2379 5477 ob_duas_
2397 5402 2644 5477 videlicet
2668 5404 2870 5477 montis
2885 5405 3206 5477 crepidines,
3234 5406 3299 5477 de
3317 5404 3439 5477 qui.

1870 5471 1974 5548 bus
1994 5471 2152 5548 infra.
2188 5471 2286 5548 Hic
2309 5473 2495 5548 mirari
2519 5474 2662 5548 subit
2688 5475 2965 5548 audaciam
2978 5471 3443 5548 pseudo-Chrene.

1870 5540 1975 5616 logi
2004 5543 2345 5616 suh__nomir_ie
2374 5553 2426 5597 et
2446 5543 2603 5616 larva
2633 5543 2784 5602 Lucii
2813 5540 3018 5611 Dextri',
3047 5546 3138 5616 qui
3177 5546 3292 5616 haec
3318 5558 3442 5616 om.

1872 5612 1959 5669 nia
1990 5612 2058 5684 a‘d
2089 5612 2397 5684 Hispaniam
2428 5612 2728 5684 detorquet,
2755 5617 2822 5671 ad
2850 5631 3049 5670 annum
3064 5612 3277 5669 ’Cbristi
3314 5612 3438 5670 526.

1945 5692 1973 5755 ﬁ
1998 5679 2175 5735 Codex
2186 5679 2537 5755 'Chesnianus
2561 5679 2722 5755 habet
2746 5702 2758 5737 :
2791 5685 2855 5738 ab
2877 5683 3083 5739 Oceano
3109 5685 3186 5755 (ut
3214 5685 3444 5739 a‘slima-

1873 5750 1981 5819 ταν)
2008 5761 2122 5804 octo
2150 5750 2376 5806 millibus
2398 5752 2727 5813 distantibus.
2753 5763 2857 5809 etc.
3119 5750 3127 5755 ’
3160 5762 3165 5767 ’
