3950 6308
494 332 625 390 1391

1720 332 2029 390 ΔΝΟΝΥΜΙ
2070 332 2341 414 δέΕΟῌΗ
2389 336 2518 393 Vill.

3626 336 3768 396 {592

478 453 561 506 .tis
606 448 791 503 rimari
834 447 1136 503 volentibus
1183 446 1485 517 gratissima
1527 459 1645 501 esse
1679 445 1853 502 solent
1890 460 2058 500 remm
2086 448 2131 504 Δ
2168 447 2311 502 ditus
2333 457 2388 502 et
2428 448 2698 519 religatus.
2726 448 2967 519 Cumque
3004 450 3068 504 de
3094 448 3196 504 loci
3224 448 3544 519 requireret
3572 452 3763 523 ampli—

490 545 630 604 tiora
671 542 836 597 eremi
887 541 1028 602 loca,
1059 539 1188 594 inibi
1235 538 1363 593 olim
1418 538 1748 592 inhabitasse
1790 539 2060 604 comperi-

490 649 611 688 mus
640 631 949 695 monachos,
992 630 1083 684 ubi
1125 629 1290 683 etiam
1334 643 1504 696 usque
1533 642 1677 682 nunc
1705 628 1821 681 dum
1846 634 2062 681 exstant

488 723 731 780 ecclesias
755 736 780 763 ει
833 721 1135 791 priscorum
1186 734 1346 772 manu
1386 725 1727 772 constructae.
1777 716 1912 772 Nam
1959 716 2061 784 ipsi

488 814 740 871 monachi
799 814 992 869 ibidem
1040 812 1267 867 Domino
1310 810 1610 866 servientes
1659 810 2062 880 dispensatione

489 912 685 961 cuncta
720 901 952 972 regentis
980 900 1074 955 Dei
1105 900 1560 965 sustentabantur,
1590 899 1913 970 presbytero
1935 912 2065 968 quo-

491 995 614 1049 dam
641 995 707 1048 de
732 992 869 1046 villa
893 1007 1014 1062 qua:
1051 990 1248 1046 dicitur
1281 988 1591 1045 Asteriacus
1639 987 1941 1061 (Benuvoir)
1983 997 2063 1042 ta-

490 1087 613 1141 liter
635 1086 714 1140 eis
742 1083 947 1139 ferente
991 1082 1208 1137 auxilio.
1252 1081 1387 1135 Nam
1424 1089 1485 1136 ut
1523 1080 1631 1136 illis
1658 1081 1775 1136 sine
1813 1095 1921 1149 quo
1962 1079 2062 1133 hu-

488 1192 646 1231 mana
672 1190 776 1229 non
802 1180 981 1243 potest
1004 1172 1143 1241 exigi
1167 1172 1298 1237 vita,
1338 1171 1526 1227 deerat
1561 1171 1758 1237 victus,
1786 1171 1955 1225 .fumo
1987 1169 2062 1225 si-

488 1265 695 1337 gnifero
726 1265 1061 1320 discurrente
1112 1262 1325 1332 altaque
1367 1261 1488 1317 cmli
1533 1269 1769 1331 petente,
1799 1260 2063 1316 onerabat

487 1357 710 1412 asellum
766 1356 990 1424 dapibus
1037 1353 1323 1408 dilectione
1371 1367 1497 1408 vera
1545 1350 1753 1407 farcitis
1801 1369 1814 1405 :
1869 1351 2060 1419 sicque

488 1450 623 1502 duce
646 1445 898 1501 invisibili
919 1443 1137 1515 praevio,
1166 1457 1264 1513 per
1286 1442 1405 1499 loca
1428 1442 1542 1497 ibat
1564 1442 1729 1507 invia,
1761 1456 1826 1495 ac
1852 1441 2061 1496 redibat

489 1534 667 1589 ferens
702 1533 913 1589 Domini
944 1531 1096 1603 jussa
1134 1526 1348 1602 illisque
1398 1530 1723 1586 necessaria.
1782 1528 1890 1584 Sed
1932 1529 2060 1597 quia

488 1626 577 1680 hic
593 1625 741 1680 locus
756 1624 850 1679 Dei
866 1630 996 1679 nutu
1009 1621 1190 1677 futuro
1201 1618 1762 1691 parabaturmiraculo
1785 1612 2063 1688 sanctique

488 1716 573 1771 sui
598 1713 904 1783 archangeli
929 1711 1285 1777 venerationi,
1321 1723 1472 1764 mare
1520 1707 1664 1779 quod
1698 1708 1855 1777 longe
1899 1707 2062 1762 dista-

2167 537 2348 591 tudine
2393 538 2477 592 vel
2523 539 2841 607 quantitate,
2905 540 3108 595 eisdem
3154 541 3412 610 cognovit
3478 544 3762 610 responsis

2162 625 2497 680 mdilicationi
2524 643 2646 681 eum
2686 627 2883 681 debere
2917 636 3152 683 statuere
3179 630 3428 693 modum,
3462 645 3637 699 quem
3679 635 3756 687 vi-

2162 715 2312 770 deret
2328 713 2618 784 juvencum
2644 715 2698 769 in
2721 716 2950 771 circuitu
2976 717 3311 786 protrivisse.
3342 715 3479 772 Post
3506 716 3751 786 Inscius-

2162 818 2278 858 sum
2341 812 2423 859 est
2459 812 2519 859 ut
2562 821 2660 861 suo
2718 815 3018 876 prmreptus
3087 807 3307 863 domino
3363 810 3756 867 restitueretur

2164 905 2370 951 taurus.
2417 897 2752 953 Venerabilis
2773 913 2905 969 ergo
2944 899 3248 968 episcopus,
3294 900 3365 955 de
3393 900 3620 958 visione
3646 920 3751 958 eer-

2162 984 2422 1050 tissimus,
2448 1000 2569 1040 cum
2603 986 2819 1057 hymnis
2859 994 2914 1042 et
2941 987 3185 1043 laudibus
3210 988 3540 1058 praedictum
3581 990 3746 1047 lem

2162 1074 2455 1145 ingressus,
2501 1091 2754 1132 exercere
2780 1078 3104 1147 imperatum
3125 1095 3263 1149 opus
3291 1095 3598 1152 aggressus
3628 1095 3743 1137 est:

2162 1176 2591 1238 congregataque
2618 1170 2950 1225 rusticorum
2994 1171 3228 1226 maxima
3270 1173 3634 1230 multitudine
3678 1176 3747 1231 lo-

2163 1270 2282 1309 cum
2310 1258 2573 1326 purgavit,
2612 1260 2848 1329 atquein
2879 1260 3113 1330 spatium
3138 1261 3555 1331 complanavit:
3582 1267 3636 1319 in
3662 1283 3742 1322 cn-

2154 1342 2245 1413 jus
2289 1347 2465 1400 medio
2491 1348 2609 1403 dum
2650 1350 3076 1417 prmeminebant
3105 1367 3287 1421 rupes,
3340 1368 3486 1423 quas
3529 1371 3742 1425 operan—

2164 1434 2294 1489 tium
2341 1436 2628 1491 mul;orum
2656 1453 2872 1493 movere
2915 1454 3019 1493 non
3048 1448 3301 1509 poterant
3327 1457 3565 1509 “mgnus,
3600 1461 3693 1499 nec
3713 1462 3739 1499 a

2162 1537 2260 1576 suo
2296 1522 2548 1578 divellere
2576 1532 2740 1579 statu.
2768 1523 2870 1593 Qui
2910 1542 3034 1581 cum
3065 1528 3154 1582 diu
3177 1526 3484 1595 mererent,
3523 1547 3621 1586 nec
3639 1549 3740 1588 om-

2163 1612 2291 1665 nino
2324 1610 2451 1680 quid
2493 1611 2735 1668 facerent
2763 1614 3084 1682 invenirent,
3125 1625 3286 1673 nocte
3335 1618 3590 1674 insecuta

2164 1703 2409 1772 apparuit
2434 1703 2648 1759 cuidam
2676 1704 2881 1760 homini
2918 1707 3135 1761 nomine
3175 1708 3354 1763 Baino
3391 1709 3449 1763 in
3479 1710 3609 1764 villa
3636 1728 3738 1781 qua:

486 1805 580 1861 bat
605 1804 861 1876 paulatim
886 1816 1191 1873 assurgens,
1221 1814 1436 1856 omnem
1466 1797 1615 1853 silvae
1638 1797 2056 1868 magnitudinem
2090 1785 2134 1846 Β
2161 1794 2359 1848 dicitur
2385 1795 2523 1850 leius
2548 1794 2829 1867 (Huynes),
2861 1797 2954 1867 qui
2980 1798 3263 1867 duodecim
3305 1799 3446 1855 filiis
3472 1802 3733 1871 ampliatus

488 1913 587 1952 sua
612 1897 813 1950 virtute
840 1892 1222 1964 wmplanavit,
1269 1900 1324 1946 et
1353 1893 1406 1947 in
1453 1904 1633 1946 arenae
1676 1905 1788 1946 sure
1830 1891 2059 1945 formam

478 1984 683 2045 cuneta
706 1986 930 2057 redegit,
956 1986 1203 2055 praebens
1224 1984 1329 2039 iter
1346 1983 1539 2054 populo
1558 1990 1719 2038 terra:
1730 1991 1788 2037 ut
1811 1995 2065 2036 enarren-

493 2090 583 2135 tur
603 2079 871 2134 mirabilia
894 2076 1009 2133 Dei.
1040 2074 1161 2131 lam
1185 2090 1317 2131 vero
1344 2075 1412 2131 ad
1447 2073 1575 2130 illud
1606 2072 1932 2129 veniendum
1956 2078 2062 2136 est,

488 2171 724 2243 qualiter
747 2169 886 2225 idem
916 2169 1198 2224 beatorum
1223 2166 1478 2239 princeps
1507 2166 1792 2235 spirituum
1822 2162 2063 2235 angelica

478 2258 817 2319 revelatione
838 2255 1165 2313 dedicaverit
1191 2256 1507 2325 praedictum
1548 2253 1746 2310 locum.
2036 2260 2039 2265 '

1082 2366 1310 2423 CAPUT
1347 2365 1431 2421 lll.

535 2443 611 2497 De
638 2442 1017 2497 constructione
1043 2439 1144 2493 loci
1180 2454 1273 2508 per
1311 2435 1597 2507 angelicam
1631 2432 2008 2489 reuelationem.

560 2533 804 2600 Quodam
834 2540 1073 2601 tempore
1100 2543 1222 2583 cum
1254 2525 1689 2595 religiosissimus
1710 2531 1765 2579 et
1790 2523 1900 2578 Deo
1924 2535 2069 2576 ama-

486 2624 614 2680 bilis
644 2621 880 2694 praefatae
908 2620 1061 2675 urbis
1080 2619 1110 2659 δ
1140 2619 1366 2674 antistes
1410 2617 1706 2671 Autbertns
1729 2615 1945 2669 nomine
1974 2627 2066 2667 so-

488 2713 608 2783 pori
653 2726 772 2766 sese
800 2710 1054 2774 dedisset,
1101 2706 1408 2762 admonitus
1450 2711 1535 2759 est
1569 2703 1811 2774 angelica
1862 2700 2068 2756 revela-

491 2804 656 2867 tione,
703 2806 763 2853 ut
791 2799 845 2854 in
879 2797 991 2867 jam
1044 2795 1173 2850 dicti
1220 2794 1530 2850 summitate
1565 2792 1672 2847 loci
1724 2790 1896 2846 sancti
1939 2804 2069 2845 con-

491 2897 727 2947 strueret
760 2890 816 2943 in
845 2887 1049 2943 honore
1076 2884 1384 2956 archangeli
1407 2884 1620 2939 aedem:
1651 2890 1712 2937 ut
1736 2882 1892 2952 cujus
1929 2880 2067 2936 cele-

490 2978 749 3034 brabatur
790 2974 1091 3031 veneranda
1137 2973 1576 3029 commemoratio
1602 2971 1657 3026 in
1701 2979 1883 3045 monte
1923 2967 2064 3025 Gar-

491 3082 651 3139 gano,
687 3081 794 3121 non
822 3065 1018 3120 minori
1044 3063 1277 3135 tripudio
1301 3062 1664 3118 celebraretur
1688 3061 1741 3115 in
1770 3060 1976 3133 pelago.
1992 3060 2064 3115 At

491 3124 745 3212 sacerdos
771 3155 897 3210 dum
926 3124 1152 3209 revolvit
1179 3153 1308 3208 illud
1333 3153 1581 3224 apostoli,
1606 3124 1829 3207 Proba-te
1849 3124 2063 3223 spiritus
2091 3124 2137 3187 Ο

491 3248 537 3303 εἰ
573 3264 638 3302 ea:
665 3247 773 3301 Deo
806 3254 924 3301 sunt
956 3244 1010 3317 (I
1035 3245 1195 3299 Joan.
1227 3259 1304 3310 tv,
1334 3244 1406 3314 l),
1439 3244 1629 3298 iterata
1656 3251 1740 3297 est
1763 3242 2067 3298 admonitus

493 3338 723 3405 visione,
749 3353 862 3408 quo
891 3338 1177 3408 perliceret
1201 3335 1345 3407 quod
1365 3334 1672 3405 jubebatur.
1709 3333 1776 3387 Et
1802 3334 1927 3402 quia
1954 3333 2067 3402 spi-

494 3429 635 3485 ritus
663 3429 1045 3499 prophetarum
1088 3442 1196 3482 non
1226 3439 1441 3496 semper
1472 3432 1557 3481 est
1588 3425 1862 3495 prophetis
1889 3422 2067 3493 subje-

491 3531 632 3586 ctus,
660 3521 870 3576 distulit
895 3519 1072 3574 adhuc
1098 3517 1296 3589 prtesul
1321 3518 1797 3583 constructionem,
1834 3518 1927 3572 sed
1972 3516 2066 3571 ad-

490 3610 666 3666 hibuit
694 3610 1158 3675 intercessionem,
1183 3616 1448 3678 quatenus
1469 3607 1771 3663 istiusmodi
1792 3607 2065 3673 negetium

492 3700 706 3755 Domini
753 3699 923 3755 nostri
951 3697 1080 3754 Jesu
1119 3698 1320 3755 Christi
1346 3698 1611 3768 simulque
1653 3698 1951 3754 beatissimi
1978 3712 2067 3752 ar-

491 3789 733 3859 changeli
780 3804 1071 3860 agnoscere
1099 3789 1300 3846 valeret
1328 3790 1787 3845 deliberationem.
1828 3790 2066 3861 Contigit

490 3893 588 3947 per
613 3878 753 3932 idem
781 3885 990 3947 tempus
1017 3885 1077 3931 ut
1112 3884 1323 3931 taurum
1347 3878 1645 3947 cujusdam,
1680 3893 1842 3948 quem
1876 3877 2064 3933 furtim

491 3969 710 4040 quidam
738 3967 1000 4022 instinctu
1026 3968 1308 4038 pravitatis
1350 3969 1712 4033 subtraxerat,
1742 3968 1796 4022 in
1823 3968 2065 4037 ejusdem

491 4059 782 4129 deponeret
811 4056 926 4112 saxi
951 4072 1231 4123 cacumen,
1261 4065 1322 4112 ut
1349 4057 1476 4112 dum
1501 4054 1550 4112 is
1576 4056 1669 4126 qui
1695 4057 1951 4113 amiserat
1974 4056 2064 4127 ju-

488 4162 735 4212 veucum,
765 4147 1068 4220 reperiendi
1095 4148 1365 4205 amitteret
1389 4161 1562 4219 spem,
1584 4156 1743 4219 turpe
1786 4146 2063 4204 latruncu-

490 4239 572 4293 lus
605 4237 812 4293 lucrum
836 4237 1073 4294 ediceret
1099 4253 1165 4293 ex
1189 4238 1398 4293 eodem.
1431 4236 1641 4293 interea
1672 4238 1829 4292 tertia
1873 4239 2061 4294 admo-

489 4328 693 4383 nitione
718 4326 1053 4383 venerandus
1076 4327 1321 4399 pulsatur
1337 4327 1618 4399 episcopus
1637 4327 1906 4383 austerius
1929 4339 1976 4394 ε,
2003 4336 2063 4401 ut

489 4417 581 4488 qui
607 4433 715 4473 non
741 4418 1085 4489 acquieverat
1108 4417 1191 4473 bis
1217 4418 1543 4484 admonitus,
1568 4418 1746 4474 locum
1780 4419 1955 4474 adiret
1976 4436 2063 4475 ce-

490 4507 675 4573 lerius,
691 4522 723 4562 a
740 4523 847 4578 quo
873 4515 1052 4562 tamen
1072 4523 1131 4562 se
1154 4508 1317 4564 sciret
1338 4509 1715 4578 egrediendum
1737 4508 2061 4576 nullatenus,

489 4598 804 4669 priusquam
849 4598 1133 4669 perliceret
1170 4601 1314 4669 quod
1340 4599 1517 4655 fuerat
1556 4597 1756 4667 jussus.
1791 4599 1875 4655 Ad
1912 4600 2066 4669 cujus

490 4688 614 4743 fidei
642 4687 1103 4743 confirmationem
1148 4695 1482 4743 monstratur
1523 4688 1686 4742 etiam
1725 4688 1925 4747 ibidem
1968 4705 2063 4744 us-

491 4791 596 4846 que
620 4777 673 4831 in
700 4790 938 4848 pmsens
963 4783 1116 4849 petra
1143 4775 1297 4848 quasi
1324 4777 1489 4847 digito
1511 4777 1744 4832 hominis
1780 4777 2060 4847 inscripta,

492 4882 654 4937 super
687 4882 848 4938 quam
877 4875 1207 4924 memoratus
1230 4867 1511 4939 episcOpus
1539 4866 1753 4931 resedit,
1785 4882 2064 4938 quousque

492 4970 628 5024 opus
655 4957 723 5011 ad
747 4955 908 5011 linem
951 4955 1188 5011 adduxit.
1214 4954 1591 5014 Percunctanti
1622 4956 1783 5027 igitur
1808 4957 2060 5028 episcopo

494 5044 586 5113 qui
616 5045 958 5103 :ediiieationi
987 5060 1254 5117 congruus
1278 5053 1459 5115 posset
1503 5046 1673 5101 videri
1699 5046 1871 5113 locus,
1901 5062 2063 5118 ange-

494 5134 598 5188 lica
635 5135 689 5188 in
719 5135 861 5191 hunc
904 5136 1121 5191 modum
1166 5144 1249 5190 est
1293 5135 1641 5205 responsione
1685 5134 1965 5203 dictatum,
2004 5146 2063 5194 ut

495 5226 613 5281 loco
637 5240 702 5281 eo
730 5226 1088 5283 aedificaretur
1107 5226 1266 5292 mdes,
1292 5240 1399 5296 quo
1428 5226 1602 5281 inerat
1632 5233 1817 5282 taurus
1836 5227 2063 5283 abscon-

574 5357 947 5431 aNempeuna
977 5361 1031 5416 in
1058 5362 1316 5420 honorem
1359 5360 1529 5416 sancti
1576 5360 1834 5430 Stephani
1877 5369 2061 5431 proto-

496 5429 768 5500 martyris,
798 5430 976 5484 aliain
1007 5432 1263 5487 honorem
1291 5432 1461 5487 sancti
1498 5429 1896 5501 Symphoriani,
1941 5445 2061 5501 qua:

495 5502 726 5573 amplius
752 5515 859 5573 npn
886 5508 1116 5555 exstant.

566 5569 602 5614 b'
625 5569 740 5625 Non
771 5570 1071 5637 Camaraci,
1101 5580 1160 5641 ut
1187 5572 1391 5641 putavit
1418 5570 1701 5635 Baronius,
1727 5571 2060 5641 cognominis

488 5642 740 5768 ﬁutbetrti
769 5641 923 5713 longe
947 5648 1071 5697 ante
1093 5640 1498 5699 Camaracensis
1526 5640 1761 5711 episcopi
1803 5641 2060 5697 vocabulo

533 5726 660 5768 cceD
690 5728 770 5768 us.

533 5721 770 5785 cceptus.

2163 1899 2412 1953 magnam
2454 1885 2594 1941 inter
2638 1901 2764 1943 suos
2792 1889 3007 1943 tenebat
3036 1888 3313 1959 dignitatis
3361 1891 3603 1959 gloriam.
3638 1893 3725 1948 llic

2161 1989 2291 2046 ergo
2315 1990 2413 2045 per
2432 1976 2607 2031 visum
2636 1979 2871 2034 monitus
2896 1986 2956 2034 ut
2978 1994 3102 2035 cum
3130 1980 3531 2038 laborantibus
3553 1994 3602 2037 et
3628 1985 3725 2053 ipse

2163 2064 2335 2120 labori
2368 2065 2662 2133 insisteret,
2688 2066 2919 2126 festinus
2938 2071 3007 2126 ad
3048 2071 3230 2127 locum
3259 2088 3395 2128 cum
3421 2074 3556 2131 ﬁliis
3580 2078 3732 2139 venit,

2163 2156 2481 2227 impleturus
2510 2159 2652 2229 quod
2677 2158 2853 2217 fuerat
2865 2159 3069 2230 jussus.
3092 2161 3210 2230 Quo
3236 2180 3372 2220 cum

2164 2247 2333 2305 fretus
2361 2250 2560 2305 auxilio
2585 2252 2756 2306 sancti
2781 2250 3058 2309 Michaelis
3081 2256 3427 2327 archangeli,
3456 2260 3612 2327 quod
3656 2259 3741 2312 hu-

2164 2355 2322 2395 mana
2353 2356 2458 2396 non
2484 2349 2697 2411 poterat
2718 2342 2907 2409 virtus,
2934 2344 3134 2399 mirum
3160 2345 3219 2400 in
3246 2348 3478 2402 modum
3515 2358 3629 2402 tam
3673 2348 3742 2403 fa-

2164 2430 2266 2486 cile
2292 2430 2487 2487 molem
2516 2439 2676 2486 tantm
2703 2433 3086 2504 magnitudinis
3107 2436 3348 2491 removit
3375 2435 3434 2502 δ,
3464 2446 3529 2491 ιιι
3554 2437 3744 2493 nullum

2164 2520 2372 2588 pondus
2406 2520 2537 2575 inibi
2573 2534 2695 2578 esse
2718 2522 3011 2578 videretur.
3050 2522 3124 2578 At
3158 2538 3357 2580 omnes
3385 2526 3442 2580 in
3466 2541 3749 2583 mmmam

2164 2608 2443 2665 laudantes
2508 2610 2677 2665 Deum
2706 2619 3059 2683 sanctumque
3089 2615 3473 2685 archangelum
3504 2616 3751 2671 licitae»

2165 2701 2289 2765 lem,
2317 2709 2493 2771 empto
2518 2703 2776 2757 attentius
2810 2703 3135 2773 insistebant
3160 2707 3340 2776 operi.
3362 2707 3605 2777 Curaque
3623 2706 3745 2776 jam

2166 2793 2339 2848 dictus
2378 2793 2662 2864 episcopus
2714 2794 2782 2850 de
2820 2796 3185 2866 magnitudine
3247 2797 3629 2855 constt-um
3672 2798 3753 2853 fa-

2165 2884 2330 2940 brica:
2374 2884 2549 2940 adhuc
2579 2884 2774 2940 dubius
2801 2886 3084 2956 cogitaret,
3122 2898 3287 2943 nocte
3326 2888 3511 2944 media
3534 2928 3554 2953 ,
3600 2889 3751 2943 sicuti

2164 2974 2436 3045 quondam
2482 2973 2720 3031 Gedeoni
2767 2976 2821 3032 in
2868 2975 3079 3046 signum
3116 2976 3388 3041 victoriae,
3454 2993 3551 3033 ros
3591 2976 3749 3045 iacuit

2166 3078 2328 3134 super
2371 3063 2628 3119 verticem
2673 3065 2898 3132 montis;
2932 3064 3023 3119 ubi
3048 3072 3227 3120 autem
3277 3063 3641 3121 fundamenta
3675 3067 3742 3119 lo-

2166 3155 2336 3210 canda
2357 3164 2533 3221 erant,
2563 3155 2782 3211 siccitas
2820 3154 2944 3221 fuit,
2981 3157 3293 3226 dictumque
3326 3165 3422 3212 est
3454 3158 3739 3228 episcopo:

2165 3245 2332 3311 Vade,
2374 3254 2430 3300 et
2473 3246 2615 3302 sicut
2664 3247 2933 3319 signatum
2971 3248 3195 3314 videris,
3222 3246 3597 3304 fundamenta
3618 3248 3745 3317 iace.

2164 3334 2268 3403 Qui
2307 3336 2488 3392 statim
2525 3337 2877 3408 omnipotenti
2909 3338 3018 3394 Da)
3056 3339 3261 3409 gratias
3298 3354 3511 3411 ageam,
3559 3339 3749 3395 sancti-

2165 3440 2269 3495 que
2302 3425 2597 3497 implorans
2624 3427 2931 3499 archangeli
2967 3427 3241 3483 Michaelis
3298 3428 3601 3494 auxilium,
3666 3444 3750 3483 c1-

2164 3529 2390 3587 surgens
2418 3515 2657 3586 gaudens
2678 3523 2734 3571 et
2756 3514 2911 3571 laetus
2936 3531 3071 3586 opus
3095 3515 3227 3570 illud
3252 3532 3569 3588 aggressus
3592 3526 3695 3572 est.

2233 3610 2514 3666 Exstruxit
2541 3608 2726 3680 itaque
2762 3607 3022 3667 fabricam
3046 3626 3155 3665 non
3180 3610 3424 3666 culmine
3455 3611 3746 3667 sublimita-

2165 3700 2234 3757 tis
2260 3700 2476 3766 celsam,
2504 3700 2601 3757 sed
2624 3701 2682 3755 in
2708 3701 2926 3756 modum
2949 3708 3152 3771 cryptae
3175 3700 3475 3755 rotundam
3491 3740 3512 3768 ,
3539 3710 3744 3756 centum

2165 3792 2248 3864 (ut
2279 3791 2598 3863 aestimatur)
2631 3790 2910 3847 hominum
2957 3804 3234 3859 capacem,
3284 3789 3440 3845 illius
3471 3791 3531 3849 in
3572 3801 3745 3845 monte

2163 3881 2397 3953 Gargani
2430 3879 2613 3935 volens
2635 3894 2919 3950 exmquare
2954 3877 3205 3943 formam,
3246 3877 3304 3932 in
3347 3878 3582 3934 modum
3619 3895 3745 3948 pra:-

2164 3974 2309 4044 rupti
2353 3973 2521 4030 silicis
2566 3972 2807 4044 angelico
2852 3979 3113 4043 apparatu
3157 3969 3305 4026 facta
3336 3970 3639 4040 terrigenis
3681 3969 3742 4022 ad

2163 4066 2371 4121 laudem
2400 4073 2455 4121 et
2502 4063 2725 4136 gloriam
2763 4064 2859 4119 Dei
2893 4062 3265 4118 habitatione:
3307 4061 3610 4116 manifeste
3652 4061 3741 4115 do-

2163 4171 2291 4212 cens
2316 4170 2528 4225 semper
2552 4154 2608 4209 in
2628 4154 2939 4211 cmicstibus
2969 4152 3132 4207 divini
3160 4152 3405 4206 muneris
3428 4167 3594 4223 opem
3632 4163 3742 4205 esse

2160 4246 2505 4317 poscendam,
2518 4245 2731 4316 altoque
2749 4244 3046 4314 contempla
3054 4244 3214 4299 tionis
3234 4243 3439 4303 intuitu
3466 4253 3744 4313 penetrale

2161 4336 2378 4393 actheris
2397 4345 2567 4404 astra,
2607 4350 2717 4391 non
2739 4335 2969 4392 terrenis
2995 4332 3308 4402 limosisque
3328 4333 3633 4403 paludibus
3658 4346 3743 4385 ro-

2167 4426 2335 4480 tantia
2368 4426 2643 4481 hominum
2684 4438 2884 4495 ponere
2924 4423 3106 4479 corda.
3138 4421 3293 4490 Quod
3315 4437 3445 4477 cum
3475 4431 3607 4491 post
3644 4436 3745 4476 non

2167 4516 2394 4571 multum
2419 4523 2628 4586 tempus
2651 4522 2796 4571 esset
2819 4529 2975 4584 opem
3006 4512 3213 4569 ferente
3239 4513 3356 4568 Deo
3380 4513 3745 4573 aediﬁcatum,

2168 4607 2283 4661 viro
2305 4605 2400 4660 Dei
2426 4604 2688 4661 Autherto
2713 4604 2964 4675 episcopo
3001 4611 3254 4658 manente
3286 4602 3475 4666 anxio,
3519 4601 3748 4671 proinde

2167 4695 2292 4764 quia
2321 4694 2576 4749 cernebat
2598 4693 2702 4749 sibi
2727 4693 2914 4749 deesse
2937 4693 3110 4747 sancti
3134 4691 3449 4762 archangeli
3496 4693 3743 4762 pignora,

2166 4788 2358 4843 beatus
2399 4783 2645 4841 eumdem
2673 4786 3007 4841 sacerdotem
3053 4782 3279 4839 Michael
3314 4785 3633 4848 admonuit,
3672 4782 3747 4837 uti

2164 4874 2360 4932 fratres
2387 4875 2670 4931 celerrime
2693 4890 2865 4943 usque
2908 4874 2978 4929 ad
3002 4873 3313 4943 locumque
3358 4874 3632 4929 memoria
3660 4888 3749 4927 reo

2165 4965 2480 5022 nerabiliter
2519 4966 2716 5020 colitur
2747 4963 3071 5020 sanctissimi
3106 4963 3442 5034 archangeli,
3484 4963 3747 5034 dirigeret

2166 5057 2220 5112 in
2249 5055 2515 5126 Gargano,
2543 5064 2599 5109 et
2624 5069 2744 5110 eam
2774 5068 2934 5125 quam
2962 5053 3150 5124 angelo
3172 5042 3557 5123 patrocinante
3582 5053 3748 5109 refer-

2165 5153 2286 5201 rent
2330 5144 2760 5200 benedictionem
2803 5143 2893 5216 (Id
2932 5153 3029 5211 est,
3076 5144 3312 5216 munus),
3354 5159 3485 5199 cum
3530 5157 3743 5200 summa

2163 5238 2435 5307 exciperet
2470 5235 2846 5308 gratulatione.

2237 5380 2260 5409 ε
2291 5368 2569 5440 lliccerte
2600 5367 2749 5440 locus
2777 5375 2893 5440 erat
2918 5368 3110 5440 agendi
3141 5369 3206 5440 de
3227 5369 3589 5440 impressione
3632 5370 3747 5435 illa,

2162 5455 2266 5509 qua
2298 5437 2523 5493 Michael
2545 5437 2792 5493 Autberti
2809 5437 3181 5511 cunctabundi
3208 5437 3372 5509 caput
3398 5440 3470 5495 ad
3493 5449 3749 5511 penetra-

2162 5508 2361 5578 tionein
2386 5522 2555 5578 usque
2582 5509 2909 5578 percussisse
2937 5508 3153 5563 dicitur.

2230 5577 2256 5617 (1
2286 5577 2546 5632 Nimirum
2591 5578 2788 5632 Baiuus
2813 5592 2935 5632 eum
2962 5579 3243 5635 duodecim
3273 5578 3418 5633 filiis.
3448 5580 3517 5637 Et
3560 5590 3745 5636 tamen

2161 5647 2552 5728 vulgijtraditio
2577 5647 2701 5713 fert,
2744 5647 3000 5703 infantem
3033 5662 3200 5706 unum
3224 5648 3452 5719 impulsu
3486 5650 3645 5718 pedis
3688 5647 3747 5701 id

2160 5724 2497 5788 pmstitisse.
2860 5753 2869 5765 .
