3950 6308
194 403 333 479 1393

804 509 1029 567 CAPUT
1066 509 1154 566 ιγ.

260 604 501 674 Qualiter
538 623 572 659 α
598 603 842 676 Gargano
867 606 933 659 sit
956 614 1195 659 sanctum
1220 604 1450 659 delatum
1477 604 1685 674 pignus.

257 693 470 750 interea
485 694 634 750 missi
654 695 828 750 nuntii
843 694 1227 750 adeuntlocum
1245 712 1258 747 :
1274 694 1363 763 qui
1376 693 1759 764 benignissime

185 785 259 842 ab
280 784 475 839 abbate
497 784 597 840 loci
626 785 769 840 illius
795 785 1028 855 suscepti
1054 784 1398 854 vestibusque
1426 784 1654 849 mutati,
1694 798 1760 839 ac

186 872 326 928 tanti
355 872 562 928 itineris
587 870 898 943 fatigatione
925 873 1204 937 sublevati,
1253 880 1445 928 cuncta
1486 888 1607 942 quae
1649 888 1761 927 sua:

182 961 526 1033 contigerant
554 963 778 1034 regioni,
808 964 1072 1034 simulque
1093 966 1160 1018 ad
1182 964 1325 1034 quod
1350 972 1608 1020 venerant
1630 979 1762 1034 pan-

180 1052 340 1107 dunt.
369 1050 500 1117 Qua:
542 1053 704 1107 verba
730 1068 854 1108 cum
882 1053 1051 1123 ipsius
1080 1053 1183 1108 loci
1208 1066 1236 1095 ι
1265 1053 1431 1108 abbas
1473 1067 1570 1108 suo
1614 1059 1762 1106 retu-

181 1140 337 1196 lisset
375 1141 635 1209 antistiti,
680 1143 982 1199 uberrimas
1030 1142 1378 1213 omnipotenti
1422 1142 1532 1196 Deo
1571 1141 1761 1196 laudes

180 1239 414 1300 uterque
445 1230 641 1295 retulit,
671 1232 760 1302 qui
785 1248 883 1302 pro
912 1232 1078 1302 lapsis
1105 1243 1310 1288 naturae
1334 1231 1629 1301 fragilitate
1650 1240 1761 1286 ter-

183 1318 392 1389 rigenis
420 1319 786 1374 assistentium
817 1320 917 1376 sibi
948 1320 1317 1375 ministrorum
1346 1320 1597 1391 dignatur
1628 1336 1763 1390 pra:-

181 1407 317 1462 bere
347 1406 679 1477 sull'ragium.
710 1408 846 1465 Hine
871 1424 993 1464 cum
1020 1424 1125 1479 qua
1167 1410 1390 1464 decebat
1414 1410 1761 1465 veneratione

179 1498 414 1565 sumptis
427 1512 457 1550 a
472 1496 589 1553 loco
608 1498 940 1568 pignoribus,
968 1512 1073 1567 quo
1094 1499 1284 1553 beatus
1299 1498 1654 1569 archangelus
1678 1498 1760 1553 sui

181 1583 502 1637 memoriam
525 1584 769 1639 fidelibus
794 1586 1280 1651 commendaverat,
1315 1595 1527 1657 partem
1556 1588 1762 1642 scilicet

179 1674 339 1728 rubei
383 1674 581 1743 paliioli
622 1676 767 1746 quod
792 1677 929 1753 ipse
973 1679 1352 1733 memorandus
1406 1678 1761 1750 archangelus

180 1766 242 1820 in
268 1775 446 1821 monte
471 1767 720 1839 Gargano
760 1785 921 1840 supra
952 1770 1123 1824 altare
1149 1763 1293 1840 quod
1320 1770 1432 1840 ipse
1460 1786 1623 1825 manu
1662 1787 1759 1827 sua

180 1867 578 1925 construxerat,
627 1862 826 1930 posuit,
879 1871 935 1918 et
963 1871 1173 1932 partem
1217 1864 1424 1919 scilicet
1470 1865 1756 1926 marmoris

178 1956 346 2017 supra
377 1948 519 2017 quod
564 1949 732 2015 stetit,
765 1950 921 2020 cujus
952 1951 1149 2007 ibidem
1179 1967 1349 2022 usque
1385 1970 1529 2009 nunc
1570 1969 1758 2024 super-

180 2044 401 2092 exstant
425 2037 478 2091 in
505 2038 691 2093 eodem
721 2041 946 2111 vestigia
965 2081 979 2105 ,
999 2039 1112 2108 jam
1134 2041 1292 2097 dictis
1312 2041 1570 2099 fratribus
1590 2058 1762 2114 usque

183 2124 257 2180 ad
284 2142 495 2181 sacrum
543 2128 716 2183 locum
747 2130 1026 2186 referenda
1072 2132 1412 2197 eontradidit,
1456 2135 1761 2192 conditione

180 2212 524 2284 interposita,
555 2218 802 2274 videlicet
828 2228 888 2274 ut
909 2236 1045 2290 quos
1072 2238 1176 2276 una
1202 2223 1458 2295 angelieas
1482 2225 1761 2282 revelatio-

178 2301 271 2357 nis
296 2303 595 2359 sociaverat
631 2323 815 2375 causa,
845 2326 950 2364 una
978 2328 1191 2383 quoque
1223 2314 1550 2371 teternaliter
1578 2325 1761 2373 necte-

175 2401 270 2447 ret
307 2396 569 2451 connexio
596 2398 893 2454 charitatis.

815 2488 1041 2546 CAPUT
1074 2492 1139 2547 Υ.

219 2565 299 2622 De
328 2568 550 2624 adventu
578 2572 916 2656 reliquiarum
948 2577 967 2649 [
990 2579 1207 2656 χλι-...μς
1249 2585 1548 2653 exceptione
1570 2602 1727 2656 ange-

745 2644 837 2698 lici
862 2644 1198 2721 pat‘rocinih]

254 2727 461 2784 Summi
482 2731 685 2788 interea
711 2736 886 2790 nuntii
910 2740 1248 2808 repedantes,
1271 2749 1392 2810 post
1413 2743 1580 2798 multa
1603 2744 1759 2800 itine-

174 2818 263 2873 ris
299 2820 490 2887 spatia,
533 2822 601 2905 ad
635 2822 811 2879 locum
851 2840 959 2895 quo
995 2828 1221 2899 digressi
1249 2830 1478 2895 fuerant,
1527 2832 1644 2902 ipso
1670 2832 1758 2889 die

170 2920 292 2975 quo
318 2905 521 2963 fabrica
558 2911 822 2980 completa
846 2921 930 2971 est
957 2915 1011 2969 in
1039 2925 1218 2971 monte
1238 2917 1354 2987 jam
1382 2920 1527 2975 dicto
1571 2922 1625 2975 in
1659 2936 1754 2976 oc-

171 2998 358 3054 eiduis
382 3002 644 3071 partibus,
686 3004 840 3073 quasi
882 3020 1078 3061 novum
1122 3008 1351 3079 ingressi
1380 3019 1507 3065 sunt
1545 3013 1752 3079 orbem,

171 3104 344 3159 quem
393 3093 629 3160 primum
674 3096 919 3165 veprium
967 3098 1231 3155 densitate
1268 3100 1597 3171 reliquerant
1641 3103 1757 3173 ple-

74 3242 98 3263 .
170 3194 333 3233 num.
382 3179 499 3247 Quo
557 3183 684 3238 dum
733 3187 1162 3257 appropinquant
1186 3230 1201 3253 ,
1254 3186 1505 3247 sacerdos
1546 3193 1756 3249 Domini

169 3272 474 3330 Autbertus
498 3288 788 3332 occurrens
811 3292 932 3332 cum
959 3280 1142 3335 multis
1172 3280 1445 3349 laudibus,
1476 3298 1597 3338 cum
1623 3300 1757 3339 can»

172 3363 309 3419 ticis
352 3365 704 3434 spiritalibus,
732 3383 855 3423 cum
903 3369 1155 3425 ineffabili
1201 3373 1395 3443 gaudio
1418 3375 1658 3429 omnium
1698 3376 1753 3431 in
1781 3358 1828 3422 (ἶ

171 3470 342 3512 sacro
381 3467 566 3514 monte
603 3461 845 3530 angelica
873 3463 1193 3519 mortalibus
1230 3466 1442 3521 devehit
1476 3466 1755 3536 profutura

172 3549 452 3619 prasidia.
482 3550 598 3605 Dici
628 3565 759 3607 vero
803 3567 910 3607 non
939 3562 1117 3622 potest
1145 3563 1405 3624 quantum
1436 3556 1491 3611 in
1521 3557 1755 3613 adventu

172 3638 269 3708 (ut
299 3638 374 3692 ita
402 3640 601 3711 dicam)
631 3641 805 3712 angeli
847 3643 1296 3713 circumjacentes
1336 3644 1629 3716 provincia:
1659 3663 1754 3718 ga-

176 3728 314 3784 visae
347 3738 473 3785 sunt
506 3729 689 3786 laetitia
714 3741 769 3787 et
793 3734 989 3804 gaudio
1018 3749 1034 3788 :
1073 3736 1269 3806 quippe
1303 3737 1430 3807 quia
1468 3737 1570 3793 sibi
1616 3738 1754 3795 divi-

174 3817 330 3874 nitus
353 3821 706 3890 providebant
731 3824 1106 3881 inaestimabile
1131 3841 1421 3897 supernum
1462 3828 1626 3884 tribui
1666 3830 1759 3885 do-

174 3924 345 3975 num,
390 3910 575 3968 inhoe
598 3914 741 3983 quod
768 3915 987 3971 beatum
1026 3916 1338 3973 Michael'em
1376 3920 1757 3991 archangelum

174 3999 419 4057 caelestis
444 4003 648 4060 militia:
690 4006 987 4077 principem
1033 4010 1381 4065 merebantur
1404 4010 1649 4066 obtinere
1684 4012 1758 4066 si-

177 4088 483 4159 gniferum;
540 4103 924 4165 cognoscentes
983 4098 1149 4152 etiam
1192 4098 1344 4168 signa
1392 4106 1446 4153 et
1488 4100 1757 4157 mirabilia

176 4195 304 4250 qua:
342 4182 596 4240 Dominus
622 4200 721 4255 per
749 4188 1054 4243 ministrum
1084 4204 1239 4244 suum
1272 4198 1528 4259 operatur
1552 4201 1755 4247 morta-

175 4270 345 4336 libus,
377 4272 450 4327 ita
479 4282 538 4329 ut
570 4291 669 4346 per
693 4275 853 4347 huius
886 4278 1095 4335 itineris
1120 4281 1292 4351 spatia
1321 4282 1602 4338 duodecim
1627 4274 1756 4341 caeci

177 4358 488 4427 illuminati,
517 4364 804 4436 pluresque
829 4367 1057 4424 diversis
1084 4369 1485 4427 infirmitatibus
1512 4373 1617 4428 acti
1641 4374 1755 4445 pri-

177 4446 337 4502 stina:
366 4458 491 4504 sunt
507 4452 701 4507 redditi
725 4454 962 4510 sanitati.
976 4456 1197 4527 thuod
1219 4460 1304 4515 his
1322 4460 1625 4516 addendum
1651 4470 1752 4529 est,

176 4536 377 4592 mulier
402 4541 645 4609 quaedam
672 4546 863 4601 orbata
891 4548 1197 4612 luminibus,
1224 4551 1292 4607 de
1311 4551 1439 4606 villa
1461 4567 1581 4622 quae
1623 4555 1757 4610 dici-

178 4632 273 4677 tur
296 4624 624 4695 Asteriaeus,
656 4632 783 4687 dum
823 4638 1166 4708 prosequitur
1201 4640 1589 4709 pretiosissima
1638 4659 1756 4698 mu-

1036 399 1398 457 APPARITIO
1434 396 1494 455 s;
1534 396 1896 454 menaeus
1931 398 1998 453 lN
2040 368 2274 454 nos":
2317 399 2569 457 TUMBA.

3285 363 3423 456 i391

1784 514 1833 571 Α
1863 519 2142 566 mutatam.
2176 510 2281 565 Sed
2318 520 2373 567 et
2406 527 2577 582 usque
2629 512 2786 567 hodie
2825 528 2922 584 per
2956 530 3222 569 summum
3273 504 3429 569 mini-

1861 610 2030 656 strum
2053 618 2207 657 suum
2238 604 2354 659 haec
2374 604 2560 658 eadem
2588 604 2842 659 Dominus
2864 604 3189 675 quotidie‘ad
3219 605 3428 661 laudem

1860 698 1915 745 et
1955 690 2179 761 gloriam
2221 693 2456 749 nominis
2498 693 2580 748 sui
2609 692 2664 747 in
2700 708 2767 748 eo
2810 693 2925 749 loco
2960 694 3169 764 operari
3210 710 3313 749 non
3341 695 3431 751 de-

1860 780 2008 850 sinit.

1932 869 2099 939 lgitur
2140 884 2206 926 eo
2235 871 2341 935 die,
2370 871 2514 940 quod
2549 879 2633 928 est
2675 888 2787 927 xvn
2823 871 3049 928 Kalend.
3080 871 3429 936 Novembris.

1859 956 2165 1013 veneranda
2188 961 2450 1029 completa
2474 961 2656 1031 templi
2677 961 3009 1017 dedicatione
3032 973 3077 1028 ε,
3103 963 3187 1017 vir
3210 963 3421 1018 Domini

1860 1046 2151 1103 Autbertus
2176 1059 2464 1119 postquam
2500 1051 2768 1121 sagaciter
2791 1052 2969 1108 omnia
2993 1054 3092 1108 sub
3115 1054 3305 1108 ordine
3329 1053 3432 1109 dis.

1860 1139 2059 1207 posuit,
2086 1138 2259 1194 oliicia
2282 1156 2495 1211 quoque
2518 1143 2861 1197 servientium
2893 1142 3214 1200 clericorum
3239 1144 3266 1183 ἀ
3294 1160 3428 1200 con-

1862 1227 2067 1292 stituit,
2112 1229 2374 1298 deputans
2403 1230 2502 1286 hos
2547 1231 2677 1286 inibi
2722 1232 2822 1287 sub
2866 1247 3091 1288 numero
3133 1234 3431 1293 consistere

1862 1316 2163 1385 duodecim,
2198 1322 2289 1390 qui
2314 1323 2569 1392 legitimis
2601 1323 3069 1379 observationibus
3112 1323 3433 1395 perpetuali-

1864 1417 1946 1463 ter
1996 1410 2049 1464 in
2077 1410 2374 1467 beatissimi
2424 1413 2700 1468 Michaelis
2748 1414 3052 1485 archangeli
3083 1415 3433 1484 pet-sisterent

1864 1498 2137 1566 famulatu,
2188 1502 2437 1571 quamvis
2479 1490 2586 1559 non
2626 1501 2865 1571 ejusdem
2899 1504 3109 1560 numeri
3157 1504 3211 1558 in
3241 1505 3429 1560 eodem

1861 1588 1980 1645 loco
2000 1606 2031 1645 a
2066 1593 2472 1649 successoribus
2497 1595 2641 1649 beati
2670 1595 2769 1648 viri
2795 1595 2907 1649 sint
2929 1593 3109 1649 clerici
3132 1592 3428 1650 constituti.

1865 1680 2036 1736 Simul
2058 1684 2222 1738 etiam
2248 1685 2314 1741 de
2352 1686 2624 1758 episcopio
2656 1702 2754 1742 suo
2780 1688 2956 1742 eidem
2986 1687 3104 1742 loco
3130 1703 3160 1741 a
3189 1688 3429 1742 servien-

1865 1774 2008 1829 tibus
2034 1775 2186 1835 villas
2213 1778 2565 1843 contradidit,
2593 1778 2842 1834 videlicet
2878 1776 2992 1846 jam
3024 1778 3223 1835 dictam
3250 1778 3430 1833 villam

1862 1864 2024 1919 lcium
2054 1863 2286 1941 (Huyne)
2311 1878 2366 1922 et
2395 1867 2665 1925 Genitium
2689 1867 2916 1940 (Genet).

2471 1974 2697 2033 CAPUT
2734 1977 2820 2032 Ἦ.

1967 2061 2045 2116 De
2072 2062 2278 2117 obtenta
2312 2080 2449 2135 aqua
2485 2080 2578 2135 per
2608 2064 2895 2136 angelicam
2934 2066 3315 2120 reuelationem.

1930 2152 2137 2207 Interea
2186 2152 2325 2207 idem
2379 2153 2574 2222 praesul
2616 2161 2808 2208 cuncta
2858 2154 3147 2224 pervidens
3189 2170 3428 2225 congruo

1859 2252 2070 2314 patrata
2102 2244 2309 2309 ordine,
2344 2244 2443 2300 hoc
2470 2260 2636 2300 unum
2672 2245 2813 2315 quod
2841 2252 3053 2314 poterat
3083 2244 3237 2301 valde
3257 2244 3429 2300 videri

1860 2332 2094 2398 dillicile,
2140 2348 2171 2388 a
2197 2344 2385 2388 sancto
2430 2334 2639 2389 censuit
2673 2334 3030 2405 expetendum
3068 2333 3424 2405 archangelo,

1860 2438 2013 2493 aquae
2037 2423 2242 2480 scilicet
2290 2424 2637 2489 elementum,
2678 2424 2945 2494 sinequo
2971 2432 3221 2479 constare
3242 2424 3429 2493 nequit

1858 2515 1969 2569 vita
1997 2515 2326 2571 mortalium.
2366 2515 2540 2587 Super
2568 2515 2673 2573 hoc
2696 2531 2826 2586 ergo
2845 2514 3056 2571 Domini
3094 2514 3266 2570 nostri
3302 2511 3427 2569 Jesu

1858 2604 2058 2661 Christi
2107 2605 2373 2676 simulque
2404 2607 2577 2662 sancti
2615 2605 2926 2676 archangeli
2967 2606 3092 2661 dum
3122 2605 3328 2676 expetit
3359 2605 3430 2660 si-

1858 2695 1969 2751 mul
1995 2711 2116 2751 cum
2145 2711 2305 2768 grege
2331 2697 2434 2751 sibi
2455 2698 2742 2769 commisso
2762 2696 3043 2762 auxilium,
3059 2697 3235 2767 utqui
3258 2712 3430 2765 quon-

1857 2785 1981 2841 dam
2024 2786 2355 2855 produxerat
2399 2788 2604 2842 sitienti
2647 2788 2843 2858 populo
2863 2786 2932 2843 de
2970 2796 3124 2857 petra
3152 2787 3425 2856 pocuhun,

1857 2877 1973 2948 ipse
2012 2892 2044 2932 a
2084 2878 2256 2934 servis
2291 2878 2405 2934 suis
2446 2894 2698 2935 amovere
2735 2880 3047 2951 dignaretur
3070 2895 3224 2949 aqua:
3260 2894 3430 2950 penuv

1857 2968 2028 3034 riam;
2056 2969 2273 3025 tandem
2302 2970 2546 3042 angelica
2565 2970 2876 3027 ostensione
2897 2970 3075 3026 locum
3101 2970 3311 3035 didicit,
3341 2971 3431 3026 ubi

1857 3061 1912 3116 in
1937 3069 2207 3131 praerupto
2228 3061 2379 3117 silice
2400 3061 2531 3117 dum
2550 3078 2845 3118 concavum
2867 3061 3109 3117 foramen
3140 3062 3429 3125 exciditur,

1857 3149 2057 3205 mirum
2083 3150 2135 3204 in
2166 3151 2387 3206 modum
2418 3165 2681 3220 aquarum
2713 3166 2839 3206 mox
2874 3150 3200 3206 abundantia
3233 3151 3431 3219 reperir

1858 3248 1967 3305 tur,
1992 3255 2111 3310 quas
2154 3242 2326 3312 possit
2371 3242 2735 3297 habitantibus
2748 3250 3154 3311 competentem
3181 3242 3429 3310 praebere

1857 3349 2039 3390 usum.
2077 3334 2276 3391 Eadem
2304 3350 2433 3391 vero
2465 3350 2604 3405 aqua
2637 3333 2908 3405 profluens
2939 3334 3083 3404 quod
3118 3334 3191 3389 sit
3230 3335 3426 3390 haustu

1860 3426 2111 3490 salubris,
2141 3426 2325 3481 multis
2352 3434 2435 3483 est
2461 3435 2737 3483 ostensum
2771 3426 2964 3483 modis.
2995 3425 3238 3482 Celerem
3274 3441 3427 3480 nam—

1858 3531 1964 3585 que
2008 3514 2114 3570 fert
2161 3514 2589 3572 febricitantibus
2633 3530 2812 3586 opem,
2857 3515 3071 3586 quoties
3102 3515 3427 3571 desiderium

1856 3606 2164 3677 provenerit
2188 3607 2431 3663 sumendi
2456 3618 2502 3661 ο.

2457 3716 2684 3774 CAPUT
2709 3716 2829 3774 νιν.

2106 3806 2186 3862 De
2208 3808 2485 3863 miraculis
2500 3810 2555 3863 in
2578 3809 2757 3864 eodem
2787 3807 3164 3878 locovpatram.’

1928 3920 2083 3990 Apud
2111 3920 2253 3975 beati
2279 3935 2408 3976 vero
2431 3921 2709 3977 basilicam
2736 3919 3062 3991 archangeli,
3102 3918 3218 3988 ipso
3246 3918 3424 3988 opitu—

1858 4008 2000 4063 lante
2016 4009 2242 4065 virtutes
2253 4007 2555 4065 elliciuntur
2570 4010 2862 4065 innumertc
2875 4024 2890 4064 :
2904 4009 3270 4065 illuminantnr
3280 4024 3429 4063 nam-

1857 4116 1961 4171 que
1979 4101 2172 4155 ibidcm
2195 4102 2344 4167 caeci,
2368 4116 2613 4172 gressum
2635 4101 2899 4171 recipiunt
2928 4098 3135 4163 claudi,
3153 4107 3429 4153 merentur

1857 4192 2096 4245 auditum
2108 4192 2274 4255 surdi,
2290 4190 2543 4261 fugantur
2553 4206 2620 4246 ex
2639 4190 2873 4247 obsessis
2884 4188 3197 4259 corporibus
3211 4187 3432 4258 spiritus

1857 4282 2138 4348 immundi,
2177 4282 2401 4337 Domino
2416 4282 2527 4336 Deo
2559 4288 2743 4336 nostro
2760 4280 3030 4350 praebente
3055 4277 3309 4333 auxilium
3332 4291 3432 4345 per

1856 4371 2215 4426 ministerium
2268 4370 2601 4443 angelorum.
2663 4369 2957 4426 Autbertus
3004 4377 3184 4425 autem
3233 4366 3427 4439 prtesul

1857 4461 2180 4516 venerabilis
2202 4462 2329 4532 quia
2355 4469 2711 4515 memoratum
2741 4461 2917 4518 locum
2947 4462 3047 4517 sub
3076 4460 3281 4515 honore
3302 4472 3427 4512 sane

1857 4548 2082 4604 ctissimi
2113 4548 2455 4604 dedicaverat
2480 4550 2790 4622 archangeli
2814 4548 3086 4605 Michaelis
3108 4546 3277 4602 :alias
3300 4560 3429 4600 vero

1858 4656 1977 4711 quae
2020 4658 2163 4699 nunc
2190 4643 2440 4699 videntur
2476 4644 2531 4699 in
2562 4644 2917 4699 undenarium
2966 4642 3201 4699 crevisse
3239 4653 3429 4696 nume—

174 4727 309 4768 nera
356 4718 553 4772 summi
598 4702 908 4795 archangeli
955 4702 1262 4793 Michaelis,
1315 4746 1440 4785 mox
1474 4739 1534 4785 ut
1577 4734 1755 4803 attigit
1786 4702 1998 4799 Drum,
2036 4741 2315 4790 crescente
2346 4734 2630 4789 devotione
2677 4742 2731 4789 et
2781 4749 2995 4799 amore,
3051 4732 3287 4789 fidelium
3333 4746 3429 4787 ex-

176 4804 463 4895 planitiem
495 4823 673 4867 arente
708 4815 884 4870 maris
925 4817 954 4857 δ
999 4818 1256 4875 divinitus
1299 4821 1498 4878 factum
1551 4826 1754 4895 recepit

1858 4826 2057 4881 struxit
2082 4840 2290 4891 manus,
2307 4825 2398 4879 ubi
2418 4825 2594 4879 divina
2619 4834 2944 4895 prmstantur
2960 4825 3243 4889 beneﬁcia,
3269 4822 3424 4891 adju-

176 4893 372 4961 visum,
410 4896 682 4957 admirans
736 4917 797 4959 se
829 4904 896 4960 de
943 4908 1177 4965 tenebris
1223 4912 1402 4968 subito
1456 4913 1511 4967 in
1562 4893 1738 4970 lucem
1844 4928 2002 4973 vante
2029 4915 2256 4971 Domino
2280 4922 2464 4970 nostro
2492 4893 2634 4970 J'esui
2655 4912 2888 4971 Christo.

248 5071 275 5099 ιι
297 5056 451 5115 Nune
470 5060 646 5140 locum
672 5077 936 5140 occupant
958 5070 1229 5128 sexdecim
1253 5074 1501 5131 canonici
1525 5073 1749 5129 saecula-

177 5143 286 5237 res:
310 5142 446 5250 gnos
471 5130 1045 5205 Garganicos'vocant.
1370 5130 1379 5131 ί

185 5215 461 5288 nam???
502 5202 725 5288 locusna
755 5207 958 5288 lumine
1002 5209 1214 5288 feminzn
1253 5212 1498 5268 restituto
1526 5221 1749 5268 vocatur

174 5265 455 5351 Βιριεεςίπ,
493 5273 585 5351 qui
613 5274 742 5351 olim
766 5276 1100 5351 Asteriaeus.

251 5345 273 5374 ε
300 5336 442 5421 Nihil
493 5336 581 5421 hic
624 5344 691 5421 de
735 5346 842 5421 ritu
870 5348 1223 5421 dedicationis
1266 5350 1480 5421 abgipso
1527 5351 1748 5407 Christo

177 5402 491 5492 Servatqre,
520 5411 601 5483 (ut
624 5412 823 5492 ferunt)
853 5402 1747 5492 celebratoiiimd—Autbert'u—sipse

177 5470 354 5530 locum
375 5470 649 5539 dedicasse
670 5470 873 5542 dicithr
893 5470 1271 5558 innatans:

1926 5074 1953 5114 ά
1976 5070 2093 5128 Odo
2132 5073 2299 5128 abbas
2342 5073 2790 5131 Glannafoliensis
2818 5073 2870 5127 in
2897 5071 3121 5142 epistola
3166 5074 3236 5143 ad
3262 5071 3423 5143 Agel—

1854 5143 2545 5216 niodum_Cenomannicuin
2566 5147 2875 5216 episcopum
2890 5141 2957 5216 de
2978 5141 3283 5216 inventione
3302 5141 3426 5197 vita:

1850 5214 2021 5284 sancti
2046 5211 2234 5273 Mauri,
2264 5215 2510 5284 meminit
2537 5235 2555 5264 ι
2592 5210 2880 5284 cujusdam,
2896 5210 3195 5284 clericigqui
3220 5212 3427 5284 Petrus

1851 5282 2162 5355 vocabatur,
2180 5282 2540 5355 _qui__liomam
2565 5299 2632 5340 ex
2653 5282 2793 5355 pago
2823 5282 3264 5355 Abriucatinode
3306 5282 3425 5336 loco

1851 5351 2023 5407 sancti
2072 5351 2349 5408 Michaelis
2374 5354 2468 5423 qui
2510 5356 2581 5409 ad
2622 5351 2758 5412 duas
2786 5362 3008 5410 vocatur
3047 5352 3283 5409 Tumbas
3309 5366 3405 5422 per

1851 5428 2085 5477 rexerat.
2120 5441 2138 5474 ι

1934 5502 1956 5530 ε
1982 5490 2253 5547 llactenus
2279 5493 2448 5550 codex
2483 5500 2686 5551 noster.

1340 5749 2227 5789 ψ
