3950 6308
508 348 648 411 13θᾶ

1729 345 2039 404 ΑΝΟΝΥΜΙ
2079 343 2349 402 8ὢοοω
2386 345 2516 401 Vill.

3647 347 3782 402 I35

518 484 3781 515 Wm—

1952 592 2276 708 VII.

1082 809 1593 941 GESTA
1687 812 2181 938 DOMNI
2275 805 3176 937 DAGOBERTI

1462 1023 1665 1083 REGIS
1700 1021 2149 1089 FRANCORUM,
2172 1021 2351 1078 .FlLll
2384 1021 2701 1081 CLOTABII
2735 1037 2798 1077 ιι.

698 1158 954 1246 Scripta
986 1184 1030 1225 a
1057 1160 1352 1224 monacho
1387 1158 1646 1223 cmnobii
1676 1158 1877 1219 sancti
1904 1156 2219 1235 Dionysii,
2256 1174 2563 1235 anonymo
2601 1156 2866 1237 quidem,
2901 1157 3008 1219 sed
3048 1166 3613 1241 contemporaneo.

1659 1297 1751 1361 (Ex
1780 1296 2047 1357 Ducbesn.,
2070 1292 2200 1345 Hist.
2222 1294 2393 1345 Franc.
2422 1294 2630 1360 Script.)

598 1518 727 1578 Cn.
770 1529 994 1571 ιιιιηιωι.
1016 1544 1088 1557 --
1112 1512 1189 1568 De
1221 1510 1454 1567 εἰσίω-ἕο
1497 1520 1645 1581 patre
1686 1509 1982 1581 Dagoberti.

574 1610 809 1681 Quartus
832 1609 901 1663 ab
933 1605 1232 1670 Clodoveo,
1270 1603 1360 1673 qui
1387 1602 1596 1675 primus
1630 1616 1814 1671 regum
1841 1601 2077 1656 Franco-

507 1716 627 1757 rum
656 1700 723 1755 ad
751 1698 951 1754 cultum
979 1695 1340 1759 Dei,docente
1362 1693 1519 1747 beato
1544 1691 1790 1761 Remigio
1814 1689 2079 1747 libemen-

505 1792 558 1846 si
576 1791 856 1861 episcopo,
873 1801 1167 1843 conversus
1187 1793 1290 1849 est,
1305 1782 1592 1847 Clotarius,
1607 1782 1749 1837 illius
1769 1781 2080 1855 Chilperici,

509 1896 733 1952 mgnum
767 1879 992 1934 sortitus
1012 1882 1111 1931 est.
1168 1874 1270 1941 Qui
1299 1872 1575 1928 elaborata
1613 1888 1645 1927 a
1672 1873 1967 1942 majoribus
1995 1874 2081 1929 di-

508 1972 715 2042 gnitate
750 1968 984 2039 potitus,
1038 1980 1159 2021 cum
1193 1972 1249 2020 et
1292 1963 1523 2033 plurima
1566 1971 1784 2019 strenue
1829 1965 2079 2035 gesserit,

509 2073 623 2126 tum
655 2060 923 2132 praecipue
947 2057 1080 2113 illud
1106 2054 1452 2111 memorabile
1481 2070 1591 2111 suae
1619 2055 2081 2124 potentize'poste-

506 2155 588 2210 ris
612 2134 831 2223 reliquit
852 2150 1132 2214 indicium,
1159 2162 1266 2218 quo
1296 2147 1682 2203 rebellantibus
1716 2149 1998 2203 adversum
2023 2162 2082 2203 se

507 2243 833 2308 Saxonibus,
872 2241 946 2296 ita
971 2256 1069 2301 eos,
1084 2238 1250 2295 armis
1282 2239 1616 2308 perdomuit,
1646 2247 1707 2292 ut
1731 2252 1920 2293 omnes
1948 2238 2081 2293 viri-

508 2339 574 2393 lis
625 2350 787 2394 sexus
833 2333 1071 2405 ejusdem
1112 2342 1271 2388 terra:
1318 2332 1523 2388 incolas
1546 2371 1562 2397 ,
1606 2331 1695 2401 qui
1732 2330 1893 2401 gladii
1920 2342 2081 2399 quem

509 2437 625 2487 tum
666 2427 811 2483 forte
845 2426 1065 2497 gerebat
1103 2421 1486 2495 longitudinem
1521 2420 1884 2485 excesserint,
1920 2433 2079 2489 pere-t-

508 2521 688 2581 merit.
727 2519 935 2590 Quippe
954 2525 1016 2574 ut
1033 2515 1339 2587 junioribus
1361 2514 1589 2570 tumoris
1614 2527 1806 2568 ausum
1832 2511 2082 2569 recorda-

508 2609 586 2665 tio
608 2609 751 2665 illius
772 2608 957 2664 vitalis
973 2623 1067 2663 seu
1083 2604 1349 2662 mortiferi
1367 2605 1530 2677 gladii
1552 2611 1874 2674 amputaret.
1907 2602 2081 2660 Tanta

509 2710 624 2756 tum
660 2700 991 2755 Francorum
1035 2698 1308 2771 potentia,
1357 2703 1506 2750 tanta
1544 2710 1729 2765 regum
1767 2693 2084 2749 animositas

510 2797 646 2851 erat.
685 2789 963 2855 Quomodo
989 2796 1167 2842 autem
1191 2793 1286 2841 aut
1312 2785 1541 2855 qualiter
1569 2786 1671 2839 hoc
1687 2783 1990 2852 peregerit,
2027 2783 2082 2837 in

510 2878 963 2947 subsequentibus
983 2891 1085 2933 suo
1105 2876 1297 2933 ordine
1316 2875 1527 2945 plenius
1550 2874 1906 2929 intimabitur.
1959 2872 2084 2927 Fuit

509 2984 706 3039 nempe
729 2968 867 3023 idem
895 2982 990 3023 rex
1015 2966 1285 3023 Clotarius
1306 2965 1579 3037 patientiae
1608 2953 1840 3029 deditus,
1884 2962 2085 3019 litteris

510 3057 777 3123 eruditas,
807 3057 1003 3114 timens
1032 3055 1200 3111 Deum
1223 3096 1238 3122 ,
1284 3055 1633 3113 ecclesiarum
1655 3061 1710 3107 et
1736 3053 2078 3110 sacerdotum
2105 3092 2150 3153 ε

509 3166 736 3222 mgnus
760 3149 989 3215 ditator,
1022 3149 1347 3219 pauperibus
1380 3147 1776 3217 eleemosynam
1813 3146 2077 3209 tribuens,

510 3242 799 3313 benignum
832 3255 891 3296 se
915 3240 1165 3295 omnibus
1202 3247 1258 3297 et
1301 3238 1501 3313 pietate
1532 3237 1749 3307 plenum
1772 3235 2077 3297 ostendens,

510 3331 855 3403 belligerator
882 3330 1109 3402 insignis
1131 3370 1145 3394 ,
1189 3328 1563 3385 venationibus
1588 3326 1826 3385 ferarum
1859 3324 2082 3379 nimium

511 3420 726 3483 assidue
750 3427 927 3481 utens.

784 3509 913 3569 Car.
938 3510 1001 3566 ll.
1032 3541 1103 3550 ——
1134 3509 1211 3564 De
1248 3508 1473 3579 infantia
1508 3507 1807 3578 Dagoberti.

582 3599 715 3655 Huic
748 3599 849 3656 fuit
873 3600 1015 3657 ﬁlius
1041 3601 1257 3656 nomine
1286 3599 1645 3670 Dagobertus,
1672 3612 1832 3666 quem
1854 3611 1921 3651 ex
1955 3595 2082 3651 Ber-

513 3694 735 3749 tedrude
758 3693 943 3763 regina
976 3701 1332 3763 susceperat,
1373 3691 1466 3761 qui
1505 3689 1646 3759 patri
1690 3689 2002 3744 succederet
2028 3694 2084 3741 et

512 3783 774 3842 industria
799 3783 989 3851 dignus
1016 3822 1032 3847 ,
1088 3792 1143 3836 et
1169 3782 1394 3836 viribus.
1448 3779 1549 3835 llic
1575 3779 1808 3853 denique
1842 3777 1894 3831 in
1928 3776 2083 3830 annis

512 3871 805 3944 puerilibus
829 3870 1056 3947 positus,
1085 3870 1317 3929 traditus
1347 3877 1431 3924 est
1458 3884 1488 3922 a
1516 3868 1757 3937 genitore
1791 3864 2084 3926 venerabili

510 3976 576 4026 ac
598 3959 937 4021 sanctissimo
978 3957 1202 4015 Amulio
1246 3954 1563 4019 Metensium
1612 3957 1762 4012 urbis
1810 3956 2079 4034 episcopo,

511 4058 573 4106 ut
599 4064 723 4106 eum
746 4047 1037 4111 secundum
1066 4064 1219 4109 suam
1246 4046 1565 4116 sapientiam
1599 4045 1891 4109 enutrirct,
1927 4044 2082 4116 eique

513 4143 781 4204 tramitem
820 4141 1136 4203 Christianae
1175 4139 1447 4211 religionis
1476 4137 1802 4202 ostenderet,
1844 4143 2003 4204 atque
2031 4133 2080 4189 ei

510 4240 693 4297 custos
731 4243 786 4291 et
834 4231 1043 4304 bajulus
1081 4242 1242 4293 esset.
1317 4230 1451 4289 Cum
1486 4238 1665 4284 autem
1711 4224 2083 4282 adolescentia:

510 4335 750 4392 aetatem,
779 4334 837 4382 ut
861 4326 1007 4398 genti
1034 4324 1366 4383 Francorum
1389 4323 1556 4380 moris
1576 4331 1679 4388 est,
1707 4319 2081 4379 venationibus

2180 1525 2328 1565 mum
2353 1521 2663 1568 memorata:
2691 1515 2839 1571 urbis
2867 1517 3177 1588 episcopum
3216 1523 3607 1583 beatissimum
3648 1531 3757 1586 Dio.

2179 1602 2418 1670 nysium,
2447 1617 2677 1673 cumque
2702 1619 2769 1659 eo
2795 1605 3073 1663 Rusticum
3094 1619 3149 1666 et
3172 1611 3566 1671 Eleutherium
3588 1659 3607 1683 ,
3643 1637 3759 1690 quoa

2182 1706 2302 1747 rum
2331 1693 2468 1747 alter
2487 1697 2788 1766 presbyter,
2811 1696 2947 1752 alter
2971 1700 3233 1759 diaconus
3263 1716 3416 1772 erat,
3442 1725 3549 1778 pro
3578 1711 3756 1768 Quini

2185 1783 2401 1838 nomine
2452 1784 2505 1838 in
2560 1796 2845 1856 prospectu
2892 1789 3062 1859 ipsius
3131 1793 3385 1850 civitatis
3430 1798 3753 1869 interm

2183 1879 2427 1947 quaedam
2472 1881 2877 1939 materfamilias
2919 1888 3177 1944 vocabulo
3221 1889 3487 1957 Catulla,
3534 1906 3743 1964 aquae:

2180 1968 2301 2024 vico
2325 1970 2612 2026 deductum
2640 1989 2833 2029 nomen
2862 1976 3064 2041 dicunt,
3093 1980 3223 2047 quia
3250 1981 3444 2049 palam
3469 2000 3576 2039 non
3605 1985 3741 2041 ade-

2181 2060 2299 2127 hat,
2329 2062 2465 2117 clam
2494 2064 2780 2133 sepulturae
2802 2068 3094 2122 mandavit.
3140 2069 3402 2141 Signavit
3427 2084 3610 2130 tamen
3628 2076 3751 2130 lem-

2182 2152 2316 2218 lum,
2349 2162 2410 2209 ut
2439 2156 2517 2210 rei
2555 2164 2722 2226 gestae
2753 2144 3061 2225 junioribus
3104 2169 3391 2218 constaret
3435 2166 3649 2219 notitia.
3682 2166 3757 2222 Sic

2174 2242 2619 2314 incomparabilis
2668 2246 2951 2304 thesaurus
2977 2250 3068 2305 diu
3108 2250 3295 2319 latuit,
3341 2270 3449 2310 nec
3485 2257 3760 2326 praterh-

2180 2347 2329 2388 mam
2375 2335 2524 2391 locus
2565 2336 2654 2391 ille
2684 2337 2976 2408 quidquam
3015 2341 3255 2398 habebat
3290 2348 3675 2416 conspicuum.
3710 2347 3766 2402 Et

2182 2424 2433 2494 quamvis
2491 2426 2737 2495 quaedam
2810 2428 2945 2486 inibi
3001 2432 3071 2486 ab
3128 2434 3511 2491 anterioribus
3568 2439 3769 2509 regibus

2180 2523 2402 2585 propter
2424 2516 2640 2572 assidua
2670 2533 2790 2587 qua:
2809 2519 3007 2575 ibidem
3031 2523 3342 2593 agebantur
3366 2527 3631 2582 mir-acula
3660 2530 3768 2584 col-

2182 2604 2290 2660 lata
2314 2603 2563 2672 fuissent,
2599 2614 2778 2663 tamen
2806 2609 2932 2680 quia
2958 2602 3112 2667 locus
3158 2613 3282 2683 ipse
3308 2630 3376 2670 eo
3402 2625 3645 2688 ternpore
3666 2596 3775 2676 sub

2180 2703 2447 2767 potestate
2473 2695 2734 2752 Parisiaei
2761 2700 3018 2755 antistitis
3042 2704 3373 2758 constitutus
3391 2714 3530 2770 erat,
3579 2714 3642 2761 et
3673 2709 3772 2763 cui

2183 2786 2340 2842 vellet
2381 2786 2699 2843 clericorum
2732 2803 2857 2845 eum
2898 2787 3023 2857 jure
3044 2792 3298 2849 beneficii
3347 2795 3634 2849 trauehat:
3658 2797 3774 2853 ille-

2182 2889 2287 2945 que
2307 2874 2391 2931 cui
2425 2875 2819 2933 concedebatur
2855 2895 2961 2933 non
2996 2880 3342 2939 honestatem
3375 2883 3517 2947 loci.
3540 2886 3644 2940 sed
3666 2896 3771 2941 te:b

2182 2980 2371 3021 renum
2396 2966 2643 3033 lucrum,
2690 2970 3140 3037 quemadmodum
3187 2974 3251 3027 in“
3292 2974 3769 3043 quibusme

2182 3052 2449 3125 hodieque
2476 3057 2736 3123 cernitur,
2783 3058 2889 3116 sibi
2933 3060 3057 3115 inde
3100 3062 3156 3116 in
3181 3066 3447 3132 proprios
3474 3082 3611 3122 usus
3628 3083 3762 3121 aea-

2183 3142 2378 3198 mulari
2422 3144 2703 3200 videbatur
2748 3164 2760 3199 :
2809 3149 2879 3204 ob
2925 3150 3061 3215 hoc,
3096 3160 3159 3205 ut
3188 3153 3478 3221 diximus,
3526 3156 3765 3211 utensilia

2182 3234 2406 3289 nimium
2442 3237 2827 3307 negligebatur.
2888 3239 3022 3295 Vilis
3055 3240 3254 3311 quippe
3288 3220 3515 3300 tantum
3539 3247 3767 3310 aedicula.
3811 3220 3831 3244 ⁸

2181 3337 2375 3392 quam,
2414 3333 2474 3378 ut
2513 3324 2811 3392 ferebatur,
2859 3328 3021 3384 beata
3052 3329 3329 3386 Genovel‘a
3366 3349 3544 3404 super
3574 3347 3767 3391 sam

2181 3426 2448 3488 martyres
2495 3420 2686 3474 devote
2728 3430 3131 3489 construxerat,
3158 3432 3454 3481 tantorum
3480 3438 3766 3499 martym

2180 3521 2408 3576 corpora
2444 3523 2549 3563 non
2581 3510 2883 3574 ambiebat,
2911 3513 3107 3581 quoad,
3138 3513 3283 3573 sicut
3302 3514 3358 3568 in
3393 3532 3664 3586 processu
3684 3533 3765 3573 ex.

2180 3596 2392 3667 podiam
2413 3637 2426 3662 ,
2452 3596 2790 3667 profuturum
2822 3600 2942 3654 orbi
2981 3615 3171 3656 eorum
3207 3617 3417 3659 nomen
3464 3607 3697 3670 enituit;
3722 3614 3766 3662 et

2180 3697 2504 3756 procurante
2533 3689 2663 3754 Deo,
2707 3690 2778 3745 ad
2814 3691 3138 3763 singularem
3176 3694 3575 3753 excellentiam
3614 3698 3762 3759 locis,

2181 3780 2271 3849 qui
2301 3788 2411 3834 tam
2458 3782 2697 3852 magnis,
2747 3789 2857 3845 tam
2895 3784 3097 3850 certis,
3125 3794 3234 3839 tam
3264 3786 3515 3857 denique
3548 3790 3765 3857 antiquis

2183 3870 2582 3935 illustrabatur,
2624 3873 2871 3941 quamvis
2896 3874 3133 3941 occulte,
3169 3878 3459 3944 patronis,
3492 3890 3761 3949 provectu

2181 3967 2287 4016 est.

2180 4072 2309 4131 CAP.
2341 4073 2431 4137 IV.
2464 4074 2650 4150 --.De
2687 4090 2867 4140 cervo,
2913 4076 3011 4150 qui
3045 4078 3348 4150 insequente
3390 4079 3696 4150 Dagobeno
3716 4082 3765 4133 in

2478 4144 2640 4199 a’dcm
2663 4144 2953 4215 martyrum
2983 4146 3104 4214 fecit
3132 4144 3470 4218 confugium.

2251 4254 2358 4311 Sed
2380 4262 2439 4309 ut
2463 4256 2530 4311 ad
2554 4253 2903 4326 'propositum
2943 4260 3159 4315 redeam
3176 4299 3194 4324 ,
3231 4275 3437 4317 cervus
3461 4263 3560 4317 diu
3582 4264 3687 4317 hnc
3710 4263 3763 4315 i-

2180 4349 2374 4418 lucque
2398 4363 2495 4419 per
2518 4349 2694 4405 vicum
2719 4352 3008 4417 oberrans,
3039 4354 3211 4409 aedem
3236 4355 3534 4411 beatorum
3574 4366 3762 4428 nni-tr

508 4434 822 4491 exerceret,
851 4437 1011 4496 agere
1051 4436 1267 4514 cervtun
1305 4421 1541 4514 quadam
1572 4419 1657 4481 die
1691 4415 1951 4514 ίοδῑίξυίίο-
1978 4410 2078 4481 Qui
2109 4449 2159 4510 ι)
2183 4410 2303 4496 rum
2329 4410 2658 4511 ingreditur,
2699 4459 2865 4513 seque
2898 4444 2971 4503 ibi
2996 4410 3309 4514 componit.
3379 4410 3767 4503 lnataiuiirtca~

508 4514 668 4571 facile
707 4523 988 4585 repertus,
1032 4510 1424 4576 oblatrantibus
1453 4519 1618 4578 atque
1652 4504 1900 4565 certatim
1939 4504 2079 4563 iuse-

508 4606 799 4675 quentibus
827 4618 1022 4661 canum
1045 4600 1368 4672 agminibus,
1392 4613 1458 4654 ea
1475 4597 1793 4668 pernicitate
1820 4609 1926 4663 qua
1951 4591 2081 4651 illud

509 4696 707 4758 animal
730 4695 920 4760 fertur,
959 4693 1121 4748 silvas
1145 4700 1490 4761 montesque,
1534 4696 1587 4742 et
1626 4687 1670 4742 si
1705 4701 1810 4755 qua
1831 4696 2082 4739 occurre-

510 4804 569 4850 re
595 4786 835 4851 ﬂumina,
864 4794 1257 4846 transcurrens,
1285 4796 1479 4837 cauum
1504 4777 1820 4841 industriam
1849 4772 2081 4843 ellugere

510 4880 825 4934 conabatur.
862 4876 1098 4931 Tandem
1124 4889 1253 4946 ergo
1277 4873 1451 4930 victus
1478 4872 1546 4936 ad
1571 4871 1746 4931 vicum
1785 4868 1877 4938 qui
1902 4865 2080 4921 Catul-

510 4968 678 5028 liacus
711 4967 931 5033 dicitur,
960 4980 1019 5022 se
1047 4965 1289 5022 contulit.
1343 4964 1442 5018 llic
1466 4962 1534 5017 ab
1563 4963 1696 5015 urbe
1721 4974 1840 5039 quae
1870 4956 2082 5012 Lutetia

510 5057 622 5111 sive
653 5056 894 5122 Parisios
930 5065 1173 5121 vocatur,
1199 5057 1433 5125 quinque
1452 5053 1623 5110 ferme
1648 5051 1886 5111 millibus
1908 5049 2078 5103 abest.

512 5145 788 5216 Siquidem
844 5148 899 5205 in
955 5163 1018 5206 ea
1080 5150 1216 5207 urbe
1274 5162 1429 5219 rcges
1482 5146 1810 5200 Francorum
1846 5141 2084 5197 maxime

509 5246 723 5310 sceptra
748 5246 979 5296 tractare
1008 5248 1418 5303 consueverant.

509 5350 639 5406 CAP.
664 5350 843 5422 Ill._-—
866 5351 945 5415 De
965 5353 1111 5415 beato
1130 5353 1380 5422 Dionysio
1412 5361 1666 5421 martyre,
1696 5359 1744 5403 et
1767 5349 1921 5422 sociis
1946 5347 2080 5417 ejus,

580 5432 628 5479 et
662 5420 877 5475 ecclesia
918 5439 1075 5491 quam
1119 5420 1284 5477 beata
1314 5420 1575 5491 Genorefa
1614 5436 1766 5491 super
1796 5420 1934 5489 ipsos
1960 5433 2086 5472 con-

581 5500 869 5548 struxerat.

582 5605 639 5661 lu
666 5619 732 5661 eo
762 5617 891 5659 sane
918 5602 1034 5658 vico
1069 5606 1397 5672 temporibus
1427 5606 1745 5670 Domitiani,
1775 5605 1867 5675 qui
1893 5620 2083 5661 secun-

516 5700 616 5764 dus
663 5698 731 5755 ab
770 5694 979 5755 Nerone
1006 5695 1060 5753 in
1084 5693 1421 5754 Christianos
1454 5714 1604 5753 arma
1632 5698 1922 5765 corripuit,
1967 5698 2079 5769 pri-

2180 4545 2294 4595 nes,
2323 4541 2378 4587 et
2402 4532 2528 4589 licet
2548 4536 2692 4595 idem
2731 4535 2812 4590 cis
2856 4535 3000 4603 quod
3042 4542 3100 4591 et
3121 4549 3283 4591 cervo
3302 4544 3528 4606 pateret
3549 4539 3768 4599 ostium,

2180 4631 2235 4678 et
2254 4623 2343 4693 qui
2374 4638 2470 4679 eos
2491 4626 2733 4696 abigeret
2768 4640 2926 4681 nemo
2960 4625 3252 4680 visibilium
3283 4627 3585 4682 custodum
3626 4628 3769 4681 ades-

2181 4722 2284 4781 set,
2308 4723 2543 4770 attamen
2575 4717 2746 4772 sancti
2786 4723 3054 4787 martyres
3088 4731 3245 4770 suum
3286 4716 3636 4771 domicilium
3670 4730 3769 4771 nm

2179 4806 2525 4875 patiebantur
2557 4806 2954 4869 immnndorum
2987 4806 3176 4861 violari
3221 4806 3496 4875 ingressu.
3550 4807 3769 4862 Vibia

2181 4894 2307 4951 hinc
2335 4912 2555 4951 cervum
2588 4903 2760 4951 tutum
2787 4896 3055 4969 reperisse
3076 4895 3384 4969 perfugium
3402 4935 3417 4959 ,
3449 4896 3583 4951 inde
3614 4910 3767 4951 canes

2181 4983 2298 5053 ejus
2324 4985 2667 5054 prmsentiam
2714 4984 2999 5043 latratibus
3046 4985 3302 5047 indicare,
3353 4999 3531 5053 seque
3574 4986 3651 5038 ab
3690 4985 3767 5037 in-

2183 5077 2348 5130 troitu
2381 5075 2511 5131 tedis
2532 5076 2710 5131 divina
2752 5076 2949 5134 virtute
2987 5076 3180 5132 arceri.
3240 5074 3587 5146 Dagobertus
3610 5077 3769 5129 citam

2182 5183 2344 5223 cursu
2371 5169 2638 5239 pervenit,
2684 5184 2799 5226 rem
2845 5168 3150 5239 spectaculo
3175 5168 3391 5238 dignam
3412 5167 3723 5221 admiratur
3752 5183 3766 5214 :

2182 5259 2768 5330 stupet,‘amplectitur.
2808 5257 3091 5313 Finitimos
3115 5265 3227 5311 tum
3260 5270 3449 5310 rumor
3484 5255 3589 5309 iste
3612 5253 3772 5323 vulgo

2183 5348 2472 5413 sollicitat,
2521 5358 2576 5404 et
2615 5365 2737 5405 cum
2774 5350 3007 5411 maxime
3034 5346 3419 5420 Dagobertum,
3461 5354 3582 5399 tum
3609 5346 3771 5399 etiam

2183 5435 2278 5495 eos
2304 5440 2370 5495 ad
2412 5455 2650 5495 amorem
2681 5449 2736 5496 et
2758 5441 3155 5497 venerationem
3181 5447 3498 5492 sanctorum
3530 5436 3771 5504 inmissi.

2183 5531 2252 5591 Et
2291 5541 2351 5587 ut
2379 5546 2502 5586 vere
2542 5516 2730 5596 fatear,
2778 5539 2839 5585 ut
2883 5545 2948 5585 ex
2985 5528 3148 5600 gestis
3172 5526 3525 5597 postmodum
3556 5522 3769 5585 claruit,

2184 5616 2360 5678 nullus
2404 5624 2707 5693 Dagoberto
2750 5621 2902 5678 locus
2950 5628 3043 5675 aut
3086 5616 3312 5681 dulcior,
3350 5622 3445 5669 aut
3478 5611 3767 5681 jucundior

2183 5715 2305 5773 fuit.
