3950 6308
171 386 310 444 1597

374 496 504 553 Car.
537 499 599 552 ν.
631 497 783 552 -De
810 508 973 554 morte
996 499 1177 553 matris
1217 499 1516 569 Dagbberti.

235 588 402 659 Igitur
427 604 567 645 anno
598 589 668 645 56
706 590 855 660 regni
891 589 1130 654 Clotarii,
1177 590 1517 646 Bertedrudis
1551 588 1733 658 regina

163 688 341 735 mater
379 679 664 751 Dagoberti
709 682 957 747 moritur,
1004 696 1164 751 quam
1193 682 1351 737 unim
1388 694 1574 735 amore
1607 678 1731 734 Clo-

164 769 338 827 tarius
370 771 654 837 dilexerat,
677 781 733 827 et
757 787 944 827 omnes
965 773 1126 828 duces
1144 772 1437 841 bonitatem
1463 768 1580 839 ejus
1605 785 1730 839 pro-

160 861 357 917 bantes
391 861 736 917 vehementer
775 869 1108 917 amaverant.
1171 862 1299 916 Post
1330 858 1484 929 cujus
1527 857 1734 915 obitum

160 951 436 1008 Clotarius
475 967 573 1009 rex
609 952 772 1007 aliam
805 952 1012 1022 accepit
1054 967 1277 1008 uxorem
1303 952 1517 1007 nomine
1541 948 1733 1006 Siehil-

161 1043 310 1109 dem,
332 1042 400 1098 de
416 1058 522 1113 qna
542 1042 733 1098 habuit
753 1042 922 1098 ﬁlium
940 1043 1159 1099 nomine
1189 1041 1555 1097 Hairbertum.

158 1133 294 1191 ου.
319 1134 406 1191 VI.
423 1165 497 1177 —
513 1134 593 1191 De
617 1132 948 1204 Sadregiselo
961 1134 1109 1197 duce,
1136 1132 1394 1204 quomodo
1417 1147 1535 1186 eum
1560 1130 1735 1200 Daga-

639 1203 812 1258 bertus
853 1203 1279 1258 dehonestaoerit.

232 1294 421 1364 Itaque
452 1293 787 1365 Dagobertus
831 1294 913 1350 sic
955 1293 1224 1366 probitate
1265 1299 1327 1347 ut
1350 1299 1508 1347 aetate
1540 1290 1595 1345 in
1624 1289 1737 1345 dies

158 1385 477 1450 crescebat,
521 1398 776 1454 spemque
814 1382 983 1438 futuri
1022 1383 1163 1451 regis
1204 1381 1463 1450 optimam
1512 1378 1737 1434 subinde

156 1472 376 1529 indiciis
399 1488 620 1543 operum
652 1473 949 1543 ingerebat.
991 1472 1056 1526 Et
1077 1480 1230 1541 pater
1256 1469 1526 1526 Clotarius
1552 1484 1738 1539 quem-

160 1564 308 1628 dam,
340 1572 400 1618 ut
423 1566 675 1636 putabat,
725 1570 977 1632 spectata:
998 1561 1121 1616 fidei
1151 1559 1535 1631 Sadregisilum
1579 1559 1738 1613 rebus

157 1655 264 1708 sub
287 1669 345 1710 se
369 1654 664 1710 tractandis
691 1652 1024 1725 praefecerat,
1069 1651 1372 1721 Aquitaniae
1394 1649 1590 1705 ducatu
1620 1664 1739 1720 spe-

157 1746 374 1801 cialiter
403 1745 454 1800 ei
477 1744 784 1800 commisso.
840 1743 940 1800 IIic
965 1750 1117 1798 tanto
1147 1740 1423 1811 dignitatis
1465 1739 1604 1795 fastu
1631 1738 1738 1794 ela-

1318 384 1543 443 CES’I’A
1579 384 1790 441 DOMNI
1830 384 2143 443 DAGOBER
2153 389 2232 443 TI.

3269 384 3405 443 I398

1758 498 1811 555 Α
1836 511 1936 551 nec
1980 496 2062 551 fas
2090 510 2188 552 nec
2215 495 2466 566 possibile
2490 503 2635 557 erat,
2686 494 2740 549 in
2763 507 2831 549 eo
2855 507 2914 549 se
2947 492 3022 547 illi
3053 492 3223 547 obniti
3248 506 3403 562 posse

1828 586 1975 656 juste
1994 588 2237 654 credidit,
2255 589 2302 643 si
2329 588 2383 641 in
2408 588 2578 642 aedem
2596 586 2874 655 przet'atam
2902 584 3178 638 beatorum
3208 591 3402 654 marty-

1834 695 1954 735 rum
1998 682 2135 737 iram
2176 679 2348 750 patris
2392 679 2657 735 inclinans
2689 678 3028 733 concederet.
3068 677 3192 732 Iniit
3228 678 3406 747 ’taque

1833 771 2155 826 tutissimam
2181 769 2392 840 fugam,
2418 777 2471 824 et
2495 784 2602 840 quo
2634 784 2693 824 se
2728 768 3047 837 insequente
3076 782 3296 822 cervum
3321 767 3404 821 vi-

1834 861 2002 925 derat,
2026 862 2141 932 ipse
2160 876 2372 931 quoque
2394 870 2548 931 patre
2571 868 2926 930 persequente
2949 875 3009 914 se
3029 858 3257 915 confert.
3282 857 3405 913 Per.

1833 964 2050 1006 suasum
2071 951 2173 1005 sibi
2199 951 2301 1005 hoc
2322 948 2463 1005 facto
2494 949 2900 1015 demonstrans,
2943 956 3004 1003 ut
3038 948 3130 1018 qui
3157 962 3319 1002 canes
3339 947 3406 1002 ab

1834 1040 2079 1109 ingressu
2127 1054 2238 1095 sua:
2280 1039 2410 1095 tedis
2459 1048 2815 1106 removerant,
2866 1054 2926 1095 se
2966 1052 3181 1109 quoque
3211 1053 3242 1091 a
3266 1038 3408 1107 regis

1835 1130 2189 1186 insectatione
2219 1141 2500 1201 protegere
2545 1139 2781 1202 possent.
2845 1130 2954 1185 Nec
2988 1144 3140 1201 spem
3183 1138 3429 1184 eventus

1833 1222 2012 1277 elusit.
2116 1226 2134 1237 ⁶

1833 1310 1963 1366 (λιιι.
1992 1312 2122 1367 VIII.
2160 1314 2540 1386 —AQuomodo
2584 1315 2848 1369 Clotarius
2892 1315 3111 1379 missos,
3157 1316 3247 1386 qui
3289 1332 3408 1369 eum

2231 1384 2353 1438 inde
2377 1386 2750 1448 abstraherent,
2776 1386 2996 1439 miserit.

1906 1469 2112 1539 Quippe
2135 1470 2405 1527 Clotarius
2423 1511 2440 1537 ,
2489 1482 2549 1527 ut
2587 1488 2712 1529 cum
2740 1483 3049 1529 sanctorum
3073 1473 3292 1530 tutelam
3316 1490 3410 1530 ex-

1836 1558 2037 1628 petisse
2080 1560 2320 1627 audivit,
2372 1562 2548 1617 adhuc
2589 1562 2644 1616 iu
2683 1562 2943 1631 majorem
2980 1563 3187 1620 tollitur
3235 1565 3407 1628 iram,

1836 1648 2107 1718 mittitque
2167 1650 2423 1706 satellites
2470 1652 2562 1721 qui
2618 1652 2744 1708 inde
2789 1667 2914 1708 eum
2963 1654 3254 1709 abductum
3304 1655 3408 1710 sibi

1836 1738 2088 1795 ocissime
2112 1749 2523 1809 przesentarent.
2588 1742 2926 1799 Maturabant
2958 1744 3031 1799 illi
3063 1746 3206 1815 quod
3238 1745 3412 1801 fuerat

158 1845 271 1899 tus,
296 1835 437 1907 regis
455 1835 623 1890 lilium
660 1834 1020 1905 Dagobertum
1045 1824 1243 1903 partim
1268 1826 1474 1886 collata:
1498 1838 1736 1899 potesta-
1766 1836 1813 1899 Β
1830 1825 2042 1896 jussum
2076 1830 2317 1900 implere.
2355 1831 2597 1903 Cumque
2625 1834 2691 1888 ad
2717 1842 2960 1889 sanctum
2984 1834 3159 1889 locum
3193 1836 3413 1892 tenden-

159 1927 234 1982 tis
258 1926 544 1996 superbia,
584 1924 782 1994 partim
815 1938 911 1994 spe
943 1923 1091 1994 regni
1127 1922 1403 1986 laborans,
1444 1936 1550 1975 non
1579 1935 1734 1989 aequo

155 2016 344 2073 animo
368 2012 677 2085 prosperius
710 2026 871 2082 agere
903 2011 1128 2067 ferebat.
1170 2009 1279 2067 Nec
1303 2009 1428 2079 quid
1458 2008 1736 2063 moliretur

156 2106 414 2164 simulato
444 2104 635 2160 saltem
663 2119 846 2163 amore
872 2104 1125 2172 obtegere
1155 2104 1246 2158 diu
1274 2101 1459 2157 valuit.
1485 2099 1590 2156 Sed
1610 2102 1735 2170 quia

157 2207 312 2257 metu
344 2199 511 2269 patris
537 2196 854 2252 manifestus
880 2212 985 2251 non
1016 2203 1264 2266 poterat,
1301 2192 1569 2248 occultum
1603 2205 1660 2246 se
1685 2188 1735 2244 ei

154 2286 440 2342 inimicum
470 2287 662 2341 crebro
687 2292 994 2355 contemptu
1017 2284 1249 2354 aperuit.
1290 2280 1583 2336 Excusatio
1606 2295 1736 2334 sane

144 2376 406 2446 juvenilis
438 2384 558 2431 erat
597 2377 802 2439 aetatis,
835 2391 903 2431 ne
949 2376 1097 2431 rudis
1126 2376 1299 2440 adhuc
1320 2374 1532 2428 animus
1562 2370 1736 2427 tumo;

153 2484 276 2523 rem
295 2481 362 2522 ex
385 2464 717 2535 subiectione
744 2466 1045 2536 principum
1070 2466 1445 2529 contraheret,
1473 2480 1541 2519 ne
1565 2462 1738 2517 domi-

153 2558 376 2614 natione
396 2556 682 2612 immature
706 2559 897 2627 adepta
936 2556 1149 2628 fastigia
1191 2557 1462 2627 impubem
1488 2556 1556 2610 ab
1580 2570 1759 2631 exer—g

150 2649 431 2707 citationls
448 2650 627 2705 studio
649 2658 982 2707 revocarent.
1007 2648 1095 2703 Fit
1115 2649 1277 2718 igitur
1296 2647 1363 2703 ad
1376 2649 1737 2715 Dagobertum

151 2748 273 2796 tam
300 2739 559 2795 invidiosa
583 2739 790 2795 relatio.
847 2740 915 2794 Et
939 2740 1183 2809 quamvis
1209 2754 1303 2794 sua
1329 2739 1443 2809 ipse
1468 2737 1736 2792 industria

153 2828 211 2885 id
256 2828 372 2899 jam
397 2827 876 2900 deprehendisset,
932 2816 1160 2884 aliorum
1204 2826 1474 2883 sententia
1524 2827 1580 2880 in
1622 2840 1736 2881 rem

152 2917 369 2990 plenius
393 2916 681 2974 inducitur.
722 2917 941 2981 Verum,
968 2916 1092 2986 quia
1111 2931 1235 2971 eum
1250 2916 1303 2970 in
1328 2915 1572 2972 ordinem
1598 2913 1740 2968 redi-

152 3022 289 3079 gere
308 3023 413 3065 non
432 3006 717 3075 sufﬁceret,
743 3007 896 3062 duxit
918 3007 1079 3063 latius
1105 3005 1558 3078 opportunitatem
1578 3019 1741 3075 oppe-

152 3100 398 3170 riri,qua
408 3109 463 3156 et
473 3114 688 3155 causam
700 3098 969 3155 efﬁcacius
994 3098 1318 3171 exploraret,
1340 3105 1393 3154 et
1414 3097 1466 3153 in
1487 3097 1740 3153 aemulum

151 3192 305 3263 quod
327 3190 612 3247 meruisset
635 3197 887 3247 tentaret.
928 3188 1194 3246 Clotarius
1217 3190 1379 3261 igitur
1400 3189 1630 3258 quadam
1650 3186 1737 3243 die
1760 3174 1812 3240 (Ξ

150 3287 413 3337 venatum
438 3280 519 3346 iit,
546 3279 860 3351 longiusque
896 3278 1036 3336 forte
1072 3280 1314 3336 recessit.
1375 3277 1609 3349 Contigit
1637 3293 1734 3332 au-

152 3380 272 3427 tem
309 3377 364 3426 et
406 3369 769 3442 Dagobertum
789 3410 805 3434 ,
854 3377 909 3424 et
950 3378 1308 3426 memoratum
1352 3368 1542 3424 ducem
1593 3367 1737 3424 domi

153 3458 445 3516 resedisse.
478 3458 614 3515 Tum
643 3459 977 3530 Dagobertus
991 3458 1352 3531 exoptabilem
1375 3458 1611 3515 oblatam
1634 3458 1738 3514 sibi

157 3559 356 3609 nactus
388 3550 729 3607 occasionem
748 3590 766 3615 ,
807 3549 998 3605 ducem
1020 3550 1090 3605 ad
1126 3566 1186 3606 se
1212 3557 1432 3615 evocat,
1478 3548 1739 3619 jubetque

155 3657 345 3699 secum
390 3640 674 3712 prandere.
730 3640 822 3696 Ille
868 3641 1000 3697 nihil
1025 3642 1203 3698 minus
1234 3656 1396 3712 quam
1430 3639 1570 3711 quod
1596 3641 1738 3696 futu-

155 3747 282 3787 rum
316 3741 434 3786 erat
452 3731 715 3802 cogitans,
746 3730 1024 3787 remissius
1051 3732 1252 3789 habere
1269 3773 1285 3799 ,
1309 3739 1365 3787 et
1386 3731 1589 3799 futuro,
1630 3732 1739 3788 imo

151 3822 271 3895 jam
291 3821 526 3888 domino,
552 3823 792 3885 debitum
819 3822 1074 3879 honorem
1100 3839 1205 3880 non
1232 3824 1518 3891 exhibere;
1554 3832 1740 3894 terque

156 3916 228 3971 ab
250 3928 319 3970 eo
355 3920 602 3985 porrecta
650 3912 753 3968 sibi
800 3912 1014 3984 pocula,
1065 3913 1257 3984 dignus
1287 3914 1342 3968 in
1362 3929 1522 3985 quem
1543 3913 1740 3984 prioris

157 4002 516 4060 contumacia:
538 4001 772 4058 vindicta
799 4003 1079 4069 recideret,
1110 4018 1217 4057 non
1257 4003 1398 4059 sicut
1438 4018 1469 4058 a
1500 4003 1738 4068 domino,

156 4093 258 4151 sed
285 4091 430 4148 velut
474 4107 506 4147 a
550 4092 699 4147 socio
726 4091 959 4148 infauste
981 4092 1160 4147 oblata
1192 4092 1489 4163 praesumit.
1538 4091 1741 4147 Deinde

158 4183 513 4254 Dagobertus,
546 4189 604 4237 ut
628 4182 769 4254 patri
791 4181 1040 4248 infidelis,
1068 4190 1128 4237 ut
1154 4182 1253 4237 sibi
1278 4182 1503 4237 aemulus
1521 4222 1536 4248 ,
1575 4191 1741 4252 utque

157 4274 331 4353 sociis
351 4274 556 4329 invisus
578 4272 740 4339 foret,
767 4288 923 4329 orsus
950 4280 1033 4328 est
1080 4286 1382 4343 exponere;
1430 4287 1539 4327 non
1581 4287 1739 4342 opor-

158 4374 282 4421 tere
310 4363 533 4420 serviles
560 4363 778 4437 quidem
820 4362 1095 4418 molestias
1134 4362 1226 4418 diu
1264 4359 1488 4428 differri,
1515 4370 1659 4417 etne
1684 4361 1739 4416 in

160 4457 487 4512 immensum
516 4464 781 4510 tumorem
806 4454 941 4509 tanti
978 4452 1149 4509 fastus
1188 4453 1575 4523 procederent,
1613 4469 1738 4511 snas

159 4543 391 4614 injurias
423 4560 531 4599 non
561 4543 766 4600 ulcisci.
805 4541 1057 4613 Flagellis
1085 4557 1215 4613 ergo
1240 4556 1363 4596 eum
1389 4540 1528 4596 allici
1571 4541 1741 4612 impe-

161 4644 271 4693 rat.
309 4634 437 4691 Post
464 4650 592 4690 vero
617 4634 801 4691 barbae
824 4635 1034 4690 rasione
1055 4634 1140 4703 (ea
1163 4632 1306 4687 enim
1335 4640 1448 4687 tum
1476 4633 1743 4703 praecipua

159 4737 285 4787 erat
312 4726 529 4801 injuria)
552 4728 818 4799 deturpat.
882 4726 974 4782 Sic
994 4742 1059 4781 ex
1084 4726 1399 4799 improviso,
1427 4726 1520 4795 qui
1546 4739 1743 4779 secun-

160 4823 355 4877 darum
391 4836 573 4877 rerum
621 4836 875 4876 successu
919 4817 1159 4875 futurum
1195 4830 1253 4873 se
1282 4832 1465 4890 regem
1492 4816 1743 4887 auspica-

160 4919 346 4991 batur,
393 4930 557 4988 quam
588 4916 743 4987 longe
785 4916 853 4973 ab
882 4914 971 4971 illa
1009 4914 1269 4987 dignitate
1312 4914 1525 4969 abesset
1566 4912 1746 4967 admo-

162 5010 317 5065 nitus
344 5007 627 5063 intellexit.

164 5102 298 5159 CAP.
338 5098 448 5156 VII.
472 5126 544 5140 -κ
558 5098 831 5165 Quomodo
852 5093 1213 5167 Sadregiselus
1233 5093 1596 5167 dehonestatus
1617 5089 1710 5167 (Ilo
1726 5119 1742 5128 -

238 5173 374 5226 tario
422 5187 478 5224 se
503 5160 708 5233 obtulit,
750 5177 800 5221 et
839 5160 1096 5238 quomodo
1146 5164 1466 5238 Dagohertus
1494 5162 1550 5215 in
1582 5160 1744 5215 (edem

239 5240 545 5312 prwdictant
573 5233 862 5308 martyrum
894 5236 1196 5307 confugium
1225 5233 1365 5303 fecit.

238 5331 553 5391 Revertenti
590 5330 754 5402 igitur
794 5328 1032 5385 Clotario
1064 5326 1150 5383 his
1189 5325 1528 5382 contumeliis
1581 5324 1746 5380 deho-

165 5429 413 5478 nestatns
454 5418 828 5491 Sadregiselus
878 5433 937 5473 se
974 5416 1160 5482 offert,
1206 5423 1264 5471 et
1292 5414 1422 5485 quid
1460 5422 1740 5484 praeterea,

166 5527 290 5583 quae
314 5510 490 5582 palam
512 5518 630 5566 erat
657 5524 866 5581 passus,
881 5507 965 5563 vel
992 5523 1023 5562 a
1047 5520 1156 5577 quo
1184 5505 1378 5570 fuerat,
1405 5503 1747 5575 illacrymans

170 5601 390 5657 iudicat.
431 5602 545 5657 Re‘x
572 5602 753 5671 itaque
776 5602 927 5657 ducis
951 5600 1034 5657 sui
1066 5605 1246 5656 motus
1266 5596 1499 5668 injuriis,
1528 5596 1746 5668 filioque

172 5693 334 5748 multa
387 5692 673 5748 furibunde
718 5691 1105 5755 interminans,
1162 5688 1414 5746 accersiri
1460 5703 1585 5744 eum
1623 5703 1655 5742 a
1686 5702 1745 5744 se

191 5788 334 5842 ubet.
376 5787 491 5857 Quo
515 5785 863 5857 przecognito,
901 5784 1267 5856 Dagobertus,
1313 5781 1440 5853 quia
1491 5780 1746 5840 resistere

1839 1926 1921 1973 tes
1959 1933 2064 1973 non
2092 1920 2212 1990 plus
2248 1936 2355 1976 uno
2402 1922 2652 1979 milliario
2680 1925 2959 1985 abessent,
3012 1924 3152 1979 ultra
3174 1926 3416 1994 aspirare

1836 2006 1980 2063 viam
2025 2009 2304 2065 tendentes
2348 2010 2530 2067 divino
2570 2020 2703 2065 nutu
2738 2013 3108 2081 prohibentur.
3171 2014 3416 2069 Redeunt

1836 2095 1906 2150 ad
1927 2096 2221 2163 dominum,
2252 2105 2308 2153 et
2325 2098 2452 2168 quid
2477 2100 2621 2169 passi
2642 2099 2856 2155 fuerant
2883 2100 3140 2171 pandtntt.
3174 2102 3414 2168 Quorum

1836 2186 1960 2243 fidei
1988 2187 2271 2258 derogans,
2314 2190 2512 2260 quippe
2537 2190 2629 2259 qui
2656 2205 2758 2245 suo
2792 2191 3015 2260 imperio
3038 2205 3275 2246 amorem
3318 2191 3413 2247 filii

1837 2283 2199 2355 prmtulissent
2221 2323 2237 2348 ,
2283 2284 2478 2354 delegit
2520 2284 2653 2338 alios
2679 2284 2772 2355 qui
2797 2286 2941 2353 quod
2983 2284 3038 2338 hi
3068 2284 3416 2353 neglexerant

1837 2375 2108 2445 sagaciter
2133 2368 2435 2444 implerent.
2504 2374 2736 2429 Rursum
2773 2374 2846 2428 illi
2884 2373 3076 2429 similia
3115 2373 3413 2445 patiuntur,

1838 2473 1892 2519 et
1921 2465 2149 2534 regressi
2176 2465 2418 2519 eamdem
2443 2479 2555 2519 rem
2580 2465 2772 2520 iterato
2801 2465 3146 2534 ingeminant.
3187 2464 3294 2518 Sed
3316 2478 3415 2519 nec

1838 2554 1917 2608 sic
1945 2553 2259 2609 animositas
2285 2554 2428 2626 regis
2459 2552 2742 2618 deferbuit,
2775 2563 2828 2608 et
2854 2554 2997 2624 quod
3017 2568 3116 2624 per
3138 2554 3416 2609 ministros

1836 2644 2175 2713 nequiverat,
2212 2659 2310 2715 per
2337 2660 2395 2699 se
2423 2643 2644 2714 implere
2665 2644 2964 2699 contendit.

1837 2731 1965 2787 CAP.
1992 2732 2083 2786 IX.
2109 2762 2180 2772 —
2209 2732 2488 2798 Quomodo
2529 2733 2820 2817 Dagoherto
2847 2736 2903 2789 in
2940 2737 3132 2790 somnis
3163 2746 3416 2806 martyres

2429 2814 2803 2873 apparuerunt.

1908 2890 2118 2945 Interea
2142 2890 2271 2946 dum
2295 2890 2411 2947 hzec
2446 2897 2707 2962 aguntur,
2755 2890 3119 2963 Dagobertum
3159 2893 3416 2962 martyri-

1838 2981 1942 3036 bus
1960 2980 2149 3036 humili
2185 2981 2347 3037 corde
2382 2988 2711 3050 prostratum
2750 2997 2971 3038 somnus
3006 2989 3229 3052 repente
3246 2981 3419 3045 corri-

1838 3068 1936 3137 pit.
1973 3068 2144 3138 Eique
2170 3084 2341 3140 prono
2373 3070 2449 3124 ita
2480 3068 2781 3139 conjacenti
2816 3078 2997 3126 astant
3040 3080 3151 3126 tres
3192 3070 3321 3134 viri,
3362 3080 3419 3124 et

1839 3174 2127 3230 corporum
2166 3159 2540 3225 lineamentis,
2580 3168 2637 3214 et
2669 3160 2899 3216 vestium
2925 3160 3101 3215 nitore
3118 3159 3415 3231 conspicui.

1839 3251 2084 3321 Cumque
2105 3252 2160 3306 in
2189 3266 2284 3308 eos
2304 3251 2632 3323 stupefactus
2656 3252 2993 3317 intenderet,
3038 3267 3176 3307 unus
3203 3265 3415 3317 eorum,

1839 3342 1931 3412 qui
1959 3342 2135 3398 socios
2156 3349 2417 3412 praestare
2447 3343 2750 3398 veneranda
2773 3343 2979 3401 canicie
3004 3351 3061 3398 et
3093 3341 3419 3397 auctoritate

1840 3435 2143 3499 videbatur,
2167 3433 2248 3489 sic
2268 3449 2393 3490 eum
2422 3432 2618 3490 affatus
2645 3443 2767 3490 est:
2798 3433 2975 3499 Scias,
3004 3449 3038 3489 ο
3059 3432 3292 3503 juvenis,
3317 3447 3418 3488 nos

1837 3542 1998 3590 esse,
2071 3540 2210 3596 quos
2252 3541 2351 3595 pro
2400 3523 2617 3581 Christo
2657 3539 2844 3595 passos
2884 3522 3029 3579 fama
3071 3529 3417 3579 asseverante

1839 3616 2057 3682 audisti,
2105 3616 2419 3688 Dionysium
2446 3655 2463 3681 ,
2506 3615 2788 3673 Rusticum
2831 3623 2887 3669 et
2932 3613 3333 3678 Eleutherium,
3361 3621 3419 3667 et

1839 3717 2024 3765 nostra
2051 3708 2142 3763 hic
2182 3722 2411 3777 corpora
2458 3707 2586 3777 tegi.
2646 3705 2753 3761 Sed
2775 3705 2902 3776 quia
2940 3704 3139 3761 famam
3174 3711 3418 3758 nostram

1838 3798 2127 3871 sepultum
2159 3812 2321 3867 quam
2343 3796 2493 3852 vides
2531 3805 2585 3850 et
2614 3795 2806 3852 domus
2830 3792 2989 3863 hujus
3019 3793 3198 3848 vilitas
3231 3792 3421 3848 obscu~

1841 3890 1983 3946 ravit
2007 3907 2021 3943 :
2047 3889 2093 3944 si
2117 3887 2434 3944 memoriam
2459 3887 2630 3943 nostri
2662 3896 2716 3943 te
2743 3896 2996 3942 ornatum
3023 3885 3427 3957 h'epromittis,

1842 3981 1944 4036 hac
1967 3988 2022 4036 te
2044 3994 2332 4050 possumus
2371 3993 2537 4048 quam
2569 3978 2770 4050 pateris
2807 3978 3038 4033 liberare
3066 3976 3335 4049 angustia,
3363 3984 3421 4031 et

1840 4071 1898 4127 in
1926 4072 2135 4126 cunctis
2158 4069 2451 4125 auxiliante
2472 4070 2581 4125 Deo
2606 4077 2865 4139 prmstare
2893 4066 3228 4136 suffragium.
3261 4066 3328 4122 Et
3351 4080 3423 4122 ne

1841 4169 2000 4231 putes
2035 4159 2230 4216 somnii
2276 4165 2331 4213 te
2371 4157 2587 4213 illusum
2633 4156 2937 4225 phantasia,
2983 4154 3168 4224 accipe
3203 4155 3416 4224 signum

1840 4251 2067 4306 veritate
2097 4250 2406 4305 subnixum.
2469 4247 2664 4318 Egesta
2695 4247 2879 4311 humo,
2926 4260 3032 4316 qua
3075 4254 3421 4300 monumenta

1841 4349 2028 4396 nostra
2078 4347 2351 4411 teguntur,
2404 4353 2565 4410 quem
2594 4337 2740 4407 quod
2778 4336 3084 4408 sepulcrum
3124 4336 3418 4401 contineat,

1842 4428 2035 4483 litterae
2060 4427 2115 4481 in
2154 4425 2382 4498 singulis
2405 4439 2676 4496 expressa:
2703 4423 2991 4479 docebunt.
3054 4421 3199 4477 Illico
3231 4436 3423 4492 exper-

1768 4510 1821 4572 D
1842 4517 2083 4590 gefactus
2103 4516 2323 4571 nomina
2347 4530 2468 4586 qua:
2496 4514 2742 4571 audierat
2772 4513 3047 4578 describit,
3097 4520 3154 4567 et
3183 4524 3251 4565 ex
3273 4526 3419 4566 mar-

1843 4618 2024 4681 tyrum
2056 4606 2291 4678 alloquio
2311 4605 2516 4677 ingenti
2548 4604 2909 4661 exsultatione
2940 4601 3262 4672 tripudians,
3292 4607 3421 4655 voto

1840 4716 1922 4765 se,
1948 4699 2095 4770 quod
2113 4707 2301 4769 postea
2326 4695 2721 4753 studiosissime
2740 4692 2995 4757 reddidit,
3030 4689 3256 4759 obligat.

1842 4792 1971 4849 Cu.
1994 4789 2066 4846 Χ.
2093 4821 2167 4833 -
2192 4787 2464 4855 Quomodo
2485 4785 2749 4841 Clotarius
2772 4800 2865 4855 per
2882 4782 3213 4855 semetipsum
3236 4778 3423 4835 «inde

2059 4851 2357 4916 abstrahere
2386 4857 2625 4920 voluerit,
2651 4864 2699 4909 et
2726 4851 2937 4908 minime
2957 4851 3202 4922 potuerit.

1911 4955 2043 5012 Post
2068 4954 2185 5013 haec
2210 4948 2478 5007 Clotarius
2500 4947 2687 5012 lilium,
2716 4955 2776 4999 ut
2793 4943 3024 5015 prattnli,
3056 4957 3087 4996 a
3110 4949 3436 4998 sanctorum.

1844 5043 2104 5100 memoria
2131 5055 2230 5113 per
2256 5054 2317 5096 se
2341 5036 2572 5093 avehere
2594 5035 2817 5106 cupiens
2833 5074 2850 5099 ,
2895 5032 3280 5088 comitantibus
3306 5030 3423 5102 plu-

1846 5134 1998 5189 rimis
2019 5128 2498 5202 appropinquabat.
2567 5125 2673 5181 Sed
2699 5124 2826 5195 quia
2851 5139 2958 5179 non
2986 5122 3164 5177 minus
3188 5121 3244 5176 in
3270 5136 3425 5194 reges

1844 5240 2007 5295 quam
2032 5224 2088 5278 in
2112 5222 2248 5278 alios
2271 5218 2517 5276 homines
2551 5216 2729 5273 divina
2754 5213 2899 5285 quod
2930 5213 3042 5269 vult
3068 5220 3284 5269 exercet
3322 5228 3424 5283 po-

1846 5317 2030 5380 tentia,
2056 5315 2147 5385 qui
2190 5315 2395 5369 inertes
2420 5311 2556 5366 alios
2583 5317 2858 5380 arguerat,
2915 5308 2977 5363 fit
3001 5308 3116 5379 ipse
3140 5308 3324 5374 iners;
3367 5314 3425 5361 ut

1845 5406 2130 5465 manifeste
2176 5404 2528 5475 intelligeret,
2575 5400 2823 5474 quamvis
2867 5401 2980 5473 ipse
3027 5411 3173 5459 esset
3209 5410 3422 5472 potens,

1845 5498 2243 5571 potentioribus
2273 5495 2693 5552 concedendum.
2754 5492 2960 5565 Quippe
2986 5502 3253 5564 martyres
3287 5489 3422 5559 fugi-

1847 5594 2015 5649 tivum
2042 5592 2355 5653 tuebantur,
2383 5596 2439 5645 ct
2462 5601 2493 5641 e
2512 5595 2700 5645 contra
2726 5586 2909 5644 hostes
2950 5585 3109 5658 longe
3129 5599 3162 5643 ει
3200 5580 3314 5637 suis
3334 5594 3412 5650 pc-

1844 5685 2142 5746 netralibus
2166 5683 2442 5741 arcebant.
