3950 6308
545 372 681 431 i399

1763 368 2066 427 ANONYNI
2104 367 2370 424 SJECULI
2415 373 2549 429 Vill.

3672 383 3796 441 i100

539 492 669 553 CAP.
708 492 797 548 XI.
834 526 904 535 —
932 494 1207 560 Quomodo
1227 494 1489 565 Clotariua
1520 492 1631 565 ﬁlio
1670 493 1878 565 culpam
1898 492 2102 565 ignove-
2129 490 2181 550 Α
2206 496 2292 544 tro
2315 499 2465 547 stans
2484 493 2699 565 collegit
2734 510 2875 551 eam.
2931 496 3003 551 At
3033 496 3122 553 ille
3143 499 3331 555 [meum
3375 514 3633 558 cernas
3656 517 3795 561 exer-

631 567 721 630 rit,
749 574 796 618 et
818 566 1055 620 eumdem
1080 565 1251 619 locum
1278 563 1636 618 venerabiliter
1659 563 2012 617 honoroverit.

610 656 800 713 Victus
821 670 951 726 ergo
978 654 1267 714 Clotarius.
1297 662 1351 709 et
1382 654 1460 709 rei
1480 653 1847 723 magnitudine
1874 650 2107 720 stupefa-

541 755 680 821 ctus,
708 746 861 817 ponit
880 746 1111 801 furorem
1130 786 1145 810 ,
1177 744 1393 813 ﬁlioque
1421 744 1558 799 redit
1593 743 1647 798 in
1676 750 1885 813 patrem
1910 760 1924 796 :
1959 742 2109 813 igno-

540 836 643 891 scit
682 835 925 906 culpam,
972 836 1038 891 de
1088 835 1379 891 securitate
1424 833 1725 904 pollicetur.
1764 833 1846 889 Ita
1887 833 2106 888 demum

538 925 769 981 abeundi
808 925 964 994 copia
1009 939 1263 980 concessa
1286 964 1302 990 ,
1338 923 1441 980 aedi
1473 923 1765 980 beatorum
1807 930 2106 995 martyrum

536 1017 810 1081 succedit,
870 1031 1070 1086 eosque
1123 1023 1380 1087 patronos
1428 1015 1620 1071 humili
1660 1029 1823 1085 prece
1866 1015 2104 1080 asciscit,

534 1123 765 1178 quorum
815 1115 1068 1177 expertus
1108 1104 1283 1161 fuerat
1329 1103 1672 1162 manifestum
1719 1106 1935 1160 virtutis
1969 1105 2105 1160 indi-

533 1201 696 1256 cium.
756 1198 933 1268 thue
963 1213 1124 1269 quam
1158 1198 1383 1268 probata
1433 1197 1537 1252 sibi
1580 1210 1768 1251 eorum
1793 1196 2001 1251 merita
2021 1210 2104 1252 es-

531 1296 653 1345 sent
672 1288 914 1360 agnovit,
959 1287 1248 1358 plurimum
1284 1288 1402 1343 auri
1424 1294 1480 1343 et
1506 1285 1718 1357 argenti
1742 1286 1809 1341 ad
1836 1300 2104 1341 exornan-

531 1383 627 1439 das
669 1396 855 1436 eorum
892 1380 1187 1435 memorias
1202 1378 1396 1434 obtulit
1415 1417 1433 1444 ,
1463 1386 1519 1432 et
1540 1377 1609 1432 ad
1629 1376 1971 1432 exaltandam
1997 1374 2101 1432 loci

531 1474 985 1545 magnificentiam
1010 1486 1297 1527 numerosa
1321 1481 1377 1527 et
1395 1471 1595 1541 optima
1616 1468 1817 1539 praedia
1841 1466 2008 1522 dedit.

528 1567 658 1625 Car.
683 1567 794 1622 XII.
822 1597 893 1607 —
917 1564 1189 1632 Quomodo
1223 1562 1488 1617 Clutorius
1509 1560 1859 1633 Dagobertum
1888 1574 2101 1613 consor—

1073 1644 1175 1689 tem
1201 1634 1343 1704 regni
1368 1633 1567 1702 fecerit.

598 1733 753 1789 Anno
799 1745 931 1788 vero
976 1731 1053 1787 59η
1091 1728 1242 1800 regni
1292 1728 1375 1783 sui
1420 1725 1693 1783 Ciotarius
1734 1725 2097 1795 Dagobertum

2209 582 2375 636 citum
2397 598 2572 650 suum,
2606 586 2744 641 dixit
2769 587 2839 643 ad
2875 588 3052 658 ipsum
3079 588 3332 659 juvenem
3366 609 3391 645 τ
3418 589 3612 661 Perge
3661 592 3792 649 velo-

2208 675 2347 730 citer
2384 674 2613 733 festinus
2648 679 2895 736 deferens
2945 684 3124 738 crines
3173 684 3368 753 capitis
3420 685 3584 749 mei;
3620 686 3791 741 nuntia

2206 766 2347 835 patri
2373 769 2808 838 meo;'quatenus
2852 774 3072 828 veniens
3112 782 3404 830 succurrat
3438 776 3615 830 nobis
3651 787 3789 832 ante-

2205 872 2371 927 quam
2392 867 2618 915 cunctus
2636 871 2855 917 corruat
2883 865 3170 920 exercitus.
3208 865 3313 932 Qui
3343 866 3550 921 statim
3583 883 3788 923 nam

2204 948 2470 1019 arripiens
2508 950 2757 1006 Rhenum
2805 954 3046 1022 transiit,
3082 964 3243 1025 atque
3276 957 3334 1010 in
3352 956 3690 1012 Antennam
3712 959 3788 1013 til-

2202 1055 2347 1107 vam,
2372 1055 2438 1096 eo
2465 1042 2607 1112 quod
2638 1057 2733 1097 rex
2771 1042 3036 1100 Ciotarius
3060 1060 3126 1101 eo
3152 1054 3406 1117 tempore
3448 1047 3597 1102 inibi
3626 1064 3785 1103 nora-

2203 1140 2375 1197 retur,
2418 1132 2799 1203 Longolarium
2841 1150 3015 1205 usque
3057 1137 3325 1206 pervenit.
3374 1135 3647 1206 Cumque
3668 1155 3787 1194 m-

2203 1222 2388 1278 tiasset
2410 1237 2474 1277 ea
2496 1237 2615 1293 qua:
2636 1225 2986 1294 contigerant,
3014 1233 3072 1280 et
3097 1224 3347 1281 deferens
3376 1227 3504 1298 regi
3529 1230 3785 1283 abscisam

2200 1312 2519 1383 particulam
2541 1312 2606 1368 de
2626 1313 2802 1384 capite
2827 1312 2922 1367 filii
2948 1314 3409 1384 adprzesentasset
3432 1356 3452 1380 ,
3502 1329 3603 1370 rex
3634 1316 3781 1371 nimio

2200 1402 2383 1458 dolore
2424 1411 2723 1459 commotus
2766 1419 2890 1459 cum
2909 1404 3135 1473 strepitu
3173 1405 3447 1459 tubarum
3470 1412 3534 1460 et
3556 1407 3779 1461 uaci-

2198 1493 2530 1549 Franeorum
2575 1493 2718 1550 illico
2773 1495 2841 1550 de
2899 1501 3056 1550 nocte
3105 1510 3457 1565 consurgens
3478 1536 3495 1557 ,
3544 1496 3779 1552 velociter

2202 1584 2447 1640 Rhenum
2470 1585 2890 1655 transiit,-atque
2916 1586 2971 1640 in
2991 1585 3249 1641 auxilium
3286 1585 3389 1639 filii
3412 1586 3507 1640 sui
3520 1586 3779 1641 cekrrinc

2196 1678 2463 1748 pervenit.
2521 1676 2761 1748 Cumque
2795 1677 2956 1733 simul
2992 1676 3265 1747 conjuncti
3314 1677 3375 1731 in
3422 1693 3604 1731 unum
3639 1677 3775 1731 hilari

2199 1768 2363 1823 corde
2386 1768 2632 1823 manibus
2656 1765 3041 1835 jucundissime
3078 1766 3413 1837 plauderent
3434 1808 3454 1831 ,
3499 1782 3656 1837 supra
3680 1766 3773 1820 Wi-

532 1826 695 1881 ““""'
737 1839 895 1880 ευυω
930 1828 1235 1914 cum"?
1269 1818 1429 1914 τεεηί.
1465 1817 1596 1874 facit
1681 1832 1916 1914 ςυωίιειεξ
1936 1831 2098 1914 se?"
2127 1833 2173 1896 ιι
2199 1817 3408 1914 έέιῖἆὶιζὲἓῖὖίἷι“ἷείιῖιξεῌέε”ἧξὲτὲἶᾶιᾶτέἷ.ξ
3436 1817 3454 1831 ’
3482 1817 3767 1910 amri...“

528 1915 836 1973 Austrasios
859 1928 1041 1982 regem
1064 1910 1285 1976 statuit,
1330 1909 1568 1965 retinens
1596 1906 1699 1964 sibi
1722 1907 1864 1977 quod
1888 1906 2097 1961 Arden-

526 2021 596 2062 na
647 2015 703 2061 et
763 2005 1009 2075 Vosagus
1055 2016 1244 2057 versus
1292 1998 1599 2055 Neustriam
1638 2005 1695 2054 et
1731 1996 2097 2068 Burgundiam

524 2088 899 2156 excludebant.

524 2211 652 2269 ϐυ».
679 2210 815 2265 XI“.
841 2240 912 2250 —
937 2206 1209 2274 Quomodo
1250 2204 1576 2275 Dngobertus
1622 2202 1994 2275 Gomatrndcm
2039 2201 2098 2255 in

594 2282 896 2352 eaujugium
919 2279 1203 2352 acceperit,
1236 2286 1302 2352 et_
1321 2274 1463 2346 φιαιέ
1468 2285 1547 2330 ter
1568 2275 1705 2327 inter
1735 2274 1906 2342 ipsum
1929 2282 1977 2325 et
2001 2287 2098 2341 pa-

592 2346 723 2408 trem
743 2346 860 2405 orta
885 2346 1142 2404 contentio
1168 2346 1344 2415 fuerit.

591 2444 759 2515 Igitur
801 2454 942 2498 anno
983 2438 1056 2495 42
1106 2436 1257 2508 regni
1300 2434 1524 2493 Clotarii
1577 2434 1911 2505 Dagobertus
1952 2429 2099 2502 cultu

522 2534 671 2605 regio
699 2548 767 2589 ex
787 2530 943 2601 jussu
966 2528 1137 2599 patris
1156 2529 1382 2583 honeste
1410 2540 1535 2581 cum
1557 2524 1784 2579 ducibus
1824 2520 2098 2592 Clippiaco

522 2624 710 2697 procul
747 2620 958 2696 [prope]
1010 2618 1250 2674 Parisios
1305 2617 1472 2674 venit.
1546 2616 1731 2685 Ibique
1782 2627 2099 2685 germanam

524 2711 779 2773 Sicbildis
810 2712 1010 2783 reginae
1042 2709 1260 2766 nomine
1288 2706 1674 2765 Gomatrudem
1698 2705 1753 2760 in
1789 2702 2097 2773 coniugium

523 2807 748 2877 accepit.
788 2800 1102 2859 Transactis
1149 2799 1330 2868 itaque
1372 2798 1606 2868 nuptiis,
1652 2797 1738 2851 die
1766 2794 1925 2851 tertia
1956 2794 2099 2847 inter

518 2896 817 2955 Clotarium
841 2899 896 2948 et
921 2890 1087 2945 illium
1114 2887 1230 2957 ejus
1260 2888 1625 2959 Dagobertum
1649 2885 1828 2956 gravis
1851 2892 1972 2941 orta
1997 2882 2099 2937 fuit

522 2990 768 3048 intentio.
806 2990 1135 3060 Petebatqne
1161 2988 1493 3059 Dagobertus
1537 2992 1598 3041 ut
1639 2991 1833 3039 cuncta
1873 2996 1992 3052 quae
2030 2978 2099 3034 ad

464 3110 469 3114 ι
521 3097 749 3153 regnum
791 3080 1194 3136 Austrasiorum
1228 3077 1567 3150 pertinebant
1611 3089 1721 3130 sua:
1747 3071 1934 3128 ditioni
1962 3069 2098 3125 reci-

520 3181 694 3248 peret.
753 3173 861 3231 Sed
901 3171 1173 3228 Ciotarius
1191 3171 1537 3227 vehementer
1561 3165 1880 3234 denegabat,
1920 3162 2093 3217 eidem
2121 3164 2169 3227 C

520 3281 587 3322 ex
610 3266 713 3323 hoc
745 3264 883 3321 nihil
902 3264 1088 3321 volens
1112 3252 1423 3320 concedere.
1466 3259 1661 3315 Electis
1700 3256 1868 3328 igitur
1904 3257 1972 3312 ab
2013 3257 2098 3314 his

523 3358 733 3414 duobus
759 3357 976 3429 regibus
1015 3356 1297 3411 duodecim
1329 3352 1573 3416 Francis,
1602 3358 1662 3406 ut
1703 3363 1890 3406 eorum
1924 3348 2097 3405 disce-

522 3447 763 3519 ptatione
787 3446 905 3502 haec
924 3445 1173 3502 finiretur
1201 3438 1446 3508 intentio,
1471 3441 1614 3497 inter
1639 3455 1774 3510 quos
1797 3447 1852 3495 et
1869 3439 2098 3495 domnus

522 3537 780 3594 Arnolqu
816 3536 1057 3609 pontifex
1099 3529 1354 3591 bietensis
1399 3548 1521 3589 cum
1571 3530 1791 3600 reliquis
1829 3529 2098 3601 episcopis

521 3630 756 3700 eligitur,
803 3634 864 3683 ut
902 3627 1319 3697 benignissime,
1350 3626 1492 3682 sicut
1529 3637 1625 3678 sua
1667 3628 1784 3677 erat
1818 3621 2095 3685 sanctitas,

524 3721 664 3776 inter
694 3728 903 3790 patrem
943 3728 999 3774 et
1037 3718 1203 3774 lilium
1232 3733 1330 3788 pro
1352 3717 1502 3788 pacis
1528 3716 1839 3786 loqueretur
1874 3726 2099 3768 concor-

521 3811 648 3865 dia:
699 3808 913 3863 tandem
957 3824 989 3862 a
1031 3807 1375 3878 pontiﬁcibus
1409 3805 1495 3861 vel
1523 3802 1936 3875 sapientissimis
1966 3802 2100 3857 viris

521 3898 839 3970 proceribus
879 3905 1033 3967 pater
1074 3896 1390 3966 pacificator
1428 3909 1551 3951 cum
1590 3893 1718 3949 ﬁlio.
1747 3892 2101 3961 Reddensque

522 3989 574 4044 ei
600 3987 917 4054 solidatum,
957 3985 1098 4057 quod
1125 3987 1423 4057 aspiciebat
1447 3984 1514 4040 ad
1546 4000 1770 4056 regnum
1793 3982 2102 4038 Austrasio—

523 4094 678 4146 rum,
731 4079 837 4136 hoc
882 4086 1092 4133 tantum
1130 4078 1326 4134 exinde
1366 4076 1508 4148 quod
1559 4077 1697 4132 citra
1737 4072 2099 4147 Ligerim‘vel

522 4169 819 4226 Provinciae
842 4168 1089 4241 partibus
1113 4167 1275 4222 situm
1309 4177 1446 4234 erat,
1473 4182 1585 4223 sua:
1624 4165 1819 4221 ditioni
1849 4163 2095 4219 retinuit.

522 4280 652 4341 CAP.
678 4282 817 4339 XIV.
840 4312 911 4323 —
937 4280 1207 4348 Quomodo
1235 4281 1557 4351 Dogobertus
1580 4297 1612 4334 a
1634 4288 1781 4351 patre
1805 4279 1860 4333 in
1887 4278 2101 4351 Austria

593 4354 819 4407 directus
841 4362 1022 4407 contra
1064 4349 1399 4421 Bertoaldum
1431 4349 1734 4421 pugnaverit
1753 4359 1843 4421 ,_et
1875 4349 2102 4421 qualiter

593 4422 860 4479 Clutorius
886 4423 945 4477 ei
961 4422 1016 4475 in
1035 4420 1292 4474 auxilium
1322 4417 1524 4475 veniens
1550 4421 1722 4491 ipsum
1758 4417 2097 4474 Bertoaldum

592 4491 930 4562 interfecerit.

592 4601 928 4672 Dagobertus
966 4602 1142 4670 itaque
1175 4600 1572 4670 pulcherrimus
1611 4598 1827 4667 juvenis
1850 4638 1864 4663 ,
1904 4596 2093 4652 ellicax

524 4701 686 4762 atque
710 4699 982 4757 strenuus,
1002 4692 1055 4745 in
1067 4691 1316 4745 omnibus
1327 4688 1552 4745 solerter
1572 4687 1804 4759 ingeniis
1820 4688 2092 4757 probatis-

524 4783 711 4846 simus,
740 4795 863 4837 cum
883 4780 1108 4851 Pippino
1132 4780 1266 4835 duce
1290 4779 1344 4834 in
1364 4778 1530 4834 Hoste
1552 4776 1700 4849 [Leg.
1724 4775 1828 4831 vid.
1852 4775 2092 4849 Austria]

526 4881 845 4944 regnaturus
880 4886 908 4925 a
935 4881 1087 4942 patre
1111 4870 1375 4939 dirigitur.
1438 4866 1703 4922 Austrasii
1736 4879 1865 4920 vero
1900 4864 2097 4920 Franci

525 4964 831 5032 superiores
855 4961 1162 5032 congregati
1183 4960 1236 5015 in
1265 4974 1453 5024 unum,
1478 4958 1839 5029 Dagobertum
1861 4970 2022 5025 super
2038 4970 2096 5011 se

527 5068 705 5122 regem
726 5060 984 5109 statuunt.
1022 5052 1081 5107 In
1105 5051 1208 5106 illis
1228 5064 1443 5119 quoque
1467 5049 1657 5104 diebus
1679 5088 1694 5112 ,
1733 5046 1978 5102 Saxones
2015 5047 2096 5101 ni-

527 5144 696 5197 mlum
737 5143 963 5199 rebelles
1014 5157 1137 5197 cum
1176 5140 1461 5196 Bertoaldo
1510 5139 1645 5194 duce
1690 5145 2097 5194 commoverunt

528 5231 824 5287 exercitum
848 5232 1084 5302 gentium
1118 5230 1466 5301 plurimarum
1502 5235 1687 5282 contra
1736 5226 2096 5297 Dagobertum

528 5333 712 5390 regem
729 5318 1148 5376 Austrasiorum.
1208 5318 1544 5391 Dagobertus
1563 5330 1694 5371 vero
1716 5323 1771 5371 et
1790 5316 1907 5387 ipse
1931 5315 2095 5370 colle-

527 5424 616 5468 cto
652 5412 806 5467 hoste
838 5410 1069 5482 plurimo
1092 5412 1338 5468 Rhenum
1366 5409 1596 5473 transit,
1630 5417 1819 5463 contra
1856 5406 2098 5462 Saxones

528 5506 595 5564 ad
622 5519 857 5578 pugnam
873 5505 1021 5560 exire
1042 5521 1151 5559 non
1180 5506 1407 5561 dubitat.
1437 5503 1651 5573 lllisque
1671 5502 1827 5556 valde
1858 5515 2098 5570 pugnan-

528 5600 675 5656 tibus
696 5639 711 5663 ,
761 5596 1091 5669 Dagobertus
1115 5610 1274 5666 super
1301 5596 1451 5667 galea
1480 5593 1673 5665 capitis
1695 5592 1777 5647 sui
1815 5605 2100 5661 percussus

529 5698 633 5757 est,
674 5699 837 5762 atque
880 5687 1116 5745 abscissa
1158 5685 1421 5756 particula
1449 5684 1713 5754 decapite
1735 5697 1856 5737 cum
1892 5680 2101 5751 capillis

530 5786 598 5841 ad
624 5794 824 5840 terram
848 5780 1064 5839 decidit.
1104 5777 1291 5835 Adtira
1320 5784 1499 5833 autem
1545 5774 1777 5844 armiger
1798 5772 1913 5841 ejus
1942 5788 1973 5827 a
2012 5787 2097 5827 re-

2198 1963 2325 2005 vero
2353 1948 2463 2004 dux
2490 1948 2762 2005 Saxonum
2785 1962 2852 2002 ex
2875 1946 2978 2001 alia
3004 1954 3158 2017 parte
3179 1946 3319 2016 ripae
3350 1944 3756 2007 fluminisstaas.

2195 2050 2416 2116 paratus
2438 2049 2498 2096 ut
2523 2041 2590 2096 ad
2617 2055 2848 2112 pugnam
2869 2040 3205 2111 procederet,
3239 2038 3491 2093 audiens
3520 2037 3763 2093 tumltu:

2195 2134 2526 2189 Francorum
2550 2132 2916 2205 interrogabat
2943 2130 3069 2201 quid
3113 2130 3218 2185 hoc
3247 2138 3431 2185 esset.
3482 2130 3557 2183 At
3595 2130 3664 2184 illi
3696 2143 3768 2182 re-

2196 2225 2547 2296 sponderunt,
2577 2223 2819 2279 dicentes
2849 2239 2862 2275 :
2894 2222 3152 2277 Dominus
3179 2219 3471 2275 Ciotarius
3503 2236 3595 2274 rex
3634 2220 3771 2274 adre

2194 2315 2295 2381 nit,
2316 2323 2371 2370 et
2391 2314 2460 2370 ob
2486 2314 2589 2369 hoc
2607 2313 2854 2368 lmtantur
2880 2310 3095 2366 Franci.
3121 2309 3339 2378 Quibus
3360 2311 3645 2381 respondit
3666 2326 3768 2365 cum

2195 2405 2457 2462 cachinno
2494 2405 2678 2459 dicens
2709 2421 2722 2458 :
2753 2402 3127 2459 Formidantes
3153 2417 3255 2456 vos
3283 2402 3550 2466 nimium,
3599 2400 3775 2456 menti-

2195 2496 2327 2551 mini
2371 2493 2679 2549 delirantes.
2733 2491 3029 2547 Clotarium
3069 2490 3241 2555 enim,
3293 2506 3463 2559 quem
3514 2489 3772 2544 vobiscu-

2195 2586 2397 2641 habere
2426 2583 2624 2647 dicitis,
2647 2597 2746 2637 nos
2771 2588 3042 2637 mortuum
3064 2593 3188 2634 esse
3222 2578 3464 2632 auditum
3490 2577 3773 2631 habemus.

2196 2678 2312 2733 Rex
2339 2683 2518 2731 autem
2557 2686 2718 2745 super
2744 2673 2914 2744 ripam
2940 2670 3180 2726 ﬂuminis
3209 2678 3374 2731 stans,
3399 2668 3549 2738 galea
3576 2666 3773 2721 induto

2196 2768 2391 2839 capite,
2415 2766 2699 2835 crinesque
2729 2778 2851 2819 eum
2884 2762 3092 2817 canicie
3131 2761 3347 2816 variata
3370 2758 3650 2814 obvolutus
3670 2758 3777 2812 ba-

2195 2860 2348 2923 bens,
2375 2866 2429 2914 et
2458 2859 2574 2913 haec
2600 2855 2839 2919 audiens,
2869 2854 3077 2925 galeam
3097 2852 3390 2909 celerrime
3416 2867 3448 2906 a
3474 2867 3578 2913 sim
3607 2851 3776 2920 capite

2195 2949 2461 3021 deposuit.
2490 2946 2626 3002 Cum
2650 2946 2907 3001 nudatum
2925 2959 2955 2999 a
2969 2944 3122 3015 galea
3138 2942 3498 3013 apparuisset
3518 2948 3679 3011 caput
3698 2955 3771 2994 re-

2196 3041 2295 3112 gis,
2327 3038 2543 3110 agnovit
2563 3052 2686 3093 eum
2723 3034 3036 3092 Bertoaldus
3065 3048 3252 3104 regem
3277 3047 3430 3096 esse,
3463 3040 3527 3087 et
3563 3029 3765 3086 irridens

2198 3133 2274 3187 ait
2305 3149 2318 3185 :
2344 3131 2421 3186 Tu
2449 3130 2536 3185 hic
2561 3142 2703 3192 eras,
2733 3126 2854 3182 bale
2872 3123 3220 3195 iumentum?
3239 3122 3359 3177 Rex
3386 3137 3532 3178 vero
3558 3122 3660 3176 hac
3681 3135 3763 3172 aa-

2198 3222 2370 3287 diens,
2414 3219 2569 3274 valde
2616 3218 2940 3288 indignatus,
2972 3214 3158 3270 ethoc
3196 3213 3522 3268 convicium
3562 3211 3769 3283 graviter

2196 3308 2396 3374 ferens,
2439 3307 2652 3363 Wisera
2698 3306 2916 3360 fluvium
2945 3304 3295 3375 impatienter
3324 3303 3641 3372 ingressus,
3664 3315 3769 3356 cun

2196 3413 2336 3468 equo
2373 3396 2709 3452 velocissimo
2745 3392 3118 3455 transnatavit,
3168 3400 3339 3462 atque
3394 3391 3557 3447 ferus
3591 3398 3648 3445 ut
3672 3397 3769 3445 erat

2197 3489 2360 3546 corde
2386 3487 2757 3559 lBertoaldum
2808 3483 3236 3557 persequebatur
3260 3524 3279 3550 ,
3337 3483 3768 3553 Francorum:

2197 3582 2468 3639 exercitus
2486 3588 2773 3651 sequentes
2798 3594 2996 3650 regem,
3028 3577 3265 3632 natando
3288 3575 3388 3630 vix
3416 3575 3643 3630 ﬂuvium
3666 3588 3767 3630 tu

2197 3677 2500 3749 Dagoberto
2552 3674 2857 3730 transibant
2882 3687 2978 3743 per
3028 3668 3270 3741 gurgites
3315 3669 3647 3724 immensos.
3674 3666 3765 3720 Ra

2199 3769 2381 3840 itaque
2429 3766 2697 3822 Ciotarius
2742 3768 3055 3836 persecutus
3096 3758 3458 3815 Bertoaldum
3483 3799 3502 3819 ,
3550 3757 3767 3813 cet-tata

2198 3862 2353 3917 valde
2377 3875 2500 3916 cum
2528 3872 2612 3914 eo.
2639 3856 2890 3924 Dixitque
2914 3853 2964 3909 ei
2984 3849 3336 3907 Bertoaldus:
3367 3848 3417 3905 Ο
3446 3866 3575 3915 ατς,
3602 3847 3769 3903 ι-θαεὼ

2199 3968 2230 4009 a
2257 3967 2365 4017 me,
2392 3964 2459 4005 ne
2486 3950 2624 4005 forte
2654 3944 2974 4001 interficiam
2998 3951 3071 3997 te.
3097 3940 3198 4008 Qui
3225 3940 3276 3995 si
3301 3940 3669 4011 pravalueﬁs
3691 3935 3769 3989 adb

2200 4057 2415 4099 versum
2443 4055 2548 4106 me,
2576 4039 2648 4093 ita
2674 4050 2862 4093 omnes
2889 4033 3136 4090 homines
3162 4031 3367 4096 dicent,
3392 4031 3552 4102 quod
3578 4040 3766 4085 servm

2202 4144 2351 4191 tuum
2395 4128 2736 4186 Bertoaldum
2786 4124 3037 4198 gentilem
3077 4121 3470 4187 interemeris;
3513 4120 3565 4175 si
3612 4126 3767 4173 auten

2199 4239 2298 4296 ego
2318 4220 2636 4277 interfecero
2658 4226 2729 4283 te,
2743 4224 2871 4271 tunc
2891 4228 3076 4269 rumor
3094 4225 3323 4281 magnus
3344 4210 3408 4264 in
3424 4210 3647 4265 cunctis
3662 4221 3769 4279 gu-

2203 4315 2345 4369 tibus
2381 4310 2647 4376 audietur,
2675 4307 2819 4381 quod
2867 4304 3192 4361 fortissimus
3235 4315 3331 4355 rex
3388 4300 3771 4355 Francoruna

2203 4424 2360 4465 servo
2387 4408 2458 4462 sit
2482 4402 2816 4460 interfectus.
2836 4400 2952 4455 Rex
2980 4412 3110 4453 vero
3134 4410 3487 4465 nequaquam
3521 4390 3772 4465 acquievit

2120 4502 2174 4565 Β
2197 4502 2356 4559 dictis
2382 4498 2519 4568 ejus,
2542 4495 2639 4551 sed
2666 4494 2899 4547 fremens
2943 4491 3044 4554 ira,
3074 4487 3247 4556 magis
3288 4486 3595 4556 magisque
3619 4486 3775 4539 insu-

2194 4590 2350 4663 gebal
2365 4602 2526 4657 super
2544 4598 2687 4640 eum.
2715 4581 2935 4653 Equites
2960 4580 3142 4647 itaque
3156 4592 3185 4631 a
3201 4575 3359 4645 longe
3390 4585 3690 4643 seqtmtes
3703 4587 3776 4625 re

2192 4697 2333 4754 gem,
2364 4678 2669 4735 clamabant
2694 4674 2968 4730 dicentes:
3001 4667 3320 4726 Confortare
3347 4676 3558 4722 contra
3597 4666 3777 4721 adver-

2193 4774 2397 4829 sarium
2441 4779 2614 4835 tuum,
2643 4766 2857 4824 domine
2912 4778 3028 4820 rex.
3088 4761 3363 4829 Erantque
3411 4774 3625 4815 manus
3652 4760 3777 4827 regii

2193 4862 2348 4918 valde
2373 4875 2584 4932 graves.
2614 4857 2748 4912 Erat
2773 4854 2915 4910 enim
2936 4867 3034 4908 rex
3054 4850 3332 4913 loricatus,
3352 4856 3415 4904 et
3430 4863 3585 4919 aqua
3614 4848 3777 4903 sim

2192 4955 2308 5025 ejus
2335 4953 2461 5009 dum
2512 4954 2876 5004 transnataret
2923 4942 3145 4998 fluvium
3195 4939 3417 5010 replens
3469 4940 3777 4995 nidamenta

2194 5047 2372 5105 omnia
2416 5043 2642 5100 nimium
2691 5044 3094 5111 aggravaverat.
3132 5031 3255 5103 Sed
3303 5032 3401 5087 diu
3440 5032 3778 5105 multumque

2193 5138 2550 5196 decertantes,
2597 5129 2815 5185 tandem
2843 5127 3130 5196 insurgens
3173 5136 3272 5177 rex
3321 5135 3494 5191 super
3545 5116 3779 5175 Bel-teal-

2196 5229 2343 5293 dum,
2373 5222 2645 5280 interfecit
2666 5235 2808 5277 eum.
2832 5217 3154 5287 Tollensqne
3186 5220 3350 5284 caput
3369 5210 3496 5282 ejus
3514 5212 3578 5267 in
3605 5218 3778 5267 conlo.

2195 5331 2447 5373 reversus
2465 5322 2550 5372 est
2575 5313 2644 5368 ad
2668 5311 2928 5366 Francos.
2957 5308 3145 5378 Illique
3168 5306 3417 5375 lugentes
3444 5303 3784 5375 (nesciebant

2196 5408 2343 5464 enim
2375 5406 2505 5477 quid
2529 5403 2643 5475 regi
2665 5397 3001 5471 contigisset)
3021 5398 3137 5454 viso
3155 5411 3222 5452 eo
3243 5393 3416 5467 gavisi
3438 5401 3573 5449 sunt
3593 5388 3785 5461 gaudio

2195 5512 2410 5568 magno.
2436 5496 2552 5550 Rex
2576 5508 2706 5549 vero
2732 5500 2901 5546 totam
2920 5499 3124 5544 terram
3163 5486 3441 5541 Saxonum
3472 5484 3781 5541 devastans.

2197 5597 2253 5643 et
2278 5599 2492 5645 omnem
2520 5583 2773 5655 populum
2794 5580 3142 5641 interficiens,
3165 5591 3271 5632 non
3292 5573 3498 5631 ibidem
3519 5572 3784 5642 majom

2200 5677 2471 5735 hominem
2499 5674 2766 5730 viventem
2818 5669 3054 5739 reliquit,
3084 5682 3247 5738 quam
3295 5665 3586 5734 longitudo
3624 5660 3783 5735 gladii

2203 5769 2304 5833 sui,
2335 5782 2495 5837 quem
2523 5772 2733 5834 spetam
2778 5769 3009 5826 vocant,
3060 5750 3263 5815 habere
3306 5756 3623 5812 videbatur.
3678 5750 3781 5804 Hoc
