3950 6308
127 435 261 494 MOI

1270 404 1491 463 GEST'A
1529 399 1742 460 DOMNI
1779 395 2190 455 DAGOBEBTI.

3224 393 3363 450 14οὶ

127 555 310 622 itaque
339 548 550 617 signum
588 541 644 596 in
664 537 935 608 regionem
974 531 1122 586 illam
1147 527 1352 589 statuit,
1382 522 1589 579 scilicet
1631 525 1691 573 ut
1721 519 1772 580 Α
1795 516 2082 571 memorias
2111 529 2241 568 auro
2277 526 2412 582 puro
2440 517 2492 564 et
2522 509 2821 579 purissimis
2862 512 3088 582 gemmis
3135 525 3366 568 exorna-

349 602 616 692 discerent
633 602 832 701 qua-uta
871 624 1144 680 Saxonum
1168 617 1390 690 perﬁdia
1411 609 1696 675 exstiterit,
1799 609 1896 662 vit.
1937 607 2004 662 Et
2033 604 2280 676 quamvis
2306 602 2608 666 ecclesiam,
2641 618 2802 672 quam
2850 603 3014 673 ipsea
3057 603 3366 660 fundamine

913 715 940 716 η
1283 709 1294 716 -
1541 710 1553 716 -
1679 714 1691 716 _
1813 713 1856 716 -_
2252 695 2571 716 εμ-ε-,ωη
2601 695 2733 716 __,_-
2779 695 2959 716 JH“-
3005 694 3340 716 ...__.___.-_,.

125 709 185 788 et
225 739 424 801 quanta
465 725 793 780 Francorum
843 715 1063 796 polleret
1095 709 1362 782 potentia,
1394 710 1700 775 quantaque

127 836 318 892 regum
344 822 630 890 provocata
657 808 974 882 praevaleret
1000 801 1331 857 animositas.

127 882 262 969 Cave.
296 882 413 966 X-V'.
440 940 509 950 -—
537 908 613 961 De
654 912 818 958 morte
843 896 1060 953 Clotarii
1092 893 1224 963 regis
1244 932 1258 954 ,
1294 899 1342 943 et
1368 885 1609 970 .qualiter
1655 882 1703 935 ei

427 978 751 1048 Dagobertus
792 971 847 1023 in
895 981 1106 1036 regnum
1156 967 1421 1016 successit.

203 1072 362 1126 Anno
389 1068 554 1138 igitur
581 1063 651 1117 45
691 1059 844 1128 regni
895 1056 978 1110 sui
1017 1049 1285 1106 Clotarius
1331 1056 1558 1113 magnus
1608 1052 1706 1138 rex

129 1162 385 1223 moritur,
410 1126 472 1213 et
509 1126 818 1209 suburbano
846 1143 1087 1200 Parisius
1131 1140 1186 1194 in
1236 1134 1478 1190 Ecclesia
1525 1126 1706 1223 sancti

135 1217 403 1306 Vincentii
432 1243 706 1314 sepelitur.
748 1235 1082 1307 Dagobertus
1121 1241 1252 1298 ergo
1299 1223 1528 1314 audiens
1567 1217 1710 1314 geni-

132 1349 310 1395 torem
337 1307 839 1392 suum-defunctum,
869 1319 1136 1378 universis
1162 1313 1492 1387 principibus
1514 1307 1709 1377 quibus

130 1428 441 1500 imperabat
469 1425 524 1478 in
553 1420 801 1483 Austria,
845 1415 998 1484 jubet
1027 1407 1323 1466 exercitum
1372 1412 1709 1472 promovere,

132 1491 440 1587 missosque
489 1515 544 1568 in
587 1507 950 1580 Burgundiam
978 1510 1033 1556 et
1057 1497 1363 1555 Neustriam
1389 1491 1604 1561 dirigit,
1654 1494 1714 1542 ut

135 1609 292 1679 regni
345 1607 396 1660 ei
449 1603 687 1673 regimen
735 1594 1096 1652 indubitanter
1139 1588 1397 1642 deberent
1451 1589 1709 1637 statuere.

133 1672 382 1769 Cuvmque
414 1672 639 1751 Rbemis
661 1688 1012 1761 pervenisset,
1035 1678 1306 1752 suggestio
1332 1672 1713 1769 peraceedens,

134 1759 330 1844 omnes
355 1785 637 1858 pontiﬁces
661 1759 715 1836 et
738 1781 902 1834 duces
934 1777 999 1830 de
1028 1787 1193 1841 regno
1234 1765 1555 1836 Burgundize
1582 1759 1713 1858 inibi

1802 703 2208 760 construxerat,
2252 695 2574 750 intrinsecus
2601 695 2738 748 miro
2773 695 2963 749 decore
3004 694 3364 760 fabricaverit,

1803 787 1934 843 foris
1961 803 2173 858 quoque
2221 786 2452 855 desuper
2490 785 2751 839 absidiam
2793 785 2972 850 illam,
3021 784 3163 840 infra
3208 799 3370 855 quam

1803 881 2104 934 veneranda
2128 887 2425 948 martyrum
2449 891 2672 946 corpora
2702 877 3075 942 tumulaverat,
3091 877 3369 948 utplenius

1806 968 1982 1023 devoti
2008 968 2172 1021 animi
2201 968 2439 1037 expleret
2466 967 2815 1031 desiderium,
2845 981 2910 1022 ex
2941 976 3161 1038 argento
3195 967 3373 1037 puris-

1807 1059 1943 1112 simo
1965 1059 2188 1113 miriﬁce
2214 1059 2506 1127 cooperuit.

1807 1150 1934 1206 Car.
1956 1149 2219 1204 —XVlll.
2252 1149 2522 1215 Quomodo
2543 1151 2606 1204 de
2633 1151 2832 1204 teloneo
2861 1167 2925 1205 ex
2968 1149 3208 1203 Massilia
3255 1147 3374 1204 ceu-'-

1877 1230 1987 1274 tum
2012 1220 2204 1301 solidos
2221 1219 2636 1275 inluminaribus
2659 1222 2822 1292 ipsius
2849 1219 3076 1275 ecclesia:
3103 1222 3374 1274 annuatim

1879 1303 2204 1344 concesserit.

1879 1379 2014 1434 Nam
2037 1389 2091 1435 et
2111 1381 2181 1436 de
2208 1383 2425 1450 proprio
2451 1383 2681 1447 teloneo,
2712 1382 2855 1452 quod
2878 1383 2929 1436 ei
2971 1382 3127 1436 annis
3154 1380 3377 1452 singulis

1812 1486 1880 1526 ex
1905 1471 2137 1526 Massilia
2168 1471 2496 1536 solvebatur,
2546 1481 2761 1528 centum
2787 1473 2987 1528 solidos
3016 1473 3070 1526 in
3099 1471 3378 1526 luminari-

1813 1562 1916 1615 bus
1952 1559 2193 1628 ejusdem
2213 1561 2451 1616 ecclesia:
2475 1577 2541 1617 eo
2567 1571 2750 1617 tenore
2777 1562 3072 1626 concessit,
3118 1569 3179 1616 ut
3201 1561 3378 1616 oleum

1813 1649 2006 1705 exinde
2035 1659 2244 1705 actores
2277 1651 2430 1720 regii,
2464 1652 2756 1706 secundum
2789 1651 2930 1720 quod
2982 1651 3119 1706 ordo
3150 1648 3379 1706 cataboli

1815 1750 1976 1804 esset,
2005 1741 2158 1810 quasi
2192 1742 2260 1796 ad
2285 1757 2419 1811 opus
2457 1742 2596 1811 regis
2623 1740 2858 1796 studiose
2906 1750 3175 1804 emerent,
3205 1748 3261 1796 et
3303 1740 3382 1795 sic

138 1895 201 1934 se
231 1829 518 1933 tradidisse
539 1877 849 1928 noscuntur.
901 1865 1006 1919 Sed
1031 1829 1405 1917 etvNeustrasii
1432 1851 1712 1925 pontiﬁces
1739 1851 1790 1914 Β
1815 1830 2030 1884 demum
2055 1831 2243 1931 miSSiS.
2261 1831 2557 1934 iP_Si“5_!OCi
2583 1832 2858 1885 annuatim
2908 1831 3202 1886 traderent-
3238 1829 3384 1885 Ρΐω-

135 1979 196 2025 et
215 1981 484 2040 proceres,
513 1963 850 2033 plurimaque
872 1971 996 2028 pars
1024 1953 1194 2024 regni,
1227 1951 1586 2021 Dagobertum
1609 1944 1714 2001 nisi

138 2069 272 2115 sunt
297 2056 583 2127 expetisse.

139 2166 580 2226 Car.XVl.—De
596 2163 873 2217 Hairberto
898 2161 1062 2229 fratre
1088 2155 1389 2228 Dagoberti,
1419 2151 1718 2229 et_qualiter

340 2239 386 2291 ei
420 2235 742 2306 Dagobertus
781 2226 978 2302 partem
1016 2226 1521 2298 regni'concesserit.

216 2327 534 2381 Hairbertus
576 2332 754 2378 autem
777 2319 966 2389 jfrater
1003 2317 1116 2386 ejus
1143 2316 1415 2370 nitebatur
1452 2312 1498 2366 si
1539 2316 1719 2381 posset

139 2431 371 2488 regnum
415 2428 709 2468 assumere.
742 2411 848 2466 Sed
872 2409 1015 2464 illius
1039 2407 1284 2462 voluntas
1313 2420 1410 2474 pro
1457 2401 1715 2471 simplici-

140 2517 258 2564 tate
284 2522 474 2576 parum
520 2505 747 2559 sortitur
786 2501 1054 2556 effectum.
1100 2497 1388 2553 Brunulfus
1427 2511 1576 2559 vero,
1625 2493 1718 2562 qui

140 2598 314 2651 frater
346 2594 520 2650 fuerat
542 2593 792 2648 Sicbildis
820 2592 1036 2660 regium,
1066 2588 1251 2643 volens
1279 2594 1526 2656 nepotem
1561 2599 1718 2639 suum

139 2688 488 2742 llairbertum
526 2681 768 2737 stabilire
793 2681 846 2733 in
881 2694 1127 2748 regnum,
1157 2680 1414 2732 adversus
1452 2674 1722 2742 Dagober-

141 2789 263 2833 tum
292 2775 649 2846 museipulare
671 2779 927 2843 cmperat.
959 2770 1065 2825 Sed
1093 2768 1253 2838 hujus
1289 2767 1367 2822 rei
1394 2764 1720 2821 vicissitudi-

141 2882 272 2922 nem
295 2873 482 2936 postea
509 2864 754 2935 probavit
791 2869 1031 2917 eventus.
1078 2859 1318 2928 Cumque
1347 2871 1568 2927 regnum
1597 2855 1720 2911 Clo-

145 2956 294 3019 tarii,
328 2964 435 3009 tam
462 2954 774 3024 Neptricum
815 2967 977 3022 quam
1000 2949 1326 3019 Burgundia,
1359 2964 1390 3002 a
1418 2947 1720 3017 Dagoberto

142 3047 337 3102 fuisset
369 3053 684 3116 occupatum
709 3085 724 3109 ,
763 3043 934 3113 captis
976 3040 1247 3095 thesauris
1293 3047 1346 3093 et
1392 3054 1502 3093 sua:
1531 3037 1720 3092 ditioni

143 3137 402 3200 redactis,
432 3134 643 3189 tandem
663 3130 1031 3186 misericordia
1056 3137 1110 3182 et
1129 3128 1326 3198 pietate
1347 3134 1523 3180 motus
1541 3166 1554 3190 ,
1585 3140 1715 3179 con-

144 3228 272 3283 silio
319 3224 545 3295 sapienti
577 3238 723 3287 usus,
753 3222 884 3276 citra
929 3220 1164 3290 Ligerim
1211 3226 1267 3274 et
1316 3216 1538 3271 limitem
1578 3215 1722 3285 quod
1747 3201 1794 3264 C

146 3316 390 3372 tenditur
439 3313 682 3383 partibus
727 3310 1062 3374 Wasconite,
1113 3323 1208 3362 seu
1260 3314 1315 3361 et
1359 3314 1568 3359 montes
1615 3305 1719 3374 Py-

147 3419 362 3461 renaeos
385 3444 400 3467 ,
442 3417 608 3475 pagos
655 3409 711 3455 et
740 3400 1007 3461 civitates,
1045 3397 1184 3467 quod
1233 3395 1386 3450 fratri
1424 3410 1521 3449 suo
1567 3393 1726 3447 Hair—

147 3499 309 3553 berto
363 3493 433 3549 ad
480 3502 631 3548 trans
692 3489 998 3562 agendum,
1050 3497 1105 3543 et
1167 3488 1234 3542 ad
1291 3487 1462 3541 instar
1511 3485 1725 3555 privato

149 3586 342 3640 habitu
391 3582 781 3640 conviveudum
815 3589 996 3652 posset
1032 3578 1310 3643 sufﬁcere,
1351 3577 1551 3648 placuit
1598 3591 1726 3632 con-

150 3679 402 3733 cessisse.
454 3676 653 3746 Pagum
700 3675 904 3730 scilicet
948 3673 1289 3736 Tolosanum,
1337 3669 1723 3733 Caturcinum,

150 3767 548 3839 Agennensem,
601 3765 1031 3834 Petrogoricum,
1082 3770 1136 3817 et
1186 3760 1587 3823 Sanctouicum,
1643 3756 1728 3810 vel

152 3858 301 3927 quod
329 3857 396 3911 ab
423 3856 508 3911 his
536 3870 723 3910 versus
741 3855 1027 3925 Pyrenzeos
1051 3860 1260 3907 montes
1280 3848 1601 3913 excluditur,
1624 3848 1728 3902 hoc

155 3955 368 4002 tantum
411 3944 693 4000 Hairberto
733 3944 888 3999 fratri
931 3958 1028 3998 suo
1075 3942 1365 4012 regendum
1421 3938 1724 3995 concessit:

154 4037 305 4106 quod
332 4044 385 4089 et
415 4050 512 4105 per
550 4035 810 4105 pactionis
832 4034 1103 4088 vinculum
1132 4033 1386 4097 ﬁrmavit,
1416 4039 1476 4085 ut
1501 4029 1730 4099 amplius

155 4127 479 4182 llairbertus
521 4125 668 4180 nullo
713 4133 951 4194 tempore
992 4123 1248 4177 adversus
1275 4121 1633 4190 Dagobertum
1666 4119 1732 4172 de

155 4231 330 4288 regno
357 4217 525 4285 patris
566 4223 811 4284 repetere
844 4221 1212 4283 praesumeret.
1242 4212 1556 4265 Hairbertus
1578 4224 1727 4272 vero,

158 4308 344 4362 sedem
366 4306 684 4361 Tolosanam
711 4305 932 4373 eligens,
955 4303 1211 4373 regnabat
1238 4301 1292 4355 in
1332 4300 1574 4369 partibus
1608 4313 1733 4367 pro-

157 4395 355 4451 vincia:
377 4395 693 4464 Aquitaniae.
725 4394 828 4460 Qui
854 4402 975 4465 post
1005 4408 1172 4447 annos
1201 4400 1312 4446 tres
1337 4405 1458 4445 cum
1504 4403 1732 4458 regnare

161 4489 435 4558 coepisset,
471 4497 638 4542 totam
659 4487 1000 4543 Wasconiam
1027 4502 1149 4541 cum
1185 4484 1424 4540 exercitu
1471 4497 1731 4552 superans

160 4596 277 4634 sua:
299 4580 482 4635 ditioui
508 4579 731 4652 redegit,
747 4578 1194 4648 etaliquantulum
1223 4577 1369 4647 regni
1392 4575 1474 4630 sui
1501 4574 1731 4644 spatium

160 4669 456 4740 largiorem
484 4669 628 4725 fecit.

163 4784 296 4839 CAP.
329 4783 487 4838 XVII.
512 4814 584 4824 —
613 4783 883 4848 Quomodo
929 4782 1250 4852 Dagobertus
1295 4796 1387 4834 rea:
1431 4787 1733 4833 sanctorum

234 4863 527 4922 martyrum
574 4853 811 4922 Dionysii
847 4851 1206 4922 sociorumque
1247 4851 1361 4920 ejus
1387 4865 1606 4922 corpora
1649 4864 1732 4922 re-

237 4916 472 4992 quisiérlt
496 4963 510 4986 ,
555 4916 734 4992 atque'
755 4921 1022 4974 ecclesiam
1069 4916 1347 4992 ornaverit,
1377 4929 1440 4992 et_
1465 4916 1527 4970 de
1553 4916 1735 4969 absida

235 4987 379 5060 infra
405 5008 560 5061 quam
592 4987 931 5071 requiescunt,
981 4989 1206 5061 qualiter
1247 5005 1362 5044 eam
1406 4987 1624 5057 desuper
1672 5000 1736 5039 ea:

239 5071 453 5130 argento
477 5071 817 5129 COOPCNIB'“.

239 5153 572 5220 Dagobertus
597 5151 826 5220 denique
851 5150 960 5205 Deo
1001 5158 1268 5204 annuente
1310 5163 1533 5217 regnum
1560 5153 1738 5216 pater-

171 5256 302 5294 num
325 5241 576 5303 retinens,
611 5241 752 5294 inter
778 5239 880 5294 alia
909 5255 1028 5309 qua:
1050 5238 1386 5293 laudabiliter
1414 5237 1600 5307 gessit,
1633 5251 1740 5290 me-

172 5346 293 5386 mor
323 5332 431 5386 voti
445 5330 559 5401 jam
584 5331 732 5394 dicti,
748 5330 978 5386 accessit
1003 5330 1070 5384 ad
1091 5344 1250 5397 supra
1277 5334 1632 5383 memoratum
1660 5326 1738 5380 lo-

173 5439 325 5490 cum;
351 5433 406 5479 et
433 5426 573 5480 sicut
601 5425 656 5480 in
683 5425 886 5480 somnis
912 5425 1259 5493 praemonitus
1305 5421 1496 5483 fuerat,
1530 5429 1742 5476 sancto-

176 5529 294 5569 rum
312 5523 607 5585 martyrum
631 5515 885 5586 Dionysii,
903 5515 1108 5570 Rustici
1125 5523 1179 5569 et
1197 5513 1491 5568 Eleutherii
1515 5526 1740 5580 corpora

178 5605 474 5672 requirens,
499 5605 701 5675 digesta
723 5621 910 5661 eorum
938 5607 992 5661 in
1039 5603 1383 5674 sarcophagis
1415 5602 1630 5656 nomina
1660 5616 1742 5655 re-

179 5697 333 5764 perit,
363 5713 482 5768 qua:
508 5707 564 5753 et
601 5698 657 5752 in
697 5700 859 5754 a'lium
895 5697 1132 5767 ejusdem
1164 5698 1265 5754 vici
1313 5697 1488 5751 locum
1533 5709 1743 5750 summa

183 5805 300 5845 cum
322 5793 663 5846 veneratione
688 5808 716 5845 x
755 5791 870 5846 Kal.
917 5791 1084 5847 Maias
1132 5788 1424 5856 transtulit,
1450 5797 1745 5853 eorumque

1814 1930 2136 1988 ceptumque
2161 1919 2355 1974 exinde
2382 1920 2561 1974 taliter
2607 1920 2823 1974 ﬁrmare
2873 1920 3110 1986 studuit,
3156 1929 3218 1974 ut
3273 1928 3383 1975 tam

1815 2011 1868 2065 in
1895 2012 2008 2080 ipsa
2037 2009 2287 2075 Massilia,
2319 2025 2482 2080 quam
2521 2011 2773 2066 Valencia
2796 2053 2812 2077 ,
2842 2011 3038 2067 Fossas
3072 2021 3128 2067 et
3172 2012 3385 2084 Lugdu-

1814 2118 1966 2166 num,
1996 2101 2078 2155 vel
2103 2117 2421 2171 quocunque.
2454 2114 2550 2170 per
2578 2101 2783 2169 reliqua
2815 2101 2930 2155 loca
2961 2101 3218 2156 transitus
3245 2110 3382 2167 erat,

1815 2206 1974 2246 omne
1997 2191 2265 2245 teloneum
2292 2191 2356 2246 de
2379 2205 2472 2245 sex
2500 2190 2774 2260 plaustris,
2801 2191 2998 2260 quibus
3021 2190 3123 2246 hoc
3162 2191 3382 2245 videba-

1817 2289 1906 2333 tur
1935 2278 2152 2346 deferri,
2181 2295 2460 2349 usquequo
2494 2281 2562 2335 ad
2606 2281 2776 2349 ipsam
2815 2281 3091 2336 basilicam
3133 2295 3384 2350 peracce~

1817 2372 2022 2434 derent,
2051 2371 2372 2427 omnimodis
2404 2381 2546 2428 esset
2573 2372 2858 2427 indultum.

1818 2462 1945 2544 Car.
2141 2494 2212 2544 .—
2237 2463 2313 2517 De
2339 2462 2709 2544 gaz'opltylacio
2735 2465 2873 2544 quod
2902 2474 3020 2518 ante
3065 2479 3277 2544 cornua
3308 2462 3388 2544 all:

1889 2535 2019 2586 taris
2068 2535 2230 2603 ipsius
2256 2533 2480 2603 ecclesia:
2507 2534 2622 2601 ﬁeri
2654 2533 2851 2602 jussit,
2879 2543 2926 2588 et
2956 2535 3229 2588 annuatim
3261 2533 3388 2586 inibi

1889 2602 2094 2656 centum
2119 2603 2313 2656 solidos
2345 2602 2471 2656 solvi
2508 2609 2771 2673 prwcepit.

1889 2693 2343 2764 Gazophylacium
2363 2706 2575 2763 quoque
2603 2701 2727 2746 ante
2749 2708 2914 2747 cornu
2947 2693 3131 2747 altaris
3151 2689 3391 2759 ejusdem

1821 2783 2059 2838 ecclesia:
2079 2798 2145 2837 ex
2171 2791 2394 2851 argento
2420 2782 2536 2837 ﬁeri
2559 2781 2740 2851 jussit,
2783 2791 2842 2837 ut
2870 2783 3170 2837 introducta
3201 2782 3268 2835 ab
3311 2779 3389 2835 of-

1821 2875 2116 2930 ferentibus
2141 2874 2390 2929 alimonia
2415 2889 2513 2942 per
2551 2889 2768 2926 manum
2795 2873 3088 2928 sacerdotis
3117 2873 3230 2941 ipsa
3260 2886 3390 2942 pau-

1820 2969 2038 3041 peribus
2066 2975 2381 3038 erogaretur
2426 2965 2743 3029 substantia,
2777 2972 3041 3034 quatenus
3078 2963 3231 3033 juxta
3263 2962 3391 3016 illud

1809 3059 2185 3129 evangelicum
2218 3056 2583 3125 hujuscemodi
2625 3055 2962 3125 eleemosyna
2989 3053 3142 3108 ﬁeret
3166 3053 3391 3108 abscon~

1823 3155 1964 3217 dita;
2006 3159 2061 3206 et
2091 3151 2432 3219 omnipotens
2482 3150 2760 3213 Dominus,
2813 3149 2905 3219 qui
2954 3149 3164 3203 occulta
3210 3147 3392 3202 omnia

1823 3242 2105 3312 conspicit,
2136 3239 2492 3308 centuplicata
2543 3239 2598 3293 in
2639 3246 2840 3292 aeterna
2877 3236 3224 3291 retributione
3268 3235 3389 3289 uni-

1823 3335 2014 3404 cuique
2039 3332 2362 3386 restitueret.
2395 3329 2450 3384 lu
2480 3344 2586 3398 quo
2615 3328 2778 3383 etiam
2816 3335 3030 3381 centum
3075 3319 3274 3380 solidos
3296 3341 3390 3379 an-

1822 3442 1928 3482 nua
1969 3425 2204 3480 illatione
2231 3423 2371 3478 idem
2413 3435 2506 3474 rex
2543 3435 2641 3490 pro
2668 3425 2865 3474 aeterna
2895 3415 3392 3485 recompensationc

1823 3516 2108 3570 intromitti
2132 3514 2197 3568 de
2227 3513 2479 3567 Kalendis
2499 3512 2551 3565 in
2577 3508 2840 3564 Kalendas
2871 3505 3202 3576 Septembris
3228 3503 3394 3558 desti-

1824 3606 1992 3669 navit,
2038 3605 2265 3674 indeque
2308 3602 2414 3656 tale
2441 3608 2764 3671 prmceptum
2793 3598 2997 3662 edidit,
3045 3603 3104 3649 ut
3141 3593 3393 3662 deinceps

1824 3708 1934 3753 tam
1981 3702 2093 3767 ipse
2141 3711 2303 3766 quam
2341 3695 2436 3749 ﬁlii
2457 3695 2557 3758 sui,
2594 3693 2678 3747 vel
2705 3692 2796 3761 qui
2849 3688 3188 3760 postmodum
3238 3701 3394 3757 reges

1825 3790 2156 3844 Francorum
2203 3787 2580 3850 succederent,
2614 3799 2832 3840 recurso
2860 3782 2986 3836 anni
3016 3767 3228 3835 'circulo
3255 3794 3401 3847 prae:

1827 3879 2037 3934 ﬁnitum
2063 3877 2351 3932 solidorum
2390 3889 2670 3928 numerum
2697 3888 2762 3927 ex
2789 3871 2981 3926 mrario
3006 3869 3217 3941 publico
3263 3866 3395 3921 inibi

1827 3968 2029 4024 inferre
2069 3976 2308 4036 tempore
2335 3965 2556 4020 inlibato
2587 3980 2694 4018 non
2725 3963 3091 4018 obmittercnt.
3139 3959 3244 4028 Ipsi
3297 3973 3394 4012 au-

1829 4071 1935 4116 tem
1965 4068 2186 4115 'centum
2220 4057 2374 4112 solidi
2396 4072 2502 4110 non
2527 4055 2672 4118 alibi,
2699 4053 2801 4107 nisi
2844 4053 2899 4106 in
2931 4051 3183 4105 omnibus
3221 4047 3400 4101 distri-
3483 4051 3486 4054 '

1827 4155 2118 4208 buerentur
2140 4149 2479 4220 pauperibus,
2496 4146 2775 4213 nullusque
2793 4146 2893 4198 hoc
2908 4145 3257 4211 prtesumeret
3277 4140 3400 4193 abs-

1830 4244 2074 4304 trahere,
2107 4239 2201 4295 sed
2234 4239 2469 4309 quandiu
2513 4250 2734 4305 regnum
2782 4233 3098 4287 consisteret
3125 4246 3155 4283 a
3183 4229 3400 4298 regibus

1832 4338 2238 4394 succedentibus
2262 4349 2358 4390 suo
2383 4341 2621 4400 tempore
2655 4329 2708 4382 iu
2742 4327 2998 4399 prazdicto
3022 4323 3401 4394 gazophylacio

1833 4428 2178 4488 inferrentur,
2207 4432 2266 4479 ut
2288 4423 2355 4479 de
2392 4423 2507 4491 ipsa
2539 4419 2844 4480 collatione,
2873 4425 2928 4470 et
2969 4416 3113 4484 quod
3144 4414 3402 4467 Dominus

1763 4543 1812 4601 ι)
1835 4521 1902 4574 ab
1935 4518 2054 4572 aliis
2090 4515 2396 4571 hominibus
2440 4513 2636 4568 ibidem
2675 4509 2934 4564 voluisset
2971 4507 3144 4560 adhuc
3176 4503 3399 4573 augeri,

1836 4628 2100 4685 pauperes
2120 4620 2176 4667 et
2200 4608 2466 4681 peregrini
2492 4607 2684 4662 exinde
2706 4604 2944 4658 valerent
2973 4614 3069 4670 per
3093 4592 3402 4652 inconvulsa

1835 4716 2078 4774 tempora
2112 4703 2366 4758 recreari.
3392 4693 3394 4696 ’

1835 4797 1962 4852 ΟΜ).
1983 4793 2100 4848 XX.
2123 4825 2193 4835 ——
2210 4793 2288 4847 De
2310 4781 2462 4846 cruce
2487 4807 2653 4872 aurea
2673 4803 2828 4858 quant
2849 4785 2985 4838 idem
3020 4797 3111 4836 rex
3139 4775 3265 4832 inibi
3289 4771 3404 4844 ﬁeri

2515 4869 2695 4930 jussit.

1908 4961 2134 5017 Crucem
2161 4958 2322 5014 etiam
2352 4967 2620 5023 magnam,
2651 4964 2771 5018 qua:
2804 4955 2950 5000 retro
2975 4944 3142 4997 altare
3182 4951 3404 4994 aureum

1837 5058 2147 5123 poneretur,
2177 5062 2244 5102 ex
2271 5059 2405 5100 auro
2441 5056 2575 5111 puro
2620 5049 2676 5093 et
2727 5030 3129 5106 pretiosissimis
3179 5024 3404 5098 gemmis

1839 5119 2034 5210 insigni
2078 5151 2240 5207 opere
2263 5151 2328 5189 ac
2358 5131 2718 5188 munitissima
2753 5127 2886 5181 artis
2918 5123 3212 5179 subtilitate
3240 5119 3406 5174 fabri-

1799 5271 1808 5284 .
1840 5233 1949 5288 cari
1967 5229 2147 5298 jussit,
2173 5241 2333 5297 quam
2358 5227 2547 5279 beatus
2570 5221 2792 5289 Eligius,
2816 5233 2882 5272 eo
2906 5216 3046 5285 quod
3075 5213 3164 5268 illo
3184 5213 3237 5266 in
3265 5219 3404 5266 tem-

1840 5337 1970 5394 pore
1992 5333 2233 5375 summus
2261 5315 2467 5370 aurifex
2502 5313 2616 5382 ipse
2654 5311 2708 5364 in
2740 5323 2905 5378 regno
2937 5306 3250 5367 haberetur,
3280 5313 3404 5356 cum

1841 5423 1896 5470 et
1920 5414 2023 5468 alia
2053 5427 2172 5481 quae
2201 5411 2268 5464 ad
2294 5409 2460 5478 ipsius
2495 5404 2728 5459 basilica:
2767 5408 3015 5456 ornatum
3046 5394 3404 5467 pertinebant,

1844 5518 2062 5562 strenue
2110 5506 2474 5570 praepararet,
2529 5493 2758 5563 eleganti
2807 5489 3122 5546 subtilitatis
3172 5481 3404 5551 ingenio,

1843 5598 2130 5656 sanctitate
2195 5592 2492 5662 opitulante
2549 5586 2773 5642 miriﬁce
2836 5581 3134 5639 exornavit.
3207 5573 3408 5640 Nempe

1844 5685 2213 5743 moderniores
2232 5679 2481 5735 auriﬁces
2501 5691 2744 5732 asscvera
2753 5687 2808 5728 re
2830 5672 3003 5727 solent
3023 5667 3164 5736 quod
3179 5663 3244 5716 ad
3271 5676 3407 5728 prur-

1844 5794 1968 5837 sens
1995 5778 2081 5835 vix
2115 5775 2310 5845 aliquis
2353 5771 2421 5825 sit
2456 5770 2674 5826 relictus
2713 5767 2835 5836 qui,
2867 5759 3112 5831 quamvis
3140 5751 3404 5820 peritissi-
