3950 6308
543 357 678 414 “03
1745 363 2059 424 ANONYMI
2097 365 2366 426 SxECULl
2405 371 2537 428 VIII.
3695 380 3807 436 ιωι

540 469 728 527 musln
742 466 865 524 aliis
881 476 1057 525 exstet
1079 468 1352 540 operibus,
1375 469 1743 540 hujuscemodi
1765 483 1949 534 tamen
1970 493 2117 548 gem-
2141 481 2192 542 Α
2219 494 2400 536 rorum
2429 489 2484 536 et
2511 480 2826 536 Sclavorum
2851 484 3177 551 consistunt,
3201 503 3328 544 eum
3362 499 3642 559 prompte
3663 506 3804 560 expe-

540 557 698 614 marii
717 565 772 612 et
799 556 1084 627 inclusoris
1113 559 1408 616 subtilitate
1435 561 1611 617 valeat
1656 579 1758 633 per
1806 567 1979 622 multa
2020 583 2117 622 an-
2216 578 2410 638 terunt,
2447 579 2507 627 ut
2542 571 2632 628 ille
2669 580 2793 642 post
2842 583 3056 644 tergum
3080 593 3266 634 eorum
3313 556 3428 636 iret
3475 556 3744 646 feliciter,
3763 584 3803 637 ’m

541 665 736 706 norum
759 649 1046 714 curricula,
1083 665 1150 706 eo
1175 651 1318 721 quod
1345 650 1413 706 de
1459 668 1558 708 usu
1593 657 1904 724 recesserit,
1953 657 2022 712 ad
2050 657 2117 711 li-
2151 651 2160 657 ’

541 739 764 810 quidam
805 740 1194 808 experientiam
1224 741 1501 811 consequi.
1554 741 1690 798 Nam
1717 751 1774 799 et
1821 759 1920 816 per
1948 754 2114 802 totam

540 827 826 884 ecclesiam
844 842 976 882 auro
1012 835 1188 884 textas
1220 837 1418 896 vestes,
1442 833 1859 902 margaritarum
1882 834 2114 890 varieta-

539 913 686 972 tibus
712 915 1076 986 multipliciter
1117 927 1438 982 exornatas,
1481 919 1536 973 in
1584 921 1882 1001 parietibus
1927 931 1982 977 et
2018 937 2112 978 co-

539 1004 736 1062 lumnis
781 1014 942 1076 atque
967 1007 1200 1062 arcubus
1238 1008 1493 1077 suspendi
1543 1009 1888 1066 devotissime
1911 1010 2112 1080 jussit:

538 1102 801 1166 quatenus
825 1095 1052 1152 aliarum
1073 1097 1425 1154 ecclesiarum
1452 1101 1782 1155 ornamentis
1807 1103 2115 1170 praecellere

535 1187 828 1254 videretur,
855 1197 912 1246 et
959 1189 1284 1245 omnimodis
1333 1191 1739 1261 incomparabili
1773 1193 1951 1248 nitore
1995 1209 2116 1248 ver—

534 1291 672 1333 nans
694 1317 710 1342 ,
759 1279 909 1334 omni
957 1288 1171 1334 terrena
1212 1279 1624 1351 pulchritudine
1683 1289 1898 1350 compta
1953 1291 2114 1354 atque

533 1364 895 1422 intestini-abdi
933 1369 1126 1424 decore
1169 1368 1424 1425 irradiata
1470 1370 1884 1441 splendesceret.
1937 1373 2116 1442 thue

531 1455 714 1512 divina
737 1457 856 1512 laus
890 1467 1148 1528 perpetuo
1173 1474 1205 1513 a
1235 1459 1328 1514 Dei
1359 1459 1660 1516 cultoribus
1701 1461 1900 1516 ibidem
1929 1478 2115 1535 agere-

535 1551 646 1611 tur,
675 1544 907 1614 plnrima
937 1554 992 1603 et
1013 1548 1252 1618 ingentia
1285 1549 1487 1619 praedia
1506 1550 1728 1606 addidit.

530 1653 664 1730 Car.
707 1654 1040 1710 XXI.—De
1065 1657 1302 1726 ingressu
1336 1659 1501 1730 ipsius
1547 1660 1605 1714 in
1649 1659 2013 1730 Burgtmdiam
2062 1676 2110 1719 et

603 1725 1102 1846 gmorzlrrocerum
1127 1725 1199 1780 iet
1251 1725 1444 1798 gaudio
1485 1725 1792 1801 pauperum,
1821 1746 1914 1784 seu
1949 1744 2113 1789 morte

655 1810 758 1846 run
859 1831 874 1846 .

655 1810 874 1847 rursum.

599 1902 768 1974 Igitur
787 1919 911 1963 cum
922 1902 1037 1973 jam
1062 1920 1206 1960 anno
1231 1907 1262 1959 7
1284 1906 1337 1960 in
1351 1909 1642 1964 maximam
1669 1919 1878 1979 partem
1895 1914 2106 1982 paterni

529 1993 703 2064 regni,
746 2001 806 2048 ut
847 2010 1008 2064 supra
1037 1997 1280 2063 memini,
1321 2008 1599 2068 regnaret,
1631 2001 1988 2071 plurimorum
2016 2022 2109 2061 co-

527 2086 721 2141 mitatu
738 2085 964 2142 vallatus
991 2087 1326 2159 Burgundias
1341 2089 1657 2160 ingreditur.
1675 2093 1906 2150 Tantum
1928 2105 2106 2152 autem

526 2173 775 2230 timorem
819 2175 1161 2246 pontificibus
1205 2187 1261 2234 et
1299 2182 1615 2249 proceribus
1662 2183 1718 2238 in
1760 2200 1926 2256 regno
1968 2187 2105 2242 Bur-

525 2265 739 2333 gundio:
765 2267 1206 2337 consistentibus,
1254 2285 1351 2328 seu
1376 2281 1432 2327 et
1457 2275 1668 2331 caneris
1707 2277 1961 2344 ducibus,
2011 2281 2104 2335 ad-

523 2365 714 2412 ventus
743 2357 910 2428 ipsius
945 2359 1267 2428 incusserat,
1303 2371 1362 2419 ut
1401 2367 1612 2422 cunctis
1654 2378 1798 2424 esset
1829 2371 2104 2426 admiran-

522 2447 646 2502 dus.
678 2448 1008 2519 Pauperibus
1031 2468 1264 2524 namque
1295 2453 1564 2525 justitiam
1591 2461 1956 2530 quaerentibus
1975 2478 2107 2532 gau-

523 2536 674 2592 dium
729 2539 1078 2598 vehementer
1131 2545 1484 2617 irrogaverat.
1549 2549 1791 2622 Cumque
1845 2553 2105 2625 Lingonis

525 2631 800 2688 civitatem
851 2637 1106 2702 venisset,
1161 2647 1364 2696 tantam
1396 2644 1663 2702 universis
1710 2647 1812 2703 sibi
1855 2650 2099 2715 subditis,

522 2729 637 2776 tam
679 2725 1000 2782 sublimibus
1047 2745 1208 2798 quam
1237 2735 1582 2802 pauperibus,
1628 2733 1906 2803 judicabat
1943 2738 2102 2807 justi-

527 2810 675 2877 tiam,
719 2821 778 2868 ut
822 2815 1137 2870 crederetur
1176 2821 1396 2874 omnino
1441 2820 1608 2877 fuisse
1646 2824 1755 2878 Deo
1800 2827 2098 2895 placabilis.

521 2900 681 2971 Apud
703 2919 865 2974 quem
910 2906 1115 2961 nullum
1147 2909 1510 2967 intercedebat
1536 2915 1835 2984 prmmium,
1859 2933 1958 2974 nec
1979 2936 2102 2990 per—

521 3004 775 3047 sonarum
833 2995 1111 3064 acceptio,
1167 2997 1262 3054 sed
1311 2999 1422 3053 sola
1475 3001 1853 3059 dominabatur
1887 3005 2098 3076 justitia

2214 667 2428 716 tantum
2452 670 2514 718 ut
2534 661 2700 718 Avari
2742 671 2798 718 et
2840 662 3042 730 Sclavi,
3091 677 3534 740 caterarumque
3583 673 3802 741 gentia-

2213 750 2472 806 nationes
2509 768 2672 808 manu
2696 753 2910 823 publica
2945 754 3113 824 ipsius
3141 758 3330 814 ditioni
3357 761 3800 839 segrbjicieudas

2212 836 2536 896 ﬁducialiter
2575 841 2923 910 sponderent.
2970 843 3097 899 Post
3132 836 3448 903 discessum
3488 865 3634 905 vero
3675 851 3798 906 beati

2209 929 2440 996 Amulli,
2491 933 2667 988 adhuc
2709 934 2936 990 consilio
2991 935 3168 1005 Pipini
3211 938 3449 1008 majoris
3497 941 3715 1008 Minus,
3751 955 3794 998 et

2209 1017 2526 1076 Chuniberti
2561 1023 2832 1091 pontificis
2855 1024 3007 1080 urbis
3047 1024 3286 1084 Colonia:
3313 1038 3511 1094 utens,
3539 1038 3604 1084 et
3640 1033 3711 1087 ab
3731 1033 3790 1102 ip-

2209 1109 2287 1164 sis
2311 1107 2522 1166 fortiter
2545 1111 2876 1179 admonitus,
2912 1117 3286 1184 prosperitatis
3309 1127 3367 1173 et
3385 1117 3636 1186 justitia
3659 1137 3788 1177 ans-

2211 1210 2328 1254 rem
2367 1199 2683 1269 complexus
2708 1201 3081 1258 universarum
3121 1204 3228 1260 sibi
3267 1209 3529 1276 gentium
3573 1211 3791 1268 subdita-

2209 1302 2352 1355 rum,
2374 1305 2549 1359 usque
2571 1293 2700 1345 dum
2733 1291 2952 1357 Parisii,
2974 1300 3035 1348 at
3059 1309 3222 1365 supra
3245 1299 3508 1365 meruisti,
3534 1305 3788 1370 ρει-ναίε-

2207 1386 2293 1434 set
2336 1380 2548 1446 urbem,
2591 1381 2728 1437 adeo
2773 1379 3050 1440 favoribus
3099 1386 3501 1454 extollebatur,
3537 1399 3604 1446 ut
3637 1393 3790 1448 nulhs

2211 1467 2278 1521 de
2296 1469 2724 1536 praecedentibus
2764 1469 3095 1534 Francorum
3130 1476 3360 1547 regibus
3385 1479 3548 1535 illius
3568 1481 3788 1540 iam

2207 1553 2400 1612 fuisset
2442 1559 2854 1628 praecellentior.
2887 1561 3228 1634 Veniensque
3269 1569 3347 1622 ad
3369 1574 3688 1626 veneranda
3719 1589 3786 1628 se-

2209 1647 2394 1715 pulcra
2437 1648 2717 1704 beatorum
2777 1659 3074 1722 martyrum
3129 1655 3385 1726 Dionysii
3431 1660 3784 1733 sociorumque

2209 1734 2346 1804 ejus,
2377 1737 2664 1794 Dominum
2701 1742 3028 1809 precabatur
3060 1751 3122 1798 ut
3159 1760 3226 1800 ea
3253 1763 3390 1816 qua:
3413 1763 3660 1820 ceperat
3679 1755 3784 1822 ἱμάς

2137 1820 2184 1882 Β
2209 1825 2536 1895 martyribus
2559 1827 3015 1886 intercedentibus
3036 1831 3092 1886 in
3133 1847 3201 1888 eo
3225 1841 3364 1890 vota
3399 1820 3778 1905 perﬁceret—[It

2209 1923 2388 1970 autem
2431 1916 2649 1974 eosdem
2698 1926 2968 1990 martyres
3032 1921 3134 1976 sibi
3188 1923 3422 1992 plenius
3481 1930 3775 1996 conciliaret,

2209 2001 2598 2072 Stirpiniacum
2635 2005 2814 2061 villam
2840 2007 2894 2061 in
2933 2023 3070 2078 pago
3094 2009 3444 2084 Wilcassino
3485 2021 3776 2085 mli.

2207 2100 2290 2146 ter
2315 2107 2414 2161 per
2465 2093 2740 2150 ﬁrmitatis
2793 2111 2906 2152 suae
2935 2110 3276 2170 praeceptum
3332 2117 3544 2160 eorum
3587 2109 3780 2165 basilice

2207 2183 2450 2240 tradidit.

2236 2274 2365 2330 Car.
2407 2277 2591 2333 XXIII.
2622 2311 2691 2320 —
2715 2279 2902 2346 Qualis
2929 2283 3066 2337 idem
3099 2301 3193 2340 rea:
3221 2285 3576 2358 Dagobertur
3599 2292 3757 2362 fuerit.

2275 2366 2408 2451 Erat
2465 2369 2730 2438 siquidem
2776 2371 2892 2440 ipse
2949 2374 3507 2442 praecellentissimus
3566 2384 3789 2454 princeps

2201 2447 2366 2526 atque
2398 2474 2490 2513 rex
2517 2459 2850 2530 Dagobertus
2886 2462 3020 2517 satis
3046 2465 3346 2522 admodum
3383 2447 3605 2536 cautus,
3631 2481 3688 2526 et
3713 2447 3785 2526 ia-

2199 2548 2361 2618 genio
2403 2557 2638 2616 astutus,
2668 2551 2816 2608 circa
2846 2552 3136 2610 benevolos
3169 2563 3231 2612 et
3262 2557 3374 2613 sibi
3415 2559 3608 2615 fidem
3645 2579 3793 2617 man-

2203 2644 2409 2704 suetus,
2441 2639 2828 2696 rebellantibus
2851 2657 2979 2698 vero
3000 2657 3095 2699 seu
3129 2645 3361 2714 perfidis
3383 2649 3614 2703 nimium
3647 2651 3800 2706 vide-

2203 2725 2362 2780 batur
2387 2727 2443 2780 in
2470 2743 2636 2798 regno
2663 2730 2938 2788 terribilis.
2969 2731 3072 2802 Qui
3108 2735 3322 2804 optime
3351 2737 3553 2806 regalia
3579 2749 3798 2810 sceptra

2201 2815 2530 2884 gubernans,
2571 2827 2627 2874 et
2648 2818 2754 2889 piis
2780 2822 3127 2894 semetipsum
3152 2824 3628 2896 benignissimum
3651 2832 3792 2887 exhi-

2197 2903 2354 2970 bens,
2382 2911 2442 2960 ut
2480 2905 2568 2960 leo
2597 2914 2777 2962 tamen
2821 2907 3062 2965 fervidus
3107 2912 3408 2968 rebellium
3441 2915 3589 2971 colla
3633 2919 3792 2987 depri-

2201 3011 2373 3061 mens,
2425 3007 2736 3054 exterarum
2777 3000 3016 3070 gentium
3050 2999 3332 3059 feritatem
3385 3008 3634 3064 vallante
3659 3009 3788 3066 forti-

519 3093 681 3148 quam
705 3081 962 3153 diligebat
979 3083 1306 3143 Altissimus.
1333 3089 1534 3146 Deinde
1579 3091 1854 3159 Divionna,
1882 3097 2096 3168 imoque

2201 3085 2383 3141 tudine
2431 3088 2596 3143 animi
2624 3089 2922 3158 saepissime
2980 3091 3382 3164 triumphabat.
3436 3097 3783 3155 Ecclesiam

517 3165 722 3224 Latona
743 3171 986 3228 residens
1000 3173 1288 3244 aliquantis
1304 3177 1509 3245 diebus,
1528 3189 1730 3236 tantam
1748 3160 2095 3241 intentionem

2203 3189 2329 3231 vero
2353 3184 2406 3230 et
2428 3179 2788 3245 sacerdotum,
2826 3160 3314 3252 atque-pauperum
3344 3200 3458 3242 seu
3489 3190 3780 3258 peregrino-

517 3273 643 3314 cum
678 3261 930 3319 universo
969 3267 1119 3337 regni
1155 3268 1240 3323 sui
1292 3271 1489 3340 populo
1525 3271 1756 3340 justitia:
1792 3274 2096 3344 judicandm

513 3361 787 3422 posuerat,
817 3363 876 3409 ut
909 3354 1065 3426 hujus
1089 3359 1439 3431 benignitatis
1470 3363 1736 3420 desiderio
1761 3365 1969 3436 plenus,
1997 3383 2096 3423 nec

515 3457 762 3500 somnum
789 3458 1023 3517 caperet,
1070 3465 1170 3506 nec
1211 3453 1332 3522 cibo
1357 3455 1648 3511 satiarctur
1679 3473 1693 3511 :
1735 3459 2096 3515 intentissime

515 3537 778 3605 cogitans,
802 3547 862 3593 ut
887 3555 1075 3596 omnes
1096 3557 1216 3597 cum
1233 3541 1446 3620 justitia
1473 3558 1689 3617 recepta
1716 3548 1781 3602 de
1803 3559 2094 3619 conspectu

515 3639 613 3680 suo
660 3638 983 3684 remearent.
1038 3631 1238 3688 Eodem
1287 3640 1468 3690 autem
1511 3635 1599 3693 die
1628 3643 1743 3708 “quo
1784 3640 1852 3694 ab
1887 3640 2092 3696 Latona

513 3712 901 3772 Caballonnum
915 3720 1213 3777 deliberare
1223 3734 1498 3796 pmpcrat,
1515 3729 1828 3798 priusquam
1846 3730 2082 3788 lucesce-

511 3814 598 3862 ret
637 3807 887 3864 balneum
919 3811 1236 3886 ingreditur,
1272 3817 1452 3887 ibique
1499 3821 1814 3876 llrunulfum
1861 3839 2094 3878 avuncu-

511 3891 626 3947 Ium
653 3893 840 3952 fratris
869 3899 950 3952 sui
982 3899 1248 3956 Hairberti
1293 3916 1514 3975 pmpter
1540 3906 1908 3964 infidelitatem
1937 3928 2090 3968 suam

425 4031 431 4038 .
511 3983 742 4043 interfici
769 3985 1083 4062 jussit._Qui
1123 3993 1190 4048 ab
1215 3986 1522 4067 Amalgario
1565 4006 1621 4053 et
1645 4001 1945 4059 Arneberto
1991 4001 2088 4058 du-

511 4074 664 4132 cibus
691 4085 746 4132 et
772 4078 1060 4137 Willibado
1079 4083 1310 4152 patricio
1335 4085 1651 4144 interfectus
1675 4097 1777 4144 cst.

509 4191 638 4250 Car.
884 4196 1273 4279 έτ-ηῼιιοηζοάο
1321 4200 1694 4279 Gpmntrudem
1735 4206 2000 4279 reliquerit
2033 4220 2084 4264 et

759 4263 1100 4323 Nauthildem
1154 4271 1210 4324 in
1259 4273 1562 4345 conjugium
1608 4276 1836 4331 duxerit.

577 4373 818 4446 Cumque
865 4377 1252 4436 Caballonnum
1275 4380 1500 4451 justitize
1541 4402 1725 4444 amore
1745 4403 1866 4460 quae
1901 4405 2083 4461 cmpe-

509 4471 596 4570 rat
643 4465 972 4536 perficienda
1022 4470 1138 4539 ipsa
1183 4471 1479 4534 intentione
1529 4491 1799 4552 pergeret,
1834 4491 1956 4552 post
1987 4499 2084 4555 per
2109 4509 2162 4570 υ

507 4552 936 4626 Augustiduuum
963 4558 1395 4620 Autissiodorum
1435 4582 1688 4639 pergens,
1720 4571 1948 4642 indeque
1986 4552 2083 4644 per

506 4643 782 4702 civitatem
814 4645 1078 4715 Senonas,
1127 4650 1366 4710 Parisios
1393 4659 1559 4712 venit.
1590 4659 1774 4730 Ibique
1799 4643 2075 4720 Gomatruc

504 4733 626 4787 dem
649 4735 889 4803 reginam
909 4737 1207 4801 Romiliaco
1243 4743 1396 4810 villa,
1424 4760 1490 4801 eo
1523 4749 1667 4816 quod
1685 4757 1830 4805 esset
1853 4753 2079 4824 sterilis,

503 4839 626 4879 cum
683 4827 910 4882 consilio
967 4829 1297 4888 Francorum
1351 4835 1690 4906 relinquens,
1737 4840 2081 4897 Nanthildem

501 4915 790 4983 quamdam
831 4919 1216 4988 speciosissimi
1265 4926 1474 4983 decoris
1525 4931 1758 4999 puellam
1803 4933 1859 4988 in
1899 4937 2082 4990 matri-

501 5005 744 5094 monium
793 5009 1084 5078 accipiens,
1131 5015 1370 5084 reginam
1413 5019 1742 5077 sublimavit.
1786 5023 1965 5094 Usque
2008 5027 2080 5082 ad

502 5090 636 5149 illud
659 5103 892 5167 tempus,
932 5101 1002 5156 ab
1041 5102 1194 5158 initio
1223 5119 1332 5174 quo
1357 5122 1584 5178 regnare
1608 5090 2080 5182 coeperat;consi-

500 5179 860 5275 lio_primitus
891 5190 1036 5245 beati
1065 5191 1273 5249 Arnulfi
1310 5194 1563 5254 Metensis
1603 5179 1753 5258 urb—is
1780 5205 2076 5275 pontiﬁcis,

499 5277 556 5328 et
571 5270 749 5362 l’ipini
777 5276 998 5346 majoris
1021 5281 1211 5338 domus
1237 5299 1387 5352 usus,
1423 5294 1570 5343 tanta
1598 5270 1956 5362 prosperitate
1985 5270 2070 5351 re;

499 5360 621 5436 gale
645 5361 860 5419 culmen
887 5369 941 5421 in
971 5368 1191 5428 Austria
1219 5377 1459 5444 regebat,
1494 5387 1556 5434 ut
1587 5395 1618 5436 a
1659 5360 1868 5440 cunctis
1899 5387 2074 5456 genti-

499 5449 602 5509 bus
629 5452 880 5513 immensi
899 5459 1120 5518 honoris
1133 5464 1344 5522 laudem
1368 5469 1611 5526 haberet.
1645 5449 1929 5532 Timorem.
1941 5493 2072 5535 vero

499 5548 611 5634 tam
641 5541 833 5602 fortem
861 5562 959 5605 sua
1003 5565 1349 5612 concusserat
1389 5557 1660 5628 judicialis
1701 5567 1980 5634 potentia,
2011 5577 2071 5626 ut

499 5633 662 5689 etiam
693 5635 975 5697 devotione
1007 5656 1393 5704 concurrerent
1415 5647 1532 5720 ejus
1565 5667 1626 5710 se
1671 5633 1888 5712 tradere
1911 5633 2070 5714 ditio-

499 5728 583 5794 ni;
612 5739 877 5798 quatenus
903 5742 1091 5805 gentes
1113 5736 1277 5796 etiam
1317 5755 1438 5810 qua:
1479 5743 1622 5805 Circa
1658 5745 1884 5806 limitem
1927 5747 2065 5806 Ava-

2194 3277 2343 3328 rum,
2393 3265 2594 3322 ditator
2638 3282 2802 3338 supra
2851 3271 3067 3325 modum
3111 3271 3476 3341 largissimus
3504 3279 3783 3333 exstiterat.

2197 3351 2486 3410 Exercitiis
2525 3356 2730 3411 viritim
2764 3367 2820 3413 et
2842 3358 3219 3416 venationibus
3261 3363 3500 3420 assidue
3548 3377 3717 3433 utens,
3739 3367 3784 3422 it

2195 3443 2344 3498 omni
2375 3445 2615 3514 agilitate
2652 3461 2912 3517 corporea
2941 3457 3196 3505 strenuus
3241 3461 3422 3524 atque
3470 3456 3783 3528 incomta-

2194 3531 2318 3588 bilis
2359 3543 2496 3588 erat.
2533 3533 2737 3606 Nempe
2768 3537 2872 3592 etsi
2899 3537 3079 3608 aliqua
3121 3553 3281 3594 more
3331 3543 3596 3601 humano
3629 3561 3780 3615 reprc-

2194 3623 2476 3680 hensibilia
2505 3625 2648 3681 circa
2683 3628 3014 3700 religionem,
3043 3641 3306 3702 gravatus
3331 3639 3504 3708 regni
3539 3640 3774 3709 pondere,

2190 3729 2258 3768 ac
2290 3711 2543 3781 juvenilis
2573 3716 2804 3774 inlectus
2840 3722 3013 3775 aetatis
3053 3723 3382 3792 mobilitate,
3427 3729 3624 3784 minus
3647 3739 3778 3784 ante

2192 3821 2348 3862 secus
2373 3821 2535 3875 quam
2563 3810 2845 3877 oportebat
2875 3811 3074 3880 exegit,
3095 3813 3222 3884 quia
3247 3830 3428 3873 nemo
3459 3818 3521 3874 in
3549 3821 3778 3874 omnim

2191 3893 2462 3964 perfectus
2507 3909 2628 3954 esse
2667 3905 2882 3966 potest;
2920 3901 3250 3958 credendum
3299 3913 3395 3960 est
3427 3914 3622 3963 tamen
3658 3911 3776 3978 quad

2193 3994 2464 4042 tantarum
2489 3990 2734 4059 erogatio
2767 3990 3250 4063 eleemosynarum,
3276 4002 3462 4067 atque
3485 4009 3774 4055 sanemu-

2189 4077 2381 4142 oratio,
2420 4093 2650 4147 quorum
2681 4081 2970 4137 memorias
2996 4098 3192 4140 ornare
3220 4093 3278 4139 et
3303 4086 3580 4145 basilicas
3602 4091 3769 4148 ditat.

2187 4167 2257 4222 ob
2281 4168 2699 4238 redemptionem
2727 4186 2840 4228 sua:
2865 4173 3080 4240 animat,
3109 4189 3276 4244 supra
3307 4182 3518 4236 omnes
3553 4183 3768 4236 anteriu-

2190 4273 2278 4314 res
2299 4273 2456 4329 reges
2487 4260 2822 4318 incessanter
2846 4263 3114 4329 studebat,
3159 4267 3308 4334 apud
3337 4269 3770 4327 misericordissi-

2185 4367 2333 4406 mum
2361 4353 2664 4420 Dominum,
2693 4363 2754 4410 ut
2779 4356 2882 4412 hoc
2910 4357 2958 4412 ei
2989 4357 3292 4416 clementer
3325 4361 3672 4436 indulgeret,
3701 4365 3768 4420 fa-

2186 4440 2384 4497 cillime
2411 4442 2686 4514 impetrari
2709 4459 2890 4514 posse.

2185 4531 2312 4588 Car.
2350 4531 2538 4610 XXIV.
2587 4535 2982 4610 —‘-__Quomodo
3029 4537 3432 4610 Ragnarudem
3474 4555 3650 4600 strat-
3689 4563 3772 4600 sar

2253 4605 2492 4684 aosciverit
2527 4603 2788 4687 etnﬁlium
2823 4623 2981 4687 rex-ea
3003 4603 3268 4678 genuerit;
3299 4621 3349 4687 _e_t
3374 4614 3622 4687 qualiter
3647 4616 3772 4687 ιιςι-

2251 4673 2441 4726 tionem
2470 4673 2540 4726 ad
2566 4673 2872 4728 Heracliam
2896 4673 3262 4747 imperatorem
3277 4673 3568 4737 αἰτέειν-ἐι.

2251 4760 2495 4830 Denique
2537 4776 2681 4816 anno
2728 4761 2763 4816 8
2800 4765 2953 4834 regni
2998 4767 3104 4833 sui,
3135 4783 3259 4824 cum
3307 4767 3604 4828 Austriam
3635 4775 3774 4845 res?»

2179 4849 2327 4904 cultu
2350 4850 2679 4915 circumiret,
2708 4860 3046 4925 maestusque
3065 4866 3212 4920 esset
3253 4857 3494 4916 nimium
3530 4879 3604 4918 eo
3638 4864 3770 4942 quod

2178 4940 2369 5006 filium,
2399 4941 2491 5011 qui
2531 4949 2652 5011 post
2679 4957 2805 4998 eum
2831 4955 3106 5016 regnaret,
3157 4948 3382 5006 minime
3431 4952 3647 5011 habere

2179 5030 2408 5085 tuisset:
2464 5031 2758 5100 quamdam
2803 5033 3040 5102 puellam
3089 5038 3309 5095 nomine
3360 5039 3770 5113 Bagaeum]:-

2175 5127 2350 5174 stratu
2401 5137 2508 5187 suo,
2541 5123 2756 5190 ascivit,
2793 5124 2860 5180 de
2905 5141 3016 5196 qua
3065 5143 3132 5184 eo
3167 5145 3314 5186 anno
3353 5131 3632 5204 largiente
3676 5137 3776 5192 Do-

2172 5211 2322 5270 mino
2355 5213 2546 5272 habuit
2579 5214 2772 5281 ﬁlium,
2805 5217 2992 5276 multis
3033 5221 3286 5290 precibus
3332 5232 3506 5296 atque
3533 5228 3772 5284 deana-

2173 5313 2430 5369 synarum
2455 5300 2834 5371 largitionibus
2855 5306 3202 5374 acquisitum.
3231 5309 3566 5369 Hairbertus
3583 5315 3770 5386 itaqu

2172 5405 2267 5445 rex
2311 5390 2484 5446 frater
2510 5391 2630 5461 ejus
2666 5393 2973 5452 Aureliauis
3016 5398 3269 5465 veniens,
3303 5400 3488 5460 ﬁlium
3533 5403 3664 5472 dus
3707 5405 3770 5460 ὰ

2171 5491 2360 5538 sancto
2383 5481 2601 5538 lavacro
2629 5485 2864 5556 excepit.
2893 5485 3139 5558 Namque
3170 5489 3301 5549 dun
3335 5493 3598 5569 eumdem
3643 5509 3770 5564 plne

2169 5589 2292 5630 rum
2318 5575 2642 5630 venerabilis
2680 5575 2766 5630 vir
2808 5575 3089 5642 Amandus
3122 5579 3562 5648 Traiectensium
3611 5585 3766 5640 urbis

2169 5665 2452 5734 episcopus
2478 5665 2842 5732 benediceret,
2871 5681 3108 5739 eumque
3127 5671 3582 5734 catechumenum
3605 5672 3758 5728 face-

2167 5762 2271 5820 ret,
2302 5754 2562 5828 vfinitaque
2593 5756 2838 5814 oratione
2871 5773 3030 5816 nemo
3055 5759 3122 5818 de
3157 5761 3398 5820 exercitu
3429 5770 3600 5820 tanta
3624 5762 3756 5829 ulul-
