3950 6308
117 403 140 458 l
149 401 260 458 ιοε

1256 391 1480 452 GESTA
1520 390 1732 448 DOMNI
1773 387 2185 448 DAGOBER'I'I.

3227 382 3368 439 “06

111 514 358 573 titudinis
403 511 785 584 respondisset,
831 511 1016 576 Amen,
1062 510 1274 580 aperuit
1321 512 1580 567 Dominus
1621 526 1684 566 os
1709 510 1762 572 Α
1787 524 1908 564 rum
1933 521 2158 577 regnum
2181 493 2343 560 Samo
2358 501 2594 566 tenebat,
2642 492 3006 572 negotiatores
3026 497 3364 558 Francorum

109 606 286 678 pueri,
311 603 403 673 qui
427 617 534 658 non
547 601 778 672 amplius
799 617 962 671 quam
987 617 1055 656 ιι.
1082 601 1200 658 dies
1221 617 1254 656 a
1276 601 1562 656 nativitate
1587 602 1685 656 ha-

110 698 294 763 bebat,
323 704 486 764 atque
529 691 876 746 audientibus
900 689 1132 754 uinctis,
1169 689 1468 761 respondit,
1497 691 1682 744 Arnen.

111 786 418 856 Statimque
451 798 576 840 eum
619 796 948 853 regenerans
984 789 1205 837 sanctus
1251 780 1490 851 pontifex
1531 795 1688 836 sacro

109 876 456 948 baptiste,
511 872 871 942 impositoque
922 870 1140 927 nomine
1183 869 1484 940 Sigeberto,
1532 884 1689 940 reges

72 949 166 1024 let
227 974 516 1033 utrumque
563 962 862 1018 exercitum
911 975 1106 1032 magno
1153 960 1384 1030 replevit
1425 960 1690 1016 Dominus

109 1057 310 1128 gaudio
335 1063 496 1124 atque
523 1052 895 1115 admiratione,
945 1049 1253 1120 huiusmodi
1299 1051 1475 1119 signo.
1521 1050 1692 1120 Igitur

107 1147 222 1218 Ega
250 1145 470 1218 quidam
497 1145 563 1199 de
601 1143 936 1212 primoribus
980 1155 1105 1196 cum
1125 1141 1340 1197 ceteris
1359 1139 1691 1196 Neustrasiis

109 1235 337 1290 consilio
357 1231 646 1304 Dagoberti
680 1239 798 1286 erat
823 1230 1092 1287 assiduus.
1131 1231 1212 1288 Eo
1237 1245 1379 1286 anno
1403 1229 1566 1301 legati
1591 1230 1694 1284 Da-

107 1327 322 1398 goberti
350 1324 514 1394 regis,
539 1337 678 1393 quos
705 1323 773 1378 ad
822 1322 1130 1378 lleraclium
1187 1322 1571 1394 imperatorem
1609 1321 1696 1378 di-

107 1425 349 1482 rexerat,
381 1415 468 1472 his
507 1413 838 1478 nominibus,
886 1413 1145 1470 Servatus
1189 1419 1246 1470 et
1293 1412 1577 1476 Patet-nus,
1625 1412 1696 1468 ad

107 1522 238 1561 eum
263 1512 612 1561 revertuntur
646 1503 961 1560 nuntiantes
999 1519 1190 1574 pacem
1243 1517 1306 1560 se
1359 1517 1485 1559 cum
1525 1503 1695 1559 Hera-

107 1595 216 1653 clio
258 1596 526 1651 firmasse.

108 1686 439 1758 Car.XXV.
467 1719 538 1730 —
567 1686 645 1743 De
687 1699 852 1743 morte
881 1687 1172 1758 Har-iberti,
1217 1696 1268 1743 et
1300 1687 1560 1758 quomodo
1591 1686 1699 1742 Da-

177 1757 421 1880 gbobertus
463 1774 675 1829 regnum
701 1767 748 1812 et
775 1759 1046 1813 thesauros
1073 1757 1189 1828 ejus
1228 1757 1340 1812 sum
1373 1757 1563 1812 ditioni
1610 1775 1697 1813 re-

233 1843 370 1898 egert
400 1865 414 1880 .

177 1918 316 1973 Cum
353 1927 531 1973 autem
565 1925 709 1972 esset
741 1918 1022 1974 Reraclius
1047 1901 1340 1989 imperator
1367 1919 1566 1975 litteris
1602 1918 1688 1974 ni-

105 2011 280 2066 mium
305 2011 567 2075 eruditus,
595 2011 956 2080 peritissimus
985 2011 1051 2066 ad
1090 2010 1338 2066 ultimum
1387 2011 1697 2080 astrologus

104 2102 358 2158 efficitur.
393 2100 495 2168 Qui
525 2117 855 2171 cognoscens
895 2102 950 2158 in
985 2103 1220 2158 siderum
1264 2101 1434 2173 signis
1479 2102 1624 2172 quod
1662 2115 1694 2156 a

103 2193 444 2249 circumcisis
469 2193 718 2264 gentibus
747 2194 927 2251 divino
955 2203 1090 2249 nutu
1119 2194 1236 2264 ejus
1280 2195 1567 2264 Imperium
1605 2209 1693 2250 es-

103 2291 192 2338 set
223 2284 561 2347 vastandum,
611 2283 680 2338 ad
727 2284 1092 2354 Dagobertum
1136 2299 1318 2354 regem
1361 2281 1695 2340 Francorum

105 2374 312 2445 dirigit,
356 2381 545 2446 petens
590 2383 650 2429 ut
683 2390 870 2431 omnes
920 2373 1134 2430 Judzeos
1179 2375 1329 2444 regni
1367 2375 1451 2430 sui
1501 2388 1696 2430 secun-

105 2465 237 2520 dum
266 2464 424 2520 fidem
444 2464 765 2520 catholicam
785 2465 1046 2534 baptizari
1069 2465 1405 2536 praeciperet.
1432 2464 1546 2520 Rex
1565 2479 1696 2521 vero

109 2555 447 2625 Dagobertus
469 2554 571 2609 hac
592 2554 876 2612 occasione
895 2564 1106 2622 nactus,
1137 2565 1192 2612 et
1216 2557 1307 2612 Dei
1333 2557 1449 2612 zelo
1475 2557 1694 2623 ductus,

107 2660 233 2702 cum
263 2643 486 2700 consilio
510 2645 828 2714 pontificum
871 2654 1034 2717 atquc
1081 2648 1405 2717 sapientium
1451 2649 1697 2706 virorum

106 2747 299 2790 omnes
323 2733 536 2790 Judieos
563 2735 654 2805 qui
685 2737 1144 2807 regenerationem
1175 2738 1316 2793 sacri
1356 2739 1698 2808 baptismatis

107 2825 384 2895 suscipere
407 2827 715 2894 noluerunt,
744 2829 992 2898 protinus
1018 2845 1047 2884 a
1073 2828 1270 2885 finibus
1298 2831 1448 2900 regni
1479 2831 1563 2886 sui
1585 2831 1700 2901 pel-

107 2915 221 2970 lere
242 2913 426 2982 jussit.
457 2915 526 2970 Et
557 2930 654 2970 rex
675 2917 891 2986 quidem
915 2917 1021 2974 hoc
1035 2934 1246 2974 summo
1264 2921 1473 2990 peregit
1495 2921 1692 2978 studio.

109 3003 216 3059 Sed
242 3003 491 3060 Heraclio
528 3021 636 3059 non
667 3006 734 3060 de
758 3004 979 3073 Judmis,
1006 3007 1100 3062 sed
1139 3007 1206 3062 de
1228 3008 1508 3080 Agarenis,
1536 3011 1589 3064 id
1613 3019 1700 3067 est

109 3094 418 3159 Saracenis,
484 3095 822 3152 circumcisis
871 3099 1140 3168 gentibus,
1195 3097 1370 3154 fuerat
1413 3101 1696 3158 denuntia-

1785 615 1908 657 cum
1934 599 2164 671 plurima
2209 593 2550 652 multitudine
2590 593 2940 659 interficiunt,
2967 601 3024 648 et
3065 595 3226 649 rebus
3265 609 3366 650 ex-

1786 691 2035 762 spoliant.
2062 689 2188 744 Haec
2213 695 2395 743 autem
2422 701 2510 742 res
2541 684 2644 741 fuit
2687 685 2902 742 initium
2954 686 3193 742 scandali
3217 686 3366 744 inter

1786 787 2145 858 Dagobertum
2167 799 2350 855 regem
2384 782 2719 838 Francorum
2758 789 2816 837 et
2854 780 3146 837 Samonem
3181 791 3365 850 reguli

1789 879 2124 936 Sclavorum.
2164 875 2411 945 Dirigens
2447 873 2631 944 itaque
2673 873 3012 944 Dagobertus
3061 869 3368 928 Sicbarium

1790 969 1924 1043 [Αι.,
1953 966 2264 1040 Subarium]
2312 965 2630 1036 iegatarium
2673 964 2745 1020 ad
2788 963 3102 1028 Samonem,
3143 963 3376 1034 rogabat

1789 1067 1851 1116 ut
1898 1060 2263 1130 negotiatores
2310 1073 2446 1128 quos
2481 1057 2566 1113 sui
2617 1054 3026 1119 interfecerant,
3063 1061 3122 1112 et
3156 1067 3246 1110 res
3279 1067 3375 1110 eo-

1791 1165 1911 1205 rum
1962 1148 2148 1203 iilicite
2203 1154 2596 1216 usurpaverant
2615 1187 2631 1211 ,
2698 1160 2823 1200 cum
2872 1142 3090 1212 iustitia
3163 1141 3376 1199 faceret

1790 1237 2100 1293 emendare.
2138 1235 2302 1291 Samo
2342 1243 2522 1290 autem
2574 1233 2764 1291 nolens
2813 1232 3123 1288 Siebarium
3165 1231 3373 1298 videre,

1792 1326 2070 1384 Sicbarius
2103 1333 2254 1380 veste
2293 1324 2513 1379 indutus
2549 1322 2616 1378 ad
2656 1323 2829 1380 instar
2870 1321 3210 1386 Sclavorum,
3243 1333 3370 1376 eam

1792 1421 1906 1478 suis
1953 1419 2022 1474 ad
2047 1425 2394 1487 conspectum
2437 1414 2685 1486 pervenit
2733 1413 3004 1478 Samonis,
3050 1419 3213 1482 atque
3251 1409 3374 1466 uni-

1792 1525 1948 1568 versa
1994 1524 2114 1580 quae
2158 1507 2261 1562 sibi
2295 1505 2508 1562 fuerant
2557 1503 2798 1573 injuncta
2835 1503 3016 1558 eidem
3063 1500 3373 1557 nuntiavit:

1795 1601 1861 1656 de
1895 1601 1982 1656 his
2015 1607 2070 1655 et
2097 1598 2222 1654 aliis
2243 1595 2678 1652 contentionibus
2705 1608 2826 1663 qua:
2869 1591 3014 1648 inter
3035 1599 3216 1661 partes
3237 1597 3376 1648 artat

1795 1694 2029 1755 fuerant,
2079 1703 2276 1760 rogans
2317 1695 2379 1742 ut
2407 1684 2619 1755 iustitia
2658 1683 2976 1740 redderetur
3013 1683 3067 1737 in
3118 1682 3371 1746 invicem,

1801 1795 1866 1836 eo
1899 1776 2042 1851 quod
2071 1777 2236 1833 Samo
2278 1784 2333 1831 et
2357 1773 2586 1846 populus
2630 1772 2782 1843 regni
2809 1771 2895 1826 sui
2926 1771 3229 1841 Dagoberto
3255 1767 3372 1840 regi

1728 1839 1775 1902 ³
1801 1839 2059 1930 dehorent
2082 1839 2382 1923 servitium:
2407 1839 2572 1921 Samo
2589 1839 2720 1920 vero
2742 1839 3072 1933 respondens
3103 1859 3218 1928 jam
3250 1873 3375 1915 sau-

1795 1964 1911 2019 cius
1959 1962 2134 2017 dixit:
2173 1960 2240 2016 Et
2287 1966 2432 2014 terra
2459 1971 2620 2028 quam
2645 1955 2906 2013 habemus
2945 1951 3233 2021 Dagoberti
3269 1957 3376 2016 est,

1796 2065 1851 2114 ct
1872 2069 1979 2130 .nos
2022 2053 2104 2109 sui
2149 2066 2356 2117 sumus,
2399 2050 2446 2104 si
2478 2056 2671 2102 tamen
2715 2044 3042 2114 disposuerit
3082 2041 3366 2097 nobiscum

1797 2145 2066 2203 amicitias
2101 2155 2443 2198 conservare.
2473 2136 2754 2193 Sicbarius
2775 2135 2912 2190 dixit
2945 2151 2958 2188 :
2991 2133 3112 2189 Non
3133 2140 3218 2188 est
3249 2146 3375 2202 pos-

1796 2234 1953 2291 sibilo
1989 2242 2048 2287 ut
2075 2230 2371 2288 Christiani
2405 2237 2460 2284 et
2479 2228 2576 2283 Dei
2611 2227 2757 2283 servi
2783 2240 2906 2280 cum
2935 2224 3162 2280 canibus
3185 2221 3376 2277 amici-

1799 2327 1904 2383 tias
1947 2322 2278 2393 conjungere
2331 2319 2559 2390 possint.
2615 2315 2782 2372 Samo
2809 2329 2842 2370 e
2869 2313 3142 2370 contrario
3191 2309 3372 2367 dixit:

1800 2418 1862 2474 Si
1892 2432 1989 2472 vos
2015 2415 2152 2469 estis
2193 2411 2337 2468 servi
2371 2409 2487 2473 Dei,
2531 2415 2588 2464 et
2639 2422 2738 2463 nos
2766 2405 2862 2461 Dei
2890 2417 3074 2467 canes,
3119 2400 3248 2456 dum
3280 2411 3378 2453 vos

1798 2509 2011 2566 assidue
2044 2513 2233 2563 contra
2274 2503 2448 2574 ipsum
2482 2500 2666 2572 agitis,
2709 2511 2808 2554 nos
2842 2495 3168 2568 permissum
3209 2491 3378 2547 habe-

1797 2615 1920 2658 mus
1953 2613 2051 2654 vos
2091 2595 2362 2652 morsibus
2402 2592 2664 2648 lacerare.
2709 2588 3010 2658 Statimque
3043 2585 3248 2656 eiectus
3293 2587 3380 2638 est

1799 2691 2080 2748 Sicbarius
2105 2690 2172 2743 de
2214 2692 2504 2756 conspectu
2545 2682 2815 2738 Samonis.
2843 2679 3086 2748 Cumque
3116 2678 3232 2732 hac
3273 2675 3380 2732 Da-

1799 2783 2024 2853 goberto
2061 2778 2176 2848 regi
2221 2777 2465 2831 nuntiata
2503 2773 2748 2836 fuissent,
2789 2771 2930 2826 illico
2969 2769 3126 2839 jubet
3161 2769 3227 2822 de
3253 2767 3375 2821 uni.

1798 2887 1957 2930 verso
1979 2886 2142 2941 regno
2166 2867 2568 2923 AuStrasiorum
2607 2873 2794 2920 contra
2820 2862 3110 2916 Samonem
3131 2867 3186 2914 et
3205 2855 3380 2912 Winiz-

1800 2965 1899 3020 dos
1947 2975 2164 3016 movere
2200 2959 2517 3014 exercitum.
2569 2955 2738 3026 Igitur
2792 2967 2915 3008 cum
2959 2951 3136 3005 tribus
3183 2947 3378 3002 turmis

1799 3056 2072 3127 legionum
2097 3067 2265 3121 super
2293 3048 2539 3104 Winidos
2558 3047 2828 3102 exercitus
2849 3043 3166 3112 ingreditur.
3195 3039 3374 3094 Etiam

1801 3153 1857 3201 et
1885 3141 2224 3213 Langobardi
2263 3139 2332 3193 ad
2371 3137 2622 3194 solatium
2668 3133 2957 3202 Dagoberti
3006 3129 3276 3186 hostiliter
3315 3127 3374 3180 in

107 3193 221 3241 tum
255 3203 269 3239 :
316 3186 569 3256 quoniam
601 3185 670 3241 ab
705 3187 836 3257 ipsis
873 3186 990 3256 ejus
1025 3187 1312 3259 imperium
1353 3191 1693 3260 postmodum

107 3278 354 3302 _-_-,._--
374 3291 489 3302 μ--
513 3287 720 3302 --_._-_-
750 3287 798 3302 -.
821 3295 907 3302 ___-
934 3280 1199 3302 __=-.-_.-_
1219 3289 1485 3302 _---.-.--__
1550 3283 1569 3302 Δ
1590 3299 1653 3302 __
1671 3299 1689 3302 _

1803 3185 2034 3290 Sciavo:
2046 3238 2418 3302 perrexerunt.
2459 3226 2637 3282 Sclavi
2667 3231 2849 3279 autem
2889 3222 2977 3277 his
3000 3229 3055 3275 et
3079 3219 3202 3274 aliis
3241 3216 3376 3271 locis

105 3278 354 3334 noscitur
371 3291 490 3332 esse
509 3287 723 3348 captum
749 3287 910 3349 atque
934 3280 1200 3335 violenter
1219 3289 1512 3336 vastatum.
1537 3283 1697 3339 Anno

107 3371 293 3442 itaque
321 3386 462 3426 nono
491 3371 641 3441 regni
687 3370 996 3440 Dagoberti,
1027 3371 1344 3428 Ilairbertus
1379 3371 1546 3427 frater
1585 3370 1702 3440 ejus

107 3467 360 3530 moritur,
408 3466 716 3535 relinquens
762 3466 1042 3535 parvulum
1095 3467 1264 3521 filium
1301 3468 1518 3524 nomine
1555 3465 1701 3522 Chil-

108 3559 373 3620 (Iericnm,
423 3557 622 3628 quique
667 3557 830 3612 etiam
863 3571 963 3612 nec
1009 3567 1132 3628 post
1163 3575 1367 3613 moram
1413 3559 1699 3614 defunctus
1758 3583 1763 3595 σ

108 3657 210 3705 est.
242 3647 523 3718 Omneque
563 3663 785 3720 regnum
829 3647 1100 3704 Hairberti
1130 3665 1237 3704 una
1262 3666 1384 3706 cum
1407 3649 1696 3705 Wasconia

107 3739 446 3808 Dagobertus
497 3755 591 3794 rex
641 3740 889 3810 protinus
941 3757 1053 3796 suae
1110 3741 1304 3796 ditionl
1352 3741 1576 3808 redegit.
1615 3739 1698 3796 Ad

109 3829 454 3884 adducendos
477 3843 692 3899 quoque
718 3829 1002 3884 thesauros
1029 3816 1322 3896 Hairberti,
1349 3838 1404 3884 et
1432 3831 1535 3885 sibi
1561 3846 1700 3900 prm-

109 3917 421 3981 sentandos,
462 3915 756 3973 Barontum
783 3918 1070 3988 quemdam
1113 3920 1304 3975 ducem
1335 3921 1549 3976 direxit.
1596 3920 1699 3974 Ba-

109 4016 305 4063 rontus
334 4015 513 4062 autem
557 4023 726 4079 grave
753 4009 1093 4078 dispendium
1123 4009 1312 4065 fecisse
1342 4011 1694 4082 dignoscitur,

108 4098 344 4154 fideliter
364 4114 470 4153 una
505 4113 626 4153 cum
654 4098 922 4154 thesauris
949 4099 1152 4155 furtum
1186 4100 1410 4168 faciens,
1440 4103 1696 4157 nimium-

109 4204 215 4260 que
243 4189 440 4244 exinde
467 4187 837 4244 fraudulenter
864 4191 1155 4248 subtraxit.

177 4279 313 4335 Car.
337 4309 408 4319 —
434 4278 625 4333 XXVI.
657 4277 734 4332 De
761 4279 1302 4351 morteandegiseli,
1333 4281 1423 4351 qui
1451 4281 1622 4350 fuerat

455 4364 729 4419 germanus
776 4347 1088 4404 Nantftifdw
1139 4347 1351 4419 regium.

179 4442 391 4497 Eodem
461 4453 704 4510 tempore
770 4457 1059 4512 germanus
1128 4441 1432 4498 Nanthildis

113 4531 340 4585 nomine
368 4529 753 4601 Landegiselus
776 4531 1059 4588 defunctus
1084 4541 1187 4599 est,
1231 4542 1394 4602 atque
1440 4533 1494 4588 in
1523 4533 1694 4588 eccle-

110 4619 192 4673 sia
235 4621 517 4673 beatorum
549 4626 846 4689 martyruut
881 4620 1120 4691 Dionysii
1169 4621 1549 4691 sociorumque
1578 4619 1694 4690 ejus

107 4706 332 4776 iubente
358 4721 484 4778 rege
511 4709 808 4766 honorifice
858 4711 1119 4782 sepultus.
1169 4711 1374 4782 Regina
1419 4727 1551 4767 vero
1602 4711 1695 4766 de-

109 4805 372 4868 precante
409 4807 471 4852 ut
496 4811 596 4868 pro
641 4799 916 4868 sepultura
955 4799 1036 4855 sui
1077 4799 1262 4856 fratris
1304 4800 1551 4856 Alateum
1595 4797 1695 4855 vil-

1497 4445 1694 4514 reginae

112 4885 247 4952 lare,
277 4887 439 4942 situm
466 4887 520 4942 in
560 4901 697 4957 pago
716 4888 1010 4953 Parisiaco,
1037 4889 1275 4945 basilica:
1304 4889 1687 4960 prmdlctorum

111 4982 413 5047 martyrum
451 4976 740 5047 delegaret,
773 4992 838 5032 eo
867 4979 1011 5048 quod
1045 4979 1336 5050 praedictus
1372 4979 1694 5049 Landegiseq

111 5067 199 5125 ius
235 5069 363 5124 dum
388 5069 594 5124 viveret
629 5084 727 5140 per
765 5078 1090 5140 prteceptum
1124 5069 1298 5141 regale
1324 5067 1565 5125 eamdem
1591 5067 1691 5122 vil-

113 5152 281 5211 lulam
301 5165 696 5227 promenterat,
739 5174 836 5213 rex
877 5158 1232 5214 libentissime
1268 5159 1568 5214 concedens
1601 5174 1692 5213 an-

113 5249 252 5312 nuit,
303 5258 738 5320 prmceptumque
785 5249 1003 5321 insuper
1049 5251 1114 5306 de
1151 5250 1460 5321 supradicto
1505 5249 1690 5304 Alateo

112 5339 303 5396 villarc
339 5340 454 5396 fieri
483 5342 900 5412 prtescntiaiiter
939 5337 1124 5410 jussit,
1155 5350 1316 5412 atque
1351 5341 1566 5411 propria
1598 5339 1690 5395 fir-

115 5431 322 5487 mitatis
375 5434 701 5490 auctoritate
759 5435 1100 5506 subscripsit,
1149 5441 1203 5489 et
1249 5434 1431 5489 annuli
1464 5435 1688 5505 impres-

116 5518 268 5575 sione
297 5521 498 5592 signari
525 5524 804 5596 praecepit.

115 5605 258 5685 Car.
281 5609 491 5685 XX_VII.
527 5639 598 5654 -—
621 5612 698 5668 De
727 5614 879 5685 initio
908 5613 1146 5669 scandafi
1177 5614 1312 5669 inter
1339 5605 1688 5685 Dagoberfttm

151 5681 319 5748 regem
351 5679 679 5738 Francorum
701 5694 752 5740 et
791 5682 1070 5740 Senonem
1107 5700 1276 5756 regem
1324 5679 1652 5740 Seleucum.

188 5767 264 5822 Eo
299 5770 460 5841 igitur
488 5787 632 5828 anno
675 5771 852 5828 Sclavi
899 5783 1253 5838 cognomento
1283 5774 1506 5841 Winidi,
1557 5791 1688 5844 qum

1801 3341 1861 3383 se
1901 3341 1934 3382 e
1963 3323 2236 3380 contrario
2279 3326 2614 3392 reparantes,
2663 3315 3084 3370 Alamannorum
3106 3307 3377 3364 exercitus

1801 3436 1923 3476 cum
1965 3417 2271 3472 Rodoberto
2326 3415 2462 3468 duce
2504 3411 2562 3465 in
2611 3417 2762 3480 parte
2811 3420 2917 3476 qua
2968 3405 3244 3474 ingressus
3290 3407 3376 3456 est

1797 3511 2080 3568 victoriam
2109 3505 2360 3563 obtinuit.
2397 3499 2731 3573 Langobardi
2761 3499 2888 3553 item
2913 3509 3036 3550 cum
3069 3491 3374 3561 Dagoberto

1797 3605 2079 3660 victoriam
2157 3601 2542 3659 obtinuerunt,
2617 3597 2672 3647 et
2730 3589 3019 3662 plurimum
3087 3593 3374 3640 numerum

1800 3697 2134 3767 captivorum
2183 3691 2250 3745 dc
2319 3687 2526 3744 Sclavis
2572 3681 2854 3739 Alamanni
2923 3686 2978 3733 et
3033 3673 3376 3746 Langobardi

1799 3803 1985 3844 secum
2010 3785 2296 3839 duxerunt.
2337 3780 2452 3835 Rex
2475 3792 2603 3832 vero
2639 3784 2836 3831 terram
2874 3771 3022 3826 illam
3063 3770 3372 3824 devastans.

1797 3878 1868 3932 ad
1891 3874 2166 3946 proprium
2206 3885 2428 3943 regnum
2456 3879 2702 3924 reversus
2733 3871 2836 3920 est.

1798 3987 1928 4042 Car.
1966 3982 2198 4040 XXVIII.
2226 4013 2298 4022 —
2330 3979 2407 4034 De
2431 3977 2756 4033 contentione
2777 3973 3068 4042 Avarorum
3095 3981 3142 4024 et
3176 3969 3380 4042 Bulgaf.

1870 4038 2169 4118 rer-umet
2214 4049 2464 4123 qualiter‘
2494 4047 2814 4123 Dagoberti“
2865 4041 3119 4112 Bulgares
3171 4040 3260 4110 qui
3302 4038 3373 4094 ad

1866 4142 1984 4182 eum
2025 4116 2267 4178 venerant
2293 4118 2514 4188 interﬁci
2533 4116 2770 4186 jusserit.

1869 4237 2146 4306 Siquidem
2193 4233 2382 4288 eodem
2423 4243 2566 4283 anno
2604 4227 2746 4280 inter
2776 4223 2983 4276 Avaros
3015 4226 3373 4290 cognomento

1794 4329 2015 4386 Chunos
2085 4331 2140 4380 et
2199 4334 2424 4390 regnum
2481 4314 2751 4386 liispanim
2799 4313 3089 4366 vehemens
3132 4307 3372 4363 surrexit

1796 4415 2088 4477 contentio,
2121 4427 2188 4467 eo
2210 4409 2354 4481 quod
2378 4413 2650 4463 certarent
2683 4404 2825 4459 inter
2848 4417 2927 4467 se,
2957 4400 3044 4456 cui
3081 4399 3372 4454 deberetur

1791 4519 2019 4577 regnum
2057 4503 2126 4558 ad
2155 4498 2547 4556 succedendum
2573 4513 2587 4549 :
2627 4494 2796 4550 altera
2818 4507 2946 4562 pars
2981 4506 3047 4546 ex
3077 4489 3289 4555 Avaris,
3315 4495 3371 4548 et

1722 4573 1775 4634 D
1795 4573 1967 4652 altera
2015 4610 2086 4650 ex
2146 4589 2414 4662 Bulgaris.
2480 4585 2716 4642 Collecta
2777 4584 2958 4652 itaque
3001 4579 3366 4644 multitudine,

1795 4704 1920 4746 cum
1947 4686 2162 4756 utrique
2203 4698 2262 4738 se
2319 4680 2548 4735 invicem
2595 4677 2990 4745 impugnarent,
3042 4671 3260 4727 tandem
3298 4673 3372 4728 ab

1795 4782 1986 4840 Araris
2017 4777 2230 4850 Duigari
2256 4781 2596 4844 superantur.
2628 4768 2729 4835 Qui
2755 4767 3178 4822 devicti'novem
3198 4763 3368 4820 millia

1795 4887 1917 4928 cum
1941 4869 2203 4926 uxoribus
2238 4872 2294 4920 et
2328 4861 2511 4918 liberis
2545 4860 2612 4914 de
2636 4858 2910 4913 Pannonia
2932 4857 3138 4927 expulsi
3185 4867 3367 4928 regem

1795 4966 2156 5036 Dagobertum
2205 4964 2484 5028 expetunt,
2533 4961 2777 5024 petentes
2816 4959 2876 5005 ut
2919 4965 3014 5006 eos
3061 4949 3115 5003 in
3165 4955 3365 5003 terram

1793 5053 2126 5110 Francorum
2165 5049 2233 5104 ad
2259 5047 2581 5102 utanendum
2607 5042 2888 5112 reciperet.
2935 5039 3050 5095 Rex
3080 5045 3259 5093 autem
3297 5039 3367 5095 ad

1794 5143 2140 5200 hiemandum
2185 5155 2278 5196 eos
2325 5139 2379 5194 in
2425 5136 2765 5206 Bajuvariam
2799 5134 3041 5203 recipere
3085 5131 3362 5202 praecepit,

1795 5233 2085 5292 dummodo
2115 5236 2471 5303 pertractaret
2505 5243 2629 5284 cum
2655 5225 2880 5282 Francis
2913 5224 3042 5294 quid
3069 5222 3263 5278 exinde
3285 5221 3367 5278 fa-

1795 5337 1963 5384 ceret.
2005 5326 2246 5396 Cumque
2284 5322 2512 5396 dispersi
2533 5337 2630 5392 per
2655 5321 2842 5376 domos
2869 5318 3272 5392 Bajuvariorum
3297 5315 3366 5371 ad

1795 5417 2142 5476 hiemandum
2188 5415 2432 5478 fuissent,
2491 5411 2722 5484 sapienti
2764 5409 2990 5466 consilio
3036 5408 3366 5464 Francorum

1796 5523 1888 5569 rex
1923 5508 2223 5580 Bajuvariis
2239 5506 2392 5578 jubet
2415 5513 2476 5562 ut
2499 5505 2758 5576 Bnlgares
2787 5504 2910 5561 iiios
2945 5519 3068 5560 cum
3103 5503 3367 5558 uxoribus

1796 5611 1852 5656 et
1876 5601 2062 5658 liberis
2097 5600 2465 5671 unusquisque
2492 5612 2928 5670 unumquemque
2965 5597 3018 5652 in
3039 5597 3221 5664 domo
3263 5610 3363 5655 sua

1793 5693 1852 5748 in
1875 5708 1984 5748 una
2009 5701 2168 5750 nocte
2193 5693 2535 5749 interficeret.
2562 5689 2716 5759 Quod
2741 5689 2988 5764 protinus
3012 5703 3042 5742 a
3066 5685 3364 5756 Bajuvariis

1801 5785 2074 5853 impletum
2099 5794 2201 5853 est,
2237 5799 2337 5842 nec
2369 5785 2652 5856 quisquam
2689 5798 2754 5840 ex
2787 5781 2890 5837 illis
2916 5778 3218 5850 rcmansit._
