3950 6308
539 398 561 452 ἰ
571 396 679 452 407

1779 391 1961 447 ANON
1973 390 2088 446 YMI
2129 387 2398 446 SASCULI
2439 385 2565 445 Vl".

3683 391 3808 451 τως

535 509 662 565 CAR
700 505 890 562 χχιχ,
918 537 988 545 —
1012 504 1087 560 De
1134 513 1297 559 morte
1345 503 1583 582 εἰσερράὶ
1624 505 1756 582 regis
1790 504 2063 582 Ιίίεραῃὶω
2083 544 2098 568 ,
2129 505 2176 564 Δ
2204 520 2466 575 gressum,
2497 520 2620 558 cum
2649 506 2892 559 exercitu
2918 507 3262 566 nil'moratus
3277 527 3344 566 ex
3379 528 3564 582 regno
3589 516 3803 573 Austra-

603 579 744 633 etde
787 576 1026 630 missorio
1067 591 1224 629 aureo
1252 591 1402 645 quem
1443 573 1766 630 Sisenandus
1807 573 2102 646 Dagoberto

607 649 715 718 regi
741 647 1068 716 promiserat.

606 781 810 836 Eodem
823 793 952 833 vero
967 793 1107 832 anno
1117 777 1245 847 quid
1268 777 1509 848 partibus
1527 776 1796 846 Hispania:
1815 777 1899 832 vel
1919 791 2109 831 eorum

539 871 755 940 regibus
773 868 1078 937 contigerit,
1105 883 1213 922 non
1232 867 1658 936 prastermittam.
1684 865 1944 921 Defuncto
1966 865 2112 922 Sise-

539 960 680 1016 bodo
719 973 842 1029 rege
874 957 1311 1021 clementissimo,
1361 958 1447 1012 cui
1496 957 1702 1012 Sentila
1745 966 1870 1012 ante
1913 973 2112 1012 annum

541 1051 758 1107 circiter
785 1057 1117 1104 successerat
1137 1049 1192 1102 in
1222 1064 1465 1119 regnum,
1489 1064 1614 1104 cum
1635 1058 1779 1103 esset
1805 1048 2012 1103 Sentila
2034 1048 2116 1101 ni-

541 1141 709 1195 mium
729 1139 784 1193 in
813 1139 926 1194 suis
951 1139 1184 1208 iniquus,
1207 1146 1261 1192 et
1280 1138 1520 1193 omnium
1545 1138 1696 1206 regni
1719 1137 1800 1192 sui
1821 1137 2115 1207 primatum

542 1231 843 1286 incurreret
863 1230 1063 1294 odium,
1093 1245 1215 1284 cum
1249 1229 1472 1284 consilio
1509 1238 1825 1284 cancrorum
1856 1228 2120 1284 Sisenan-

545 1318 644 1374 dus
681 1319 898 1388 quidam
925 1333 992 1373 ex
1022 1319 1333 1388 proceribus
1357 1319 1713 1388 Dagohertum
1747 1332 1928 1387 regem
1955 1331 2120 1386 cxpe-

544 1409 652 1475 tiit,
682 1419 743 1464 ut
765 1409 815 1464 ei
853 1424 974 1463 cum
1000 1408 1237 1463 exercitu
1266 1409 1631 1471 auxiliaretur,
1670 1407 1903 1476 qualiter
1941 1406 2121 1461 Senti-

545 1495 653 1550 lam
682 1495 972 1565 depelleret
1004 1511 1186 1565 regno.
1209 1495 1267 1550 In
1294 1495 1452 1564 hujus
1481 1510 1607 1551 vero
1641 1493 1886 1550 beneﬁcii
1909 1509 2119 1550 recom-

543 1587 859 1655 pensatione
885 1586 1190 1641 missorium
1232 1601 1453 1640 aureum
1490 1584 1881 1641 nobilissimum
1909 1601 1977 1640 ex
2004 1587 2123 1640 the-

547 1676 720 1730 sauris
761 1674 1080 1742 Gothomm,
1123 1690 1282 1745 quem
1313 1675 1713 1730 Thuresmodus
1753 1690 1848 1730 rex
1896 1677 1964 1730 ab
2001 1675 2123 1730 Etio

545 1765 773 1836 patricio
816 1773 1157 1834 susceperat,
1189 1766 1300 1835 regi
1327 1767 1455 1820 dare
1477 1765 1768 1836 promittit,
1806 1774 2120 1834 pensantem

2211 594 2410 646 siorum
2440 593 2507 646 ab
2536 594 2670 647 urbe
2709 593 2887 649 Mettis
2910 612 3250 666 promovens,
3281 606 3527 658 transita
3557 606 3805 666 Ardeam

2129 701 2131 704 ·
2211 679 2533 750 Magontiam
2557 683 2906 752 aggreditur;
2925 687 3316 760 disponensque
3339 693 3618 751 Rhenum
3643 706 3804 755 trans-

2210 769 2322 834 ire,
2371 785 2581 825 scaram
2611 772 2679 828 de
2704 773 2891 829 electis
2922 778 3054 832 viris
3095 779 3324 838 fortibus
3367 800 3442 838 ex
3473 787 3740 844 Neustria
3762 807 3806 847 et

2211 859 2517 929 Burgundia
2537 875 2660 914 cum
2681 862 2905 919 ducibus
2923 875 2977 920 et
2998 869 3325 938 grafionibus
3367 889 3571 930 secum
3597 879 3802 947 habens,

2215 947 2458 1003 Saxones
2491 949 2684 1006 missos
2708 953 2774 1006 ad
2803 967 2927 1008 eum
2953 957 3207 1030 dirigunt,
3241 973 3500 1032 petentes
3531 981 3600 1023 ut
3630 974 3708 1026 eis
3726 978 3804 1029 tri-

2213 1040 2361 1105 buta,
2397 1056 2517 1109 qute
2551 1041 2802 1098 ﬁscorum
2831 1044 3128 1105 ditionibus
3151 1054 3546 1126 desolvebant,
3579 1063 3802 1136 indulge-

2215 1139 2316 1184 ret.
2346 1131 2449 1201 Ipsi
2479 1148 2607 1188 vero
2634 1136 2810 1192 studio
2835 1153 2933 1194 suo
2953 1150 3008 1195 et
3029 1144 3261 1200 utilitate
3289 1147 3542 1207 Winidis
3569 1131 3802 1214 resisten-

2218 1221 2344 1276 dum
2371 1222 2655 1290 spondent,
2689 1234 2744 1279 et
2771 1226 3105 1286 Francorum
3151 1235 3383 1294 limitem
3418 1242 3489 1297 de
3518 1245 3635 1301 illis
3659 1255 3801 1317 parti-

2217 1310 2318 1365 bus
2348 1312 2626 1368 custodire
2666 1319 3009 1383 promittunt.
3061 1324 3175 1378 Rex
3207 1327 3399 1398 itaque
3456 1310 3798 1405 Dagoberms,

2218 1401 2442 1456 consilio
2470 1401 2904 1461 Neustrasiorum
2943 1411 3186 1482 adeptus,
3214 1419 3298 1473 eis
3337 1425 3493 1490 quod
3523 1401 3802 1495 poscebant

2219 1495 2484 1563 praastitit.
2519 1495 2761 1554 Saxones
2785 1509 2986 1567 autem,
3015 1507 3104 1574 qui
3136 1509 3296 1578 hujus
3324 1517 3626 1583 petitionis
3645 1539 3800 1595 sugge-

2222 1585 2374 1640 rendi
2419 1601 2579 1642 causa
2605 1602 2895 1656 venerant,
2935 1602 3329 1668 sacramentis,
3377 1616 3446 1660 ut
3483 1624 3677 1666 eorum

2222 1685 2382 1741 erat,
2428 1691 2590 1746 super
2623 1694 2774 1735 arma
2805 1686 3065 1752 patratis,
3120 1699 3343 1759 pactum
3395 1712 3506 1766 pro
3559 1703 3798 1762 universis

2229 1762 2531 1820 Saxonibus
2566 1767 2799 1825 ﬁrmant.
2829 1771 2932 1828 Sed
2961 1789 3149 1844 parum
3190 1781 3309 1837 haec
3337 1762 3639 1854 promissio
3661 1799 3796 1851 sorti-

1807 1831 1824 1834 _
2961 1831 2976 1844 ι
3136 1831 3145 1832 ί
3190 1831 3306 1837 -“““’
3337 1831 3639 1854 r"’“‘""‘"’"
3661 1831 3792 1851 Nl"-

547 1831 667 1908 auri
695 1855 932 1924 pondera
974 1831 1284 1925 quingenta.
1324 1855 1440 1910 Rex
1477 1831 1659 1910 autem
1693 1856 2024 1926 Dagobertus
2065 1864 2126 1910 ut
2153 1831 2202 1894 Β
2228 1862 2314 1910 tur
2337 1855 2605 1912 effectum.
2635 1859 2889 1918 Attamen
2936 1865 3178 1924 Saxones
3217 1873 3501 1932 tributum
3529 1883 3659 1949 quod
3681 1888 3792 1947 red-

547 1943 750 1997 eratin
772 1943 971 2012 prmliis
993 1953 1271 2011 strenuus,
1299 1946 1594 2001 exercitum
1621 1946 1675 2000 in
1703 1946 1959 2001 auxilium
1983 1945 2127 2001 Sise-
2225 1943 2353 1999 dere
2403 1960 2832 2017 consueverant,
2896 1969 2994 2023 per
3046 1963 3485 2030 prazceptionem
3538 1971 3794 2042 Dagohcru

550 2033 712 2087 nandi
739 2041 910 2089 totum
947 2036 1098 2107 regni
1136 2036 1456 2107 Burgundize
1493 2036 1618 2106 jure
1640 2039 1809 2109 praelii
1837 2038 2123 2094 convocari

547 2125 833 2195 pmcepit,
879 2127 1158 2198 eidemque
1205 2128 1600 2184 Abundantium
1647 2139 1703 2185 et
1749 2131 2125 2187 Venerandum

549 2216 712 2271 duces
746 2207 1018 2272 instituit.
1079 2216 1318 2288 Cumque
1373 2219 1428 2274 in
1481 2221 1739 2290 Hispania
1793 2221 2125 2291 divulgatum

549 2300 756 2369 fuisset,
800 2307 1097 2361 exercitum
1132 2308 1464 2364 Francorum
1507 2310 1574 2364 ad
1602 2310 1978 2366 auxiliandum
2023 2311 2125 2384 sibi

551 2392 907 2451 Sisenandum
946 2399 1223 2469 aggregari
1248 2440 1263 2466 ,
1306 2400 1482 2456 omnis
1514 2401 1814 2457 Gothorum
1856 2404 2126 2459 exercitus

551 2498 609 2537 se
661 2485 848 2542 ditioni
903 2485 1181 2545 Sisenandi
1215 2491 1447 2563 subegit.
1493 2492 1866 2549 Abundantius
1908 2509 2037 2549 vero
2070 2503 2126 2550 et

551 2573 900 2632 Venerandus
927 2579 1089 2634 duces
1122 2579 1407 2651 Dagoberti
1438 2583 1580 2652 regis
1607 2599 1713 2638 una
1733 2599 1855 2639 cum
1883 2585 2125 2640 exercitu

551 2663 819 2720 Tolosano
861 2675 1066 2722 tantum
1116 2685 1285 2738 usque
1339 2671 1799 2742 Caesaraugustam
1852 2661 2126 2729 civitatem

551 2767 676 2806 cum
703 2752 1000 2810 Sisenando
1027 2769 1400 2825 accesserunt;
1443 2760 1624 2829 ibique
1660 2776 1847 2817 omnes
1876 2761 2037 2817 Gothi
2059 2762 2126 2818 de

552 2855 718 2910 regno
746 2842 1015 2912 Hispaniae
1041 2847 1345 2916 conglobati
1371 2847 1726 2905 Sisenandum
1753 2851 2042 2907 sublimant
2068 2853 2126 2908 in

553 2945 794 2999 regnum.
846 2931 1219 2990 Abundantius
1265 2944 1442 2992 autem
1495 2947 1550 2994 et
1598 2941 1944 2997 Veneraudus
2002 2957 2126 2998 cum

552 3021 792 3074 exercitu
819 3021 1084 3078 Tolosano
1119 3027 1430 3082 muneribus
1469 3029 1719 3087 honorati
1763 3035 1966 3090 reversi
2000 3043 2126 3092 sunt

552 3110 620 3166 ad
642 3113 888 3181 proprias
914 3114 1087 3168 sedes.
1129 3114 1243 3170 Rex
1286 3117 1514 3188 denique
1538 3121 1873 3193 Dagobcrtus
1901 3125 2127 3197 legatio—

551 3218 676 3257 nem
715 3204 781 3258 ad
822 3204 1176 3260 Sisenandum
1213 3223 1392 3279 regem
1427 3226 1523 3280 per
1547 3212 1908 3284 Amalgarium
1935 3217 2124 3272 ducem

551 3300 608 3347 et
647 3293 1020 3348 Venerandum
1069 3295 1272 3367 dirigit,
1311 3307 1372 3352 ut
1421 3301 1726 3357 missorium
1776 3305 1925 3359 illum
1970 3321 2128 3376 quem

552 3381 874 3450 promiserat
895 3383 1068 3438 eidem
1104 3387 1511 3444 transmitteret.
1543 3389 1782 3462 Cumque
1812 3410 1842 3448 a
1873 3393 2128 3451 Sisenan-

555 3469 624 3523 do
651 3470 932 3526 missorius
960 3471 1048 3527 ille
1087 3472 1360 3544 legatariis
1390 3478 1580 3535 fuisset
1609 3484 1854 3550 traditus,
1883 3501 1914 3540 a
1940 3486 2130 3544 Gothis

553 3574 652 3629 per
671 3561 814 3616 viam
837 3562 1069 3628 tollitur,
1101 3579 1200 3620 nec
1222 3581 1343 3621 eum
1371 3569 1564 3625 exinde
1591 3573 1904 3630 abstrahere
1931 3579 2130 3646 permi-

557 3660 762 3707 serunt.
799 3653 990 3709 Postea
1022 3671 1152 3712 vero
1180 3659 1544 3718 diséurrentes
1573 3663 1735 3735 legati
1763 3668 1988 3724 ducenta
2012 3671 2132 3725 mil-

555 3740 626 3795 lia
654 3743 947 3798 solidorum
972 3747 1206 3802 missorii
1223 3750 1389 3818 ipsius
1410 3753 1640 3821 pretium
1671 3771 1809 3811 rexa
1834 3757 2130 3816 Sisenando

557 3831 782 3899 accepit.
813 3831 1006 3886 Fertur
1044 3836 1186 3889 enim
1215 3839 1357 3906 quod
1384 3840 1558 3908 ipsum
1599 3853 1880 3914 argentum
1903 3847 1971 3902 ad
1995 3864 2130 3918 opus

556 3918 776 3974 fabrica:
805 3921 1044 3977 ecclesia:
1087 3927 1258 3980 sancti
1297 3927 1530 4000 Dionysii
1564 3936 1816 4004 martyris
1857 3952 1977 3991 cum
2011 3939 2131 3995 aliis

557 4008 800 4076 pluribus
821 4013 1149 4068 ornamentis
1183 4015 1516 4084 Dagobertus
1547 4035 1639 4077 rex
1662 4024 2004 4082 devotissime
2027 4029 2129 4085 ob-

559 4091 759 4153 tulerit.
787 4099 864 4154 Eo
899 4116 1128 4171 namque
1153 4112 1392 4174 tempore
1421 4118 1527 4164 tam
1557 4113 1883 4170 creberrima
1905 4128 2021 4172 erat
2043 4119 2128 4174 in-

559 4187 633 4241 ibi
675 4188 897 4244 obtentu
940 4203 1239 4263 martyrum
1284 4196 1584 4267 frequentia
1632 4204 2032 4274 miraculorum,
2073 4219 2133 4264 ut

558 4279 964 4352 quibuscunque
986 4283 1386 4344 inﬁrmitatibus
1411 4295 1653 4361 oppressi
1677 4296 1910 4367 undique
1938 4301 2133 4356 adven-

560 4379 736 4450 tantes
772 4375 961 4430 devoto
985 4378 1164 4434 animo
1191 4382 1438 4439 eumdem
1466 4385 1641 4440 locum
1665 4397 1994 4458 expeterent,
2037 4409 2130 4448 sa-

2225 2033 2482 2092 hactenus
2518 2040 2718 2096 habent
2756 2043 3041 2103 indultum.
3072 2051 3417 2124 Quingentas
3445 2062 3594 2116 enim
3613 2033 3794 2122 sacras

2225 2129 2581 2189 inferendales
2604 2137 2762 2192 annis
2798 2139 3022 2210 singulis
3048 2160 3078 2198 a
3099 2144 3342 2205 Clotario
3367 2156 3594 2211 seniore
3633 2163 3794 2217 censui

2225 2220 2551 2281 reddebant.
2593 2226 2736 2294 quod
2774 2235 2901 2283 tunc
2947 2245 2978 2284 a
3026 2232 3336 2304 Dagoberto
3381 2256 3520 2314 rege
3547 2258 3790 2304 cassam

2224 2314 2326 2362 est.

2225 2416 2352 2474 Car.
2386 2419 2575 2476 XXXI.
2605 2453 2673 2464 -—
2699 2425 2970 2510 Quomodo
3005 2431 3335 2510 Dagobertm
3355 2443 3534 2510 ﬁlium
3573 2466 3722 2505 suum
3753 2456 3802 2507 ia

2604 2510 2820 2566 regnum
2845 2499 3074 2556 Austriaz
3091 2499 3438 2566 'sublimaril.

2293 2579 2449 2637 Anno
2499 2583 2679 2655 itaque
2716 2587 2774 2640 il
2811 2592 2960 2660 regni
2990 2582 3071 2648 sui
3137 2613 3262 2653 cum
3300 2601 3496 2660 Winidi
3521 2608 3684 2675 jussu
3707 2613 3806 2667 Sa-

2228 2674 2402 2729 monis
2425 2675 2618 2730 iterum
2655 2676 2870 2735 fortiter
2914 2689 3198 2756 saevirent,
3241 2703 3298 2746 ct
3324 2710 3451 2766 stepe
3481 2674 3807 2761 transcenso

2225 2764 2443 2832 proprio
2473 2765 2661 2832 limite,
2702 2784 2923 2840 regnum
2949 2773 3290 2835 Francorum
3318 2764 3642 2845 vastandum
3669 2835 3685 2856 ,
3707 2794 3805 2850 To-

2227 2853 2454 2922 ringam,
2481 2863 2536 2909 et
2552 2856 2787 2928 reliquos
2809 2875 2972 2932 pagos
2993 2864 3416 2936 ingrederentur
3446 2892 3468 2931 :

2228 2958 2324 2998 rex
2355 2944 2530 3000 Mcttis
2572 2950 2764 3004 urbem
2791 2955 3033 3023 veniens,
3073 2975 3200 3015 cum
3243 2967 3488 3023 consilio
3513 2944 3799 3040 pontificum

2229 3047 2324 3086 seu
2378 3043 2432 3088 et
2495 3050 2780 3104 procerum
2809 3081 2824 3105 ,
2874 3046 3231 3118 omnibusque
3275 3055 3620 3122 primatibus
3668 3065 3794 3132 regni

2153 3172 2200 3237 ϐ
2229 3126 2714 3194 consentientibus,
2764 3130 3098 3203 Sigebertum
3143 3140 3314 3197 ﬁlium
3365 3161 3545 3202 suum
3587 3126 3798 3224 ini-agno

2240 3210 2456 3237 Δηιιοηξ...
2506 3217 2720 3237 --_Ll9,,__
2772 3221 2804 3237 ο,
2952 3225 2964 3237 ι
3208 3231 3254 3237 --
3350 3235 3358 3237 ξ

2229 3210 2460 3268 Austria:
2503 3217 2828 3286 sublimavit,
2874 3225 3160 3298 sedemque
3205 3231 3395 3289 Mettis
3426 3210 3801 3297 civitatemuha-

2229 3403 2282 3448 et
2307 3395 2616 3466 Adalgisum
2640 3400 2831 3457 ducem
2855 3405 3038 3475 palatii
3062 3409 3130 3464 ad
3156 3427 3392 3482 regnum

2223 3484 2477 3552 instituit,
2512 3491 2930 3566 thesaurumque
2953 3501 3095 3568 quod
3119 3503 3401 3563 sufﬁceret
3422 3484 3568 3568 tilio
3597 3517 3800 3570 traditﬁt.

2229 3575 2298 3629 Et
2316 3579 2598 3650 condigne,
2631 3591 2689 3636 ut
2713 3585 2955 3654 decebat,
2993 3605 3116 3645 eum
3143 3593 3299 3662 hujus
3326 3601 3607 3660 culminis
3634 3607 3800 3661 homin:

2229 3667 2568 3736 sublimavit,
2620 3680 2676 3728 et
2719 3678 3075 3749 quodcunque
3133 3685 3308 3739 cidem
3376 3689 3622 3761 largitus
3661 3698 3803 3751 fuerat

2228 3763 2676 3832 prmeeptionibus
2698 3769 3058 3827 roborandum
3080 3774 3340 3832 decrevit.
3372 3781 3656 3857 Deinceps
3681 3791 3800 3843 enim

2229 3850 2630 3910 Anstrasiorum
2671 3860 2849 3916 studio
2877 3861 3101 3920 limitem
3141 3874 3195 3923 et
3222 3885 3461 3938 regnum
3493 3850 3802 3935 Francom

2232 3953 2418 4000 contra
2456 3947 2696 4010 Winidos
2723 3951 2925 4008 utiliter
2944 3955 3225 4014 defensare
3259 3965 3546 4020 noscitur.

2232 4052 2595 4134 Car.__X_XXIl.
2616 4090 2699 4134 -Α
2720 4061 2994 4134 Quomodo
3021 4065 3364 4126 Hludowicus
3391 4077 3575 4131 eidem
3598 4097 3659 4134 ex
3685 4081 3806 4134 Νει-

2302 4125 2462 4220 ίΙιὶΙξΙρ
2490 4139 2642 4183 natus
2671 4125 2856 4199 fuerit,
2885 4144 2932 4187 et
2957 4135 3181 4220 (uiriliter
3220 4125 3362 4195 inter
3598 4125 3657 4204 vc;
3677 4125 3800 4220 Sui;-

2303 4193 2499 4248 bertum
2536 4193 2747 4268 regnum
2774 4193 2925 4255 suum
2952 4193 3200 4260 diviserit.

2302 4305 2541 4377 Cumque
2574 4327 2715 4368 anno
2747 4314 2812 4367 12
2841 4317 3125 4388 Dagoberti
3167 4325 3309 4394 regis
3333 4329 3528 4386 eidem
3563 4335 3702 4390 ﬁlius
3726 4353 3801 4391 uo-

2233 4395 2376 4450 mine
2411 4396 2718 4456 llludowius
2745 4401 2918 4474 μιῆς,
2964 4406 3284 4484 Clodovcus]
3313 4415 3384 4470 de
3423 4419 3807 4480 Nanthildere—

2746 4463 2764 4474 I-
2905 4463 2915 4470 '
3107 4463 3117 4464 ί
3146 4463 3150 4464 ν
3178 4463 3284 4484 'i'J
3316 4463 3384 4470 -ν
3425 4463 3718 4480 .‘WUHLIW
3741 4463 3806 4479 ιι,-

560 4463 726 4518 nitate
774 4467 980 4521 reddita
1025 4485 1148 4525 cum
1186 4473 1379 4542 gaudio
1423 4478 1490 4531 ad
1539 4481 1752 4550 pr0pria
1805 4493 2125 4539 remearent.
2155 4511 2207 4572 υ
2234 4485 2357 4555 gina
2377 4494 2534 4541 natus
2562 4486 2767 4555 fuisset,
2785 4495 3009 4550 consilio
3034 4496 3500 4570 Neustrasiorum,
3529 4525 3808 4582 eorumque

561 4552 712 4582 nun.l
759 4570 982 4582 ΛΛ-ι-ιΛ-ιιι
1013 4574 1103 4582 ..Α-ι
1176 4564 1257 4582 ___S
1282 4565 1334 4582 In,
1354 4565 1388 4582 ,,'
1413 4567 1425 4582 Ι
1478 4568 1489 4579 ⁸
1573 4570 1604 4582 ,ι
1794 4571 1804 4582 ι
1930 4573 1940 4582 ι
2286 4576 2298 4582 -
2432 4577 2442 4582 -
2476 4579 2485 4582 -

561 4552 714 4618 Quod
757 4570 984 4612 cernens
1013 4574 1127 4625 rex,
1170 4564 1428 4634 quidquid
1475 4568 1529 4621 in
1569 4570 1838 4626 thesauris
1861 4573 1973 4628 suis
2009 4590 2131 4644 pre-

561 4644 751 4700 tiosius
771 4647 995 4702 inveniri
1021 4659 1250 4719 poterat,
1273 4657 1340 4710 ad
1361 4661 1730 4714 exornandum
1757 4661 1930 4730 ipsum
1957 4664 2131 4720 locum

562 4733 923 4792 indubitanter
951 4739 1234 4797 offerebat.
1276 4745 1410 4798 Nam
1441 4755 1495 4800 et
1519 4750 1852 4805 matriculam
1892 4763 1940 4809 et
1976 4770 2130 4811 seno-

560 4826 836 4895 dochium,
875 4840 1176 4904 acteraque
1199 4837 1410 4894 diversa
1441 4841 1556 4896 loca
1585 4843 1652 4899 ad
1686 4847 1789 4900 hoc
1826 4847 2021 4902 ibidem
2044 4851 2131 4903 in-

559 4916 753 4982 stituit,
801 4927 860 4972 ut
895 4935 1154 4989 pauperes
1178 4925 1456 4996 utriusque
1481 4945 1662 4997 sexus,
1694 4933 1807 4989 sive
1843 4936 2006 4991 etiam
2040 4939 2131 5006 qui

468 5007 475 5014 '
560 5019 869 5068 sanctorum
895 5029 996 5085 ope
1021 5018 1236 5072 sanitati
1264 5021 1448 5076 donari
1477 5024 1620 5095 digni
1640 5027 1900 5096 fuissent,
1932 5032 1985 5086 in
2009 5034 2132 5088 reli-

561 5111 726 5165 quum
755 5101 921 5171 ipsius
968 5105 1321 5180 eleemosynis
1353 5118 1658 5182 sustentati,
1705 5121 1794 5187 qui
1842 5123 2039 5178 vellent
2074 5125 2126 5178 in

563 5189 781 5244 servitio
804 5193 1056 5251 Ecclesiae
1081 5212 1145 5254 ac
1172 5198 1218 5253 si
1251 5213 1350 5269 pro
1373 5203 1668 5270 gratiarum
1693 5209 1904 5266 actione
1922 5227 2133 5281 perma-

562 5286 772 5331 tierent.

561 5392 690 5448 CAP.
733 5396 899 5452 XXX.
923 5402 1279 5480 T—Quomodo‘
1318 5409 1642 5480 Dagobertus
1671 5425 1852 5470 contra
1883 5415 2128 5477 Winidos

632 5481 750 5552 cum
777 5471 1020 5552 oeatereitu.
1046 5481 1290 5545 perrexit,
1323 5491 1369 5535 et
1402 5471 1624 5552 qualiter
1646 5484 1942 5543 Saxonibus
1960 5471 2106 5545 triti.

633 5545 740 5588 tum
770 5537 1061 5594 indulserit.

633 5646 881 5720 Denique
918 5667 1058 5708 anno
1114 5657 1180 5712 10
1229 5661 1378 5732 regni
1423 5665 1526 5730 sui,
1577 5682 1698 5720 cum
1735 5669 1782 5723 ei
1826 5673 2130 5729 nuntiatum

565 5737 752 5794 fuisset
799 5743 1095 5803 exercitum
1133 5745 1468 5807 Winidorum
1523 5753 1814 5828 Toringam
1859 5760 2024 5816 fuisse
2053 5763 2132 5817 in-

2233 4576 2594 4633 admonitionc
2620 4597 2716 4650 per
2755 4585 3017 4652 pactionis
3042 4591 3314 4647 vinculum
3361 4611 3496 4652 cum
3547 4576 3809 4673 Sigeberto

2231 4665 2341 4720 ﬁlio
2366 4682 2463 4722 suo
2496 4669 2739 4727 ﬁrmasse
2777 4679 3116 4744 cognoscitur
3145 4695 3160 4733 :
3195 4691 3360 4753 atque
3408 4665 3808 4750 Ausa-asiqu

2230 4773 2416 4816 omnes
2454 4762 2714 4830 primates
2736 4774 2792 4820 et
2815 4769 3114 4837 pontiﬁces,
3137 4776 3437 4846 exterique
3465 4781 3644 4841 duces
3679 4787 3806 4857 δίζε»

2230 4848 2366 4903 berti
2395 4867 2584 4908 manus
2609 4869 2734 4909 suas
2763 4867 3054 4925 ponentes,
3086 4861 3307 4932 insuper
3340 4878 3719 4931 sacramentis

2232 4952 2531 5009 mavcrunt,
2554 4952 2613 5000 ut
2637 4946 2943 5017 Neptricum
2966 4959 3023 5007 et
3043 4953 3349 5026 Burgundia
3375 4962 3626 5023 solidato
3644 4971 3809 5024 ordiar

2231 5032 2297 5085 ad
2325 5049 2546 5103 regnum
2577 5037 2839 5094 Hludowii
2874 5051 2996 5110 post
3026 5044 3311 5116 Dagoberti
3341 5055 3493 5122 regis
3518 5058 3806 5116 diam

2230 5123 2515 5190 aspiceret.
2555 5125 2832 5184 Austrasia
2858 5146 2989 5186 vero
3027 5135 3214 5190 eodem
3243 5140 3446 5196 ordine
3469 5146 3729 5213 solidata,
3753 5167 3809 5204 ea

2229 5216 2372 5283 quod
2415 5222 2470 5269 et
2497 5215 2562 5271 de
2603 5219 2800 5288 populo
2827 5230 2883 5276 et
2926 5222 2992 5277 de
3023 5227 3195 5293 spatio
3221 5239 3372 5284 esset
3396 5247 3733 5305 emequans,
3758 5241 3814 5292 ad

2233 5323 2456 5380 regnum
2494 5309 2790 5382 Sigebcrti,
2819 5315 3102 5386 eidemque
3148 5320 3202 5374 in
3239 5321 3570 5394 integritate
3611 5331 3816 5386 deberet

2233 5399 2494 5469 aspicere,
2544 5409 2598 5456 et
2635 5402 2893 5473 quidquid
2937 5407 3004 5460 ad
3039 5423 3203 5477 regna
3242 5409 3672 5474 Austrasiornm
3717 5422 3816 5486 iam

2231 5492 2359 5548 olim
2383 5494 2718 5562 pertinuerat
2739 5535 2754 5559 ,
2798 5505 2965 5550 totum
2997 5497 3313 5568 Sigebcrtns
3347 5518 3445 5558 rex
3489 5523 3611 5563 sua:
3645 5527 3815 5582 regen-

2232 5587 2358 5640 dum
2384 5586 2572 5642 ditioni
2615 5587 2908 5656 reciperet,
2950 5591 3081 5644 etin
3129 5603 3390 5660 perpetuo
3427 5599 3817 5658 damnandum

2234 5681 2474 5743 haberet,
2508 5690 2733 5751 excepto
2757 5681 2952 5736 ducatu
2987 5683 3297 5749 Denlilonis,
3328 5689 3479 5756 quod
3507 5693 3581 5747 ab
3609 5697 3818 5750 Austra-

2234 5772 2327 5828 siis
2373 5773 2619 5840 nequiter
2644 5772 2877 5828 ablatum
2907 5773 3107 5839 fuerat,
3142 5775 3336 5830 iterum
3367 5779 3434 5831 ad
3469 5780 3818 5841 Nanstrasim
