3950 6308
153 348 172 403 i
185 347 284 403 illi)

1337 342 1558 399 GESTA
1594 340 1805 398 DOMNI
1844 340 2256 403 DAGOBERTI.

3244 349 3381 409 “l0

151 457 573 529 subjungeretur,
618 462 673 510 et
728 455 991 511 Hludowii
1038 454 1283 526 regimini
1331 453 1708 523 subjiceretur.
1739 466 1788 521 Α
1814 468 2063 524 gavensc,
2088 454 2424 519 Barciacum,
2463 467 2557 509 seu
2582 453 2909 522 Nuiliacum,
2939 472 3149 516 necnon
3176 460 3382 517 Poden.

151 549 254 606 Sed
277 548 376 602 has
402 547 677 617 pactiones
712 546 991 609 Anstrasii,
1025 554 1231 600 terrore
1258 543 1543 613 Dagoberti
1571 543 1714 613 regis

149 639 338 704 coacti,
368 639 567 692 vellent
589 638 897 709 nollentqne
920 636 1166 691 ﬁrmasse
1195 636 1297 690 visi
1324 643 1474 700 sunt;
1500 650 1634 704 quas
1661 641 1716 688 et

147 738 267 800 post
295 729 622 797 temporibus
657 727 923 799 Sigeberti
950 734 1004 781 et
1036 724 1299 782 llludowii
1345 723 1561 795 regibus
1587 738 1716 778 con-

150 804 389 874 servatas
417 818 580 874 fuisse
606 825 837 873 constat.

148 929 274 984 Car.
303 926 620 981 XXXlll.—
636 924 907 991 Quomodo
930 898 1176 978 Ecclesia:
1202 922 1393 978 Christi
1420 932 1709 992 martyrum

216 998 469 1066 Dionysii
489 1013 550 1049 ac
572 997 831 1049 sociorum
858 993 972 1063 ejus
1004 993 1257 1066 quasdam
1286 1009 1437 1066 areas
1465 994 1607 1066 infra
1621 1008 1712 1044 ea:-

217 1063 399 1137 traquc
443 1065 683 1137 Parisius
727 1063 1106 1137 atqueportam
1140 1064 1302 1133 ipsius
1334 1063 1556 1117 civitatis
1591 1076 1711 1115 cum

219 1132 455 1189 omnibus
480 1133 693 1187 teloneis
715 1132 1016 1187 contulerit.

220 1245 321 1300 Per
349 1246 489 1300 idem
516 1254 726 1313 tempus
751 1244 1083 1314 Dagobertus
1103 1259 1198 1299 rex
1224 1243 1461 1298 Parisius
1483 1243 1714 1309 rediens,

148 1347 311 1408 atque
332 1338 386 1391 in
417 1350 601 1390 amore
624 1334 1032 1403 smpedictorum
1058 1343 1353 1405 martyrum
1379 1334 1616 1404 Dlonysii
1637 1350 1719 1389 so-

148 1431 465 1498 ciorumque
492 1424 638 1495 ejus,
663 1433 885 1496 propter
913 1424 1240 1494 magnificas,
1270 1439 1406 1494 quas
1442 1425 1508 1479 ad
1532 1439 1719 1479 eorum

148 1518 455 1573 veneranda
499 1516 745 1585 sepulcra
788 1515 1027 1585 quotidie
1066 1515 1324 1570 Dominus
1364 1516 1719 1584 operabatur,

148 1607 396 1670 virtutes,
446 1606 616 1677 magis
652 1621 716 1660 ac
758 1606 930 1677 magis
975 1606 1227 1676 gliscens,
1274 1620 1432 1660 areas
1464 1606 1722 1674 quasdam

148 1696 291 1751 infra
340 1705 600 1765 extraque
625 1697 897 1752 civitatem
947 1696 1158 1761 Parisii,
1213 1703 1269 1750 et
1312 1703 1522 1765 portam
1557 1695 1723 1764 ipsius

1819 547 2094 613 tiniacum,
2124 556 2179 603 et
2219 548 2571 605 Pascellarias
2592 590 2608 616 ,
2653 559 2815 621 atque
2859 551 3142 622 Anglarias
3168 554 3221 607 in
3247 569 3383 627 pago

1814 634 2150 704 Pictavense,
2188 638 2427 708 aliasque
2465 640 2809 711 quamplures
2842 658 2963 698 cum
3009 642 3195 699 salinis
3219 659 3382 714 supra

1816 742 1979 792 mare,
2020 745 2247 799 quarum
2287 731 2504 785 nomina
2549 732 2637 787 hic
2665 747 2947 788 recensere
2986 731 3203 804 longum
3233 735 3384 790 duxi-

1815 829 1964 879 mus,
2012 817 2356 875 devotissime
2397 819 2617 875 tradidit
2652 835 2668 874 :
2703 822 3150 892 medietatemque
3196 838 3386 880 earum

1815 906 1869 960 in
1903 909 2182 979 stipendiis
2200 909 2429 966 fratrum
2448 911 2560 967 Deo
2591 912 2789 968 ibidem
2820 915 3168 970 servientium
3196 924 3387 972 contu—

1816 995 1895 1062 lit,
1937 1006 2097 1067 atque
2129 1014 2223 1055 eos
2250 1002 2524 1056 turmatim
2550 1002 2620 1056 ad
2658 1003 2829 1057 instar
2874 1007 3183 1061 monasterii
3207 1006 3387 1078 Agau-

1815 1086 2058 1139 nensium
2108 1088 2220 1143 sive
2249 1091 2419 1146 sancti
2448 1091 2662 1146 Martini
2701 1093 2932 1149 Turonis
2973 1096 3204 1165 psallere
3235 1099 3387 1153 insti-

1815 1176 1939 1241 tuit,
1965 1185 2019 1231 et
2045 1178 2204 1232 aliam
2237 1182 2578 1237 medietatem
2610 1183 2989 1240 matriculariis
3024 1200 3088 1240 ac
3111 1187 3388 1242 servituri-

1815 1271 1917 1326 bus
1945 1272 2113 1341 ipsius
2140 1274 2381 1331 ecclesia:
2408 1278 2695 1343 concessit,
2735 1279 2867 1333 nihil
2904 1281 3096 1335 exinde
3126 1281 3194 1335 ad
3231 1296 3388 1336 suum

1816 1377 1952 1432 opus
2004 1364 2237 1420 retinere
2282 1366 2487 1422 volens.
2541 1368 2769 1424 Easdem
2810 1377 2991 1424 autem
3038 1370 3195 1424 villas
3242 1368 3389 1425 infra

1820 1454 1977 1510 unius
2022 1456 2271 1526 przecepti
2315 1457 2713 1512 conclusionem
2765 1458 3082 1513 nominatim
3127 1459 3388 1523 inserens,

1818 1546 2021 1615 proprii
2064 1546 2298 1601 nominis
2322 1547 2713 1618 subscriptione
2742 1556 2902 1617 atque
2933 1549 3117 1603 annuli
3165 1549 3392 1619 impres-

1822 1636 1972 1690 sione
1991 1637 2244 1691 firmavit.
2269 1636 2509 1704 Quarum
2537 1638 2754 1692 nomina
2789 1638 2835 1692 si
2868 1638 3061 1708 aliquis
3084 1638 3393 1709 diligentius

1822 1728 2134 1795 perquirere
2168 1728 2420 1793 voluerit,
2457 1729 2627 1798 ipsam
2671 1729 3048 1799 prmceptionis
3098 1741 3302 1785 cartam
3335 1731 3391 1785 in

146 1786 407 1853 θίνίίθίίδν
435 1801 554 1887 ηυξθ
594 1787 766 1856 Ρθδίω
807 1785 1086 1890 θξίιίυκω
1132 1784 1415 1890 Ο³Ϊ⁰θτθ¹¹¹
1454 1782 1719 1890 Glaucj'ji‘
1752 1795 1795 1855 Β
1823 1782 2045 1871 archivo
2076 1817 2244 1886 ipsius
2281 1782 3179 1889 ecclesiaaimqu‘iratv,‘et

147 1892 315 1946 quam
345 1876 645 1946 negotiator
668 1892 797 1930 suus
825 1875 1078 1929 Salomon
1111 1890 1176 1929 eo
1200 1882 1440 1944 tempore
1465 1874 1724 1945 praevide-

148 1966 266 2031 bat,
294 1980 418 2020 cum
444 1964 693 2018 omnibus
734 1963 977 2028 teloneis,
1008 1962 1458 2032 quemadmodum
1480 1966 1548 2020 ad
1571 1981 1723 2020 suam

145 2068 425 2108 cameram
459 2052 716 2107 descrviri
744 2052 1053 2119 videbatur,
1100 2053 1169 2108 ad
1214 2068 1403 2109 eorum
1449 2053 1726 2110 basilicam

147 2141 394 2205 tradidit,
427 2148 481 2195 et
505 2156 600 2210 per
628 2141 879 2212 praecepti
912 2142 995 2197 sui
1029 2144 1403 2224 auctoritatem
1443 2151 1728 2213 perpetua-

148 2234 280 2288 liter
305 2234 685 2290 id‘mansurum
701 2249 837 2299 esse,
868 2235 1312 2306 propriinominis
1336 2235 1727 2304 subscriptione

145 2333 317 2397 atque
343 2326 526 2382 annuli
553 2328 901 2397 impressione
922 2328 1172 2383 ﬁrmavit.

144 2464 285 2520 Car.
313 2464 925 2537 XXXIV.-—Quomodo
950 2465 1178 2537 annuale
1208 2475 1491 2537 mercatum
1508 2467 1647 2537 quod
1665 2466 1726 2536 ﬁt

219 2544 339 2604 post
376 2534 705 2603 festivitatem
758 2544 1047 2604 martyrum
1078 2535 1330 2604 fratribus
1349 2536 1477 2589 inibi
1504 2534 1730 2590 commo-

221 2604 463 2657 rantibus
501 2604 828 2658 concesserit.
948 2669 954 2673 ‘

221 2712 287 2767 In
322 2712 438 2781 ipso
478 2728 691 2783 quoque
730 2721 970 2783 tempore
1003 2713 1232 2770 annuale
1256 2724 1553 2771 mercatum
1586 2715 1730 2785 quod

146 2804 216 2858 ﬁt
284 2812 406 2874 post
462 2804 807 2860 festivitatem
863 2806 1101 2876 ipsorum
1159 2807 1730 2863 excellentissimorum

150 2903 462 2966 martyrum
498 2910 667 2966 prope
703 2896 845 2951 idem
874 2897 1256 2951 monasterium
1275 2937 1290 2963 ,
1333 2897 1505 2952 eidem
1544 2904 1732 2953 sancto

152 2987 287 3042 loco
320 2995 374 3041 et
402 2986 661 3042 fratribus
702 2988 813 3044 Deo
844 2997 903 3043 et
936 2988 1138 3045 sanctis
1162 2988 1493 3060 martyribus
1534 2988 1732 3043 ibidem

145 3080 588 3137 deservientibus
629 3081 910 3146 concessit,
942 3090 998 3137 et
1022 3082 1215 3137 exinde
1254 3080 1556 3149 huiusmodi
1595 3096 1734 3151 pra:-

147 3177 377 3242 ceptum
402 3171 620 3225 ﬁrmare
643 3172 865 3237 studuit,
891 3181 951 3227 ut
969 3187 1161 3229 omnes
1183 3172 1451 3229 teloneum
1474 3172 1561 3228 vel
1583 3172 1734 3242 quid-

148 3261 292 3330 quid
323 3274 392 3315 ex
415 3275 481 3317 eo
506 3261 620 3317 ﬁsci
648 3261 892 3331 partibus
920 3276 1138 3332 sperare
1162 3270 1391 3332 poterat,
1432 3270 1489 3318 et
1516 3263 1657 3332 quod
1678 3262 1735 3317 in

150 3351 284 3421 ipsa
323 3350 541 3406 civitate
568 3366 661 3407 seu
692 3351 746 3405 in
767 3352 1017 3408 omnibus
1042 3351 1178 3408 locis
1209 3352 1447 3423 reliquis,
1484 3351 1622 3407 infra
1648 3351 1733 3423 ip-

153 3459 288 3500 sum
321 3459 517 3515 pagum
556 3443 887 3501 Parisiacum
923 3445 1055 3500 inibi
1098 3446 1473 3511 denominatis,
1505 3446 1573 3502 ab
1620 3445 1734 3516 ipsa

155 3533 460 3590 festivitate
486 3548 657 3603 usque
683 3534 810 3589 dum
844 3532 974 3589 illud
1000 3543 1293 3590 mercatum
1320 3535 1594 3601 ﬁniretur,
1613 3534 1737 3605 jure

154 3623 311 3693 exigi
355 3636 673 3693 quacunque
708 3621 993 3691 iudiciaria
1031 3631 1298 3694 potestate
1329 3625 1602 3688 valuisset,
1638 3639 1738 3696 pro

157 3724 371 3770 aeterna
410 3713 780 3780 retributione,
809 3722 971 3784 atque
997 3724 1058 3770 ut
1079 3716 1281 3771 eisdem
1323 3715 1418 3770 Dei
1443 3715 1614 3771 servis
1637 3715 1733 3771 de-

154 3806 345 3863 votius
366 3820 467 3876 pro
489 3820 556 3862 eo
578 3806 725 3862 omni
752 3814 993 3878 tempore
1022 3808 1203 3865 futuro
1238 3810 1474 3867 divinam
1506 3809 1740 3866 delecta-

155 3907 321 3953 retur
347 3912 574 3953 exorare
596 3899 955 3966 clementiam,
988 3909 1158 3958 totum
1199 3917 1266 3958 ex
1306 3904 1513 3974 integro
1536 3904 1739 3974 absque

154 3990 278 4045 ulla
296 3990 610 4060 exceptione
631 3990 745 4045 sive
764 3990 1116 4048 diminutione
1134 3993 1189 4049 in
1208 4008 1395 4049 eorum
1414 3994 1602 4050 usibus
1622 4009 1738 4065 per-

156 4077 456 4146 petualiter
474 4077 705 4132 sanciret
727 4092 847 4133 esse
875 4079 1156 4134 indultum.

155 4185 299 4241 Car.
337 4183 741 4260 XXXV.—_De
759 4174 926 4260 morte
982 4186 1341 4260 Sadregiseli,
1389 4198 1437 4243 et
1478 4190 1738 4260 quomodo

233 4271 333 4309 rea:
360 4271 535 4309 omnes
564 4271 645 4329 res
671 4256 852 4329 ipsius,
893 4272 1010 4329 quae
1052 4258 1131 4329 ad,
1147 4256 1333 4329 ﬁscum
1381 4256 1596 4328 recepta:
1627 4259 1742 4329 {ue-

234 4333 380 4391 rant,
410 4324 725 4394 supradicta:
745 4324 973 4380 ecclesiae
995 4324 1289 4381 tradiderit.

234 4440 397 4494 Anno
416 4439 597 4508 itaque
623 4438 692 4493 15
728 4438 878 4508 regni
916 4439 1033 4506 sui,
1080 4454 1204 4495 cum
1241 4438 1609 4510 Sadregiselus
1629 4437 1737 4494 dux

1766 4482 1822 4547 Ι)

1824 1913 1881 1961 et
1902 1916 2106 1974 septem
2133 1907 2377 1962 villarum
2398 1909 2614 1964 nomina
2644 1910 2776 1965 inibi
2804 1910 3006 1965 inserta
3034 1910 3287 1967 inveniet.
3366 1958 3373 1963 .

1825 2035 1954 2118 CAP.
1994 2061 2328 2119 XXXVI.—
2353 2065 2432 2119 De
2468 2066 2903 2147 exercitu'gqucm
2958 2065 3014 2121 in
3057 2066 3395 2122 Wasconiam

2459 2145 2763 2189 transmisit.

1896 2262 2052 2317 Anno
2080 2264 2307 2336 denique
2336 2263 2402 2320 14
2426 2266 2574 2337 regni
2609 2267 2691 2321 sui
2720 2283 2842 2322 cum
2869 2267 3165 2325 Waseones
3185 2268 3400 2355 fortiter

1829 2352 2169 2419 rebellarent,
2200 2363 2255 2410 et
2284 2357 2482 2412 multas
2510 2358 2933 2428 depraedationes
2958 2360 3012 2415 in
3038 2376 3203 2434 regno
3230 2352 3400 2417 Fran-

1828 2456 2037 2509 corum,
2082 2446 2226 2514 quod
2270 2445 2590 2502 Haribertus
2623 2456 2891 2515 tenuerat,
2936 2448 3196 2512 facerent,
3229 2450 3401 2521 Dago-

1826 2536 2013 2592 bertus
2038 2552 2133 2593 rex
2173 2539 2238 2593 de
2271 2540 2522 2596 universo
2560 2557 2725 2613 regno
2752 2544 3075 2616 Burgundiae
3100 2546 3400 2602 exercitum

1827 2629 2130 2696 promoveri
2150 2626 2323 2696 jubet,
2360 2640 2600 2687 statuens
2627 2633 2682 2689 in
2708 2637 2883 2706 capite
2914 2637 3219 2695 Adoindum
3263 2638 3403 2694 refe-

1832 2717 2159 2784 rendarium,
2200 2721 2293 2790 qui
2322 2724 2649 2791 temporibus
2673 2726 2988 2783 Theoderici
3021 2729 3290 2798 quondam
3312 2742 3402 2784 re-

1830 2804 1914 2876 gis
1946 2806 2002 2861 in
2027 2808 2212 2863 multis
2231 2810 2432 2878 praeliis
2453 2812 2710 2881 probatus
2729 2824 2812 2869 est
2838 2822 3112 2871 strenuus.
3143 2816 3276 2871 Cum
3295 2831 3405 2885 quo

1831 2911 1864 2950 ι
1890 2897 2055 2953 duces
2083 2914 2187 2954 una
2230 2915 2351 2955 cum
2380 2904 2703 2961 exercitibus
2728 2905 2881 2961 missi
2919 2914 3045 2962 sunt
3069 2924 3081 2960 :
3114 2907 3165 2961 id
3190 2914 3275 2962 est
3298 2905 3407 2961 Ha-

1830 2987 2145 3057 rimbertus,
2170 2990 2534 3061 Amalgarius,
2554 2993 2946 3061 Leudobertus,
2969 2996 3402 3062 Wandalmarus,

1834 3076 2191 3144 Waldericus,
2227 3080 2589 3148 Ermenricus,
2633 3084 2916 3151 Barontus,
2958 3085 3312 3151 Hairhardus,
3335 3102 3404 3143 ex

1760 3139 1806 3202 (ἶ
1835 3181 2031 3236 genere
2060 3165 2422 3235 Francorum;
2451 3170 2774 3227 Ramelenus
2808 3187 2872 3227 ex
2904 3187 3099 3241 genere
3126 3174 3403 3240 Romano;

1834 3255 2165 3314 Willebadus
2188 3260 2449 3329 patricius
2473 3276 2537 3316 ex
2565 3277 2761 3333 genere
2781 3262 3250 3334 Burgundionum;
3280 3265 3409 3337 Agi-

1834 3363 1906 3404 no
1934 3363 2000 3403 ex
2029 3362 2224 3418 genere
2253 3347 2553 3417 Saxonum;
2586 3359 2809 3421 excepto
2833 3353 3120 3409 comitibus
3138 3354 3406 3423 plurimis,

1835 3437 1926 3507 qui
1977 3437 2168 3493 ducem
2210 3454 2373 3510 super
2416 3455 2476 3496 se
2518 3456 2627 3497 non
2672 3442 2959 3500 habebant.
2998 3443 3102 3512 Qui
3134 3460 3322 3500 omnes
3347 3445 3406 3502 in

1834 3527 2177 3585 Wasconiam
2202 3546 2310 3586 una
2336 3546 2459 3587 cum
2485 3532 2725 3588 exercitu
2760 3542 3135 3604 perrexerunt.
3164 3535 3408 3605 Cumque

1836 3628 1950 3678 tota
1979 3620 2280 3677 Wasconiae
2301 3623 2475 3693 patria
2505 3626 2574 3681 ab
2606 3625 2847 3681 exercitu
2870 3624 3191 3694 Burgundia:
3219 3624 3410 3681 fuisset

1836 3710 2059 3781 repleta,
2090 3710 2382 3769 Wascones
2408 3714 2474 3770 de
2503 3714 2643 3770 inter
2669 3717 2932 3771 montium
2963 3717 3188 3786 rupibus
3207 3716 3411 3786 egressi
3460 3771 3465 3775 .

1837 3802 1905 3856 ad
1932 3802 2128 3857 bellum
2153 3813 2464 3874 properant.
2494 3806 2561 3860 Et
2594 3821 2716 3861 cum
2745 3806 2980 3877 prteliari
3007 3807 3318 3878 ccepissent,
3337 3814 3412 3863 .ut

1836 3906 2022 3948 eorum
2071 3909 2190 3950 mos
2226 3904 2324 3960 est,
2355 3903 2504 3968 terga
2530 3904 2822 3963 vertentes,
2849 3897 2977 3953 dum
3020 3905 3308 3953 cernerent
3351 3911 3411 3952 se

1836 3996 1958 4038 esse
1984 3985 2334 4054 superandos,
2367 3986 2422 4040 in
2452 3985 2633 4043 fauces
2656 3987 2872 4042 vallium
2898 3989 3267 4058 montiumque
3292 3987 3411 4058 pin-

1838 4089 1937 4131 nas
1963 4074 2226 4131 latebram
2265 4076 2477 4144 dantes,
2523 4092 2581 4134 se
2618 4078 2752 4134 locis
2801 4078 3084 4133 tutissimis
3126 4092 3224 4146 per
3249 4093 3411 4148 rupes

1826 4167 2076 4237 ejusdem
2138 4168 2336 4223 montis
2385 4156 2709 4224 collocantes
2759 4168 3033 4222 latitat-ent
3082 4184 3095 4220 :
3141 4168 3412 4222 exercitus

1838 4267 1960 4328 post
1978 4265 2186 4328 tergum
2208 4272 2395 4314 eorum
2418 4273 2539 4314 cum
2555 4259 2781 4314 ducibus
2795 4258 3102 4327 insequens,
3118 4256 3409 4327 plurimum

1841 4363 2123 4403 numerum
2171 4350 2503 4419 captivorum
2546 4350 2718 4415 vinci,
2768 4349 3064 4405 Wascones
3110 4356 3410 4417 superatos,

1842 4453 1938 4494 seu
1980 4452 2047 4493 ex
2082 4438 2168 4492 his
2206 4438 2547 4494 multitudine
2579 4437 2883 4506 interfecta,
2906 4453 3198 4509 omnesque
3224 4438 3413 4493 domos

158 4529 568 4601 Aquitanorum
628 4547 659 4585 a
707 4530 1023 4600 quibusdam
1066 4530 1374 4585 hominibus
1425 4529 1742 4585 interfectus
1766 4528 1818 4547 "
1841 4544 2027 4586 eorum
2047 4528 2312 4596 incensas,
2333 4531 2558 4601 peculiis
2578 4541 2632 4587 et
2652 4532 2812 4587 rebus
2831 4532 3151 4603 exspoliant.
3177 4530 3413 4585 Tandem

156 4627 336 4684 esset,
373 4619 441 4674 de
469 4634 576 4689 quo
604 4635 768 4691 supra
809 4622 1137 4676 mentionem
1161 4618 1407 4686 fecimus,
1448 4622 1591 4692 quod
1618 4636 1745 4691 pro-

156 4720 297 4780 pter
323 4718 689 4781 contemptum
741 4712 826 4767 sui
866 4727 988 4767 eum
1035 4711 1259 4783 ﬂagellis
1300 4712 1437 4769 allici
1467 4721 1522 4768 et
1563 4713 1746 4768 barba:

158 4801 391 4857 rasione
413 4801 687 4872 deturpari
713 4802 768 4858 in
794 4818 891 4858 sua
915 4802 1136 4859 infantia
1155 4803 1489 4875 Dagobertus
1501 4802 1743 4873 jusserit,

158 4901 224 4948 et
248 4892 326 4947 ob
360 4892 465 4948 hoc
486 4900 695 4962 patrem
730 4902 977 4951 metuens
1017 4895 1238 4949 tutelam
1264 4903 1575 4951 sanctorum
1602 4911 1747 4951 mar-

160 4992 358 5054 tyrum
388 4985 676 5054 expetierit
699 5000 715 5040 :
740 4993 797 5041 et
827 5000 949 5041 cum
982 4986 1208 5042 haberet
1230 4986 1345 5057 ipse
1379 4987 1749 5058 Sadregiselus

161 5072 320 5127 ﬁlios
352 5071 407 5126 in
445 5072 645 5142 palatio
667 5075 941 5138 educatos,
963 5075 1057 5144 qui
1098 5089 1222 5130 cum
1254 5074 1505 5130 facillime
1528 5084 1750 5145 possent

162 5168 409 5216 mortem
419 5164 590 5231 patris
603 5163 909 5220 evindicare
932 5163 1234 5229 noluerunt,
1260 5172 1543 5234 propterea
1565 5174 1748 5234 postea

161 5252 473 5307 secundum
516 5251 689 5323 legem
726 5254 1024 5308 Romanam
1058 5268 1089 5307 a
1132 5254 1286 5324 regni
1317 5255 1633 5322 proceribus
1667 5271 1752 5310 re-

166 5342 393 5412 darguti
414 5383 430 5408 ,
457 5358 646 5400 omnes
684 5351 940 5414 paternas
970 5345 1337 5413 possessiones
1380 5345 1747 5414 perdiderunt.

166 5432 424 5501 Cumque
450 5435 630 5489 omnia
668 5435 736 5489 ad
760 5434 990 5505 regalem
1031 5433 1217 5489 ﬁscum
1246 5433 1474 5490 fuissent
1513 5444 1750 5505 recepta,

168 5525 709 5594 prmeellentissimus
752 5542 848 5581 rex
895 5526 1229 5598 Dagobertus
1269 5526 1509 5582 ecclesia:
1555 5527 1752 5584 Christi

172 5622 484 5684 martyrum
528 5615 768 5686 Dionysii
797 5617 1172 5686 sociorumque
1196 5615 1331 5686 ejus,
1363 5618 1576 5674 easdem
1600 5619 1757 5676 villas

177 5702 424 5763 ,amdicti
453 5704 798 5776 Sadregiseli,
828 5705 881 5760 id
899 5714 982 5761 est
1001 5704 1321 5764 Novientunt
1343 5707 1398 5762 in
1427 5722 1563 5782 pago
1580 5708 1749 5765 Ande-

1843 4618 2139 4675 Wascones
2163 4621 2407 4690 oppressi
2440 4629 2602 4691 atque
2639 4619 2943 4691 perdomiti,
2986 4619 3193 4675 veniam
3225 4625 3281 4673 et
3318 4631 3414 4687 pa-

1842 4727 1959 4769 cem
2003 4727 2034 4767 a
2079 4713 2401 4784 supradictis
2429 4714 2654 4770 ducibus
2690 4719 2953 4784 petentes,
2988 4711 3309 4783 promittunt
3354 4726 3415 4766 se

1843 4802 2027 4873 gloriae
2071 4810 2126 4860 et
2175 4804 2485 4874 conspectui
2525 4802 2812 4874 Dagoberti
2857 4802 2999 4875 regis
3038 4809 3413 4875 praesentatos,

1845 4906 2010 4964 seque
2053 4892 2224 4965 ipsius
2250 4892 2440 4949 ditioni
2470 4893 2710 4957 traditos,
2745 4901 2937 4947 cuncta
2982 4893 3050 4947 ab
3092 4891 3280 4951 eodem
3327 4890 3414 4945 in-

1841 4978 2029 5051 juncta
2070 4982 2403 5052 impleturos.
2448 4980 2700 5037 Feliciter
2742 4990 2920 5037 autem
2969 4982 3112 5051 regis
3147 4979 3417 5036 exercitus

1846 5072 2050 5139 absque
2090 5069 2197 5124 ulla
2241 5070 2458 5126 laesione
2503 5070 2570 5125 ad
2609 5071 2838 5140 patriam
2885 5077 3029 5125 esset
3067 5084 3330 5133 reversus,
3370 5069 3417 5125 si

1848 5159 2219 5216 Harimbertus
2269 5161 2377 5217 dux
2422 5162 2658 5217 maxime
2689 5176 2811 5216 cum
2856 5160 3157 5217 senioribus
3184 5166 3238 5215 et
3263 5158 3419 5215 nobi-

1849 5251 2073 5307 lioribus
2114 5252 2385 5308 exercitus
2414 5253 2495 5307 sui
2522 5268 2619 5323 per
2659 5252 3034 5324 negligentiam
3072 5266 3104 5305 a
3132 5249 3419 5305 Wasconi-

1850 5342 1953 5396 bus
1976 5342 2029 5395 in
2053 5342 2190 5397 valle
2214 5342 2420 5399 Bobola
2449 5359 2556 5398 non
2586 5342 2773 5398 fuisset
2790 5341 3118 5399 interfectus.
3135 5342 3420 5397 Exercitus

1853 5447 1983 5486 vero
2026 5431 2376 5498 Francorum,
2420 5433 2511 5504 qui
2540 5434 2606 5489 de
2648 5434 2950 5505 Burgundia
2996 5434 3051 5487 in
3077 5431 3419 5488 Wasconiam

1855 5533 2177 5587 accesserat.
2205 5533 2417 5600 patrata
2439 5527 2665 5583 victoria
2694 5527 2852 5585 rediit
2881 5527 2947 5583 ad
2976 5526 3218 5599 proprias
3256 5522 3415 5579 mdes.
