3950 6308
574 325 704 381 ΝΗ

1804 314 2118 374 ANONYMI
2156 312 2424 371 SJECULI
2462 312 2587 371 VIII.

3724 317 3848 373 NH

570 436 701 494 Car.
728 435 988 492 XXXVII.
1012 465 1083 476 —-
1105 430 1378 499 Qmodo
1402 431 1466 484 de
1486 429 1796 499 quibusdam
1825 430 1960 485 villis
1986 429 2147 484 eccle—
2173 429 2225 488 Δ
2246 441 2434 482 omnes
2459 434 2646 497 gentes
2667 440 2787 495 qua:
2814 423 2871 481 iu
2898 417 3127 481 circuitu
3152 428 3306 499 regni
3330 428 3417 483 sui
3445 434 3655 493 erant,
3684 432 3845 499 satis

570 526 577 535 ‘
640 509 777 563 sicut
812 505 1235 577 supradictorunt
1257 510 1547 577 martyrum
1584 500 1841 577 Iiwredem
1871 500 2067 577 fecerit,
2095 508 2144 552 et

747 565 886 645 ἔξεστ’
915 574 1163 645 fratribus
1218 570 1345 623 inibi
1396 565 1800 645 consistentibus
1950 565 2147 622 ducatu

647 717 794 769 serit.

644 806 846 860 Eodem
885 811 1065 857 autem
1113 808 1355 869 tempore
1410 797 1787 853 devotissimus
1833 812 1927 852 rex
1972 797 2148 865 Dago-

573 897 761 951 bertus
800 892 1086 948 ecclesiam
1117 888 1317 947 Christi
1348 894 1644 958 martyrum
1686 887 1924 957 Dionysii
1956 902 2020 941 ac
2061 902 2149 942 so-

575 984 784 1039 ciorum
807 980 924 1052 ejus
942 978 1210 1035 haeredem
1234 978 1573 1047 propriorum
1599 974 1726 1031 fecit
1757 984 2146 1045 praeceptorum

574 1069 1055 1139 subscriptionibus
1084 1069 1150 1122 de
1184 1066 1473 1135 Campania
1495 1065 1641 1131 villa,
1682 1081 1803 1134 qua:
1844 1065 1946 1119 sita
1983 1064 2146 1119 estin

570 1176 709 1232 pago
735 1159 1122 1221 Camliacense,
1155 1171 1318 1227 quam
1355 1155 1528 1210 eidem
1553 1155 1668 1225 regi
1696 1155 1939 1224 quaedam
1974 1160 2147 1206 mater

570 1251 801 1306 familias
845 1248 1060 1303 nomine
1100 1243 1356 1301 Theodila
1386 1240 1678 1300 tradiderat
1707 1262 1719 1297 :
1746 1251 1801 1298 et
1848 1244 1913 1299 de
1957 1243 2146 1297 Tiber-

569 1340 730 1394 nione
774 1334 1165 1409 [Tivernione],
1193 1350 1313 1404 quae
1357 1334 1460 1389 sita
1502 1344 1586 1389 est
1634 1334 1687 1388 in
1718 1349 1856 1405 pago
1894 1332 2143 1387 Aurelia-

568 1431 743 1496 nensi,
773 1444 937 1499 quam
965 1429 1105 1483 idem
1133 1442 1228 1482 rex
1251 1441 1372 1480 cum
1403 1432 1589 1504 sancto
1618 1410 1869 1480 Ferreolo
1888 1422 2145 1493 Angusti-

567 1519 795 1577 dunensi
826 1519 1076 1589 episeopo
1098 1523 1551 1579 commutaverat;
1578 1528 1784 1568 necnon
1823 1520 1879 1566 et
1907 1513 1973 1566 de
1995 1511 2143 1581 Clip-

565 1610 721 1678 piaco
747 1607 1045 1677 superiore,
1073 1613 1129 1658 et
1164 1603 1367 1669 Idcina,
1409 1612 1572 1671 atque
1600 1600 1795 1663 Saliee,
1830 1616 1925 1655 seu
1963 1589 2142 1670 Aqua-

566 1707 740 1767 putta,
789 1712 910 1767 qum
951 1709 1139 1750 omnes
1184 1700 1432 1750 constant
1460 1692 1513 1745 in
1539 1705 1677 1760 pago
1710 1690 1981 1745 Parisiaco
2006 1704 2022 1743 :
2047 1704 2141 1744 seu

565 1791 729 1845 etiam
755 1790 820 1844 de
842 1787 1140 1850 Latiniaeo,
1163 1799 1282 1854 qua:
1306 1784 1409 1840 sita
1451 1784 1614 1839 estin
1653 1783 1927 1837 territorio
1956 1780 2140 1836 Meldi-
2169 1770 2215 1833 Β

566 1895 650 1945 co,
680 1882 844 1950 quam
887 1879 1002 1948 ipse
1048 1892 1141 1932 rex
1192 1892 1315 1931 cum
1362 1876 1576 1930 Bobone
1620 1873 1775 1940 duce,
1806 1882 1861 1928 et
1888 1872 2140 1928 Taciloue

566 1970 763 2025 comite
789 1967 993 2038 palatii,
1027 1966 1094 2021 de
1139 1980 1237 2020 suo
1277 1963 1495 2035 proprio
1525 1963 1655 2017 ﬁsco
1694 1969 2136 2017 commutaverat.

568 2060 891 2117 Sanctorum
917 2072 1127 2127 semper
1150 2056 1407 2111 auxilium
1443 2061 1630 2110 contra
1657 2052 1895 2109 visibiles
1922 2059 1977 2107 et
2003 2052 2141 2106 invi-

564 2150 749 2205 sibiles
794 2146 1129 2203 adversarios
1166 2152 1450 2214 expetens;
1505 2152 1565 2197 ut
1611 2142 1749 2196 sicut
1792 2142 1843 2195 ei
1895 2149 2137 2210 tempore

561 2242 864 2314 pubertatis
910 2241 966 2294 in
1019 2237 1224 2294 somnis
1270 2234 1508 2306 praedicti
1558 2244 1827 2303 martyres
1873 2231 2139 2302 promise-

562 2312 707 2397 rant,
742 2332 809 2385 ab
834 2328 1238 2386 imminentibus
1271 2323 1532 2394 angustiis
1573 2338 1697 2377 eum
1731 2322 2025 2391 eriperent,
2057 2329 2139 2375 at-

562 2436 669 2491 que
693 2420 743 2476 ei
769 2427 826 2475 et
849 2420 905 2473 in
931 2419 1042 2473 vita
1068 2425 1124 2475 et
1159 2424 1283 2486 post
1324 2423 1554 2470 mortem
1598 2413 1837 2482 pollicita
1883 2411 2137 2482 suﬂragia

561 2511 784 2566 ferrent.
813 2510 987 2580 Super
1008 2510 1123 2563 hrec
1143 2521 1271 2561 vero
1294 2516 1510 2561 centum
1536 2518 1732 2559 vaccas
1758 2501 2135 2568 inferendales,

559 2616 683 2671 quae
720 2601 771 2655 ei
799 2600 867 2655 de
908 2599 1108 2654 ducatu
1136 2596 1533 2652 Cenomannico
1578 2594 1733 2649 annis
1775 2592 2003 2663 singulis
2031 2591 2137 2647 sol-

562 2692 847 2753 vehantur,
870 2688 1132 2757 fratribus
1161 2686 1293 2743 inibi
1328 2686 1438 2741 Deo
1479 2685 1836 2739 servientibus
1867 2697 1965 2752 per
2006 2698 2136 2751 pro-

558 2779 665 2849 prii
691 2778 943 2846 praecepti
986 2776 1457 2844 subscriptionem,
1490 2783 1552 2828 ut
1580 2775 1783 2829 eisdem
1817 2789 1917 2844 pro
1945 2790 2010 2829 eo
2036 2775 2138 2830 Do-

560 2872 769 2927 minum
813 2878 883 2926 et.
913 2878 1127 2925 sanctos
1171 2877 1437 2940 martyres
1485 2868 1730 2923 devotius
1781 2867 2139 2923 delectaretur

559 2977 809 3027 exorare,
854 2962 1002 3018 visus
1043 2968 1126 3016 est
1167 2960 1316 3016 omni
1362 2959 1545 3015 futuro
1588 2966 1827 3030 tempore
1857 2960 2138 3016 annuatim

560 3054 913 3110 concessisse.

557 3143 689 3201 Car.
717 3142 997 3199 XXXVIII.
1019 3170 1090 3182 —-
1110 3141 1383 3208 Quomodo
1419 3140 1488 3194 ad
1512 3139 1779 3195 Judicaita
1804 3142 1987 3197 missos
2013 3158 2135 3199 suos

554 3262 557 3265 .
945 3214 1001 3268 in
1026 3212 1355 3267 Britanniam
1387 3211 1752 3265 transmiserit.

553 3362 557 3369 ,
629 3303 757 3359 Post
783 3303 899 3357 hac
939 3302 1121 3372 itaque
1148 3300 1483 3370 Dagobertus
1508 3313 1603 3354 rex
1628 3297 1901 3370 Clippiaco
1937 3298 2137 3369 palatio

556 3395 803 3459 residens
836 3394 1000 3449 mittit
1042 3393 1261 3448 nuntios
1304 3391 1359 3445 in
1392 3389 1747 3458 Britanniam,
1786 3398 1846 3446 ut
1873 3405 1993 3460 quae
2019 3390 2138 3445 Bri-

559 3484 709 3540 tanni
733 3492 922 3540 contra
957 3498 1087 3538 suos
1110 3480 1443 3537 admiserant
1473 3479 1841 3545 emendarent,
1869 3487 1924 3534 et
1945 3478 2135 3535 ditioni

555 3573 675 3643 ejus
725 3589 785 3629 se
830 3574 1121 3629 traderent.
1173 3569 1425 3641 Alioquin
1473 3569 1742 3625 exercitus
1794 3570 2135 3640 supradictus

558 3663 897 3733 Burgundize,
932 3662 1024 3732 qui
1053 3662 1108 3717 in
1137 3660 1483 3716 Wasconiam
1521 3659 1717 3727 fuerat,
1746 3659 2136 3731 praesentaliter

546 3754 616 3820 in
642 3752 974 3806 Britanniam
1022 3751 1272 3805 irrueret.
1305 3749 1458 3816 Quod
1502 3750 1726 3805 audiens
1767 3748 1995 3806 Judicail
2037 3765 2135 3806 rex

558 3841 943 3896 Britannorum
970 3880 986 3905 ,
1032 3854 1192 3893 cursu
1237 3838 1409 3893 veloci
1450 3837 1725 3908 Clippiaco
1774 3852 1900 3894 cum
1952 3839 2134 3895 multis

546 3930 876 3985 muneribus
903 3928 970 3983 ad
993 3928 1246 3984 domuum
1272 3928 1629 3999 Dagobertum
1654 3943 1834 4000 regem
1867 3929 2130 3998 pervenit,

543 4017 743 4087 ibique
770 4017 984 4073 veniam
1003 4023 1213 4086 petens,
1238 4024 1432 4071 cuncta
1454 4032 1574 4088 qua:
1597 4017 1679 4072 sui
1717 4017 1866 4087 regni
1887 4016 2134 4083 Britanni

542 4118 747 4177 contra
808 4108 971 4164 duces
1021 4107 1354 4163 Francorum
1408 4107 1591 4164 illicite
1660 4115 2129 4181 perpetraveraut,

546 4201 951 4267 emendandum
993 4199 1241 4270 spondet,
1274 4208 1329 4254 et
1357 4214 1567 4270 semper
1596 4214 1654 4255 se
1683 4210 1736 4255 et
1760 4215 1983 4270 regnum
2010 4199 2130 4255 Bri.

542 4292 773 4363 tanniaa,
807 4290 950 4361 quod
980 4290 1092 4359 ipse
1134 4290 1373 4361 regebat,
1416 4289 1713 4360 subjectum
1759 4290 1948 4346 ditioni
1988 4290 2131 4362 regis

557 4380 843 4453 Dagoberti
880 4396 1020 4447 esse,
1049 4382 1388 4451 postmodum
1415 4383 1562 4438 omni
1606 4390 1847 4453 tempore
1886 4382 2126 4439 Franco-

558 4450 681 4527 rum
709 4472 925 4542 regibus
944 4450 1294 4543 jurejurando
1330 4472 1615 4544 promittit.
1797 4480 1977 4528 tamen
2006 4488 2130 4529 cum
2156 4450 2211 4516 D

560 4563 863 4633 Dagoberto
893 4577 1020 4634 rege
1045 4563 1114 4619 ad
1158 4563 1444 4634 prandium
1484 4564 1821 4619 discumbere
1847 4562 2036 4627 noluit,
2066 4576 2133 4617 eo

558 4654 704 4726 quod
743 4661 887 4709 esset
909 4652 1138 4708 Judicail
1161 4653 1445 4723 religiosus
1468 4659 1524 4707 et
1550 4652 1745 4707 timens
1767 4653 1932 4707 Deum
1957 4650 2129 4706 valde.

558 4742 799 4813 Cumque
823 4757 920 4797 rex
966 4744 1253 4798 resedisset
1297 4743 1366 4799 ad
1410 4757 1668 4807 mensam,
1706 4739 2131 4813 JudicaiLegre-

559 4835 713 4891 diens
740 4835 805 4890 de
830 4834 1030 4906 palatio
1056 4834 1124 4890 ad
1142 4835 1476 4891 mansionem
1500 4833 1734 4890 Dadonis
1759 4831 2128 4898 referendarii,

559 4924 653 4995 qui
698 4924 960 4982 vocabulo
1004 4924 1295 5003 Audoenus
1340 4924 1517 4980 dictus
1548 4931 1652 4990 est,
1680 4932 1973 4995 posteaque
2020 4923 2131 4994 epi-

560 5031 754 5085 scopus
806 5018 1156 5075 Rotomo'rum
1191 5019 1427 5085 exstitit,
1471 5019 1596 5089 quia
1644 5027 1967 5089 cognoverat
2007 5032 2131 5075 eum

560 5101 784 5161 Judicail
821 5117 1064 5164 sanctam
1109 5108 1420 5180 religionem
1450 5116 1768 5174 sectantem,
1794 5098 1916 5163 cum
1941 5122 2008 5166 eo
2041 5124 2132 5165 ac-

532 5196 724 5250 cessit
757 5199 825 5252 ad
851 5199 1156 5268 prandium.
1204 5198 1434 5269 Indeque
1472 5198 1527 5253 in
1574 5198 1869 5253 crastinum
1902 5197 2129 5254 Judicail

564 5297 687 5353 rege
715 5285 1013 5357 Dagoberto
1036 5289 1154 5344 vale
1173 5289 1377 5354 dicens,
1397 5290 1450 5344 in
1478 5290 1809 5344 Britanniam
1832 5289 2125 5358 repedavit.

563 5371 835 5443 Condigne
861 5385 1036 5432 tamen
1066 5394 1097 5433 a
1129 5394 1251 5449 rege
1276 5381 1591 5436 muneribus
1620 5381 1931 5435 honoratur.

562 5462 691 5518 Car.
729 5463 967 5544 XXXIX.
994 5495 1064 5505 --
1085 5467 1354 5532 Quomodo
1410 5471 1585 5524 omnia
1615 5540 1625 5544 _
1635 5486 1767 5544 pene
1799 5470 2130 5544 monasteria

633 5538 775 5609 regni
805 5538 888 5609 sui
913 5550 1003 5602 per
1019 5552 1186 5609 suum
1199 5538 1850 5609 testanteruumﬂitaverit,
1872 5555 1962 5609 per
1989 5538 2130 5609 quod

628 5603 785 5655 etiam
811 5602 1119 5657 Brunadum
1142 5606 1315 5660 villam
1342 5618 1522 5662 sancto
1547 5607 1798 5678 Dionysio
1819 5602 2055 5662 tradidit.

631 5694 829 5750 Eodem
854 5694 1116 5766 siquidem
1146 5712 1287 5755 anno
1320 5699 1654 5767 Dagobertus
1700 5713 1795 5753 rex
1841 5709 2128 5783 postquam

686 633 1024 699 eriemanizico
1066 650 1270 705 centum
1314 654 1495 692 vaccas
1523 638 1675 692 annis
1694 639 1912 709 singulis
1934 654 2146 693 conca»
2170 702 2176 709 ο

2161 3104 2210 3169 ο

2244 525 2486 588 gaverat,
2510 525 2566 572 et
2593 517 2891 587 opitulante
2930 518 3157 573 Domino
3174 518 3286 587 jam
3312 535 3453 591 pace
3506 521 3767 587 ﬁrmata,
3790 527 3844 578 i-

2244 608 2449 677 liosque
2475 623 2603 663 suos
2649 606 3007 675 Sigebertum,
3053 616 3109 662 et
3157 608 3534 675 Illudowium;
3578 621 3648 665 nt
3702 629 3845 682 εφη

2246 698 2499 764 diximus,
2530 713 2687 770 reges
2705 698 3097 767 designaverat,
3116 698 3342 754 consilio
3369 700 3663 756 divinitus
3691 700 3840 771 impi.

2246 794 2388 852 rato,
2422 788 2731 842 convocatis
2756 786 2902 852 filiis,
2942 787 3301 857 omnibusque
3326 790 3508 845 totius
3558 793 3722 862 regni

2245 881 2497 944 matibus,
2531 897 2565 935 x
2594 880 2713 934 Kal.
2736 879 2923 934 Junius
2950 865 3003 934 in
3048 881 3247 950 palatio
3274 881 3549 954 Bigargio
3594 885 3834 955 placita:

2245 974 2494 1045 generale
2536 973 2785 1028 instituit.
2824 972 3086 1043 Cumque,
3131 983 3191 1028 ut
3230 974 3595 1030 Francorum
3640 979 3832 1048 regam

2245 1064 2411 1120 moris
2430 1072 2565 1131 erat,
2590 1080 2751 1135 super
2772 1063 2963 1120 solium
2984 1078 3204 1118 aureum
3224 1074 3536 1120 coronatus
3564 1067 3827 1135 resideret,

2244 1159 2492 1214 omnibus
2516 1173 2700 1212 coram
2734 1156 2927 1226 positis
2954 1155 3027 1209 ita
3073 1169 3301 1211 exorsus
3344 1166 3438 1211 est
3468 1174 3483 1210 :
3512 1156 3718 1213 Audite
3738 1175 3823 1223 me,

2243 1262 2394 1305 ovos
2436 1263 2587 1319 reges
2625 1254 2679 1302 et
2724 1246 3017 1301 dulcissimi
3065 1246 3187 1313 filii,
3231 1262 3555 1317 omnesque
3598 1263 3825 1318 proceres

2243 1347 2403 1410 atque
2447 1336 2720 1393 fortissimi
2751 1337 2913 1391 duces
2944 1336 3094 1406 regni
3138 1338 3332 1391 nostri.
3364 1336 3710 1408 Priusquam
3750 1356 3823 1394 Sl-

2241 1432 2455 1487 bitanea
2497 1429 2839 1499 transpositlo
2866 1429 3055 1483 mortis
3081 1428 3315 1491 eveniat,
3351 1438 3588 1498 oportet
3624 1446 3721 1500 pro
3753 1447 3820 1486 ει

2243 1520 2353 1575 Iute
2383 1521 2575 1575 anima:
2605 1518 2847 1592 vigilare,
2883 1533 2951 1573 ne
2990 1516 3127 1572 forte
3153 1518 3409 1571 inveniat
3456 1519 3699 1587 aliquem
3738 1520 3817 1574 io-

2242 1620 2486 1681 paratum
2511 1651 2526 1675 ,
2581 1611 2739 1681 eique
2789 1610 2905 1664 sine
2956 1608 3135 1677 aliquo
3192 1615 3464 1677 respectu
3522 1616 3813 1676 prasente:

2242 1704 2415 1761 lucem
2465 1702 2694 1767 auferat,
2738 1710 2898 1771 atque
2931 1700 3205 1771 perpetuis
3238 1700 3503 1755 tenebris
3549 1701 3810 1756 etaternis

2243 1811 2365 1850 eum
2396 1794 2676 1849 tormentis
2712 1794 2907 1847 tradat.
2939 1791 3076 1857 Quin
3107 1790 3310 1862 potius,
3340 1790 3487 1845 dum
3526 1792 3730 1860 proprio
3751 1790 3805 1844 ii—

2243 1885 2471 1940 bertatis
2515 1878 2638 1954 jure
2688 1881 2966 1945 subsistit,
3012 1896 3078 1937 ex
3124 1881 3351 1936 caducis
3408 1881 3711 1936 substantiis
3752 1881 3801 1935 in

2242 1983 2442 2030 teterna
2490 1972 2833 2028 tabernacula
2877 1971 3040 2024 vitam
3086 1976 3300 2039 quaerat
3347 1971 3603 2025 mercari
3640 1984 3801 2039 κψεο

2246 2070 2409 2129 tuam,
2445 2072 2504 2117 ut
2550 2063 2688 2116 inter
2728 2060 3059 2116 consortium
3080 2057 3362 2128 iustorum
3415 2058 3795 2114 desidenka

2240 2154 2415 2207 valeat
2438 2152 2661 2223 adipisci
2690 2151 2885 2217 locum,
2913 2158 2967 2205 et
2997 2149 3387 2205 retributorem
3436 2151 3550 2205 sibi
3574 2158 3799 2220 pugnaret

2240 2242 2546 2308 Dominum,
2571 2249 2732 2310 atque
2756 2255 2823 2296 ex
2846 2241 3007 2294 rebus
3050 2238 3394 2293 transitoriis
3428 2240 3505 2295 ad
3532 2239 3645 2294 loca
3671 2252 3798 2293 vene

2238 2332 2430 2388 rabilia
2466 2340 2773 2386 sanctorum
2815 2329 2870 2384 in
2899 2329 3167 2384 alimoniis
3205 2343 3523 2398 pauperum
3552 2330 3799 2384 curetima

2238 2425 2491 2493 pendere,
2526 2429 2793 2491 quatenus
2835 2421 2903 2475 ab
2930 2420 3046 2489 ipso
3077 2419 3310 2474 Domino
3358 2414 3607 2476 fructum
3636 2418 3798 2474 ἱειὼὸ-

2238 2512 2429 2567 cientis
2472 2510 2718 2581 paracliti
2759 2509 2900 2563 inter
2930 2517 3078 2563 astra
3121 2509 3397 2563 matutina
3438 2518 3713 2564 mereatur
3735 2522 3806 2561 re

2238 2602 2427 2658 foveri.
2466 2602 2541 2656 De
2591 2600 2744 2670 cujus
2776 2599 2921 2655 fonte
2962 2599 3086 2653 vivo
3129 2597 3373 2669 perfecta
3419 2599 3528 2652 fide
3564 2597 3809 2667 peccaui

2236 2690 2340 2749 nec
2380 2692 2714 2748 subtrahitur
2743 2690 3015 2761 poculum,
3051 2703 3154 2745 nec
3184 2689 3439 2744 minuitur
3478 2688 3687 2749 alveus,
3711 2686 3809 2742 sed

2236 2785 2416 2855 potius
2440 2783 2686 2854 quisquis
2714 2782 2956 2839 hauserit
2985 2781 3244 2853 irrigatur
3272 2780 3555 2837 duleethne
3580 2779 3801 2842 aditus.

2236 2884 2402 2945 atque
2442 2874 2624 2930 suavis
2670 2874 2721 2929 ei
2762 2873 2970 2944 fragrat
3007 2873 3143 2928 odor
3188 2872 3426 2927 balsami
3452 2872 3710 2942 paradisi.
3748 2869 3803 2925 Ει

2234 2965 2359 3020 ideo
2388 2979 2489 3035 ego
2529 2963 2824 3019 discutiens
2859 2962 3247 3019 conscientiam
3280 2977 3351 3018 ac
3375 2964 3493 3017 mei
3536 2962 3800 3018 eor-disea-

2238 3069 2469 3118 cessum,
2515 3063 2678 3122 atque
2704 3052 3051 3108 considerans
3086 3051 3566 3107 examinationem
3609 3048 3794 3119 superni

2238 3145 2397 3215 regis,
2448 3144 2819 3213 iudiciumque
2867 3142 3033 3211 ipsius
3078 3149 3352 3206 metuens,
3402 3156 3624 3197 necnon
3660 3141 3796 3195 diu

2236 3250 2433 3292 verens
2469 3249 2658 3305 pinnas
2704 3234 2981 3289 hominum
3025 3232 3346 3298 infelicium,
3375 3234 3627 3288 maxime
3652 3241 3798 3287 ante:

2236 3325 2624 3394 concupiscens
2654 3323 2881 3394 gloriam
2904 3322 3168 3378 inﬁnitam
3196 3322 3508 3392 iustorum,
3536 3332 3594 3378 et
3626 3337 3795 3393 preca-

2236 3432 2370 3473 vens
2421 3415 2575 3482 illud,
2624 3430 2693 3471 ne
2742 3416 2964 3471 ultimus
3009 3415 3124 3471 dies
3148 3413 3311 3483 juxta
3360 3414 3795 3485 dispensatione:

2237 3506 2470 3572 Domini,
2513 3520 2611 3562 nos
2661 3506 2727 3561 de
2771 3504 3030 3560 memoria
3077 3510 3419 3568 sanctorum,
3452 3503 3545 3558 vel
3586 3501 3797 3559 console

2235 3598 2384 3655 tione
2405 3596 2672 3667 egentium
2692 3596 2873 3666 pigros
2897 3594 3153 3658 inveniat,
3182 3594 3258 3649 ita
3278 3594 3447 3649 nobis
3476 3608 3619 3649 sana
3654 3600 3795 3648 meum

2228 3701 2473 3757 sauoque
2496 3685 2721 3741 consilio
2754 3685 2973 3756 placuit,
2999 3693 3054 3740 et
3095 3691 3155 3740 ut
3171 3682 3289 3753 jam
3313 3684 3582 3747 diximus,
3616 3684 3798 3741 decutio

2234 3777 2428 3832 animae
2447 3775 2743 3841 admonuit,
2772 3791 2872 3845 pro
2901 3784 3101 3830 aeterna
3135 3775 3506 3832 retributione
3532 3785 3797 3832 testa-Ir

2235 3875 2349 3920 tum
2371 3866 2620 3929 condere,
2648 3864 2706 3919 in
2726 3879 2834 3933 quo
2857 3864 3107 3923 basilicas
3132 3873 3450 3920 sanctorum
3471 3882 3616 3936 pene
3638 3879 3793 3921 orna

2235 3954 2382 4023 regni
2414 3954 2584 4009 nostri
2632 3954 2960 4023 temporibus
2995 3954 3197 4009 nostris
3240 3954 3562 4011 nominatas
3588 3954 3793 4025 propitii

2235 4047 2437 4102 nostris
2490 4046 2869 4105 donationibus
2917 4047 3159 4102 hasredes
3208 4044 3329 4101 ﬁeri
3374 4048 3793 4118 praecipere-Is,

2233 4150 2288 4197 et
2311 4154 2411 4209 pro
2437 4138 2754 4195 immutabili
2780 4138 3041 4211 beneﬁcio
3064 4147 3297 4209 quatuor
3321 4154 3435 4195 uno
3466 4148 3661 4195 tenore
3688 4153 3793 4194 Ius-

2233 4245 2338 4300 que
2367 4229 2624 4299 temporis
2647 4236 2940 4295 momento,
2969 4227 3123 4284 vobis
3141 4228 3397 4284 omnibus
3413 4228 3797 4285 conscientia

2233 4321 2451 4376 ﬁrmare
2503 4320 2860 4387 decrevimus,
2907 4326 2963 4373 et
3009 4319 3269 4389 quidquid
3320 4319 3531 4389 ubique
3585 4322 3659 4375 ad
3704 4320 3795 4375 Ima

2232 4418 2540 4467 sanctorum
2584 4423 2682 4480 per
2710 4409 2898 4465 eadem
2921 4423 3063 4465 nunc
3089 4408 3160 4462 ad
3198 4421 3445 4477 praesens
3471 4409 3793 4471 contuli-IS.

2232 4498 2370 4555 infra
2396 4498 2558 4554 simili
2582 4498 2925 4555 adnotatione
2942 4498 3299 4554 eonteximus.
3319 4497 3405 4559 Ex
3430 4499 3643 4568 quibus
3659 4511 3797 4553 um

2230 4591 2490 4663 Lugdune
2513 4589 2699 4646 Galliae
2729 4590 3038 4661 dirigimus,
3082 4589 3247 4644 alium
3289 4604 3424 4646 vero
3468 4590 3719 4646 Parisios
3756 4590 3796 4642 '-

2229 4682 2453 4738 archivo
2492 4679 2735 4736 ecclesia:
2774 4678 3235 4744 commendamus,
3275 4678 3514 4733 tertium
3543 4678 3722 4734 latis
3747 4676 3796 4730 εἰ

2231 4769 2639 4829 custodiendum
2702 4770 2900 4826 domno
2948 4769 3159 4825 Abboni
3207 4769 3502 4825 donamus.
3560 4769 3795 4837 Qum

2229 4876 2434 4933 autem,
2461 4881 2625 4937 quem
2667 4874 2725 4920 et
2764 4866 2819 4919 iu
2860 4864 3111 4920 manibus
3139 4872 3411 4929 mutemus,
3460 4863 3525 4919 in
3572 4865 3795 4920 theam

2230 4966 2416 5015 nostro
2449 4957 2637 5027 reponi
2674 4956 2945 5027 iubemus.
2992 4955 3120 5012 Hzec
3164 4954 3331 5026 igitur
3371 4956 3605 5026 propria
3645 4960 3795 5012 ex“

2229 5057 2414 5105 nostra
2440 5048 2672 5113 devotio,
2699 5054 2755 5101 et
2784 5048 2902 5103 haec
2930 5045 3145 5101 Domini
3176 5043 3347 5100 nostri
3368 5046 3700 5109 consolatio,
3722 5042 3793 5113 qi

2228 5138 2468 5212 perfecta
2500 5147 2627 5194 vota
2670 5137 2955 5207 dignanter
3000 5136 3200 5206 excipit
3226 5153 3242 5190 :
3273 5136 3405 5205 quia
3447 5138 3710 5194 videllea
3734 5133 3793 5190 ili

2231 5236 2378 5283 certa
2409 5226 2605 5281 ﬁducia
2652 5225 2707 5279 in
2743 5225 2830 5280 die
2873 5225 3213 5281 necessitatis
3250 5225 3525 5291 manebit,
3578 5224 3797 5297 quisquis

2229 5316 2364 5371 locis
2381 5323 2692 5371 sanctorum
2720 5322 2879 5383 atque
2902 5314 3272 5369 sacerdotibus
3297 5320 3355 5367 et
3376 5316 3580 5384 egenis
3610 5316 3697 5370 hic
3719 5312 3796 5367 ali-

2230 5406 2467 5462 moniam
2499 5404 2705 5469 tribuit,
2751 5404 3026 5473 quoniam,
3073 5401 3357 5473 Scriptura
3405 5410 3579 5471 teste,
3608 5404 3793 5461 fenera—

2230 5506 2320 5553 tur
2345 5496 2571 5552 Domino
2593 5495 2686 5564 qui
2710 5495 2999 5551 miseretur
3022 5495 3263 5563 pauperi,
3302 5504 3363 5550 et
3404 5494 3530 5566 ipse
3568 5504 3795 5568 regnatur

2231 5585 2439 5656 Olympi
2456 5584 2877 5641 vicissitudinem
2898 5585 3084 5640 reddet
3097 5584 3168 5639 ei.
3193 5583 3370 5650 Unde,
3392 5586 3545 5642 sicut
3564 5587 3793 5645 diximus,

2229 5694 2330 5748 pro
2354 5677 2592 5741 remedio
2616 5677 2809 5734 anima:
2850 5684 3046 5734 nostrae
3072 5675 3188 5745 ipsa
3233 5675 3475 5733 conditio
3511 5674 3789 5738 admonit.
