3950 6308
178 378 291 444 1413

1339 376 1561 433 GESTA
1600 374 1817 432 DOMNI
1859 364 2270 429 DAGOBERTI.

3263 381 3402 438 1414

174 512 231 556 ιιι
250 507 352 570 post
376 497 691 560 discessum,
720 484 1151 564 quandoquidem
1181 490 1323 548 Deus
1342 490 1586 560 jusserit,
1620 506 1723 553 no-
1753 491 1801 551 Α
1828 488 2081 541 thesauro
2102 501 2201 541 suo
2224 484 2410 555 reponi
2432 483 2688 554 jusserat,
2720 501 2890 556 usque
2915 488 3076 545 hodie
3100 492 3153 547 in
3183 497 3406 553 archivo

173 599 343 651 strum,
382 586 691 642 sacerdotes
719 584 811 654 qui
853 583 906 637 in
939 583 1030 638 illo
1058 591 1295 651 tempore
1321 582 1377 636 in
1418 581 1550 636 locis
1590 579 1733 635 inft'a

172 678 366 749 scriptis
406 674 572 731 ofﬁcii
620 690 806 731 curam
850 679 1150 743 gesserunt,
1202 672 1341 726 sicut
1390 672 1444 726 in
1476 667 1732 741 praesenti

170 767 343 837 pagina
364 764 683 829 continetur,
710 763 911 832 absque
934 761 1093 815 ullius
1116 767 1422 830 exspectata
1443 759 1733 815 traditione

169 856 543 929 praesentaliter
570 870 692 910 cum
734 854 881 909 omni
908 853 1215 923 integritate
1256 852 1533 921 recipiant,
1566 859 1731 920 atque

169 948 235 1004 ad
264 961 411 1015 supra
437 945 636 1015 scripta
666 944 784 998 loca
816 951 1125 998 sanctorum
1155 942 1208 995 in
1244 942 1509 1011 reliquum
1533 948 1729 996 cuncta

169 1035 425 1106 aspiciant,
457 1040 513 1090 et
540 1034 640 1087 sub
667 1032 876 1103 integra
903 1032 1199 1087 emunitate
1222 1045 1321 1100 pro
1351 1039 1535 1086 nostra
1580 1042 1728 1084 mer-

168 1127 288 1184 cede
307 1126 498 1182 ibidem
531 1124 585 1179 in
610 1131 929 1194 perpetuum
957 1122 1259 1194 proﬁciant.
1289 1121 1532 1190 Cumque
1559 1136 1728 1177 unus-

167 1219 377 1287 quisque
407 1230 594 1271 eorum
634 1214 735 1269 sibi
782 1213 974 1268 collata
1021 1220 1260 1281 tempore
1305 1211 1394 1264 illo
1440 1209 1724 1279 receperit,

166 1323 346 1363 nomen
375 1314 617 1361 nostrum
665 1305 718 1358 in
750 1304 891 1358 libro
916 1302 1038 1359 vitae
1065 1301 1386 1356 omnimodis
1415 1303 1639 1367 inserat,
1672 1305 1728 1352 et

165 1398 398 1454 omnibus
431 1394 727 1450 Dominicis
748 1393 956 1459 diebus,
982 1406 1078 1447 seu
1110 1390 1395 1461 pmipuis
1415 1397 1728 1444 sanctorum

162 1485 581 1544 solemnitatibus
600 1499 697 1553 per
719 1483 899 1539 omnia
925 1489 1225 1537 recenseat.
1249 1481 1384 1535 Illud
1410 1495 1558 1544 vero,
1584 1479 1728 1553 quod

159 1577 228 1631 ad
252 1574 504 1630 medelam
531 1574 724 1628 anima:
754 1580 954 1627 nostra:
998 1572 1210 1641 plenius
1248 1569 1518 1640 pertinere
1560 1568 1729 1623 conﬁ-

157 1664 346 1729 dimus,
374 1679 471 1734 per
495 1664 634 1718 banc
658 1663 910 1733 paginam
935 1676 1030 1715 vos
1056 1658 1363 1715 sacerdotes
1395 1657 1727 1726 temporibus

158 1757 265 1811 illis
288 1756 339 1811 in
364 1755 494 1825 ipsis
523 1754 723 1808 sanctis
750 1753 882 1808 locis
911 1751 1288 1812 consistentes,
1337 1758 1392 1802 et
1433 1747 1609 1802 ofﬁcia
1641 1747 1725 1800 in-

1830 582 2074 638 ecclesize
2117 582 2397 636 beatorum
2435 588 2730 652 martyrum
2759 581 2999 653 Dionysii
3040 600 3105 641 ac
3136 588 3405 647 sociorum

1830 669 1948 740 ejus
1975 670 2353 727 venerabiliter
2379 672 2698 727 custoditur.

1830 776 1958 831 Car.
2192 774 2401 829 Plumbi
2422 786 2537 853 oct_o_
2552 752 2725 830 millia.
2739 777 2900 853 iib_r_as
2922 781 2993 834 ad
3012 785 3406 853 cooperiendam

2002 846 2270 899 basilicam
2297 846 2564 900 monachis
2592 849 2757 901 sancti
2786 848 3023 919 Dionysii
3050 846 3232 906 donat.

1900 936 2140 1006 Denique
2160 938 2348 992 eodem
2374 943 2614 1007 tempore
2635 939 2934 1008 plumbum,
2962 944 3104 1012 quod
3127 946 3177 998 ei
3202 956 3270 1000 ex
3293 961 3409 1002 me-

1829 1025 1958 1081 tallo
1985 1028 2248 1082 censitum
2281 1028 2334 1081 in
2375 1028 2611 1084 secundo
2651 1045 2866 1100 semper
2892 1047 3033 1088 anno
3073 1032 3405 1103 solvebatur,

1827 1118 1994 1173 libras
2032 1127 2156 1174 octo
2194 1120 2359 1174 millia
2400 1121 2467 1175 ad
2506 1121 2914 1190 cooperiendam
2943 1127 3187 1179 eamdem
3220 1138 3409 1195 supm

1828 1208 2094 1262 dictorum
2134 1209 2413 1264 beatorum
2452 1218 2750 1283 martyrum
2778 1203 3070 1268 ecclesiam
3112 1230 3179 1270 eo
3216 1217 3410 1272 ordino

1827 1299 2121 1363 concessit,
2166 1307 2225 1353 ut
2266 1309 2376 1354 tam
2415 1315 2514 1371 per
2543 1301 2751 1372 regales
2776 1318 2935 1372 quam
2976 1313 3030 1359 et
3066 1321 3164 1376 per
3187 1309 3406 1363 easdem

1827 1388 1981 1443 villas
2010 1404 2144 1458 quas
2183 1390 2296 1459 ipse
2331 1399 2454 1445 ante
2488 1392 2662 1447 eidem
2704 1402 2892 1448 sancto
2928 1394 3048 1448 loco
3084 1395 3404 1461 contulerat,

1828 1479 1881 1533 in
1912 1479 2017 1533 alio
2049 1494 2261 1547 semper
2290 1494 2431 1533 anno
2472 1481 2847 1548 adduceretur,
2883 1491 2939 1537 et
2977 1500 3007 1538 a
3046 1485 3292 1554 gentibus
3318 1485 3405 1540 vel

1827 1568 2175 1624 thesaurariis
2209 1570 2378 1637 ipsius
2403 1572 2689 1625 venerandi
2728 1574 3037 1627 monasterii
3076 1575 3404 1640 traderetur,

1827 1667 2091 1728 quatenus
2126 1661 2264 1714 sicut
2300 1661 2413 1731 ipse
2451 1662 2727 1716 basilicam
2763 1666 3074 1719 eoru‘mdem
3105 1674 3405 1737 martyrum
3463 1646 3481 1653 ’

1826 1750 2171 1805 devotissime
2203 1758 2385 1821 tegere
2412 1751 2710 1813 videbatur,
2744 1751 2818 1806 ita
2858 1753 2992 1821 ipsis
3022 1755 3407 1812 intercedenti—

154 1849 313 1904 libata
355 1852 730 1917 procurantes,
776 1858 872 1913 per
909 1842 1184 1897 caalestem
1232 1839 1436 1910 Regem
1478 1837 1725 1905 conjura—
1752 1825 1801 1884 Β
1830 1841 1931 1894 bus
1955 1855 2077 1894 eum
2102 1840 2438 1908 omnipotens
2462 1840 2602 1895 Deus
2628 1842 2821 1897 umbra
2855 1857 3074 1897 suarum
3098 1851 3406 1915 protegeret

154 1953 294 2004 mus,
321 1951 441 1991 cum
483 1934 586 1990 sibi
613 1933 806 1988 collata
836 1932 1201 2000 unusquisque
1234 1929 1551 2001 perceperit,
1589 1929 1729 1983 inse-

151 2030 438 2100 quentibus
463 2027 651 2082 diebus
678 2026 851 2079 tribus
880 2024 1038 2079 annis
1064 2023 1261 2079 missas
1284 2038 1381 2093 pro
1406 2023 1561 2077 nobis
1591 2021 1730 2076 cele-

146 2120 330 2181 brent,
356 2123 410 2170 ct
433 2113 696 2169 sacriﬁcia
717 2112 1226 2168 misericordissimo
1252 2112 1362 2182 regi
1387 2126 1486 2181 pro
1513 2111 1727 2166 sarcina

147 2205 436 2260 commissa
456 2201 827 2271 peccaminum
852 2201 1108 2257 solvenda
1129 2200 1452 2255 omnimodis
1476 2200 1725 2256 oﬁ'erant.

147 2291 266 2347 Hoc
290 2307 418 2346 vero
450 2298 835 2345 testamentum
860 2288 1089 2343 Domino
1109 2286 1290 2356 judice
1318 2303 1382 2342 ac
1422 2296 1559 2343 teste
1591 2304 1731 2358 pra:-

144 2383 307 2453 cipue
329 2397 427 2452 per
467 2382 610 2436 hanc
649 2381 901 2450 paginam
943 2379 1196 2434 omnibus
1234 2378 1327 2448 qui
1365 2378 1566 2433 adestis
1598 2394 1730 2434 con-

144 2474 506 2529 sentientibus
567 2471 957 2527 committimus
999 2469 1323 2526 dulcissimis
1366 2470 1490 2526 ﬁliis
1532 2472 1732 2527 nostris

146 2554 513 2636 Sigeberto'ct
550 2560 834 2617 Hludowio
864 2561 1102 2631 regibus,
1149 2574 1286 2628 quos
1332 2562 1490 2616 nobis
1532 2560 1732 2617 Christi

144 2655 367 2724 largitio
391 2653 658 2708 concessit
689 2651 891 2706 habere
930 2651 983 2704 in
1006 2650 1233 2720 prolem,
1262 2657 1355 2703 aut
1382 2664 1519 2718 quos
1556 2653 1733 2708 adhuc

144 2749 414 2805 Dominus
440 2746 648 2802 dederit
678 2744 836 2812 ﬁlios,
865 2744 957 2815 qui
983 2743 1139 2799 nobis
1163 2743 1453 2799 succedere
1481 2745 1728 2810 debeant,

140 2849 212 2896 ut
233 2841 337 2895 hoc
359 2852 645 2895 commune
668 2844 911 2892 nostrum
938 2836 1214 2891 decretum
1239 2833 1450 2891 faciatis
1474 2836 1527 2890 in
1553 2838 1730 2893 omni-

140 2935 254 2987 bus
288 2942 632 2995 conservare,
661 2936 716 2984 et
751 2929 869 2983 haec
903 2926 1096 2982 collata
1140 2935 1324 2981 nostra
1373 2943 1480 2982 non
1520 2943 1728 2997 praesu-

141 3021 315 3076 matis
377 3019 698 3075 couvellere.
756 3016 863 3072 Sed
916 3031 1015 3086 per
1058 3016 1448 3086 omnipotentis
1501 3018 1734 3075 nominis

140 3110 497 3175 Trinitatem,
526 3107 610 3163 vel
640 3107 870 3162 virtutes
908 3105 1371 3176 archangelorum,
1403 3105 1733 3175 patriarcha-

141 3216 277 3257 rum
298 3209 353 3256 et
376 3201 784 3270 prophetarum,
820 3197 1185 3268 apostolorum
1213 3205 1376 3266 atque
1413 3205 1729 3269 martyrum,

139 3292 502 3362 omniumque
529 3298 859 3355 sanctorum,
904 3297 959 3343 et
984 3288 1323 3342 tremendum
1357 3287 1498 3342 diem
1521 3285 1731 3356 iudicii,

141 3401 248 3442 seu
275 3384 561 3439 adventum
587 3381 802 3437 Domini
828 3380 997 3435 nostri
1025 3377 1152 3434 Jesu
1176 3378 1408 3443 Christi,
1436 3386 1562 3434 ante
1584 3378 1735 3448 cujus

140 3483 504 3546 conspectum
546 3486 826 3543 resurgere
858 3470 1126 3533 videmur,
1154 3468 1519 3538 conjuramus,
1550 3476 1736 3540 quate-

142 3583 259 3622 nus
285 3573 484 3622 statuta
522 3571 723 3626 nostra,
752 3577 871 3631 qua:
898 3573 1133 3631 praesens
1172 3560 1411 3615 declarat
1433 3559 1735 3631 Scriptura,

140 3654 339 3712 stabili
389 3654 647 3708 ﬁrmitate
694 3649 961 3720 perpetim
1016 3648 1229 3705 faciatis
1281 3651 1574 3706 custodire.
1628 3650 1738 3707 Nos

141 3751 341 3801 autem
381 3749 675 3813 praesentes
702 3741 920 3795 chartas
964 3740 1274 3795 testamenti
1312 3755 1414 3810 pro
1460 3749 1644 3797 nostra
1680 3742 1738 3796 in

140 3844 477 3910 perpetuum
524 3832 774 3888 mercede
806 3831 1025 3902 propria
1075 3832 1354 3888 studemus
1399 3833 1738 3889 roboratione

142 3929 400 3991 ﬁrmare,
426 3933 482 3980 et
504 3923 756 3980 omnibus
781 3922 872 3993 qui
902 3922 1102 3978 adestis
1123 3924 1404 3994 episcopis,
1432 3924 1735 3991 abbatibus,

140 4017 476 4090 proceribus
520 4024 682 4085 atque
706 4012 1006 4084 magniﬁcis
1028 4013 1179 4079 viris,
1208 4014 1277 4068 ad
1310 4029 1549 4084 praesens
1584 4012 1741 4083 jube-

142 4123 286 4164 mus
304 4107 501 4164 vestris
522 4105 1005 4174 subscriptionibus
1030 4102 1114 4158 vel
1134 4104 1425 4175 signaculis
1449 4104 1736 4160 afﬁrmare.

141 4199 226 4254 Et
247 4199 448 4253 iterum
476 4199 798 4268 iterumque,
830 4197 968 4252 sicut
988 4211 1150 4267 supra
1177 4196 1427 4260 diximus,
1460 4213 1557 4253 vos
1589 4212 1743 4269 reges

138 4299 211 4346 et
235 4289 540 4345 dulcissimi
571 4289 685 4353 ﬁlii,
710 4288 797 4342 vel
834 4287 926 4356 qui
951 4287 1293 4357 postmodum
1332 4287 1489 4341 nobis
1534 4301 1742 4343 succes-

139 4382 274 4437 suri
307 4380 419 4435 sint
450 4381 819 4444 admonemus,
871 4385 1139 4448 quatenus
1175 4375 1317 4432 facta
1367 4385 1552 4432 nostra
1594 4377 1742 4434 nullo

1829 1931 2057 1985 alarum.
2098 1929 2231 1983 Nam
2275 1938 2330 1984 et
2368 1939 2695 2001 przeceptum
2734 1933 2930 1988 exinde
2972 1934 3152 1988 taliter
3188 1934 3409 1989 ﬁrmare

1826 2020 2060 2085 studuit,
2088 2026 2149 2073 ut
2174 2019 2321 2073 omni
2352 2029 2476 2089 post
2502 2020 2682 2075 futuro
2712 2030 2954 2092 tempore
2981 2038 3012 2077 a
3044 2025 3261 2094 regibus
3286 2039 3408 2079 suc-

1828 2111 2142 2166 cedentibus
2190 2110 2377 2166 eadem
2430 2112 2651 2167 traditio
2701 2112 3082 2169 inviolabiliter
3123 2115 3408 2170 observata

1828 2201 2211 2257 custodiretur.
2693 2276 2697 2280 ἢ

1829 2315 1959 2371 CAP.
1995 2314 2130 2369 XLI.
2156 2344 2227 2355 —
2253 2312 2528 2387 Quomodo
2548 2311 2840 2387 fWascones
2869 2332 2985 2369 cum
3011 2332 3107 2370 suo
3133 2315 3264 2370 duce
3292 2308 3408 2387 ejus

2286 2400 2341 2436 se
2368 2383 2556 2439 ditiom'
2585 2385 2948 2441 subdiderunt.

1897 2474 2055 2530 Anno
2080 2474 2242 2546 igitur
2273 2474 2339 2529 15
2365 2475 2515 2545 regni
2547 2475 2863 2547 Dagoberti,
2899 2475 3195 2533 Wascones
3220 2490 3410 2534 omnes

1830 2567 2071 2622 seniores
2107 2573 2266 2622 terra:
2305 2567 2449 2622 illius
2478 2582 2601 2622 cum
2641 2566 2920 2621 “amando
2948 2567 3088 2623 duce
3122 2568 3192 2624 ad
3226 2582 3409 2638 regem

1830 2655 2102 2724 Clippiaco
2126 2660 2418 2719 venerunt,
2457 2655 2639 2724 ibique
2666 2656 2722 2710 in
2756 2654 3039 2710 ecclesiam
3075 2655 3250 2711 sancti
3284 2656 3413 2710 Dio-

1830 2747 1971 2817 nysii
1999 2746 2257 2816 martyris
2284 2746 2433 2816 regio
2462 2748 2656 2801 timore
2695 2747 2966 2816 perterriti
2991 2739 3302 2818 confugium
3329 2747 3412 2801 fe-

1828 2843 2040 2892 cerunt.
2077 2834 2371 2890 Clementia
2401 2850 2532 2891 vero
2561 2838 2704 2908 regis
2741 2837 3028 2907 Dagoberti
3056 2839 3127 2895 ob
3159 2853 3413 2895 reveren-

1832 2926 1960 2979 tiam
1986 2924 2162 2980 sancti
2198 2925 2439 2996 Dionysii
2473 2926 2640 2981 vitam
2669 2927 2867 2982 habent
2908 2928 3190 2983 indultam.
3225 2928 3412 2998 Ibique

1831 3013 1934 3084 ipsi
1983 3022 2320 3068 sacramenta
2369 3014 2679 3082 ﬁrmantes,
2729 3016 2891 3071 simul
2940 3028 2995 3072 et
3041 3018 3416 3087 promittentes

1833 3103 1981 3158 omni
2005 3111 2245 3174 tempore
2271 3105 2383 3175 regi
2406 3114 2461 3160 et
2482 3105 2606 3162 ﬁliis
2626 3106 2763 3177 ejus,
2786 3107 3226 3178 Francorumque
3248 3123 3415 3179 regno

1837 3212 1896 3253 se
1920 3212 2041 3253 esse
2067 3197 2270 3263 ﬁdeles,
2301 3199 2442 3267 quod
2470 3214 2619 3254 more
2658 3200 2818 3255 solito
2846 3201 2986 3256 sicut
3017 3214 3232 3271 semper
3257 3199 3412 3256 fefel—

1832 3288 2009 3344 lerant
2032 3296 2157 3360 post
2178 3289 2293 3344 hmo
2320 3289 2567 3358 probavit
2592 3298 2836 3356 eventus,
2865 3290 3131 3361 permissu
3155 3290 3299 3360 regis
3322 3304 3412 3344 re-

1834 3380 2003 3449 gressi
2027 3386 2152 3435 sunt
2176 3380 2231 3435 in
2262 3387 2460 3435 terram
2488 3379 2812 3436 Wasconiaz.

1834 3489 1963 3548 Cap.
1999 3490 2264 3568 XLll._—_
2298 3490 2376 3568 De
2408 3490 2550 3568 obitu
2589 3491 3074 3568 Dagopertifegis,
3107 3505 3155 3550 et
3190 3496 3317 3568 quid
3357 3499 3414 3556 in

2168 3561 2471 3630 inﬁrmitate
2499 3562 2613 3632 ipsa
2640 3561 2841 3631 pesitus
2869 3561 3067 3632 fecerit.

1826 3684 1829 3691 ‘
1904 3672 2149 3743 Longum
2194 3679 2276 3727 est
2319 3686 2576 3727 enarrare
2621 3687 2783 3743 quam
2827 3672 3082 3743 providus
3128 3675 3270 3732 idem
3318 3693 3415 3734 rex

1836 3766 2168 3836 Dagobertus
2211 3765 2264 3819 in
2298 3764 2522 3820 consilio
2560 3763 2745 3831 fuerit,
2788 3773 2979 3821 cautus
3011 3765 3236 3835 judicio,
3280 3776 3418 3825 stre-

1837 3873 1977 3912 nuus
2004 3855 2224 3911 militari
2262 3852 2562 3925 disciplina,
2610 3871 2775 3926 quam
2819 3856 2999 3928 largus
3038 3858 3412 3933 eleemosynis,

1838 3961 2105 4017 quamque
2153 3946 2424 4002 studiosus
2471 3946 2525 4000 in
2571 3948 2939 4017 componenda
2987 3964 3119 4018 pace
3165 3950 3419 4007 ecclesiae

1838 4055 1957 4095 rum
1976 4079 1990 4103 ,
2019 4037 2393 4109 praecipueque
2422 4052 2584 4106 quam
2618 4038 2841 4093 devotus
2865 4039 3133 4094 exstiterit
3161 4041 3214 4095 in
3241 4041 3418 4097 ditan—

1839 4130 1921 4185 dis
1959 4138 2267 4184 sanctorum
2305 4128 2585 4192 emnobiis,
2625 4127 2878 4197 praesenti
2916 4142 3079 4197 opere
3116 4129 3418 4197 declarare,

1838 4221 2123 4288 minusque
2157 4218 2547 4281 necessarium,
2578 4225 2634 4271 et
2659 4218 2892 4272 maxime
2924 4219 2995 4273 ob
3029 4217 3418 4279 fastidientium

1839 4308 2102 4363 lectorum
2128 4307 2405 4362 vitandum
2446 4306 2663 4361 tzedium
2700 4320 2715 4359 :
2756 4308 3054 4376 pmsertim
3096 4324 3217 4365 cum
3256 4311 3420 4370 nullis

1841 4398 2102 4455 abolenda
2155 4397 2486 4466 temporibus
2538 4396 2656 4452 luce
2711 4397 2940 4453 clariora
2994 4415 3182 4454 earum
3234 4416 3417 4457 rerum

140 4469 326 4526 modo
346 4469 686 4540 praesumatis
712 4468 1033 4533 convellere,
1056 4468 1101 4523 si
1120 4483 1185 4523 ea
1206 4481 1325 4536 quae
1348 4474 1469 4537 post
1496 4477 1736 4523 nostrum

1841 4497 2054 4545 exstent
2090 4488 2303 4544 indicia.
2345 4486 2551 4543 Idcirco
2586 4504 2732 4544 nunc
2759 4491 2827 4545 ad
2863 4491 3071 4546 obitum
3113 4492 3280 4561 ipsius
3319 4493 3415 4547 de-

138 4558 465 4620 discessum
491 4561 789 4617 statueritis
810 4559 1120 4616 inconvulsa
1149 4573 1370 4613 manere
1387 4559 1551 4614 vultis
1576 4577 1589 4613 :
1615 4559 1741 4628 quia

138 4654 298 4711 illud
332 4653 458 4709 nolo
498 4652 753 4708 dubitetis
769 4691 784 4718 ,
825 4652 970 4722 quod
1010 4666 1353 4706 successores
1377 4660 1433 4707 et
1458 4667 1555 4707 vos
1591 4652 1743 4707 habi-

141 4743 273 4801 turi
308 4743 483 4807 eritis,
523 4749 579 4798 et
607 4743 654 4797 si
678 4749 861 4798 nostra
895 4755 1002 4797 non
1037 4743 1496 4808 conservaveritis,
1528 4759 1629 4799 nec
1653 4754 1744 4798 ve-

138 4847 276 4892 stra
324 4841 528 4889 statuta
557 4832 773 4888 stabilia
797 4845 918 4888 esse
954 4831 1203 4887 credatis.
1229 4830 1472 4904 Cumque
1516 4833 1619 4889 hoc
1647 4846 1744 4888 rex

136 4925 422 4984 omnibus
447 4927 651 4981 intente
687 4926 1028 4981 audientibus
1050 4925 1464 4995 prudentissime
1502 4942 1746 4998 peroras-

137 5027 267 5087 set,
305 5019 488 5075 cuncti
519 5006 813 5090 longmam
841 5019 891 5072 ei
923 5017 1086 5071 vitam
1126 5018 1419 5086 pacemque
1443 5020 1593 5090 regni
1624 5034 1747 5090 gra-

140 5117 353 5169 tanter
390 5116 667 5179 optantes,
712 5108 1027 5178 praedictum
1054 5114 1435 5161 testamentum
1483 5117 1590 5163 tam
1633 5110 1746 5178 ipse

139 5216 263 5260 rex
308 5215 474 5271 quam
495 5213 685 5255 omnes
722 5196 873 5268 regni
907 5196 1167 5266 primates
1207 5196 1461 5251 alacriter
1499 5196 1748 5253 ﬁrmave-

137 5297 321 5352 runt.
352 5289 413 5344 in
442 5303 549 5359 quo
573 5288 735 5344 etiam
755 5302 863 5342 non
898 5286 1184 5341 immemor
1220 5286 1510 5356 peculiaris
1531 5289 1745 5357 patroni

136 5382 248 5441 sui
299 5380 487 5436 domui
535 5378 797 5450 Dionysii,
848 5375 1095 5447 quamvis
1141 5375 1317 5430 eidem
1351 5375 1465 5444 jam
1517 5378 1748 5447 plurima

136 5472 377 5546 praedia
396 5470 703 5535 contulerit,
719 5467 897 5523 villam
915 5465 1132 5521 nomine
1144 5463 1487 5520 Braunadum
1509 5466 1750 5524 inserere

137 5562 406 5648 studuit.
430 5559 807 5628 Ordinatisque
830 5557 932 5613 rite
961 5554 1212 5611 omnibus
1237 5569 1357 5624 quae
1385 5554 1454 5610 ad
1475 5557 1626 5624 regni
1653 5558 1775 5628 ho-.

139 5644 366 5712 iorem
408 5651 770 5723 pertinebant,
812 5660 999 5703 omnes
1038 5660 1162 5700 cum
1206 5644 1398 5716 gaudio
1426 5646 1495 5701 ad
1529 5648 1750 5718 propria

139 5758 425 5803 remeare
452 5739 738 5801 concessit.
773 5738 905 5795 Illud
943 5751 1072 5794 vero
1100 5744 1500 5808 testamentum,
1527 5740 1668 5811 quod
1695 5742 1748 5797 in

1841 4579 2185 4637 scribendum
2207 4587 2425 4635 vertens
2448 4578 2733 4634 articulum
2753 4621 2768 4647 ,
2797 4581 2923 4651 quid
2954 4582 3007 4636 in
3040 4582 3153 4651 ipsa
3187 4581 3416 4638 inﬁrmi-

1842 4679 1952 4727 tate
1981 4669 2188 4740 positus
2214 4669 2473 4740 gesserit,
2510 4678 2564 4725 et
2596 4685 2763 4724 unum
2790 4671 2930 4740 quod
2973 4672 3028 4725 in
3063 4672 3294 4741 quadam
3325 4688 3419 4727 ve-

1824 4759 2139 4816 'tustissima
2166 4759 2342 4829 reperi
2368 4760 2577 4824 charta,
2606 4774 2790 4828 quam,
2817 4768 2877 4813 ut
2900 4758 3193 4826 ferebatur,
3228 4761 3420 4818 beatus

1841 4851 2132 4913 Audoenus
2163 4850 2445 4920 episcopus
2477 4850 2795 4919 scripserat,
2834 4853 3084 4922 quodque
3121 4861 3421 4911 memorato

1842 4945 1956 5017 regi
1980 4943 2096 5014 ejus
2118 4954 2240 5012 post
2269 4952 2499 4998 mortem
2526 4943 2768 5013 contigit,
2800 4944 3038 5000 breviter
3061 4947 3293 5003 narrabo
3317 4946 3419 5003 mi-

1844 5035 2107 5091 raculum.
2158 5035 2288 5088 Post
2336 5033 2625 5105 gloriosam
2670 5034 2820 5105 regni
2867 5036 3416 5103 administrationem,

1844 5140 1997 5184 seno
2020 5129 2226 5184 decimo
2250 5136 2535 5199 postquam
2558 5142 2781 5197 regnum
2810 5129 3031 5184 sortitus
3056 5125 3231 5185 fuerat
3256 5145 3417 5197 anno,

1818 5217 2104 5289 proﬂuvio
2157 5219 2359 5273 ventris
2410 5218 2686 5288 Spinogilo
2732 5217 2855 5273 villa
2907 5234 3069 5290 super
3115 5218 3420 5290 Sequanam

1844 5309 2084 5375 ﬂuvium,
2111 5324 2212 5364 nec
2230 5310 2419 5379 procul
2444 5308 2703 5374 Parisius,
2726 5318 2992 5378 :egrotare
3010 5311 3190 5380 capit.
3216 5309 3421 5367 Exinde

1844 5416 1974 5456 vero
2000 5399 2067 5454 ad
2088 5400 2363 5456 basilicam
2392 5400 2565 5455 sancti
2593 5400 2832 5472 Dionysii
2856 5403 3108 5473 martyris
3132 5419 3163 5457 a
3192 5403 3304 5460 suis
3330 5402 3409 5458 dc-

1846 5490 2036 5547 fertur.
2068 5491 2197 5548 Post
2221 5508 2423 5563 paucos
2442 5500 2621 5549 autem
2650 5494 2785 5560 dies,
2810 5511 2930 5550 cum
2958 5496 3080 5552 vita:
3105 5512 3217 5551 sum
3255 5494 3416 5551 senti‘

1847 5588 1933 5637 ret
1972 5581 2269 5651 periculum
2311 5582 2612 5648 imminere,
2654 5583 2820 5656 Egam
2859 5586 3219 5640 consiliarium
3264 5600 3419 5639 suum

1848 5674 1947 5728 sub
1977 5673 2252 5730 celeritate
2280 5675 2346 5729 ad
2378 5691 2437 5730 se
2475 5676 2661 5731 venire
2693 5679 2965 5747 praecepit.
3001 5676 3257 5747 Reginam
3291 5689 3411 5730 vero

1848 5764 2187 5824 Nanthilzlem
2230 5773 2284 5824 et
2328 5766 2494 5823 ﬁlium
2545 5784 2701 5824 suum
2753 5769 3089 5825 ﬂludowium
3136 5767 3307 5821 eidem
3364 5766 3415 5821 in
