3950 6308
119 397 250 457 Mi?

1324 391 1547 451 GESTA
1586 391 1802 452 DOMNI
1838 391 2252 453 DAGOBERTI.

3249 396 3389 454 1418

114 511 369 570 velociter
395 472 1030 583 insequentes,vanimam
1060 522 1222 579 quam
1249 508 1565 566 verberibus
1591 509 1693 562 mi-
1719 510 1772 572 Α
1794 505 2022 577 parvum
2055 504 2294 561 dolorem
2325 501 2442 572 ejus
2468 503 2728 559 transitus
2770 504 2979 559 cunctis
3013 508 3291 576 generavit
3332 510 3391 566 in

116 608 302 677 nisque
326 606 595 661 vexabant
617 613 926 674 exemptam
954 602 1022 658 ad
1053 603 1255 658 aethera
1284 616 1471 657 secum
1496 599 1703 657 levasse

114 706 383 762 canentes,
407 696 602 751 Beatus
621 712 774 764 quem
794 693 993 766 elegisti
1013 702 1061 748 ct
1084 692 1433 764 assumpsisti,
1457 689 1700 756 Domine,

113 787 419 844 iulmbitabit
444 788 501 842 in
535 786 686 841 atriis
716 785 839 841 tuis.
884 783 1218 856 Replebimur
1249 784 1306 838 in
1334 783 1481 837 bonis
1517 781 1702 836 domus

113 891 237 946 true,
263 888 504 933 sanctum
522 887 598 932 est
623 876 871 950 templum
895 885 1065 941 tuum,
1092 873 1332 930 mirabile
1356 875 1412 930 in
1433 875 1699 946 aequitate.

113 970 240 1025 Haec
271 969 325 1024 in
365 977 664 1025 memorata
690 969 879 1024 charta
909 967 1050 1022 inter
1077 967 1183 1021 alia
1210 964 1545 1032 ferebantur,
1585 979 1706 1036 qum

113 1076 221 1115 non
247 1067 355 1114 tam
377 1058 695 1114 verisimilia
722 1074 889 1128 quam
918 1057 1226 1122 verissima,
1255 1064 1316 1111 ut
1343 1055 1599 1120 arbitror,
1626 1053 1707 1109 vi-

112 1152 230 1208 deri
268 1162 516 1222 possunt.
557 1149 822 1218 Quoniam
867 1149 1009 1204 idem
1040 1164 1135 1202 rex
1160 1163 1284 1203 cum
1309 1155 1363 1201 et
1389 1146 1524 1201 alias
1549 1145 1707 1217 longe

111 1243 327 1313 lateque
353 1241 613 1298 ecclesias
641 1241 893 1305 ditasset,
935 1249 1050 1295 tum
1087 1239 1355 1310 praecipue
1385 1238 1578 1293 horum
1617 1251 1708 1292 co-

110 1336 421 1408 piosissime
446 1332 812 1404 locupletavit.
849 1331 1004 1388 Unde
1024 1338 1078 1385 et
1102 1344 1291 1385 eorum
1316 1337 1439 1400 post
1476 1335 1707 1384 mortem

110 1426 394 1500 flagitabat
437 1424 720 1492 auxilium,
765 1438 901 1494 quos
945 1438 1058 1493 prae
1103 1421 1315 1477 caeteris
1357 1435 1417 1476 se
1455 1419 1709 1477 dilexisse

111 1519 455 1574 meminerat.

110 1610 245 1666 Cap.
278 1609 439 1666 XLV.
462 1641 535 1652 --
554 1609 632 1688 De
654 1606 962 1663 Hludowico
990 1605 1103 1678 ﬁlio
1131 1607 1318 1688 ipsius,
1340 1606 1601 1678 quomodo
1628 1605 1709 1661 illi

577 1681 634 1735 in
663 1696 878 1751 regnum
915 1681 1238 1733 successerit.

189 1771 374 1842 Itaque
403 1781 525 1843 post
555 1771 845 1843 Dagoberti
899 1772 1041 1842 regis
1070 1771 1385 1833 discessum,
1416 1767 1710 1838 filius-ejus

1803 596 2044 662 Austria,
2069 612 2134 653 eo
2153 596 2295 667 quod
2318 595 2388 652 ab
2417 595 2548 666 ipsis
2588 610 2688 666 pro
2710 594 2936 665 justitize
2973 597 3119 652 cultu
3157 608 3214 654 et
3239 601 3389 658 boni-

1805 695 1932 754 tate,
1966 687 2194 743 nimium
2232 686 2459 744 dilectus
2494 687 2700 743 fuisset.
2735 687 2845 759 Ega
2883 703 3097 760 quoque
3117 706 3259 748 anno
3285 701 3393 749 ter.

1806 780 1882 838 tio
1909 781 2175 838 Hludowii
2203 781 2349 853 regis
2375 780 2653 853 Clippiaco
2683 781 2813 837 villa
2841 781 2993 839 febre
3021 795 3249 842 vexatus
3271 826 3287 852 ,
3338 796 3395 844 et

1806 871 1923 942 ipse
1949 875 2198 929 moritur.

1807 964 1937 1022 Car.
1969 965 2278 1047 XLVII._—
2298 967 2378 1023 De
2405 966 2764 1047 Erchinqaldo
2792 979 2843 1047 et
2861 968 3146 1041 Flaucato,
3169 973 3262 1046 qui
3279 984 3396 1047 post

2150 1039 2321 1110 Egam
2347 1039 2576 1111 majores
2601 1039 2790 1095 domus
2815 1041 3048 1112 fuerunt.

1877 1126 2006 1184 Post
2031 1130 2329 1187 discessum
2352 1147 2484 1188 vero
2533 1129 2671 1202 ejus,
2704 1133 3160 1205 Herchinoaidus,
3185 1138 3278 1209 qui
3327 1154 3398 1195 ex

1807 1230 1963 1292 parte
1981 1222 2266 1292 genitricis
2294 1224 2582 1295 Dagoberti
2623 1227 2769 1298 regis
2810 1229 3241 1300 consanguineus
3287 1231 3401 1286 fue-

1810 1321 1917 1379 rat,
1948 1311 2121 1382 major
2141 1315 2334 1372 domus
2362 1317 2419 1372 in
2466 1317 2668 1388 palatio
2693 1318 2959 1377 Hludowii
2987 1320 3242 1378 efficitur.
3271 1323 3402 1379 Erat

1811 1404 1958 1460 enim
1994 1404 2155 1461 homo
2179 1408 2410 1476 patiens,
2432 1408 2674 1465 bonitate
2706 1410 2917 1480 plenus,
2947 1419 3142 1470 cautus
3161 1414 3398 1486 ingenio,

1811 1511 2000 1554 servos
2028 1499 2122 1554 Dei
2148 1515 2444 1572 omnesque
2463 1505 2776 1560 sacerdotes
2808 1505 3084 1563 humiliter
3111 1523 3402 1576 venerans,

1813 1593 1980 1653 rebus
2006 1592 2295 1651 admodum
2318 1608 2628 1654 mensurate
2671 1599 2894 1668 ditatus,
2917 1603 3010 1673 qui
3036 1592 3120 1660 ab.
3153 1606 3406 1662 omnibus

1814 1685 1966 1754 regni
2018 1686 2342 1756 primatibus
2386 1690 2528 1746 miro
2573 1694 2938 1748 venerabatur
2989 1695 3203 1752 affectu.
3248 1697 3408 1754 Anno

1814 1793 1948 1835 vero
1976 1777 2010 1833 4
2037 1781 2188 1849 regni
2217 1780 2483 1838 Hludowii
2501 1825 2516 1850 ,
2546 1800 2668 1840 cum
2711 1784 3016 1843 Nanthildis
3045 1789 3230 1860 regina
3287 1798 3409 1860 post

112 1865 435 1922 Hludowius
457 1867 558 1921 sub
579 1874 765 1920 tenera
786 1871 946 1918 «male
977 1863 1080 1917 Sibi
1111 1877 1332 1954 really!“
1364 1861 1536 1954 Ρειιιξξδ
1566 1861 1706 1915 ³εεὶ-
1743 1893 1790 1954 B
1817 1869 2116 1926 discessum
2137 1871 2306 1942 Egani
2329 1889 2437 1929 una
2463 1891 2586 1930 cum
2616 1876 2726 1932 filio
2763 1878 3070 1936 Aurelianis
3090 1881 3143 1936 in
3170 1881 3411 1952 Burgun-

111 1957 216 2018 vit,
241 1971 536 2026 omnesque
562 1956 726 2010 duces
754 1956 820 2010 de
847 1953 1096 2008 Neustria
1137 1961 1192 2007 et
1235 1951 1542 2022 Burgundia
1588 1965 1713 2004 eum

111 2047 443 2103 Massollaeo
471 2046 593 2100 villa
623 2047 917 2101 sublimant
945 2045 998 2097 in
1025 2059 1271 2112 regnum.
1303 2043 1413 2113 Ega
1444 2057 1592 2108 vero,
1620 2042 1716 2111 qni

111 2138 303 2193 fuerat
324 2138 663 2194 consiliarius
689 2139 832 2208 regis
869 2137 1171 2207 Dagoberti,
1202 2151 1324 2190 eum
1365 2136 1548 2204 regina
1572 2134 1717 2188 Nan-

111 2231 314 2296 tbilde,
351 2247 512 2300 quam
551 2232 696 2287 idem
721 2245 816 2286 rex
852 2232 1164 2300 reliquerat,
1197 2244 1337 2284 anno
1363 2229 1541 2298 primo
1565 2229 1716 2299 regni

116 2318 400 2376 Iﬂudowii
426 2362 440 2387 ,
497 2331 551 2377 et
595 2324 831 2378 secundo
860 2324 1178 2378 imminente
1212 2322 1401 2392 regni,
1453 2321 1718 2390 condigne

110 2414 384 2485 palatium
407 2416 741 2483 gubernabat
776 2425 832 2470 et
863 2431 1110 2486 regnum.
1162 2415 1279 2485 Ipse
1312 2429 1542 2484 namque
1577 2415 1720 2468 inter

112 2514 355 2561 ueteres
388 2507 649 2576 primates
681 2507 920 2577 Neptriei
956 2507 1274 2578 prudentius
1305 2522 1488 2576 agens,
1521 2515 1576 2561 et
1600 2506 1719 2576 ple-

115 2600 372 2655 nitudine
399 2600 674 2671 patientiae
704 2601 966 2665 imbutus,
1013 2601 1222 2655 cunctis
1252 2608 1370 2655 erat
1406 2596 1720 2669 praecellen—

119 2693 258 2748 tior.
290 2693 524 2762 Eratque
541 2709 737 2764 genere
767 2692 979 2756 nobilis,
1004 2693 1197 2762 opibus
1225 2693 1533 2756 abundans,
1566 2687 1726 2758 justi-

118 2784 265 2838 tiam
293 2791 538 2848 sectans,
576 2780 818 2837 eruditus
845 2781 900 2834 in
926 2781 1125 2845 verbis,
1149 2788 1371 2849 paratus
1398 2779 1455 2833 in
1493 2794 1721 2848 respon-

114 2873 226 2930 sis.
254 2870 647 2927 Tantummodo
672 2886 702 2924 a
724 2870 972 2940 plurimis
990 2870 1485 2940 blasphemabatur,
1502 2869 1726 2939 ecquod

116 2974 278 3020 esset
302 2963 550 3018 avarieiae
585 2963 816 3017 deditus.

117 3055 265 3110 CAP.
291 3053 474 3109 XLVI.
505 3083 577 3093 —
613 3051 691 3106 De
727 3052 985 3106 thesauris
1036 3052 1219 3122 ipsius,
1252 3069 1354 3122 quo
1382 3052 1564 3106 ordine
1591 3052 1726 3105 inter

196 3125 344 3196 ﬁlios
364 3125 662 3196 divisisint,
691 3133 738 3176 et
766 3123 829 3196 de
847 3132 1015 3196 morte
1033 3122 1243 3196 Pippini
1266 3134 1313 3176 et
1335 3122 1470 3194 Ege,
1495 3123 1584 3192 qui
1611 3123 1727 3193 [ue-

198 3193 324 3249 runt
355 3193 640 3248 consiliarii
673 3194 806 3264 regis
834 3193 1138 3264 Dagoberti.

197 3286 372 3356 Igitur
391 3294 510 3356 post
533 3257 1041 3354 obituniDagoberti
1078 3285 1238 3355 regis,
1263 3300 1372 3356 quo
1391 3285 1581 3340 ordine
1604 3282 1722 3353 ejus
1753 3257 1802 3320 ο

119 3377 376 3434 thesauri
409 3377 547 3431 inter
574 3375 715 3432 filios
740 3374 896 3430 divisi
919 3374 1136 3440 fuerint,
1162 3391 1271 3431 non
1301 3376 1546 3431 omittam
1568 3417 1583 3442 ,
1632 3374 1728 3430 sed

120 3469 428 3526 dilucidato
438 3468 628 3523 ordine
650 3467 792 3522 serie
806 3466 973 3522 libelli
996 3467 1231 3522 inserere
1249 3470 1573 3538 procurabo.
1593 3466 1727 3522 Cum

119 3561 397 3631 Pippinus
412 3557 584 3626 major
611 3559 800 3614 domus
824 3567 946 3628 post
975 3558 1270 3614 discessum
1300 3558 1730 3630 regis,eteaeteri

119 3651 546 3707 Austrasiorum
575 3651 758 3717 duces,
789 3650 882 3720 qui
911 3665 1082 3720 usque
1111 3651 1166 3705 in
1189 3652 1420 3706 transitu
1441 3650 1730 3720 Dagoberti

122 3744 181 3798 ei
206 3742 426 3795 fuerant
460 3740 661 3796 ditione
707 3741 928 3806 detenti,
961 3740 1288 3812 Sigibertum
1318 3743 1572 3796 unanima
1601 3757 1731 3798 con-

123 3834 438 3907 spiratione
475 3834 825 3903 expetissent,
855 3833 1112 3905 Pippinus
1142 3851 1263 3891 cum
1277 3834 1631 3901 Chuniberto,
1656 3835 1731 3890 si-

123 3935 230 3983 cut
245 3934 303 3979 et
323 3925 470 3995 prius
497 3925 747 3980 amicitiae
771 3926 919 3980 cultu
934 3926 1165 3982 invicem
1189 3926 1462 3996 conjuncti
1488 3926 1727 3993 fuerant,

121 4026 186 4072 et
213 4030 389 4084 nuper
416 4016 555 4070 inter
574 4031 633 4071 se
649 4016 789 4070 sicut
812 4025 868 4071 et
888 4025 1047 4072 antea
1065 4018 1358 4073 amicitiam
1383 4020 1732 4075 vehementer

120 4107 474 4178 firmiterque
515 4117 773 4179 perpetuo
810 4110 1233 4165 conservandam
1276 4110 1477 4180 ligant:
1515 4128 1732 4168 omnes-

121 4215 245 4271 que
268 4198 432 4254 duces
456 4198 861 4255 Austrasiorum
891 4215 1072 4255 secum
1105 4211 1332 4272 uterque
1355 4203 1649 4272 prudenter
1676 4212 1734 4258 et

121 4308 269 4350 cum
311 4292 588 4349 dulcedine
630 4295 983 4360 attrahentes,
1013 4308 1214 4363 eosque
1259 4294 1488 4365 benigne
1538 4295 1736 4365 guber-

122 4391 358 4450 nantes,
395 4399 580 4440 eorum
637 4386 928 4441 amicitiam
957 4386 1334 4455 constringunt
1377 4401 1591 4455 semper
1617 4401 1735 4440 ser-

120 4477 394 4531 vandam.
427 4475 594 4547 Igitur
622 4477 984 4532 discurrentes
1020 4477 1182 4546 legati
1211 4487 1422 4547 partem
1465 4477 1734 4548 Sigeberti

120 4567 383 4623 debitam
406 4567 471 4622 de
499 4569 765 4624 thesauris
789 4569 962 4638 patris
990 4569 1301 4638 Dagoberti,
1339 4567 1612 4624 Nanthildi
1645 4583 1734 4624 re-

119 4659 286 4728 ginae
305 4664 361 4711 et
381 4657 680 4724 Hludowio,
705 4659 988 4730 Sigeberto
1013 4659 1316 4714 habendam
1345 4659 1732 4729 requirunt,ad

120 4763 308 4816 quam
357 4747 679 4803 reddendam
725 4749 954 4819 placitus
996 4751 1312 4815 instituitur.
1366 4751 1732 4808 Chunibertus

121 4835 330 4906 itaque
353 4836 593 4907 pontifex
611 4839 761 4894 urbis
781 4840 1034 4906 Coloniae,
1067 4849 1121 4896 et
1154 4841 1413 4912 Pippinus
1436 4841 1608 4912 major
1635 4844 1733 4899 do-

124 4943 294 4993 mus,
324 4943 444 4983 cum
473 4930 741 5001 aliquibus
784 4934 1104 5004 primatibus
1127 4935 1378 5001 Austriaz,
1405 4953 1435 4991 a
1463 4932 1732 5008 Sigiberto

125 5021 341 5076 directi
367 5022 548 5077 villam
573 5023 956 5094 Compendium
985 5043 1154 5096 usque
1183 5032 1521 5098 perveniunt,
1551 5031 1734 5100 ibique

126 5116 395 5169 thesauri
425 5117 560 5173 divze
584 5121 855 5174 memorim
872 5120 1158 5191 Dagoberti
1183 5123 1326 5193 regis
1345 5121 1568 5191 jubente
1591 5123 1735 5178 Nan-

127 5205 321 5261 thilde
352 5215 406 5261 et
435 5207 712 5265 Hludowio
737 5227 862 5282 rege
903 5212 1160 5266 instantia
1180 5213 1349 5282 Egani
1398 5215 1616 5284 majoris
1641 5217 1738 5272 do-

125 5311 274 5352 mus
297 5309 689 5366 praesentantur
713 5343 728 5368 ,
759 5311 812 5357 et
851 5317 1004 5372 mqua
1029 5303 1182 5358 lance
1224 5304 1554 5360 dividuntur.
1608 5308 1739 5366 Ter-

126 5389 286 5442 tiam
317 5397 493 5445 tamen
513 5402 722 5462 partem
751 5394 816 5449 de
853 5394 1104 5450 omnibus
1129 5411 1250 5465 quae
1275 5397 1610 5466 Dagobertus
1643 5415 1738 5455 rex

125 5477 502 5547 acquisierat,
533 5492 815 5554 postquam
842 5485 1145 5540 Nanthildis
1159 5486 1344 5557 regina
1375 5503 1603 5558 regnare
1631 5507 1741 5547 caa-

124 5575 329 5638 perat,
358 5570 538 5625 eidem
561 5583 857 5630 reservant.
883 5574 1244 5631 Chunibertus
1265 5592 1394 5632 vero
1406 5586 1460 5633 et
1484 5579 1745 5649 Pippinus

130 5658 332 5726 major
350 5663 540 5718 domus
559 5675 763 5734 partem
791 5667 1042 5738 Sigiberti
1069 5667 1246 5725 Mettis
1267 5669 1470 5725 faciunt
1496 5673 1741 5741 perduci,

132 5749 339 5818 iliique
366 5753 478 5821 regi
508 5753 777 5825 Sigiberto
810 5767 1164 5826 praesen-tatur
1204 5771 1364 5832 atque
1398 5762 1741 5820 describitur.

131 5841 288 5896 Post
318 5839 428 5899 fere
454 5843 668 5899 evoluto
694 5845 819 5900 anni
843 5847 1043 5904 circulo
1069 5848 1328 5922 Pippinus
1352 5852 1606 5919 moritur,
1633 5871 1735 5911 nec

522 5933 796 5999 Paeon.
842 5938 1061 6000 XCVI.

1759 4615 1813 4677 Ι)

1822 1961 1925 2016 ἀίω
1945 1977 2171 2034 regnum
2203 1965 2459 2031 venisset,
2499 1967 2573 2022 ibi
2603 1983 2793 2025 omnes
2839 1973 3082 2028 seniores
3128 1974 3412 2043 pontifices

1822 2068 1945 2108 cum
1964 2054 2195 2112 ducibus
2215 2065 2270 2112 et
2304 2058 2633 2129 primoribus
2683 2061 2849 2132 ipsius
2878 2066 3029 2136 regni
3057 2067 3124 2122 ad
3147 2083 3206 2122 se
3228 2069 3412 2124 venire

1821 2146 2095 2217 prtecepit,
2121 2157 2449 2220 cunctosque
2493 2151 2766 2222 sigillatim
2799 2155 3185 2228 benignissime
3239 2168 3413 2214 attra-

1821 2233 1978 2303 hens,
2007 2236 2320 2294 Flaucatum
2372 2256 2569 2311 genere
2596 2242 2866 2300 Franeum
2914 2245 3177 2316 majorem
3223 2250 3415 2306 domus

1825 2329 2013 2382 statuit
2051 2328 2106 2384 in
2152 2346 2320 2402 regno
2351 2332 2712 2402 Burgundiaz:
2760 2338 3075 2406 pontificum
3121 2349 3175 2395 et
3219 2342 3416 2398 ducum

1823 2418 2088 2475 electione
2114 2420 2422 2491 hujusmodi
2449 2425 2669 2481 honoris
2719 2430 2890 2498 gradu
2919 2446 3041 2485 eum
3094 2433 3372 2491 stabiliens
3400 2474 3418 2501 ,

1824 2520 2150 2582 neptemque
2178 2529 2333 2570 suam
2356 2517 2572 2572 nomine
2611 2517 3008 2591 Ragnebertam
3038 2522 3140 2594 ipsi
3181 2525 3418 2596 despon-

1827 2601 1984 2655 savit.

1825 2692 1954 2749 CAP.
1986 2695 2213 2754 XLVIh.
2240 2730 2312 2741 —
2335 2700 2414 2755 De
2462 2712 2764 2788 testamento
2804 2707 3112 2767 Nanthildis
3147 2717 3340 2786 regina
3369 2726 3419 2770 et

2429 2785 2592 2828 morte
2615 2785 2798 2845 ipsius.

1898 2857 2307 2916 Testamentum
2333 2871 2512 2920 autem
2544 2868 2610 2922 de
2637 2869 2775 2925 villis
2799 2873 2996 2942 quibus
3041 2891 3160 2932 eam
3191 2893 3287 2934 rex
3311 2877 3418 2935 Da-

1825 2949 2083 3019 gobertus
2107 2959 2161 3006 et
2190 2951 2331 3008 illius
2351 2954 2518 3023 ipsius
2542 2957 2856 3016 Hludowius
2877 2964 3198 3034 ditaverant,
3222 2969 3416 3024 eodem

1827 3047 2074 3110 tempore
2097 3043 2165 3097 ad
2190 3044 2306 3100 loca
2322 3058 2621 3117 opportuna
2647 3062 2958 3110 sanctorum
2973 3058 3090 3114 fieri
3113 3061 3418 3130 ordinavit;

1828 3131 1883 3186 in
1928 3149 2036 3203 quo
2061 3136 2224 3190 etiam
2282 3137 2620 3196 Latiniacum
2650 3145 2830 3200 villam
2861 3190 2873 3210 ,
2922 3165 3041 3219 qua:
3096 3153 3199 3208 sita
3239 3164 3323 3211 est
3369 3157 3426 3212 in

1831 3223 2028 3290 Brieio,
2051 3227 2119 3280 ad
2142 3227 2418 3284 basilicam
2445 3232 2627 3287 domni
2654 3235 2893 3308 Dionysii
2918 3242 3156 3309 tradens,
3184 3244 3427 3304 inserere

1824 3313 2007 3383 jussit.
2033 3316 2159 3371 Tria
2191 3319 2453 3389 siquidem
2503 3325 2830 3394 exemplaria
2858 3346 2964 3384 uno
2992 3340 3179 3390 tenore
3227 3337 3427 3393 exinde

1803 3407 1998 3461 scribi
2034 3411 2308 3479 prmeepit,
2341 3427 2407 3465 ex
2454 3415 2648 3482 quibus
2681 3433 2845 3471 unum
2899 3420 2955 3474 in
3006 3423 3223 3479 scriniis
3278 3441 3424 3497 saepe

1834 3497 1992 3553 dictae
2015 3499 2260 3556 ecclesiae
2288 3517 2461 3572 usque
2486 3505 2643 3560 hodie
2687 3510 3008 3565 custoditur.
3037 3512 3132 3569 His
3177 3515 3250 3570 ita
3279 3531 3428 3573 com-

1834 3590 2044 3660 positis,
2069 3600 2124 3648 et
2155 3595 2318 3650 rebus
2344 3612 2599 3667 prospere
2635 3601 2702 3655 ab
2731 3616 2793 3656 ea
2821 3603 3006 3671 gestis,
3041 3606 3257 3676 filioque
3309 3607 3425 3677 jam

1833 3683 2040 3739 utiliter
2068 3685 2123 3739 in
2149 3684 2404 3756 Neptrico
2427 3698 2482 3743 et
2520 3689 2832 3762 Burgundia
2879 3706 3159 3766 regnante,
3185 3698 3430 3755 Nanthil—

1834 3775 1918 3830 dis
1939 3779 2121 3848 regina
2153 3779 2404 3845 moritur,
2427 3790 2589 3852 atque
2618 3784 2673 3838 in
2708 3785 2936 3842 ecclesia
2967 3790 3249 3846 beatorum
3282 3808 3428 3847 mar-

1833 3873 2012 3937 tyrum
2044 3869 2284 3942 Dionysii
2312 3877 2377 3926 'ae
2415 3874 2686 3929 sociorum
2715 3875 2834 3946 ejus
2880 3877 3037 3947 juxta
3064 3882 3427 3955 Dagobertum

1834 3972 2016 4029 regem
2043 3960 2099 4014 in
2127 3961 2318 4018 eodem
2343 3964 2592 4035 sepulcro
2617 3967 2892 4036 sepelitur.

1833 4067 2185 4157 Car.‘XLlX.
2212 4102 2285 4113 —
2318 4071 2398 4157 De
2429 4073 2761 4157 H'ludowico,
2791 4079 3016 4157 quqliter
3036 4095 3293 4155 pra-cepta
3310 4103 3430 4157 qua:

1905 4149 2052 4223 pater
2082 4157 2209 4223 suus
2245 4153 2425 4198 sancto
2455 4145 2706 4216 Dionysio
2753 4145 3052 4223 tradiderat
3077 4145 3429 4223 reuocauerit,

1905 4218 1954 4297 et
1984 4212 2548 4297 quomodaargentum
2596 4212 2918 4287 supradictis
2942 4219 3139 4276 absidw
3187 4212 3432 4297 pauperi;

1907 4279 2001 4332 bus
2032 4279 2218 4350 largiri
2233 4279 2481 4351 jusserit.

1907 4371 2110 4426 Deinde
2130 4372 2442 4432 Hludovvius
2473 4377 2614 4433 filius
2636 4395 2842 4448 eorum,
2857 4384 3197 4454 parentibus,
3220 4394 3279 4440 ut
3299 4404 3433 4457 prm-

1837 4463 2091 4528 diximus,
2116 4479 2145 4518 a
2176 4466 2373 4523 saaculo
2411 4471 2814 4539 decedentibus,
2856 4476 2911 4530 in
2942 4493 3167 4548 regnum
3214 4494 3432 4534 succes-

1837 4554 1927 4620 sit,
1956 4564 2011 4609 et
2033 4567 2300 4628 praecepta
2329 4574 2450 4629 qua:
2470 4561 2735 4634 gloriosus
2762 4580 2855 4619 rex
2881 4577 3037 4636 pater
3063 4585 3191 4624 suus
3211 4570 3430 4638 pr0pria

1840 4649 2164 4707 auctoritate
2203 4652 2426 4709 firmans
2456 4665 2763 4711 sanctorum
2797 4673 2937 4727 saepe
2968 4659 3234 4714 dictorum
3285 4675 3431 4713 mar-

1841 4749 2020 4812 tyrum
2046 4744 2290 4801 ecelesite
2311 4747 2631 4814 contulerat,
2667 4749 2781 4819 ipse
2822 4765 3037 4819 quoque
3065 4767 3163 4806 suo
3193 4761 3433 4822 tempore

1841 4837 2048 4891 studuit
2070 4852 2356 4906 renovare,
2381 4849 2544 4909 atque
2565 4843 2796 4911 propriae
2827 4858 3019 4897 manus
3037 4845 3434 4914 subscriptione

1840 4936 1896 4982 et
1915 4929 2098 4984 annuli
2143 4931 2272 4986 item
2300 4931 2653 5002 impressione
2699 4935 2936 4990 firmare.
2986 4935 3142 4991 Anno
3192 4952 3320 4991 vero
3365 4937 3434 4992 l4

1843 5020 1993 5089 regni
2023 5021 2106 5075 sui
2135 5021 2375 5077 absidam
2413 5023 2549 5079 infra
2587 5040 2748 5094 quam
2798 5026 3181 5095 prmdictorum
3231 5027 3433 5084 Christi

1839 5120 2140 5183 martyrum
2162 5114 2402 5186 Dionysii
2427 5130 2492 5170 ac
2513 5117 2784 5171 sociorum
2813 5116 2934 5186 ejus
2965 5134 3193 5188 corpora
3218 5120 3431 5189 requie-

1839 5211 2015 5269 scunt,
2038 5219 2202 5273 quam
2222 5204 2454 5276 inclytus
2488 5221 2583 5260 rex
2613 5214 2770 5276 pater
2807 5222 2937 5261 suus
2979 5209 3206 5280 desuper
3239 5223 3432 5280 argen-

1839 5305 1947 5363 teo,
1979 5306 2039 5352 ut
2063 5298 2298 5367 praetuli,
2327 5307 2635 5370 tegumento
2661 5299 3005 5356 devotissimc
3047 5300 3178 5356 foris
3208 5317 3436 5372 operue-

1839 5397 1944 5454 rat,
1973 5391 2331 5460 quorumdam
2353 5390 2603 5448 suasione
2624 5399 2679 5446 et
2699 5391 2925 5447 consilio
2946 5392 3119 5462 ipsum
3147 5404 3432 5465 argentum

1853 5479 2083 5550 desuper
2106 5482 2361 5551 pnedicta
2389 5483 2574 5539 absida
2591 5484 2914 5554 pauperibus
2933 5484 3135 5541 Christi
3163 5495 3219 5540 et
3251 5485 3436 5556 egenis

1852 5581 2013 5643 atque
2031 5576 2350 5645 peregrinis,
2384 5577 2509 5646 quia
2559 5585 2620 5631 ut
2664 5575 2836 5632 fertur
2884 5594 2950 5634 eo
2985 5586 3226 5647 tempore
3265 5577 3435 5632 fames

1851 5665 2027 5720 valida
2075 5669 2266 5732 inerat,
2294 5669 2506 5739 erogari
2541 5670 2818 5740 praecepit,
2851 5679 2906 5726 et
2952 5671 3170 5739 insuper
3223 5664 3436 5736 Aigulfo

1853 5763 2052 5825 abbati,
2087 5763 2170 5816 cui
2206 5771 2332 5817 tunc
2383 5779 2513 5818 cura
2562 5763 2874 5820 monasterii
2924 5764 3094 5833 ipsius
3144 5757 3434 5816 commissa

1853 5866 2006 5923 erat,
2051 5866 2380 5928 praeceptum
2428 5855 2734 5928 hujusmodi
2789 5854 2969 5921 dedit,
3025 5858 3291 5924 quatenus
3319 5850 3438 5925 ipse
