3950 6308
439 421 571 477 1425

1672 391 1978 452 ΛΝΟΝῩΜΙ
2017 383 2290 447 SECULI
2324 381 2457 441 VIII.

3570 357 3715 413 141⁸

1827 503 2008 560 DITIO
2036 496 2362 558 FREIIERI.

1780 508 2008 562 EDITIO
2037 508 2362 558 FBEHERI.

436 617 594 686 'I‘roja
620 615 798 685 ejecti,
824 612 1069 668 fecerunt
1087 606 1313 664 insidias
1335 619 1401 660 ex
1419 603 1665 665 adverso,
1683 599 1825 654 sicut
1861 603 2017 652 erant
2045 600 2097 658 Α
2122 590 2324 662 egressi
2361 604 2392 641 a
2423 573 2724 640 Sicambria
2763 585 3028 632 venerunt
3078 574 3133 628 in
3165 565 3724 686 extr-emisrpartibns

436 707 628 771 edocti,
658 721 755 776 per
773 702 1046 774 incognita
1087 697 1305 754 latibula
1347 711 1362 750 :
1392 702 1446 750 et
1470 692 1697 764 ingressi
1728 691 1784 745 in
1814 689 2020 744 Maeoti-

441 803 539 858 das
562 798 784 872 paludes
807 812 930 854 cum
950 794 1158 864 reliquo
1180 789 1424 847 exercitu
1447 787 1837 848 Romanorum,
1853 781 2028 852 ejece-

443 899 572 948 runt
593 890 719 946 inde
744 887 961 950 Alanos,
988 887 1476 955 percusseruntque
1502 893 1596 933 eos
1624 877 1679 931 in
1703 891 1800 932 ore
1838 872 2024 944 gladii.

447 984 600 1038 Tunc
623 978 912 1051 appellavit
935 991 1028 1031 eos
1071 971 1480 1030 Valentinianus
1507 969 1800 1038 imperator
1849 963 2029 1016 FRAN-

446 1091 541 1132 cos
591 1071 768 1129 Attica
802 1071 1014 1143 lingua,
1065 1065 1211 1138 quod
1249 1064 1305 1120 in
1345 1062 1601 1117 Latinum
1639 1059 2031 1126 interpretatur

447 1179 774 1232 sermonem,
821 1163 927 1219 hoc
964 1169 1047 1218 est
1092 1158 1257 1225 feros,
1305 1173 1339 1213 a
1374 1154 1574 1213 duritia
1625 1151 1709 1208 vel
1747 1149 2032 1206 ferocitate

449 1262 653 1319 cordis.

449 1356 577 1413 CAP.
605 1352 692 1411 III.
721 1381 794 1396 --
832 1349 933 1407 Ubi
958 1351 1244 1420 imperator
1265 1351 1530 1420 egactores
1552 1340 1713 1404 misit,
1743 1346 1799 1392 ut
1827 1336 2031 1391 tributa

989 1413 1242 1474 solverent
1274 1413 1494 1469 Franci.

525 1519 694 1590 Igitur
717 1522 841 1588 post
867 1519 1170 1568 transactos
1197 1510 1383 1564 decem
1409 1519 1600 1569 annos,
1625 1499 1775 1557 misit
1800 1498 2038 1569 impera-

456 1621 544 1668 tor
572 1619 884 1674 exactores,
913 1621 1019 1661 una
1064 1619 1187 1659 cum
1226 1599 1487 1671 primario
1521 1597 1656 1652 duce
1685 1594 1751 1649 de
1788 1591 2034 1646 Romano

456 1711 668 1769 senatu,
701 1710 762 1756 ut
791 1699 1094 1768 reciperent
1124 1690 1487 1765 praztermissa
1514 1688 1718 1742 tributa
1743 1685 1810 1740 de
1838 1681 2040 1754 populo

455 1795 812 1850 Francorum.
845 1789 926 1844 Illi
955 1801 1192 1858 quoque,
1219 1791 1278 1838 ut
1303 1789 1459 1838 erant
1479 1776 1878 1840 immanissimi,
1912 1788 2042 1829 con-

459 1887 641 1944 silium
667 1883 930 1954 perﬁdum
973 1890 1135 1949 atque
1164 1876 1351 1933 inutile
1395 1872 1740 1943 accipientes,
1787 1870 2040 1925 dixerunt

2129 658 2304 741 Rheni
2331 678 2567 736 ﬂuminis
2592 675 2650 730 in
2677 669 3095 729 Germaniarum
3121 664 3361 735 Oppidis,
3392 661 3629 730 illicque
3651 658 3726 712 in-

2129 777 2508 833 habitaverunt
2549 781 2674 824 cum
2718 761 3057 835 principibus
3118 773 3305 814 eorum
3348 751 3726 810 Marehomiro

2131 869 2240 925 ﬁlio
2277 863 2498 929 Priami,
2540 869 2595 916 et
2622 858 2880 914 Sunnone
2927 853 3040 908 lilio
3079 848 3396 914 Antenoris,
3445 845 3730 902 habitave-

2132 963 2364 1024 runtque
2386 952 2459 1008 ibi
2483 949 2641 1005 annis
2664 946 2867 1003 multis.
2892 943 3048 999 Tunc
3067 940 3321 997 defuncto
3351 937 3648 1001 Sunnone,
3681 946 3729 990 et

2133 1053 2353 1115 accepto
2383 1040 2629 1105 consilio,
2680 1038 2737 1092 in
2761 1050 2871 1092 uno
2917 1035 3155 1106 primatu
3196 1046 3390 1087 eorum
3433 1045 3619 1084 unum
3647 1027 3730 1081 ba-

2132 1137 2263 1206 bere
2311 1134 2642 1206 principem,
2687 1129 2963 1201 petierunt
3010 1124 3299 1182 consilium
3337 1122 3727 1187 Marchomiro,

2135 1238 2197 1285 ut
2227 1242 2409 1299 regem
2430 1241 2599 1282 unum
2628 1223 2892 1278 haberent
2924 1219 3066 1275 sicut
3090 1226 3146 1273 et
3167 1223 3382 1272 caetera:
3425 1223 3646 1286 gentes.
3672 1214 3732 1267 At

2137 1321 2228 1377 ille
2248 1320 2395 1375 dedit
2433 1318 2514 1373 eis
2553 1314 2857 1379 consilium,
2904 1319 2960 1366 et
2996 1310 3279 1382 elegerunt
3320 1306 3728 1361 Faramundum

2137 1413 2307 1469 lilium
2335 1411 2507 1483 ipsius
2533 1405 2904 1472 Marchomiri,
2959 1411 3015 1460 et
3055 1403 3380 1459 levaverunt
3410 1417 3548 1455 eum
3588 1417 3731 1470 super

2141 1521 2199 1562 se
2221 1519 2404 1576 regem
2423 1502 2700 1558 crinitum.
2733 1498 2885 1554 Tunc
2906 1504 2962 1551 et
2980 1495 3159 1567 legem
3181 1495 3396 1550 habere
3432 1504 3728 1563 coeperunt.

2141 1610 2305 1667 quam
2335 1591 2629 1649 consiliarii
2658 1605 2848 1645 eorum
2871 1589 3085 1658 priores
3111 1586 3346 1657 gentiles
3375 1586 3471 1640 his
3519 1587 3731 1640 nomini-

2140 1689 2262 1753 bus,
2292 1686 2586 1753 Wisovast,
2621 1684 2927 1756 Wisogast,
2949 1682 3200 1753 Arogast,
3245 1679 3540 1751 Salegast,
3573 1682 3626 1734 in
3653 1680 3732 1734 vil-

2144 1779 2301 1835 Iabus
2328 1778 2650 1844 Germaniae,
2683 1776 2736 1831 id
2776 1783 2900 1830 sunt
2921 1773 3246 1829 Bodecheim
3292 1771 3638 1833 Salecheim,
3688 1779 3731 1824 et

2146 1869 2482 1928 Widecheim
2504 1868 2650 1942 ,[AI.,
2690 1867 2746 1922 id
2794 1875 2920 1922 sunt
2950 1864 3270 1935 Salegagme
3308 1863 3372 1918 in
3428 1863 3731 1934 Bothagam,

459 1978 602 2034 intra
631 1991 689 2032 se
713 1990 730 2030 :
763 1973 1061 2044 Imperator
1089 1985 1212 2025 cum
1248 1965 1490 2022 exercitu
1520 1964 1888 2018 Romanorum
1929 1974 2040 2014 non
2070 1975 2117 2035 Β
2145 1973 2200 2019 ει
2224 1963 2569 2033 Wisogagme
2593 1961 2651 2016 in
2670 1957 2988 2030 Wilegam],
3019 1965 3426 2014 tractaverunt.

460 2071 637 2142 potuit
658 2067 855 2139 ejicere
877 2065 1080 2120 Alanos
1107 2062 1174 2118 de
1197 2060 1424 2117 latibulo
1450 2057 1792 2129 paludarum,
1828 2060 2043 2125 gentem

464 2159 742 2216 rebellem.
786 2156 896 2212 Nos
942 2163 1124 2211 autem
1173 2152 1263 2222 qui
1318 2149 1536 2205 eosdem
1579 2145 1904 2210 devicimus,
1953 2157 2051 2199 cur

467 2251 725 2307 solvimus
767 2247 1007 2303 tributa?
1054 2243 1456 2312 Consurgamus
1493 2244 1676 2292 autem
1724 2243 1915 2290 contra
1940 2233 2053 2304 pri-

468 2344 700 2399 marium
759 2341 903 2396 hunc
928 2380 944 2405 ,
1002 2336 1086 2392 vel
1137 2339 1418 2391 exactores
1464 2331 1636 2394 istos,
1680 2337 1736 2384 et
1781 2327 2053 2382 irruamus

471 2449 636 2504 super
666 2447 778 2496 eos,
812 2437 868 2485 et
897 2444 1005 2484 non
1039 2427 1226 2481 demus
1264 2421 1524 2478 Romanis
1549 2421 1773 2483 tributa,
1799 2433 1869 2472 ne
1916 2415 2056 2471 forte

471 2525 518 2580 si
548 2522 837 2593 subjiciant
865 2536 985 2584 nos,
1015 2517 1218 2574 erimus
1239 2529 1516 2586 nunquam
1537 2512 1714 2570 liberi.
1741 2510 1897 2568 Tunc
1919 2509 2057 2566 insi-

473 2620 684 2676 diantes
713 2615 1113 2673 interfecerunt
1140 2628 1253 2668 eos.

477 2730 608 2786 Car.
639 2729 728 2784 IV.
757 2758 828 2768 —
854 2725 1009 2792 Quod
1036 2724 1172 2778 idem
1199 2723 1494 2792 imperator,
1511 2720 1798 2774 exercitum
1826 2732 2059 2792 comma-

553 2801 616 2856 oit
639 2786 895 2852 adversus
911 2794 1150 2848 Francos
1181 2810 1198 2847 :
1250 2786 1297 2845 e't
1322 2792 1386 2844 de
1425 2791 1648 2844 adventu
1669 2804 1852 2842 eorum
1897 2786 2064 2858 parti-

551 2870 643 2923 bus
671 2867 838 2921 Rheni
860 2865 1111 2937 ﬂuminis,
1131 2873 1178 2917 et
1207 2862 1270 2916 de
1307 2878 1423 2932 rege
1449 2876 1630 2914 eorum
1653 2859 1844 2930 primo.

551 2961 678 3015 Haec
703 2959 927 3014 audiens
953 2957 1265 3026 imperator,
1319 2954 1374 3008 in
1405 2953 1486 3007 ira
1511 2967 1707 3024 magna
1735 2957 2060 3016 commotus,

481 3051 736 3122 prmeeplt
761 3062 1106 3105 commovere
1129 3045 1426 3101 exercitum
1463 3043 1519 3098 in
1548 3023 1758 3099 hostem
1792 3043 2067 3099 Romanoo
2119 3023 2134 3037 ’

484 3155 624 3210 rum,
681 3142 1014 3210 aliarumque
1053 3137 1344 3192 multarum
1377 3135 1618 3207 gentium
1652 3134 1855 3189 auxilia
1877 3133 2068 3202 adjun-

484 3251 636 3308 gens,
671 3251 777 3289 una
802 3249 926 3289 cum
971 3229 1252 3284 Aristarco
1297 3227 1542 3298 principe
1585 3227 1812 3292 militiae,
1863 3226 2070 3281 direxe-

488 3336 616 3382 runt
641 3326 812 3381 aciem
835 3330 1022 3380 contra
1053 3321 1312 3376 Francos.
1339 3318 1572 3389 Fuitque
1615 3318 1691 3374 ibi
1717 3326 1925 3389 strages
1961 3332 2070 3372 ma-

2147 2059 2276 2134 αυτ,
2301 2057 2368 2113 ν.
2399 2055 2576 2134 -ςηυε
2601 2063 2766 2134 morte
2799 2053 3162 2134 Pnar'dmondi
3192 2053 3356 2134 regis,
3393 2061 3449 2106 et
3599 2049 3731 2134 cia..-

2219 2129 2374 2254 dione
2420 2126 2534 2198 ﬁlio
2565 2127 2715 2198 ejus,
2764 2132 2814 2180 et
2842 2124 2907 2179 de
2951 2121 3268 2179 Chunorurri
3288 2124 3522 2177 incursu
3549 2125 3602 2176 in
3630 2121 3735 2177 Gal-

2243 2217 2344 2254 ias.

2243 2217 2344 2256 tas.

2226 2291 2438 2348 Mortuo
2485 2291 2684 2361 quippe
2734 2287 3080 2344 Faramundo
3104 2327 3119 2343 .
3166 2285 3541 2342 Chlodionem
3588 2286 3739 2341 ﬁlium

2156 2384 2275 2457 ejus
2291 2384 2546 2439 crinitum
2564 2382 2619 2436 in
2641 2397 2864 2452 regnum
2887 2380 3059 2450 patris
3074 2377 3191 2447 ejus
3202 2379 3583 2434 elevaverunt.
3608 2378 3739 2432 Tunc

2159 2475 2420 2546 temporis
2467 2473 2694 2529 crinitos
2742 2486 2900 2543 reges
2942 2471 2999 2526 in
3043 2470 3264 2525 initium
3304 2470 3737 2526 sublimaverunt.

2160 2569 2558 2637 Venientesque
2611 2563 2880 2636 sagaciter
2920 2564 2976 2618 in
3015 2562 3218 2618 ﬁnibus
3242 2563 3613 2633 Toringorum,
3643 2561 3742 2615 ibi-

2162 2677 2268 2734 que
2296 2660 2630 2716 resederunt.
2665 2657 2955 2714 Habitabat
3000 2657 3189 2726 itaque
3217 2655 3436 2712 Cblodio
3457 2671 3545 2710 rex
3568 2656 3620 2709 in
3650 2653 3732 2708 Di-

2162 2769 2360 2826 spargo
2385 2751 2607 2808 castello
2657 2749 2714 2806 in
2762 2749 2960 2805 ﬁnibus
3009 2748 3395 2818 Toringomm,
3434 2747 3492 2801 in
3524 2747 3747 2817 regione

2164 2846 2486 2904 Germaniae.
2517 2845 2811 2916 PrOpterea
2835 2857 3024 2898 omnes
3053 2841 3318 2912 regiones
3355 2839 3595 2910 gentium
3638 2852 3748 2908 qua

2165 2939 2308 2994 ultra
2337 2937 2587 2993 Rhenum
2617 2935 2839 2990 ﬂuvium
2866 2942 3011 2999 sunt,
3041 2935 3146 2989 hoc
3172 2932 3405 2989 nomine
3451 2947 3749 3002 nuncupan-

2168 3042 2274 3098 tur,
2317 3031 2634 3097 Germanice,
2678 3044 2744 3087 eo
2777 3029 2922 3099 quod
2961 3028 3018 3082 in
3045 3025 3351 3082 Germania
3379 3042 3613 3098 corpora
3639 3035 3744 3080 sunt

2169 3122 2578 3186 immanissima,
2617 3121 2998 3192 generatioque
3027 3118 3353 3183 saevissima,
3411 3128 3474 3175 et
3523 3121 3661 3176 dura.
3701 3125 3746 3171 et

2169 3217 2365 3288 populi“
2377 3231 2592 3286 semper
2621 3213 2871 3269 indomiti
2901 3228 2966 3268 ac
2996 3211 3349 3268 ferocissimi.
3371 3213 3624 3281 Quorum
3645 3212 3755 3266 fuis-

2175 3324 2236 3364 se
2265 3316 2481 3363 centum
2510 3320 2679 3378 pagos
2715 3305 2883 3361 tradit
2907 3305 3194 3376 scriptura.
3220 3305 3282 3359 In
3326 3305 3429 3362 illo
3456 3317 3694 3378 tempore
3716 3307 3757 3360 in

490 3437 594 3492 gna
639 3420 704 3476 de
729 3426 961 3487 utroque
989 3413 1205 3486 populo.
1237 3367 1500 3468 Videntesﬂl
1519 3367 1700 3466 autem
1959 3367 2074 3464 ia};-
2099 3367 2146 3432 Ο
2181 3403 2268 3460 his
2292 3367 2542 3472 partibus
2564 3367 2703 3455 citra
2725 3399 2973 3454 Rhenum
3003 3367 3175 3469 usque
3201 3398 3406 3470 Ligere
3437 3367 3608 3456 ﬂuvio
3635 3401 3760 3456 habi-

491 3517 607 3565 tum
627 3508 926 3564 exercitum
965 3505 1233 3562 sustinere
1261 3518 1369 3558 non
1397 3517 1578 3574 posse,
1619 3502 1744 3558 caesi
1788 3501 1945 3557 valde
1995 3499 2076 3556 fu-

493 3607 706 3674 gerunt.
727 3598 1040 3669 Ceciditque
1049 3595 1124 3652 ibi
1137 3595 1386 3652 Priamus
1397 3595 1506 3650 dux
1529 3607 1739 3651 eorum.
1760 3592 1841 3648 Illi
1860 3605 2076 3662 quoque

2181 3497 2371 3550 tabant
2396 3492 2647 3557 Romani,
2675 3492 2817 3547 ultra
2863 3491 3054 3562 Ligere
3091 3499 3275 3546 autem
3326 3491 3506 3549 Gothi
3548 3497 3762 3550 domina-

2181 3589 2382 3644 bantur
2407 3606 2420 3642 :
2446 3586 2857 3660 Burgundiones
2876 3600 3112 3658 quoque,
3135 3588 3229 3657 qui
3255 3586 3464 3643 Ariani
3489 3601 3666 3656 erant,
3691 3591 3763 3645 ln-

1701 3701 1932 3760 CODEX
1971 3696 2514 3758 GAMERACENSIS.

497 3822 677 3882 edocti
711 3835 775 3876 ac
819 3817 1066 3888 cogniti;
1101 3823 1157 3870 et
1201 3815 1428 3886 ingressi
1457 3816 1512 3888 in
1554 3815 1830 3888 Maeotidas
1851 3815 2078 3888 paludes

499 3908 625 3950 cum
658 3891 763 3946 alio
783 3885 982 3961 popqu
1018 3885 1414 3961 Romanorum,
1452 3885 1898 3961 eiecerunt_iri_(le
1946 3886 2074 3940 Ala-

500 3977 750 4026 mannos,
778 3956 1268 4030 pelfcusseruntque
1291 3970 1385 4030 eos
1402 3958 1456 4011 in
1482 3972 1578 4011 ore
1603 3956 1784 4030 gladii.
1811 3956 1962 4030 Tunc
1984 3971 2078 4030 ap—

540 4032 721 4087 ellavit
739 4025 835 4086 eos
855 4025 1265 4098 Valentinianus
1307 4025 1875 4098 imperator'anncos
1898 4025 2079 4082 Attica

528 4105 707 4175 ingua,
731 4101 861 4172 {hoc
888 4107 974 4154 est
1027 4095 1204 4163 feros,
1230 4111 1262 4150 a
1301 4095 1500 4153 duritia
1523 4098 1609 4153 vel
1633 4097 1856 4153 audacia
1901 4098 2081 4153 cordis

501 4189 714 4231 EOPUHL

577 4243 662 4298 IIl.
694 4242 862 4313 Igitur
884 4247 1006 4311 post
1033 4244 1335 4292 transactos
1359 4239 1545 4295 decem
1568 4256 1758 4305 annos,
1797 4239 1946 4313 misit
1966 4253 2083 4313 me-

507 4309 749 4371 moratus
793 4309 1086 4382 imperator
1140 4317 1450 4382 exactores,
1497 4327 1605 4366 una
1656 4326 1778 4366 cmn
1825 4309 2084 4382 primario

511 4388 646 4441 duce
675 4384 740 4438 de
774 4384 1018 4437 Romano
1045 4389 1234 4434 senatu
1256 4420 1272 4446 ,
1299 4387 1358 4433 ut
1380 4381 1571 4436 darent
1601 4390 1858 4436 consueta
1879 4381 2082 4435 tributa

511 4457 578 4512 de
600 4453 799 4525 populo
832 4451 1186 4525 Francorum.
1219 4449 1298 4504 Illi
1331 4453 1756 4525 quoque,_sicut
1783 4460 1939 4506 erant
1957 4467 2083 4525 cru-

513 4520 658 4580 deles
673 4520 733 4579 et
779 4520 1176 4592 immanissimi,
1206 4520 1430 4575 consilio
1455 4522 1642 4577 inutile
1668 4532 1909 4592 accepto,
1938 4523 2086 4576 dixe-

513 4603 642 4651 runt
678 4594 745 4649 ad
771 4575 1052 4647 invicem:
1082 4575 1380 4661 Imperator
1417 4575 1822 4647 cumexereitur
1841 4575 2086 4647 Romano
2111 4575 2162 4635 Ῑ)

513 4681 622 4722 non
643 4663 818 4736 potuit
837 4661 1035 4730 ejicere
1052 4661 1386 4736 Alamannos
1394 4663 1466 4736 _de
1488 4663 1725 4736 latibulis
1745 4663 2084 4736 paludarum,

516 4731 730 4808 gentem
760 4732 954 4788 fortem
975 4747 1039 4808 ac
1064 4731 1339 4808 rebellem.
1365 4731 1474 4808 Nos
1494 4734 1657 4808 enim,
1693 4731 1784 4802 qui
1815 4748 1908 4787 eos
1932 4748 2089 4802 supe-

517 4802 774 4869 ravimus,
807 4819 904 4858 cur
945 4803 1202 4874 solvimus
1229 4803 1463 4874 tributa?
1488 4802 1891 4874 Consurgamus
1927 4804 2092 4872 igitur

517 4884 711 4933 contra
735 4874 1052 4945 primarium
1081 4873 1241 4945 hunc,
1261 4872 1344 4925 vel
1369 4872 1718 4928 exactoribus
1737 4875 1873 4937 istis,
1901 4889 2093 4943 percu—

521 4941 824 5015 tiamusque
853 4960 964 5006 eos,
993 4951 1049 4996 et
1072 4941 1379 5015 auferamus
1403 4955 1613 5007 cuncta,
1639 4960 1758 5014 quae
1782 4941 1964 4998 secum
1999 4946 2095 4999 ha-

522 5019 668 5081 bent,
696 5013 754 5071 et
787 5031 891 5069 non
920 5015 1107 5069 demus
1145 5013 1401 5067 Romanis
1437 5013 1738 5079 tributa,’et
1769 5016 1972 5070 erimus
1996 5030 2096 5071 nos

522 5086 720 5157 iugiter
753 5085 932 5140 liberi.
981 5083 1196 5139 Insidiis
1241 5099 1370 5138 vero
1410 5086 1761 5154 praeparatis,
1809 5085 2096 5142 interfece-

525 5164 786 5212 τυηῐθοε.

596 5226 684 5281 IV.
718 5225 954 5279 Audiens
997 5225 1112 5279 haec
1146 5223 1471 5293 imperator,
1501 5225 1557 5279 in
1584 5225 1766 5281 furore
1793 5235 1845 5281 et
1890 5227 1970 5281 ira
2015 5227 2101 5281 ni-

525 5297 631 5352 mis
659 5310 970 5359 succensus,
997 5296 1254 5364 praecepit
1286 5296 1492 5351 hostem
1525 5312 1862 5352 commovere
1903 5298 2098 5352 Roma—

527 5383 722 5422 norum
750 5372 804 5437 et
833 5365 1080 5437 aliarum
1121 5366 1382 5435 gentium,
1416 5383 1538 5422 cum
1585 5367 1875 5424 Arestarco
1900 5369 2105 5437 princi-

529 5453 650 5564 gem
689 5435 912 5501 militiae,
939 5435 1362 5504 direxeruntque
1397 5438 1568 5492 aciem
1611 5447 1796 5492 coatra
1844 5435 2101 5493 Francos.

576 5509 655 5562 uit
695 5514 872 5562 autem
926 5506 998 5560 ibi
1047 5513 1254 5564 strages
1304 5523 1492 5564 magna
1525 5511 1590 5562 de
1624 5518 1852 5564 utroque
1889 5509 2101 5564 nouulo.

576 5509 655 5562 uit
695 5514 898 5578 autem
926 5506 1029 5578 ibi_
1047 5513 1254 5578 strages
1304 5523 1492 5577 magna
1525 5511 1590 5562 de
1624 5518 1852 5576 utroque
1889 5509 2102 5578 p0pulo.

531 5579 790 5636 Videntes
815 5576 959 5630 enim
991 5574 1185 5627 Franci
1213 5578 1354 5642 quod
1378 5574 1583 5630 tantum
1607 5574 1906 5632 exercitum
1948 5574 2109 5633 susti-

531 5664 663 5728 nere
689 5664 799 5728 non
821 5646 1051 5728 possint,
1091 5644 1359 5701 interfecti
1395 5663 1458 5728 ac
1485 5648 1617 5728 cassi
1639 5647 1910 5728 fugerunt.
1958 5648 2110 5704 Ceci-

533 5719 734 5796 ditque
766 5715 1137 5796 ibin-Priamus
1179 5729 1366 5770 eorum
1419 5715 1763 5796 fortissimus.
1789 5719 1868 5796 Illi
1897 5735 2112 5790 quoque

534 5784 739 5857 egrbssi
769 5804 814 5859 _a
845 5784 1466 5859 Sicamb_ria,d_vcncru_nt
1508 5789 1560 5840 in
1589 5791 1846 5844 extremis
1869 5784 2113 5859 partibus

541 5853 711 5914 Rheni
762 5854 1016 5911 ﬂuminis.
1057 5855 1110 5909 in
1158 5853 1564 5911 Germaniarum
1595 5859 1803 5928 oppidis
1832 5878 1843 5915 :
1869 5853 2114 5933 illucque

2186 3813 2624 3896 innliabita-yerunt
2648 3829 2790 3896 cum“
2805 3829 2992 3871 eorum
3023 3814 3391 3896 principibus,
3423 3816 3768 3877 Marchomirc

2185 3885 2372 3967 lilium
2407 3883 2644 3967 Priamo,
2673 3883 3042 3967 e_t_Sunnone;
3055 3883 3227 3940 ﬁlium
3256 3887 3547 3946 Antenor.
3581 3893 3772 3946 Habita-

2184 3963 2486 4024 veruntque
2498 3956 2574 4011 ibi
2603 3956 2790 4011 multis
2811 3957 2986 4012 annis.
3007 3956 3264 4012 Sunnone
3286 3969 3488 4016 autem
3519 3963 3767 4021 defuncto.

2189 4035 2517 4108 acceperunt
2546 4027 2830 4108 consilium
2861 4038 2919 4082 ut
2945 4029 3465 4108 regemsibiunum
3497 4036 3773 4090 constitue-

2190 4104 2332 4180 rent,
2363 4100 2503 4151 sicut
2529 4105 2740 4180 cae-tera:
2757 4108 2963 4180 gentes.
2981 4100 3363 4180 Marchdmiris
3391 4120 3629 4175 quoque
3654 4105 3773 4159 dedit

2189 4169 2270 4253 eis
2293 4169 2398 4222 hoc
2423 4169 2728 4253 consilium,
2773 4179 2830 4253 et
2870 4170 3148 4240 elegerunt
3171 4169 3606 4230 Faramuhdu'm
3635 4176 3775 4246 ipsius

2193 4239 2398 4312 ﬁlium,
2412 4247 2468 4312 et
2492 4239 2840 4312 elevaverunt
2858 4239 2983 4296 eum
3005 4257 3183 4312 regem
3215 4257 3386 4312 super
3414 4261 3485 4300 se
3517 4239 3774 4303 crinitum.

2191 4308 2353 4390 Tunc.
2385 4311 2588 4390 habere
2637 4311 2782 4382 leges
2815 4308 3138 4390 creperum,
3162 4308 3299 4390 quae"
3330 4330 3542 4390 eorum
3597 4319 3777 4389 prioris

2191 4379 2417 4461 gentiles
2463 4379 2854 4461 tractaverunt,
2885 4379 2968 4436 his
2987 4379 3370 4461 no_minibus,_
3390 4379 3777 4451 Vuisoi'astns,

2193 4451 2564 4529 V_uiso_gastus,
2612 4452 2944 4529 Arogastus,
2976 4452 3317 4529 _Salegas_tu_s.
3349 4454 3413 4529 In
3451 4461 3780 4529 villabusque

2190 4521 2604 4663 gztcrldalédiuenum
2635 4521 2778 4590 sunt,
2813 4521 3161 4596 Vibothagin,
3191 4525 3563 4599 Salechagin,
3595 4541 3650 4587 et
3677 4521 3784 4586 Viri-

2253 4663 2327 4744 .V.
2358 4663 2808 4744 Mortuo-quippe
2847 4665 3191 4722 Faramundo
3225 4681 3388 4744 rege,
3431 4669 3784 4744 Chlodionem

2192 4733 2361 4806 ﬁlium
2385 4733 2502 4803 ejus
2520 4733 2774 4806 crinitum
2788 4737 2843 4790 in
2864 4751 3086 4806 regnum
3107 4738 3279 4806 patris
3292 4733 3389 4793 sui
3413 4741 3784 4799 elevarean

2193 4802 2252 4858 Id
2275 4802 2534 4873 temporis
2557 4804 2786 4879 crinitos
2815 4802 3192 4879 reges_babére
3217 4822 3542 4879 casperunL
3576 4815 3790 4868 Venien-

2193 4883 2384 4952 tesque
2389 4876 2668 4952 sagaciter
2681 4877 2734 4929 in
2752 4875 2954 4952 liuibﬂ'us
2963 4875 3571 4952 Toringorun'i,dibique
3597 4885 3790 4940 resede-

2196 4955 2340 5027 runt.
2363 4945 2635 5027 habitavit
2657 4948 2837 5027 itaque
2859 4946 3085 5027 Chlodid
3109 4945 3204 5006 rex
3231 4945 3596 5027 inDisba'rgo
3617 4953 3788 5027 castel-

2197 5015 2266 5096 lo,
2291 5018 2344 5070 in
2361 5017 2557 5096 ﬁnibus
2573 5017 3248 5096 'I‘oringorum,‘regi9nem
3259 5015 3610 5082 Germaniae.
3638 5026 3696 5081 In
3717 5024 3791 5077 illo

2199 5088 2520 5167 temperem
2543 5088 2628 5167 his
2647 5088 2889 5167 partibus
2921 5088 3057 5167 citra
3089 5089 3331 5167 Rhenum
3372 5109 3564 5165 usque
3615 5099 3792 5167 Ligure

2199 5139 2971 5239 ﬂuviohabitabaritnRoinani,
2979 5139 3357 5239 inquit}
3376 5139 3794 5237 ξιῗρῆἶιεῗῗίῖὦ

2201 5228 2635 5309 dominabantur.
2684 5229 3091 5309 Burgundiones
3141 5228 3324 5309 itaque
3373 5228 3712 5309 pagahismo
3751 5239 3794 5289 in

2201 5296 2400 5376 ῥήξω
2423 5299 2665 5376 doctrina
2681 5296 2847 5369 prava
2877 5296 3644 5376 tenebantur,__inhabitantes
3657 5308 3796 5376 juxta

2203 5367 2482 5445 Rodanum
2498 5367 2740 5445 ﬂuvium,
2757 5385 2878 5439 qua:
2896 5370 3107 5445 adjacet
3120 5372 3239 5445 (sic)
3256 5374 3600 5445 Lugdunum
3623 5367 3800 5434 civita-

2205 5446 2332 5492 tem.
2351 5438 2576 5512 Ghlodio
2590 5438 2879 5494 auteinrex
2892 5438 3424 5512 misitexploratores
3444 5450 3514 5502 de
3538 5451 3798 5512 Disbargo

2207 5509 2427 5589 castello
2440 5509 2796 5589 Toringorum
2813 5512 3064 5589 usquead
3079 5501 3269 5589 urbem
3285 5501 3798 5589 eamam‘ﬁig.

2208 5587 2395 5702 Rostea
2424 5596 2544 5633 cum
2583 5582 2786 5649 grande
2815 5582 3058 5635 exercitu
3084 5583 3332 5639 Rhenum
3357 5591 3612 5652 transiit,
3643 5582 3799 5644 multo

2259 5665 2576 5702 omanorum
2604 5650 2800 5702 nonulo
2829 5652 3027 5702 occidit
3055 5662 3217 5702 amne
3245 5653 3474 5702 fugavit-
3517 5659 3799 5702 Cal-hann—

2242 5653 2576 5732 tomanorum
2604 5650 2800 5720 popqu
2829 5652 3027 5732 occidit
3055 5662 3217 5723 atque
3245 5653 3475 5732 fugavit.

2211 5719 2294 5801 ria
2318 5719 2451 5801 silva
2500 5719 2798 5801 ingressus,
2829 5719 3226 5801 Toruacensem
3276 5719 3471 5782 urbem
3510 5731 3799 5785 obtinuit:

2211 5791 2612 5872 cxi_nde_usque_
2635 5790 2988 5872 Camaracum
3009 5793 3290 5872 _civjtatem
3312 5798 3564 5867 veniens,
3592 5801 3713 5856 illic
3735 5815 3803 5855 re-

2213 5861 2371 5918 sedit.
2401 5861 2579 5918 Pauco
2600 5864 2861 5934 temporis
2882 5864 3059 5938 spatio
3089 5865 3362 5925 Romanos
3381 5885 3526 5942 quos
3547 5861 3645 5928 ibi
3669 5873 3803 5929 inve-
