3950 6308
252 399 390 456 1115
1383 388 1609 448 GESTA
1644 387 1886 446 REGUM
1919 385 2366 443 FRANCORUM.
3383 382 3522 441 “26

1593 523 1822 582 EDITIO
1857 522 2156 581 FREHERI
2168 564 2181 577 .

249 622 493 678 bitabant
544 619 697 690 juxta
756 621 1034 677 Rodanum
1080 619 1322 688 fluvium,
1367 622 1460 690 qui
1508 617 1824 689 praiterfluit
1849 616 1975 680 Δεῖ
2002 615 2069 670 ad
2099 628 2289 684 pacem
2333 615 2658 685 quandoque
2701 616 2899 670 reverti
2946 615 3202 686 potuerit,
3244 615 3402 686 quale
3440 613 3522 676 Il-

248 714 567 787 Lugdunum
609 713 902 769 civitatem.
944 711 1171 768 Chlodio
1211 721 1392 767 autem
1419 726 1515 766 rex
1553 709 1702 764 misit
1726 723 1825 764 ex-
1931 723 2094 778 gnum
2120 706 2352 762 invicem
2395 717 2870 778 recognoscerent.
2918 707 3070 764 Tunc
3099 707 3404 764 diviserunt
3427 723 3525 765 au-

247 805 550 879 ploratores
577 803 644 858 de
673 803 934 875 Dispargo
949 802 1170 858 castello
1193 802 1555 872 Toringorum
1571 813 1744 871 usque
1760 801 1829 856 ad
1931 808 2085 850 reum
2115 811 2282 850 unum
2307 796 2450 851 inter
2476 811 2536 852 se
2566 797 2624 852 in
2663 797 2900 869 signum.
2941 796 3116 853 Unam
3142 805 3352 869 partem
3375 798 3525 855 Chil-

248 897 440 952 urbem
467 893 846 951 Camaracum.
879 894 1000 963 Ipse
1022 900 1212 965 postea
1242 909 1366 949 cum
1425 891 1617 964 grandi
1673 906 1828 947 exer-
1932 891 2147 947 dericus
2175 907 2271 946 rex
2293 906 2474 947 secum
2503 892 2758 962 portavit,
2797 891 2956 946 aliam
2987 907 3118 946 vero
3139 899 3347 962 partem
3368 891 3520 948 Wio—

249 989 361 1043 citu
402 987 652 1042 Rhenum
675 985 966 1050 transiens,
989 984 1163 1039 multo
1207 983 1406 1054 populo
1454 983 1830 1038 Romanorum
1932 985 2122 1039 madus
2173 984 2415 1049 retinuit,
2446 984 2674 1040 dicens:
2715 983 2943 1051 Quando
2987 983 3148 1039 istam
3196 983 3358 1038 aliam
3385 999 3516 1054 par-

249 1087 541 1150 prostrato,
573 1079 757 1133 hostes
786 1076 1008 1144 fugavit.
1060 1074 1452 1130 Carbonariam
1498 1075 1690 1129 silvam
1747 1073 1831 1128 in-
1931 1082 2040 1129 tem
2067 1075 2166 1130 tibi
2196 1077 2565 1141 transmisero,
2596 1076 2737 1132 scias
2757 1090 2846 1132 me
2863 1075 3105 1131 Francos
3121 1083 3295 1130 tecum
3321 1075 3522 1131 habere

249 1189 486 1243 gressus,
511 1172 912 1226 Tornacensem
947 1171 1135 1224 urbem
1181 1169 1434 1224 obtinuit.
1486 1167 1693 1222 Exinde
1739 1181 1830 1222 us-
1931 1169 2207 1238 placatos;
2238 1178 2367 1226 tunc
2393 1185 2617 1225 securus
2653 1179 2926 1225 revertere
2955 1169 3008 1224 in
3034 1183 3188 1239 pace.
3213 1167 3361 1222 Abiit
3387 1182 3517 1238 ergo

249 1280 356 1334 que
399 1262 754 1318 Camaracum
786 1262 976 1316 urbem
1025 1261 1339 1331 properavit
1377 1277 1390 1314 :
1424 1259 1608 1330 ibique
1657 1274 1830 1330 pauco
1932 1260 2268 1317 Childericus
2295 1261 2351 1316 in
2377 1262 2705 1330 Toringiam,
2734 1261 2876 1331 apud
2903 1275 3084 1332 regem
3113 1259 3357 1315 Bisinum
3385 1274 3521 1315 uxo-

252 1365 492 1424 tempore
519 1354 784 1419 residens,
824 1351 1117 1418 Romanos,
1155 1368 1292 1422 quos
1313 1352 1387 1406 ibi
1417 1351 1643 1417 invenit,
1665 1351 1832 1406 inter-
1931 1367 2153 1421 remque
2181 1350 2298 1421 ejus
2321 1352 2599 1420 Basinam,
2630 1361 2686 1406 et
2715 1353 2912 1408 ibidem
2940 1351 3119 1407 latuit.

251 1449 395 1504 fecit.
448 1449 514 1504 Et
558 1449 752 1503 exinde
784 1464 954 1518 usque
981 1447 1243 1502 Sumnam
1271 1446 1493 1504 ﬂuvium
1519 1447 1702 1502 omnia
1732 1463 1811 1504 oc-

1961 1466 2060 1520 ΞΑΡ.
2077 1465 2186 1521 VII.
2208 1463 2362 1532 Quod
2391 1463 2590 1536 Franci
2605 1481 2762 1536 super
2789 1481 2844 1520 se
2867 1472 3109 1536 statuunt
3135 1462 3402 1536 Egidiunt
3418 1459 3521 1516 Ro-

251 1541 486 1610 cupavit.
527 1540 825 1596 C-hlodione
878 1555 1003 1610 rege
1046 1537 1320 1604 defuncto,
1349 1538 1629 1594 Mercveus
1660 1539 1714 1594 in
1740 1553 1830 1594 re—
2002 1553 2236 1600 manum,
2267 1545 2422 1607 atque
2470 1534 2755 1606 deﬁciunt,
2781 1545 2829 1591 et
2855 1534 3210 1590 Chitdericum
3245 1534 3524 1604 recipiunt.

251 1649 412 1704 gnum
443 1633 763 1690 sublimatus
785 1642 888 1698 est,
919 1633 1268 1704 regnavitque
1288 1632 1516 1688 Chlodio
1543 1647 1717 1689 annos
1736 1632 1828 1688 20.
2004 1650 2200 1706 Franci
2229 1665 2380 1717 vero,
2416 1647 2608 1705 relicto
2652 1648 2976 1715 (ιιιίιάειιίεο,
3031 1647 3282 1717 Εείάίιιιη
3318 1645 3522 1716 lii-inci-

250 1724 296 1777 Α
328 1722 574 1779 Meroveo
611 1724 794 1794 itaque
833 1719 980 1794 rege‘
997 1722 1115 1777 utili
1138 1763 1154 1788 ,
1183 1723 1275 1793 qui
1301 1723 1356 1777 in
1399 1738 1566 1793 regno
1591 1723 1810 1780 Franco

1960 1759 2057 1797 lem
2095 1743 2465 1798 Romanorum
2505 1741 2856 1797 elevaverunt
2903 1756 3065 1812 super
3090 1756 3149 1796 se
3180 1755 3402 1812 regem:
3437 1748 3520 1795 te-

252 1833 370 1872 rum
399 1818 719 1874 sublimatus
737 1826 844 1881 est,
872 1817 1086 1872 celebre
1105 1832 1302 1872 nomen
1327 1833 1480 1888 reges
1495 1815 1831 1873 Francorum
1935 1843 2126 1890 “emes
2178 1834 2465 1890 consilium
2507 1850 2617 1890 non
2649 1835 2874 1901 bonum,
2911 1834 3185 1904 nimisque
3224 1833 3415 1888 inuiiie
3443 1840 3523 1887 ai.

253 1908 581 1966 Merovinchi
609 1907 900 1976 nuncupati
922 1915 1066 1961 sunt.
1100 1907 1220 1977 Ipse
1245 1906 1540 1963 Merovaaus
1553 1907 1740 1977 genuit
1770 1906 1834 1961 11-
1934 1941 2040 1996 que
2091 1925 2403 1981 absurdum
2443 1925 2546 1992 Qui
2583 1941 2707 1981 cum
2749 1933 2873 1982 οοιο
2905 1941 3078 1982 annos
3131 1940 3293 1995 super
3317 1939 3412 1981 eos
3435 1939 3524 1980 τε-

254 1998 632 2092 Ιίᾳηιλιιριηίης
651 1996 1036 2062 Childericum,
1085 1999 1296 2069 patrem
1340 1997 1631 2055 Chlodovei
1666 1998 1833 2054 subli-
1863 2031 1912 2092 Β
1941 2027 2132 2090 gnara
2159 2059 2172 2083 ,
2227 2017 2385 2072 θηιίι
2439 2033 2498 2073 se
2539 2016 2859 2074 Wiomadus
2911 2017 3030 2088 eius
3083 2018 3425 2074 consiiiarius
3470 2017 3527 2073 in

253 2089 481 2182 “iis”
513 2089 674 2159 τθείε·
877 2180 915 2182 _
1061 2181 1067 2182 ,
1108 2181 1118 2182 ί
1253 2181 1256 2182 ν
1304 2181 1308 2182 ν
1863 2089 1901 2092 ’⁷
1937 2089 2178 2170 amicitia
2207 2113 2473 2169 familiare
2498 2113 2674 2170 foedus
2700 2115 2860 2179 inire,
2893 2122 2948 2169 et
2987 2114 3310 2168 hortabatur
3339 2109 3529 2182 Egidio

325 2179 691 2279 Erant-autem
723 2187 848 2235 tunc
876 2180 1082 2279 Franci;
1096 2181 1337 2248 fanatici,
1362 2183 1666 2279 adorantes
1695 2182 1836 2279 ioola
1937 2209 2142 2279 aliquos
2176 2207 2418 2264 Francos
2442 2208 2626 2264 dolose
2661 2209 2992 2279 opprimere.
3025 2207 3119 2262 me
3147 2205 3371 2261 audiens
3391 2179 3524 2260 '00“-

253 2280 307 2324 θῑ
344 2271 651 2370 δίφυίθετθν
666 2282 736 2370 ξι
783 2289 890 2328 ηοη
932 2274 1224 2370 nomium?
1274 2275 1401 2370 9‘3“
1430 2283 1486 2330 ει
1514 2275 1836 2370 ίθπίξδνμίῖυί
1938 2271 2117 2355 silium
2150 2299 2288 2369 ejus,
2329 2300 2522 2356 callide
2545 2271 2851 2370 opprimere
2879 2297 3155 2353 nitebatur
3175 2312 3289 2352 eos.
3319 2295 3397 2350 Illi
3421 2296 3526 2350 hoc

253 2363 458 2416 creavit
496 2377 619 2457 eos.
665 2363 1012 2457 Eratkautem
1057 2375 1185 2422 tunc
1212 2367 1267 2422 in
1293 2368 1397 2422 ista
1430 2375 1585 2438 parte
1631 2365 1835 2422 Gallia-
1937 2363 2311 2457 formidalvneé’
2338 2392 2506 2447 nimio
2527 2363 2710 2446 {ii-rb“,
2749 2389 2943 2456 amiii,
2977 2387 3261 2444 consilium
3289 2387 3528 2456 εχρειεε-

255 2470 372 2553 ῬΨ
402 2469 469 2508 ⁸⁸
496 2454 767 2553 Βοωίωίδ-
805 2452 1039 2553 eguit“,
1074 2474 1176 2553 ἐξ
1215 2459 1423 2553 mimi“:
1443 2458 1836 2553 Βοωέηφτυω»
1937 2475 2064 2538 ιὐἠι
2101 2500 2130 2538 a
2153 2452 2463 2550 Wiomado,
2491 2484 2620 2553 quid
2663 2496 2825 2552 agere
2855 2452 3136 2536 deberent.
3170 2479 3240 2533 At
3279 2452 3374 2533 ille
3390 2478 3528 2534 dixit

255 2549 320 2602 ab
341 2547 669 2618 imperatore
696 2549 894 2605 missus
922 2549 1102 2623 (Greg-
1136 2550 1264 2606 Τυτο
1300 2551 1393 2605 ιίὺ-
1419 2568 1479 2618 ιι,
1513 2569 1559 2606 σο
1592 2551 1704 2624 ’ίο)ο
1936 2576 2018 2632 eis
2043 2594 2054 2629 :
2084 2575 2201 2631 Non
2229 2547 2658 2641 reminiscimini,
2692 2547 2792 2629 nec
2817 2572 3135 2636 recordatis,
3167 2569 3400 2641 qualiter
3417 2567 3530 2638 eje-

289 2660 417 2717 Car.
447 2659 534 2716 Vl.
580 2689 652 2700 —
699 2662 800 2717 Ubi
849 2663 1180 2720 Childericus
1232 2683 1325 2721 rex
1375 2667 1572 2736 ejectus
1636 2676 1711 2722 est
1739 2667 1802 2722 de
1936 2676 2131 2723 cerunt
2168 2667 2396 2722 Romani
2415 2654 2782 2737 opprimentes
2797 2672 3010 2735 gentem
3029 2670 3262 2718 vestram
3288 2663 3353 2717 de
3382 2670 3530 2716 terra

971 2752 1150 2806 τεθηο·
1935 2771 2123 2812 eorum
2138 2759 2164 2812 ?
2187 2757 2438 2826 Ejecistis
2459 2768 2514 2812 et
2538 2773 2637 2813 vos
2661 2772 2844 2827 regem
2865 2765 3107 2811 vestrum
3139 2753 3326 2808 utilem
3369 2760 3534 2822 atque

322 2848 657 2906 Childericus
699 2859 880 2906 autem
914 2864 1030 2917 rex,
1076 2849 1243 2917 filius,
1269 2859 1330 2905 ut
1365 2851 1624 2918 diximus,
1658 2851 1838 2908 Mero-
1937 2860 2243 2916 strenuum,
2272 2858 2328 2904 et
2354 2849 2606 2905 elevastis
2627 2865 2790 2920 super
2817 2864 2915 2905 vos
2946 2847 3176 2903 militem
3199 2847 3345 2900 hunc
3365 2845 3534 2916 impe-

255 2942 362 3007 vei,
391 2957 515 2997 cum
559 2951 701 2998 esset
747 2943 907 2998 nimis
937 2943 1266 3010 luxuriosus,
1313 2951 1368 2999 et
1395 2953 1647 3016 regnaret
1675 2960 1838 3015 super
1937 2943 2136 2999 ratoris
2169 2942 2559 3009 Romanorum,
2610 2941 2918 3008 crudelem,
2959 2940 3163 2996 elatum
3227 2947 3392 3010 atque
3441 2952 3534 2992 su-

255 3032 515 3100 Francos,
545 3034 708 3102 coepit
739 3033 876 3088 ﬁlias
904 3048 1091 3088 eorum
1117 3034 1446 3101 distrahere,
1486 3043 1544 3089 et
1571 3035 1838 3092 violenter
1935 3037 2186 3108 perbum.
2240 3034 2370 3090 Sine
2412 3035 2638 3091 consilio
2685 3031 2789 3090 hoc
2837 3033 3062 3099 fecistis,
3101 3047 3209 3086 non
3256 3031 3412 3095 bene,
3437 3029 3534 3084 sed

256 3129 505 3184 deludere
543 3144 656 3183 eas.
706 3127 783 3182 Illi
815 3137 997 3183 autem
1023 3129 1093 3184 ob
1121 3129 1225 3184 hoc
1274 3129 1437 3184 nimis
1466 3129 1836 3201 indignantes,
1937 3129 2076 3185 male
2091 3128 2193 3184 hoc
2207 3127 2508 3199 egistis.llli
2521 3128 2778 3182 dixerunt
2803 3145 2815 3181 :
2836 3124 2974 3194 Quia
2997 3124 3113 3179 sine
3136 3124 3256 3192 lege
3276 3122 3535 3178 abuteba-

257 3221 538 3276 voluerunt
575 3221 821 3278 occidere
867 3236 992 3275 eum
1039 3230 1092 3276 et
1129 3219 1330 3289 ejicere
1384 3223 1452 3277 de
1500 3237 1685 3295 regno.
1745 3222 1839 3281 Ille
1937 3228 2029 3274 tur
2081 3219 2220 3275 filias
2269 3227 2502 3274 nostras.
2557 3217 2792 3274 Paenitet
2837 3232 2936 3273 nos
2982 3217 3085 3271 hoc
3121 3213 3316 3270 fecisse
3339 3221 3531 3268 contra

255 3323 432 3393 autem
461 3329 583 3368 cum
607 3314 711 3368 hoc
735 3313 1013 3378 audiisset,
1044 3313 1356 3384 Toringiam
1397 3315 1574 3384 petiit,
1600 3316 1839 3372 vocavit-
1878 3387 1910 3393 _
1937 3324 2119 3382 regem
2149 3315 2414 3364 nostrum.
2448 3307 2668 3364 Utinam
2697 3307 3086 3362 meruissemus
3108 3304 3353 3359 invenire
3375 3319 3528 3368 eum,

256 3387 368 3476 que
379 3404 610 3460 amicum
641 3420 798 3460 suum
822 3404 1188 3460 consiliarium
1215 3406 1433 3462 nomine
1457 3405 1832 3464 Wiomadum:
1865 3387 1913 3452 Ο
1942 3409 2000 3456 θι
2023 3415 2145 3456 cum
2169 3415 2301 3472 pace
2326 3408 2577 3470 regnaret
2623 3412 2785 3468 super
2829 3398 2966 3453 nos!
3014 3396 3166 3452 Tunc
3206 3394 3412 3450 aulicus
3441 3392 3530 3449 ille

254 3495 512 3566 petiitque
547 3510 670 3550 cum
699 3511 765 3551 eo
811 3495 1097 3551 consilium
1142 3496 1378 3567 qualiter
1411 3498 1624 3555 animos
1653 3497 1839 3556 furen-
1943 3497 2090 3568 regis
2116 3496 2266 3551 misit
2291 3504 2499 3567 partem
2540 3494 2716 3560 solidi,
2774 3509 2935 3564 quem
2964 3493 3118 3564 prius
3141 3493 3284 3547 inter
3305 3505 3366 3547 se
3388 3491 3526 3547 divi-

256 3587 386 3642 tium
419 3586 750 3642 Francorum
772 3595 956 3656 posset
991 3587 1259 3658 mitigare,
1307 3589 1568 3645 donantes
1611 3589 1755 3646 inter
1778 3606 1840 3648 se
1942 3595 2153 3653 serunt,
2179 3586 2364 3642 dicens
2393 3604 2406 3640 :
2453 3585 2750 3641 Revertere
2782 3584 2850 3640 ad
2903 3598 3128 3654 regnum
3173 3581 3528 3649 Francorum,

256 3676 467 3748 signum
514 3677 750 3748 qualiter
793 3687 942 3734 certo
991 3677 1194 3734 indicio
1231 3693 1557 3751 cognoscere
1595 3680 1836 3749 deberet,
1943 3679 2070 3750 quia
2122 3679 2406 3750 paciﬁcata
2457 3686 2585 3735 sunt
2623 3677 2826 3734 omnia.
2869 3675 2962 3732 Ille
3011 3690 3142 3730 vero
3198 3686 3529 3746 cognoscens

1462 3790 1696 3848 CODEX
1736 3788 2285 3849 CAMERACENSIS.

255 3888 354 3945 mt,
383 3878 670 3952 interfecit.
699 3879 906 3935 Exinde
930 3894 1103 3951 usque
1139 3878 1400 3952 Sumnam
1430 3879 1648 3935 fluvium
1669 3897 1832 3938 occu-
1937 3897 2056 3938 cem
2081 3881 2517 3952 quandoquidem
2559 3881 2756 3937 reverti
2777 3887 3095 3952 poteretur,
3145 3879 3288 3951 quod
3318 3881 3533 3952 signum

254 3952 401 4023 pavit
459 3950 751 4024 Chlodione
800 3965 925 4024 rege
954 3950 1226 4024 defuncto,
1255 3950 1604 4024 Merovechus
1619 3954 1698 4024 _de
1739 3967 1832 4024 ge-
1938 3950 2192 4024 inter'se
2240 3950 2710 4024 recognoscerent.
2762 3950 2914 4008 Tunc
2956 3950 3532 4024 diviserunt-aureum

255 3969 401 4023 pavit
459 3969 751 4007 umomone
800 3969 925 4020 rege
954 3969 1226 4015 uetuncto,
1255 3969 1604 4006 merovecnus
1631 3969 1697 4007 ae
1774 3969 1832 4006 e-
1938 3969 2084 4008 inter
2133 3969 2192 4008 se
2240 3969 2710 4024 recognoscerent.
2763 3969 2914 4008 'iunc
2956 3969 3528 4006 mvrserunt-aureum

255 4037 384 4095 nere
436 4019 552 4095 ejus
591 4021 990 4095 _regnum__ejus
1025 4022 1252 4095 accepit.
1303 4021 1566 4095 Regnavit
1607 3969 1832 4078 Chloﬁio
1937 4039 2105 4079 unum
2129 4022 2431 4078 adinvicem
2458 4025 2512 4078 in
2543 4025 2776 4095 signum,
2809 4039 2971 4095 unam
3012 4023 3356 4095 medietatem
3377 4022 3528 4095 Chil-

256 4093 412 4148 annis
448 4091 536 4146 20.
575 4092 656 4148 Ab
671 4091 790 4161 ipso
820 4091 1139 4147 Merovecho
1168 4107 1293 4160 rege
1337 4091 1468 4147 utile
1511 4092 1704 4148 Franci
1727 4094 1834 4149 Me-
1941 4095 2158 4150 dericus
2189 4111 2283 4149 rex
2306 4110 2488 4149 secum
2518 4091 2774 4161 portavit,
2804 4093 2966 4146 aliam
2994 4101 3203 4161 partem
3231 4093 3528 4148 Viomadus

255 4165 464 4235 rovingi
492 4173 618 4218 sunt
667 4161 949 4235 appellati.
967 4162 1166 4216 Eodem
1199 4170 1440 4235 tempore
1484 4162 1658 4235 Qbuni
1692 4163 1838 4235 Bhe—
1941 4165 2184 4227 retinuit,
2218 4165 2441 4220 dicens:
2496 4161 2721 4235 Quando
2771 4163 2931 4216 istam
2983 4163 3150 4235 aliam
3189 4169 3399 4235 partem
3429 4162 3531 4217 tibi

255 4250 385 4288 num
417 4231 766 4296 transierunt,
804 4232 984 4286 Mettis
1010 4232 1425 4296 succenderunt,
1484 4231 1734 4287 Treveris
1754 4234 1836 4288 di-
1941 4235 2312 4300 transmisero,
2351 4235 2492 4289 scias
2521 4250 2606 4287 me
2642 4233 2880 4286 Francos
2926 4238 3102 4286 tecum
3136 4231 3339 4286 habere
3368 4247 3532 4300 paca-

255 4312 493 4369 struunt,
537 4305 781 4359 Tuncrus
817 4303 1132 4372 pervadunt,
1172 4317 1341 4373 usque
1376 4301 1671 4373 Aurilianis
1717 4318 1838 4372 per-
1939 4312 2044 4370 tos,
2082 4313 2137 4358 et
2163 4319 2385 4359 securus
2417 4311 2626 4359 reverte
2672 4303 2725 4356 in
2754 4318 2906 4373 pace.
2957 4301 3108 4356 Abiit
3151 4316 3280 4372 ergo
3310 4303 3531 4357 Chtlde-

255 4378 553 4429 venientes.
610 4374 668 4428 Id
705 4375 961 4442 temporis
1007 4380 1226 4428 sanctus
1253 4372 1510 4445 _Anianus
1546 4372 1836 4442 episcopus
1939 4375 2086 4429 ricus
2108 4391 2204 4428 rex
2231 4376 2283 4428 in
2311 4375 2647 4445 'I‘orringam,
2675 4372 2815 4444 apud
2839 4388 3021 4445 regem
3049 4373 3288 4428 Bisinum
3312 4373 3532 4429 nomine

255 4446 546 4499 virtutibus
568 4445 877 4514 praeclarus,
920 4445 1168 4498 veniente
1198 4443 1264 4514 ad
1296 4457 1421 4497 eum
1448 4443 1645 4514 Egecto
1671 4445 1836 4513 patri-
1935 4460 2265 4514 uxoremque
2290 4444 2408 4514 ejus
2430 4443 2602 4499 latuit.

255 4517 342 4570 cio
387 4515 785 4615 lRomat't‘orum,
841 4525 916 4615 ἵει
945 4513 1280 4615 Turso‘modo
1328 4529 1463 4615 regeI
1498 4513 1831 4615 Gothorum,
1865 4555 1914 4615 ι)
2010 4515 2119 4571 VII.
2153 4513 2365 4615 lFranci
2395 4532 2524 4576 vero
2552 4516 2740 4571 relicto
2759 4515 3084 4579 Childerico,
3109 4513 3357 4615 Egidium
3379 4515 3532 4615 prin-

257 4587 378 4615 ιιι-νέ
409 4586 548 4615 in“...
624 4600 805 4615 Αηηηη
919 4585 1026 4615 ιιι-ιζ
1061 4600 1087 4615 η
1149 4599 1317 4615 uncum
1341 4584 1441 4615 ηἶινὲ
1474 4594 1613 4615 σιιηηιι
1644 4600 1776 4615 ηΙιι-ιη
1805 4601 1835 4615 Δ
1939 4585 2112 4615 ,ις-ιη...
2201 4602 2514 4615 Ληιηηη-...η
2549 4587 2602 4615 ζ..
2643 4602 2865 4615 -Ληη---ιη
2923 4601 3088 4615 annn-
3113 4600 3170 4615 ,Δ
3199 4601 3223 4615 ο
3255 4600 3280 4615 τι
3311 4599 3479 4615 ..ο-ιιι..

255 4585 548 4657 auxiliante
581 4585 828 4657 Domino,
856 4583 1028 4657 Chuni
1061 4585 1127 4657 ad
1149 4584 1318 4653 ipsam
1341 4584 1614 4639 civitatem
1643 4593 1836 4657 orante
1865 4583 1914 4615 ν
1938 4585 2114 4657 cipem
2151 4586 2516 4641 Romanorum
2549 4587 2604 4640 in
2643 4602 2867 4657 regnum
2903 4601 3088 4657 super
3113 4583 3178 4640 se'
3199 4583 3524 4650 statuerunt,

255 4665 446 4710 sancto
491 4655 722 4717 Aniano,
771 4670 891 4708 cum
944 4654 1191 4709 Attelane
1237 4669 1424 4709 eorum
1470 4669 1594 4725 rege
1641 4655 1837 4711 devicti
1938 4654 2138 4711 malum
2187 4657 2472 4712 consilium
2518 4654 2835 4713 tractantes.
2886 4654 3140 4722 Quicum
3186 4663 3311 4710 octo
3356 4669 3530 4712 annos

254 4736 418 4798 atque
445 4725 702 4798 prostrati
732 4733 874 4798 su_n_t.
1039 4796 1052 4798 _
1323 4794 1334 4798 Δ
1397 4792 1458 4798 ω
1753 4795 1763 4798 _
1937 4741 2099 4796 super
2145 4741 2238 4781 eos
2291 4736 2558 4798 regnaret,
2609 4728 2764 4782 tinxit
2791 4740 2850 4780 se
2896 4727 3190 4798 Viomadus
3231 4725 3528 4782 amicitiam

331 4741 418 4847 \ue
445 4741 702 4848 prosrrau
732 4741 874 4778 sunt.
1937 4741 2099 4796 super
2145 4741 2238 4781 eos
2291 4741 2558 4798 regnaret,
2609 4741 2764 4782 tinxit
2791 4741 2850 4780 se
2903 4741 3190 4781 Vtomaaus
3231 4741 3528 4782 amiculam

341 4795 414 4877 ,ξιτ
471 4811 565 4877 pse
586 4796 768 4877 itaque
793 4794 1363 4877 bierovechusgenuit
1380 4792 1557 4877 filium
1620 4795 1838 4877 nomine
1939 4812 2060 4852 cum
2097 4797 2428 4877 eo_socia_re,
2473 4799 2716 4877 du_r‘n_a-b
2743 4795 2984 4877 conquid
3021 4797 3286 4877 cogitaret
3328 4811 3528 4877 cogno-

253 4864 578 4936 Childerico,
610 4865 701 4934 qui
742 4864 860 4936 fuit,
887 4874 1040 4936 pater
1074 4865 1450 4936 Chlodovechg
1480 4879 1603 4935 rege
1638 4865 1839 4936 inclyto
1939 4877 2135 4932 sceret,
2185 4869 2502 4922 hortabatur
2536 4868 2726 4936 Egidio
2779 4864 2989 4936 aliquos
3034 4864 3281 4936 Francos
3341 4864 3528 4922 dolose

255 4944 418 5004 atque
453 4933 773 5006 fortissimo.
823 4933 988 4989 Erant
1031 4935 1182 5006 enim
1234 4944 1361 4990 tunc
1404 4933 1598 5006 Franci
1646 4933 1838 5006 pagani
1938 4939 2262 5006 opprimere.
2293 4936 2385 4992 Ille
2412 4933 2637 4992 audiens
2663 4933 2945 4993 consilium
2993 4935 3133 5006 ejus,
3162 4937 3341 4992 acrius
3362 4937 3530 5006 cepit

255 5017 420 5074 atque
443 5005 682 5071 fanatici,
712 5005 997 5060 adorantes
1027 5005 1166 5060 idola
1210 5017 1265 5059 et
1295 5005 1582 5076 simulacra
1608 5022 1622 5059 :
1649 5005 1710 5060 et
1732 5021 1839 5060 non
1940 5005 2260 5076 oppremere
2289 5023 2401 5062 eos.
2449 5007 2527 5061 Illi
2559 5024 2687 5063 vero
2717 5009 2770 5061 in
2803 5007 2995 5062 timore
3015 5005 3079 5062 ac
3107 5008 3368 5063 seditione
3389 5005 3524 5062 con-

257 5076 590 5156 Deum.c(e.li
609 5091 672 5132 ac
719 5076 1019 5156 termkqui
1049 5076 1256 5130 creavit
1305 5091 1416 5156 eos.
1452 5074 1582 5156 Erat
1618 5089 1841 5156 quoque
1940 5074 2101 5156 versi,
2114 5079 2319 5156 jtemm
2350 5078 2631 5156 consilium
2659 5094 2689 5132 a
2716 5078 2986 5156 Yiomado
3007 5078 3368 5156 ex‘petierunt,
3395 5092 3525 5148 qua-

258 5091 427 5130 ueum
459 5091 582 5132 εωιι
609 5091 672 5132 ac
719 5091 898 5140 terrai,
929 5092 1019 5144 qut
1049 5091 1256 5130 creavit
1305 5091 1416 5130 eos.
1452 5091 1582 5130 brat
1618 5091 1841 5199 gnoque
1940 5093 2101 5142 versi,
2127 5091 2319 5132 itemm
2350 5091 2631 5132 consilium
2659 5094 2689 5132 a
2723 5091 2977 5132 vromaao
3007 5091 3368 5147 expetierunt,
3395 5092 3523 5148 qua-

258 5156 388 5200 tunc
430 5147 482 5201 in
533 5147 633 5201 ista
684 5155 837 5215 parte
885 5144 1178 5200 Galliarum
1215 5161 1282 5216 ex
1317 5145 1572 5216 Romanis
1664 5147 1840 5216 gtdtus
1940 5147 2062 5202 liter
2109 5149 2285 5203 facere
2335 5149 2608 5210 deberent,
2637 5157 2691 5202 et
2722 5147 2811 5201 ille
2861 5147 2997 5201 dixit
3031 5149 3150 5204 eis:
3189 5147 3368 5214 Quare
3412 5162 3523 5203 non

259 5233 355 5292 rex
395 5217 815 5292 abimperatpre
856 5216 1072 5270 missus.
1131 5215 1493 5292 Childericus_
1521 5215 1702 5285 itaque
1743 5232 1839 5271 rex
1940 5219 2258 5284 recordatis,
2287 5219 2556 5292 quomodo
2583 5216 2857 5287 eiecerunt
2887 5217 3122 5292 Romani
3142 5227 3523 5288 opprementes

260 5287 402 5341 lilius
429 5285 780 5358 Meroveché;
813 5301 936 5340 cum
965 5286 1296 5358 essetrnimis
1321 5285 1838 5358 luxu_riosus,ictire-
1940 5296 2157 5358 gentem
2194 5285 2475 5358 vestram?
2521 5285 2828 5344 Decorum
2881 5297 3025 5344 terra
3077 5285 3355 5358 ejeéérnnt
3403 5303 3520 5346 eos.

260 5305 402 5341 IIIIUS
429 5305 780 5352 uerovecno;
813 5305 936 5340 cum
965 5305 1108 5340 88881
1137 5305 1296 5340 11111115
1321 5305 1646 5350 ιιιιυτιοδυδ,
1673 5305 1728 5340 ει
1750 5305 1838 5341 re-
1974 5305 2157 5344 entem
2194 5305 2429 5343 vesuam
2455 5305 2475 5341 ἵ
2521 5305 2596 5344 ue
2641 5305 2828 5343 eorum
2881 5305 3025 5344 terra
3077 5305 3355 5358 ejecernnt
3403 5305 3520 5346 005.

257 5366 447 5427 gnaret
468 5373 659 5430 “super
705 5355 960 5430 Francos,
996 5357 1158 5430 coepit
1185 5371 1382 5430 eorum
1403 5355 1539 5409 filias
1569 5357 1840 5430 deludere
1940 5305 2050 5414 {’08
2080 5375 2207 5414 vero
2235 5357 2473 5427 cjecistis
2504 5373 2684 5430 regem
2710 5367 2972 5430 vestrum,
3004 5359 3192 5416 utilem
3221 5369 3277 5415 et
3303 5360 3520 5430 sapien-

258 5424 424 5496 atque
450 5424 767 5501 distraham.
817 5427 897 5481 Illi
923 5427 1067 5501 enim
1105 5426 1306 5496 grande
1357 5424 1542 5501 furore
1569 5426 1839 5501 hoc_indi-
1941 5437 2069 5501 tem,
2098 5438 2152 5484 et
2173 5424 2425 5485 elevastis
2453 5424 2616 5500 supe'r
2654 5445 2748 5484 vos
2774 5424 3000 5501 militem
3033 5431 3195 5486 istum
3227 5424 3519 5501 imperato-

259 5494 504 5582 gnantes,
533 5498 839 5582 _volueru_nt
866 5494 1126 5552 occidere
1139 5511 1284 5578 eum,
1314 5505 1377 5576 .et
1418 5494 1612 5563 ejicere
1654 5497 1718 5550 de
1748 5512 1838 5552 re-
1942 5499 2341 5582 [issuperbum
2373 5494 2536 5582 atque
2581 5501 2803 5582 elatum.
2856 5499 3207 5582 Nonnbonum
3233 5494 3520 5582 consilium

261 5584 388 5636 gno.
421 5568 510 5622 Ille
533 5568 647 5622 haec
677 5569 945 5634 audiens,
971 5567 1179 5622 vocavit
1222 5567 1452 5620 amicum
1502 5582 1679 5630 suum,
1708 5583 1840 5636 pru-
1941 5567 2166 5636 fecistis,
2215 5571 2309 5626 sed
2339 5567 2563 5624 nimium
2617 5571 2838 5626 malum.
2889 5571 2958 5626 Et
2984 5571 3059 5627 illi
3089 5572 3518 5636 responderunt:

262 5639 894 5712 dentenrconsiliarium,
915 5638 1131 5712 nomine
1160 5637 1474 5712 Vjomadum
1499 5637 1838 5712 ;_petiitcum
1940 5638 2157 5695 Calidus
2209 5641 2353 5696 enim
2386 5649 2505 5696 erat
2536 5642 2711 5705 nobis,
2761 5641 2989 5712 paenitet
3031 5659 3130 5697 nos
3174 5637 3288 5696 haec
3326 5640 3522 5697 fecisse

262 5723 328 5762 eo
353 5707 651 5780 consilium,
687 5711 916 5780 qualiter
951 5707 1161 5764 animus
1189 5707 1479 5780 furentium
1508 5707 1840 5780 Francorum
1941 5717 2126 5764 contra
2168 5726 2348 5780 regem
2384 5719 2644 5768 nostrum.
2690 5707 2906 5769 Utinam
2960 5713 3344 5767 meruissemus
3372 5712 3524 5765 inve—

262 5778 436 5866 possit
496 5778 754 5866 mitigari.
777 5779 960 5866 rT-unc
1006 5780 1268 5833 dederunt
1307 5779 1446 5866 inter
1493 5794 1551 5866 se
1602 5779 1834 5866 signum,
1941 5780 2060 5862 nire
2087 5778 2250 5866 eum,
2274 5790 2478 5865 etcum
2529 5798 2666 5866 pace
2705 5791 3162 5866 regnarethsnper
3187 5797 3284 5836 nos
3309 5784 3338 5864 ε,
3365 5781 3518 5863 Tunc

263 5846 498 5919 qualiter
521 5857 669 5904 certa
708 5849 902 5905 indicia
937 5865 1264 5919 cognoscere
1311 5849 1547 5912 deberet,
1579 5849 1623 5903 si
1647 5846 1714 5904 ad
1745 5863 1839 5915 pa-
1942 5851 2148 5907 amicus
2174 5853 2262 5908 ille
2302 5853 2445 5923 regis
2471 5846 2619 5910 misit
2652 5846 2864 5925 partiam
2889 5846 3082 5919 solidi;
3114 5868 3234 5922 quae
3256 5853 3408 5923 prius
3433 5851 3518 5908 in-
