3920 6310
447 283 578 342 1451

1725 267 2041 328 ANONYMI
2080 267 2354 328 SECULI
2392 269 2526 330 VIII.

445 410 642 458 stiana.
675 395 916 465 Quadam
942 395 1031 451 die
1071 393 1347 449 Dominica
1380 406 1505 448 cum
1525 389 1595 446 ad
1623 392 1916 445 missarum
1940 403 2030 444 θο-
2059 389 2110 449 Δ
2137 389 2388 444 manibus
2422 389 2638 445 vestris.
2676 388 2976 448 Audientes
3025 392 3143 449 hac
3183 391 3624 467 Burgundiones
3659 400 3742 469 qni

446 495 648 552 lemnia
673 491 1003 549 Chrotbildis
1022 490 1278 554 venisset,
1299 486 1624 542 Aurelianus
1649 486 1852 542 missus
1873 485 2037 541 Chlo—

447 588 604 644 dovei
652 585 860 656 accepit
897 594 1076 641 vestes
1107 580 1465 653 pauperculas
1500 597 1513 635 :
1544 581 1716 634 bonas
1749 592 1882 632 vero
1905 593 2060 658 ves;

445 695 547 747 tes,
578 698 714 754 quas
769 695 955 737 secum
1006 677 1270 734 detulerat
1311 676 1442 748 [At.,
1473 673 1701 728 vestitas
1725 669 2032 742 habuerat},

448 778 669 847 reliquit
695 775 970 832 sodalibus
991 775 1104 830 suis
1131 775 1186 829 in
1208 773 1377 836 silvis,
1407 777 1462 825 et
1499 777 1626 824 ante
1653 768 1896 825 ecclesiae
1915 784 2034 823 ma-

448 867 696 924 tricolam
736 867 791 921 in
849 865 1026 921 medio
1076 879 1370 936 pauperum
1429 860 1695 918 consedit.
1739 859 2036 914 Transacta

448 959 736 1014 missarum
759 956 1036 1019 solemnia,
1062 954 1393 1011 Chrothildis
1408 953 1565 1025 juxta
1592 953 2037 1008 consuetudinem

449 1050 666 1105 solitam
693 1047 858 1118 erepit
903 1047 1300 1118 eleemosynam
1341 1059 1569 1116 erogare
1598 1045 1653 1100 in
1679 1044 2032 1115 pauperibus.

447 1140 690 1210 Cumque
715 1141 782 1196 ad
835 1139 1186 1196 Aurelianum
1240 1153 1529 1209 pauperem
1584 1152 1644 1192 se
1691 1137 2038 1191 simulantem

448 1233 706 1298 venisset,
738 1247 963 1287 aureum
1005 1246 1172 1285 unum
1199 1230 1252 1284 in
1288 1245 1452 1284 manu
1481 1227 1599 1297 ejus
1627 1227 1873 1282 immisit.
1919 1226 2038 1296 Ipse

447 1341 578 1381 vero
599 1325 851 1381 osculans
879 1338 1098 1378 manum
1147 1321 1352 1391 puellae,
1404 1320 1575 1390 ipsius
1619 1319 1843 1390 pallium
1878 1328 2036 1374 caute

447 1416 694 1473 retraxit.
736 1415 867 1470 Post
891 1416 1009 1470 haec
1035 1413 1127 1468 illa
1166 1413 1409 1482 ingressa
1433 1411 1487 1465 in
1521 1409 1831 1465 cubiculum
1855 1425 2033 1476 suum,

447 1507 599 1563 misit
633 1506 884 1562 ancillam
938 1521 1091 1561 suam
1118 1518 1316 1560 vocare
1359 1503 1706 1573 peregrinum
1749 1501 1920 1555 illum.
1971 1501 2041 1556 At

449 1600 538 1655 ille
565 1599 821 1654 annulum
849 1615 880 1652 a
906 1595 1214 1653 Chlodoveo
1242 1611 1368 1666 rege
1395 1611 1557 1650 manu
1584 1603 1797 1658 tenens,
1828 1609 2040 1650 necnon

447 1702 504 1748 et
526 1693 733 1761 reliqua
764 1698 1084 1747 ornamenta
1131 1687 1398 1760 sponsalia
1439 1687 1716 1742 recondita
1743 1685 1964 1749 tenebat
1988 1685 2040 1739 in

450 1785 723 1839 sacculum
751 1799 929 1838 suum.
964 1782 1132 1849 Quem
1176 1791 1296 1850 post
1323 1779 1623 1842 discedens,
1665 1778 1720 1832 in
1747 1777 1865 1832 loco
1892 1785 2038 1832 retro
2070 1762 2116 1822 Β
2144 1787 2283 1827 rere.
2343 1773 2412 1828 Et
2465 1773 2557 1828 illa
2596 1775 2672 1829 ait
2722 1792 2736 1828 :

450 1877 652 1931 ostium
708 1890 937 1931 camerae
998 1883 1210 1932 secreto
1257 1872 1492 1943 reliquit.
1533 1871 1631 1927 Cui
1659 1871 1736 1926 ait
1761 1871 2042 1927 Chrothil-

449 1971 576 2026 dis:
624 1971 718 2025 Dic
767 1970 900 2024 mihi
948 1971 1110 2024 homo
1137 1967 1374 2038 juvenis,
1415 1984 1514 2023 cur
1557 1976 1610 2022 te
1646 1981 1938 2038 pauperem
1963 1966 2041 2022 si-

451 2061 646 2125 mulas,
679 2061 765 2115 vel
791 2075 890 2129 pro
929 2075 1034 2130 qua
1065 2065 1228 2114 causa
1281 2060 1554 2114 retraxisti
1585 2059 1807 2130 pallium
1831 2060 2045 2115 meum?

450 2152 517 2206 Et
541 2152 629 2207 ille
658 2153 795 2207 dixit
820 2171 833 2206 :
865 2153 1162 2222 Loquatur,
1191 2153 1440 2216 obsecro,
1469 2167 1660 2206 servus
1686 2163 1811 2206 tuus
1833 2159 2046 2207 secreto

452 2252 651 2297 tecum.
694 2242 792 2298 Cui
839 2242 928 2296 illa
962 2243 1061 2306 ait,
1111 2242 1376 2311 Loquere.
1420 2241 1590 2297 Orsus
1622 2242 1712 2296 ille
1739 2243 1909 2297 dixit:
1937 2243 2044 2297 Do-

452 2336 634 2390 minus
663 2349 812 2390 meus
839 2334 1178 2389 Cblodoveus
1211 2350 1304 2389 rex
1333 2333 1666 2389 Francorum
1692 2334 1840 2389 misit
1870 2350 1955 2389 me
1978 2335 2048 2390 ad

452 2439 544 2492 te;
577 2429 690 2483 vult
721 2438 772 2483 te
804 2429 904 2483 sibi
934 2429 1207 2482 associare
1233 2427 1287 2481 in
1317 2429 1578 2499 reginam.
1622 2428 1764 2484 Ecce
1815 2429 2049 2485 annulus

450 2523 586 2592 ejus,
615 2534 669 2577 et
733 2523 938 2593 reliqua
986 2532 1300 2577 ornamenta
1341 2524 1632 2593 sponsalia.
1687 2522 2051 2594 Respexitque

454 2627 600 2673 retro
625 2617 821 2671 ostium
871 2631 1119 2680 camerae,
1165 2631 1272 2669 non
1318 2616 1522 2671 invenit
1552 2615 1826 2671 sacculum
1872 2631 2047 2682 suum,

453 2717 510 2764 et
536 2707 958 2778 perterrefactus
987 2708 1056 2762 ob
1085 2708 1159 2770 id,
1194 2708 1386 2762 timere
1416 2708 1601 2777 εωρίι.
1636 2707 1728 2762 Illa
1763 2723 1892 2762 vero
1937 2708 2052 2762 sol-

448 2801 622 2864 licita,
663 2802 900 2869 undique
936 2800 1239 2870 requisivit,
1264 2800 1488 2854 dicens:
1519 2799 1653 2866 Quis
1699 2799 1820 2853 tulit
1849 2815 2055 2870 paupe-

453 2894 533 2947 ris
583 2893 741 2946 istius
791 2891 1109 2946 sacculuin?
1159 2890 1463 2961 Statimque
1510 2900 1593 2946 est
1611 2886 1900 2962 11rolatus.
1935 2891 2053 2960 Quo

457 2994 663 3055 aperto,
713 2984 915 3053 recepit
943 2983 1031 3038 illa
1068 2984 1382 3039 abscondita
1411 2991 1727 3039 ornamenta
1758 2985 2048 3055 sponsalia.

455 3078 799 3147 Acceptoque
849 3077 1068 3141 annulo,
1102 3093 1260 3147 quem
1307 3076 1646 3134 Cblodoveus
1688 3093 1785 3132 rex
1831 3079 2053 3134 miserat

454 3185 554 3242 per
623 3167 971 3224 Aurelianum
1026 3170 1265 3238 reposuit
1309 3168 1460 3224 illum
1497 3171 1550 3225 in
1596 3171 1855 3227 thesauro
1883 3187 2053 3229 avun-

461 3263 569 3317 culi
615 3262 718 3317 sui.
757 3261 1171 3332 Cblodoveoque
1228 3262 1457 3318 salutem
1507 3278 1818 3333 reprecans,
1873 3265 2054 3320 dicere

459 3358 533 3414 illi
558 3359 712 3426 jubet
745 3376 759 3413 :
801 3357 915 3414 Non
940 3359 1066 3414 licet
1085 3358 1408 3415 Christianae
1428 3375 1637 3430 pagano
1665 3362 1887 3416 nubere.
1919 3362 2055 3417 Vide

458 3453 685 3507 uthanc
733 3470 951 3509 causam
1004 3469 1165 3508 nemo
1213 3453 1430 3509 resciat.
1467 3453 1573 3508 Sed
1618 3454 1758 3509 sicut
1794 3455 2054 3512 Dominus

458 3544 601 3600 Deus
631 3563 802 3611 meus,
870 3561 1030 3616 quem
1081 3563 1181 3617 ego
1233 3562 1415 3602 coram
1465 3545 1715 3602 omnibus
1769 3546 2051 3615 conﬁteor,

458 3635 595 3701 Vult,
635 3639 712 3692 sic
767 3638 875 3692 ﬁat.
918 3639 997 3693 Tu
1024 3655 1152 3695 vero
1192 3639 1326 3694 vade
1359 3639 1409 3693 in
1448 3653 1602 3709 pace.
1633 3638 1704 3694 At
1751 3639 1841 3696 ille
1871 3655 2054 3696 rever-

456 3740 567 3788 sus,
604 3728 869 3781 nuntiavit
895 3729 1011 3784 haec
1046 3729 1263 3784 domino
1288 3747 1406 3786 suo.

458 3837 587 3892 CAP.
619 3837 732 3892 XII.
759 3869 828 3878 —
855 3839 957 3893 Ubi
986 3840 1308 3897 Chlodoveus
1334 3861 1425 3898 rea:
1478 3845 1620 3899 misit
1655 3847 1724 3900 ad
1767 3845 2055 3904 Gundoba-

761 3908 885 3961 dum
915 3928 1007 3981 pro
1035 3928 1225 3982 sponsa
1254 3929 1350 3966 sua
1377 3912 1746 3970 Chrodchilde.

527 3997 688 4069 Anno
714 3999 958 4054 insecuta
991 4001 1137 4056 misit
1163 4001 1502 4059 Cblodoveus
1531 4004 1878 4062 Aurelianum
1907 4007 2054 4080 lega-

459 4091 661 4148 tarium
690 4107 846 4148 suum
873 4092 942 4147 ad
977 4091 1368 4150 Gundobadum
1407 4111 1506 4167 pro
1535 4113 1733 4167 sponsa
1755 4114 1853 4154 sua
1882 4099 2055 4157 Chro-

459 4183 649 4241 tliilde.
689 4184 931 4241 Audiens
952 4184 1069 4240 haec
1097 4184 1482 4250 Gundobadus,
1513 4188 1742 4244 territus
1785 4190 1840 4244 in
1893 4192 2055 4248 corde

458 4287 578 4338 suo,
610 4273 732 4328 ait:
773 4273 846 4330 Ut
890 4273 1066 4330 sciant
1101 4289 1290 4331 omnes
1329 4277 1611 4334 fortissimi
1655 4280 1949 4338 consiliarii
2002 4291 2057 4339 et

460 4364 622 4419 amici
648 4364 751 4419 mei
778 4362 1186 4434 Burgundiones
1233 4367 1446 4436 qualem
1469 4371 1812 4426 occasionem
1860 4374 2056 4443 quaerit

456 4469 553 4509 rex
583 4453 922 4511 Cblodoveus
947 4458 1231 4511 adversum
1268 4473 1388 4524 nos,
1417 4460 1544 4529 quia
1582 4477 1859 4532 nunquam
1898 4464 2050 4520 novit

458 4554 676 4616 neptam
707 4561 905 4600 meam.
943 4547 1011 4601 Et
1033 4548 1109 4602 ait
1137 4548 1203 4602 ad
1229 4547 1578 4606 Aurelianum
1612 4570 1625 4605 :
1659 4553 1739 4607 Tu
1766 4555 2052 4624 explorare

457 4637 656 4692 venisti
690 4639 880 4694 domos
917 4647 1131 4696 nostras
1149 4643 1434 4697 occasione
1459 4645 1732 4714 quaerendi
1761 4645 2049 4720 [petendi].

457 4729 731 4785 Renuntia
768 4731 987 4786 domino
1015 4741 1106 4788 tuo
1139 4735 1265 4803 quia
1296 4734 1494 4791 frustra
1533 4739 1871 4793 mendacium
1901 4740 2052 4796 locn-

458 4829 550 4876 tus
569 4831 674 4887 est,
690 4837 944 4892 sponsam
968 4823 1170 4880 habere
1191 4834 1408 4896 neptam
1429 4841 1626 4882 meam.
1646 4828 1711 4882 Et
1727 4828 2054 4886 Aurelianus

460 4920 773 4968 constanter
798 4913 1039 4984 loquitur
1065 4916 1135 4979 ei,
1161 4916 1348 4972 dicens
1376 4931 1392 4971 :
1432 4918 1648 4974 Mandat
1679 4921 1774 4975 tibi
1805 4921 2053 4977 dominus

461 5017 617 5058 meus
642 5002 979 5060 Cblodoveus
1005 5022 1100 5060 rex
1126 5021 1141 5060 :
1171 5006 1228 5062 Si
1253 5008 1335 5063 vis
1364 5009 1494 5063 dare
1517 5011 1569 5066 ei
1597 5026 1848 5080 sponsam
1877 5029 2050 5081 suam,

459 5102 522 5150 ut
549 5094 727 5151 locum
760 5097 810 5152 ei
838 5113 1112 5169 praepares
1141 5100 1568 5168 denominatum,
1594 5103 1684 5158 ubi
1707 5105 1812 5171 vis,
1836 5105 2052 5176 quando

463 5186 796 5243 Chrotildem
824 5206 1076 5261 sponsam
1106 5207 1259 5248 suam
1294 5193 1537 5264 recipiat.
1572 5195 1669 5251 Sin
1719 5207 1898 5253 autem
1943 5214 2052 5254 non

461 5279 566 5344 vis,
589 5279 678 5335 ille
707 5295 829 5336 cum
860 5286 1100 5340 exercitu
1138 5284 1470 5343 Francorum
1500 5289 1556 5343 in
1585 5305 1870 5347 occursum
1899 5301 2054 5348 tuum

463 5372 653 5428 venire
671 5373 938 5444 disponet.
967 5378 1037 5432 Et
1064 5379 1154 5435 ille
1181 5381 1258 5435 ait
1283 5396 1298 5436 :
1327 5380 1646 5452 Ubicunque
1672 5385 1806 5451 vult,
1831 5386 2049 5442 veniat:

465 5473 520 5520 et
567 5481 666 5537 ego
711 5476 898 5522 contra
928 5483 1049 5523 eum
1082 5471 1160 5524 ire
1189 5471 1413 5541 dispono
1458 5489 1580 5529 cum
1622 5474 1777 5530 hoste
1820 5476 2054 5545 plurimo

462 5555 1028 5628 Burgundionum,ut
1055 5561 1277 5616 decedat
1323 5564 1479 5619 ruina
1527 5563 1645 5633 ejus
1697 5567 1765 5620 ad
1819 5565 2056 5622 interne-

465 5649 696 5716 cionem,
721 5665 880 5719 quam
904 5659 1240 5721 perpetratus
1255 5663 1338 5708 est
1361 5671 1545 5710 coram
1569 5656 1751 5712 multis
1778 5659 2048 5727 gentibus,

469 5749 520 5794 et
546 5741 850 5798 vindicetur
878 5744 1095 5814 sanguis
1124 5745 1452 5815 multorum,
1483 5748 1577 5818 qui
1622 5749 1823 5808 effusus
1865 5759 1950 5809 est
1996 5752 2054 5810 in

2079 4505 2131 4566 D

2137 489 2294 535 erant
2319 481 2614 536 consiliarii
2642 480 2775 552 ejus,
2806 492 3111 541 metuentes
3135 487 3293 542 valde
3313 489 3464 542 iram
3507 486 3743 548 Franco-

2136 587 2259 626 rum
2286 579 2343 626 et
2381 571 2672 628 Chlodovei
2698 613 2713 638 ,
2749 575 3036 631 consilium
3087 577 3355 633 dederunt
3399 577 3745 638 ϐιωᾱοδώ

2138 662 2246 736 [Αι.
2266 705 2280 729 ,
2310 663 2597 736 Gunbado]
2620 705 2635 724 .
2665 665 2907 721 dicentes
2936 682 2952 720 :
2985 668 3226 738 lnquirat
3256 686 3353 724 rex
3389 687 3428 725 a
3483 673 3744 732 ministris

2137 763 2192 810 et
2219 756 2565 812 cubiculariis
2591 756 2703 812 suis
2727 757 2977 827 publicis,
3000 760 3045 814 si
3067 776 3175 815 non
3203 760 3410 816 fuerint
3454 763 3744 834 aliquando

2138 846 2343 902 deferta
2383 847 2509 920 [Αι.,
2543 850 2825 918 deportata
2850 860 2899 903 et
2931 850 3112 923 allata]
3158 867 3388 908 munera
3449 869 3562 924 per
3611 857 3744 927 inge-

2140 940 2289 994 nium
2312 956 2342 994 a
2370 941 2643 1012 legatariis
2669 939 2958 996 Chlodovei
2984 944 3127 1014 regis
3154 960 3168 998 :
3201 953 3261 998 ut
3291 962 3403 1001 non
3440 947 3742 1004 inveniatur

2139 1033 2356 1088 occasio
2393 1049 2556 1104 super
2587 1033 2842 1104 populum
2891 1043 3042 1090 tuum
3087 1045 3143 1091 et
3192 1053 3432 1110 regnum
3497 1048 3671 1106 tuum,
3697 1051 3743 1098 ut

2140 1124 2316 1179 victor
2335 1123 2516 1179 valeas
2536 1139 2794 1196 superare
2820 1141 2966 1193 eum,
2987 1143 3053 1183 eo
3081 1131 3227 1198 quod
3254 1130 3431 1186 nimis
3463 1130 3741 1191 furibunda

2141 1223 2226 1272 est
2275 1214 2569 1272 Chlodovei
2628 1219 2892 1288 nequitia.
2950 1219 3373 1292 Burgundiones
3396 1267 3410 1288 ,
3479 1225 3622 1281 sicut
3675 1239 3743 1284 est

2142 1313 2381 1379 solitum,
2409 1312 2514 1368 hoc
2539 1313 2824 1369 consilium
2847 1313 3115 1370 dederunt
3151 1317 3265 1388 regi
3295 1333 3423 1372 suo.
3457 1318 3744 1389 Requiren-

2143 1415 2333 1475 tesque
2362 1405 2684 1460 invenerunt
2712 1405 2767 1460 in
2809 1406 3067 1462 thesauro
3093 1409 3242 1479 regis
3266 1410 3575 1473 annulum,
3596 1410 3740 1467 Cblo-

2145 1499 2301 1553 dovei
2357 1498 2711 1569 inscriptione
2762 1499 2849 1553 vel
2905 1498 3142 1569 imagine
3195 1500 3541 1570 inscriptum
3603 1500 3742 1574 [Al.,

2145 1590 2416 1660 signatum
2445 1599 2492 1644 et
2533 1589 2927 1663 insculptum].
2983 1590 3136 1645 Tunc
3181 1592 3564 1647 contristatus
3613 1594 3742 1648 valde

2149 1681 2515 1738 Gundobadus
2556 1698 2672 1749 rex,
2691 1682 2854 1753 jussit
2879 1684 3112 1753 puellam
3148 1685 3215 1740 de
3246 1686 3359 1741 hac
3386 1702 3561 1741 causa
3587 1689 3739 1758 inqui-

2790 1774 2940 1842 Scio,
2969 1777 3184 1832 domine
3225 1778 3300 1833 mi
3338 1794 3445 1834 rex
3465 1822 3483 1846 ,
3518 1790 3638 1836 ante
3661 1782 3741 1837 hos

2147 1879 2318 1920 annos
2352 1865 2448 1919 tibi
2487 1880 2587 1935 pro
2634 1881 2861 1922 munere
2912 1883 3075 1922 aurea
3113 1871 3459 1926 munuscula
3512 1889 3542 1926 a
3588 1876 3739 1929 missis

2146 1955 2438 2012 Chlodovei
2482 1956 2689 2014 deferta
2731 1958 2967 2032 [allata],
2997 1969 3052 2015 et
3099 1963 3237 2017 mihi
3298 1965 3531 2019 ancillae
3578 1978 3738 2022 vestr:

2147 2050 2405 2104 annulum
2432 2050 2487 2105 in
2515 2067 2678 2106 manu
2721 2053 2960 2122 positum
2999 2056 3314 2124 parvulum.
3373 2060 3496 2131 Ego
3543 2076 3660 2116 vero
3697 2065 3738 2116 il

2149 2143 2419 2199 thesauris
2442 2145 2639 2212 vestris
2670 2146 2844 2215 ipsum
2876 2148 3117 2202 recondi.
3165 2150 3238 2203 Et
3268 2151 3368 2207 ille
3398 2152 3540 2206 dixit
3577 2173 3589 2206 :
3623 2153 3738 2208 Sim-

2147 2235 2363 2305 pliciter
2386 2245 2441 2291 et
2467 2237 2583 2292 sine
2609 2238 2836 2293 consilio
2860 2240 2962 2294 hoc
2983 2248 3166 2295 actum
3196 2240 3327 2296 fuit.
3357 2243 3738 2316 Acceptamque

2150 2340 2269 2382 eam
2298 2343 2421 2383 cum
2449 2329 2531 2383 ira
2557 2329 2849 2386 Aureliano
2881 2331 3053 2387 misso
3071 2331 3378 2390 Chlodovei
3412 2337 3645 2392 tradidit.
3666 2337 3741 2392 [lie

2152 2430 2333 2474 autem
2380 2436 2502 2475 cum
2557 2422 2720 2478 sociis
2768 2423 2881 2479 suis
2935 2426 3147 2495 accepit
3198 2425 3584 2484 Cbrothildam
3635 2447 3745 2485 cum

2152 2530 2350 2586 magno
2377 2517 2572 2586 gaudio
2598 2525 2655 2572 et
2697 2518 2904 2585 lzetitia,
2935 2521 3391 2596 adduxeruntque
3425 2541 3542 2580 eam
3581 2527 3744 2582 Chlo-

2153 2610 2353 2674 doveo,
2388 2609 2699 2667 Suessionis
2745 2613 2962 2669 civitate
2999 2615 3053 2669 in
3100 2615 3347 2672 Francia.
3397 2617 3628 2674 Gavisus
3664 2633 3748 2677 est

2154 2709 2334 2755 autem
2363 2701 2703 2758 Cblodoveus
2732 2719 2850 2770 rex,
2873 2721 3104 2778 eamque
3134 2708 3191 2763 in
3223 2711 3631 2773 matrirnonium
3651 2715 3747 2768 sibi

2154 2793 2442 2862 copulavit.
2474 2793 2612 2852 Cum
2651 2807 2796 2851 esset
2833 2812 2956 2853 sero
3003 2800 3088 2854 die
3135 2799 3250 2869 illa,
3293 2805 3518 2873 quando
3547 2805 3745 2860 insimul

2156 2887 2384 2956 nuptiali
2416 2902 2567 2942 more
2613 2890 2934 2946 accumbere
2989 2891 3277 2958 deberent,
3315 2894 3414 2948 illa
3469 2897 3744 2966 prudentiae.

2155 2994 2266 3033 sua:
2318 2994 2471 3035 more
2523 2995 2786 3036 conversa
2831 2991 2886 3038 et
2931 2983 3133 3041 conﬁsa
3181 2987 3238 3040 in
3289 2987 3740 3054 Dominum,ait:

2157 3070 2441 3145 Deinceps,
2473 3075 2690 3131 domine
2721 3077 2795 3131 mi
2845 3093 2960 3145 rex,
2991 3080 3116 3135 audi
3166 3082 3443 3138 ancillam
3505 3095 3647 3139 tuam
3687 3085 3747 3137 lo-

2159 3174 2438 3236 quentem,
2466 3176 2521 3222 et
2564 3171 2861 3226 concedere
2905 3172 3143 3243 digneris
3170 3177 3323 3245 quod
3351 3177 3648 3248 deprecor,
3674 3195 3746 3233 aa—

2159 3267 2374 3329 tequam
2403 3259 2603 3316 famula
2643 3270 2733 3318 tua
2780 3274 2976 3320 vestra}
3021 3267 3392 3325 dominationi
3443 3287 3652 3327 coeam.
3697 3272 3747 3326 Et

2155 3367 2251 3406 rex
2281 3352 2358 3406 ait
2389 3368 2403 3407 :
2433 3353 2652 3410 Postula
2681 3357 2825 3426 quod
2850 3359 2964 3424 vis,
2989 3368 3042 3414 et
3070 3375 3172 3432 ego
3207 3362 3312 3418 tibi
3347 3366 3670 3420 concedam.
3697 3363 3748 3418 Et

2155 3443 2244 3498 illa
2280 3447 2572 3515 postulavit
2609 3449 2834 3506 dicens:
2862 3450 3102 3508 Primum
3132 3465 3260 3527 peto
3307 3465 3370 3511 ut
3423 3458 3604 3514 Deum
3653 3458 3748 3512 cteii

2155 3534 2372 3591 Patrem
2403 3538 2828 3609 omnipotentem
2861 3544 3073 3608 credas,
3091 3545 3185 3615 qui
3215 3555 3269 3601 te
3293 3550 3546 3604 creavit.
3580 3550 3749 3604 Secut-

2155 3634 2313 3701 dum,
2343 3636 2601 3692 conﬁtere
2654 3637 2942 3696 Dominum
2986 3639 3172 3696 Jesum
3224 3641 3536 3700 Christum
3588 3645 3747 3700 Filium

2154 3727 2292 3799 ejus,
2315 3730 2408 3800 qui
2436 3738 2488 3786 te
2517 3731 2766 3795 redemit,
2796 3733 3000 3804 Regem
3021 3736 3264 3790 omnium
3292 3755 3533 3810 regum,
3560 3758 3590 3795 a
3621 3742 3749 3796 Patre

2155 3823 2224 3878 de
2247 3822 2400 3879 cmlis
2449 3825 2696 3881 missum.
2727 3827 2990 3890 Tertium,
3035 3827 3301 3899 Spiritum
3333 3845 3625 3898 sanctum,
3647 3849 3750 3888 can-

2156 3913 2488 3970 ﬁrmatorem
2515 3925 2568 3970 et
2610 3915 3033 3974 illuminatorem
3059 3921 3304 3976 omnium
3333 3923 3647 3992 iustorum.
3669 3923 3748 3979 To-

2157 4015 2266 4062 tam
2314 4007 2635 4064 ineffabilem
2679 4011 3041 4080 majestatem,
3088 4011 3752 4084 omnipotentiamqueco

2156 4109 2413 4156 aeternam
2459 4117 2711 4173 agnosce,
2753 4111 2806 4157 et
2843 4105 3081 4174 agnitain
3128 4104 3310 4165 crede,
3349 4113 3408 4158 et
3462 4108 3612 4163 idola
3642 4121 3751 4160 vana

2157 4191 2489 4261 derelinque,
2539 4193 2631 4262 qui
2671 4209 2780 4248 non
2827 4204 2956 4249 sunt
3000 4193 3094 4259 dii,
3145 4195 3239 4250 sed
3291 4195 3587 4268 sculptilia
3617 4216 3753 4260 vana,

2157 4283 2491 4353 incendeque
2533 4299 2595 4339 ea
2625 4301 2637 4338 :
2667 4293 2723 4339 et
2770 4286 3032 4343 ecclesias
3076 4296 3291 4342 sanctas
3343 4306 3500 4360 quas
3555 4309 3754 4348 succea-

2157 4375 2307 4441 disti,
2327 4385 2593 4431 restaura.
2620 4377 2908 4445 Memento,
2932 4395 3134 4450 quaeso,
3153 4382 3381 4451 insuper
3401 4395 3472 4439 ut
3498 4389 3756 4456 requirere

2157 4469 2356 4524 debeas
2399 4469 2703 4538 portionem
2751 4472 3012 4542 genitoris
3049 4473 3154 4529 mei
3197 4484 3252 4529 et
3277 4477 3588 4546 genitricis
3627 4493 3757 4540 mea,

2157 4577 2294 4630 quos
2319 4561 2615 4618 avunculus
2637 4579 2788 4619 meus
2812 4565 3177 4622 Gundobadus
3201 4567 3350 4624 malo
3377 4573 3592 4628 ordine
3618 4574 3760 4626 inter-

2155 4653 2303 4710 fecit.
2346 4653 2437 4710 Sic
2473 4656 2791 4726 sanguinem
2843 4673 3030 4713 eorum
3077 4659 3342 4716 Dominus
3391 4664 3669 4720 vindicet.
3707 4662 3759 4716 Et

2155 4741 2491 4800 Cblodoveus
2518 4746 2596 4800 ait
2625 4762 2639 4800 :
2675 4747 2851 4802 Unum
2886 4757 3053 4803 restat
3093 4749 3308 4805 difﬁcile
3336 4755 3495 4822 quod
3526 4756 3688 4825 petis,
3715 4763 3761 4806 ut

2156 4833 2286 4889 deos
2311 4851 2460 4891 meos
2487 4838 2878 4908 derelinquam,
2906 4849 2961 4894 et
2983 4838 3152 4894 Deum
3180 4850 3337 4898 tuum
3371 4846 3586 4901 colam.
3619 4844 3758 4900 Aliud

2156 4941 2286 4982 vero
2326 4927 2469 4997 quod
2500 4929 2657 4999 petis,
2688 4937 2749 4984 ut
2777 4939 2985 4999 potero,
3019 4929 3235 4987 faciam.
3286 4934 3384 4990 llla
3412 4952 3561 4992 vem
3603 4939 3761 4993 dum

2157 5018 2375 5086 institit,
2396 5021 2727 5104 supplexque
2755 5023 2946 5079 iterum
2970 5025 3260 5094 postulavit
3285 5043 3299 5081 :
3323 5027 3442 5085 Hoc
3464 5033 3757 5086 maximum

2155 5113 2408 5178 obsecro,
2448 5121 2508 5167 ut
2536 5113 2824 5170 Dominum
2852 5115 3022 5172 Deum
3047 5119 3513 5190 omnipotentem,
3557 5125 3656 5195 qui
3689 5132 3760 5178 est

2157 5203 2213 5257 in
2245 5203 2423 5270 omlis,
2452 5203 2663 5259 adores.

2157 5313 2284 5372 Car.
2327 5315 2461 5370 XIII.
2495 5347 2566 5355 —
2593 5315 2748 5382 Quod
2772 5317 2963 5372 iterum
2988 5317 3313 5377 Chlodoveus
3334 5325 3484 5379 misit
3509 5326 3590 5380 ad
3625 5317 3760 5381 Gun-

2424 5387 2688 5440 dabadum
2714 5405 2808 5458 pro
2837 5389 3080 5443 thesauro
3107 5390 3483 5448 Chrodchilde.

2230 5475 2568 5533 Cblodoveus
2597 5478 2795 5532 iterum
2840 5480 2892 5534 in
2915 5479 3287 5551 Burgundiam
3314 5483 3676 5543 Auriliannm
3701 5487 3760 5542 ad

2156 5569 2549 5625 Gundobadum
2569 5570 2773 5640 dirigit,
2797 5586 2896 5639 pro
2925 5573 3181 5629 thesauro
3202 5575 3525 5633 Chrothilde
3556 5581 3759 5652 reginae

2155 5676 2290 5716 suae.
2321 5660 2684 5715 Gundobadus
2728 5677 2856 5716 vero
2881 5663 2935 5715 in
2975 5663 3056 5717 ira
3107 5677 3413 5724 commotus
3452 5671 3533 5724 ait
3570 5691 3586 5724 :
3617 5671 3753 5726 Nun-

2156 5752 2287 5824 quid
2315 5753 2371 5810 in
2421 5766 2613 5810 manus
2666 5751 2972 5811 Chlodoveo
3005 5756 3250 5814 tradetur
3278 5774 3507 5830 regnum
3543 5779 3756 5826 meum,
