3920 6310
161 364 275 425 ωδ

1254 352 1479 412 ens-rx
1515 307 1760 410 necum
1793 347 2222 407 mucosum

3236 351 3381 408 HM

1828 446 2054 502 EHERI.

1828 449 1870 502 Ε
1922 447 2054 502 ERl.
2266 469 2288 492 ι

157 563 236 613 aut
271 551 495 611 thesauri
537 549 682 606 mei?
715 545 906 604 Nonne
948 545 1249 602 obtestatus
1279 542 1356 598 l‘ui
1395 449 1699 607 tibﬁngi-g
1723 447 2069 610 ilbagtismo
2124 549 2445 592 consecrare
2503 534 2686 591 voluit.
2751 533 2905 592 Tunc
2957 549 3066 591 non
3119 534 3384 594 credebat

155 649 293 710 lianc,
314 655 492 701 utnon
514 642 725 697 venires
747 638 1048 710 ampliusin
1082 652 1249 706 regno
1271 651 1391 691 meo
1411 633 1698 704 explorare

154 736 475 797 substantiam
501 734 709 789 meam?
737 732 840 786 Per
860 731 1087 788 salutem
1107 730 1412 800 principum
1433 729 1697 794 obtestor,

154 837 200 884 et
233 843 340 884 cum
362 827 670 898 iuramento
694 821 947 893 spondeo,
978 829 1250 876 revertere
1270 820 1403 885 cito,
1429 827 1484 873 et
1510 818 1703 874 recede

150 934 180 974 a
199 934 308 975 me:
334 917 412 972 sin
439 924 641 980 autem,
672 929 772 986 ego
798 912 1115 968 interﬁciam
1154 920 1226 968 te.
1256 912 1354 968 Cui
1378 910 1703 968 Aurelianus

150 1008 418 1082 respondit,
448 1007 632 1064 dicens
663 1023 675 1058 :
705 1004 850 1061 Vivit
890 1003 1138 1058 dominus
1176 1017 1330 1057 meus
1364 1002 1702 1059 Chlodoveus

148 1119 255 1167 rex,
275 1110 324 1156 et
340 1101 602 1171 primatus
621 1097 1082 1166 magnanimorum
1104 1095 1436 1150 Francorum
1460 1095 1514 1149 in
1538 1109 1704 1165 regno

144 1198 252 1268 ejus
277 1193 347 1267 [et
368 1192 563 1252 Franci
603 1191 697 1262 qui
738 1205 861 1246 cum
912 1205 976 1245 eo
1013 1197 1157 1256 sunt,
1206 1188 1373 1260 quia],
1424 1190 1551 1259 quia
1594 1203 1704 1244 non

145 1288 297 1342 timeo
337 1285 510 1344 minas
549 1291 690 1347 tuas,
728 1281 965 1352 quandiu
1005 1281 1253 1336 dominus
1288 1295 1442 1336 meus
1478 1280 1701 1336 advivit.

142 1378 208 1432 Et
227 1377 296 1431 sic
324 1375 539 1430 mandat
565 1373 708 1428 ﬁlius
736 1381 862 1428 tuus
880 1373 1130 1443 proprius
1155 1370 1287 1446 [Al.,
1325 1371 1700 1446 propinquus],

142 1470 371 1525 dominus
421 1483 576 1523 meus
619 1465 955 1522 Chlodoveus
1007 1479 1122 1529 rex,
1175 1465 1267 1520 ubi
1310 1480 1410 1536 pro
1452 1465 1707 1521 thesauro

140 1563 314 1617 uxoris
333 1577 438 1616 suae
461 1561 692 1616 domina:
714 1574 847 1614 mea:
869 1574 991 1614 cum
1015 1558 1258 1614 exercitu
1281 1574 1378 1614 suo
1399 1559 1498 1613 tibi
1522 1574 1709 1615 occur-

140 1666 237 1710 ret.
266 1655 422 1726 lgitur
457 1653 886 1725 Burgundiones,
918 1651 1059 1706 sicut
1085 1659 1168 1706 est
1204 1649 1554 1716 consuetudo,
1584 1651 1709 1707 dato

137 1746 350 1802 consilio
367 1744 698 1801 Gundobado
720 1744 833 1814 regi
859 1757 956 1797 suo
982 1741 1236 1796 dixerunt
1267 1757 1280 1794 :
1307 1740 1384 1794 Da
1408 1749 1582 1810 nepte
1603 1749 1710 1798 tuae

136 1838 328 1908 aliquid
347 1838 409 1892 de
430 1835 685 1890 facultate
712 1833 954 1888 thesauri
977 1831 1061 1887 sui
1081 1831 1173 1900 qui
1195 1830 1247 1885 ei
1275 1831 1555 1902 contingit,
1579 1831 1705 1900 quia

1798 631 2133 688 Chlodoveus
2154 627 2438 683 Dominum
2467 625 2635 682 Deum
2659 625 2800 683 cmli.
2841 627 3046 699 Regina
3072 628 3216 684 enim
3243 643 3384 700 quo-

1801 723 1928 778 tidie
1973 721 2301 793 praedicabat
2337 733 2481 774 eum.
2525 719 2595 773 At
2637 719 2728 774 ille
2754 719 2970 776 nolebat
3007 719 3197 778 audire
3235 735 3382 779 eam.

1799 814 2009 870 Interea
2057 813 2242 885 regina
2289 819 2446 884 parat
2486 811 2554 866 ad
2607 812 2937 882 baptismum
2984 812 3178 879 ﬁlium,
3223 821 3386 869 ornat

1800 905 2084 961 ecclesiam
2109 905 2243 960 velis
2270 913 2432 974 atque
2457 903 2681 959 cortinis
2710 918 2724 958 :
2753 904 2798 958 si
2831 905 3100 974 quomodo
3123 921 3219 961 cor
3239 906 3386 977 regis

1802 997 1871 1052 ad
1907 995 2234 1052 credendum
2290 1009 2649 1066 compungere
2709 1002 2893 1064 posset
2936 993 3178 1067 [Regina
3221 1010 3383 1063 vero,

1801 1089 1945 1146 idem
1975 1097 2218 1154 tentans,
2249 1090 2430 1144 omnia
2470 1104 2589 1160 quae.
2627 1088 2696 1144 ad
2729 1087 3060 1158 baptismum
3082 1075 3388 1144 necessaria

1801 1180 2123 1237 videbantur
2151 1182 2395 1249 adornat,
2421 1181 2699 1252 ﬁliumque
2726 1181 2963 1237 velatum
2998 1189 3164 1253 atque
3190 1182 3387 1239 fascia-

1804 1280 1920 1327 tum
1946 1271 2178 1328 latenter
2196 1273 2575 1344 baptizandum
2599 1270 2778 1342 Ioll'ert,
2805 1288 2914 1342 quo
2940 1287 3007 1329 eo
3034 1273 3226 1328 melius
3247 1273 3390 1343 regis

1806 1367 2017 1421 animus
2049 1366 2115 1421 ad
2157 1366 2486 1422 credendum
2534 1364 3029 1438 compungeretur].
3079 1365 3392 1436 Baptizatus

1807 1464 1892 1512 est
1933 1464 2114 1512 autem
2136 1472 2295 1527 puer,
2326 1472 2487 1528 quem
2517 1458 2573 1512 in
2601 1457 2740 1512 albis
2780 1457 3105 1528 lngomirum
3152 1457 3388 1523 vocavit,

1807 1547 1900 1617 qui
1930 1547 1985 1601 in
2010 1547 2142 1617 ipsis
2177 1547 2318 1602 albis
2345 1547 2582 1602 transiit.
2614 1546 2731 1602 Rex
2756 1555 2937 1602 autem
2975 1547 3042 1603 de
3067 1556 3246 1603 morte
3274 1545 3393 1615 ejus

1807 1637 1972 1693 nimis
2014 1638 2397 1716 contristatus,
2452 1639 2739 1709 reputabat
2779 1638 3107 1708 increpando
3160 1638 3344 1694 dicens
3375 1654 3389 1692 :

1809 1729 1947 1798 Quia
1969 1731 2014 1786 si
2036 1731 2092 1785 in
2133 1732 2350 1787 nomine
2376 1729 2603 1786 deorum
2630 1746 2877 1787 meorum
2901 1731 3178 1787 dedicatus
3204 1730 3396 1787 fuisset

1809 1837 1964 1891 puer,
1995 1821 2221 1877 vixisset
2245 1823 2452 1892 utique.
2477 1821 2614 1888 Quia
2642 1823 2698 1876 in
2736 1821 2953 1877 nomine
2981 1821 3078 1876 Dei
3103 1823 3272 1877 vestri
3299 1821 3396 1877 ba-

135 1929 215 1985 sic
241 1944 352 1984 esse
383 1929 590 2000 justum
615 1926 944 1981 decernitur.
991 1924 1309 1993 Habeasque
1336 1922 1512 1980 foedus
1538 1934 1592 1980 et
1620 1942 1709 1996 ρει.
1735 1908 1784 1970 Β
1810 1916 2041 1985 ptizatus
2060 1924 2160 1982 est,
2190 1915 2375 1970 vivere
2393 1931 2499 1970 non
2527 1915 2721 1986 potuit.
2753 1915 2958 1987 Regina
2984 1929 3117 1970 vero
3142 1915 3394 1970 dicebat:

136 2037 253 2078 cem
284 2036 399 2076 cum
429 2018 736 2074 Chlodoveo
776 2025 831 2072 et
863 2024 1021 2088 gente
1054 2015 1415 2082 Francorum;
1457 2033 1527 2072 ne
1571 2017 1714 2074 forte

135 2113 338 2166 irruaut
381 2111 435 2164 in
487 2117 688 2164 terram
725 2116 987 2172 nostram,
1019 2106 1146 2177 quia
1178 2105 1406 2177 populus
1435 2105 1711 2162 ferocissi—

131 2217 255 2256 unus
295 2209 374 2256 est
419 2199 651 2273 [validus
679 2207 734 2255 et
775 2197 922 2254 ferus
969 2196 1097 2270 est],
1153 2198 1270 2254 sine
1309 2197 1421 2252 Deo
1448 2199 1709 2255 existens.

127 2295 466 2364 Audiensque
491 2311 679 2351 eorum
706 2295 991 2351 consilium
1016 2293 1412 2359 Gundobadus,
1446 2291 1592 2349 dedit
1617 2305 1714 2363 per

128 2403 320 2441 manus
343 2385 621 2444 Auriliano
643 2389 710 2443 ad
723 2396 935 2457 partem
955 2386 1261 2442 Chlodoveo
1280 2387 1571 2441 maximam
1591 2402 1713 2458 par-

127 2489 238 2533 tem
264 2493 326 2533 ex
348 2480 598 2534 thesauro
628 2494 747 2544 suo,
774 2489 829 2533 et
850 2478 1233 2549 supellectilem
1261 2478 1712 2548 pretiosissimam

124 2579 299 2638 nepttc
348 2585 457 2624 suae
511 2568 841 2625 Chrotbildae
888 2570 1089 2640 reginae
1137 2569 1455 2625 transmisit.
1503 2568 1714 2624 Aurum

123 2679 338 2734 quoque
363 2662 589 2717 multum
609 2671 665 2718 et
692 2671 994 2734 argentum,
1019 2661 1484 2731 fabricaturasque
1505 2663 1714 2732 specio-

120 2756 384 2819 sissimas,
417 2754 638 2809 tradens
663 2753 860 2824 legato,
901 2753 1013 2808 ait:
1052 2751 1192 2821 Quid
1223 2761 1391 2809 restat
1418 2752 1586 2819 aliud,
1610 2753 1715 2808 nisi

1814 2006 1925 2061 Deo
1954 2008 2154 2079 gratias
2184 2022 2282 2078 ago
2328 2008 2452 2078 quia
2483 2023 2571 2062 me
2599 2023 2704 2062 non
2733 2009 2888 2063 duxit
2925 2008 3201 2079 indignam
3227 2015 3291 2062 ut
3333 2007 3399 2063 de

1813 2108 1970 2154 utero
1999 2115 2120 2154 meo
2144 2099 2561 2170 primogenitum
2587 2100 2641 2153 in
2689 2114 2855 2170 regno
2902 2114 3000 2155 suo
3041 2100 3285 2170 recipere
3313 2099 3397 2154 di-

1814 2199 2088 2262 gnaretur.
2121 2190 2234 2261 Ego
2278 2198 2459 2245 autem
2487 2190 2694 2245 nullum
2722 2190 2964 2247 dolorem
2989 2191 3044 2246 in
3085 2192 3249 2247 corde
3269 2207 3400 2248 meo

1813 2295 1913 2350 pro
1925 2282 2027 2336 hac
2046 2296 2206 2336 causa
2228 2280 2453 2335 retineo.
2472 2279 2665 2336 Postea
2680 2295 2811 2336 vero
2831 2282 3017 2352 genuit
3028 2281 3190 2337 alium
3207 2281 3396 2350 ﬁlium,

1815 2388 1976 2443 quem
2003 2373 2337 2442 baptizatum
2365 2371 2770 2428 Chlodomirum
2791 2375 3026 2429 vocavit.
3051 2373 3120 2429 Et
3152 2375 3242 2429 hic
3273 2390 3399 2431 cum

1815 2470 2079 2535 aagrotare
2098 2463 2371 2534 cmpisset,
2393 2463 2532 2517 dixit
2554 2478 2649 2518 rex
2677 2482 2690 2516 :
2709 2462 2825 2518 Non
2855 2471 3034 2534 potest
3057 2464 3201 2520 aliud
3219 2465 3322 2520 nisi
3344 2473 3403 2520 ut

1815 2558 1883 2613 de
1930 2557 2036 2611 isto
2083 2555 2162 2611 sic
2204 2556 2276 2611 sit
2317 2556 2586 2626 quomodo
2621 2554 2724 2610 fuit
2769 2564 2826 2611 et
2873 2557 2940 2612 de
2969 2556 3137 2612 fratre
3164 2557 3315 2628 ejus,
3344 2563 3403 2611 ut

1814 2647 2117 2719 baptizatus
2133 2648 2188 2702 in
2211 2648 2429 2702 nomine
2446 2647 2542 2702 Dei
2562 2646 2727 2702 vestri
2753 2646 2860 2702 cito
2880 2648 3164 2702 moriatur.
3189 2647 3297 2702 Sed
3315 2646 3404 2702 hic

1815 2749 2007 2796 orante
2029 2741 2236 2811 regina,
2259 2749 2315 2794 et
2334 2740 2546 2794 Domini
2597 2741 2970 2796 misericordia
3016 2747 3401 2810 praecurrente,

120 2858 194 2904 ut
223 2865 376 2905 omne
401 2864 626 2920 regnum
655 2864 836 2903 meum
867 2863 988 2904 cum
1014 2847 1320 2904 Cblodoveo
1349 2847 1624 2903 dividam?
1648 2847 1712 2902 Et

1820 2832 2023 2902 recepit
2048 2832 2356 2885 sanitatem.
2388 2830 2593 2901 Regina
2615 2846 2832 2902 quoque
2860 2847 2966 2886 non
2993 2831 3244 2886 cessabat
3262 2843 3406 2900 pra:-

119 2942 265 2997 dixit
307 2941 372 2995 ad
410 2940 749 2995 Aurilianum
778 2958 790 2994 :
822 2940 1053 2996 Reverte
1110 2940 1179 2994 ad
1213 2939 1490 2995 dominum
1539 2947 1712 3005 tuum,

1820 2923 2002 2978 dicare
2027 2936 2212 2993 regem
2241 2931 2303 2976 ut
2331 2921 2502 2976 Deum
2522 2935 2710 2975 verum
2741 2920 2964 2986 coleret,
2996 2927 3053 2976 et
3100 2920 3244 2975 idola
3289 2933 3407 2990 qua:

119 3032 254 3102 quia
280 3031 444 3087 habes
472 3031 616 3101 quod
642 3030 692 3085 ei
723 3029 956 3096 deferas,
987 3045 1214 3085 munem
1248 3029 1418 3083 multa
1446 3043 1566 3098 qua;
1608 3043 1718 3083 non
1819 3015 2030 3071 colebat
2056 3030 2197 3069 vana
2227 3013 2647 3084 derelinqueret.
2673 3013 2782 3068 Sed
2807 3013 2954 3068 nullo
2982 3013 3143 3069 modo
3167 3013 3406 3068 animum

118 3125 430 3180 laborastis.
466 3123 534 3178 Et
574 3123 649 3178 ait
676 3123 986 3178 Aurilianus
1014 3141 1027 3177 :
1061 3122 1232 3178 Filius
1271 3131 1397 3178 tuus
1425 3129 1507 3176 est
1546 3120 1718 3176 domi-
1819 3110 1940 3181 eius
1967 3109 2034 3163 ad
2057 3107 2388 3164 credendum
2415 3121 2755 3162 commovere
2774 3108 2967 3176 patuit.
2999 3107 3171 3162 donec
3191 3107 3405 3161 tandem

119 3233 236 3271 nus
267 3231 416 3272 meus
443 3214 780 3272 Cblodoveus
810 3232 906 3272 rex
936 3231 950 3270 :
984 3216 1165 3271 omnia
1195 3223 1379 3271 vestra
1408 3212 1717 3270 communia
1822 3200 2112 3272 aliquando
2138 3198 2338 3255 bellum
2365 3205 2554 3253 (δοίητε
2581 3198 2914 3254 Alamannos
2938 3196 3251 3267 Suevosque
3293 3213 3409 3252 m0-

118 3317 308 3364 erunt.
341 3309 408 3365 Et
450 3307 704 3363 dixerunt
729 3309 1000 3378 sapientes
1044 3306 1484 3379 Burgundionum
1511 3320 1524 3360 :
1559 3304 1721 3360 Vivat
1747 3288 1794 3353 C
1823 3303 1997 3359 νϐΐει,
2032 3294 2085 3349 in
2109 3307 2216 3363 quo
2245 3291 2557 3363 compulsus
2574 3298 2660 3347 est
2677 3289 2924 3347 conﬁteri
2953 3305 3115 3362 quem
3139 3299 3297 3347 amca
3321 3305 3409 3346 ne-

118 3420 228 3460 rex
253 3405 343 3475 qui
370 3403 503 3458 tales
527 3404 691 3459 habet
715 3402 900 3458 leodos
921 3401 1054 3475 [Αι.,
1082 3400 1313 3474 leudos].
1340 3400 1718 3470 Reversusque

118 3503 214 3551 est
260 3493 572 3549 Aurilianus
617 3510 741 3549 cum
782 3494 1053 3549 thesauris
1105 3493 1286 3548 multis
1337 3492 1405 3547 ad
1442 3492 1719 3547 dominum

115 3603 284 3643 suum
329 3587 384 3642 in
423 3587 729 3642 Franciam.
779 3585 1116 3642 Chlodoveus
1166 3600 1296 3640 vero
1340 3601 1435 3640 rex
1486 3584 1720 3640 habebat

116 3694 256 3737 tunc
281 3681 449 3736 ﬁlium
476 3681 542 3737 de
569 3680 888 3747 concubina,
919 3680 1138 3734 nomine
1163 3678 1579 3734 Theudericum.

113 3775 258 3832 CAP.
282 3775 422 3832 XIV.
448 3806 520 3816 —
547 3774 626 3828 De
644 3775 1016 3846 prwdicatione
1055 3773 1423 3846 Chrodchildis
1455 3775 1524 3828 ad
1553 3771 1718 3829 Chlo-

414 3844 653 3910 doveum,
679 3855 735 3898 ut
756 3844 944 3916 Regem
973 3862 1150 3916 regum
1180 3845 1428 3901 crederet.

195 3935 255 3991 ln
281 3935 386 3991 illis
409 3935 597 3991 diebus
621 3935 864 3990 dilatavit
892 3935 1231 3993 Chlodoveus
1264 3936 1598 4008 ampliﬁcans
1632 3950 1719 3992 re-

109 4044 292 4100 gnum
341 4044 499 4084 suum
549 4043 719 4097 usque
784 4025 1108 4097 Sequanam.
1161 4027 1419 4099 Sequenti
1477 4037 1718 4100 tempore

107 4141 298 4200 usque
324 4125 516 4196 Ligere
542 4122 703 4178 ﬁuvio
727 4121 1030 4193 occupavit.
1056 4121 1384 4192 Accepitque
1408 4121 1718 4178 Aurilianus

107 4232 368 4281 castrum
407 4215 860 4280 Milidunensium,
893 4228 1055 4284 quem
1091 4213 1147 4267 in
1193 4213 1446 4267 ducatum
1487 4213 1713 4284 accepit.

104 4311 387 4384 Concepit
407 4323 536 4365 vero
554 4316 610 4363 et
626 4303 976 4369 Cbrothildis,
998 4302 1314 4374 peperitque
1336 4301 1525 4365 ﬁlium,
1554 4318 1714 4372 quem

1827 3395 2068 3459 gaverat.

1823 3496 1954 3554 Car.
1970 3495 2370 3552 XV.—Bellum
2392 3505 2577 3553 contra
2596 3495 2942 3562 Alamannos,
2969 3495 3059 3551 ubi
3087 3495 3410 3552 Chlodoveus

1894 3569 2198 3623 necessitate
2231 3568 2526 3639 compulsus
2553 3585 2729 3623 verum
2758 3568 2926 3622 Deum
2950 3567 3152 3623 invocat
3173 3569 3230 3623 in
3249 3567 3412 3639 adju-

1894 3641 2052 3706 torio,
2083 3647 2130 3693 et
2158 3656 2190 3692 a
2218 3637 2398 3694 sancto
2437 3637 2688 3694 Remedio
2725 3639 3040 3710 baptizatur.

1894 3747 2121 3804 Factum
2152 3755 2236 3804 est
2253 3757 2455 3815 autem,
2484 3748 2812 3804 bellantibus
2829 3748 2973 3803 inter
2999 3762 3058 3804 se
3080 3747 3412 3804 Francorum

1821 3839 2065 3896 exercitu
2094 3856 2218 3896 cum
2252 3839 2589 3907 Alamannis,
2621 3847 2684 3894 ut
2707 3838 3002 3895 Cblodovei
3029 3839 3300 3895 exercitus
3329 3839 3413 3894 ni-

1822 3933 1928 3988 mis
1957 3942 2253 3990 corruerat.
2297 3932 2611 3988 Aurilianus
2660 3932 2874 3988 intuens
2920 3946 3124 4003 regem,
3156 3932 3231 3986 ait
3262 3948 3275 3986 :
3305 3931 3412 3987 Do-

1823 4027 1968 4081 mine
2014 4026 2086 4081 mi
2134 4041 2251 4093 rex,
2297 4025 2458 4082 crede
2503 4023 2876 4081 tantummodo
2925 4023 3212 4079 Dominum
3267 4023 3411 4089 cmli,

1823 4136 1984 4190 quem
2029 4119 2245 4174 domina
2283 4135 2404 4173 mea
2434 4117 2768 4174 Chrothildis
2797 4115 2984 4186 regina
3013 4116 3292 4185 praedicat.
3323 4114 3416 4169 llle

1823 4225 1954 4265 vero
1980 4209 2202 4265 elevatis
2243 4208 2311 4263 ad
2337 4208 2533 4263 centum
2575 4208 2767 4273 oculis,
2813 4213 3116 4261 commotus
3159 4205 3414 4276 lacrymis

1821 4304 1897 4358 ait
1923 4321 1936 4356 :
1961 4301 2090 4358 Jesu
2118 4301 2351 4369 Christe,
2374 4317 2536 4373 quem
2564 4299 2896 4357 Chrotbildis
2924 4299 3111 4372 regina
3135 4314 3255 4354 mea
3275 4312 3414 4370 prte-

1373 4391 1609 4449 CODEX
1640 4391 2186 4450 CAMERACENSIS.

187 4493 335 4550 XIV.
365 4492 444 4547 Eo
465 4498 709 4560 tempore
733 4486 978 4560 dilatavit
1006 4483 1447 4560 Cblodovechus,
1473 4483 1710 4560 ampliﬁ-
1741 4491 1794 4552 Ι)
1815 4501 1947 4560 vero
1967 4485 2152 4556 genuit
2173 4483 2353 4560 aliunr
2365 4482 2556 4560 ﬁlium,
2587 4497 2748 4555 quem
2795 4482 3129 4560 baptizatum
3175 4479 3410 4560 Chlodo-

99 4582 251 4624 cans
281 4577 514 4635 regnum
540 4555 698 4635 suum
722 4573 894 4635 usque
921 4555 1541 4635 Sequanatn._Sequenti
1567 4555 1712 4635 tem-

101 4653 254 4710 pore
283 4625 463 4706 usque
494 4632 696 4710 Ligure
717 4625 879 4710 ﬁuvio
902 4625 1203 4697 occupavit.
1242 4625 1574 4710 Accepitque
1613 4628 1724 4710 ΔΛιι-

103 4699 358 4764 i-ilianus
374 4699 623 4758 'castru'm
649 4700 1089 4761 Malidunensem,
1119 4711 1444 4766 omnemque
1467 4699 1720 4752 ducatum

98 4776 366 4847 regionis
387 4774 560 4847 istius.
580 4771 731 4847 Tunc
751 4770 996 4838 concepit
1011 4766 1388 4847 Chrodchildis
1402 4784 1469 4823 ex
1491 4767 1723 4823 Chlodo—

100 4839 240 4911 νεῖ),
274 4856 335 4902 et
351 4844 562 4914 peperit
583 4841 770 4914 ﬁlium,
786 4855 944 4914 quem
968 4853 1092 4914 cum
1111 4839 1379 4914 baptismo
1404 4853 1724 4914 consecrare

99 4907 307 4974 vellet.
326 4907 445 4971 Non
461 4915 605 4968 enim
627 4907 878 4968 credebat
892 4925 987 4964 rex
1004 4907 1289 4981 Dominum
1303 4908 1493 4981 Deum.
1516 4907 1723 4981 Regina

96 4991 268 5044 enim
295 4985 545 5057 quotidie
571 4983 898 5057 praedicabat
925 4995 1068 5057 eum,
1100 4988 1156 5057 et
1181 4978 1270 5034 ille
1293 4980 1508 5057 nolebat
1537 4978 1724 5036 audire

95 5075 265 5114 canL
297 5049 515 5112 l'nterea
542 5049 726 5124 regina
748 5060 910 5124 parat
928 5052 995 5124 ad
1010 5049 1338 5124 baptismum
1361 5050 1548 5113 ﬁlium,
1563 5059 1726 5124 ornat

94 5129 421 5202 ecclesiam
437 5125 570 5180 velis
592 5121 764 5192 atque
779 5121 1003 5202 cortinis
1024 5135 1038 5173 :
1062 5121 1340 5202 quomodo;
1363 5135 1458 5202 cor
1486 5121 1627 5192 regis
1655 5121 1725 5175 ad

94 5217 133 5254 (τ
145 5199 469 5254 redendum
483 5191 922 5264 compungerent.
941 5191 1251 5264 Baptizatus
1263 5198 1347 5264 est
1366 5206 1430 5264 au
1438 5198 1546 5245 tem
1561 5191 1720 5264 puer,

93 5285 288 5341 quem
324 5269 382 5322 in
411 5266 547 5341 albis
574 5261 896 5341 lngomirem
919 5261 1135 5341 vocavit
1167 5279 1179 5314 :
1210 5261 1300 5341 qui
1327 5261 1391 5341 in
1411 5262 1556 5331 ipsas
1575 5262 1726 5318 albas

92 5331 409 5410 :i'grotans
437 5337 597 5410 obiit.
613 5331 726 5410 Pro
743 5348 851 5402 quo
874 5347 979 5410 rex
991 5331 1151 5410 nimis
1170 5331 1543 5410 contristatus,
1567 5348 1727 5402 repu-

93 5401 275 5466 tabat
299 5406 655 5478 increpando,
670 5401 862 5478 dicens
894 5421 913 5478 ε
939 5401 1075 5478 Quia
1101 5401 1229 5478 siin
1259 5402 1477 5478 nomine
1501 5401 1724 5478 deorum

93 5494 386 5535 meorum
419 5472 552 5548 puer
583 5476 862 5548 dedicatus
887 5472 1096 5548 fuisset,
1115 5472 1338 5548 vixisset
1362 5473 1570 5544 utique.
1589 5472 1726 5540 Quia

97 5552 164 5606 iu
199 5543 444 5604 nomine
464 5547 559 5602 Dei
587 5547 754 5602 vestri
783 5545 1088 5616 baptizatus
1116 5543 1432 5616 cst,vivere
1470 5543 1589 5598 non
1630 5559 1727 5615 p0-

93 5621 243 5676 tuit.
274 5619 496 5690 Regina
521 5632 651 5690 vero
678 5613 932 5690 dicebat:
966 5613 1075 5668 Deo
1103 5615 1304 5685 gratias
1329 5630 1450 5690 ago,
1482 5616 1609 5690 quia
1632 5613 1727 5672 me

91 5707 224 5746 non
264 5687 437 5744 duxit
471 5688 763 5757 indignam,
797 5697 857 5741 ut
882 5687 949 5741 de
982 5693 1137 5740 utero
1165 5702 1284 5758 meo
1306 5687 1724 5758 primogenitum

89 5763 158 5832 in
184 5775 391 5832 regno
412 5773 508 5814 suo
529 5759 768 5832 recipere
797 5758 1048 5832 dignatus
1067 5766 1167 5812 est.
1201 5757 1313 5832 Ego
1359 5766 1541 5832 autem
1579 5757 1726 5832 nullo

89 5827 324 5888 dowr'e
354 5831 416 5887 in
438 5828 602 5885 corde
629 5842 750 5883 meo
770 5827 875 5891 pro
893 5830 997 5884 hac
1018 5843 1180 5885 causa
1211 5829 1438 5885 retineo.
1462 5827 1594 5886 Post
1610 5829 1727 5884 haec

1825 4551 2034 4626 mirum
2050 4556 2282 4610 vocavit.
2313 4555 2383 4609 Et
2409 4555 2498 4610 hic
2525 4551 2649 4626 cum
2677 4551 2942 4626 aegrotare
2971 4552 3246 4626 cmpisset,
3275 4551 3413 4626 dixit

1825 4643 1920 4683 rex
1947 4645 1959 4681 :
1992 4625 2109 4681 Non
2135 4634 2315 4697 potest
2339 4625 2624 4697 aliud,nisi
2639 4635 2709 4697 Aet
2731 4623 2800 4680 de
2825 4625 2929 4697 isto
2951 4624 3028 4678 sic
3049 4623 3122 4697 sit
3142 4623 3412 4697 quomodo

1823 4698 1926 4753 fuit
1955 4700 2022 4754 de
2052 4693 2222 4752 fratre
2249 4699 2383 4768 ejus,
2419 4706 2480 4751 ut
2505 4695 2812 4768 baptizatus
2839 4695 2894 4749 in
2943 4694 3159 4768 nomine
3195 4693 3412 4768 Christi

1822 4771 1990 4824 vestri
2033 4769 2139 4824 cito
2181 4763 2464 4824 moriatur.
2513 4763 2620 4822 Sed
2659 4774 2851 4821 orante
2880 4766 3084 4836 regina,
3112 4772 3168 4819 et
3195 4763 3410 4836 Domini

1824 4841 2194 4896 misericordia
2222 4846 2609 4909 praecurrente,
2636 4837 2842 4908 recepit
2865 4835 3172 4909 sanitatem.
3206 4835 3412 4906 Regina

1823 4926 1955 4966 vero
1983 4926 2090 4966 non
2116 4905 2366 4966 cessabat
2392 4908 2690 4980 praedicare
2720 4905 2902 4980 regem
2928 4905 3182 4980 utheum
3220 4905 3410 4980 verum

1825 4981 2049 5046 coleret,
2071 4990 2128 5036 et
2162 4980 2305 5035 idola
2344 4974 2484 5034 vana
2527 4993 2647 5048 quae
2671 4974 2886 5034 colebat
2913 4978 3261 5046 relinqueret.
3303 4974 3412 5031 Sed

1824 5052 1972 5106 nullo
1994 5053 2153 5106 modo
2178 5051 2417 5106 animum
2444 5049 2562 5117 ejus
2591 5050 2658 5103 ad
2701 5049 3028 5104 credendum
3067 5061 3410 5102 commovere

1823 5131 2056 5193 poterat,
2089 5121 2260 5193 donec
2290 5121 2508 5176 tandem
2529 5119 2818 5190 aliquando
2846 5118 3046 5193 bellum
3065 5128 3255 5173 contra
3281 5118 3409 5193 Ala-

1826 5189 2054 5248 mannos
2083 5191 2396 5260 Suevosque
2435 5189 2746 5246 moveretur
2799 5208 2812 5244 :
2867 5190 2922 5246 in
2961 5204 3069 5262 quo
3101 5189 3411 5262 compulsus

1825 5272 1909 5318 est
1927 5263 2170 5333 conﬁteri
2202 5278 2364 5333 quem
2401 5270 2527 5316 ante
2549 5268 2862 5332 negaverat.

1895 5333 2013 5389 XV.
2044 5331 2269 5404 Factum
2291 5341 2374 5388 est
2396 5340 2598 5398 autem,
2614 5331 2980 5404 pugnantibus
3004 5331 3145 5387 inter
3163 5348 3222 5388 se
3242 5331 3412 5404 Fran-

1827 5419 2014 5460 corum
2059 5413 2116 5459 et
2160 5403 2584 5475 Alamannorum
2611 5403 2872 5475 exercitu,
2901 5413 2962 5458 ut
2987 5404 3216 5475 populus
3247 5403 3414 5475 Chio:

1827 5475 2050 5530 dovechi
2078 5475 2239 5529 nimis
2266 5475 2506 5529 caderet.
2535 5473 2849 5530 Aurilianus
2878 5477 2993 5531 haec
3014 5473 3224 5541 videns,
3241 5475 3316 5529 ait
3342 5473 3412 5530 ad

1826 5561 2010 5616 regem
2046 5560 2060 5599 :
2098 5545 2326 5600 Domine
2363 5547 2436 5599 mi
2469 5560 2595 5612 rex,
2623 5547 2785 5600 crede
2821 5547 3191 5601 tantummodo
3225 5545 3410 5616 Deum

1827 5614 1948 5673 cmli
1977 5632 2137 5689 quem
2187 5616 2373 5689 regina
2425 5624 2515 5671 tua
2559 5617 2834 5689 praedicat.
2881 5617 2984 5689 Ille
3017 5614 3412 5689 verogelevatis

1827 5689 1893 5759 ad
1949 5683 2142 5742 emtum
2181 5683 2352 5743 oculis
2375 5727 2391 5752 ,
2417 5683 2718 5744 commotus
2765 5687 3020 5759 lacrymis
3068 5685 3242 5759 dixit:
3279 5683 3411 5742 Jesu

1826 5757 2062 5823 Christe,
2090 5774 2249 5826 quem
2295 5759 2670 5816 Chrodchildis
2706 5775 2845 5815 uxor
2868 5757 2985 5813 mea
3011 5757 3270 5827 praedicat
3292 5771 3414 5814 esse

1828 5828 2028 5885 Filium
2063 5827 2160 5884 Del
2209 5827 2448 5903 vivi,qui
2502 5830 2758 5888 subvenis
2801 5831 2858 5885 in
2903 5827 3287 5892 tribulatione.
3315 5827 3409 5894 qui
