3920 6310
509 410 650 469 “39

1734 332 2050 441 ᾸΝΟΝῩΜΙ
2087 373 2365 435 ειιιριιιι
2401 371 2534 430 VIII.

3681 354 3795 410 ιιιι

507 532 629 582 esto
656 516 790 576 mihi
811 513 1068 578 revelare,
1105 517 1166 566 ut
1192 507 1362 566 sciam
1390 504 1438 562 si
1465 501 1732 575 propitius
1758 496 1894 554 mihi
1917 495 1994 550 sis
2018 493 2095 548 fa-
2118 493 2176 554 Δ
2199 504 2355 559 equo,
2489 500 2624 582 enni
2657 481 2948 552 reciperet;
3639 474 3794 582 meo

511 575 660 671 ﬁlo
684 618 796 665 tuo.
818 575 1170 664 Venientibus
1199 607 1379 654 autem
1402 593 1588 666 pueris
1612 591 1681 646 ad
1703 587 1848 646 beati
1881 584 2099 640 Martini
2200 597 2372 653 equus
2399 579 2490 635 ille
2513 575 2821 671 nullatenus

515 704 822 768 ecclesiam,
849 715 973 756 cum
1000 697 1066 752 ad
1101 697 1218 765 ipsa
1239 691 1427 747 limina
1460 686 1775 742 introissent
1799 678 2100 753 [pervenis-

521 803 686 877 sent],
699 792 1290 873 primicerius'ecclesire
1299 793 1440 846 hanc
1457 787 1807 856 antiphonam
1821 780 2099 853 imposuit,

523 873 743 954 dicens:
775 886 1110 946 Praecinxisti
1134 899 1241 950 me,
1277 880 1523 943 Domine,
1557 875 1624 931 ad
1649 873 1869 938 bellum,
1896 878 1953 928 et
1977 885 2104 940 sup-

517 983 774 1059 plantasti
809 982 1147 1049 insurgentes
1185 975 1240 1030 in
1274 988 1362 1028 me
1389 971 1580 1026 subtus
1605 981 1729 1022 me:
1762 971 1817 1020 et
1857 962 2104 1018 inimico-

520 1056 641 1133 rum
669 1087 912 1130 meorum
943 1069 1138 1124 dedisti
1180 1065 1311 1122 mihi
1347 1062 1595 1124 dorsum,
1633 1067 1688 1113 et
1733 1056 1979 1111 odientes
2017 1067 2106 1107 me

523 1163 906 1238 disperdidisti.
932 1160 1084 1229 Quod
1103 1154 1446 1229 psallentium
1468 1159 1526 1206 ut
1549 1148 1858 1211 audierunt,
1876 1141 2108 1238 Domino

521 1233 723 1333 gratias
747 1262 988 1327 agentes,
1015 1251 1237 1306 dimisso
1263 1246 1338 1302 ibi
1375 1259 1515 1313 equo
1544 1239 1720 1310 regis,
1763 1245 1816 1291 et
1843 1233 1947 1333 alia
1983 1248 2106 1287 mu-

519 1326 650 1408 nera
678 1326 868 1411 multa,
895 1360 1019 1401 cum
1042 1341 1228 1398 lzetitia
1254 1345 1310 1394 et
1336 1332 1695 1393 exsultatione
1719 1326 2110 1382 nuntiaverunt

520 1443 654 1513 regi.
687 1440 820 1496 Cum
851 1437 1088 1494 venisset
1106 1441 1287 1488 autem
1317 1443 1414 1485 rex
1437 1425 1504 1481 ad
1527 1423 1748 1478 fluvium
1775 1420 2109 1474 Vincennam

521 1511 642 1588 cum
689 1531 933 1588 exercitu
966 1543 1085 1594 suo,
1113 1526 1170 1580 in
1199 1538 1306 1594 quo
1340 1521 1461 1576 loco
1489 1531 1612 1573 eum
1636 1514 1836 1568 vadare
1865 1511 2108 1573 deberet,

523 1643 628 1683 non
659 1625 985 1682 inveniebat.
1016 1619 1377 1675 lnundaverat
1397 1613 1542 1669 enim
1571 1626 1602 1663 a
1630 1604 1975 1663 multitudine
1997 1601 2111 1671 plu-

525 1718 754 1771 viarum.
806 1715 1244 1784 Deprecatusque
1268 1713 1354 1762 est
1388 1701 1677 1759 Dominum
1720 1706 1783 1752 ut
1819 1697 1870 1751 ei
1914 1695 2111 1749 vadum

2936 572 3127 628 movit.
3157 570 3350 627 Atille
3383 570 3471 624 ait
3497 587 3515 623 :
3553 568 3693 624 Date
3714 569 3797 626 illis

2203 675 2339 730 alios
2382 679 2602 728 centum
2645 666 2863 725 solidos.
2877 661 3144 735 tumque
3189 663 3330 718 alios
3381 661 3610 718 solidos
3647 662 3798 718 dedis-

2203 775 2346 832 sent,
2373 764 2558 821 statim
2601 763 2717 832 ipse
2742 774 2913 830 equus
2943 757 3150 813 solutus
3175 755 3331 811 abiit.
3367 753 3541 808 Tunc
3582 769 3707 808 cuni
3731 754 3801 810 hr-

2204 861 2327 916 titia
2355 873 2450 914 rex
2475 858 2589 912 ait:
2624 856 2763 912 Vere
2791 855 2983 910 beatus
3010 850 3277 906 Martinus
3302 850 3497 904 bonus
3529 857 3623 903 est
3652 849 3704 902 in
3727 865 3802 902 au-

2207 951 2358 1016 xilio,
2389 949 2482 1004 sed
2511 963 2669 1002 carus
2699 946 2753 1000 in
2776 945 3011 1015 negotio.
3048 942 3132 996 Ab
3161 940 3474 996 Anastasio
3496 939 3801 1010 imperatore

2208 1043 2416 1114 accepit
2439 1051 2568 1097 tunc
2587 1021 2866 1095 codicillos
2885 1035 3228 1092 Ghlodoveus
3250 1049 3355 1088 rex
3376 1048 3490 1102 pro
3515 1033 3797 1088 casulam.

2209 1137 2413 1193 Tunica
2441 1134 2643 1189 blattea
2676 1131 2896 1186 indutus
2926 1144 3024 1182 rex
3057 1127 3113 1182 in
3139 1125 3378 1181 basilica
3405 1125 3564 1180 beati
3591 1123 3797 1190 Martini,

2209 1241 2408 1281 corona
2433 1237 2594 1277 aurea
2619 1221 2672 1274 in
2709 1218 2885 1289 capite
2913 1231 3010 1270 suo
3035 1233 3048 1268 :
3079 1229 3312 1270 ascenso
3347 1229 3532 1284 equo,
3564 1225 3801 1269 aurumet

2210 1324 2490 1387 argentum
2519 1314 2573 1368 in
2600 1312 2820 1375 atrium,
2851 1308 2994 1378 quod
3029 1315 3111 1362 est
3150 1307 3300 1360 inter
3329 1307 3632 1361 civitatem
3660 1317 3708 1360 et
3730 1324 3799 1362 ec-

2212 1407 2428 1462 clesiam
2454 1402 2598 1458 beati
2625 1399 2860 1464 Martini,
2880 1405 3146 1467 praesente
3171 1396 3385 1466 populo
3411 1412 3589 1450 manu
3615 1400 3796 1467 propria

2212 1496 2411 1568 sparsit
2435 1490 2744 1566 [erogavit],
2768 1498 2928 1559 atque
2958 1488 3236 1542 voluntate
3273 1487 3683 1556 benignissima
3707 1489 3795 1541 db-

2211 1585 2474 1660 pensavit.
2521 1583 2602 1638 Ab
2631 1598 2696 1637 ea
2724 1581 2810 1635 die
2835 1588 3094 1648 tanquam
3119 1577 3316 1632 consul
3341 1586 3404 1631 et
3433 1578 3708 1647 Augustus
3734 1587 3794 1632 est

2216 1679 2531 1751 appellatus.
2566 1676 2642 1730 De
2672 1674 2900 1729 Toronis
2933 1679 3112 1726 autem
3151 1683 3448 1742 egressus,
3478 1669 3713 1725 Parisios
3737 1673 3793 1724 ci-

524 1768 854 1871 ostenderet,
884 1768 941 1858 et
969 1810 1126 1858 nocte
1157 1768 1250 1854 illa
1274 1797 1474 1852 ibidem
1496 1793 1618 1847 fuit.
1651 1790 1807 1845 Mane
1829 1796 2009 1842 autem
2034 1785 2115 1839 fa-
2148 1854 2190 1871 ὴ
2214 1777 2438 1830 Vitalem
2464 1773 2706 1838 Veniens.
2736 1771 2810 1826 ibi
2837 1770 3022 1825 sedem
3059 1769 3210 1840 regni
3241 1771 3335 1824 sui
3375 1768 3684 1823 constituit.

526 1907 638 1963 cto,
668 1912 827 1954 cerva
853 1896 1005 1949 mira:
1028 1888 1415 1961 magnitudinis
1441 1893 1567 1940 ante
1600 1898 1694 1939 eos
1720 1881 1815 1936 Dei
1838 1880 2115 1936 voluntate

2232 1890 2349 1946 CAP.
2366 1882 2847 1943 XVlll.—Bellum
2877 1880 3154 1963 Chlodovei
3175 1888 3369 1934 contra
3396 1877 3792 1951 Bagaeum-in

529 1989 709 2064 [nutu]
749 1987 1056 2060 precedens
1084 1983 1283 2039 vadum
1322 1978 1582 2036 ostendit.
1631 1975 1832 2044 lllaque
1865 1973 2115 2036 vadante,

526 2081 756 2154 populus
799 2094 1014 2150 quoque
1063 2090 1295 2147 sequens
1340 2072 1576 2128 vadavit.
1626 2068 1888 2125 Veniente
1937 2073 2119 2120 autem

527 2189 656 2246 rege
685 2173 826 2244 apud
845 2170 1082 2227 Pictavis
1106 2168 1401 2232 civitatem,
1429 2166 1556 2220 dum
1582 2161 1768 2232 procul
1795 2162 1862 2215 ab
1889 2158 2120 2214 ecclesia

527 2266 702 2323 sancti
731 2265 922 2320 Hilarii
948 2262 1184 2318 tentoria
1213 2259 1440 2321 fixisset,
1469 2271 1532 2311 ea
1561 2262 1719 2309 nocte
1742 2254 1944 2323 pharus
1965 2252 2120 2322 ignea

529 2357 765 2433 [igneus]
780 2373 848 2413 ex
866 2370 929 2411 ea
949 2357 1100 2410 visus
1128 2361 1212 2410 est
1238 2351 1434 2406 exisse.
1450 2347 1715 2418 Apparuit
1739 2357 1931 2413 nempe
1959 2357 2124 2413 super

530 2452 646 2521 ipsa
683 2450 915 2505 tentoria
938 2449 993 2502 in
1022 2445 1284 2502 auxilium
1310 2441 1620 2498 Chlodoveo
1641 2437 1754 2507 regi
1777 2451 1899 2491 cum
1921 2434 2146 2489 virtute

529 2543 674 2599 beati
712 2543 924 2598 Hilarii.
952 2540 1216 2608 Praecepit
1251 2553 1382 2607 ergo
1419 2544 1548 2590 tunc
1591 2548 1688 2588 rex
1717 2532 1860 2587 hosti
1907 2545 2027 2596 suo,
2063 2535 2126 2584 ut.

530 2651 631 2690 nec
659 2635 857 2699 cibum,
889 2649 992 2689 nec
1015 2632 1125 2686 ulla
1154 2629 1420 2700 stipendia
1444 2627 1510 2682 de
1547 2626 1664 2696 ipso
1687 2639 1827 2695 pago
1852 2623 2123 2687 tollerent,

530 2740 706 2797 neque
731 2727 894 2782 etiam
921 2724 1114 2795 spolia.
1147 2721 1489 2778 Chlodoveus
1510 2726 1688 2772 autem
1722 2731 1820 2771 rex
1856 2729 1979 2770 cum
2004 2713 2128 2767 Ala-

532 2821 647 2875 rico
675 2834 799 2888 rege
825 2817 1126 2872 Gothorum
1159 2815 1213 2869 in
1239 2828 1430 2882 campo
1449 2809 1737 2882 Vogladise
1767 2807 1875 2881 [ΑΙ.
1895 2849 1910 2874 ,
1936 2805 2129 2862 Vocla-

536 2907 782 2981 dinense]
808 2921 969 2976 super
1003 2905 1224 2960 ﬂuvium
1249 2903 1474 2968 Clinno,
1525 2901 1778 2957 milliario
1819 2899 2030 2955 decimo
2058 2898 2128 2954 ab

533 3004 669 3059 urbe
695 3003 914 3058 Pictava
940 2999 1210 3057 convenit.
1248 2998 1464 3068 lllisque
1500 2996 1642 3052 inter
1676 3011 1735 3052 se
1768 3009 2131 3065 compugnan-

539 3097 706 3161 tibus,
737 3095 900 3151 Gothi
936 3109 1058 3150 cum
1095 3109 1225 3164 rege
1271 3107 1372 3148 suo
1418 3091 1584 3145 nimis
1624 3089 1826 3146 collzesi
1876 3084 2128 3162 [collisi]

539 3198 688 3259 terga
719 3193 1017 3252 verterunt,
1053 3193 1109 3239 et
1140 3184 1477 3239 Chlodoveus
1522 3197 1618 3237 rex
1641 3221 1656 3246 ,
1703 3181 1846 3235 sicut
1887 3179 2128 3244 solebat,
2155 3215 2208 3281 ο

537 3281 714 3335 victor
754 3278 982 3334 exstitit.
1024 3277 1267 3348 Cumque
1301 3274 1578 3330 Alaricum
1627 3272 1977 3338 interficeret,
2025 3271 2132 3327 duo

538 3372 702 3430 Gothi
725 3387 847 3428 cum
871 3372 1048 3446 contis
1073 3386 1198 3426 eum
1223 3386 1290 3426 ex
1315 3369 1542 3424 adverso
1571 3367 1626 3422 in
1649 3366 1818 3422 latere
1846 3365 2130 3421 ferierunt.

541 3467 647 3523 Sed
675 3475 897 3538 propter
920 3465 1147 3521 loricam
1188 3479 1296 3534 qua
1341 3462 1561 3518 indutus
1589 3467 1708 3514 erat
1736 3474 1846 3514 non
1870 3459 2135 3516 livorave-

545 3569 673 3616 runt
709 3574 831 3614 eum
863 3557 1019 3631 [nihil
1046 3557 1096 3611 ei
1122 3553 1471 3627 nocuerunt].
1501 3553 1766 3609 Dominus
1809 3552 1954 3606 enim
1984 3550 2138 3622 adju-

539 3650 702 3704 vabat
726 3664 848 3704 eum
878 3650 934 3702 in
979 3648 1188 3703 cunctis
1225 3663 1346 3718 quae
1386 3647 1598 3719 agebat.
1649 3645 1914 3700 Maximus
1953 3651 2137 3700 autem

540 3750 672 3796 tunc
703 3741 777 3795 ibi
806 3739 1174 3794 Arvernorum
1201 3741 1460 3811 populus,
1511 3739 1605 3809 qui
1647 3755 1770 3794 cum
1811 3739 2137 3810 Apollonare

543 3832 681 3887 duce
706 3837 948 3893 venerat,
979 3832 1186 3884 corruit
1211 3831 1266 3884 in
1293 3831 1470 3902 gladio
1499 3830 1854 3895 Francorum,
1891 3846 2013 3886 cum
2044 3845 2134 3886 se-

545 3924 826 3982 natoribus
857 3924 1063 3978 multis.
1090 3923 1166 3978 De
1194 3925 1296 3980 hac
1320 3940 1500 3994 pugna
1527 3923 1830 3979 Amalricus
1850 3924 2022 3978 evasit
2041 3939 2139 3994 per

543 4018 751 4088 fugam,
769 4016 910 4070 filius
929 4015 1150 4082 Alarici,
1171 4024 1227 4070 et
1248 4016 1300 4069 in
1325 4015 1542 4085 Spaniis
1565 4014 1884 4087 [Hispaniis]
1912 4030 2138 4086 regnum

543 4109 714 4183 patris
735 4110 818 4165 sui
848 4110 1118 4180 sagaciter
1143 4109 1366 4178 recepit.
1395 4107 1736 4164 Chlodoveus
1761 4117 1942 4163 autem
1964 4107 2140 4164 Theo-

548 4203 791 4260 dericum
819 4201 987 4256 [ilium
1015 4217 1172 4257 suum
1195 4216 1292 4273 per
1328 4200 1641 4257 Albiensem
1666 4207 1721 4256 et
1750 4200 1981 4256 Rotinus
2008 4199 2139 4256 civi-

547 4304 716 4352 tatem
741 4295 808 4350 ad
835 4292 1140 4350 Arvernum
1167 4293 1371 4366 dirigit.
1405 4292 1505 4360 Qui
1543 4308 1803 4364 pergens,
1829 4308 2018 4348 omnes
2041 4307 2137 4346 ur-

546 4388 643 4443 bes
668 4387 787 4442 illas
813 4402 843 4440 a
873 4385 1069 4441 ﬁnibus
1094 4384 1396 4441 Gothorum
1419 4399 1592 4456 usque
1621 4384 1987 4455 Burgundiam
2018 4384 2142 4438 sub-

546 4478 771 4550 iugavit,
799 4487 852 4531 et
876 4478 929 4531 in
948 4484 1271 4548 potestatem
1291 4476 1462 4546 patris
1485 4477 1568 4532 sui
1592 4475 1848 4532 restituit.
1875 4473 2140 4546 Regnavit

2773 1962 3039 2025 parentem
3069 1968 3247 2005 suum.

2293 2069 2508 2141 (Greg.,
2537 2067 2628 2120 lib.
2668 2081 2734 2131 ιι,
2780 2082 2828 2119 c.
2879 2063 3008 2132 42.)
3053 2063 3263 2117 Deinde
3295 2073 3794 2120 commotnscoltn

2223 2159 2657 2233 Ragnacharium
2693 2155 2834 2230 [Al.,
2866 2154 3278 2226 Ragneharium
3311 2165 3362 2207 et
3396 2153 3795 2226 Regnahariun]

2224 2260 2503 2327 parentem
2530 2263 2706 2304 suum.
2741 2247 2872 2302 Erat
2898 2254 3079 2300 autem
3101 2241 3219 2315 ipse
3246 2245 3678 2316 Ragnacharius
3692 2247 3799 2315 apud

2225 2346 2582 2402 Camaracum
2629 2339 2901 2396 civitatem
2944 2337 3164 2394 effrenis
3207 2338 3265 2391 in
3307 2337 3558 2392 luxnria.
3599 2338 3802 2393 Habebat

2225 2451 2441 2510 quoque
2484 2435 2851 2493 consiliarium
2889 2433 3107 2488 nomine
3143 2431 3427 2487 Faronem
3474 2433 3642 2486 simili
3679 2449 3806 2502 sptu-

2227 2531 2355 2587 citia
2377 2529 2720 2584 lutulentum.
2753 2524 2888 2581 Cum
2913 2525 3056 2579 enim
3089 2524 3304 2594 aliquid
3340 2527 3582 2579 muneris
3607 2534 3706 2579 aut
3724 2525 3812 2579 cibi

2228 2623 2278 2678 ei
2301 2620 2497 2676 'deferti
2519 2625 2721 2682 essent,
2761 2615 3010 2671 dicebat:
3042 2612 3168 2669 Sint
3193 2616 3301 2670 ista
3318 2615 3460 2678 mihi,
3483 2623 3538 2667 et
3565 2629 3690 2668 meo
3713 2614 3818 2667 Fa-

2227 2712 2347 2768 roni
2381 2710 2711 2767 consiliario.
2745 2708 2851 2762 Pro
2877 2722 2983 2777 qua
3009 2721 3178 2762 causa
3217 2707 3471 2776 indignati
3496 2704 3707 2759 Franci
3731 2705 3819 2774 qui

2228 2811 2384 2860 erant
2409 2818 2532 2858 cum
2568 2817 2653 2867 eo,
2682 2798 3096 2855 consentiebant
3118 2796 3463 2860 Chlodoveo,
3484 2811 3816 2851 murmurm-

2229 2903 2313 2950 tes
2341 2908 2466 2949 eum
2493 2893 2752 2948 adversus
2782 2888 3243 2962 Ragnacharium.
3275 2887 3556 2957 Deditque
3575 2889 3656 2943 eis
3679 2887 3810 2942 Chio

2231 2987 2432 3042 doveus
2460 2983 2727 3054 stipendia
2753 2997 2850 3052 pro
2885 2981 2988 3036 hac
3023 2994 3208 3042 causa,
3259 2978 3488 3033 balteos
3513 2987 3574 3032 et
3597 2977 3814 3032 amella

2233 3076 2560 3134 assimilatas
2585 3078 2652 3132 de
2676 3090 2831 3141 auro,
2862 3072 2956 3129 sed
2982 3073 3048 3128 de
3085 3074 3232 3127 intus
3262 3089 3522 3128 teramen
3549 3084 3605 3129 et
3624 3087 3812 3144 caprum

2237 3168 2368 3242 [Al.,
2398 3167 2666 3240 cobrium]
2695 3175 2814 3222 erat
2838 3165 3182 3231 deauratum,
3211 3165 3318 3220 sub
3345 3165 3482 3221 dolo
3510 3164 3812 3234 factum,pro

2237 3276 2459 3316 munere
2502 3260 2750 3316 leudibus
2791 3257 3174 3328 Ragnacbarii,
3204 3257 3458 3326 qualiter
3486 3274 3649 3328 super
3676 3259 3808 3327 ipsum

2236 3352 2529 3408 invitarent
2555 3367 2700 3407 eum.
2739 3348 3022 3405 Commoto
3049 3346 3406 3402 Chlodoveus
3441 3349 3690 3403 exercitu
3710 3363 3807 3402 con.

2236 3454 2320 3501 tra
2344 3443 2782 3516 Ragnacharium
2810 3449 3093 3512 parentem
3121 3455 3304 3507 suum,
3337 3441 3504 3496 misit
3538 3441 3806 3512 Μαθὼ-

2239 3540 2353 3596 rius
2402 3537 2769 3608 speculatores
2816 3534 2884 3589 ad
2936 3532 3379 3603 cognoscendum
3402 3573 3420 3598 ,
3479 3534 3802 3603 interimam,

2237 3629 2391 3700 cujus
2412 3637 2554 3684 esset
2581 3627 2756 3682 hostis
2784 3623 2987 3694 major?
3033 3623 3138 3690 Qui
3183 3622 3532 3695 interrogati
3562 3622 3802 3694 κερδὼ»

2239 3732 2368 3778 runt
2393 3720 2749 3777 mentientes:
2790 3715 2912 3773 Tibi
2937 3725 3021 3771 est
3049 3714 3264 3778 fortior,
3287 3723 3350 3770 et
3373 3723 3477 3771 tuo
3505 3717 3694 3771 Faroni
3711 3730 3804 3768 ei»

2238 3815 2463 3871 siliario.
2489 3813 2781 3869 Venientes
2818 3817 2997 3864 autem
3027 3807 3377 3863 Cblodoveus
3426 3817 3488 3864 et
3528 3809 3802 3878 "Ragnaclu-

2238 3908 2352 3962 rius
2377 3905 2445 3961 ad
2472 3920 2728 3977 pugnam,
2758 3901 3077 3971 fortiterque
3103 3902 3248 3955 inter
3273 3916 3336 3956 se
3368 3903 3701 3971 prmliantes,
3729 3900 3803 3954 lla-

2240 3997 2569 4070 gnacharins
2592 4010 2792 4051 caesum
2814 4008 3042 4050 cernens
3066 3993 3380 4047 exercitum
3429 4010 3600 4049 suum
3617 4037 3632 4059 ,
3665 3993 3803 4062 figat

2241 4092 2450 4147 nititur.
2480 4087 2588 4144 Sed
2631 4089 2698 4142 ab
2737 4085 2870 4157 ipsis
2913 4084 3272 4139 traditoribus
3297 4088 3740 4155 comprehensas,
3763 4085 3806 4133 h-

2239 4183 2380 4256 gatis
2399 4198 2433 4251 _a
2469 4189 2623 4252 tergo
2653 4179 2925 4244 manibus,
2968 4191 3075 4232 una
3102 4191 3228 4231 cum
3259 4176 3541 4233 Richario
3569 4177 3721 4232 fratre
3739 4188 3809 4229 sm

2241 4273 2548 4331 Chlodoveo
2585 4277 2961 4342 prmsentatur.
2991 4266 3091 4323 Cui
3127 4267 3268 4322 dixit
3307 4267 3700 4325 Chlodoveus:
3733 4268 3812 4322 Car

2242 4365 2539 4422 bumiliasti
2560 4373 2778 4436 gentem
2804 4369 3069 4427 nostram,
3087 4367 3148 4414 ut
3168 4367 3220 4414 te
3249 4359 3459 4416 vinciri
3479 4359 3815 4433 permitteres!

2243 4457 2431 4515 Nonne
2459 4457 2651 4513 melius
2683 4455 2781 4509 tibi
2828 4452 2991 4508 fuerit
3014 4452 3196 4508 mori?
3229 4452 3301 4506 Et
3327 4453 3558 4511 elevata
3608 4458 3820 4527 bipenne.

550 4547 715 4645 igitur
750 4547 994 4628 Alaricus
1033 4573 1191 4627 annis
1235 4571 1342 4638 42;
1381 4571 1720 4628 Chlodoveus
1750 4587 1963 4642 quoque
2001 4573 2141 4643 apud
2164 4579 2219 4642 D
2247 4555 2301 4610 in
2328 4561 2490 4624 caput
2515 4549 2630 4620 eius
2659 4547 2877 4645 deﬁxit,
3002 4553 3265 4645 mortuus
3283 4554 3398 4601 est.
3437 4547 3820 4617 ϐοητετεῦεειιὲ

551 4663 988 4730 Burdigalensem
1033 4660 1140 4734 [ΑΙ.
1163 4706 1178 4728 ,
1215 4661 1624 4734 Burdalensem]
1663 4663 1935 4718 civitatem
1971 4670 2143 4718 totam

551 4757 781 4810 hiemem
832 4754 1052 4810 resedit.
1103 4753 1410 4809 Thesauros
1458 4770 1589 4808 vero
1635 4754 1901 4824 plurimos
1941 4754 2142 4810 Alarici

552 4847 692 4914 regis
719 4845 785 4898 dc
813 4843 1047 4899 Tliolosa
1078 4844 1320 4909 abstulit,
1345 4859 1642 4914 omnesque
1664 4846 1828 4900 urbes
1853 4845 1972 4899 illas
2002 4845 2144 4900 acci-

553 4936 725 5020 piens,
758 4935 1098 4990 Ecolosinam
1129 4935 1404 4991 civitatem
1432 4937 1674 5001 veniens,
1704 4944 1909 4991 tantam
1940 4937 1990 4991 ei
2020 4951 2148 5007 gra-

557 5028 685 5080 tiam
738 5028 875 5082 Deus
909 5028 1170 5094 contulit,
1217 5036 1276 5083 ut
1307 5029 1358 5083 in
1395 5028 1513 5097 ejus
1541 5030 1831 5083 adventum
1861 5030 2000 5084 muri
2027 5028 2146 5098 ejus

559 5117 796 5174 funditus
839 5129 1171 5175 corruerent.
1220 5119 1524 5174 lnterfectis
1553 5135 1768 5190 quoque
1815 5119 2007 5174 Gothis
2052 5119 2144 5189 qui

559 5209 752 5264 ibidem
781 5222 952 5278 erant,
981 5213 1153 5282 ipsam
1187 5213 1376 5266 urbem
1424 5209 1798 5280 apprehendit.
1847 5209 2025 5281 Atque
2070 5210 2144 5267 ita

557 5305 702 5358 omni
728 5313 870 5359 terra
893 5323 1082 5362 eorum
1108 5305 1414 5375 subjugata,
1444 5305 1498 5358 in
1527 5303 1823 5359 Santonico
1851 5303 1983 5376 [Αι.,
2015 5302 2149 5358 San-

560 5397 740 5470 toneo]
786 5399 869 5452 vel
913 5399 1295 5472 Burdigalense
1333 5396 1573 5454 Francos
1613 5397 1870 5469 praecepit
1904 5412 2146 5464 manere,

563 5491 624 5544 ad
651 5489 930 5544 defendam
957 5489 1255 5546 Gothorum
1278 5500 1492 5562 gentem
1511 5487 1712 5561 (Greg.,
1737 5489 1827 5544 lib.
1859 5505 1924 5554 ιι,
1951 5505 2000 5543 c.
2031 5487 2144 5559 58).

564 5584 761 5640 Deinde
802 5583 1034 5638 Turonis
1061 5586 1334 5640 civitatem
1380 5599 1666 5650 reversus,
1714 5581 1884 5638 multa
1925 5597 2150 5638 munera

564 5676 796 5732 basilicae
833 5677 974 5733 beati
1003 5676 1218 5731 Martini
1253 5678 1460 5733 tribuit.
1495 5679 1674 5747 Equus
1697 5690 1848 5741 vero,
1873 5689 2032 5744 quem
2055 5690 2151 5728 an-

565 5778 648 5825 tea
678 5771 746 5825 ad
775 5770 944 5840 ipsam
975 5769 1260 5826 ecclesiam
1290 5770 1688 5834 transmiserat,
1719 5767 1862 5822 illius
1901 5766 2154 5822 matrico-

564 5860 717 5921 [ariis
755 5863 914 5921 datus
944 5872 1046 5922 est.
1088 5863 1182 5920 ille
1225 5877 1356 5920 vero
1402 5869 1619 5918 centum
1669 5859 1869 5916 solidos
1904 5873 2006 5926 pro
2034 5857 2152 5925 ipso

2245 4651 2313 4707 ad
2342 4649 2565 4703 fratrem
2592 4644 2727 4715 ejus,
2759 4643 2870 4698 ait:
2910 4640 2969 4697 Si
3011 4648 3070 4696 tu
3108 4639 3368 4696 solatium
3410 4641 3582 4699 fratri
3611 4657 3701 4699 tuo
3721 4657 3826 4713 pr:-

2242 4743 2474 4805 buisses,
2502 4737 2593 4794 ille
2620 4737 2816 4808 ligatus
2835 4749 2944 4789 non
2972 4731 3183 4787 fuisset.
3209 4730 3492 4788 Similiter
3518 4743 3580 4790 et
3610 4734 3825 4805 ipsumsi:

2244 4834 2420 4903 capite
2457 4845 2775 4902 percussum
2823 4827 3130 4892 interfecit,
3177 4835 3231 4882 et
3282 4836 3554 4884 mortuus
3584 4838 3686 4884 est.
3733 4826 3828 4882 Post

2244 4933 2472 4980 mortem
2501 4937 2711 4986 eorum,
2762 4927 3149 4992 cognoscentes
3179 4919 3488 4975 traditores
3536 4937 3727 4976 comm
3759 4933 3830 4971 za-

2246 5031 2391 5081 rum,
2421 5015 2565 5084 quod
2595 5030 2626 5068 a
2661 5011 2968 5069 Chlodoveo
3011 5019 3372 5082 acceperant,
3411 5029 3544 5068 esse
3573 5015 3826 5071 vitiatus.

2247 5111 2499 5167 dixerunt
2527 5109 2631 5164 hoc
2656 5108 2790 5178 regi.
2826 5105 2942 5160 Rex
2967 5115 3148 5160 autem
3175 5106 3550 5175 respondens,
3584 5110 3718 5164 dixit
3739 5107 3826 5160 eis:

2247 5204 2440 5260 Merito
2463 5202 2568 5257 tale
2595 5215 2788 5255 aurum
2810 5199 2969 5254 debet
2990 5197 3253 5268 accipere,
3269 5199 3365 5268 qui
3386 5199 3684 5256 dominum
3703 5210 3830 5253 sana

2248 5297 2316 5352 ad
2342 5302 2573 5351 mortem
2599 5292 2782 5347 tradit.
2818 5289 3062 5347 Sufficiat
3087 5291 3239 5348 vobis
3267 5291 3443 5345 vitam
3475 5289 3832 5346 tantummod»
3918 5313 3920 5332 ε

2249 5391 2450 5446 habere
2477 5399 2814 5450 concessam,
2847 5397 2916 5438 ne
2961 5383 3103 5440 inter
3146 5389 3423 5453 tormenta
3453 5381 3747 5437 deﬁciatis.
3775 5376 3832 5431 lli

2251 5491 2432 5538 autem
2456 5478 2573 5533 haec
2602 5475 2882 5531 audientes
2899 5515 2913 5538 ,
2960 5474 3190 5545 gratiam
3215 5480 3269 5527 et
3310 5472 3485 5528 vitam
3512 5471 3835 5529 soluimus-19

2251 5573 2510 5644 optabant
2533 5570 2732 5626 habere
2755 5566 3028 5637 adeptam,
3059 5568 3162 5622 hoc
3185 5565 3284 5622 sibi
3306 5565 3565 5622 sufficere
3596 5566 3833 5621 dicentes-

2252 5665 2493 5721 Fuerunt
2538 5669 2720 5717 autem
2764 5657 3076 5730 supradicto
3125 5658 3505 5727 Ragnachario
3555 5667 3833 5729 parentes:

2254 5775 2482 5832 quorum
2506 5754 2674 5810 frater
2695 5751 3058 5823 Regnemirus
3075 5749 3454 5823 [Rignemiris]
3470 5752 3701 5806 nomine
3717 5744 3836 5819 api

2253 5848 2615 5915 Cenomanuis
2645 5842 2919 5902 civitatem
2945 5840 3170 5912 iubente
3196 5841 3508 5900 Chlodoveo
3528 5857 3667 5912 rege
3691 5841 3836 5897 ista“
