3920 6310
110 353 212 414 1441

1127 345 1356 406 GESTA
1391 341 1637 401 REGUM
1669 340 2120 402 FRANCORUM.

3160 339 3305 398 1443

106 473 242 529 fectus
263 478 346 527 est.
370 470 568 539 Quibus
595 472 825 529 mortuis
858 468 943 527 vel
967 468 1263 540 peremptis
1280 507 1295 534 ,
1323 479 1485 522 omne
1529 477 1620 518 re-
1646 467 1700 530 Α
1725 462 1853 517 dum
1878 462 1945 517 ad
1972 466 2188 517 sanctos
2215 457 2454 530 Agaunis
2476 456 2705 530 fugeret,
2733 464 3052 514 consecutus
3078 463 3164 514 est
3180 473 3307 515 eum

105 579 232 636 gnum
256 577 414 619 eorum
442 573 498 620 et
519 565 802 620 thesauros
828 562 1166 620 Chlodoveus
1190 558 1418 629 accepit.
1447 555 1617 610 Inter-

103 653 312 725 fectisque
348 656 524 712 multis
549 667 605 713 et
642 659 854 731 magnis
893 657 1141 729 regibus,
1182 653 1265 708 vel
1299 650 1618 724 parentibus

102 749 206 813 suis,
228 759 329 820 post
354 751 461 806 haec
483 754 666 809 omnia
691 762 938 811 mortuus
960 760 1044 807 est
1072 750 1408 806 Chlodoveus
1439 763 1535 801 rex
1563 746 1618 801 in

99 858 219 913 pace,
243 852 289 898 et
312 845 538 915 sepultus
565 856 648 902 est
676 847 731 901 in
758 846 980 903 basilica
1004 842 1173 900 sancti
1203 841 1347 896 Petri
1368 836 1616 910 apostoli,

97 949 230 1004 quam
251 935 347 1005 ipse
366 935 445 991 vel
468 937 654 1008 regina
676 952 774 992 sua
800 935 1200 992 aediﬁcaverant
1225 930 1402 1002 (Greg.
1431 929 1521 983 lib.
1551 944 1612 993 ιι,

95 1041 132 1078 c.
158 1023 255 1096 45).
282 1023 503 1081 Mortuus
524 1036 607 1082 est
625 1035 805 1082 autem
830 1041 971 1082 anno
995 1024 1028 1079 5
1049 1031 1334 1095 postquam
1355 1035 1478 1076 cum
1497 1019 1621 1073 Ala-

93 1117 188 1172 rico
227 1130 333 1188 rege
375 1116 668 1174 Gothorum
715 1118 990 1190 pugnavit.
1046 1115 1418 1187 Regnavitque
1463 1110 1622 1168 simul

93 1208 223 1262 annis
249 1208 325 1264 30.
353 1208 396 1263 Α
421 1211 648 1265 transitu
677 1211 849 1266 sancti
876 1209 1091 1265 Martini
1127 1222 1295 1278 usque
1323 1206 1392 1261 ad
1419 1204 1621 1259 transi-

93 1307 186 1353 tum
202 1298 458 1356 Chlodovei
479 1301 622 1372 regis
633 1299 854 1356 fuerunt
866 1301 992 1356 anni
1016 1301 1039 1354 1
1050 1299 1135 1354 12.
1152 1296 1483 1354 Chrothildis
1495 1309 1624 1351 vero

46 1432 52 1478 ί
91 1390 248 1460 regina
285 1399 393 1461 post
422 1399 650 1447 mortem
689 1392 790 1446 viri
839 1392 920 1447 sui
949 1390 1178 1446 Toronis
1205 1388 1476 1444 civitatem
1512 1385 1624 1478 fre-

49 1481 56 1486 ’
87 1494 288 1554 quenter
317 1500 554 1556 pergens,
588 1485 654 1540 ad
683 1484 961 1540 basilicam
991 1483 1131 1537 beati
1175 1479 1389 1536 Martini
1431 1477 1624 1533 diutis-

87 1577 204 1631 sime
225 1587 557 1644 commorata,
585 1577 812 1634 Domino
837 1575 1124 1640 serviebat,
1155 1582 1210 1630 et
1237 1571 1476 1628 Parisius
1501 1583 1626 1624 raro

89 1667 330 1722 visitabat.

83 1779 198 1862 CAP:
370 1811 438 1820 —
465 1781 539 1836 De
561 1791 722 1835 morte
746 1780 1114 1863 Chlodouei,‘et
1129 1779 1258 1863 quid
1281 1775 1627 1863 quatuorlﬁlii

143 1851 324 1973 ejusin
351 1869 502 1923 regno
530 1861 920 1906 successerunt:
950 1859 999 1904 et
1027 1851 1090 1904 de
1118 1845 1396 1916 Danis’qui
1418 1849 1473 1901 in
1501 1845 1630 1901 Gal-

162 1938 234 1976 tas
255 1932 469 1976 trruunt.

145 2035 331 2108 (Greg.,
355 2036 442 2091 lib.
475 2052 558 2104 ιιι,
587 2053 635 2091 c.
669 2037 806 2110 1-5.)
836 2037 1001 2108 Igitur
1020 2044 1141 2107 post
1166 2045 1398 2093 mortem
1424 2035 1522 2090 viri
1549 2035 1632 2091 sui

79 2125 344 2182 Chlodovei
372 2127 529 2198 regis,
549 2136 781 2198 quatuor
801 2127 892 2183 ﬁlii
913 2126 1049 2197 ejus,
1067 2128 1458 2195 Theudericus,
1480 2127 1637 2184 Chlo-

78 2218 318 2280 domirus,
367 2216 740 2275 Childebertus
779 2227 834 2275 et
877 2218 1214 2288 Chlotarius,
1248 2235 1474 2290 regnum
1519 2219 1637 2290 ejus

76 2308 354 2362 diviserunt
377 2310 675 2379 aequaliter.
717 2310 960 2374 Habebat
989 2327 1202 2382 quoque
1231 2320 1359 2368 tunc
1388 2313 1638 2370 Thetide-

76 2400 213 2455 ricus
241 2399 397 2454 tilium
432 2402 648 2458 nomine
674 2403 1130 2472 Theudobertum,
1157 2413 1435 2460 strenuum
1455 2413 1510 2460 et
1534 2407 1638 2461 uti-

75 2489 212 2546 lem:
251 2491 541 2561 elcvatique
574 2501 699 2548 sunt
729 2493 782 2547 in
814 2509 1006 2562 magna
1035 2496 1294 2564 potentia.
1332 2495 1638 2550 Amalricus

73 2598 277 2653 quoque
301 2583 434 2639 ﬁlius
461 2584 658 2640 Alarici
696 2587 838 2656 regis
863 2586 1161 2643 Gothorum
1186 2605 1426 2644 sororem
1451 2604 1638 2645 eorum

70 2674 131 2726 ad
167 2672 460 2745 conjugium
488 2676 664 2746 petiit.
713 2676 884 2743 Quam
925 2678 1001 2733 illi
1029 2695 1136 2735 non
1173 2691 1470 2752 negantes,
1516 2697 1641 2736 cum

70 2765 386 2820 ornamentis
412 2766 632 2837 optimis
659 2769 1093 2837 transmiserunt,
1135 2787 1364 2842 eamque
1393 2775 1506 2843 ipse
1537 2773 1640 2829 sibi

70 2855 116 2910 in
151 2856 544 2912 matrimonium
572 2861 882 2930 assumpsit.
899 2861 956 2915 In
982 2861 1075 2917 illo
1101 2869 1340 2932 tempore
1361 2864 1496 2918 Dani
1515 2879 1640 2920 cum

69 2963 193 3018 rege
220 2962 312 3003 suo
340 2949 553 3004 nomine
593 2949 919 3022 Chochilago
951 2950 1081 3023 [Αι.,
1113 2951 1426 3010 Chohilaico
1455 2964 1510 3011 et
1539 2955 1644 3012 Co-

68 3037 264 3112 chilag]
287 3081 301 3106 ,
346 3056 468 3096 cum
507 3042 696 3097 navale
734 3043 887 3098 hoste
924 3058 1021 3114 per
1067 3044 1236 3099 altum
1264 3060 1414 3100 mare
1441 3045 1644 3105 Gallias

67 3139 342 3202 appetunt,
377 3130 714 3188 Theuderico
739 3151 936 3207 pagum
974 3136 1248 3194 Attoarios
1281 3138 1364 3192 vel
1393 3139 1528 3195 alios
1550 3141 1643 3197 de-

66 3231 340 3279 vastantes
375 3231 536 3294 atque
557 3225 910 3295 captivantes,
932 3225 1118 3297 plenas
1139 3243 1304 3283 naves
1327 3229 1394 3284 de
1416 3231 1646 3299 captivis

63 3314 360 3380 habentes,
408 3315 519 3371 alto
547 3331 696 3372 mare
736 3318 1019 3385 intrantes,
1053 3334 1145 3374 rex
1176 3334 1366 3374 eorum
1395 3321 1462 3376 ad
1496 3319 1647 3378 littus

62 3407 232 3462 maris
262 3407 462 3463 resedit
489 3405 698 3481 [plenas
731 3423 894 3463 naves
921 3409 1218 3480 implebant
1235 3411 1440 3482 spoliis,
1464 3427 1649 3468 nume-

59 3515 234 3570 roque
263 3501 633 3571 captivorum:
668 3501 940 3572 altumque
987 3519 1136 3559 mare
1165 3514 1445 3574 secantes,
1481 3521 1648 3562 naves

58 3593 430 3664 impellebant,
460 3609 583 3666 rege
606 3610 794 3651 eorum
819 3612 941 3651 cum
961 3598 1200 3653 exercitu
1221 3598 1289 3653 ad
1312 3598 1462 3655 littus
1481 3598 1651 3655 maris

58 3685 329 3758 sedente].
363 3685 517 3754 Quod
547 3703 667 3742 cum
711 3687 1047 3744 Theuderim
1087 3690 1391 3745 nuntiatum
1425 3690 1646 3757 fuisset,

57 3777 508 3833 Theudobertum
539 3779 706 3834 ﬁlium
741 3795 898 3834 suum
943 3796 1065 3836 cum
1108 3797 1301 3851 magno
1327 3783 1568 3838 exercitu
1594 3783 1651 3838 in

54 3871 168 3927 illis
196 3872 444 3943 partibus
471 3872 726 3944 dirigens.
754 3873 856 3941 Qui
887 3891 1225 3946 consequens
1251 3891 1364 3944 eos,
1393 3877 1653 3948 pugnavit

51 3980 186 4019 cum
213 3963 296 4019 eis
321 3965 469 4020 caede
497 3965 754 4031 maxima,
795 3975 956 4037 atque
998 3969 1129 4038 ipsis
1151 3969 1442 4038 prostratis
1472 3984 1653 4040 regem

49 4073 252 4113 eorum
283 4057 577 4125 interfecit,
622 4061 861 4131 praedam
887 4061 1041 4130 tulit,
1086 4071 1141 4118 et
1171 4063 1225 4117 in
1263 4071 1462 4118 terram
1499 4077 1652 4118 suam

51 4148 324 4203 restituit.

46 4263 188 4317 CAP.
214 4262 341 4318 XX.
359 4260 601 4329 —Quod
622 4262 955 4319 Chlodmirus
977 4271 1026 4318 et
1048 4263 1407 4318 Childebertus
1429 4274 1478 4318 et
1499 4263 1655 4318 Chlo-

182 4333 376 4388 darius
405 4333 594 4387 bellum
624 4335 802 4388 ineunt
828 4334 1076 4388 adversus
1105 4334 1526 4406 Burgundiones.

121 4449 321 4520 (Greg.
339 4449 434 4502 lib.
464 4465 547 4515 ιιι,
579 4465 623 4502 c.
657 4449 690 4503 6
715 4457 770 4503 et
796 4448 876 4519 '5.)
903 4447 962 4503 In
991 4449 1096 4504 illis
1122 4449 1312 4504 diebus
1330 4447 1661 4504 Chrothildis

45 4540 247 4610 regina
280 4555 414 4594 cum
436 4539 674 4593 venisset
701 4539 960 4604 Parisius,
991 4539 1068 4593 ait
1087 4540 1155 4594 ad
1183 4538 1322 4594 ﬁlios
1343 4537 1468 4593 Suos
1492 4552 1507 4591 :
1539 4537 1658 4593 Non

45 4650 133 4688 me
165 4633 429 4702 paenitet,
454 4647 487 4686 ο
509 4630 605 4686 ﬁlii
631 4632 760 4697 mei,
786 4646 882 4687 vos
907 4631 1135 4687 dulciter
1152 4633 1438 4686 enutrisse.
1461 4630 1660 4687 Precor

45 4729 266 4796 itaque,
301 4724 663 4795 indignamini
693 4739 854 4794 super
881 4723 1132 4794 injuriam
1169 4740 1375 4790 meam,
1410 4731 1464 4777 et
1491 4723 1662 4794 patris

46 4816 156 4870 illCi
192 4823 254 4869 et
292 4817 494 4870 matris
523 4830 656 4869 mea
701 4823 931 4869 mortem
964 4815 1252 4870 vindicate.
1292 4814 1370 4870 Illi
1411 4813 1528 4870 haec
1567 4830 1664 4869 au-

46 4906 296 4971 licntes,
330 4905 391 4958 in
435 4905 514 4958 ira
546 4919 738 4975 magna
777 4905 1053 4971 commoti,
1090 4921 1215 4960 cum
1245 4905 1479 4959 maximo
1503 4919 1661 4960 exer-

45 4999 164 5051 :itu
196 4996 586 5066 Burgundiam
613 5003 831 5066 petunt,
880 5004 1066 5053 contra
1097 4996 1443 5052 Sismundum
1473 5005 1526 5052 et
1558 4996 1666 5052 Go-

46 5087 361 5141 lomarum
415 5084 567 5158 [Αι.,
599 5084 1002 5156 Sigismundum
1035 5096 1090 5143 et
1121 5086 1471 5160 Gotmarum]
1514 5101 1667 5159 reges

45 5176 194 5230 ilios
221 5175 584 5232 Gundobadi.
614 5175 765 5231 'l‘unc
803 5178 1057 5248 temporis
1086 5178 1390 5233 aediﬁcabat
1417 5178 1667 5234 Sismun-

45 5270 146 5322 lus
172 5283 283 5322 rex
313 5267 710 5323 monasterium
731 5277 1041 5324 sanctorum
1064 5278 1364 5340 martyrum
1385 5269 1668 5342 Agaunen-

45 5364 192 5417 tium
236 5362 302 5417 in
353 5361 689 5433 Burgundia,
719 5362 888 5417 sancti
930 5361 1174 5418 Mauricii
1204 5363 1410 5418 scilicet
1435 5380 1558 5419 cum
1583 5379 1672 5419 so-

45 5456 140 5509 :iis
171 5454 308 5509 suis
340 5470 441 5508 sex
467 5454 702 5510 millibus
729 5455 1017 5510 sexcentis.
1044 5454 1122 5510 Illi
1157 5463 1336 5509 autem
1367 5469 1674 5511 commove-

45 5552 173 5598 'unt
204 5545 451 5600 hostem
476 5544 910 5614 Burgundionum
943 5554 1129 5600 contra
1158 5544 1561 5600 Chlodomirum
1587 5561 1674 5600 re-

45 5651 193 5700 :em,
253 5643 319 5690 et
370 5634 776 5691 Childebertum
803 5645 859 5692 et
885 5635 1222 5693 Chlotarium
1251 5636 1449 5693 fratres
1470 5677 1486 5703 ,
1536 5637 1673 5694 ﬁlios
1707 5662 1714 5668 ·

46 5725 401 5781 :hlodovei.
436 5725 546 5780 Illis
590 5725 731 5782 inter
770 5743 829 5784 se
855 5728 1374 5800 compugnantibus,
1421 5727 1677 5800 fugerunt

46 5820 169 5874 tesi
218 5819 662 5892 Burgundiones
682 5836 804 5878 cum
833 5821 1153 5880 Godomaro.
1195 5821 1518 5884 Sismundus
1545 5834 1676 5876 vero

1721 553 2119 615 Chlodomirus.
2148 551 2607 623 apprehenditque
2627 566 2752 607 eum
2775 566 2900 606 cum
2920 565 3090 606 uxore
3107 559 3165 607 et
3182 550 3309 607 ﬁliis

1721 645 1872 716 ejus:
1906 654 2197 717 captosque
2233 643 2289 699 in
2319 658 2456 714 pago
2487 642 2780 699 Aurilianis
2808 657 2903 699 eos
2931 642 3182 708 adduxit,
3227 650 3311 698 at-

1721 752 1826 806 que
1847 736 1903 792 in
1931 750 2208 791 carcerem
2235 733 2440 789 retrudi
2459 731 2642 802 jussit.
2669 734 2866 790 Beatus
2892 743 3074 789 autem
3092 733 3308 799 Avitus,

1722 828 1817 897 qui
1852 835 1972 882 erat
2007 835 2138 882 tunc
2161 825 2246 880 vir
2267 831 2506 890 sanctus,
2535 825 2672 882 abba
2696 825 2750 880 in
2777 823 3151 881 Aurelianensi
3175 825 3310 881 civi-

1723 929 1854 986 tate,
1891 921 2284 990 deprecabatur
2325 917 2729 975 Chlodomirum
2774 917 3222 991 [Chlodomerim]
3251 924 3313 972 ut

1725 1031 1832 1071 non
1856 1016 2132 1073 occideret
2155 1031 2268 1073 eos.
2300 1015 2408 1072 Sed
2435 1017 2527 1073 ille
2548 1016 2765 1073 nolebat
2789 1015 2976 1072 audire
2994 1031 3139 1071 eum.
3162 1015 3315 1072 Tunc

1727 1109 2000 1166 interfecit
2027 1120 2136 1167 tam
2162 1111 2513 1168 Sismundum
2541 1120 2598 1168 et
2621 1127 2847 1168 uxorem
2877 1110 2994 1182 ejus
3017 1153 3034 1177 ,
3073 1127 3234 1183 quam
3261 1119 3316 1168 et

1729 1199 1866 1256 ﬁlios
1899 1199 2035 1269 ejus,
2061 1200 2397 1274 projecitque
2439 1218 2534 1260 cos
2560 1203 2613 1260 in
2645 1211 2868 1275 puteum
2893 1201 3091 1260 inloco
3117 1204 3210 1276 qui
3228 1202 3314 1258 di-

1729 1292 1872 1346 citur
1896 1290 2157 1347 Colomna
2183 1295 2322 1349 vico.

1736 1381 1867 1439 Car.
1902 1381 2045 1437 XXI.
2066 1381 2305 1456 -—Quod
2338 1384 2526 1439 iterum
2562 1382 2896 1456 Chlodmim
2915 1383 3318 1456 Burgundiones

2183 1454 2405 1509 devictos
2431 1455 2734 1525 interfectus
2758 1464 2856 1510 est.

1800 1543 1931 1600 Post
1979 1545 2096 1600 haec
2147 1545 2346 1600 iterum
2399 1545 2691 1601 commovit
2737 1545 3037 1602 exercitum
3084 1543 3318 1601 Chlodo-

1731 1637 1901 1691 mirus
1923 1677 1938 1700 ,
1987 1636 2039 1690 in
2071 1635 2435 1708 Burgundiam
2468 1651 2700 1708 pergens
2725 1645 2914 1692 contra
2956 1635 3321 1692 Godomarum

1734 1726 1867 1800 [Αι.,
1897 1725 2288 1798 Gaismarum].
2327 1725 2571 1796 Cumque
2597 1727 2832 1782 venisset
2857 1743 2980 1782 cum
3006 1742 3200 1796 magno
3227 1726 3324 1781 ho-

1661 1839 1704 1900 Β
1735 1827 1815 1874 ste
1845 1835 1900 1874 in
1925 1834 2063 1890 pago
2088 1818 2411 1883 Viennense,
2437 1819 2491 1872 in
2514 1817 2633 1873 loco
2660 1820 2753 1888 qui
2777 1818 2977 1873 dicitur
3005 1815 3324 1872 Visoroncia

1737 1906 2086 1982 [Visroncia],
2111 1915 2166 1962 et
2187 1906 2525 1964 Godomarus
2543 1907 2734 1963 locatis
2755 1909 3006 1978 gentibus
3026 1922 3150 1962 cum
3169 1905 3327 1962 Chlo-

1734 1999 1944 2055 domiro
1965 1999 2328 2070 prmliaretur,
2354 1999 2764 2070 Burgundiones
2784 2001 2938 2055 valde
2977 2000 3176 2056 collmsi
3201 2014 3324 2054 cum

1735 2089 2042 2146 Godomaro
2063 2089 2334 2162 fugerunt.
2353 2089 2596 2160 Cumque
2619 2106 2714 2146 eos
2733 2099 3149 2162 persequeretur
3168 2088 3328 2145 Chlo-

1735 2180 2001 2248 domirus,
2023 2182 2184 2237 nimis
2204 2181 2358 2236 valde
2376 2182 2753 2253 praecucurrit,
2781 2182 3214 2251 antecedensque
3233 2195 3328 2236 eos

1736 2291 1860 2332 cum
1885 2291 2025 2346 equo
2047 2276 2201 2332 valde
2225 2275 2419 2342 veloci,
2443 2276 2497 2331 in
2519 2277 2698 2333 medio
2719 2291 2905 2333 eorum
2926 2277 3203 2347 ingressus
3222 2283 3326 2330 est.

1739 2367 1847 2424 Sed
1874 2384 1940 2422 ex
1967 2368 2194 2423 adversa
2231 2375 2386 2440 parte
2411 2383 2701 2438 percussus
2725 2366 2957 2431 corruit,
2997 2374 3051 2422 et
3084 2372 3330 2422 mortuus

1704 2463 1711 2469 ’
1737 2461 1840 2514 eSt.
1868 2458 2022 2527 Quod
2050 2459 2292 2515 videntes
2321 2458 2546 2524 Franci,
2577 2458 2746 2514 nimio
2779 2457 2962 2514 dolore
2988 2466 3040 2512 et
3071 2457 3149 2512 ira
3175 2471 3326 2513 com-

1739 2551 1895 2617 moti,
1923 2550 2287 2606 Godomarum
2323 2559 2710 2621 persequentes
2745 2550 3146 2616 exterminant,
3190 2549 3326 2604 Bur-

1741 2641 2042 2711 gundiones
2066 2643 2364 2711 perimunt,
2395 2651 2726 2712 cunctasque
2765 2641 3015 2712 regiones
3041 2642 3328 2696 devastan-

1742 2738 1848 2796 tes,
1877 2746 1907 2784 a
1932 2747 2102 2801 puero
2128 2747 2297 2802 usque
2335 2733 2402 2788 ad
2433 2749 2616 2788 senem
2657 2747 2846 2788 omnes
2870 2740 3237 2803 peremerunt,
3279 2738 3335 2786 et

1744 2820 1818 2874 ita
1859 2821 2062 2876 reversi
2105 2830 2249 2877 sunt.
2298 2821 2606 2878 Chlotarius
2650 2823 2768 2879 haec
2811 2824 3066 2890 audiens,
3109 2838 3334 2878 uxorem

1743 2909 1930 2968 fratris
1952 2915 2035 2969 sui
2057 2915 2266 2985 accepit
2293 2915 2347 2970 in
2368 2914 2694 2988 conjugium,
2717 2914 3066 2972 Gundeucam
3094 2914 3333 2970 nomine.

1744 3005 1910 3062 Filios
1939 3023 2152 3077 quoque
2195 3007 2524 3064 Chlodomiri
2573 3009 2874 3079 orphanos,
2905 3007 3332 3073 Theudoaldum,

1746 3099 2130 3168 Guntharium,
2152 3111 2206 3156 et
2236 3100 2644 3167 Chlodoaldum,
2675 3099 3008 3158 Chrothildis
3028 3102 3214 3172 regina
3239 3116 3339 3154 nu-

1668 3192 1718 3257 c
1749 3194 1963 3260 triebat,
1991 3209 2086 3248 eos
2115 3209 2298 3249 secum
2323 3193 2579 3250 retinens.

1749 3283 1878 3342 Car.
1910 3286 2075 3342 XXII.
2107 3316 2179 3327 —
2203 3284 2280 3339 De
2323 3285 2463 3339 crede
2487 3301 2677 3354 magna
2702 3285 2841 3356 quod
2883 3281 3085 3356 rauci
3111 3282 3166 3337 in
3197 3281 3336 3356 Tho-

1820 3359 2088 3429 ringorum
2130 3356 2321 3427 populo
2361 3353 2772 3425 prostraverunt,
2811 3365 2859 3409 et
2898 3355 2963 3410 de
2990 3353 3338 3424 Ermenfredo

1822 3446 1940 3499 rege
1963 3444 2163 3484 eorum.

1823 3518 2022 3590 (Greg.,
2057 3518 2148 3572 lib.
2181 3533 2266 3586 ιιι,
2295 3534 2342 3571 c.
2375 3516 2452 3587 7.)
2478 3515 2538 3571 In
2566 3515 2660 3573 illo
2681 3524 2925 3586 tempore
2947 3515 3336 3581 Theodericus,

1750 3620 1807 3668 et
1835 3610 2244 3667 Theudobertus
2273 3607 2682 3683 [Theutbertus]
2711 3608 2853 3664 ﬁlius
2886 3608 3022 3679 ejus,
3045 3618 3100 3664 et
3119 3609 3340 3664 Chlota-

1752 3706 1868 3760 rius
1909 3719 2025 3770 rex,
2071 3720 2195 3759 cum
2240 3703 2572 3758 Francorum
2602 3703 2843 3758 exercitu
2872 3701 3120 3757 Rhenum
3165 3710 3342 3757 trans-

1751 3803 1962 3862 euntes,
2007 3795 2061 3850 in
2105 3795 2417 3866 Toringiam
2443 3795 2685 3867 dirigunt
2709 3802 2897 3852 contra
2936 3793 3339 3850 Ermenfridum

1754 3906 1936 3961 regem
1963 3889 2342 3960 Toringorum.
2371 3889 2498 3944 Haec
2525 3889 2807 3945 audientes
2835 3887 3080 3960 Toringi,
3111 3886 3342 3944 fossatos

1752 3980 2000 4037 fecerunt
2039 3981 2138 4036 sub
2166 3980 2289 4036 dolo
2307 4019 2321 4046 ,
2353 3980 2582 4050 desuper
2607 3979 2979 4050 cooperientes
3003 3993 3098 4035 eos
3125 3978 3344 4049 cespiti-

1753 4073 1875 4130 bus.
1901 4071 2144 4142 Cumque
2181 4072 2249 4128 ad
2279 4071 2477 4128 bellum
2503 4071 2705 4127 ibidem
2745 4071 3157 4136 convenissent,
3189 4070 3344 4127 intel-

1754 4165 1982 4236 ligentes
2007 4165 2149 4234 quod
2193 4165 2319 4234 equi
2365 4178 2554 4220 eorum
2585 4163 2782 4218 ibidem
2819 4163 3166 4225 corruissent,
3199 4162 3341 4217 indi-

1756 4255 1904 4326 gnati
1927 4263 2054 4310 sunt
2075 4255 2250 4310 valde.
2281 4253 2441 4324 Fugit
2465 4261 2645 4308 autem
2686 4251 3060 4308 Ermenfridus
3081 4268 3204 4319 cum
3239 4251 3345 4307 To-

1759 4346 1928 4417 ringis
1962 4361 2132 4415 usque
2156 4345 2510 4402 Onestrudem
2545 4345 2795 4412 ﬂuvium,
2825 4345 3040 4415 illicque
3069 4361 3192 4400 eum
3219 4361 3345 4416 per-

1759 4439 1930 4494 secuti
1972 4447 2098 4494 sunt
2120 4436 2335 4492 Franci.
2375 4437 2483 4493 Sed
2509 4437 2597 4493 ille
2638 4438 2900 4509 reparatis
2925 4437 3130 4492 viribus
3158 4444 3345 4492 contra

1688 4568 1741 4628 ι)
1763 4529 2004 4585 Francos
2040 4529 2332 4585 nitebatur.
2367 4527 2473 4584 Sed
2500 4537 2646 4584 tanta
2675 4530 2850 4584 caedes
2876 4528 2951 4584 ibi
2993 4527 3095 4583 fuit
3132 4529 3199 4584 de
3242 4529 3345 4583 To-

1766 4623 1954 4694 ringis,
1981 4631 2043 4678 ut
2063 4623 2179 4694 ipse
2206 4621 2402 4679 ﬂuvius
2425 4639 2493 4679 ex
2520 4638 2707 4678 eorum
2733 4623 3085 4678 cadaveribus
3113 4621 3346 4694 replere-

1768 4726 1874 4772 tur.
1888 4716 2085 4772 Franci
2098 4733 2225 4772 vero
2249 4732 2410 4788 super
2431 4733 2525 4773 eos
2544 4725 2801 4787 tanquam
2821 4732 2917 4787 per
2935 4724 3151 4787 pontem
3175 4725 3347 4771 trans-

1766 4810 1919 4864 ibant
1969 4817 2025 4864 et
2086 4809 2492 4864 conculcabant.
2524 4808 2826 4880 Totamque
2875 4811 3148 4880 regionem
3201 4808 3345 4863 illam

1765 4908 2060 4965 vastantes,
2092 4908 2149 4954 et
2171 4900 2411 4969 captivos
2435 4900 2786 4966 abducentes,
2815 4908 3004 4955 cuncta
3039 4899 3347 4970 depopulati

1768 5003 1913 5050 sunt.
1941 4991 2315 5049 Ermenfridus
2339 5009 2551 5064 quoque
2575 5010 2673 5064 per
2699 4993 2880 5066 fugam
2905 4995 2994 5049 vix
3020 4993 3199 5064 lapsus
3223 5010 3348 5052 eva-

1769 5087 1858 5141 sit.
1891 5085 2085 5140 Franci
2112 5094 2292 5141 autem
2320 5103 2443 5142 eum
2470 5085 2634 5141 multa
2661 5089 2841 5158 praeda
2865 5095 2918 5143 et
2944 5087 3113 5158 spolio
3144 5089 3348 5145 reversi

1770 5185 1915 5233 sunt.
1947 5176 2188 5233 Fuerunt
2211 5185 2390 5234 autem
2419 5177 2760 5235 Ermenfrido
2784 5179 2890 5235 duo
2917 5179 3132 5246 fratres,
3162 5180 3349 5237 Balde-

1772 5273 1918 5328 ricus
1943 5279 1999 5326 et
2029 5271 2404 5327 Bertecharius
2436 5270 2575 5344 [Αι.,
2608 5272 2923 5328 Berecarius
2956 5282 3003 5327 et
3030 5272 3346 5346 Bertarius].

1774 5362 1952 5437 (Grcg.
1981 5361 2072 5416 lib.
2107 5379 2168 5417 ιιι
2196 5403 2212 5425 .
2251 5379 2302 5418 c.
2333 5362 2412 5435 8.)
2453 5363 2582 5418 Post
2611 5363 2726 5420 haec
2759 5363 2952 5419 iterum
2982 5363 3351 5420 Theudericus

1773 5455 1895 5510 data
1919 5453 2024 5509 ﬁde
2059 5451 2398 5508 Ermenfrido
2421 5453 2552 5525 regi,
2592 5454 2845 5524 Tulpiaco
2881 5455 3098 5511 civitate
3125 5472 3247 5511 eum
3283 5455 3354 5509 ad

1773 5561 1834 5602 se
1866 5544 2052 5599 venire
2077 5543 2223 5599 fecit.
2243 5543 2485 5610 Cumque
2508 5561 2668 5616 super
2692 5563 2902 5602 murum
2929 5545 3095 5616 ipsius
3119 5545 3353 5602 civitatis

1774 5637 2228 5706 colloquerentur,
2253 5637 2510 5708 impulsus
2532 5641 2596 5695 de
2618 5656 2771 5696 muro
2789 5641 2938 5695 urbis
2964 5639 3130 5710 ipsius
3149 5634 3354 5693 corruit

1777 5728 1846 5784 ad
1869 5735 2090 5792 terram,
2115 5735 2172 5784 et
2198 5736 2440 5785 mortuus
2464 5739 2564 5794 est,
2597 5745 2829 5802 suosque
2847 5727 3082 5787 infantes
3109 5724 3345 5784 Theudo-

1779 5819 1926 5876 ricus
1957 5817 2262 5876 interﬁcere
2284 5820 2492 5893 rogavit
2517 5818 2740 5895 [jussit].
