3920 6310
477 391 618 448 ΗΠ

1736 372 2048 431 ANONYMI
2086 368 2358 430 SECU'LI
2395 372 2529 428 VIII.

3643 370 3774 428 1118

473 516 578 572 est,
621 511 678 560 et
704 503 760 558 in
803 499 1028 556 basilica
1060 494 1201 552 beati
1231 488 1497 550 Vincentii
1546 490 1802 560 martyris
1828 529 1842 554 ,
1890 505 2051 559 quam
2083 499 2130 558 Α
2153 489 2507 559 Chilpericus,
2535 494 2696 555 atque
2723 483 3045 555 Sigibertus,
3094 481 3448 538 divisionem
3472 481 3774 552 legitimam

471 599 588 670 ipse
615 593 939 656 construxit,
968 587 1223 658 sepultus.
1255 582 1421 652 Cujus
1443 597 1665 652 regnum
1692 589 1747 635 et
1775 581 2054 634 thesauros

472 691 781 747 Chlotarius
815 699 909 738 rex
937 679 1162 750 accepit.
1215 677 1516 732 Chramnus
1543 687 1756 743 quoque
1784 688 1906 726 cuin
1930 687 2057 726 eva-

473 783 601 838 dere
618 778 755 851 patri
779 792 885 831 non
907 781 1107 844 posset,
1134 768 1444 825 Britannias
1468 766 1674 837 petivit.
1699 765 1777 819 lbi
1794 780 1917 820 cum
1933 765 2053 818 Bri-

472 883 760 928 tannorum
808 881 932 938 rege
978 865 1286 921 Cunoberto
1329 861 1442 930 ipse
1464 868 1519 913 et
1545 874 1683 913 uxor
1707 857 1844 927 ejus,
1874 865 1929 911 et
1956 856 2051 910 filii

474 965 606 1040 [Al.,
638 961 781 1034 ﬁliai]
826 961 943 1031 ejus
969 959 1259 1013 latuerunt.
1309 952 1659 1009 Willeharius
1696 962 1874 1006 autem
1903 967 2058 1005 socer

472 1058 589 1127 ejus
627 1057 872 1113 Turonos
914 1053 982 1108 ad
1023 1051 1305 1108 basilicam
1333 1049 1505 1103 sancti
1551 1046 1765 1100 Martini
1792 1043 2055 1114 confugit.

472 1151 624 1207 Tunc
653 1149 768 1218 ipsa
797 1145 1020 1202 basilica
1058 1160 1155 1215 per
1190 1151 1410 1213 peccata
1441 1137 1742 1194 Willeharii
1785 1143 1840 1190 et
1872 1135 2058 1189 uxoris

473 1243 589 1314 ejus
614 1253 874 1296 succensa
894 1245 1003 1293 est:
1031 1251 1191 1306 quam
1211 1241 1396 1304 postea
1418 1230 1724 1288 Chlotarius
1745 1245 1840 1284 rex
1865 1237 2058 1282 stanno

473 1335 752 1408 cooperire
777 1332 960 1402 jussit,
989 1339 1045 1386 et
1073 1331 1219 1385 illam
1257 1345 1342 1394 ea,
1386 1343 1491 1399 qua
1519 1328 1669 1398 prius
1697 1325 1890 1388 fuerat,
1945 1324 2058 1378 ele-

475 1427 656 1500 gantia
682 1424 970 1496 reparavit.
1010 1422 1140 1478 Post
1179 1423 1296 1477 haec
1323 1420 1631 1476 Chlotarius
1667 1435 1763 1473 rex
1789 1423 2059 1472 commoto

473 1535 666 1591 magno
713 1517 954 1574 exercitu
999 1525 1186 1572 contra
1231 1514 1562 1570 Chramnum
1619 1513 1676 1567 in
1723 1509 2061 1565 Britanniam

473 1611 727 1668 frendens
777 1609 993 1664 direxit.
1050 1607 1156 1662 Sed
1204 1614 1257 1662 et
1309 1605 1612 1661 Chramnus
1663 1602 1796 1657 nihil
1846 1601 2066 1674 timens,

474 1714 664 1760 contra
688 1709 896 1771 patrem
923 1699 991 1753 ad
1017 1698 1215 1754 bellum
1246 1712 1367 1752 cum
1393 1694 1688 1751 Cuniberto
1724 1690 1856 1764 [ΑΙ.,
1883 1691 2066 1746 Cono-

475 1796 631 1850 berto
656 1802 703 1848 et
731 1789 1003 1861 Conobro]
1027 1804 1153 1860 rege
1177 1789 1561 1842 Britannorum
1581 1784 1870 1856 egreditur.
1901 1782 2064 1838 Cum-

475 1902 581 1956 que
611 1885 824 1940 fortiter
853 1884 994 1938 inter
1024 1897 1082 1938 se
1113 1887 1575 1960 compugnarent,
1611 1877 1919 1933 Chlotarius
1967 1891 2063 1930 rex
2096 1862 2141 1922 Β

477 1985 780 2034 commotus
818 1975 1071 2047 lacrymis
1112 1975 1339 2030 aiebat:
1389 1971 1641 2041 Respice,
1684 1970 1944 2035 Domine,
1998 1968 2065 2024 de

451 2069 656 2135 'cualo,
711 2076 764 2123 et
793 2066 976 2138 judica
1015 2065 1198 2135 juste,
1239 2064 1476 2133 illudque
1523 2063 1739 2133 impone
1779 2059 2062 2130 judicium,

477 2162 620 2232 quod
656 2160 925 2230 quondam
960 2159 1102 2213 inter
1146 2156 1466 2213 Absalonem
1497 2163 1551 2209 et
1583 2162 1791 2225 patrem
1817 2151 1933 2220 ejus
1963 2151 2069 2204 Da-

475 2254 566 2309 vid
609 2251 854 2323 posuisti.
906 2249 1370 2319 Conﬂigentesque
1416 2246 1652 2318 pariter,
1686 2245 2067 2299 Britannorum

479 2360 572 2400 rex
597 2345 650 2398 in
674 2343 854 2413 fugam
876 2342 1127 2408 vertitur,
1158 2340 1340 2410 ibique
1362 2337 1574 2393 cecidit.
1605 2336 1908 2392 Chramnus
1934 2350 2067 2405 quo-

480 2449 586 2503 que
614 2435 740 2488 dum
778 2449 876 2503 per
906 2430 1086 2502 fugam
1129 2430 1359 2485 evadere
1407 2434 1696 2484 conaretur
1721 2467 1734 2492 ,
1793 2441 2068 2496 navesque

480 2524 536 2582 in
567 2524 705 2578 mari
747 2533 965 2594 paratas
1003 2523 1246 2587 haberet,
1293 2529 1348 2577 et
1388 2521 1513 2576 dum
1539 2535 1764 2575 uxorem
1799 2519 1884 2575 vel
1930 2520 2068 2576 ﬁlias

479 2617 712 2672 liberare
736 2615 914 2680 vellet,
958 2617 1026 2672 ab
1053 2615 1293 2670 exercitu
1323 2614 1493 2686 patris
1519 2630 1830 2685 oppressus,
1875 2623 2067 2684 captus

480 2715 642 2776 atque
665 2707 857 2777 ligatus
879 2715 980 2761 est.
1007 2707 1160 2773 Quod
1180 2722 1302 2760 cum
1325 2705 1600 2761 Chlotario
1621 2707 1733 2776 regi
1760 2707 2064 2760 nuntiatum

479 2798 690 2862 fuisset,
732 2796 897 2866 jussit
939 2813 1062 2852 eum
1103 2813 1226 2851 cum
1253 2811 1423 2851 uxore
1447 2806 1502 2850 et
1549 2797 1761 2852 ﬁliabus
1787 2797 1910 2867 igne
1937 2812 2067 2851 con-

480 2890 620 2946 sumi
650 2907 662 2942 :
697 2888 996 2957 inclusique
1023 2889 1076 2942 in
1109 2888 1377 2958 tugurium
1405 2885 1682 2955 cujusdam
1703 2887 2061 2957 pauperculae,

479 2982 784 3039 Chramnus
816 2995 977 3051 super
992 2997 1266 3036 scamnum
1288 2989 1535 3036 extentus
1547 2981 1727 3036 orario
1753 2981 2066 3052 suggillatus

479 3075 570 3149 [Id
597 3084 671 3130 est
701 3072 1090 3146 strangulatus]
1121 3081 1224 3138 est,
1253 3079 1307 3128 et
1332 3073 1410 3127 sic
1434 3081 1620 3143 postea
1655 3088 1816 3142 super
1836 3087 1930 3130 eos
1948 3073 2062 3142 ipsa

476 3167 675 3224 casella
697 3167 937 3233 incensa,
962 3182 1085 3221 cum
1113 3180 1282 3220 uxore
1303 3172 1356 3219 et
1377 3163 1588 3220 filiabus
1615 3175 1698 3219 est
1727 3166 2059 3220 combustus.

476 3279 604 3336 Car.
633 3278 826 3334 XXIX.
856 3309 928 3319 —-—
955 3276 1070 3344 Quo
1095 3287 1319 3344 tempore
1353 3286 1564 3331 sanctus
1578 3275 1866 3330 Medardus
1885 3237 2067 3330 fraus-

544 3351 648 3406 iit:
686 3361 733 3404 et
763 3349 825 3433 de
847 3359 1016 3433 .morte
1043 3347 1412 3414 Chlodchan’i,
1453 3357 1499 3402 et
1524 3348 1650 3419 quia
1684 3347 1787 3417 ﬁlii
1813 3348 1927 3418 ejus
1952 3363 2068 3401 suc-

547 3430 811 3477 σεδεεταηι
839 3430 897 3474 in
925 3436 1160 3490 regnum.

545 3533 752 3609 (Greg.,
777 3535 866 3589 lib.
889 3549 967 3601 tv,
993 3552 1039 3589 c.
1058 3534 1173 3606 l9.)
1201 3533 1353 3590 Tunc
1375 3547 1588 3604 quoque
1608 3533 1665 3588 in
1686 3532 1794 3588 illis
1813 3531 2068 3604 tempori-

474 3627 576 3683 bus
596 3627 942 3683 beatissimus
973 3625 1258 3682 Medardus
1286 3625 1590 3696 episcopus,
1636 3625 1827 3696 plenus
1853 3626 2067 3680 virtuti-

473 3718 574 3774 bus
600 3716 873 3786 praeclaris
895 3725 948 3771 et
969 3716 1160 3787 gloria,
1190 3717 1442 3786 migravit
1465 3717 1535 3771 ad
1554 3716 1862 3771 Dominum.
1895 3716 2066 3783 Quem

475 3802 782 3859 Clilotarius
823 3817 920 3856 rex
969 3801 1258 3856 Suessione
1306 3801 1525 3858 civitate
1554 3818 1678 3857 cum
1705 3817 1902 3873 magno
1921 3803 2066 3873 psal-

474 3891 641 3947 lentio
664 3891 897 3962 gloriose
924 3891 1200 3962 sepelivit,
1243 3892 1488 3948 tribuens
1534 3892 1646 3948 illic
1674 3893 1873 3948 multas
1897 3894 2065 3948 facul-

475 3992 632 4041 tates.
676 3983 794 4040 Rex
839 3998 968 4040 vero
1006 3982 1315 4041 Chlotarius
1351 3986 1419 4040 ad
1446 3985 1590 4040 beati
1637 3984 1851 4040 Martini
1881 3985 2061 4057 sepul-

474 4093 625 4134 crum
665 4076 836 4132 abiit:
890 4076 1000 4132 illic
1041 4076 1342 4132 diutissime
1383 4092 1579 4144 orans,
1622 4079 1793 4132 multa
1834 4094 2063 4134 munera

471 4167 698 4241 largitus
723 4175 828 4235 est,
867 4175 923 4223 et
949 4183 1046 4239 per
1079 4166 1277 4223 multas
1297 4167 1550 4224 basilicas
1579 4175 1891 4224 sanctorum
1914 4185 2063 4224 com-

471 4260 703 4332 plurima
729 4257 871 4316 dona
895 4259 1104 4316 tribuit.
1153 4259 1282 4315 Post
1309 4260 1426 4316 haac
1457 4261 1584 4315 dum
1619 4260 1673 4316 in
1705 4260 1880 4317 Cottia
1911 4262 2061 4333 sylva

471 4352 813 4406 venationem
861 4359 1181 4417 exerceret,
1242 4367 1273 4406 a
1324 4352 1476 4408 febre
1519 4352 1696 4408 valida
1746 4354 2055 4424 corripitur.

470 4440 676 4496 Exinde
700 4441 1029 4512 Compendio
1064 4441 1208 4508 villa,
1257 4459 1376 4512 quae
1417 4449 1502 4498 est
1551 4443 1809 4513 palatium
1854 4446 2057 4517 regale,

469 4533 648 4588 rediit.
694 4532 796 4589 Ubi
825 4549 946 4588 cum
974 4533 1213 4605 graviter
1252 4542 1542 4590 vexaretur
1562 4576 1578 4602 ,
1609 4537 1823 4592 dicebat
1851 4553 1866 4591 :
1915 4538 2052 4604 Vua,

471 4642 572 4680 vua
601 4627 614 4679 !
657 4624 783 4694 quid
803 4627 1006 4697 putatis
1026 4627 1200 4698 qualis
1225 4636 1309 4682 est
1333 4628 1422 4683 ille
1448 4644 1543 4684 rex
1564 4631 1825 4696 cmlestis,
1858 4631 1951 4700 qui
1976 4632 2056 4687 sic

471 4727 581 4775 tam
619 4735 841 4787 magnos
870 4736 1026 4792 reges
1054 4719 1352 4776 interficit?
1379 4722 1435 4776 ln
1469 4724 1573 4777 hoc
1598 4724 1742 4778 enim
1777 4724 1934 4783 ttedio
1961 4741 2057 4794 po-

469 4811 605 4867 situs
625 4811 872 4882 spiritum
894 4813 1183 4880 exhalavit,
1228 4815 1581 4885 regnavitque
1613 4831 1784 4870 annos
1821 4816 1882 4869 5l
1919 4815 2054 4888 [Al.,

468 4903 604 4959 obiit
621 4913 802 4958 autem
824 4919 965 4960 anno
992 4904 1056 4959 51
1084 4907 1236 4976 regni
1257 4904 1384 4977 sui].
1415 4905 1583 4973 Quem
1603 4915 1835 4978 quatuor
1851 4907 1944 4962 filii
1972 4907 2056 4963 sui

469 5008 590 5047 cum
613 5009 808 5065 magno
833 4996 1036 5050 honore
1057 4994 1363 5051 Suessionis
1385 4998 1601 5052 civitate
1629 4999 1950 5064 deferentes,
1997 5000 2054 5056 in

469 5083 689 5141 basilica
738 5089 880 5144 beati
926 5089 1161 5145 Medardi
1187 5090 1534 5160 sepelierunt.
1565 5092 1902 5163 Chilpericus
1926 5109 2057 5150 vero

468 5182 592 5247 post
629 5186 858 5233 mortem
888 5181 1060 5249 patris
1102 5182 1183 5236 sui
1216 5182 1521 5248 thesauros,
1553 5183 1645 5252 qui
1677 5185 1731 5238 in
1753 5184 1880 5238 villa
1901 5185 2058 5240 Brin-

469 5268 628 5323 naico
655 5266 789 5340 [Αι.,
834 5271 1064 5344 Brinago
1093 5283 1140 5326 et
1183 5272 1474 5346 Brinnaco]
1519 5285 1677 5330 erant
1721 5275 2055 5348 congregati,

469 5361 700 5431 accepit,
741 5369 797 5416 et
828 5363 896 5418 ad
922 5363 1164 5422 Francos
1203 5367 1448 5422 utiliores
1471 5369 1648 5437 petiit,
1675 5368 1914 5438 ipsisque
1938 5385 2058 5424 mu-

471 5469 599 5509 nera
631 5453 799 5508 multa
827 5454 992 5522 dedit,
1021 5465 1076 5512 et
1100 5459 1203 5514 sibi
1229 5460 1484 5515 subdidit.
1531 5460 1654 5515 Mox
1684 5461 1927 5515 Parisius
1967 5461 2054 5515 in-

469 5544 743 5618 greditur,
789 5545 1076 5615 sedemque
1105 5547 1435 5606 Childeberti
1483 5553 1624 5623 regis
1654 5560 1899 5622 occupat.
1945 5551 2054 5609 Sed

471 5650 576 5692 non
605 5637 696 5692 diu
714 5635 865 5692 licuit
884 5636 933 5691 ei
955 5637 1057 5692 hoc
1077 5641 1374 5707 possidere.
1405 5641 1538 5697 Nam
1559 5642 1832 5713 conjuncti
1856 5643 2054 5701 fratres
2089 5637 2092 5640 ’

468 5728 602 5798 ejus,
635 5745 758 5786 eum
786 5729 981 5786 exinde
1016 5730 1357 5802 expulerunt,
1387 5741 1442 5788 et
1469 5734 1550 5790 sic
1577 5735 1720 5790 inter
1747 5751 1806 5792 se
1833 5736 1891 5792 hi
1921 5752 2056 5808 qua-

471 5827 607 5889 tuor,
639 5821 692 5878 id
713 5830 815 5892 est,
854 5821 1203 5881 Charibertus
1226 5822 1656 5900 [Cherebertus],
1679 5825 2052 5903 Guntrannus,

2157 579 2418 636 fecerunt.
2482 579 2816 648 Accepitque
2865 575 3215 631 Charibertus
3260 591 3510 646 regnum
3571 575 3774 634 Chlide-

2155 671 2337 736 berti,
2391 672 2680 740 sedemque
2729 669 3008 724 constituit
3053 666 3336 732 Parisius;
3411 666 3776 724 Guntrannus

2157 781 2382 837 regnum
2434 764 2806 820 Chlodomeris
2852 763 3159 831 accipiens,
3217 761 3555 816 Aurilianis
3610 762 3772 817 sedem

2157 857 2427 921 instituit;
2459 855 2793 924 Chilpericus
2817 868 2948 908 vero
2976 868 3198 920 regnum
3229 851 3474 906 Clotarii
3507 854 3692 922 patris
3710 856 3776 908 sai

2159 949 2452 1019 accipiens,
2484 948 2790 1004 Suessionis
2815 948 3032 1001 civitate
3056 946 3239 1000 sedem
3271 947 3505 1000 statuit.
3549 945 3771 1015 Sigiher-

2162 1051 2249 1098 tus
2278 1052 2458 1097 autem
2483 1058 2705 1113 regnum
2737 1040 3055 1096 Theuderici
3084 1039 3323 1111 accepit,
3366 1049 3429 1094 et
3463 1040 3664 1096 sedem
3694 1041 3772 1094 ln-

2161 1137 2292 1192 bere
2321 1135 2502 1190 Remis
2531 1135 2804 1189 civitatem
2831 1133 3129 1188 constituit.

2163 1227 2292 1283 CAP.
2321 1227 2490 1281 XXX.
2514 1257 2579 1265 —
2609 1225 2708 1279 Ubi
2740 1224 2912 1279 Chuni
2946 1224 3146 1278 Gallias
3174 1233 3496 1295 appetentes
3534 1231 3772 1295 prostrati

2234 1308 2374 1361 sunt,
2399 1307 2445 1350 et
2487 1296 2674 1350 bellum
2703 1297 2838 1350 inter
2869 1295 3127 1366 Sigibcrto
3154 1304 3201 1348 et
3245 1294 3596 1366 Chilperico,
3650 1309 3695 1351 et
3718 1300 3769 1352 ἐξ

2236 1368 2486 1424 uxoribus
2515 1366 2838 1420 Chareberti.

2237 1460 2415 1534 (Greg.
2457 1458 2547 1512 lib.
2589 1475 2664 1522 IV,
2711 1475 2757 1510 c.
2809 1457 2880 1512 25
2920 1467 2970 1511 et
2997 1457 3111 1528 26.)
3141 1456 3315 1527 [gitur
3363 1467 3505 1527 post
3557 1468 3766 1514 mortem

2167 1550 2424 1607 Chlotarii
2455 1551 2616 1620 regis,
2645 1548 2819 1604 Chuni
2847 1549 3101 1603 commoti
3124 1564 3250 1602 cum
3271 1548 3512 1621 Cagano
3537 1567 3664 1622 rege
3686 1568 3766 1606 ses

2167 1643 2372 1701 Gallias
2432 1643 2616 1697 venire
2670 1641 2960 1696 destinant.
3017 1640 3215 1695 Contra
3271 1657 3424 1710 quos
3478 1641 3764 1712 Sigibertus

2170 1735 2470 1789 exercitum
2522 1732 2726 1797 movlt,
2784 1747 2848 1785 ac
2891 1730 3106 1786 fortiter
3140 1742 3336 1786 contra
3382 1748 3491 1786 eos
3539 1749 3762 1803 pinguae

2169 1826 2461 1896 prostravit
2488 1834 2650 1895 atque
2675 1823 2889 1886 devicit,
2922 1832 2977 1878 et
3008 1824 3060 1877 in
3089 1839 3182 1877 ore
3207 1823 3377 1894 gladii
3409 1839 3515 1878 eos
3557 1823 3752 1894 fugavit.

2170 1917 2275 1972 Sed
2294 1925 2481 1986 postea
2507 1931 2601 1970 rex
2625 1929 2812 1969 eorum
2841 1913 3108 1968 amicitias
3133 1929 3258 1968 cum
3289 1914 3585 1983 Sigiherto
3604 1916 3752 1984 ρεωι,

2167 2018 2223 2064 et
2242 2025 2339 2080 per
2367 2009 2559 2062 missos
2583 2024 2708 2063 suos
2735 2023 2921 2076 pacem
2945 2022 3068 2062 cum
3091 2021 3155 2061 eo
3179 2007 3498 2076 postulavit
3528 2005 3658 2078 [Al.,
3683 2023 3753 2075 pe-

2166 2098 2344 2172 pigit],
2374 2115 2731 2168 reversusque
2766 2107 2848 2153 est
2873 2100 2923 2152 in
2963 2108 3161 2152 terram
3196 2114 3376 2152 suam.
3425 2099 3571 2152 Dum
3600 2111 3750 2151 autem

2167 2192 2277 2247 illic
2305 2200 2607 2246 moraretur
2632 2189 2950 2261 Sigibertus,
2974 2189 3315 2259 Chilpericus
3337 2188 3520 2242 frater
3549 2187 3662 2257 ejus
3681 2189 3754 2243 he-

2168 2294 2250 2338 ste
2273 2283 2499 2338 collecto
2529 2282 2728 2337 Remos
2751 2282 3023 2351 pervasit,
3065 2289 3119 2335 et
3141 2280 3511 2350 Campaniam
3557 2296 3756 2335 succen-

2167 2390 2282 2430 sam
2312 2383 2474 2444 atque
2499 2373 2793 2444 prmdatam
2821 2372 3140 2427 devastavit.
3189 2372 3509 2442 Sigibertus
3537 2383 3710 2428 autem
3731 2390 3755 2426 a

2168 2463 2371 2518 Chunis
2393 2463 2602 2518 rediens
2623 2463 2816 2527 victor,
2847 2470 3034 2516 contra
3060 2461 3432 2532 Chilpericum
3463 2464 3750 2518 exercitum

2168 2556 2477 2620 commovit,
2517 2554 2823 2610 Suessionis
2848 2555 3120 2609 civitatem
3147 2564 3418 2623 occupat:
3461 2556 3644 2623 ibique
3673 2556 3758 2609 in-

2166 2656 2328 2703 vento
2356 2646 2730 2702 Theudeberto
2757 2646 2867 2702 lilio
2907 2645 3201 2715 Chilperici
3230 2647 3569 2717 apprehendit
3596 2663 3745 2709 eum,

2167 2748 2222 2793 et
2248 2741 2302 2794 in
2341 2737 2588 2794 exsilium
2614 2739 2914 2794 transmisit
2941 2738 3236 2812 [retrusit].
3285 2741 3551 2795 Accedens
3583 2742 3755 2796 etiam

2167 2842 2354 2889 contra
2405 2832 2767 2902 Chilpericum
2816 2830 3014 2886 bellum
3062 2832 3381 2887 commovit.
3447 2831 3572 2899 Quo
3619 2833 3756 2888 victo

2168 2933 2330 2992 atque
2359 2921 2541 2992 fugato
2565 2963 2581 2988 ,
2623 2921 2867 2976 civitates
2894 2935 3020 2975 suas
3041 2921 3094 2975 in
3127 2936 3230 2976 suo
3257 2921 3512 2975 dominio
3538 2923 3761 2977 restituit

2168 3012 2248 3086 [in
2296 3029 2448 3069 suam
2484 3013 2905 3068 dominationem
2945 3009 3263 3083 revocavit].
3321 3011 3750 3068 Theudobertom

2166 3122 2296 3162 vero
2325 3106 2494 3160 filium
2540 3103 2655 3173 ejus
2697 3107 2838 3176 apud
2871 3104 3222 3160 Ponticonem
3256 3103 3451 3159 villam
3502 3109 3751 3161 cuswdirc

2093 3225 2141 3289 ρ
2165 3199 2323 3270 jussit
2345 3215 2440 3270 per
2466 3215 2665 3254 annum
2691 3199 2978 3271 integrum.
3009 3197 3179 3265 Quem
3205 3207 3428 3268 postea,
3458 3199 3692 3255 clemens
3710 3208 3758 3252 ut

2169 3298 2312 3356 erat,
2354 3290 2664 3344 muneribus
2687 3290 2913 3344 ditatum
2955 3289 3097 3357 patri
3131 3289 3376 3344 reddidit
3402 3305 3628 3355 sanum,
3655 3291 3759 3344 dato

2168 3385 2272 3440 sibi
2304 3392 2661 3450 sacramento,
2711 3399 2780 3438 ne
2822 3398 3062 3453 unquam
3092 3392 3283 3438 contra
3328 3400 3462 3438 eum
3493 3400 3658 3456 agere
3683 3384 3757 3438 de-

2165 3475 2338 3532 beret.
2389 3475 2543 3543 Quod
2591 3485 2773 3531 tamen
2817 3486 3004 3546 postea
3031 3517 3046 3541 ,
3091 3478 3339 3546 peccatis
3370 3478 3756 3548 ingruentibus,

2167 3568 2268 3624 fuit
2328 3569 2616 3640 irruptum.
2673 3569 3021 3624 Charibertus
3076 3584 3171 3622 rex
3226 3567 3602 3640 lngobergam
3645 3568 3756 3641 [.tl.,

2165 3661 2598 3734 Ingodotergam]
2640 3661 2792 3716 duxit
2821 3676 3063 3716 uxorem.
3110 3659 3479 3730 Habebatque
3527 3664 3640 3731 ipsa
3688 3675 3757 3713 re

2165 3753 2288 3825 gina
2324 3753 2532 3823 puellas
2573 3752 2708 3808 duas
2751 3752 3027 3822 cujusdam
3074 3751 3334 3822 pauperis
3378 3753 3528 3809 tilias
3553 3796 3570 3819 ,
3615 3755 3756 3808 nimis

2163 3842 2416 3914 pulchras
2475 3851 2528 3898 et
2567 3844 2860 3914 speciosas.
2920 3842 3127 3898 Nomen
3173 3844 3418 3899 senioris
3462 3845 3752 3901 Mareotica

2167 3934 2560 4009 [Marcoueva],
2598 3951 2797 3992 nomen
2830 3951 2958 3992 vero
2983 3935 3218 4006 junioris
3261 3935 3588 3996 Merolledis
3616 3956 3753 3994 voca-

2163 4030 2344 4085 batur.
2373 4031 2429 4086 ln
2459 4045 2687 4101 quarum
2714 4046 2901 4086 amore
2922 4045 3018 4086 rex
3029 4030 3394 4086 Charibertus
3419 4034 3593 4089 nimis
3619 4050 3756 4090 exar-

2162 4133 2326 4178 serat.
2353 4122 2650 4194 lngoherga
2673 4138 2890 4193 quoque
2912 4122 3182 4194 afﬂigebat
3203 4139 3298 4178 eas
3323 4125 3511 4181 nimio
3537 4129 3660 4182 odio
3676 4142 3755 4197 pro

2161 4230 2223 4273 ea
2256 4232 2439 4272 causa.
2468 4215 2603 4271 Nam
2632 4225 2688 4271 et
2718 4225 2927 4287 patrem
2961 4232 3149 4272 earum
3171 4219 3611 4287 compositorem
3642 4223 3756 4275 lani-

2160 4309 2270 4364 ﬁcii
2291 4309 2406 4365 fieri
2431 4309 2612 4379 jussit.
2641 4308 2749 4364 Pro
2773 4325 2878 4380 qua
2905 4325 3068 4364 causa
3098 4325 3192 4365 rex
3223 4311 3394 4366 nimis
3421 4313 3606 4370 iratus
3623 4314 3756 4383 lngo-

2158 4405 2378 4475 bergam
2406 4404 2642 4473 reliquit,
2670 4411 2723 4458 et
2745 4402 3085 4458 Merofledem
3111 4405 3321 4474 accepit
3352 4422 3616 4463 uxorem.
3647 4407 3756 4460 Post

2159 4496 2275 4552 htec
2309 4510 2523 4567 quoque
2559 4494 2863 4552 Marcouefa
2893 4511 3135 4550 sororem
3179 4493 3296 4564 ejus
3335 4497 3412 4550 ad
3457 4499 3754 4570 conjugism

2080 4599 2136 4661 ι)
2159 4589 2464 4657 copulavit:
2492 4603 2590 4659 pro
2612 4604 2717 4659 qua
2756 4604 2921 4644 causa
2952 4605 2981 4641 τι
3015 4600 3203 4643 sancto
3224 4587 3516 4646 Germano
3543 4593 3764 4646 Parisio-

2160 4694 2278 4734 rum
2307 4679 2558 4748 episcopo
2585 4679 3081 4736 excommunicatus
3104 4689 3330 4749 uterque
3364 4690 3475 4736 est.
3511 4683 3627 4739 Sed
3651 4700 3762 4739 cum

2159 4788 2256 4828 rex
2279 4788 2398 4827 eam
2421 4773 2723 4844 relinquere
2751 4772 2933 4838 nollet,
2967 4788 3222 4842 percussa
3242 4771 3465 4841 judicio
3505 4778 3613 4835 Dei
3634 4793 3765 4834 mor-

2158 4870 2250 4917 tua
2275 4871 2378 4918 est.

2159 4954 2286 5036 Car.
2320 4955 2509 5036 XXX}.
2548 4956 2727 5036 ——.f).e_
2757 4967 2924 5011 morte
2949 4957 3253 5036 Cbareberti
3276 4978 3294 5014 :
3337 4971 3390 5036 et
3421 4966 3559 5034 quia
3598 4967 3764 5036 559.533-

2230 5027 2402 5108 berlus
2439 5027 2811 5108 Branchildem
2833 5030 3030 5151 acciri}
3060 5048 3273 5084 uxorem
3302 5027 3445 5098 sibi;
3480 5048 3533 5088 et
3564 5027 3764 5106 Chilpe-

2232 5113 2369 5150 ricus
2397 5096 2746 5151 Galsumtem.
2779 5101 2915 5151 etde
2976 5099 3308 5151 ‘redemmde.

2232 5098 2369 5150 ricus
2397 5096 2746 5164 Galsuintem,
2779 5109 2827 5152 et
2851 5101 2915 5152 de
2943 5096 3308 5172 Fredegunde.

2233 5187 2410 5259 (Greg.
2435 5188 2526 5243 lib.
2558 5206 2636 5256 tv,
2665 5209 2711 5245 c.
2742 5190 2810 5244 27
2839 5203 2887 5245 et
2912 5191 3029 5263 28.)
3059 5194 3174 5248 Non
3204 5205 3330 5266 post
3356 5199 3608 5256 multum
3637 5214 3765 5257 tem-

2158 5294 2260 5348 pus
2278 5278 2630 5337 Charibertus
2658 5282 2823 5337 etiam
2861 5299 2959 5339 rex
2981 5298 3332 5345 mortuusest
3356 5329 3372 5355 ,
3406 5300 3466 5346 et
3493 5293 3557 5348 in
3587 5295 3788 5360 Blavia,

2161 5372 2386 5428 castello
2417 5373 2472 5427 in
2512 5375 2735 5430 basilica
2771 5378 2948 5432 sancti
2991 5378 3216 5434 Romani
3258 5382 3540 5452 sepultus.
3603 5388 3773 5444 Pam

2163 5461 2466 5534 Sigibertus
2504 5480 2601 5520 rex
2645 5481 2768 5521 cum
2806 5467 3014 5524 videret
3055 5471 3200 5538 quod
3224 5468 3431 5527 fratres
3467 5474 3600 5544 ejus
3639 5479 3774 5532 indi-

2161 5575 2294 5633 gnas
2314 5561 2418 5616 sibi
2443 5577 2640 5617 uxores
2674 5563 2983 5633 acciperent
3015 5571 3070 5618 et
3101 5564 3324 5620 ancillas
3350 5565 3424 5620 ad
3451 5570 3774 5644 coniugium

2161 5654 2517 5723 capularent,
2553 5653 2878 5725 legationem
2921 5656 2976 5708 in
3019 5654 3272 5725 Spaniam
3316 5659 3495 5725 misit,
3549 5671 3616 5718 et
3655 5679 3773 5719 cm:

2161 5743 2346 5801 multis
2405 5745 2722 5801 muneribus
2774 5745 3152 5801 Brunchildem
3217 5747 3569 5823 Athanigildi
3636 5755 3776 5824 regis

2163 5837 2328 5894 tiliam
2355 5839 2532 5909 petiit.
2569 5837 2704 5895 Erat
2723 5839 2869 5896 enim
2895 5839 3072 5908 puella
3097 5840 3318 5912 elegans
3342 5859 3540 5915 opere,
3573 5856 3639 5904 et
3655 5846 3774 5920 pul-
