3920 6310
81 343 214 405 me

1184 336 1407 394 GESTA
1443 331 1682 392 REGUM
1717 331 2159 390 FRANCORUM.

3169 338 3309 398 M50

77 470 222 530 citra,
250 471 306 519 et
334 461 626 532 ingeniosa.
669 459 844 528 Quam
871 465 1026 528 pater
1067 461 1184 523 eius
1207 471 1314 512 non
1345 456 1636 522 denegans,
1670 455 1712 510 A
1739 452 1927 516 (luere,
1963 467 2087 507 cum
2115 452 2230 521 ipsa
2257 451 2364 506 filia
2393 467 2492 508 sua
2518 471 2529 505 :
2567 451 2830 524 deditque
2845 455 2896 508 ei
2919 456 3120 525 praedia
3143 456 3318 514 inulta

77 573 192 613 cum
218 553 425 624 magnis
451 552 718 607 thesauris
760 550 1032 604 antedicto
1055 549 1168 618 regi
1191 544 1509 601 transmisit.
1551 542 1643 596 Ille

77 662 198 703 rem
234 658 357 700 cum
383 657 576 714 magno
605 649 865 711 apparatu
909 648 965 694 et
1009 639 1274 693 immenso
1299 635 1494 706 gaudio
1521 648 1643 687 eam

77 738 274 808 accepit
297 751 541 792 uxorem.
590 733 658 787 Et
687 733 811 802 quia
845 730 1059 785 Ariamr
1098 728 1202 796 legi
1237 725 1475 795 subjecta
1500 731 1640 786 erat,

77 844 184 883 eam
225 826 526 898 Sigibertus
553 836 648 877 rex
671 821 726 875 in
765 819 982 874 nomine
1007 825 1210 873 sancta:
1241 813 1522 870 Trinitatis
1546 813 1641 868 ba—

77 921 264 991 ptisare
291 915 580 988 praecepit:
618 921 674 968 et
702 913 860 968 fidem
887 909 1208 966 catholicam
1227 906 1494 970 confessa,
1516 919 1644 975 per-

77 1009 204 1064 ’ecte
235 1008 439 1062 imbuta
462 1012 564 1061 est.
598 1003 751 1070 Quod
780 1001 968 1056 videns
990 997 1326 1069 Chilpericus
1350 1011 1469 1061 rex,
1516 1009 1642 1051 cum

78 1115 172 1154 am
209 1099 390 1169 plures
417 1096 642 1151 haberet
668 1106 885 1154 uxores,
915 1105 1156 1145 sororem
1186 1086 1522 1142 Bruuchildze
1547 1099 1618 1139 no

77 1190 211 1243 nine
243 1183 595 1242 Galsuindam
622 1177 1081 1254 .[Gailsuuindam]
1129 1176 1370 1248 expetiit,
1417 1173 1643 1244 promit-

77 1293 185 1332 .ens
209 1293 306 1349 per
338 1276 551 1347 legatos
595 1273 728 1328 alias
743 1285 945 1326 uxores
971 1268 1261 1325 dimittere.
1313 1265 1475 1320 Pater
1511 1278 1643 1318 vero

77 1368 182 1438 :jus
217 1368 316 1422 has
347 1364 733 1435 promissiones
759 1361 984 1418 audiens
1007 1399 1022 1424 ,
1059 1358 1222 1413 filiam
1253 1373 1410 1412 suam
1446 1353 1644 1425 praefa-

77 1473 175 1511 .am
219 1471 344 1512 cum
389 1454 574 1510 multis
602 1453 867 1508 thesauris
907 1450 956 1504 ei
985 1449 1295 1504 destinavit.
1347 1445 1482 1501 Nam
1528 1444 1644 1514 ipsa

77 1547 354 1604 2alsuinda
390 1553 550 1601 aetate
589 1543 773 1598 senior
816 1548 935 1597 erat
979 1537 1320 1594 Brunchilde.
1367 1535 1640 1606 Chilperi-

77 1655 162 1693 :us
185 1651 313 1694 vero
347 1651 468 1692 cum
498 1649 692 1705 magno
725 1631 920 1704 gaudio
951 1645 1070 1684 eam
1093 1628 1146 1682 in
1177 1625 1424 1696 conjugio
1460 1639 1644 1680 susce-

78 1729 161 1795 iit,
187 1736 242 1782 et
259 1728 373 1799 ipsa
387 1727 442 1781 in
464 1725 680 1781 nomine
693 1731 892 1778 sanctae
905 1718 1184 1774 Trinitatis
1203 1717 1514 1779 chrismata,
1532 1730 1642 1768 ma-

1740 551 1796 595 et
1823 541 1992 597 villas.
2045 543 2366 612 Episcopum
2405 557 2534 597 vero
2558 583 2574 608 ,
2599 544 2694 614 qui
2733 559 2856 599 eam
2883 545 3193 615 baptisavit,
3219 561 3320 606 ex-

1740 629 1861 685 silio
1885 631 2282 686 condemnavit.
2328 630 2733 704 Fredeguudem
2762 649 2892 690 vero
2917 637 3190 708 copulavit
3209 637 3318 700 sibi

1741 720 1806 774 ad
1835 735 2101 792 reginam.
2165 722 2174 732 '

1739 828 1867 884 CAP.
1900 830 2111 885 XXXII.
2136 862 2205 910 —_—
2246 831 2449 910 Bellum
2475 836 2614 904 quod
2651 837 2754 910 fuit
2801 837 3072 910 εὔρει)Μο
3095 849 3146 894 et
3171 841 3322 899 Chil-

1880 974 1896 985 ’
2073 903 2245 972 perico
2268 919 2286 956 :
2321 913 2368 957 et
2392 903 2458 958 de
2485 903 2662 961 morte
2679 903 2982 980 Sigbibcrti.

1810 991 1987 1063 (Greg.
2032 992 2123 1048 lib.
2153 1011 2227 1059 tv,
2258 1010 2306 1048 ε.
2334 995 2424 1060 57,
2453 995 2547 1062 45,
2577 998 2668 1064 49,
2697 999 2787 1064 50,
2815 1000 2930 1074 51.)
2961 1003 3112 1060 Tunc
3149 1005 3324 1062 Justi-

1740 1081 1933 1136 nianus
1978 1093 2268 1152 Imperator
2310 1086 2450 1155 apud
2493 1085 3014 1162 ConstantinOpolim
3050 1093 3324 1151 civitatem

1739 1170 1906 1225 obiit:
1929 1171 2171 1228 Justinus
2189 1175 2414 1230 ambivit
2434 1174 2568 1248 [Αι.,
2592 1178 2819 1252 accepit]
2845 1181 3150 1250 imperium.
3169 1183 3320 1240 Chlo-

1741 1258 1942 1314 dovcus
1988 1275 2200 1331 quoque
2239 1262 2425 1332 iunior
2464 1265 2606 1322 filius
2652 1268 2938 1339 Chilperici
2978 1272 3112 1338 abiit
3155 1289 3325 1344 usque

1743 1347 2093 1419 Burdegalam
2142 1350 2275 1422 ,[Al.,
2334 1353 2698 1425 Burdigalem,
2733 1369 2784 1414 et
2838 1361 3324 1438 Burgundigalam]

1741 1440 1948 1495 urbem.
1981 1441 2084 1498 Ubi
2111 1459 2234 1499 cum
2277 1446 2424 1502 nullo
2469 1449 2802 1518 iuquietante
2832 1455 3110 1523 resideret,
3148 1457 3320 1528 Sigul-

1742 1528 1828 1586 fus
1849 1533 2066 1600 quidam
2085 1550 2116 1588 a
2143 1545 2296 1606 parte
2326 1537 2580 1608 Sigiberti
2609 1543 2751 1614 regis
2776 1545 2992 1613 missus,
3023 1564 3147 1606 cum
3173 1565 3322 1606 exer-

1743 1621 1850 1675 citu
1877 1636 1935 1677 se
1959 1638 2122 1692 super
2141 1639 2262 1680 cum
2278 1625 2490 1695 obiecit.
2519 1631 2687 1700 Quem
2706 1631 3017 1706 fugientem,
3041 1654 3162 1694 eum
3181 1641 3326 1698 tubis

1741 1718 1796 1764 et
1823 1711 2066 1768 bucciuis
2110 1716 2264 1784 quasi
2308 1715 2600 1788 fugientem
2647 1738 2866 1780 cervum
2920 1727 3322 1799 insequebatur.

77 1791 166 1889 gna
195 1791 486 1873 christiana
512 1815 746 1888 [magum
761 1810 1063 1867 sanctitatis
1083 1805 1306 1879 femina]
1328 1805 1514 1862 effecta
1535 1814 1636 1859 est.
1672 1791 1714 1850 Β
1743 1801 1842 1892 Qui
1871 1805 1955 1858 vix
1981 1805 2047 1860 ad
2073 1815 2282 1876 patrem
2311 1808 2496 1866 labens
2525 1810 2766 1870 Parisius
2805 1791 3072 1886 pervenit:
3108 1819 3325 1892 Chilpe-

77 1907 168 1962 ?er
203 1907 383 1964 odium
411 1913 592 1960 autem
614 1899 982 1972 Fredegundis
1001 1897 1155 1953 valde
1172 1897 1422 1966 pessima:
1447 1911 1642 1952 concu-

77 2001 205 2056 bina:
224 2016 335 2056 suae
346 2007 523 2055 ortum
547 1998 785 2053 estinter
795 2011 894 2051 eas
915 1994 1118 2066 grande
1131 1993 1459 2060 scandalum.
1487 1991 1644 2046 Dice-

77 2100 160 2146 )at
181 2091 323 2146 enim
347 2091 459 2160 ipsa
483 2089 774 2145 Galsuinda
801 2095 978 2144 tantas
1005 2085 1108 2146 sibi
1137 2085 1364 2156 injurias
1387 2089 1424 2139 a’
1440 2099 1566 2156 rege
1585 2100 1646 2140 se

77 2182 294 2239 sufferre
317 2198 422 2238 non
449 2197 609 2254 posse
630 2223 646 2248 ,
675 2189 896 2252 propter
921 2179 1232 2236 inimicitias
1257 2177 1641 2248 Fredegundte.

77 2271 242 2328 Petiit.
264 2273 445 2341 itaque
471 2279 534 2326 ut
578 2271 781 2326 relictis
823 2270 1092 2326 thesauris
1115 2309 1132 2335 ,
1167 2283 1304 2339 quos
1343 2282 1529 2324 secum
1578 2266 1645 2322 de

77 2359 264 2432 Spania
300 2361 534 2426 tulerat,
590 2360 816 2416 liberam
861 2374 984 2415 eam
1035 2359 1210 2415 redire
1240 2357 1541 2417 dimitteret
1588 2356 1644 2410 in

77 2453 292 2524 patriam
319 2453 388 2508 ad
421 2462 631 2522 patrem
647 2468 837 2508 suum.
881 2450 995 2508 Sed
1035 2451 1128 2508 ille
1155 2466 1277 2506 eam
1302 2450 1486 2506 verbis
1511 2449 1646 2504 mol-

77 2545 210 2599 ibus
259 2543 650 2600 hlandie‘tatur.
699 2542 804 2598 Per
849 2543 1132 2598 consilium
1176 2543 1360 2612 itaque
1387 2542 1644 2612 pessimae

77 2634 430 2705 Fredegundis
469 2649 586 2688 eam
615 2646 712 2702 per
745 2641 958 2688 noctem
985 2634 1040 2687 in
1065 2640 1234 2688 stratu
1257 2647 1358 2687 suo
1394 2641 1646 2702 strangu-

85 2727 219 2780 avit.
249 2726 376 2781 Post
405 2724 556 2794 cujus
579 2725 785 2780 obitum
811 2723 954 2779 Deus
975 2739 1073 2793 pro
1107 2737 1170 2778 ea
1199 2723 1426 2778 virtutes
1459 2731 1644 2777 osten-

77 2819 168 2873 iit.
224 2817 338 2884 Quo
363 2815 537 2878 facto,
586 2815 782 2871 fratres
820 2814 1107 2886 Chilperici
1143 2815 1246 2870 hoc
1288 2813 1644 2882 indignantes,

77 2922 196 2960 sum
217 2907 280 2972 de
301 2921 468 2978 regno
493 2903 691 2974 ejicere
713 2904 1019 2962 voluerunt.
1049 2903 1292 2959 Habebat
1311 2911 1489 2958 autem
1519 2911 1649 2960 tunc

77 2996 402 3068 Shilpericus
427 3011 522 3052 rex
545 3004 655 3052 tres
673 2995 818 3051 filius
843 2995 908 3050 de
935 2995 1219 3051 Audovera
1240 2994 1424 3064 regina
1445 3008 1561 3060 sua,
1593 2992 1648 3049 id

77 3102 156 3149 Est
177 3133 193 3158 ,
224 3091 654 3148 Theudobertum
677 3088 1150 3164 ITheutbertum],
1202 3087 1506 3143 Neroveum
1525 3127 1542 3152 ,
1592 3093 1647 3141 et

1746 1891 1890 1947 ricus
1916 1907 2129 1962 quoque
2174 1895 2608 1956 Theudobertum
2641 1903 2810 1960 filium
2837 1921 2994 1962 suum
3033 1891 3325 1979 seniorem,

1745 1982 1833 2051 qui
1851 1991 2008 2036 antea
2024 1983 2291 2056 Sigiberto
2301 1984 2597 2056 jurave‘rat,
2614 1992 2754 2048 ultra
2768 1994 3013 2067 Ligerem
3037 2014 3162 2054 cum
3173 1999 3327 2060 hoste

1747 2073 1876 2147 [Al.,
1900 2075 2083 2131 hostili
2110 2077 2292 2150 manu]
2319 2079 2535 2136 direxit.
2566 2082 2668 2150 Qui
2694 2085 2880 2142 abiens
2899 2087 3150 2144 civitates
3187 2089 3328 2162 Sigi-

1744 2166 1884 2221 berti
1918 2167 2167 2224 avunculi
2195 2170 2276 2224 sui
2305 2172 2567 2240 pervasit,
2591 2173 2648 2230 id
2671 2183 2754 2230 est
2781 2175 3027 2244 Toronis,
3071 2178 3326 2250 Pictavis,

1745 2256 1830 2310 vel
1873 2257 2127 2328 reliquas.
2167 2259 2323 2330 Apud
2365 2259 2599 2319 Pictavis
2625 2273 2804 2322 autem
2837 2277 3026 2324 contra
3045 2269 3326 2326 Gundoal-

1746 2347 1872 2402 dum
1895 2347 2082 2404 ducem
2100 2349 2389 2419 pugnavit;
2417 2351 2770 2425 collaesusque
2789 2364 2868 2412 est
2891 2359 3160 2416 exercitus
3179 2360 3327 2416 Gun-

1745 2434 1942 2502 doaltil,
1987 2443 2042 2492 et
2084 2436 2239 2509 fugit.
2294 2438 2646 2512 Magnamque
2674 2445 2874 2501 eadem
2925 2447 3036 2504 illic
3073 2448 3328 2508 Theudo-

1745 2525 1930 2582 bertus
1950 2527 2017 2582 de
2037 2527 2196 2586 hoste
2223 2527 2524 2603 Gundoaldi
2547 2532 2694 2590 fecit.
2718 2534 3002 2594 Commoto
3025 2539 3154 2596 inde
3172 2556 3330 2598 exor-

1747 2615 1856 2670 citu
1879 2615 2287 2675 Lemovicinum
2311 2620 2778 2695 Gadurciuumque
2797 2627 2958 2694 abiit,
2985 2644 3187 2701 easque
3208 2646 3329 2703 per-

1746 2707 1998 2774 vastavit,
2051 2709 2304 2766 ecclesias
2347 2712 2544 2770 multas
2591 2715 2848 2785 incendit,
2900 2721 3199 2786 ministeria
3233 2725 3332 2782 de-

1747 2799 1914 2853 trahit
1959 2798 2246 2874 [abolivit],
2295 2803 2526 2872 clericos
2569 2807 2856 2875 interfecit,
2899 2815 3225 2872 monasteria
3249 2815 3331 2873 vi-

1747 2902 1930 2944 rorum
1957 2889 2167 2959 dejecit,
2191 2893 2490 2962 puellarum
2527 2895 2752 2963 deludit,
2778 2907 2831 2955 et
2859 2910 3052 2958 cuncta
3082 2904 3330 2964 devasta-

1747 2980 1844 3034 vit.
1869 2979 2097 3052 Fuitque
2127 2983 2182 3038 in
2215 2982 2305 3040 illo
2333 2994 2572 3056 tempore
2592 2987 2744 3058 peior
2771 2991 2826 3046 in
2866 2991 3126 3050 Ecclesiis
3153 2998 3329 3068 gemi-

1748 3079 1837 3128 tus
1864 3087 2024 3142 quam
2065 3083 2302 3146 tempore
2347 3079 2740 3147 persecutionis
2781 3082 3092 3142 Maximiani
3121 3097 3178 3142 et
3197 3088 3328 3146 lio-

77 3155 454 3238 ;hlbdoveum,
494 3179 648 3236 Nunc
675 3155 856 3235 ξαιεω
881 3177 950 3234 ad
985 3155 1163 3249 οαφῖρ
1189 3179 1494 3245 redeamus,
1519 3195 1648 3250 qua.
1671 3155 1722 3221 C
1751 3163 1964 3220 eletiani
1999 3165 2402 3235 imperatorum.
2442 3166 2684 3240 Cumque
2726 3171 2827 3230 has
2850 3163 3161 3232 discordias
3185 3177 3331 3234 inter

83 3274 196 3328 iter
226 3270 587 3342 Fredegundis
627 3270 897 3326 dominam
931 3285 1084 3326 suam
1125 3269 1465 3326 Audoveram
1505 3269 1646 3340 regi-

78 3379 197 3420 mm
236 3362 462 3433 decepit.
505 3361 640 3416 Nam
678 3361 794 3432 ipsa
831 3359 1196 3431 Fredegundis
1222 3373 1289 3414 ex
1315 3358 1520 3414 familia
1560 3359 1646 3414 in-

77 3459 197 3512 ima
225 3455 342 3510 fuit.
385 3454 518 3510 Cum
539 3462 718 3509 autem
742 3452 1076 3524 Chilpericus
1097 3467 1192 3508 rex
1213 3451 1272 3506 in
1292 3451 1501 3507 hostem
1523 3467 1646 3508 cum

77 3550 340 3620 Sigiberto
369 3546 534 3601 fratre
551 3560 652 3601 suo
679 3553 868 3599 contra
895 3541 1138 3598 Saxones
1157 3541 1502 3608 ambulasset,
1530 3541 1646 3597 Au-

77 3643 268 3696 lovera
289 3637 477 3709 regina
501 3635 725 3709 gravida
761 3633 1040 3698 remansit,
1066 3649 1186 3704 qua:
1221 3632 1432 3702 peperit
1458 3631 1643 3688 filiam.

77 3726 434 3796 fredeguudis
477 3739 606 3780 vero
629 3739 732 3794 per
765 3723 1046 3794 ingenium
1089 3722 1374 3778 consilium
1403 3721 1550 3778 dedit
1571 3721 1642 3787 ei,

77 3821 292 3875 licens:
339 3816 563 3871 Domina
591 3830 708 3870 mea
727 3855 743 3880 ,
783 3829 913 3871 ecce
937 3813 1196 3869 Dominus
1239 3827 1332 3867 rex
1362 3813 1536 3868 victor
1562 3827 1648 3868 re-

77 3908 298 3964 rertitur
319 3921 335 3960 :
362 3905 631 3977 quomodo
658 3912 835 3975 potest
861 3903 1024 3958 filiam
1045 3917 1198 3958 suam
1218 3900 1644 3974 gratanter[Al.,

77 3980 400 4070 gratulanter
442 4003 496 4051 et
531 3992 838 4066 dignanter]
885 3993 1124 4064 recipere
1147 4008 1254 4048 non
1282 3991 1646 4061 baptisatam?

77 4089 202 4145 lum
229 4087 343 4142 hare
367 4085 607 4140 audisset
633 4084 839 4154 regina,
879 4083 1254 4154 baptisterium
1290 4095 1484 4152 parare
1508 4095 1647 4150 prm-

77 4175 229 4246 :epit,
259 4175 578 4245 vocavitque
599 4173 931 4243 episcopum,
978 4170 1070 4240 qui
1097 4185 1216 4224 eam
1239 4170 1513 4239 baptisare
1556 4170 1648 4224 de-

77 4274 239 4321 ieret.
277 4265 522 4335 Cumque
565 4263 851 4334 episcopus
887 4259 1166 4324 adfuisset,
1209 4274 1318 4314 non
1360 4267 1481 4314 erat
1523 4273 1642 4312 ma-

83 4372 221 4412 rona
250 4358 316 4412 ad
358 4371 596 4428 prmsens
617 4396 633 4420 ,
665 4369 786 4425 quae
813 4353 1044 4424 puellam
1083 4351 1359 4421 suscipere
1403 4351 1640 4408 deberet.

77 4449 133 4504 Et
163 4448 238 4501 ait
263 4444 670 4517 Fredegundis:
720 4439 970 4513 Nunquid
1008 4443 1240 4498 similem
1279 4443 1355 4497 tui
1401 4442 1643 4498 invenire

77 4521 362 4593 ioterimus
385 4577 402 4603 ,
451 4552 571 4606 quae
615 4551 737 4590 eam
775 4533 1074 4604 suscipiat?
1118 4533 1274 4590 Modo
1309 4542 1486 4588 tumet
1526 4536 1644 4605 ipsa

77 4629 280 4698 inscipe
321 4643 460 4683 eam.
508 4626 599 4682 illa
625 4641 755 4682 vero
782 4627 897 4681 hmc
918 4625 1170 4690 audiens,
1219 4626 1284 4680 de
1321 4639 1476 4681 sacro
1497 4623 1645 4682 fonte

77 4733 188 4775 tam
217 4718 468 4789 suscepit.
501 4717 732 4773 Veniens
752 4725 931 4772 autem
957 4731 1055 4770 rex
1075 4716 1263 4780 victor,
1294 4715 1426 4770 exiit
1453 4714 1649 4772 Frede-

77 4808 262 4882 gundis
310 4807 524 4863 obviam
566 4803 650 4872 ei,
691 4805 910 4862 dicens:
941 4803 1052 4860 Deo
1096 4805 1341 4876 gratias,
1387 4805 1512 4874 quia
1539 4804 1644 4860 Do-

77 4889 246 4954 ninus
302 4907 486 4952 noster
535 4911 632 4951 rex
683 4896 963 4951 victoriam
1018 4896 1221 4964 recepit
1271 4896 1336 4952 de
1392 4895 1646 4953 adversa-

77 4989 162 5043 -iis
191 4989 332 5052 suis;
381 4996 613 5058 nataque
650 4988 744 5042 tibi
793 4995 877 5041 est
918 4985 1044 5040 lilia.
1096 4986 1230 5042 Cum
1259 5003 1364 5057 qua
1392 4987 1644 5043 dominus

78 5093 220 5132 nens
261 5073 355 5132 rex
399 5078 630 5132 dormiet
675 5077 775 5131 hac
829 5076 1029 5130 nocte?
1088 5076 1212 5146 quia
1268 5076 1482 5130 domina
1525 5091 1644 5132 mea

77 5167 248 5236 'egina
295 5176 591 5221 commatcr
635 5174 723 5220 tua
774 5175 858 5220 est
911 5167 976 5220 de
1013 5165 1120 5220 filia
1163 5175 1252 5220 tua
1305 5165 1647 5224 Childesinde

85 5257 198 5320 AL,
225 5255 627 5328 Chelsindanc].
660 5255 725 5311 Et
753 5256 841 5312 ille
881 5257 995 5311 ait:
1045 5255 1102 5310 Si
1130 5272 1253 5311 cum
1293 5257 1379 5310 illa
1409 5256 1646 5311 dormire

78 5361 276 5414 nequeo
300 5387 314 5411 ,
343 5347 606 5404 dormiam
651 5355 847 5401 tecum.
897 5344 1138 5416 Cumque
1167 5347 1440 5402 introisset
1469 5364 1558 5402 rex
1590 5347 1644 5402 in

77 5435 242 5488 mulam
291 5451 444 5490 suam
471 5477 484 5501 ,
537 5435 773 5490 occurrit
817 5433 1098 5491 Audovera
1141 5437 1323 5506 regina
1357 5453 1480 5492 cum
1529 5439 1644 5509 ipsa

79 5527 264 5582 mella.
296 5528 363 5582 Et
382 5529 456 5582 ait
476 5529 524 5584 ei
554 5529 664 5586 Rex
693 5548 705 5582 :
738 5527 1030 5584 Nefandam
1061 5546 1174 5585 rem
1198 5529 1370 5586 fecisti
1399 5546 1498 5600 per
1517 5530 1647 5586 sim-

78 5619 367 5676 ilicitatem
412 5631 577 5676 tuam.
623 5619 744 5676 Jam
782 5623 927 5677 enim
972 5623 1165 5694 conjux
1211 5639 1331 5678 mea
1371 5639 1488 5679 esse
1538 5639 1645 5680 non

78 5714 272 5768 niteris
295 5713 542 5784 amplius.
576 5714 909 5788 Rogavitque
937 5731 1056 5772 eam
1087 5733 1242 5772 sacro
1271 5717 1535 5775 velamine
1566 5722 1643 5775 in-

477 5832 744 5892 ΡΑτιιοι..
785 5832 977 5895 XCVI

1749 3255 1850 3312 hos
1895 3254 2092 3312 fratres
2148 3257 2486 3315 disseminari
2536 3261 2762 3329 videret,
2815 3275 3084 3324 commoto
3129 3269 3330 3328 iterm

1748 3345 2085 3417 Chilpericus
2124 3348 2364 3404 exercitu
2412 3364 2582 3421 usque
2625 3351 2808 3408 Remis
2837 3356 3086 3423 accessit.
3133 3366 3330 3417 cuncta

1747 3441 2037 3498 incendens
2059 3450 2220 3512 atque
2246 3441 2536 3498 debellans.
2573 3443 2724 3512 Quod
2754 3446 2978 3504 audiens
3007 3447 3326 3522 Sigibertus,

1747 3542 2056 3599 convocatis
2103 3542 2354 3617 gentibus
2397 3543 2502 3600 illis
2548 3525 2852 3614 qum'ultra
2887 3545 3136 3604 Rhenum
3180 3557 3328 3616 sunt,

1747 3632 1988 3689 Parisius
2011 3633 2178 3697 venit,
2205 3643 2262 3688 et
2300 3642 2488 3690 contra
2517 3633 2742 3690 fratrem
2783 3652 2938 3709 suum
2967 3638 3045 3694 ire
3069 3638 3326 3709 disponit,

1749 3724 1970 3779 mittens
1997 3723 2215 3778 nuntios
2240 3723 2578 3780 Duueusibus
2606 3724 2690 3779 vel
2717 3706 3016 3792 Toronicis,
3047 3735 3109 3783 ut
3135 3706 3328 3785 contra

1748 3814 2186 3870 Theudobertum
2216 3814 2297 3868 ire
2319 3811 2599 3870 deberent.
2625 3813 2780 3881 Quod
2804 3814 2880 3870 illi
2904 3816 3328 3886 dissimulantes,

1747 3919 1842 3960 rex
1867 3903 2230 3976 Godegisilum
2271 3911 2327 3960 et
2353 3903 2744 3961 Guntramnum
2782 3905 2946 3963 duces
2964 3907 3021 3963 in
3047 3909 3221 3980 capite
3245 3909 3329 3966 di-

1746 3993 1895 4066 rigit.
1948 3991 2048 4062 Qui
2093 4003 2496 4051 commoventes
2537 3994 2855 4062 exercitum,
2901 3999 3158 4057 adversus
3204 4016 3328 4056 eum

1746 4094 1996 4156 pergunt.
2043 4083 2137 4140 Ille
2163 4099 2377 4154 quoque
2417 4083 2691 4140 derelictis
2737 4086 2854 4140 suis
2885 4102 3006 4142 cum
3031 4089 3221 4158 paucis
3243 4104 3330 4146 re-

1747 4173 1966 4240 mansit,
1997 4172 2091 4230 sed
2132 4181 2308 4230 tamen
2354 4172 2424 4229 ad
2463 4173 2659 4230 bellum
2706 4175 2854 4231 exire
2900 4191 3008 4231 non
3039 4179 3328 4235 dubitavit.

1747 4265 2144 4335 Venientesque
2155 4266 2225 4320 ad
2247 4281 2478 4336 pugnam
2497 4266 3328 4349 Theudobertus.['l‘heutbertus]
3375 4257 3390 4265 ’

1747 4353 1988 4426 devictus
2039 4355 2419 4424 prosternitur,
2467 4365 2822 4428 mortuusque
2863 4367 2950 4415 est
2975 4359 3072 4415 ibi.
3107 4359 3192 4418 Ab
3217 4362 3332 4420 Au-

1745 4443 1892 4502 uolfo
1917 4459 2130 4516 quoque
2177 4445 2312 4502 duce
2357 4446 2632 4515 collectus,
2669 4449 3007 4506 Ecolosinam
3053 4451 3329 4510 civitatem

1750 4537 2082 4610 deportatus,
2111 4537 2307 4594 ibidem
2331 4539 2570 4609 sepultus
2594 4549 2698 4596 est.
2725 4540 3061 4611 Chilpericus
3084 4559 3213 4602 vero
3232 4560 3332 4616 per

1753 4629 2212 4700 Rodomagensem
2254 4630 2442 4686 urbem
2471 4630 2680 4701 fugiens
2716 4647 2838 4688 cum
2861 4649 3027 4689 uxore
3051 4649 3151 4690 sua
3179 4650 3244 4690 ac
3266 4636 3331 4691 li-

1750 4718 1860 4784 liis,
1899 4717 2203 4774 Turnacutn
2233 4719 2503 4774 civitatem
2531 4719 2827 4790 ingressus,
2851 4720 2923 4774 ibi
2948 4735 3007 4777 se
3036 4721 3255 4778 reclusit
3275 4732 3331 4780 et

1751 4809 2122 4864 communivit.
2151 4807 2450 4880 Sigibcrtus
2467 4824 2595 4864 vero
2615 4809 2860 4864 civitates
2883 4809 3024 4878 illas,
3047 4827 3167 4882 qua:
3189 4813 3330 4870 ultra

1752 4901 1991 4956 Parisius
2038 4908 2164 4954 sunt
2210 4899 2414 4968 positm,
2463 4913 2634 4968 usque
2682 4899 3046 4956 Rodomacum
3096 4903 3326 4972 accepit.

1746 4995 2042 5064 Regressus
2066 4990 2189 5045 inde
2213 4989 2452 5044 Parisius
2485 4989 2764 5058 iutroiens,
2799 4991 2869 5045 ibi
2895 4992 2961 5046 ad
2995 5008 3118 5048 eum
3147 4993 3323 5052 Brun-

1747 5085 1942 5142 childis
1977 5098 2098 5139 cum
2125 5081 2250 5136 filiis
2289 5081 2402 5137 suis
2425 5081 2591 5136 venit.
2628 5081 2778 5137 Tunc
2802 5082 3016 5150 Franci,
3043 5083 3135 5154 qui
3158 5100 3329 5154 quon-

1710 5203 1718 5212 -
1749 5178 1872 5234 dam
1897 5175 1966 5230 ad
1988 5173 2387 5230 Childchertum
2417 5173 2683 5229 seniorem
2713 5183 3055 5242 aspexerant,
3087 5177 3154 5232 ad
3182 5175 3324 5248 Sigi-

1748 5269 1960 5325 bertum
1985 5266 2305 5338 legationem
2329 5267 2548 5321 mittunt
2573 5271 2633 5320 ut
2667 5265 2734 5320 ad
2766 5280 2860 5322 eos
2883 5267 3107 5336 veniret,
3135 5277 3190 5324 et
3218 5268 3328 5324 illic

1750 5359 2056 5430 Chilperico
2076 5357 2348 5422 derelicto,
2368 5359 2544 5428 ipsum
2565 5375 2725 5430 supra
2747 5374 2804 5417 se
2822 5376 3004 5432 regem
3026 5362 3324 5418 stabiliuut.

1751 5453 1853 5520 Qui
1879 5453 1995 5508 haec
2013 5451 2251 5514 audiens,
2284 5450 2431 5506 misit
2456 5465 2550 5506 eos
2578 5460 2638 5506 ut
2660 5451 2884 5508 fratrem
2912 5469 3069 5508 suum
3089 5452 3144 5508 in
3166 5467 3326 5524 supra

1752 5553 2044 5601 memorata
2067 5544 2284 5600 civitate
2305 5543 2550 5600 Turuaco
2575 5544 2902 5611 obsiderent,
2919 5545 3100 5601 dicens
3121 5560 3180 5600 se
3202 5558 3323 5599 cum

1751 5635 1989 5691 exercitu
2015 5650 2108 5690 eos
2133 5648 2252 5689 csse
2289 5643 2614 5690 secuturum.
2667 5633 2766 5692 Cui
2811 5636 3002 5692 beatus
3026 5634 3328 5691 Germanus

1753 5727 2032 5796 cpiscopus
2057 5725 2228 5781 dixit:
2281 5723 2338 5781 Si
2369 5726 2584 5794 abieris,
2615 5735 2670 5782 et
2697 5726 2916 5782 fratrem
2962 5736 3110 5781 tuum
3155 5723 3323 5778 inter-

2815 5835 2890 5894 MS
