3920 6310
476 345 609 404 "5|

1692 334 2018 395 -ΛΝΟΝΥΜΙ
2055 334 2325 394 Ξ»ΕοοΗ
2361 331 2492 393 VIII.

3624 328 3760 388 1452

474 458 637 514 ﬁcere
663 451 920 521 nolueris,
946 452 1099 508 vivus
1117 457 1173 506 et
1194 449 1370 507 victor
1385 446 1532 505 redis
1554 463 1569 515 ;
1595 447 1681 503 sin
1701 455 1881 503 autem
1902 446 2050 502 aliud
2077 454 2125 514 Α
2152 448 2285 517 quit,
2311 447 2558 503 voluntas
2585 445 2681 502 Dei
2724 443 2909 513 ﬁxerit,
2941 446 3055 517 ipse
3084 458 3180 502 eos
3204 457 3484 515 separare
3533 457 3649 498 non
3682 458 3762 499 co-

475 544 816 620 cogitaveris,
863 542 1132 599 morieris.
1184 541 1276 595 Sic
1299 539 1444 595 enim
1488 537 1745 593 Dominus
1769 552 1866 608 per
1892 535 2050 593 Salo-

2150 547 2390 593 naretur.
2433 535 2560 592 Haec
2582 535 2659 591 illi
2686 528 3023 592 sacramenta
3049 536 3412 606 accipientes,
3443 532 3520 589 de
3547 532 3764 588 basilia

477 650 691 692 mortem
718 634 833 689 ait:
880 630 1110 687 Faveant
1137 646 1294 701 quam
1325 629 1482 698 fratri
1516 638 1605 683 tu
1627 628 1968 700 praeparabit,
1996 629 2053 683 in
2151 629 2354 701 egressi
2400 637 2564 685 sunt:
2615 628 3049 698 exosculatisque
3098 627 3307 691 dolose,
3363 633 3428 680 et
3475 622 3764 693 dignanter

475 744 591 782 eam
617 726 792 780 cades.
824 722 975 790 Quod
1007 721 1095 776 ille
1123 719 1308 775 audire
1333 718 1585 789 neglexit.
1625 717 1940 774 Venientem
1961 732 2058 773 au-

480 827 589 874 tem
617 814 764 870 illum
789 812 930 883 apud
957 809 1156 874 villam,
1183 808 1269 864 cui
1310 824 1507 865 nomen
1535 807 1917 872 Victoriacum,
1947 806 2058 863 col-

478 909 651 963 lectus
677 914 760 961 est
800 906 869 961 ad
913 919 1040 961 eum
1086 904 1265 960 omnis
1304 903 1595 968 exercitus,
1639 901 2058 972 impositumque

478 1016 640 1071 supra
664 999 908 1071 clypeum
936 1012 1116 1069 regem
1140 1011 1263 1053 eum
1308 1010 1471 1065 super
1496 1008 1555 1050 se
1592 1001 1855 1049 statuunt.
1906 993 2058 1048 Tunc

479 1089 845 1163 Fredcgundis
881 1104 1087 1145 memor
1119 1089 1316 1143 artium
1362 1103 1581 1143 suarum
1611 1085 1897 1143 inebriavit
1924 1086 2060 1141 duos

478 1199 674 1254 pueros
724 1183 1134 1248 Tarwanenses,
1179 1179 1422 1251 dixitque
1459 1181 1575 1235 eis:
1624 1180 1700 1235 ite
1727 1179 1796 1234 ad
1823 1193 2057 1234 cuneum

480 1275 759 1345 Sigibcrti,
803 1281 859 1331 et
881 1273 1188 1331 assimulato
1230 1280 1291 1328 ut
1325 1287 1447 1327 eum
1490 1286 1649 1343 supra
1676 1285 1773 1327 vos
1798 1269 1851 1324 in
1881 1284 2061 1341 regem

477 1365 692 1424 elevare
736 1367 998 1433 debeatis,
1040 1352 1271 1436 eumque
1316 1363 1619 1420 interﬁcite.
1669 1362 1726 1418 Si
1773 1361 2062 1417 evaderitis

478 1458 607 1522 vivi,
631 1472 731 1529 ego
750 1456 979 1513 miriﬁce
999 1458 1279 1513 honorabo
1302 1471 1418 1521 vos,
1448 1462 1502 1509 et
1524 1454 1761 1510 sobolem
1782 1462 2020 1508 vestram
2042 1469 2059 1519 ;

481 1552 526 1604 si
577 1558 758 1606 autem
807 1551 1142 1615 corrueritis,
1192 1564 1293 1621 ego
1338 1564 1438 1619 pro
1484 1547 1637 1604 vobis
1687 1547 2063 1619 eleemosynas

482 1642 682 1698 multas
702 1656 799 1712 per
833 1641 950 1697 loca
978 1648 1287 1697 sanctorum
1331 1639 1668 1695 distribuam.
1696 1636 1778 1691 llli
1807 1651 1937 1694 vero
1963 1652 2065 1693 nec

484 1736 653 1801 dubii,
681 1737 749 1792 ad
784 1751 907 1791 eum
934 1736 1228 1799 venientes,
1257 1748 1379 1789 cum
1419 1732 1581 1787 aliam
1618 1745 1836 1787 causam
1874 1744 2066 1803 sugge-

2152 720 2406 789 acceptis,
2433 718 2669 789 epulavit
2700 734 2825 774 cum
2851 719 2933 774 eis
2979 733 3093 773 rex.
3143 717 3273 773 Post
3307 715 3444 771 dies
3470 728 3623 768 vero
3648 729 3765 782 pan-

2154 825 2267 874 eos,
2297 824 2421 864 eum
2463 810 2579 878 ipso
2610 808 2859 864 Meroveo
2885 818 3163 878 assumpto
3214 808 3559 863 Suessiouis
3586 806 3765 862 civita-

2158 908 2265 955 tem
2289 899 2470 955 rediit.
2504 899 2749 969 Cumque
2778 899 2977 955 ibidem
3021 910 3357 965 moraretur,
3393 899 3650 954 collecto
3682 899 3769 956 b-

2157 1001 2239 1048 ste
2262 993 2327 1047 de
2352 991 2642 1061 Campania
2689 990 2949 1046 adversus
2974 990 3370 1061 Chilpericum,
3420 990 3525 1045 ille
3566 1006 3769 1061 quoque

2158 1084 2409 1139 similiter
2432 1098 2553 1138 cum
2596 1083 2843 1137 exercitu
2885 1083 3057 1138 aciem
3084 1083 3276 1153 dirigit
3299 1091 3516 1138 contra
3548 1097 3672 1137 eos.
3710 1084 3770 1136 At

2159 1176 2235 1230 illi
2272 1176 2434 1231 nimis
2475 1175 2601 1231 caesi
2642 1175 2699 1230 in
2744 1174 2927 1246 fugam
2970 1175 3309 1240 dilabuntur,
3351 1174 3685 1243 multosque
3709 1175 3768 1227 ibi

2161 1265 2522 1321 nobilissimos
2553 1263 2696 1319 viros
2722 1265 2941 1320 occidit.
2972 1264 3103 1332 Qua:
3129 1272 3439 1335 postquam
3468 1274 3603 1320 acta
3634 1272 3766 1327 sunt,

2161 1371 2256 1411 rex
2299 1354 2638 1424 Chilpericus
2678 1362 2903 1424 propter
2937 1353 3386 1427 eonjugationem
3429 1354 3761 1418 Bnrnhildz,

2162 1445 2245 1500 vel
2265 1443 2381 1513 ejus
2408 1443 2696 1509 maleﬁcia,
2720 1444 3030 1500 Meroveum
3057 1456 3379 1517 suspectum
3412 1446 3663 1501 habebat
3686 1461 3771 1515 pro

2163 1538 2265 1593 hac
2284 1550 2482 1605 pugna,
2504 1534 2792 1591 insidiante
2816 1534 3185 1604 Fredegunde.
3218 1535 3265 1590 Τ
3270 1552 3385 1592 unc
3413 1536 3768 1606 exspoliatu

2162 1642 2287 1682 eum
2336 1626 2406 1682 ab
2452 1640 2624 1690 arma,
2676 1625 3075 1680 commendavit
3120 1627 3490 1692 custodibus,
3548 1636 3769 1681 tamam

2167 1715 2302 1789 [Al.,
2322 1713 2661 1786 consultans]
2690 1714 2820 1783 quid
2842 1714 2909 1770 de
2928 1730 2994 1771 eo
3008 1713 3190 1771 facere
3219 1718 3483 1772 deberet.
3516 1717 3655 1773 Post
3671 1720 3767 1772 hac

486 1843 609 1884 rere
627 1827 958 1893 simularent,
977 1825 1259 1882 abstractis
1279 1822 1465 1880 cultris
1489 1822 1646 1895 (quos
1664 1821 1853 1894 vulgus
1873 1836 2070 1878 seram-

2179 1814 2485 1862 tonsuratus
2529 1812 2615 1861 est
2668 1805 2783 1874 ipse
2833 1804 3111 1861 Meroveus
3155 1805 3398 1877 jubente
3453 1807 3764 1879 Chilperico,

489 1935 657 1974 xaxos
685 1918 819 1990 [Al.,
849 1933 1273 1973 scramsaxos—
1301 1915 1501 1971 Sac/rso
1526 1914 1796 1985 longiores
1826 1910 1986 1968 cultri
2015 1918 2072 1967 et

468 2010 793 2083 ‘machzeraﬂ
823 2009 1034 2080 vocant)
1062 2016 1289 2077 utraque
1329 2006 1381 2062 ei
1409 2005 1579 2061 latera
1624 2003 1843 2061 feriunt.
1884 2001 2072 2059 Atille
2118 2066 2123 2071 _

489 2100 792 2158 vociferans
838 2108 1000 2170 atque
1045 2112 1325 2163 corruens,
1368 2111 1473 2151 non
1518 2103 1640 2167 post
1683 2093 1853 2150 multo
1895 2093 2069 2163 spatio

489 2192 669 2249 emisit
689 2191 939 2261 spiritum
964 2202 1140 2244 suum.
1164 2186 1269 2244 Ubi
1294 2186 1459 2241 etiam
1482 2192 1539 2241 et
1559 2184 1637 2239 illi
1656 2183 1938 2241 homicida:
1959 2196 2074 2238 cor-

489 2291 734 2340 ruerunt.
762 2280 1096 2352 Chilpericus
1117 2293 1245 2334 vero
1265 2277 1514 2333 nesciens
1534 2277 1600 2332 de
1612 2272 1801 2331 fratris
1829 2274 2069 2340 interitu,

488 2377 619 2451 quid
646 2374 1015 2449 Fredegundis
1033 2372 1249 2443 egisset,
1274 2370 1468 2427 dubius
1485 2366 1786 2434 haesitabat,
1804 2363 2073 2437 quomodo

468 2464 787 2535 angustias,
835 2477 970 2534 quas
1010 2462 1079 2517 ab
1108 2461 1263 2516 hoste
1290 2458 1475 2514 fratris
1518 2458 1602 2514 sui
1643 2457 1970 2529 patiebatur,
2003 2470 2073 2510 an

489 2556 723 2611 evadere
758 2561 960 2624 posset,
1005 2559 1099 2607 aut
1134 2563 1261 2606 non.
1293 2547 1475 2604 Donec
1501 2546 1870 2619 Fredegundis
1892 2544 2074 2602 omnia

494 2647 563 2703 de
588 2644 773 2700 fratris
818 2643 901 2698 sui
949 2649 1122 2697 morte
1149 2640 1406 2695 narravit.
1452 2638 1605 2695 Tunc
1644 2650 1896 2709 egressus
1928 2634 2077 2692 Chil-

490 2736 709 2808 pericus
750 2749 844 2790 rex
886 2747 1009 2788 cum
1055 2730 1377 2785 satellitibus
1424 2728 1538 2784 suis
1566 2727 1633 2782 de
1675 2727 1926 2782 Turnaco
1954 2738 2077 2780 cum

494 2841 661 2884 uxore
685 2834 741 2882 et
782 2823 927 2888 ﬁliis,
971 2821 1225 2878 vestitum
1251 2819 1580 2890 Sigibertum
1606 2816 1849 2872 vestibus
1871 2814 2079 2871 ornatis

476 2916 638 2989 apud
675 2914 938 2971 Lambros
962 2910 1142 2967 vicum
1168 2909 1432 2980 sepelivit.
1483 2907 1637 2964 Unde
1682 2916 1868 2978 postea
1910 2905 2078 2963 Sues-

497 3007 666 3064 sionis
694 3007 749 3061 in
772 3004 993 3061 basilica
1032 3001 1207 3059 sancti
1248 3000 1484 3057 Medardi
1504 2998 1661 3069 juxta
1676 3007 1890 3070 patrem
1921 3013 2080 3055 suum

498 3096 870 3155 Chlotharium
907 3093 1254 3164 sepelierunt.
1297 3091 1445 3149 Obiit
1485 3099 1666 3147 autem
1715 3105 1858 3147 anno
1901 3089 1968 3144 lt
1994 3103 2080 3144 re-

2162 1902 2450 1974 presbyter
2494 1900 2776 1957 ordinatus
2822 1914 2947 1956 cum
2992 1907 3145 1954 veste
3201 1900 3559 1957 sacerdmali
3602 1916 3766 1956 noua-

2171 1992 2398 2050 sterium
2423 1990 2682 2048 Aninsula
2720 1990 2776 2046 in
2804 1990 3251 2047 Cinomannicum
3281 2006 3418 2046 eum
3469 1992 3687 2056 direxit,
3716 1999 3764 2044 ut

2170 2086 2284 2142 illic
2324 2084 2559 2157 regulari
2598 2081 2790 2140 ordine
2817 2083 3011 2154 degere
3046 2083 3291 2137 deberet.
3342 2083 3629 2153 Tempore
3654 2099 3764 2153 ῃο-

2171 2192 2277 2249 que
2300 2177 2394 2234 illo
2416 2177 2610 2233 beatus
2631 2174 2932 2231 Germanus
2968 2173 3311 2230 Parisiorum
3337 2173 3643 2245 episcopus
3663 2177 3766 2246 plc-

2172 2284 2274 2325 nus
2302 2268 2511 2325 dierum
2535 2283 2600 2322 ac
2625 2266 2914 2322 virtutibus
2954 2266 3166 2337 magnis
3193 2266 3463 2338 migravit
3493 2271 3565 2323 ad
3606 2268 3768 2322 Benn-

2172 2375 2325 2427 nnm,
2354 2367 2410 2415 et
2449 2374 2574 2415 cum
2620 2358 2787 2430 gloria
2837 2367 2892 2414 et
2925 2358 3211 2430 psallentio
3256 2360 3510 2416 maximo
3550 2362 3612 2415 in
3638 2362 3769 2418 beati

2174 2451 2443 2507 Vinoentii
2471 2451 2725 2522 martyris
2744 2451 2967 2507 basilica
2985 2460 3072 2506 est
3092 2451 3364 2521 sepultus.
3392 2452 3771 2511 Childebcm

2168 2551 2298 2614 post
2340 2543 2456 2599 htec
2484 2541 2670 2612 junior
2703 2542 3030 2616 legationem
3086 2545 3160 2599 ad
3212 2543 3575 2616 Chilpericuru
3619 2547 3775 2603 misit

2174 2642 2392 2706 propter
2415 2632 2765 2690 Brunhildem
2798 2641 3025 2689 matrem
3051 2649 3232 2689 suam.
3265 2635 3348 2689 ω,
3374 2651 3589 2705 quoque
3608 2636 3771 2705 paci-

2179 2723 2277 2780 ﬁce
2305 2724 2513 2781 reddita
2543 2735 2645 2782 est.
2678 2726 2757 2783 Eo
2787 2736 3027 2797 tempore
3050 2728 3288 2783 Samson
3311 2727 3444 2782 ﬁlius
3468 2728 3776 2798 Chilperici

2180 2825 2424 2872 mortuus
2452 2825 2555 2873 εει.

2179 2905 2306 2962 (ΞΜ).
2345 2905 2579 2962 XXXIV.
2601 2935 2671 2947 —-
2696 2905 2774 2962 De
2794 2907 3164 2979 descriptiones
3187 2910 3469 2979 pessimam
3497 2927 3633 2981 quos
3651 2909 3776 2966 Chil-

2704 3000 2911 3068 ρει-ἕσας
2932 2998 3050 3068 ﬁeri
3066 2999 3253 3069 jussit.

2255 3088 2435 3163 (Greg.
2468 3089 2559 3144 lib.
2586 3104 2642 3157 v,
2664 3106 2714 3146 c.
2742 3090 2858 3163 28.)
2882 3090 3225 3163 Chilpericus
3245 3102 3441 3149 autem
3467 3111 3571 3150 rex
3591 3095 3770 3151 descri-

498 3191 591 3263 gni
609 3189 713 3257 sui,
742 3196 901 3243 aetate
921 3184 1369 3257 quadragenaria.
1397 3183 1723 3254 lnterempto
1742 3181 1909 3252 igitur
1944 3179 2084 3251 Sigi-
2107 3170 2155 3234 C
2174 3182 2397 3252 .ptiones
2425 3196 2594 3237 novas
2631 3189 2687 3237 et
2722 3196 2912 3253 graves
2952 3196 3050 3253 per
3073 3184 3369 3240 consilium
3416 3185 3774 3256 Fredegaalis

496 3281 655 3336 berto
677 3293 806 3349 rege
847 3275 990 3347 apud
1026 3274 1388 3331 Victoriacum
1431 3272 1632 3338 villam,
1665 3271 1972 3328 Brunhildis
1997 3285 2084 3326 re-

476 3370 621 3440 ,gina
646 3380 770 3426 cum
814 3366 942 3423 ﬁliis
980 3365 1093 3422 suis
1130 3364 1375 3420 Parisius
1404 3363 1695 3427 residebat,
1727 3360 1883 3432 plena
1909 3360 2077 3425 luctu,

497 3462 625 3533 quid
646 3461 712 3517 de
736 3475 795 3516 se
820 3458 1250 3536 ageredeberet,
1279 3456 1553 3525 ignorans.
1602 3452 1949 3511 Gundoaldus
1974 3452 2082 3507 dux

496 3554 889 3625 apprehensum
941 3550 1348 3607 Childebertum
1405 3547 1573 3603 ﬁlium
1626 3546 1745 3617 ejus
1792 3545 2082 3616 parvulum

476 3645 683 3701 .furtim
710 3659 809 3716 per
828 3651 1043 3701 noctem
1073 3641 1320 3709 abstulit,
1347 3649 1403 3698 et
1444 3656 1567 3697 cum
1592 3656 1658 3696 eo
1684 3641 1738 3697 in
1766 3641 1966 3697 Auster
1991 3637 2080 3694 fu-

497 3737 595 3805 git.
632 3734 995 3804 Collectisque
1024 3732 1296 3804 gentibus,
1320 3746 1484 3804 super
1511 3746 1646 3801 quas
1669 3739 1824 3801 pater
1849 3729 1965 3800 ejus
1993 3746 2081 3785 re-

497 3832 774 3896 gnaverat,
801 3839 984 3895 regem
1011 3839 1135 3880 eum
1171 3824 1468 3880 constituit.

498 3940 627 4000 CAP.
658 3941 986 3997 XXXlll.—
1028 3940 1182 4007 Quod
1221 3938 1558 3995 Brunchildis
1597 3939 1651 3993 in
1694 3938 1878 3993 exsilio
1918 3949 2086 3993 retru-

571 4011 734 4083 ditttr,
777 4028 991 4083 eamque
1038 4009 1372 4065 Merovechus
1400 4010 1456 4064 in
1501 4024 1716 4063 uxorem
1764 4010 2006 4075 assumit,
2036 4018 2085 4063 et

570 4081 763 4137 bellum
787 4081 1193 4152 Cantpauorum.

570 4196 751 4274 (Greg.
783 4197 875 4253 lib.
902 4213 955 4263 v,
980 4213 1028 4252 ο.
1058 4195 1115 4263 2,
1137 4197 1190 4263 5,
1223 4196 1276 4262 8,
1304 4194 1419 4265 2‘2.)
1466 4192 1802 4264 Clrilpericus
1834 4209 1963 4250 vero
1992 4208 2087 4248 rex

503 4292 741 4349 Parisius
766 4291 1006 4357 veniens,
1036 4290 1370 4367 apprehensa
1397 4287 1710 4351 Brunhilde,
1755 4287 1895 4358 apud
1918 4285 2088 4342 Roto-

501 4399 810 4458 nragensem
858 4382 1132 4439 civitatem
1179 4382 1234 4436 in
1281 4381 1474 4437 exsilio
1508 4380 1750 4445 retrusit,
1781 4380 2090 4435 thesauros-

500 4491 605 4548 que
638 4473 769 4544 ejus,
821 4488 958 4544 quos
985 4470 1227 4527 Parisius
1268 4471 1551 4540 detulerat,
1600 4470 1838 4535 abstulit,
1872 4478 1926 4527 et
1951 4470 2088 4526 ﬁlias

500 4565 615 4637 ejus
642 4564 831 4620 Meldis
877 4563 1012 4619 urbe
1050 4569 1233 4618 tenere
1268 4564 1540 4634 praaeepit.
1588 4561 1923 4631 Chilpericus
1969 4568 2089 4633 post

501 4657 619 4713 lucc
662 4654 830 4709 ﬁlium
862 4669 1016 4710 suum
1064 4651 1370 4709 Meroveum
1401 4668 1525 4708 cum
1550 4653 1793 4708 exercitu
1826 4653 1966 4708 ultra
1990 4652 2082 4707 Li-

502 4747 674 4822 gerim
700 4746 899 4816 dirigit.
946 4745 1017 4799 At
1042 4745 1131 4800 ille
1159 4744 1344 4799 relicta
1391 4744 1731 4800 ordinatione
1769 4746 1959 4814 patris,
1988 4759 2086 4815 per

503 4837 961 4897 Cenomannicum
993 4849 1262 4899 reversus,
1292 4843 1523 4889 matrem
1552 4851 1704 4891 suam
1746 4834 2080 4893 Audoveram

506 4930 724 4987 visitare
751 4942 811 4984 se
836 4927 1062 4997 ﬁngens,
1109 4926 1463 4982 Rotomacum
1488 4927 1763 4983 civitatem
1783 4928 1949 4983 venit.
1978 4927 2084 4984 lbi-

503 5038 608 5092 que
640 5018 970 5076 Brunihilda:
1000 5016 1200 5089 reginae
1228 5016 1566 5087 conjunctus,
1592 5030 1711 5072 eam
1743 5018 1846 5074 sibi
1876 5018 1929 5075 in
1953 5033 2085 5075 con-

504 5114 708 5183 iugium
755 5111 1042 5183 copulavit.
1100 5109 1227 5166 llaec
1277 5110 1501 5166 audiens
1549 5110 1904 5181 Clrilpericus,
1946 5108 2087 5182 quod

506 5206 713 5265 scilicet
736 5212 922 5261 contra
952 5202 1036 5260 fas
1060 5209 1115 5258 et
1136 5203 1306 5274 legem
1335 5203 1649 5259 canonicam
1672 5220 1895 5259 uxorem
1914 5205 2091 5274 patrui

507 5297 824 5369 accepisset,
869 5298 1025 5353 valde
1067 5312 1285 5353 amarus
1335 5294 1508 5353 factus
1556 5304 1658 5360 est,
1693 5305 1748 5353 et
1771 5295 1998 5355 festinus
2024 5298 2092 5353 ad

512 5393 682 5462 ipsam
711 5390 898 5446 urbem
945 5390 1203 5461 perrexit.
1239 5388 1320 5443 llli
1360 5403 1489 5444 vero
1532 5403 1654 5444 cum
1688 5387 2085 5457 cognovissent,

514 5483 658 5555 quod
693 5496 786 5538 eos
831 5496 1082 5554 separare
1119 5480 1454 5546 decerneret,
1500 5479 1568 5535 ad
1603 5479 1884 5535 basilicam
1919 5481 2092 5536 sancti

516 5575 747 5640 Martini,
777 5588 897 5645 quae
938 5580 1020 5627 est
1061 5572 1256 5644 ligneis
1300 5571 1495 5628 tabulis
1539 5586 1702 5642 supra
1726 5586 1938 5627 murum
1964 5585 2091 5626 con-

511 5677 738 5732 structa,
768 5662 1102 5736 confugiunt.
1133 5664 1245 5719 Rex
1267 5679 1397 5719 vero
1423 5680 1546 5721 cum
1572 5678 1666 5722 eos
1696 5678 1792 5736 per
1817 5663 2093 5734 ingenium

513 5755 634 5814 italo
681 5755 880 5825 ejicere
909 5769 1016 5808 non
1062 5762 1257 5824 posset,
1292 5753 1476 5809 dolose
1501 5754 1580 5810 eis
1624 5752 1852 5829 iurans:
1897 5750 1979 5823 Si,
2007 5751 2090 5809 in-

2117 4521 2165 4582 D

2185 3275 2241 3329 in
2269 3283 2462 3330 cuncto
2488 3289 2656 3344 regno
2680 3290 2778 3331 suo
2806 3274 2922 3331 ﬁeri
2945 3275 3126 3345 jussit.
3167 3276 3277 3333 Pro
3299 3295 3414 3349 qua
3443 3295 3619 3335 causa
3642 3279 3772 3334 multi

2185 3365 2549 3434 relinquentes
2583 3364 2832 3420 civitates
2855 3364 2975 3420 illas
2997 3365 3084 3421 vel
3105 3368 3503 3437 possessiones
3528 3371 3770 3439 νευρώδη

2183 3461 2287 3515 alia
2315 3475 2475 3531 regna
2498 3459 2789 3529 petierunt,
2814 3459 3094 3517 dicentes:
3131 3459 3247 3515 Sibi
3271 3462 3481 3517 melius
3506 3478 3775 3534 essepeti-

2185 3550 2408 3623 grinari,
2436 3566 2599 3621 quam
2625 3550 2714 3605 tali
2743 3551 2984 3620 periculo
3011 3550 3316 3620 suhjacere.
3373 3551 3476 3608 Sic
3518 3554 3775 3610 enimda-

2185 3653 2359 3701 tutum
2396 3644 2586 3708 fuerat,
2629 3652 2689 3700 ut
2727 3660 3007 3715 possessor
3045 3645 3112 3702 de
3150 3646 3382 3716 propria
3430 3655 3593 3703 terra
3638 3663 3772 3703 am

2184 3738 2500 3807 amphoram
2539 3734 2651 3789 vini
2694 3749 2792 3804 per
2814 3749 3138 3805 arepennem
3167 3734 3453 3793 redderet.
3516 3737 3612 3794 Sic
3637 3750 3684 3795 et
3720 3739 3773 3793 th

2187 3826 2408 3898 reliquis
2435 3827 2594 3881 terris
2624 3833 2679 3881 et
2708 3825 2956 3882 universa
3004 3828 3307 3883 substantia
3356 3828 3662 3888 faciebant.
3706 3830 3773 3885 Si-
3808 3854 3811 3855 ν

2188 3915 2391 3972 militer
2418 3923 2472 3970 et
2511 3915 2578 3971 de
2622 3916 2905 3986 mancipiis
2945 3924 3138 3973 cuncta
3173 3919 3517 3990 agebantur.
3569 3921 3775 3993 Ρορὼ

2188 4021 2317 4062 vero
2356 4006 2508 4062 valde
2548 4020 2837 4076 oppressus
2875 4007 3311 4064 vociferabantur
3360 4013 3433 4067 ad
3484 4012 3771 4068 Dom

2188 4096 2267 4151 Eo
2290 4103 2533 4165 tempore
2562 4111 2657 4152 rex
2680 4095 3020 4166 Chilpericus
3046 4098 3287 4170 graviter
3308 4105 3637 4173 aegrotavit.
3676 4104 3774 4171 Qu

2190 4196 2544 4258 recrqserante
2598 4187 2731 4261 [Αι.,
2776 4188 3189 4262 revalescente],
3244 4190 3398 4248 ﬁlius
3448 4195 3579 4266 ejus
3618 4196 3773 4266 jnaia

2190 4281 2419 4336 necdum
2451 4281 2751 4351 haptisatns
2783 4290 3050 4354 azgrotare
3084 4284 3269 4353 erepit.
3323 4285 3439 4353 Qui
3470 4289 3774 4361 baptisatas,

2190 4370 2281 4425 vix
2308 4370 2595 4427 convaluit.
2626 4370 2925 4442 Fraterque
2974 4370 3090 4440 ejus
3134 4375 3319 4429 senior
3366 4381 3604 4436 nomine
3643 4381 3776 4436 Clie-

2191 4461 2447 4519 dobertus
2492 4462 2597 4517 hoc
2649 4464 2839 4519 morbo
2893 4462 3183 4535 corripitur
3231 4465 3398 4522 valde
3448 4467 3597 4541 [Al.,
3629 4470 3779 4525 valb

2190 4552 2359 4626 tabe].
2407 4553 2475 4607 Et
2517 4552 2888 4625 Fredegundis
2927 4555 3086 4625 plena
3132 4556 3320 4613 dolore
3353 4560 3608 4618 ﬁliorum
3636 4574 3783 4634 erga-

2190 4646 2346 4709 mitu,
2378 4644 2453 4699 ait
2475 4645 2542 4699 ad
2584 4660 2766 4716 regem
2797 4661 2922 4701 sero
2946 4647 3216 4717 paenitens
3243 4647 3385 4721 [Al.,
3408 4650 3537 4721 jam
3569 4655 3795 4725 rem}.

2189 4734 2367 4808 tens]:
2403 4735 2503 4791 Diu
2540 4751 2641 4791 nos
2668 4735 2807 4791 male
2854 4745 3078 4809 agentes
3111 4739 3286 4809 pietas
3316 4742 3515 4797 divina
3547 4746 3782 4800 susum.

2188 4828 2323 4884 Nam
2367 4844 2466 4884 nos
2512 4844 2654 4899 saepe
2701 4827 2942 4885 febribus
2968 4837 3025 4886 et
3066 4830 3187 4886 aliis
3216 4832 3380 4888 malis
3425 4838 3719 4907 corripuit,
3745 4847 3788 4892 et

2187 4922 2475 4977 emendare
2526 4920 2878 4992 negleximus.
2932 4921 3075 4978 Ecce
3114 4920 3228 4992 jam
3275 4926 3581 4994 perdimus
3632 4930 3786 4986 ﬁlios:

2188 5026 2315 5068 ecce
2332 5010 2444 5081 jam
2466 5027 2560 5068 eos
2584 5012 2835 5084 lacrymae
2862 5028 3180 5085 pauperum,
3203 5014 3449 5071 lamenta
3491 5020 3789 5081 viduam

2190 5101 2420 5172 suspiria
2449 5102 2759 5158 orfanorum
2786 5104 3124 5159 interimunt.
3168 5104 3309 5160 Ecce
3345 5110 3477 5164 auri
3508 5119 3572 5166 et
3602 5111 3795 5185 arguti

2192 5197 2453 5252 immensa
2476 5198 2736 5267 pondera,
2752 5198 2970 5254 cellaria
2993 5208 3049 5255 et
3060 5200 3257 5255 horrea
3278 5200 3448 5271 plena
3472 5207 3798 5267 redundant.

2194 5299 2249 5346 et
2283 5289 2554 5345 nescimus
2600 5290 2688 5345 cui
2734 5305 3124 5362 congregamus
3170 5306 3255 5347 ea.
3310 5291 3463 5349 Ecce
3511 5298 3670 5366 quod
3697 5294 3801 5367 pni-
3918 5302 3920 5367 ἢ

2200 5383 2385 5439 chrius
2414 5382 2767 5449 habebamus,
2803 5382 3096 5452 perdimus.
3137 5380 3280 5449 Quid
3308 5385 3476 5440 nobis
3504 5389 3800 5456 proderunt

2198 5477 2381 5532 omnia
2409 5475 2553 5531 ista?
2577 5473 2731 5530 Nunc
2753 5490 2882 5530 vero
2902 5474 3112 5544 placeat
3144 5476 3240 5531 tibi
3269 5478 3581 5534 consilium
3610 5494 3799 5536 meum.

2199 5581 2251 5625 et
2266 5569 2397 5640 jube
2433 5569 2659 5625 reddere
2705 5567 2850 5639 quod
2896 5566 3035 5623 male
3079 5567 3452 5637 pervasimus,
3492 5581 3553 5627 et
3604 5572 3802 5628 deseri.

2197 5663 2410 5732 ptiones
2440 5675 2624 5725 novas,
2651 5674 2788 5729 quas
2812 5656 3008 5729 injuste
3032 5668 3087 5713 et
3113 5658 3364 5728 nequiter
3391 5659 3663 5727 fecimus,
3687 5662 3803 5731 jube

2201 5751 2486 5807 incendere
2513 5749 2647 5823 [Αι.,
2680 5749 2802 5821 igne
2826 5747 3102 5820 cremari},
3131 5756 3190 5816 ut
3223 5748 3269 5804 si
3294 5758 3465 5806 natos
3503 5754 3801 5824 per-(funus
