3920 6310
84 376 223 438 1453
1221 383 1444 440 GESTA
1480 383 1721 443 RECUM
1754 385 2200 445 FRANCORUM.
3208 378 3347 444 “5‘

85 494 168 550 vel
196 507 416 563 pinnam
457 501 775 563 perpetuam
818 493 1128 549 evadamus.
1181 494 1332 551 Tunc
1384 512 1481 551 rex
1515 512 1665 552 com-
1698 504 1743 562 Α
1772 512 1830 557 se
1856 500 2231 567 Landericum,
2262 511 2318 559 et
2360 504 2604 560 narravit
2635 504 2683 560 ei
2712 504 2831 561 haec
2858 502 3040 560 omnia
3078 506 3209 575 qua:
3248 518 3349 561 rex

83 590 285 655 puncto
310 583 475 637 corde
495 582 713 637 tradidit
739 596 927 639 omnes
946 583 1333 654 descriptiones
1366 586 1576 656 iniquas
1594 587 1662 643 ad
1760 590 1983 659 fecerat,
2012 594 2196 649 dicens
2218 610 2237 649 :
2268 595 2455 667 Cogita
2476 594 2604 666 quid
2624 610 2785 665 agere
2813 596 3009 653 debeas
3035 612 3048 649 :
3076 596 3202 667 quia
3228 609 3349 653 cra-

83 672 508 728 comburendum
553 672 606 727 in
649 674 845 743 ignem.
895 673 1025 729 Post
1071 674 1186 730 ham
1230 675 1482 745 parvulus
1521 676 1662 733 ﬁlius
1759 682 1898 738 stina
1922 683 2008 739 die
2037 685 2103 739 ad
2132 692 2402 740 tormenta
2433 685 2607 742 valida
2649 686 2937 741 exibimus.
2988 686 3056 741 Et
3082 687 3159 741 ait
3198 686 3349 743 Lan-

83 765 197 833 ejus
224 763 475 818 moritur.
504 762 671 830 Quem
701 779 823 819 cum
850 763 1038 834 grandi
1078 780 1309 821 maerore
1340 766 1575 821 Parisius
1604 767 1659 822 in
1759 771 1970 828 dericus
1996 773 2346 829 contristatus
2374 773 2587 844 spiritu,
2642 781 2695 830 et
2735 781 3038 830 commotus
3063 775 3345 847 lacrymis,

83 855 303 911 basilica
346 853 518 911 sancti
554 853 794 925 Dionysii
838 856 1091 926 martyris
1125 855 1468 926 dcportantes
1510 872 1662 927 sepe-
1757 861 1983 918 dicens:
2016 862 2148 918 Tam
2169 865 2308 919 mala
2332 861 2517 937 [male]
2545 865 2679 919 hora
2700 871 2754 921 te
2777 866 3026 921 viderunt
3044 866 3188 922 oculi
3214 864 3345 923 mei.

83 950 300 1003 lierunt.
352 945 615 1017 Deinceps
661 946 1057 1003 Chiodobertus
1098 946 1233 1020 [Al.,
1270 948 1557 1020 Robcrtus]
1598 949 1661 1003 li-

84 1041 179 1095 ius
202 1054 396 1095 eorum
421 1038 559 1094 alius
592 1053 713 1093 cum
741 1037 904 1092 nimis
925 1046 1233 1108 aegrotaret,
1276 1049 1659 1109 componentes

83 1147 198 1187 :um
234 1130 292 1185 in
312 1128 532 1194 feretro,
576 1129 893 1185 Suessiones
928 1128 1059 1201 (AL,
1108 1129 1355 1201 Scxouis]
1385 1132 1450 1185 ad
1479 1131 1660 1187 basili-

83 1235 195 1274 :am
215 1219 391 1275 sancti
418 1219 652 1275 Medardi
674 1219 1029 1275 deduxean
1057 1218 1512 1289 Projicieatesque
1531 1236 1656 1276 eum

84 1314 141 1368 ιι]
177 1320 425 1369 sanctum
473 1313 797 1383 sepulcrum,
823 1319 1085 1367 voverunt
1124 1320 1247 1367 vota
1290 1327 1390 1382 pro
1415 1327 1499 1368 eo.
1549 1312 1656 1368 Sed

89 1402 249 1456 nedia
275 1408 433 1456 nocte
460 1401 713 1456 deficiens
737 1408 982 1455 mortuus
1010 1409 1113 1457 est.
1156 1401 1326 1467 Quem
1350 1401 1405 1455 in
1435 1402 1654 1457 basilica

83 1499 383 1545 sanctorum
425 1499 724 1562 martyrum
765 1490 999 1562 Crispini
1033 1499 1090 1547 et
1128 1492 1455 1562 Crispiniani
1498 1508 1655 1564 sepe-

87 1582 290 1635 icrunt.
348 1580 568 1652 Magnus
611 1596 826 1652 quoque
869 1583 1117 1653 planctus
1163 1584 1219 1639 in
1266 1585 1413 1639 omni
1444 1586 1654 1664 populo

83 1670 191 1726 'uit.
224 1671 359 1727 Nam
384 1673 640 1729 mulieres
677 1688 802 1729 cum
831 1674 964 1730 viris
987 1684 1261 1733 sumentes
1290 1676 1535 1748 lugubria
1561 1678 1654 1733 lle-

84 1774 218 1831 )ant,
252 1766 422 1836 nigris
450 1767 689 1821 vestibus
714 1766 930 1829 indutas,
978 1780 1245 1836 percussa:
1285 1776 1505 1837 pectora
1549 1769 1653 1825 boc

1759 951 1858 1006 Ubi
1894 951 2078 1023 fugere
2106 967 2327 1023 possum
2378 954 2594 1010 domino
2631 968 2755 1010 meo
2780 955 2939 1025 regi?
2972 955 3171 1027 ignem
3200 956 3347 1012 enim

1756 1042 1884 1110 quid
1921 1057 2081 1109 agere
2117 1045 2363 1110 debeam,
2401 1045 2526 1114 quia
2571 1046 2931 1115 comprimunt
2974 1061 3064 1102 me
3108 1046 3353 1118 undique

1754 1131 2036 1200 angustiae.
2069 1132 2133 1187 Et
2161 1132 2247 1187 illa
2283 1132 2420 1189 dixit
2451 1134 2536 1190 ei:
2580 1133 2699 1192 Noli
2731 1136 2961 1192 timere:
3015 1136 3138 1192 audi
3166 1136 3331 1194 cousi-

1754 1219 1885 1274 lium
1906 1236 2107 1288 meum,
2133 1231 2188 1279 et
2211 1222 2473 1280 faciamus
2494 1225 2634 1281 hanc
2659 1239 2793 1289 rem,
2820 1234 2877 1281 et
2892 1240 2998 1281 non
3019 1226 3351 1282 moriemur;

1753 1308 1889 1365 Cum
1914 1312 2059 1367 enim
2090 1327 2181 1369 rex
2224 1313 2292 1369 de
2318 1315 2603 1371 venatione
2650 1329 2863 1371 summo
2901 1317 3077 1375 noctis
3121 1330 3346 1388 vespere

1753 1400 2141 1458 obtenebrante
2185 1404 2507 1473 crepusculo
2552 1405 2851 1471 advenerit,
2911 1406 3192 1461 mittamus
3248 1408 3345 1476 qui

1753 1505 1877 1547 eum
1900 1492 2229 1550 interﬁciat:
2280 1504 2335 1550 et
2360 1510 2637 1566 praecones
2662 1496 2915 1561 clament,
2952 1498 3096 1568 quod
3135 1486 3347 1555 insidiai

1753 1588 1880 1636 sunt
1903 1581 2256 1638 Childeberti.
2296 1584 2392 1641 illo
2439 1600 2655 1656 quoque
2694 1594 2908 1644 mortuo
2934 1602 3033 1644 nos
3076 1602 3200 1643 cum
3230 1587 3344 1643 filio

1754 1685 1875 1726 meo
1901 1669 2217 1730 Chlothario
2242 1689 2546 1745 regnemus.
2573 1677 2801 1751 Factum
2827 1686 2913 1735 est
2934 1686 3115 1736 autem
3141 1679 3196 1734 in
3239 1679 3343 1734 tui-

1752 1761 1885 1815 tium
1910 1764 2104 1828 noctis,
2134 1774 2443 1821 revertente
2468 1766 2772 1837 Chilperico
2792 1783 2920 1839 rege
2940 1770 3007 1827 de
3030 1770 3338 1836 venatione,

83 1855 231 1911 “unus
253 1865 380 1912 sunt
403 1865 719 1928 prosecutae.
751 1857 914 1912 Multa
944 1872 1156 1928 quoque
1178 1875 1401 1916 munera
1430 1876 1493 1917 ac
1511 1860 1650 1917 dona
1682 1868 1729 1932 Β
1753 1855 1971 1923 quidam
1996 1857 2149 1925 pueri
2170 1857 2479 1915 adulatores
2509 1862 2764 1918 inebriat!
2783 1863 2911 1919 vino
2932 1878 2964 1918 a
2988 1863 3340 1934 Fredegunde

83 1945 404 2017 Iliilpericus
446 1963 542 2003 rex
573 1948 820 2005 ecclesiis
846 1949 928 2004 vel
967 1952 1312 2021 pauperibus,
1343 1967 1408 2009 ac
1447 1955 1647 2024 przedia

84 2038 234 2091 uulta
260 2046 345 2093 est
371 2038 617 2110 largitus.

83 2167 195 2223 JAP.
460 2200 531 2214 —-
557 2169 630 2245 De
660 2169 868 2226 Iustino
894 2180 942 2226 et
984 2171 1188 2245 Tiberio
1210 2174 1642 2245 jmperaton'bus,

136 2246 188 2311 et
211 2236 275 2291 de
307 2238 472 2311 Italia
498 2239 777 2311 subjugata
797 2257 816 2295 :
857 2250 905 2295 et
933 2243 1160 2311 transitu
1195 2236 1544 2298 Curithramni
1571 2236 1647 2299 re;

134 2306 232 2385 gis,
250 2309 473 2385 “etquod
500 2306 599 2379 per
629 2306 889 2365 inueniam
938 2310 1296 2385 Fredegondis
1339 2314 1643 2384 interfectus

126 2384 209 2431 est
242 2375 581 2449 Chilpericua.

132 2485 373 2559 (δι-ερον.
400 2489 491 2543 lib.
514 2507 566 2557 v,
593 2508 706 2563 cap.
737 2493 852 2556 50.)
883 2495 961 2550 Eo
982 2511 1195 2566 quoque
1219 2507 1459 2568 tempore
1482 2498 1644 2555 Justi-

83 2596 167 2637 ius
197 2581 490 2651 imperator
521 2598 706 2642 amens
756 2587 979 2645 eﬂ'ectus
1024 2591 1089 2645 15
1130 2606 1274 2648 anno
1308 2594 1520 2663 imperii
1554 2595 1638 2650 sui

84 2674 202 2742 pud
224 2671 737 2745 Constantinopolim
764 2679 1034 2734 civitatem
1059 2682 1211 2737 obiit.
1243 2682 1491 2739 Tiberius
1513 2701 1643 2755 quo-

83 2776 168 2830 [ue
192 2761 474 2831 imperium
503 2765 759 2837 suscepit.
792 2765 921 2823 Post
959 2769 1071 2824 haec
1106 2769 1474 2828 Theudoricus
1508 2788 1642 2843 puer

83 2850 204 2906 ilius
233 2850 518 2922 Chilperici
546 2855 698 2910 obiit.
738 2856 834 2912 His
879 2859 1069 2915 diebus
1093 2862 1302 2931 peperit
1330 2862 1641 2935 Fredegun-

83 2939 149 2993 lis
195 2955 439 3009 puerum,
497 2959 659 3013 quem
712 2944 1086 3003 Chlotbarium
1135 2962 1484 3008 vocaverunt.
1540 2954 1640 3011 Hic

83 3031 164 3084 nit
189 3041 367 3101 postea
391 3050 485 3090 rex
527 3051 775 3107 magnus,
803 3038 893 3108 qui
941 3040 1125 3110 genuit
1169 3042 1548 3113 Dagobertum.
1578 3046 1637 3101 In

83 3120 170 3176 llis
190 3138 399 3194 quoque
421 3124 611 3182 diebus
633 3127 1014 3188 Childebertus
1044 3147 1138 3187 rex
1170 3133 1223 3187 in
1249 3133 1455 3189 italiam
1478 3137 1633 3205 abiit,

1751 1944 1923 2010 missi,
1965 1946 2094 2000 dum
2121 1949 2188 2002 de
2229 1961 2370 2017 equo
2405 1950 2779 2017 descenderet,
2822 1952 3169 2023 pergentibus
3203 1952 3336 2009 reli—

1748 2034 1871 2104 quis
1892 2037 2139 2106 personis
2184 2036 2253 2093 ad
2277 2046 2479 2094 metata
2519 2038 2652 2112 [AL
2680 2041 2753 2097 ad
2793 2040 3054 2115 hospitia]
3088 2055 3207 2109 sua,
3234 2041 3349 2111 ipsi

1747 2123 2073 2194 gladiatores
2099 2138 2484 2197 percusserunt
2508 2145 2688 2201 regem
2708 2131 2765 2186 in
2803 2131 3337 2190 alvum'scramsaxis

1746 2213 1878 2287 [Al.,
1915 2218 2286 2293 scramxasis].
2342 2221 2415 2276 At
2464 2222 2553 2277 ille
2605 2223 2927 2280 vociferans.
2954 2225 3239 2297 expiravit,
3278 2235 3339 2284 et

1745 2319 1991 2367 mortuus
2039 2320 2142 2368 est.
2200 2312 2681 2372 Succlamaverunt
2733 2332 2950 2388 quoque
2999 2318 3328 2385 adulatores,

1742 2413 1880 2470 quos
1891 2401 2073 2471 regina
2083 2402 2454 2461 fraudulenter
2465 2406 2707 2473 miserat,
2720 2408 2989 2465 dicentes:
3008 2409 3238 2476 Insidiae,
3256 2412 3334 2467 in-

1743 2493 1895 2549 sidiae
1907 2493 2121 2550 fuerunt
2140 2496 2225 2552 hat
2241 2496 2568 2554 Childeberti
2591 2499 2737 2571 regis
2756 2500 3159 2558 Austrasiorum
3170 2519 3335 2574 super

1742 2584 2019 2639 dominum
2046 2594 2287 2642 nostmm
2329 2603 2527 2660 regem.
2556 2589 2707 2647 Tunc
2738 2592 3011 2648 exercitus
3036 2593 3141 2650 huc
3175 2592 3331 2649 illuc-

1741 2688 1847 2741 que
1877 2674 2244 2732 discurrentes
2267 2693 2391 2732 cum
2417 2679 2551 2734 nihil
2586 2678 2934 2746 invenissent,
2977 2684 3180 2739 reversi
3206 2691 3334 2739 sunt

1740 2762 1809 2816 ad
1835 2765 2049 2832 propria
2077 2778 2194 2819 sua.
2229 2766 2498 2821 Mallulfus
2523 2766 2655 2839 [Αι.,
2681 2768 2990 2842 Mathulfus]
3016 2773 3196 2841 itaque
3216 2771 3330 2827 Sil-

1741 2855 2078 2911 vancctensis
2125 2856 2426 2928 episcopus,
2468 2859 2561 2928 qui
2589 2859 2644 2913 in
2684 2859 2802 2929 ipso
2847 2860 3049 2930 palatio
3074 2869 3203 2918 tunc
3228 2864 3330 2918 ad-

1739 2953 1877 3013 erat,
1918 2945 2165 3002 indutum
2213 2962 2338 3004 eum
2384 2933 2627 3006 vestibus
2654 2950 2947 3022 regalibus,
2979 2952 3035 3007 in
3069 2967 3207 3009 nave
3245 2952 3329 3010 le-‘v

1738 3044 1946 3102 vatum,
1998 3052 2122 3093 cum
2153 3038 2367 3109 hymnis
2403 3048 2462 3095 et
2482 3041 2768 3110 psallent'to
2795 3057 3012 3110 magno,
3050 3060 3174 3100 cum
3200 3044 3330 3101 Fre-

1737 3125 1983 3205 degunde
2007 3128 2189 3198 regina
2218 3127 2304 3184 vel
2346 3129 2556 3199 reliquo
2584 3132 2852 3193 exercitu.
2898 3132 3140 3189 Parisius
3185 3133 3326 3189 civi-

84 3230 383 3286 ursumque
408 3232 527 3272 eam
556 3218 622 3273 ad
646 3229 856 3289 partem
893 3221 1107 3288 Auster,
1147 3238 1307 3293 quam
1351 3227 1464 3297 ipse
1494 3243 1643 3299 rege-
1668 3227 1712 3289 ρ
1748 3223 1911 3271 tatem
1942 3217 1996 3271 in
2027 3216 2247 3273 basilica
2273 3219 2415 3273 beati
2447 3220 2715 3276 Vincentii
2746 3222 2999 3293 martyris
3024 3237 3150 3278 eum
3177 3238 3327 3294 sepe-

83 3308 170 3367 ναι,
200 3305 495 3375 acquisivit,
521 3315 577 3362 et
596 3308 696 3364 sub
717 3309 915 3365 tributo
943 3310 1263 3383 subiugavit.
1293 3315 1444 3372 Tunc
1472 3319 1634 3374 etiam

83 3394 306 3451 maximae
323 3396 606 3455 discordia:
626 3401 769 3456 inter
788 3401 1148 3474 Chilpericum
1164 3414 1220 3462 et
1234 3406 1635 3467 Childebertum

83 3494 306 3555 tepotem
353 3503 508 3544 suum
552 3496 970 3564 consurgebant.
1014 3496 1408 3571 lrritahantque
1439 3515 1534 3558 eos
1567 3517 1636 3559 ex

83 3588 287 3649 itraque
310 3590 463 3652 parte
491 3582 857 3654 Frcdegundis
880 3584 941 3644 ὀι
959 3588 1289 3647 Brunhildis.
1320 3594 1397 3650 Ec
1420 3608 1635 3666 quoque

83 3683 300 3738 empore
347 3682 593 3729 mortuus
633 3685 715 3730 est
753 3678 907 3733 bonae
939 3681 1215 3737 memoria:
1263 3681 1633 3743 Guntramnus

83 3777 159 3817 ex
182 3761 434 3831 inclytus,
462 3762 631 3820 frater
658 3766 967 3838 Chilperici.
1004 3770 1268 3830 Cavelone
1295 3773 1427 3847 [Al.,
1455 3774 1635 3832 Cabil-

83 3850 205 3923 sno]
246 3861 426 3907 autem
475 3854 694 3912 civitate
742 3857 1066 3930 Burgundite
1107 3862 1162 3917 in
1196 3863 1415 3920 basilica
1457 3868 1631 3923 sancti

84 3942 289 3998 larcelli
340 3947 596 4016 martyris
622 3949 860 4017 sepultus
887 3959 990 4006 est.
1047 3952 1309 4025 Regnavit
1335 3966 1514 4012 autem
1541 3974 1636 4014 an-

83 4050 160 4090 nos
199 4037 284 4091 51.
337 4035 702 4110 Fredegundis
754 4043 934 4114 itaque
986 4045 1149 4100 tiliam
1206 4063 1359 4103 suam
1415 4051 1632 4107 nomine

83 4129 339 4201 tihgunde
388 4132 517 4205 [AL,
571 4135 917 4203 Riccundem,
947 4148 997 4191 et
1044 4139 1457 4215 Ricohundem],
1506 4160 1629 4201 cum

83 4221 265 4291 segnis
301 4222 495 4291 opibus
521 4231 577 4279 et
604 4223 828 4279 infinitis
852 4227 1140 4294 thesauris,
1177 4229 1230 4283 in
1264 4230 1539 4301 Hispaniis
1559 4237 1627 4289 ad

83 4311 434 4382 .eudegildum
479 4328 682 4382 regem,
728 4331 950 4371 uxorem
995 4317 1088 4372 lilii
1138 4319 1221 4373 sui
1265 4335 1388 4375 cum
1434 4338 1629 4395 magna

83 4402 321 4473 agatione
344 4403 628 4460 Gottcrum
649 4406 866 4461 direxit.
892 4406 1023 4463 Erat
1047 4416 1227 4464 autem
1260 4410 1628 4483 Fredegundis

83 4493 239 4565 egina
262 4495 506 4565 pulchra,
537 4505 594 4552 et
626 4497 899 4569 ingeniosa
940 4501 1121 4566 nimis,
1154 4510 1315 4573 atque
1356 4503 1620 4563 adultera.

83 4585 383 4642 .andericus
420 4601 635 4657 quoque
678 4597 797 4644 erat
834 4598 965 4646 tunc
992 4591 1046 4646 in
1081 4592 1203 4647 aula
1228 4570 1386 4666 regis
1411 4596 1626 4666 Chilpe-
1653 4570 1706 4631 Β

83 4674 174 4739 ici,
202 4675 286 4731 vir
307 4677 493 4734 ellicax
527 4688 689 4750 atque
713 4691 984 4738 strenuus.
1024 4681 1193 4751 Quem
1224 4698 1518 4747 memorata
1539 4706 1627 4748 re-

84 4765 176 4819 ina
204 4766 459 4839 diligebat
498 4771 748 4837 multum,
789 4774 914 4842 quia
943 4775 1153 4830 luxuria
1170 4780 1626 4840 commiscebatur

83 4872 175 4911 um
221 4873 304 4913 ea.
346 4859 586 4927 Quadam
630 4862 720 4918 die
762 4866 1031 4921 maturius
1068 4882 1242 4934 mane,
1277 4885 1399 4925 cum
1433 4884 1527 4929 rex
1555 4875 1622 4931 ad

415 4953 771 5011 exercendam
811 4955 879 5012 de
911 4957 1035 5013 villa
1080 4959 1293 5016 Calinsa
1334 4962 1620 5040 [Callense]

83 5055 103 5092 ι
134 5036 408 5097 Parisiaco
446 5042 719 5113 dirigeret,
756 5058 883 5100 cum
908 5047 1070 5104 nimis
1105 5050 1280 5118 ipsam
1318 5036 1627 5125 Fredegun;

83 5143 173 5183 em
202 5129 471 5201 diligeret,
497 5147 748 5190 reversus
773 5135 827 5190 in
849 5151 1068 5193 camera
1090 5139 1275 5208 palatii
1309 5142 1376 5197 de
1414 5146 1624 5202 stabulo

83 5221 307 5291 quitum,
337 5224 429 5278 illa
475 5234 636 5295 caput
678 5243 835 5283 suum
878 5230 1099 5287 abluens
1129 5248 1264 5303 aqua
1289 5234 1347 5290 in
1387 5234 1503 5307 ipsa
1532 5254 1623 5295 ca-

84 5324 236 5377 iera;
269 5330 365 5370 rex
389 5332 520 5372 vero
546 5326 693 5374 retro
718 5322 956 5386 veniens,
999 5337 1119 5377 eam
1158 5326 1212 5380 in
1260 5329 1475 5384 natibus
1510 5331 1623 5387 suis

1733 3306 1951 3361 lierunt.
1979 3306 2244 3375 Regnavit
2264 3308 2412 3364 enim
2433 3323 2607 3367 annos
2630 3310 2720 3367 23.

1733 3419 1865 3494 CAP.
1892 3420 2131 3494 XXXVI.
2151 3451 2224 3461 —
2247 3420 2349 3477 Ubi
2370 3421 2730 3494 Fredegundis
2751 3424 2937 3480 bellum
2960 3443 3078 3481 cum
3103 3428 3321 3484 Austra-

1800 3492 1896 3545 siis
1930 3492 2104 3563 gessit,
2127 3508 2314 3564 eosque
2340 3492 2566 3549 devictos
2594 3494 2937 3567 Campaniam
2963 3499 3253 3554 succendit.

1804 3604 2169 3676 Fredegundis
2196 3614 2376 3661 autem
2418 3621 2539 3663 cum
2581 3608 2896 3665 Cblothario
2942 3626 3068 3683 rege
3088 3611 3315 3683 parvnlo

1735 3693 1844 3749 filio
1864 3710 1981 3761 suo,
2004 3704 2060 3750 et
2081 3696 2401 3765 Landerico,
2431 3714 2592 3769 quem
2624 3699 2885 3770 majorem
2914 3701 3104 3759 domus
3128 3703 3319 3776 palatii

1732 3787 2085 3843 constituerat
2113 3785 2247 3860 [At.,
2276 3788 2595 3863 elegerunt],
2630 3792 2683 3847 in
2712 3807 2878 3864 regno
2900 3796 3122 3851 resedit.
3152 3794 3321 3852 Fran-

1731 3877 1781 3933 ci
1808 3894 2021 3950 quoque
2063 3881 2380 3951 prmdictum
2411 3881 2784 3940 Chlotharium
2813 3901 2999 3959 regem
3028 3888 3317 3959 parvulum

1731 3986 1893 4042 supra
1925 3987 1985 4027 se
2017 3972 2071 4027 in
2097 3988 2317 4045 regnum
2346 3983 2668 4032 statuerunt.
2697 3977 2937 4036 Audiens
2960 3988 3141 4038 autem
3166 3982 3316 4040 Chil-

1730 4065 1983 4121 debertus
2028 4079 2123 4122 rex
2166 4066 2572 4125 Austrasiorum
2629 4072 2771 4127 illius
2817 4073 3093 4144 Sigiberti,
3148 4092 3314 4149 nepos

1728 4155 2039 4228 Chilperici,
2082 4159 2346 4213 avunculo
2396 4175 2494 4215 suo
2539 4171 2752 4217 mortuo
2797 4165 3063 4221 maleficia
3111 4167 3315 4226 Frede-

1728 4248 1920 4317 gundis
1945 4248 2160 4318 reginae,
2206 4250 2414 4304 hostem
2458 4251 2691 4322 collegit.
2723 4252 2859 4308 Nam
2889 4252 3139 4311 defuncto
3166 4256 3314 4313 Gun-

1728 4342 1941 4389 tramno
1959 4336 2199 4404 patruele
2221 4350 2337 4402 suo,
2355 4353 2578 4409 regnum
2598 4339 2921 4413 Burgundite
2942 4343 3055 4415 ipse
3076 4349 3307 4420 accepit.

1726 4423 1894 4495 Igitur
1909 4423 2315 4497 Burgundiones
2332 4437 2386 4483 et
2401 4428 2685 4498 Austrasii,
2701 4441 2757 4489 et
2770 4436 3078 4506 superiores
3087 4438 3305 4507 Franci,

1728 4511 1885 4567 simul
1904 4523 2173 4569 commoto
2183 4516 2391 4596 .grandi
2418 4520 2656 4575 exercitu
2685 4522 2841 4579 valde
2868 4538 2968 4595 per
2985 4524 3311 4598 Campanias

1726 4602 1973 4674 digressi,
2019 4618 2158 4675 pago
2204 4603 2526 4664 Sessaunico
2577 4609 2709 4683 [A!.,
2763 4614 3128 4691 Suessionico]
3180 4634 3307 4675 cum

1722 4691 2075 4751 Gundobaldo
2092 4702 2149 4750 et
2174 4695 2479 4754 Wintrione
2498 4701 2744 4770 patriciis
2778 4705 2893 4760 suis
2917 4714 3196 4764 vastantes
3223 4709 3306 4763 in-

1724 4784 2058 4857 grediuntur.
2106 4784 2228 4843 lith
2255 4788 2478 4844 audiens
2521 4790 2901 4864 Fredegundis,
2936 4812 3059 4852 cum
3095 4798 3304 4855 Laude.

1726 4874 1839 4930 rico
1864 4883 1921 4930 et
1958 4876 2181 4947 reliquis
2206 4877 2542 4935 Francorum
2568 4882 2795 4942 ducibus
2839 4886 3051 4943 hostem
3075 4902 3304 4962 congre-

1724 4974 1853 5037 gat;
1877 4975 1936 5023 et
1961 4968 2027 5024 ad
2048 4967 2375 5025 Brinnacum
2417 4971 2599 5027 villam
2626 4975 2871 5043 veniens,
2894 4979 3063 5035 multa
3082 4981 3220 5037 dona
3246 4994 3301 5039 et

1722 5071 1945 5112 munera
1968 5058 2192 5115 Francis
2215 5061 2455 5129 donavit,
2483 5077 2686 5135 eosque
2721 5067 2790 5125 ad
2809 5072 3153 5140 pugnandum
3173 5088 3302 5129 con-

1721 5154 1805 5202 tra
1828 5146 2072 5204 inimicos
2088 5164 2277 5207 eorum
2295 5154 2607 5209 cohortans.
2633 5154 2874 5228 Cumque
2891 5160 3133 5228 vidisset,
3155 5166 3301 5235 quod

1720 5239 1918 5294 nimius
1941 5252 2085 5296 esset
2108 5243 2381 5300 exercitus
2404 5243 2808 5303 Austrasiorum
2845 5252 3115 5323 conjuncti
3152 5256 3302 5330 [coa-

1721 5331 1929 5405 dunati]
1954 5332 2137 5400 simul,
2176 5336 2459 5393 consilium
2487 5339 2635 5396 dedit
2673 5340 2905 5401 Francis
2934 5347 3031 5418 ‘qui
3068 5365 3191 5405 cum
3232 5365 3299 5408 es

83 5417 112 5456 e
155 5401 292 5459 fuste
318 5407 601 5475 percussit.
645 5407 715 5461 At
754 5408 842 5465 illa
872 5410 1111 5481 cogitans
1154 5415 1296 5482 quod
1322 5414 1619 5474 Landricus
1715 5430 1890 5487 erant,
1909 5401 2119 5481 dicens:
2147 5426 2223 5481 De
2244 5435 2400 5483 nocte
2424 5444 2814 5503 consurgamus
2841 5401 3031 5493 contra

83 5503 207 5559 sset,
234 5497 327 5552 ait.
356 5497 533 5565 Quare
560 5501 638 5556 sic
662 5500 815 5566 facis,
838 5502 1146 5561 Landrice?
1176 5506 1486 5577 Respiciens
1505 5527 1618 5567 sur-

83 5604 167 5643 um
194 5589 321 5661 [Al.,
349 5592 515 5664 retro]
546 5594 681 5649 vidit
705 5596 849 5666 quod
874 5611 966 5652 rex
1004 5609 1166 5663 esset,
1194 5606 1249 5653 et
1286 5601 1504 5670 expavit
1527 5616 1620 5657 ve-

83 5691 345 5739 ernenter.
376 5685 490 5741 Rex
519 5700 649 5742 vero
688 5688 850 5745 nimis
891 5689 1060 5745 tristis
1086 5689 1325 5757 eﬂ‘ectus,
1363 5693 1415 5747 in
1447 5694 1618 5764 ipsam

84 5777 385 5832 ouationem
414 5778 669 5846 perrexit.
710 5779 1074 5852 Fredcgundis
1102 5783 1284 5851 itaque
1312 5786 1524 5841 vocavit
1551 5788 1616 5842 ad

1720 5512 1970 5578 lucernis,
2000 5526 2278 5586 portantes
2323 5521 2454 5576 socii
2502 5524 2593 5594 qui
2639 5540 2738 5581 nos
2777 5532 3088 5599 praecedunt
3115 5547 3297 5591 ramos

1721 5603 1975 5658 silvarum
2014 5607 2068 5661 in
2109 5608 2377 5676 manibus,
2421 5613 2791 5674 tintinnabulis
2837 5636 2997 5691 supra
3040 5623 3286 5693 equosli-

1720 5694 1879 5763 gatis,
1919 5701 1979 5748 nt
2022 5711 2122 5757 nos
2164 5713 2489 5769 cognoscere
2531 5704 2772 5776 ipsorum
2815 5710 3004 5779 vigiles
3042 5713 3293 5770 custodes

1723 5789 1954 5843 hostium
1983 5806 2086 5844 non
2108 5800 2323 5859 queant.
2352 5792 2638 5853 ll-incesccn
2649 5807 2697 5855 te
2715 5801 2871 5859 initio
2891 5798 2995 5858 diei
3018 5802 3286 5861 irruamus
