3920 6310
502 345 637 402 1453

1733 337 2042 393 ANONYMI
2082 336 2352 394 SJECULI
2395 335 2520 392 VIII.
2613 368 2620 376 -

3659 337 3783 392 μᾶς

487 476 655 532 super
679 474 791 525 eos,
833 467 892 516 et
934 457 1162 514 forsitan
1206 472 1301 512 eos
1337 455 1705 512 devincemus.
1752 451 2068 520 Placuitque
2098 459 2147 512 Α
2173 449 2430 526 dnapsus,
2478 462 2633 502 set-us
2657 445 2880 500 ﬂuvium
2915 444 3220 515 Sequanam
3271 445 3638 502 Miclitanum
3664 447 3780 518 [M.,

489 553 598 611 hoc
621 550 925 608 consilium.
957 550 1094 606 Cum
1119 559 1297 604 autem
1337 546 1710 602 denuntiatum
1746 543 1937 624 fuisset
1961 542 2073 612 pla-

488 651 680 714 citum,
711 664 818 720 qua
847 647 934 702 die
962 645 1028 699 ad
1069 641 1418 713 praeliandum
1463 639 1516 694 in
1563 637 1683 693 loco
1732 643 2074 706 nuneupante

492 741 736 799 Truceiie
770 739 834 793 'in
874 751 1010 808 pago
1055 732 1398 788 Suessionico
1427 729 1685 802 [Truneia
1727 743 1864 800 pago
1907 727 2075 781 Saxo-

490 813 664 908 nego].
682 830 973 888 convenire
1015 825 1295 882 deberent.
1346 821 1440 876 llla
1487 821 1630 876 sicut
1674 818 1958 874 consilium
1983 817 2076 872 de-

489 929 666 993 derat,
687 927 754 982 de
773 929 930 978 nocte
952 932 1304 989 consurgens,
1334 929 1460 970 cum
1488 928 1764 972 armorum
1790 922 2072 983 apparatu,

490 1034 616 1076 cum
644 1016 812 1073 ramis
845 1015 900 1069 in
929 1011 1199 1073 manibus,
1224 1009 1307 1064 vel
1333 1007 1539 1076 reliqua
1563 1021 1684 1076 quin
1723 1004 1974 1074 superius
1997 1002 2077 1056 di-

491 1112 686 1174 ximus,
741 1106 981 1163 ascensis
1031 1102 1322 1174 equitibus,
1377 1099 1748 1154 Chlotharium
1793 1093 2078 1167 parvulum

491 1217 674 1275 regem
718 1201 772 1256 in
820 1197 1044 1254 brachia
1093 1194 1362 1257 vehitans,
1402 1206 1572 1262 usque
1601 1189 1900 1258 Trucciago
1943 1185 2076 1258 [Αι.,

489 1295 815 1366 Trunciaco]
859 1299 1241 1364 pervenerunt.
1294 1288 1430 1344 Cum
1469 1294 1647 1341 autem
1675 1284 1942 1340 custodes
1982 1285 2080 1339 ho-

489 1395 651 1448 stium
691 1383 1095 1446 Austrasiorum
1121 1401 1302 1440 ramos
1323 1384 1599 1448 silvarum,
1623 1381 1776 1450 quasi
1806 1380 1859 1433 in
1884 1379 2079 1434 monti-

454 1485 606 1556 bus,
643 1475 703 1538 in
747 1481 957 1553 agmine
999 1477 1337 1532 Francorum
1381 1479 1690 1536 cernerent,
1735 1479 1791 1526 et
1825 1469 2080 1524 tinnitum

488 1568 972 1630 tintinnabulorum
991 1567 1242 1623 audirent
1254 1563 1525 1626 custodes,
1539 1561 1677 1615 dixit
1693 1560 1780 1614 vir
1798 1560 1863 1614 atl
1876 1558 2080 1614 socium

489 1681 647 1722 suum
673 1655 698 1718 ε’
721 1662 908 1718 Nonne
945 1661 1202 1716 hesterna
1249 1657 1336 1711 die
1375 1656 1429 1708 in
1469 1654 1560 1709 illo
1584 1663 1640 1708 et
1669 1652 1756 1707 illo
1783 1652 1904 1707 loco
1931 1667 2082 1705 cam-

2177 539 2490 603 Militonem,
2516 549 2563 592 et
2589 537 2941 608 Miclitonem]
2977 547 3217 592 castrum
3244 539 3576 609 ingressus,
3605 540 3788 598 exitia

2175 631 2416 685 Parisius
2438 629 2628 684 urbem
2673 629 2994 701 penetravit.
3041 629 3426 684 Theuderiens
3457 645 3693 700 quoque
3713 645 3787 689 re-

2175 722 2388 792 gionem
2435 720 2580 774 illam
2631 721 2917 775 devastans
2971 729 3136 790 atque
3186 720 3572 791 succendens,
3631 737 3788 794 usq;

2177 811 2374 866 Sciona
2419 809 2714 883 [lsquinam
2743 810 2946 882 vicum]
2975 811 3096 866 vico
3127 827 3254 866 cum
3283 813 3471 868 multa
3505 814 3688 884 spolia
3715 832 3785 870 re-

2177 919 2367 959 versus
2408 913 2510 959 est.
2541 903 2888 959 Chlotharius
2930 913 3110 960 autem
3139 920 3170 958 a
3193 905 3456 961 Parisios
3483 922 3781 979 regressus.

2177 1009 2348 1063 usque
2397 993 2670 1048 Arelauno
2698 993 2832 1066 [Al.,
2863 995 3148 1062 Erelauno,
3193 1006 3248 1050 et
3273 995 3631 1068 Aurellanol
3669 999 3780 1053 silc:

2177 1085 2505 1156 properavit.

2177 1196 2306 1254 CAP.
2337 1196 2618 1270 XXXVIII.
2645 1225 2716 1270 -έ
2743 1197 2820 1252 De
2848 1199 3068 1270 consilio
3091 1201 3320 1270 pessima
3345 1197 3782 1266 Βηυιεὲἱωὶδα

2387 1270 2514 1340 quia
2539 1268 2892 1323 Theodericus
2921 1268 3137 1338 fratrem
3161 1287 3324 1324 suum
3349 1271 3589 1325 occidit.

2247 1359 2593 1416 Brunchildis
2621 1375 2752 1416 vero
2777 1359 2974 1429 sepius
3002 1375 3101 1430 per
3135 1361 3413 1416 invidiam
3447 1361 3648 1432 pejora
3669 1378 3780 1418 eoa-

2180 1450 2300 1506 silia
2327 1451 2658 1507 Theuderieo
2695 1453 2810 1522 regi
2840 1452 3023 1522 nepoti
3056 1468 3156 1508 suo
3183 1454 3688 1518 subministrabat,
3709 1455 3779 1510 di-

2181 1559 2310 1616 cens
2339 1561 2352 1596 :
2390 1541 2499 1598 Cur
2527 1543 2752 1614 negligis
2779 1552 2834 1604 et
2865 1560 2975 1600 non
3003 1547 3238 1616 requiris
3265 1548 3613 1603 thesaurum
3638 1551 3781 1620 patris

2183 1635 2260 1689 tui
2295 1649 2360 1690 ac
2393 1633 2617 1705 regnum
2641 1633 2758 1704 ejus
2791 1635 2862 1692 de
2889 1652 3052 1692 manu
3079 1638 3513 1696 Theudoberti?
3533 1658 3664 1696 cum
3683 1658 3781 1698 cer»

487 1758 692 1830 pestria
738 1754 932 1810 erant?
974 1751 1242 1822 quomodo
1288 1761 1430 1800 nunc
1474 1745 1638 1800 silvas
1670 1743 1991 1799 cernimus?
2016 1742 2084 1796 Et

2192 1727 2390 1783 tissime
2417 1727 2558 1782 scias
2582 1741 2707 1783 eum
2734 1743 2844 1783 non
2873 1743 2993 1784 esse
3016 1728 3246 1786 fratrem
3267 1741 3472 1796 tuum,
3503 1735 3638 1804 quia
3663 1735 3783 1792 filius

489 1817 579 1902 ine
607 1843 842 1900 irridens
865 1817 1032 1898 dixit:
1073 1839 1232 1895 Certe
1260 1836 1560 1892 inebriatus
1584 1835 1750 1900 fuisti,
1792 1834 1950 1888 modo
1985 1819 2153 1890 tie-8
2179 1817 2484 1873 meretricis
2509 1826 2612 1884 est.
2641 1819 2952 1874 concubinae
2974 1821 3156 1890 armis
3193 1823 3298 1884 tui.
3329 1832 3392 1878 et
3441 1825 3505 1876 in
3531 1825 3780 1884 adulteria

487 1937 642 1991 liras.
692 1933 810 1988 Non
859 1931 1014 1986 audis
1056 1926 1408 1983 tintinnabula
1453 1941 1717 1996 equorum
1767 1932 2079 1979 nostrorum

483 2025 646 2096 juxta
665 2025 835 2095 ipsam
860 2022 1051 2078 silvam
1079 2017 1450 2090 pascentium?
1473 2015 1608 2071 Cum
1629 2015 1744 2069 haec
1771 2020 2076 2084 agerentur,

491 2126 556 2172 et-
587 2129 784 2170 aurora
827 2113 930 2168 diei
972 2108 1183 2165 initium
1213 2108 1388 2172 daret,
1419 2107 1696 2161 irruerunt
1731 2103 1925 2170 Franci
1955 2118 2080 2159 cum

491 2203 717 2277 strepitu
756 2205 1010 2260 tubarum
1053 2215 1216 2271 super
1241 2197 1552 2254 Austrasios
1588 2205 1644 2251 et
1668 2193 2082 2267 Burgundiones

489 2297 842 2360 dormientes,
865 2308 988 2350 cum
1013 2289 1365 2362 Fredegunde
1399 2297 1456 2344 et
1491 2287 1806 2344 Chlothario
1833 2285 2078 2358 parvulo.

487 2385 985 2454 lnterfeceru'ntque
1029 2382 1319 2436 maximam
1356 2387 1568 2450 partem
1592 2378 1659 2433 de
1702 2378 1860 2432 hoste
1885 2376 1998 2442 illo,
2029 2385 2084 2432 et

485 2476 901 2536 innumerabilis
943 2473 1230 2530 multitudo
1277 2471 1502 2528 maximi
1545 2469 1702 2526 valde
1737 2469 2014 2526 exercitus
2050 2485 2082 2524 a

488 2568 696 2640 majore
739 2581 911 2638 usque
951 2565 1024 2620 ad
1065 2565 1332 2620 minorem
1361 2561 1434 2617 ibi
1481 2561 1696 2618 cecidit.
1735 2560 2085 2617 Gundoaldns

489 2673 706 2730 quoque
745 2666 802 2712 et
829 2656 1028 2712 Witrio
1066 2653 1200 2726 [Al.,
1228 2651 1487 2726 Wintrie]
1535 2666 1634 2723 per
1680 2643 1864 2736 fugam
1892 2650 2083 2722 dilapsi

489 2753 580 2807 vix
600 2757 906 2808 evaserunt.
933 2747 1266 2803 Landericus
1286 2759 1416 2800 vero
1435 2744 1712 2800 insecutus
1738 2742 2080 2810 Witrionem,

489 2845 581 2901 ille
606 2859 706 2916 per
743 2843 1002 2912 auxilium
1029 2839 1154 2910 equi
1179 2835 1504 2893 velocissimi
1542 2835 1734 2890 evasit.
1778 2833 2087 2904 Fredegun-

493 2935 576 2990 dis
602 2947 731 2988 vero
751 2945 874 2987 cum
903 2927 1110 2998 reliquo
1137 2925 1382 2982 exercitu
1409 2939 1582 2994 usque
1602 2923 1803 2978 Remos
1830 2922 2081 2988 accessit,

493 3021 842 3095 Campaniam
895 3003 1174 3074 succendit
1214 3023 1377 3086 atque
1425 3013 1686 3079 vastavit,
1735 3028 1860 3068 cum
1914 3011 2084 3068 multa

495 3117 675 3188 praeda
705 3121 760 3168 et
778 3107 965 3184 spoliis
992 3122 1207 3165 reversa
1233 3114 1319 3162 est
1339 3104 1644 3160 Suessionis
1662 3104 1937 3159 civitatem
1957 3117 2083 3158 cum

494 3205 736 3263 exercitu
751 3217 862 3260 suo

497 3317 624 3373 Car.
672 3312 1029 3370 XXXVIl.——
1055 3310 1132 3365 De
1176 3309 1341 3365 m'orte
1386 3307 1771 3380 Fredegundis,
1822 3304 2087 3362 etbelhtm

611 3417 616 3422 -
768 3425 772 3428 -
823 3382 1169 3440 Theudoberti
1204 3389 1386 3436 contra
1422 3379 1768 3434 Chlotarium.

567 3481 648 3534 Eo
677 3491 918 3550 tempore
942 3474 1319 3531 Childebertus
1356 3488 1453 3528 rex
1494 3472 1900 3528 Austrasiorum
1928 3471 2094 3526 babe-

501 3570 596 3626 bat
619 3569 756 3625 filios
775 3570 928 3632 duos,
961 3566 1230 3622 seniorem
1251 3581 1319 3620 ex
1348 3564 1648 3620 concubina
1671 3563 1886 3620 nomine
1915 3563 2095 3618 Theu-

499 3663 806 3726 dobertum,
827 3659 1100 3730 iuniorem
1139 3672 1269 3712 vero
1297 3672 1366 3712 ex
1397 3656 1582 3726 regina
1613 3657 1829 3728 nomine
1850 3655 2094 3710 Theude-

503 3752 698 3810 uicum.
733 3749 1022 3819 Ipsumque
1057 3761 1182 3802 cum
1222 3745 1341 3799 avia
1379 3760 1477 3800 sua
1503 3744 1849 3800 Brunichilde
1879 3745 1932 3798 in
1961 3743 2097 3798 Bur-

501 3839 755 3912 gundiam
783 3839 838 3892 in
883 3851 1050 3906 regno
1099 3835 1424 3890 Guntramni
1475 3835 1621 3905 regis
1666 3835 1844 3906 magni
1874 3835 2091 3890 direxit.

501 3931 578 3993 Eo
624 3938 866 3998 tempore
909 3933 1154 3980 mortuus
1200 3933 1286 3979 est
1331 3925 1707 3980 Childebertus
1755 3939 1850 3979 rex
1890 3923 2092 4003 iunior,

501 4019 852 4092 regnavitque
881 4031 1051 4073 annos
1072 4015 1162 4072 20.
1193 4015 1602 4072 Theudebertus
1623 4016 1764 4073 ﬁlius
1788 4015 1904 4085 ejus
1931 4019 1987 4074 in
2009 4035 2095 4075 re-

499 4131 606 4188 gno
630 4112 802 4184 patris
831 4111 912 4166 sui
941 4110 995 4165 in
1035 4109 1256 4166 Austria
1285 4107 1417 4182 ML,
1445 4107 1666 4182 Auster]
1713 4119 1950 4167 statutus
1985 4120 2088 4179 est,

501 4205 873 4274 Theudoricus
911 4194 1052 4258 vero
1081 4201 1137 4258 in
1176 4201 1505 4274 Burgundia.
1540 4201 1618 4256 Eo
1645 4202 1810 4257 etiam
1852 4210 2092 4274 tempore

502 4307 720 4356 mortua
738 4304 829 4352 est
865 4295 1238 4366 Fredegundis
1277 4293 1464 4366 regina
1505 4307 1672 4350 senex
1713 4302 1770 4350 et
1791 4293 1950 4365 plena
1977 4295 2090 4352 die-

503 4407 642 4455 rum,
665 4397 723 4444 et
739 4387 984 4443 Parisius
1012 4387 1065 4440 in
1091 4385 1315 4442 basilica
1338 4384 1519 4442 sancti
1539 4385 1806 4441 Vincentii
1833 4388 2090 4458 martyris

501 4490 586 4538 est
625 4479 855 4551 sepulta.
890 4469 1255 4532 Théudericus
1301 4491 1430 4531 vero
1476 4491 1572 4531 rex
1619 4475 1940 4548 Burgundiaa
1967 4485 2090 4532 erat

503 4573 727 4646 pulcher
765 4579 822 4628 et
865 4579 1120 4626 strenuus
1161 4577 1322 4639 atque
1349 4567 1574 4624 callidus
1615 4569 1795 4624 nimis.
1845 4569 1949 4636 Qui
1995 4584 2094 4639 per

501 4663 786 4724 consilium
825 4661 958 4716 aviae
995 4675 1106 4715 sua:
1133 4658 1440 4714 Brunhildte
1465 4660 1675 4714 hostem
1703 4660 1997 4714 maximum
2023 4675 2090 4715 ex

504 4757 813 4830 Burgundia
839 4767 1194 4826 congregans,
1239 4759 1428 4807 contra
1467 4751 1838 4806 Chlotharium
1877 4759 2091 4821 patrue-

502 4851 610 4908 lem
633 4859 792 4906 suum
813 4847 1030 4905 direxit.
1053 4843 1398 4901 Chlotharius
1417 4844 1532 4898 lucc
1556 4842 1799 4906 audiens,
1821 4851 2094 4896 commoto

505 4949 842 5005 Francorum
869 4944 1131 5008 exercitu,
1175 4948 1364 4997 contra
1407 4939 1786 5016 eum‘festiuus
1831 4936 2088 5006 perrexit.

504 5039 1004 5106 Convenientesque
1033 5032 1193 5090 simul
1239 5046 1362 5087 cum
1408 5029 1654 5084 hostibus
1679 5029 1732 5082 in
1763 5042 1901 5098 pago
1926 5027 2093 5082 Seno-

505 5129 632 5188 nico
674 5143 836 5197 super
881 5125 1100 5180 ﬂuvium
1144 5121 1398 5176 Aroanna
1441 5119 1822 5183 constiterunt,
1851 5117 2096 5187 belloque

511 5219 742 5276 invicem
768 5199 1075 5278 commisso,
1110 5219 1258 5266 tanta
1285 5210 1460 5265 caedes
1486 5208 1594 5264 illic
1633 5206 1739 5262 fuit
1765 5207 1832 5262 tle
1869 5215 2096 5278 utroque

509 5306 728 5382 populo,
765 5311 828 5358 ut
854 5304 968 5373 ipse
1003 5301 1187 5357 alveus
1231 5299 1297 5355 de
1322 5297 1600 5353 hominum
1629 5295 1983 5351 cadaveribus
2012 5311 2097 5350 re-

513 5399 708 5470 pletus,
739 5408 880 5463 aqua
925 5393 1042 5462 ipsa
1069 5391 1284 5461 penitus
1327 5402 1550 5444 currere
1589 5402 1695 5442 non
1732 5385 1938 5441 valeret
1962 5385 2092 5459 [Al.,

513 5500 734 5546 cursum
763 5495 916 5553 aqua:
957 5479 1168 5534 solitum
1209 5476 1492 5549 mutaret],
1541 5484 1687 5531 tanto
1734 5490 1928 5530 cruore
1954 5475 2096 5531 fuso.

511 5577 594 5636 lbi
612 5575 756 5632 enim
781 5573 834 5626 in
857 5571 974 5640 ipso
1001 5570 1296 5624 certamine
1323 5571 1472 5624 visus
1499 5567 1601 5622 fuit
1625 5566 1845 5637 angelus
1889 5567 2099 5622 Domini

516 5669 800 5741 evaginato
841 5661 1016 5735 gladio
1059 5676 1220 5730 super
1261 5661 1513 5730 populum
1556 5659 1724 5714 illum.
1754 5652 2100 5718 Chlothariﬁs

519 5772 698 5817 autem
722 5772 812 5813 rex
836 5767 1064 5811 cernens
1091 5750 1272 5804 ltcsum
1303 5751 1598 5805 exercitum
1627 5765 1800 5814 suum,
1834 5749 1885 5804 in
1917 5749 2098 5823 fugam

2181 1909 2282 1985 fuit
2321 1917 2497 1966 natus.
2531 1909 2666 1990 Cum
2713 1911 2830 1966 haec
2863 1913 3102 1968 audisset
3125 1913 3550 1982 Theudericns,
3593 1919 3780 1974 acrba

2181 2003 2424 2058 moribus
2459 2010 2519 2056 ut
2567 2009 2705 2069 erat,
2755 2004 3056 2058 exercitum
3106 2005 3418 2075 plurimum
3457 2019 3778 2065 commot-

2181 2101 2370 2149 contra
2395 2093 2835 2148 Theudobertum
2863 2109 3180 2164 germanum
3205 2112 3372 2151 suum
3400 2097 3636 2165 direxit,
3661 2111 3708 2154 et
3724 2102 3778 2156 ιιι

2184 2183 2500 2239 Tulbiacum
2522 2193 2760 2240 castrum
2783 2183 2851 2240 ad
2871 2184 3068 2240 bellum
3091 2199 3505 2243 convenerunt.
3531 2190 3644 2246 Illis
3663 2191 3782 2246 inter

2182 2289 2242 2330 se
2286 2273 2444 2329 valde
2479 2272 2914 2345 conﬂigentibus,
2961 2275 3386 2332 Theudebertus
3435 2279 3630 2334 hesum
3675 2295 3779 2336 eer-

2182 2381 2317 2422 nens
2350 2367 2648 2422 exercitum
2691 2381 2880 2431 suum,
2911 2366 2966 2422 in
2997 2365 3182 2438 fugam
3215 2369 3523 2434 dilabitur,
3553 2383 3611 2427 et
3635 2371 3779 2427 (lele-

2183 2459 2330 2514 niam
2376 2459 2654 2514 civitatem
2704 2459 2980 2530 ingressus
3025 2467 3130 2516 est.
3183 2461 3572 2520 Theodericus
3611 2477 3782 2523 autem

2183 2558 2385 2606 terram
2437 2549 2820 2607 Bibuarinsem
2862 2550 3006 2624 [AI.,
3047 2543 3468 2625 Riba‘riensem}
3503 2561 3786 2613 sride

2185 2653 2350 2712 atque
2383 2643 2636 2698 vastavit.
2668 2643 2904 2714 Populus
2927 2643 3110 2715 itaque
3133 2646 3374 2717 regionis
3396 2647 3538 2702 illius
3559 2649 3683 2718 eius
3713 2666 3784 2706 so

2186 2735 2480 2791 ditionibus
2502 2733 2758 2798 subdunt,
2799 2735 3040 2792 dicentes
3067 2750 3082 2789 :
3123 2735 3306 2792 Parce
3333 2741 3501 2807 nobis,
3536 2741 3786 2812 piissime

2187 2841 2306 2882 rex.
2335 2824 2454 2881 Jam
2485 2827 2630 2882 enim
2668 2828 2866 2884 subditi
2892 2844 3080 2886 sumus
3109 2831 3210 2887 tibi
3239 2850 3252 2886 :
3299 2834 3412 2890 noli
3441 2838 3786 2907 nosamme

2185 2917 2512 2989 opprimere.
2562 2919 2632 2973 Et
2673 2919 2762 2974 ille
2795 2919 2874 2974 ait
2915 2937 2928 2974 :
2968 2919 3079 2975 Aut
3114 2921 3379 2980 adducite
3423 2927 3566 2982 mihi
3613 2930 3780 2984 viva

2187 3009 2647 3076 Theudobertum,
2671 3020 2764 3068 aut
2788 3020 2945 3082 caput
2975 3010 3093 3080 ejus
3126 3024 3438 3084 amputate,
3465 3027 3526 3073 et
3549 3021 3676 3075 mihi
3697 3023 3782 3074 dr—

2187 3099 2350 3168 ferte,
2392 3101 2436 3158 si
2483 3101 2646 3158 vultis
2697 3109 2756 3158 ut
2797 3102 2950 3158 vobis
2987 3117 3222 3174 parcere
3267 3108 3534 3163 debeam.
3570 3110 3649 3164 Illi
3677 3112 3780 3166 he

2114 3173 2164 3238 ϐ
2193 3193 2490 3259 audientes,
2525 3193 2582 3246 in
2624 3189 2738 3262 ipsa
2779 3193 3000 3249 civitate
3040 3194 3274 3265 ingressi
3327 3199 3380 3253 ei
3413 3199 3542 3254 alia
3563 3203 3781 3272 pinati.

2195 3285 2519 3340 mentientes
2539 3283 2790 3338 dixerunt
2813 3301 2828 3338 :
2855 3283 2950 3340 Sic
2969 3285 3190 3340 mandat
3217 3285 3396 3342 frater
3423 3299 3560 3346 tuus
3582 3307 3600 3345 :
3622 3291 3781 3346 Redde

2196 3379 2509 3433 thesaurum
2551 3377 2725 3446 patris
2772 3379 2867 3442 tui,
2910 3393 3070 3450 quem
3116 3383 3261 3451 apud
3307 3391 3366 3438 te
3413 3387 3630 3443 retines
3661 3407 3680 3441 :
3707 3389 3781 3445 ile

2194 3477 2314 3538 post
2337 3469 2454 3524 haec
2476 3478 2778 3524 revertetur
2799 3485 2924 3526 cum
2961 3473 3206 3528 exercitu
3251 3490 3380 3532 suo.
3410 3477 3667 3550 Cumque
3687 3483 3778 3538 haec

2194 3559 2244 3615 ei
2275 3559 2597 3617 mentientes
2625 3559 2888 3627 dicerent,
2916 3561 3006 3618 ille
3029 3577 3152 3617 cum
3194 3564 3278 3620 eis
3305 3566 3366 3620 in
3390 3568 3662 3636 palatium
3683 3573 3778 3627 the-

2195 3649 2342 3706 sauri
2366 3649 2448 3704 sui
2471 3649 2745 3720 ingressus
2765 3659 2869 3706 est.
2897 3651 3142 3724 Cumque
3163 3655 3222 3708 in
3251 3671 3388 3713 area
3413 3661 3776 3719 thesaro-orla

2195 3750 2514 3798 ornamenta
2543 3743 2862 3814 requireret,
2894 3760 3034 3828 unus
3056 3761 3121 3802 ex
3151 3748 3233 3804 eis
3255 3751 3550 3810 abstracto
3563 3758 3736 3828 gladio
3751 3773 3777 3812 a

2197 3844 2344 3892 retro
2377 3851 2502 3891 eum
2529 3837 2582 3890 in
2607 3836 2873 3892 cervicem
2897 3825 3180 3908 percussit,
3209 3850 3267 3896 et
3293 3825 3617 3914 amputavit
3641 3863 3778 3920 capt

2196 3928 2332 3998 ejus.
2364 3927 2816 3999 Sustuleruntque
2842 3946 2966 3988 eum
2984 3947 3093 4001 per
3126 3949 3348 3990 murum
3377 3939 3776 3997 civitatisculo-

2194 4021 2317 4076 nite.
2351 4021 2719 4078 Theudericus
2743 4037 2872 4078 vero
2914 4023 3031 4078 huic
3066 4025 3270 4091 videns,
3307 4027 3496 4096 ipsam
3527 4033 3778 4087 civitatem

2193 4114 2617 4184 apprehendens,
2665 4113 2950 4170 thesauros
2993 4131 3214 4186 magnos
3250 4122 3510 4189 accepit.
3562 4123 3778 4194 Cumque

2193 4207 2534 4262 sacramenta
2557 4207 2626 4262 ab
2661 4204 2794 4276 ipsis
2831 4205 3160 4262 Francorum
3189 4209 3538 4270 sublimibus
3562 4218 3780 4285 acupis

2191 4305 2274 4352 set
2297 4297 2354 4350 in
2385 4296 2605 4352 basilica
2651 4297 2826 4352 sancti
2861 4295 3121 4353 Gereonis
3152 4301 3438 4370 martyris,
3489 4305 3671 4361 visum
3697 4305 3780 4359 fuit

2187 4387 2236 4442 ei
2261 4385 2404 4456 quod
2429 4399 2719 4454 percussus
2740 4386 2930 4442 fuisset
2951 4389 3004 4441 in
3032 4387 3201 4444 latere
3225 4389 3439 4448 dolose.
3469 4392 3552 4448 At
3576 4396 3667 4450 ille
3683 4399 3780 4450 ait:

2195 4475 2490 4532 Observata
2518 4477 2676 4543 ostia,
2708 4477 2892 4534 nescio
2935 4479 3058 4548 quis
3098 4479 3168 4536 de
3209 4481 3331 4536 istis
3377 4484 3688 4553 periuratis
3707 4488 3786 4546 Kr

2194 4567 2396 4624 boariis
2413 4569 2804 4636 mepercussit.
2828 4567 3070 4640 Cumque
3087 4571 3452 4629 revolvissent
3473 4581 3788 4634 vestimenta

2193 4659 2330 4729 eius,
2364 4674 2474 4714 non
2517 4660 2664 4716 aliud
2704 4660 3042 4728 invenerunt,
3089 4663 3193 4718 nisi
3243 4665 3466 4735 signum
3511 4674 3788 4740 parvulum

2193 4766 2539 4822 purpureum.
2569 4751 2697 4810 Inde
2718 4752 2860 4806 enim
2884 4769 3008 4807 cum
3034 4753 3200 4809 multa
3220 4756 3396 4825 spolia
3423 4759 3791 4818 Theudericus

2195 4855 2290 4896 rex
2319 4856 2588 4906 reversus,
2621 4857 2744 4896 cum
2775 4843 2882 4896 lilia
2910 4843 3273 4900 Theudoberti
3297 4850 3450 4918 regis
3471 4850 3673 4910 fratris
3697 4855 3786 4911 sui.

2194 4932 2280 4987 vel
2305 4933 2514 4988 duobus
2545 4934 2670 4990 liliis
2691 4933 2807 5002 eius
2833 4937 3092 5004 parvulis.
3118 4951 3368 4994 reversus
3389 4950 3484 4996 est
3511 4946 3593 5001 ad
3621 4948 3790 5001 um

2197 5023 2507 5092 Metensem,
2543 5025 2724 5094 ibique
2766 5024 3078 5082 Brunhildis
3115 5029 3300 5098 regina
3339 5033 3674 5091 advenerat.
3698 5037 3792 5104 Ap-

2195 5117 2600 5186 prehensosque
2627 5132 2825 5187 pueros
2853 5117 2994 5174 filios
3028 5118 3394 5177 Theudoberti
3428 5123 3734 5182 interfecit.

2199 5229 2328 5286 Car.
2359 5229 2600 5306 XXXIX.
2631 5253 2702 5306 -ιτ
2728 5232 2889 5306 ρηοάΔ
2915 5233 3265 5306 Tltcudericits
3301 5248 3511 5306 neptem
3552 5259 3710 5295 sum
3733 5243 3794 5293 ad

2271 5302 2571 5383 coitjitgiuin
2590 5303 2788 5384 sociare
2809 5303 2990 5386 uoluit,
3021 5313 3068 5358 et
3097 5302 3222 5376 quia
3251 5302 3614 5366 Brindu'ldis
3637 5315 3794 5384 ipsum

2275 5369 2304 5424 ’1
2317 5370 2652 5426 heudencum
2678 5373 2888 5427 occidit.

2271 5481 2638 5537 Theudoricus
2665 5481 2848 5553 itaque
2869 5499 2964 5539 rex
2983 5485 3170 5542 videns
3200 5487 3366 5544 filiam
3399 5491 3794 5557 Theudobati.

2201 5581 2414 5644 neptem
2444 5589 2616 5638 suam,
2643 5581 2783 5644 quod
2809 5585 2954 5632 esset
2972 5579 3216 5649 pulchra,
3242 5583 3422 5640 voluit
3453 5603 3590 5643 eam
3613 5591 3719 5645 sibi
3738 5589 3798 5641 ad

2201 5665 2504 5735 conjugium
2537 5669 2808 5733 copulare.
2859 5670 2955 5726 Cui
2993 5672 3070 5726 ait
3115 5672 3479 5733 Brunhildis:
3520 5683 3800 5748 Quota-do

2201 5759 2444 5829 accipere
2465 5761 2665 5830 poteris
2693 5761 2853 5817 ﬁliam
2879 5762 3061 5820 fratris
3088 5768 3202 5822 tui?
3231 5769 3301 5823 At
3333 5771 3426 5828 ille
3455 5775 3538 5829 ait
3567 5795 3584 5828 :
3620 5756 3800 5831 Nonne
