3920 6310
111 383 202 440 457

1213 374 1436 433 GESTA
1476 373 1714 430 REGUM
1752 369 2190 428 FRANCORL'M.

3164 371 3298 427 nas
3365 432 3384 440 _

103 520 130 558 u
152 499 320 556 dixisti
345 499 494 568 mihi,
525 495 668 571 quod
701 512 806 553 non
837 503 978 550 esset
1006 493 1171 548 frater
1200 492 1387 546 mens?
1416 487 1524 543 Cur
1545 489 1621 542 in-
1650 491 1696 550 Α
1721 493 2001 542 succurrat
2020 485 2175 540 nobis
2200 493 2485 553 antequam
2516 491 2741 540 cunctus
2769 483 3037 540 exercitus
3060 496 3297 541 cormat.

101 592 263 649 lusisti
307 607 464 662 super
495 607 586 647 tne
627 591 728 646 hoc
762 594 1077 660 peccatum,
1115 583 1348 644 inimica.
1393 579 1530 634 nulla
1569 587 1622 633 et

103 699 161 739 ea
202 681 400 747 mortis,
432 689 492 736 ut
534 680 754 735 fratrem
795 693 975 733 meum
997 684 1052 730 et
1079 671 1626 744 parcntesinterime-

102 775 217 829 ein?
251 773 315 828 Et
353 773 630 845 evaginato
679 769 854 843 gladio
880 766 1024 840 [Αἰ.⁹
1055 763 1262 836 cultro]
1291 762 1459 818 voluit
1505 777 1624 816 eam

101 863 510 919 ransvcrberare.
555 861 650 918 Illa
685 875 814 915 vero
853 874 884 913 a
921 855 1393 912 circumstantibus
1419 858 1624 922 erepta,

102 955 234 1010 vasit
255 954 306 1008 in
330 952 633 1008 cubiculum
663 952 852 1007 domus
875 949 1074 1018 elapsa.
1108 947 1234 1002 Post
1261 947 1374 1001 hmc
1394 944 1517 1000 odio
1545 943 1627 997 ni-

102 1047 175 1100 mio
209 1044 402 1100 inlecta
425 1043 559 1118 [Al.,
585 1041 864 1114 exterrita]
895 1041 1165 1111 potionem
1197 1046 1509 1094 venenatam
1534 1049 1628 1106 per

99 1154 252 1193 nanus
272 1137 636 1192 ministrorum
661 1134 956 1190 crudelium
983 1133 1036 1188 ei
1059 1131 1370 1188 transmisit.
1397 1128 1495 1196 Qui
1521 1136 1628 1181 sta-

99 1228 162 1282 im
190 1227 426 1283 nesciens
469 1226 612 1281 hunc
651 1224 831 1280 dolum
860 1238 1123 1278 venenum
1153 1221 1314 1282 bibit;
1347 1235 1410 1274 ac
1438 1218 1630 1273 deinde

103 1318 312 1372 eiiciens
355 1317 597 1386 iniquum
637 1313 772 1369 fudit
798 1312 1167 1387 [Al.,clllavit]
1205 1311 1470 1381 spiritum.
1511 1309 1631 1364 Illo-

105 1423 170 1460 ue
205 1414 410 1461 mortuo
436 1405 688 1476 parvulos
716 1403 855 1460 ﬁlios
881 1402 996 1472 ejus
1025 1403 1280 1472 iniquitcr
1317 1401 1429 1470 ipsa
1454 1399 1629 1454 Brun-

108 1502 224 1556 ildis
246 1499 525 1572 jugulavit.
555 1499 830 1555 Juniorem
860 1511 987 1554 vero
1013 1511 1236 1566 puerum
1259 1496 1313 1551 in
1340 1494 1476 1550 albis
1497 1493 1632 1572 eliso

97 1593 282 1645 erehro
305 1571 370 1644 ad
401 1597 609 1661 petram
639 1586 926 1643 interfecit.
1501 1571 1521 1587 ’

97 1682 190 1736 λιι».
221 1681 329 1736 XL.
353 1711 423 1722 ——
449 1679 602 1746 Quod
629 1675 890 1734 Austrasii
917 1686 965 1748 et
995 1676 1178 1748 reliqui
1211 1673 1406 1748 Franci
1439 1672 1634 1748 Claud-

135 1753 363 1806 charium
409 1744 862 1805 inbuanarchiam
910 1744 1110 1803 elevant
1158 1754 1207 1800 et
1258 1744 1631 1800 Bruncltildem

134 1831 294 1876 morte
315 1821 682 1875 condemnant.

133 1911 232 1967 His
261 1910 476 1981 regibus
519 1909 765 1973 mortuis,
810 1906 1239 1979 Burgundiones,
1265 1913 1321 1962 et
1349 1905 1634 1971 Austrasii,

97 2020 190 2062 um
213 2004 433 2060 Francis
457 2003 592 2072 pace
633 2001 797 2068 facta,
842 2000 1178 2058 Cblotarium
1207 2014 1390 2071 regem
1418 1998 1470 2054 in
1507 1998 1638 2054 totis

95 2098 241 2151 ribus
283 2094 464 2165 regnis
499 2093 555 2148 in
598 2092 947 2148 monarcbam
993 2107 1155 2162 super
1184 2106 1244 2146 se
1271 2089 1633 2146 stabilierunt.

95 2188 179 2240 lex
209 2200 416 2256 quoque
440 2183 748 2240 Chlotarius
767 2191 1037 2239 commoto
1061 2183 1300 2238 exercitu
1323 2182 1377 2237 in
1397 2180 1638 2254 Burgun-

96 2278 208 2330 riam
234 2276 382 2330 abiit.
409 2274 757 2330 Brunhildem
789 2273 976 2329 dolose
1011 2275 1165 2343 quasi
1196 2289 1318 2330 eam
1343 2275 1410 2330 ad
1447 2273 1635 2344 conju-

96 2369 207 2422 ium
232 2367 521 2423 sociare-se
546 2366 790 2437 lingeret,
819 2367 943 2421 data
970 2366 1074 2422 ﬁde
1097 2366 1284 2422 venire
1312 2368 1380 2422 ad
1409 2382 1470 2420 se
1498 2366 1638 2423 fece-

95 2467 168 2511 at.
213 2443 282 2512 At
329 2456 419 2511 illa
457 2457 682 2512 credens
718 2457 792 2519 ei,
817 2463 1009 2512 ornata
1039 2456 1188 2513 cultu
1225 2457 1392 2527 regali
1420 2457 1487 2513 ad
1512 2473 1638 2512 eum

96 2546 229 2601 enit.
259 2545 363 2612 Qui
400 2560 526 2600 eum
569 2561 690 2600 eam
725 2546 967 2611 vidisset,
1007 2546 1124 2601 ait:
1151 2545 1370 2601 Inimica
1400 2545 1637 2612 Domini,

93 2652 162 2691 ur
197 2644 345 2690 tanta.
369 2635 508 2690 mala
533 2643 848 2704 perpetrare
870 2635 1161 2700 invaluisti,
1188 2643 1248 2690 ut
1275 2645 1384 2690 tam
1420 2636 1641 2692 nobilis»

93 2729 254 2786 imam
280 2725 517 2782 sobolem
541 2725 774 2797 regalem
799 2725 1109 2782 interimere
1131 2726 1188 2782 in
1221 2726 1504 2783 maleficiis
1533 2727 1642 2783 tuis

94 2835 174 2876 .on
193 2817 512 2881 formidasti,
533 2824 846 2885 tantumque
865 2814 1018 2871 nefas
1035 2829 1200 2885 agere
1215 2831 1324 2871 non
1347 2815 1642 2872 dubitasti?

93 2909 217 2964 .‘unc
238 2908 470 2964 adunato
499 2907 714 2978 agmine
737 2906 1069 2964 Francorum
1096 2915 1153 2964 et
1177 2907 1634 2978 Burgundionum,

93 3001 271 3056 unctis
298 2999 746 3062 vociferantibus,
777 2998 1147 3054 Brunihiidam
1185 3006 1360 3054 morte
1394 3000 1639 3070 turpissi-

91 3109 155 3147 aa
181 3106 300 3147 esse
332 3090 652 3161 condignam
688 3108 700 3144 :
741 3099 876 3145 tunc
904 3088 1133 3159 jubente
1163 3089 1479 3146 Chlotliario
1515 3104 1640 3161 rege

91 3201 121 3238 τι
151 3181 352 3237 camelo
380 3181 576 3246 levata,
606 3188 719 3236 toto
745 3179 990 3236 exercitu
1021 3179 1214 3251 girato,
1243 3179 1436 3236 deinde
1466 3194 1635 3250 equo-

91 3289 186 3328 um
211 3271 592 3328 indomitorum
615 3270 841 3340 pedibus
867 3269 1058 3341 ligata,
1081 3269 1362 3340 dissipatis
1383 3270 1639 3326 membris

92 3365 215 3420 biit.
260 3364 342 3420 Ad
365 3372 669 3419 extremum
711 3361 1016 3431 sepulcrum
1044 3360 1162 3429 ejus
1204 3363 1346 3433 ignis
1369 3362 1492 3427 fuit,
1516 3378 1638 3418 ossa

91 3457 234 3527 peius
256 3457 556 3512 combusta.
587 3455 704 3510 Rex
733 3470 861 3511 vero
892 3470 1028 3526 pace
1054 3469 1152 3525 per
1184 3455 1471 3512 circuitum
1498 3454 1638 3511 facta

91 3561 320 3604 eversus
344 3554 446 3603 est.

91 3641 190 3696 in.
216 3640 352 3696 XLI.
377 3671 447 3681 —
476 3639 578 3712 Ubi
612 3638 849 3695 Saxones
879 3639 1131 3712 adversus
1153 3639 1504 3712 Dagobertum
1543 3658 1641 3712 pu-

131 3727 286 3780 gnam
314 3713 513 3774 ineuut,
537 3709 820 3780 ducemque
860 3726 1038 3780 eorum
1069 3709 1446 3766 Cltlodeltarius
1475 3709 1638 3766 inter-

130 3779 272 3850 fecit,
293 3790 341 3834 et
363 3797 466 3834 non
490 3780 772 3850 longiorem
787 3779 1046 3833 hominem
1073 3797 1138 3834 ex
1160 3780 1234 3836 eis
1256 3780 1460 3852 reliquit
1481 3798 1639 3852 quam

132 3860 284 3920 spata
309 3867 407 3905 sua
429 3860 563 3903 erat.

131 3960 262 4014 Erat
279 3975 345 4015 eo
361 3968 598 4030 uapore
613 3968 734 4030 post
754 3959 1105 4016 Landericum
1129 3961 1480 4020 Gundoaldus
1504 3963 1637 4039 [Αι.,

91 4049 403 4104 .odolandus
430 4059 475 4102 et
504 4047 918 4121 Gundobaldus}
941 4051 1153 4113 nobilis,
1185 4049 1354 4120 major
1375 4055 1564 4109 domus
1585 4054 1638 4109 in

91 4139 179 4192 ula
228 4139 392 4210 regis,
437 4139 522 4192 vir
565 4127 812 4214 (gregius
859 4149 1020 4212 atque
1055 4141 1372 4198 industrius.
1408 4143 1641 4214 Eratque

92 4207 378 4284 .hlothario
405 4229 516 4298 regi
549 4207 677 4285 tunc
699 4207 846 4284 illius
870 4207 1084 4286 nomine
1125 4231 1477 4302 Dagobertus,
1508 4207 1641 4304 puer

91 4317 269 4382 ﬂicax,
299 4327 460 4390 atque
499 4327 769 4384 strenuus,
799 4320 864 4374 ad
889 4321 1070 4374 omnia
1119 4321 1286 4377 solers
1315 4331 1480 4392 atque
1516 4339 1638 4379 ver-

91 4418 234 4464 utus.
280 4409 460 4477 Quem.
481 4425 575 4464 rex
607 4409 847 4465 adultum
875 4427 981 4466 una
1009 4427 1131 4467 eum
1161 4412 1388 4483 Pippino
1417 4414 1553 4469 duce
1585 4415 1639 4470 in

91 4509 258 4554 .nster
303 4507 647 4570 regnaturum
698 4501 912 4556 direxit.
961 4502 1228 4557 Austrasii
1274 4518 1401 4559 vero
1446 4503 1639 4560 Franci

91 4589 369 4659 aperiores
394 4589 699 4661 congregati
725 4591 779 4644 in
805 4607 990 4656 unum,
1020 4593 1378 4663 Dagobertum
1401 4611 1561 4665 super
1581 4611 1640 4652 se

91 4692 240 4746 agem
283 4687 550 4734 statuunt.
583 4679 640 4734 In
671 4679 776 4734 illis
803 4696 1014 4750 quoque
1049 4683 1237 4738 diebus
1272 4684 1512 4741 Saxones
1551 4701 1639 4740 re-

91 4768 324 4824 ellantes
379 4769 540 4824 nimis
595 4779 1000 4826 commoverunt
1056 4773 1352 4829 exercitum
1400 4776 1640 4846 gentium

91 4859 416 4914 lurimarum
443 4868 629 4914 contra
653 4849 1012 4928 Dagobertum
1033 4877 1236 4931 regem,
1279 4865 1357 4918 vel
1389 4863 1642 4921 Chlotha—

91 4953 222 5007 ium.
259 4950 597 5020 Dagobertus
617 4965 744 5005 vero
768 4952 992 5007 collecto
1025 4954 1178 5010 hoste
1213 4953 1466 5025 plurimo,
1492 4956 1637 5012 Rhe-

91 5057 190 5098 um
221 5041 460 5105 transiit,
494 5049 679 5096 contra
711 5041 951 5098 Saxones
981 5044 1048 5098 ad
1089 5061 1323 5116 pugnam
1351 5047 1499 5102 exire
1534 5063 1641 5106 non

91 5132 364 5188 ubitavit.-
394 5131 610 5200 Illisque
652 5131 824 5186 valide
868 5135 1260 5206 pugnantibus,
1311 5135 1644 5208 Dagobertus

91 5239 223 5293 aper
242 5223 395 5295 galea
417 5223 609 5292 capitis
630 5223 710 5276 sui
730 5237 1037 5293 percussus,
1062 5225 1269 5280 abscisa
1292 5226 1556 5296 particula
1578 5228 1644 5282 de

91 5312 272 5382 apillis
292 5311 411 5381 ejus
443 5312 511 5367 ad
543 5321 760 5376 terram,
791 5319 936 5367 retro
959 5321 1110 5368 stans
1134 5314 1368 5384 armiger
1394 5313 1510 5385 ejus
1535 5316 1646 5372 col-

91 5387 349 5472 git‘eam.
389 5401 460 5456 At
501 5401 595 5456 ille
619 5399 749 5475 [Al.,
789 5404 998 5458 abscisa
1027 5413 1110 5460 est
1134 5405 1396 5474 particula
1423 5407 1641 5478 capillo-

91 5509 175 5546 ,ιω
194 5493 336 5563 ejus.
360 5491 491 5559 Qum
515 5507 635 5548 cum
653 5492 721 5548 ad
737 5500 936 5548 terram
955 5494 1259 5561 decidisset,
1284 5495 1498 5565 collegit
1521 5512 1638 5554 eam

91 5585 299 5652 rmiger
326 5581 464 5652 ejus.
503 5582 627 5656 Qui]
672 5583 856 5640 Iasum
894 5597 1121 5641 cernens
1163 5584 1416 5657 populum
1462 5602 1636 5650 suum,

91 5676 194 5730 Ixit
221 5675 294 5729 ad
316 5673 490 5743 ipsum
520 5688 744 5742 puerum
782 5690 938 5731 suum
971 5690 986 5729 :
1013 5675 1182 5748 Perge
1213 5677 1469 5732 velociter
1492 5677 1641 5732 festi-

91 5785 157 5823 ns
182 5781 316 5822 cum
344 5765 493 5821 crine
519 5764 712 5835 capitis
741 5767 843 5822 mei
871 5785 1011 5824 nunc
1038 5769 1107 5824 ad
1128 5778 1334 5838 patrem
1357 5785 1558 5837 meum,
1581 5777 1640 5824 ut

1723 577 1824 645 Qui
1861 576 2100 632 cucurrit
2125 575 2400 639 velociter,
2433 582 2488 629 et
2510 576 2818 631 Ardennam
2850 575 3040 632 silvam
3070 576 3303 633 transito

1725 666 1913 721 Rheno
1952 663 2120 720 ﬂuvio
2149 664 2470 734 penetravit.
2515 663 2629 719 Illic
2657 663 3002 720 Chlotharius
3045 679 3140 719 rex
3177 677 3303 721 cum

1723 759 1964 812 exercitu
2008 756 2242 828 plurimo
2283 766 2622 827 pervenerat.
2672 756 2914 828 Cumque
2957 756 3048 812 ille
3083 757 3308 814 nuntius

1725 846 1953 902 festinus
1994 846 2286 914 adfuisset,
2336 846 2582 902 deferens
2628 847 2739 916 regi
2787 847 2854 902 de
2897 847 3110 904 absciso
3155 849 3308 903 crine

1727 939 1820 993 lilii
1859 940 1961 1004 sui,
1995 938 2086 995 ille
2130 939 2296 994 nimio
2324 937 2508 994 dolore
2543 947 2865 1005 commotus,
2909 955 3032 995 cum
3077 939 3305 1010 strepitu

1729 1030 2007 1085 turbarum
2053 1029 2121 1086 de
2156 1037 2314 1086 nocte
2365 1044 2714 1100 consurgens,
2763 1045 2885 1086 cum
2928 1024 3170 1086 exercitu
3207 1047 3308 1085 suo

1731 1121 1974 1176 Rhenum
2003 1121 2234 1186 transiit,
2267 1121 2319 1176 in
2348 1121 2606 1176 auxilium
2630 1120 2722 1176 filii
2757 1123 2840 1178 sui
2865 1121 3092 1179 festinus
3119 1137 3308 1194 pervc-

1729 1212 1826 1267 nit.
1855 1211 2098 1282 Cumque
2129 1209 2287 1266 simul
2329 1211 2599 1280 conjuncti
2645 1212 2699 1267 in
2737 1228 2905 1268 unum
2951 1213 3108 1268 hilari
3145 1214 3310 1269 corde

1731 1303 1978 1357 manibus
2007 1301 2342 1372 plauderent,
2374 1319 2537 1373 super
2563 1304 2778 1360 Wisera
2825 1303 3046 1359 ﬂuvium
3086 1304 3312 1359 tenden-

1731 1399 1814 1446 tes
1842 1391 2073 1446 llxerunt
2100 1391 2350 1447 tentoria.
2381 1391 2736 1449 Berthoaldus
2764 1408 2894 1450 vero
2921 1393 3029 1448 dux
3071 1392 3312 1448 Saxona-

1733 1497 1852 1536 rum
1880 1497 1947 1537 ex
1972 1481 2077 1536 alia
2099 1489 2254 1552 parte
2279 1483 2410 1551 ripzc
2447 1483 2606 1552 hujus
2635 1481 2869 1538 ﬂuminis
2897 1492 3066 1548 stans,
3092 1491 3314 1554 paratus

1733 1575 1800 1630 ad
1828 1574 2106 1644 placitum,
2134 1573 2217 1629 vel
2239 1573 2306 1629 ad
2330 1589 2562 1644 pugnam
2587 1576 2900 1646 procedere,
2925 1575 3150 1631 audiens
3167 1576 3326 1646 hunc-

1734 1664 2020 1721 tnmultum
2054 1663 2257 1738 populi,
2305 1665 2655 1737 interrogavit
2699 1667 2827 1736 quid
2876 1667 2980 1722 hoc
3014 1666 3192 1722 esset?
3245 1665 3312 1720 At

1735 1755 1810 1811 illi
1841 1757 2230 1827 responderunt
2257 1757 2496 1812 dicentes
2524 1775 2536 1810 :
2565 1757 2814 1814 dominus
2841 1756 3190 1813 Chlotharius
3218 1773 3310 1812 rex

1665 1870 1712 1932 Β
1737 1845 1904 1911 venit,
1931 1853 1986 1901 et
2008 1847 2079 1902 ob
2103 1846 2209 1902 hoc
2235 1846 2490 1902 laetantur
2515 1847 2730 1903 Franci.
2759 1845 2860 1914 Qui
2891 1847 3166 1920 respondit
3192 1863 3314 1903 cum

1738 1955 1915 2011 ganno
1942 1939 2074 2013 [Af.,
2101 1940 2387 1996 cachinno‘
2413 1941 2598 1998 dicens
2625 1956 2642 1996 :
2671 1941 2907 1998 Mentitis
2930 1957 3049 2007 vos,
3075 1939 3318 1997 deierare

1737 2034 2058 2100 formidatis,
2098 2051 2222 2092 cum
2267 2036 2638 2095 Chlotharium
2687 2037 2887 2092 habere
2931 2035 3113 2091 dicitis
3146 2054 3159 2090 :
3192 2051 3315 2092 cum

1737 2140 1838 2182 nos
1859 2141 1980 2181 eum
2006 2135 2275 2182 mortuum
2301 2142 2421 2183 esse
2449 2127 2691 2182 auditum
2719 2125 2928 2199 [auditu
2958 2125 3316 2197 compertum]

1737 2219 2052 2276 habeamus.
2089 2218 2204 2274 Rex
2231 2234 2444 2291 quoque
2480 2219 2590 2275 illic
2618 2229 2770 2275 stans
2803 2219 2969 2276 lorica
3017 2219 3238 2275 indutus
3266 2229 3314 2273 ct

1736 2309 1888 2381 galea
1914 2309 1968 2364 in
1991 2310 2188 2379 capite,
2212 2311 2390 2366 crines
2421 2325 2542 2366 cum
2569 2311 2767 2366 canitie
2795 2311 3033 2366 variatas
3057 2309 3317 2366 obvolvit.

1737 2398 1977 2469 Cumque
2002 2399 2358 2471 discopertus,
2383 2415 2412 2455 a
2434 2400 2582 2470 galea
2605 2401 2944 2472 apparuisset
2963 2410 3128 2472 caput
3153 2401 3318 2470 regis,

1738 2491 1984 2560 cognovit
2014 2489 2368 2550 Bertboaldus
2405 2507 2527 2548 esse
2557 2507 2754 2562 regem,
2785 2501 2840 2548 et
2869 2493 2945 2548 ait
2979 2510 2991 2547 :
3025 2491 3105 2548 Tu
3137 2508 3204 2548 ne
3233 2493 3317 2548 hit

1737 2597 1862 2640 eras
1891 2584 1998 2640 bile
2040 2583 2173 2656 [Al.,
2203 2585 2353 2642 blare
2388 2584 2692 2655 jumentum
2728 2597 2776 2641 et
2802 2587 2922 2642 bale
2962 2584 3212 2659 iumenti]
3237 2584 3313 2656 ju-

1739 2673 1954 2728 mentis.
1987 2673 2102 2729 Rex
2133 2689 2259 2730 vero
2287 2675 2401 2730 ιιεεε
2431 2677 2674 2740 audiens,
2706 2676 2861 2731 valde
2887 2676 3193 2746 indignatus
3220 2678 3316 2733 hor

1738 2765 2002 2830 convicio,
2029 2763 2297 2820 Wiseram
2325 2765 2545 2820 fluvium
2573 2767 2846 2837 ingressus
2867 2780 2990 2820 cum
3014 2781 3155 2836 equo
3177 2766 3312 2822 velo-

1737 2853 1976 2916 cissimo,
2017 2855 2392 2920 transnatavit,
2421 2855 2567 2911 ferus
2591 2864 2649 2909 ut
2685 2864 2803 2910 erat
2834 2855 3016 2921 corde,
3045 2854 3311 2910 Bcrthoal-

1736 2943 1864 2998 dum
1885 2943 2325 3014 persequebatur.
2343 2944 2782 3014 Francorumque
2801 2945 3072 3000 exercitus
3090 2959 3321 3014 sequens

1739 3048 1944 3104 regem,
1977 3042 2226 3088 natantes
2252 3034 2342 3088 vix
2378 3033 2598 3088 ﬂuvium
2629 3049 2750 3089 cum
2781 3034 3082 3106 Dagoberto
3110 3033 3318 3090 transii-

1739 3125 1953 3180 cicbant
1977 3138 2074 3194 per
2097 3124 2332 3196 gurgites
2353 3125 2668 3180 immensos.
2698 3125 2810 3180 Rex
2833 3139 3047 3196 quoque
3067 3124 3322 3180 Chlotha-

1664 3213 1712 3278 C
1743 3217 1855 3272 rius
1877 3225 2190 3287 persecutus
2207 3215 2616 3281 Bcrthoaldum,
2641 3217 2888 3272 certabat
2915 3217 3066 3272 valde
3087 3206 3209 3272 cum
3233 3231 3319 3272 eo.

1740 3313 1992 3383 Dixitque
2011 3311 2368 3367 Berthoaldus
2393 3327 2407 3366 :
2431 3312 2642 3371 Recede
2663 3301 2692 3365 ά
2715 3328 2820 3378 me,
2841 3328 2937 3367 oro
2961 3311 3093 3384 [Al.,
3121 3329 3155 3367 ο
3179 3311 3320 3385 τοι),

1739 3423 1808 3463 ne
1834 3405 1974 3464 forte
2011 3405 2328 3462 interficiam
2356 3413 2426 3462 te.
2454 3403 2590 3472 Quia
2621 3405 2666 3459 si
2693 3405 3040 3477 prmvalueris
3065 3405 3325 3461 adversus

1739 3514 1846 3564 me,
1877 3498 1954 3552 sic
1989 3513 2178 3554 omnes
2219 3496 2465 3552 homines
2512 3495 2712 3560 dicent,
2752 3495 2895 3565 quod
2925 3509 3138 3550 servum
3167 3503 3323 3553 tuum

1737 3586 2117 3644 Bcrthoaldum
2160 3585 2411 3656 gentilcm
2457 3585 2751 3656 peremisti.
2787 3584 2845 3640 Si
2885 3593 3064 3640 autem
3097 3585 3320 3640 interfe-

1739 3694 1864 3733 cero
1886 3694 1987 3750 ego
2016 3686 2088 3746 te,
2115 3685 2245 3732 tunc
2273 3692 2458 3732 rumor
2485 3691 2708 3746 magnus
2735 3676 2788 3731 in
2832 3677 3041 3731 cunctis
3074 3677 3323 3748 gentibus

1738 3771 2002 3833 audietur,
2055 3767 2197 3840 quod
2237 3767 2563 3824 fortissimus
2606 3783 2699 3822 rex
2732 3765 3064 3824 Francorum
3103 3784 3132 3822 a
3167 3783 3324 3823 servo

1739 3864 1811 3920 sit
1849 3863 2180 3918 interfectus.
2223 3861 2336 3918 Rex
2362 3869 2543 3916 autem
2578 3875 2917 3931 nequaquam
2943 3859 3209 3930 acquievit
3243 3861 3324 3916 di-

1739 3956 1841 4012 ctis
1867 3954 2003 4024 ejus,
2035 3955 2129 4010 sed
2173 3953 2343 4024 magis
2371 3952 2732 4025 consurgebat
2769 3952 2982 4007 animus
3008 3952 3170 4018 illius,
3197 3969 3326 4008 con-

1739 4059 1822 4106 tra
1852 4058 1906 4105 et
1935 4065 2098 4119 supra
2125 4063 2268 4104 eum.
2299 4047 2476 4118 Eques
2497 4047 2680 4117 itaque
2702 4045 2921 4116 quidam
2945 4046 3087 4114 regis
3113 4063 3141 4100 a
3169 4046 3326 4116 longe

1739 4150 1955 4198 secutus
1983 4155 2186 4211 regem,
2215 4140 2412 4195 clamat
2440 4157 2452 4192 :
2479 4137 2822 4202 Confortare,
2851 4136 3157 4192 confortare
3195 4155 3324 4197 corr-

1739 4241 1823 4288 tra
1850 4231 2214 4286 adversarium
2243 4238 2411 4292 tuum.
2435 4229 2650 4283 domine
2678 4227 2750 4281 mi
2775 4241 2889 4280 rex.
2920 4225 3148 4296 Jamque
3169 4237 3324 4289 erant

1739 4339 1932 4378 manus
1955 4322 2096 4393 regis
2118 4336 2308 4392 graves
2333 4320 2505 4375 valde.
2548 4320 2676 4378 Erat
2707 4319 2851 4375 enim
2873 4319 3152 4374 loricatus.
3181 4317 3325 4374 Con-

1739 4426 2072 4482 surgensque
2122 4425 2224 4466 rex
2261 4425 2422 4479 super
2470 4425 2613 4474 eum,
2666 4408 2937 4465 Interfecil.
2984 4409 3159 4480 ipsum
3194 4408 3322 4463 Ber-

1740 4500 2034 4564 tboaldum,
2076 4499 2402 4569 sustulitque
2452 4507 2613 4568 caput
2665 4499 2781 4570 ejus
2821 4499 2876 4553 in
2917 4506 3094 4554 conto.
3129 4497 3320 4552 Revce

1741 4605 1940 4662 susque
1987 4591 2053 4647 ad
2107 4591 2365 4656 Francos,
2397 4589 2610 4660 illisque
2649 4589 2971 4660 lugentibus,
3011 4587 3322 4644 nesciebant

1741 4681 1868 4752 quid
1897 4679 2008 4750 regi
2033 4679 2364 4750 contigisset.
2397 4679 2526 4734 Viso
2552 4694 2680 4750 ergo
2708 4693 2800 4741 eo,
2833 4679 2999 4748 gavisi
3045 4685 3168 4732 sunt
3191 4691 3324 4748 gau-

1742 4767 1831 4823 dio
1858 4781 2069 4837 magno.
2102 4767 2214 4824 Rex
2241 4780 2371 4822 vero
2396 4774 2507 4821 tota
2537 4775 2681 4821 terra
2721 4765 3060 4820 Saxonomm
3089 4775 3321 4829 vastata,

1740 4857 1932 4927 populo
1967 4857 2056 4911 illo
2083 4856 2386 4921 interfecto,
2415 4873 2522 4911 non
2549 4857 2622 4912 ibi
2647 4854 2905 4925 majorem
2933 4856 3203 4912 hominem
3233 4872 3322 4910 re-

1741 4948 2011 5016 liquerunt
2038 4947 2329 5013 viventem,
2371 4947 2475 5003 nisi
2518 4957 2572 5002 et
2617 4949 2825 5019 gladius
2852 4964 2983 5003 suus
3009 4948 3174 5020 (quod
3197 4967 3322 5022 spa-

1738 5049 1848 5093 tam
1877 5037 2089 5107 vocant)
2111 5052 2209 5107 per
2245 5037 2461 5108 longum
2490 5038 2722 5092 habebat
2743 5037 2872 5110 [Al.,
2913 5039 3015 5092 nisi
3041 5040 3322 5110 qui‘gladii

1739 5131 1821 5185 sui
1851 5139 2113 5186 staturam
2138 5143 2354 5198 aequare
2373 5127 2602 5200 posset].
2634 5126 2747 5183 Hoc
2769 5128 2982 5199 signum
3023 5128 3075 5184 in
3105 5131 3323 5204 regione

1740 5220 1830 5276 illa
1856 5221 2063 5277 statuit.
2103 5219 2479 5287 Reversusque
2503 5226 2586 5273 est
2613 5233 2710 5272 rex
2747 5218 2924 5274 victor
2950 5218 3004 5274 in
3032 5228 3176 5274 terra
3201 5237 3312 5276 sua.

1741 5330 1870 5387 CAP.
1897 5330 2055 5386 XLII.
2081 5361 2152 5371 —
2176 5329 2252 5385 De
2288 5340 2454 5384 morte
2485 5329 2842 5453 fhl‘odcharii,
2879 5342 2928 5386 et
2965 5349 3181 5404 regnum
3215 5333 3322 5388 Da-

2417 5417 2482 5453 ao
2516 5417 2574 5453 er
2595 5417 2633 5453 ι.
3301 5425 3308 5437 -

2417 5417 2633 5470 govern.
3301 5425 3308 5437 -

1815 5491 2144 5547 Succedente
2171 5505 2299 5545 vero
2327 5498 2566 5560 tempore
2595 5500 2840 5549 mortuus
2870 5502 2954 5549 est
2978 5493 3320 5550 Chlotlrarius

1745 5597 1861 5648 rex,
1893 5597 2054 5638 senex
2083 5589 2139 5637 et
2158 5582 2347 5652 plenus
2383 5579 2592 5638 dierum
2623 5599 2636 5637 :
2664 5586 3010 5656 regnavitque
3035 5600 3205 5640 annos
3225 5584 3312 5640 44.

1745 5674 2096 5743 Regnumquc
2117 5671 2231 5741 ejus
2249 5673 2581 5744 Dagobertus
2608 5691 2701 5730 rex
2722 5677 2861 5732 filius
2887 5676 3003 5744 ejus
3032 5678 3084 5731 in
3108 5689 3297 5730 moriar

1745 5767 1865 5824 chia
1897 5767 1950 5821 in
1989 5766 2118 5824 totis
2140 5767 2312 5822 tribus
2339 5768 2517 5840 regnis
2539 5769 2803 5840 sagaciter
2836 5769 3059 5837 accepit.
3088 5767 3318 5836 Fuitqua
