3920 6310
106 345 231 408 uti!

101 553 257 611 navit.
286 548 496 619 Reliqui
520 564 650 604 vero
688 547 882 603 Franci
926 561 1113 603 eorum
1153 545 1285 600 socii
1333 557 1431 612 per
1475 539 1656 612 fugam

101 642 183 696 vix
208 647 510 697 evaserunt.
564 636 817 693 Nonnulli
870 650 999 691 vero
1058 634 1113 691 in
1157 632 1348 689 exsilio
1381 629 1657 701 pervagati

100 738 175 812 [iu
211 734 458 793 exsilium
486 731 637 805 acti],
658 731 893 804 propriis
918 728 1264 786 facultatibus
1287 724 1481 797 privati
1510 730 1654 779 sunt.

96 854 218 911 Car.
260 851 434 907 XLVI.
489 880 557 892 —
610 847 763 914 Quod
812 846 1075 901 Martinus
1120 852 1171 899 et
1213 842 1275 897 Pi

160 922 552 978 Austrasioruut
599 917 788 973 bellum
831 924 992 988 agunt
1034 923 1217 970 contra

164 991 560 1047 Theudericum.

1321 912 1558 968 broiuum
1611 916 1660 963 et

164 1105 241 1160 Eo
273 1114 486 1173 quoque
534 1106 775 1169 tempore
811 1097 1102 1153 decedente
1127 1093 1410 1151 Vulfoaldo
1444 1091 1511 1147 de
1553 1090 1661 1144 Au-

93 1204 223 1259 ster,
254 1191 514 1248 Martinus
540 1196 596 1245 et
622 1187 900 1259 Pippinus,
944 1185 1127 1255 iunior
1166 1184 1306 1241 illius
1350 1181 1658 1253 Ansigiseli,

91 1284 360 1356 quondam
408 1280 791 1338 decedentibus
844 1278 1086 1349 regibus,
1136 1276 1550 1332 dominabantur
1605 1274 1660 1328 in

91 1380 323 1437 Auster:
357 1378 526 1434 donec
557 1374 773 1431 tandem
800 1371 1088 1442 aliquando
1115 1369 1191 1424 hii
1216 1368 1382 1424 duces
1403 1368 1456 1423 in
1478 1366 1660 1422 odium

91 1470 235 1525 versi
258 1476 445 1525 contra
468 1465 782 1529 Ebroinum,
798 1462 1095 1518 exercitum
1120 1459 1410 1530 plurimum
1437 1456 1663 1511 Austra-

92 1562 292 1618 siorum
348 1558 633 1622 commoti,
685 1562 876 1617 contra
931 1551 1327 1608 Theudericum
1376 1562 1557 1618 regem
1607 1555 1664 1603 et

92 1653 381 1710 Ebroiuum
410 1652 581 1708 aciem
610 1649 867 1720 dirigunt.
892 1646 1093 1703 Contra
1130 1659 1265 1713 quos
1293 1641 1661 1698 Theudoricus

92 1758 184 1798 rex
209 1751 264 1798 et
285 1740 553 1796 Ebroinus
587 1753 709 1794 cum
748 1737 905 1792 hoste
937 1740 1249 1798 occurrunt,
1290 1731 1407 1786 loco
1444 1745 1652 1785 nuncu-

1260 338 1486 399 GESTA
1521 334 1763 393 ΠΕΟοΜ
1798 329 2241 389 FRANCORUM.
3192 329 3229 403 ᾗ

101 461 362 524 Cerinum,
386 465 437 514 et
458 455 742 531 Garinum]
769 456 993 514 fratrem
1019 455 1138 526 eius
1161 454 1295 510 dura
1317 468 1479 526 pruna
1505 450 1655 507 dam-
1684 451 1730 514 Α
1756 448 1885 531 (ἔλθ’.
1922 448 2147 531 XLVII].
2175 478 2246 489 —
2276 448 2431 531 Quod
2454 448 2699 531 Waratto
2740 450 2992 531 moritur,
3020 457 3069 507 et
3106 449 3328 509 Bantia.

1350 843 1464 897 inus
1501 840 1658 893 duces
1734 875 1741 883 η

3192 326 3327 384 “:69.
3346 378 3349 383 .

2996 537 3189 592 nasque
3240 538 3330 579 eos

1830 521 1938 575 rius
1982 521 2037 574 in
2088 519 2203 574 loco
2257 520 2371 590 ejus
2423 521 2791 586 constituitur,
2839 519 2905 574 Pi
2980 519 2992 532 '

1830 590 2051 642 devictos
2100 589 2541 642 maiordomatum
2577 590 2632 642 in
2680 607 2776 642 sua
2820 537 2992 642 rem

2913 599 3007 660 igit
3056 599 3324 662 potestate.

1827 590 2051 646 devictos
2100 589 2541 661 majordomatum
2577 590 2632 644 in
2680 607 2776 645 sua
2820 607 2876 644 re

1829 703 2160 759 Succedente
2189 702 2385 773 quippe
2413 711 2715 772 temporum
2746 699 3014 757 curriculo
3041 701 3332 773 praedictus

1758 792 2005 849 Waratto
2028 791 2312 848 defunctus
2337 800 2440 848 est.
2470 791 2699 861 Fuitque
2746 792 2795 846 ei
2843 800 3089 848 matrona
3137 793 3333 848 nobilis

1759 900 1824 940 ac
1850 884 2142 955 ingeniosa,
2170 883 2388 939 nomine
2429 881 2727 939 Ansefledis
2772 882 2894 957 [ΑΙ.
2914 924 2928 951 ,
2957 883 3255 951 Austledis,
3284 894 3331 939 ct

1764 975 2121 1050 Ansalilidis].
2155 974 2349 1033 Franci
2377 990 2608 1045 namque
2630 976 2684 1030 in
2706 975 2918 1031 diversa
2940 976 3219 1031 tendentes
3239 992 3333 1032 va-

1759 1068 2014 1126 cillabant
2043 1085 2056 1123 :
2098 1066 2442 1123 Bertharium
2488 1065 2620 1139 [Αι.,
2647 1065 3014 1139 Bertharium]
3045 1068 3331 1136 quemdam

1758 1169 1966 1218 statura
1992 1159 2264 1232 pusillum,
2285 1155 2547 1230 sapientia
2573 1158 2887 1230 ignobilem,
2909 1159 3135 1215 consilio
3170 1159 3333 1214 inuti-

1760 1253 1886 1318 lem,
1907 1252 1963 1306 in
1981 1252 2239 1323 majorem
2260 1251 2507 1306 domatus
2525 1250 2840 1306 oberrantes
2855 1257 3116 1306 statuunt.
3140 1249 3333 1307 Franci

1762 1343 1818 1398 in
1858 1341 2089 1398 invicem
2118 1340 2299 1407 divisi,
2327 1339 2585 1411 Pippinus
2630 1339 2686 1394 in
2735 1338 2932 1395 Auster
2983 1356 3330 1412 consurgens,

1761 1440 2032 1491 commoto
2064 1434 2219 1490 hoste
2253 1432 2666 1504 quamplurimo,
2707 1439 2897 1487 contra
2942 1430 3334 1488 Theudericum
3424 1475 3432 1481 .

1762 1539 1943 1598 regem
1973 1532 2029 1582 et
2047 1522 2387 1581 Bertharium
2411 1524 2583 1579 aciem
2610 1522 2814 1593 dirigit.
2836 1521 3337 1593 Convenieutesque

1762 1618 1831 1674 ad
1857 1616 2099 1688 praelium
2144 1616 2200 1671 in
2250 1614 2371 1671 loco
2419 1622 2759 1684 nuncupante
2807 1614 3101 1682 Textricio,
3125 1615 3339 1685 illisque

1766 1710 1986 1764 interse
2011 1707 2473 1779 belligerautibus,
2507 1706 2873 1763 Theuderieus
2911 1722 3007 1761 rex
3046 1722 3167 1762 cum
3201 1705 3333 1761 Ber-

89 1841 251 1904 pante
282 1830 449 1887 Lufao
484 1829 633 1903 [Al.,
655 1826 915 1891 Lueofao,
946 1834 995 1879 et
1022 1820 1295 1891 Lucofago
1315 1818 1336 1893 ]
1354 1861 1369 1886 ,
1398 1818 1663 1888 simulque

1781 1800 1946 1857 Lbario
1973 1800 2176 1871 majore
2203 1799 2362 1855 domo
2389 1806 2539 1870 terga
2584 1806 2877 1854 verterunt.
2925 1798 3182 1869 Pippinus
3209 1814 3337 1855 vero

88 1923 356 1995 conjuncti
384 1937 445 1978 se
476 1920 706 1974 invicem
742 1916 886 1972 caede
914 1928 1109 1985 magna
1135 1918 1501 1983 prosternunt,
1533 1925 1658 1965 cor-

90 2013 303 2082 ruitque
339 2010 414 2065 ibi
451 2007 659 2063 infinita
698 2006 855 2062 turba
890 2003 1099 2075 populi.
1146 2001 1419 2057 Austrasii
1441 1999 1658 2064 devicti,

92 2106 147 2159 in
178 2102 352 2173 fugam
381 2101 535 2172 lapsi,
566 2109 719 2169 terga
746 2103 1048 2152 verterunt.
1075 2093 1346 2150 Ebroinus
1382 2106 1478 2151 eos
1517 2092 1662 2147 aede

90 2192 460 2249 crudelissima
487 2191 787 2252 insecutus,
812 2187 1101 2241 maximam
1126 2191 1335 2254 partem
1362 2196 1430 2237 ex
1456 2181 1547 2237 illa
1574 2196 1662 2236 re-

89 2285 248 2354 gione
268 2283 514 2339 vastavit.
542 2281 803 2335 hiat-tinus
822 2292 919 2349 per
947 2277 1126 2347 fugam
1147 2275 1380 2345 elapsus,
1405 2272 1664 2328 Lauduno

89 2377 312 2431 Clavato
337 2358 628 2446 ingressus,
676 2371 805 2428 illuc
826 2385 886 2427 se
934 2368 1169 2427 reclusit.
1201 2365 1458 2437 Pippinus
1483 2373 1663 2420 autem

88 2467 407 2522 altrinsecus
417 2465 608 2520 evasit.
623 2462 892 2519 Ebroinus
909 2461 1088 2529 itaque
1109 2463 1418 2530 perpetrata
1436 2454 1665 2511 victoria

90 2573 337 2614 reversus
362 2564 469 2621 est,
496 2564 551 2611 et
573 2569 697 2610 cum
716 2553 958 2609 exercitu
980 2565 1175 2619 magno
1195 2548 1342 2603 venit
1360 2546 1668 2615 Ercherego

90 2650 226 2724 [Αι.,
240 2648 496 2711 Ercheco,
517 2655 564 2702 et
586 2641 894 2715 Ercariaco]
914 2640 1061 2696 villa.
1088 2639 1274 2710 Itaque
1293 2637 1360 2694 ad
1380 2637 1669 2693 Martinam

87 2742 310 2797 nuntios
331 2739 538 2811 dirigit,
551 2745 611 2793 ut
631 2738 756 2794 dato
780 2740 1119 2792 sacramento
1139 2746 1261 2786 cum
1281 2728 1477 2786 fiducia
1496 2727 1565 2783 ad
1583 2741 1671 2783 re~

87 2847 217 2902 gem
250 2828 636 2884 Theodericum
669 2826 897 2881 veniret.
929 2823 1044 2880 Hoc
1083 2821 1268 2878 dolose
1297 2832 1363 2876 ac
1404 2815 1673 2875 fallaciter

86 2935 258 2990 super
291 2933 488 2975 vacuas
519 2931 710 2986 capsas
747 2915 798 2971 ei
821 2914 1087 2985 iurantes.
1129 2911 1223 2966 Ille
1269 2924 1401 2965 vero
1446 2904 1672 2964 credens

85 3013 197 3077 eis,
237 3011 503 3067 Erchreco
540 3005 905 3090 veniens,‘ibi
941 3019 1064 3061 eum
1106 3002 1269 3059 sociis
1306 3000 1419 3057 suis
1448 2998 1670 3056 interfe—

85 3113 219 3160 είυὸ
242 3110 345 3158 est.

84 3217 225 3273 CAP.
265 3212 467 3272 XLVII.
497 3244 567 3255 -—
588 3211 690 3266 Ubi
724 3209 986 3265 Ebroinus
1023 3207 1300 3271 occiditur,
1330 3203 1573 3259 Waratto
1616 3202 1671 3256 iu
1697 3156 1744 3219 ε

168 3285 661 3357 majoremdomatus
706 3282 1014 3357 assumitur,
1054 3287 1103 3334 et
1144 3286 1356 3332 sanctus
1399 3273 1672 3330 Audoinus

168 3353 536 3411 ad'Domiuum
563 3353 825 3425 migrauit.

171 3468 439 3525 Ehroinus
459 3467 627 3539 igitur
648 3464 822 3536 magis
846 3479 911 3519 ac
933 3462 1107 3535 magis
1130 3459 1369 3516 Francos
1387 3454 1677 3513 crudeliter

82 3558 450 3628 opprimebat.
476 3555 583 3612 Sed
606 3562 785 3610 tamen
809 3553 919 3608 Deo
937 3553 1170 3609 donante
1189 3550 1316 3605 dum
1334 3543 1677 3602 Ermeufrido

82 3650 307 3708 Frauco
329 3657 548 3720 pararet
592 3646 844 3709 insidias,
872 3645 985 3716 ipse
1026 3640 1400 3699 Ermenfridus
1436 3638 1540 3694 hoc
1584 3651 1677 3693 co-

82 3757 380 3817 gnoscens,
393 3751 448 3796 et
462 3748 618 3796 nocte
641 3741 856 3795 irruens
868 3752 1032 3807 super
1057 3749 1203 3799 eum,
1226 3731 1503 3789 interfecit
1522 3728 1677 3785 illum

82 3834 373 3897 atrociter,
390 3840 549 3902 atque
573 3831 642 3886 ad
656 3829 939 3900 Pippinum
961 3828 1016 3882 in
1031 3827 1230 3881 Auster
1248 3824 1460 3894 fugiens
1481 3821 1675 3878 evasit.

86 3926 293 3982 Franci
309 3938 458 3990 vero,
482 3922 707 3981 consilio
720 3930 958 3992 accepto,
974 3919 1347 3976 Warattouem
1366 3915 1542 3970 virum
1562 3912 1680 3969 illu-

86 4026 267 4074 strem
284 4017 337 4071 in
357 4015 475 4071 loco
490 4014 605 4085 eius
621 4028 743 4070 cum
754 4013 995 4084 iussione
1012 4010 1156 4080 regis
1180 4007 1442 4079 maiorem
1460 4005 1679 4061 domum

88 4107 299 4179 palatio
321 4105 672 4162 constituunt.
697 4101 917 4171 Accepit
934 4101 1114 4169 itaque
1129 4097 1380 4152 Waratto
1396 4097 1537 4150 inter
1563 4094 1681 4149 haec

88 4200 319 4256 obsides
331 4214 362 4252 a
385 4196 639 4268 praedicto
651 4192 892 4263 Pippino,
909 4197 964 4245 et
975 4203 1161 4260 pacem
1177 4202 1299 4243 cum
1313 4201 1381 4241 eo
1395 4184 1532 4239 iniit.
1550 4184 1682 4237 Erat

92 4293 162 4349 in
183 4290 276 4347 illo
302 4298 544 4356 tempore
572 4289 867 4339 memoratu
892 4278 1199 4335 Warattoni
1222 4276 1364 4332 filius
1385 4274 1573 4330 efﬁcax
1602 4273 1683 4327 in-

1761 1890 1933 1945 victor
1957 1888 2184 1944 exstitit.
2214 1886 2544 1944 Procedente
2575 1887 2757 1957 itaque
2781 1894 3028 1957 tempore
3053 1887 3170 1959 ipse
3205 1886 3338 1941 Ber-

1759 1982 1970 2037 tharius
2004 1980 2073 2035 ab
2098 1979 2466 2035 adulatoribus
2510 1980 2624 2037 suis
2666 1979 2881 2035 occisus
2922 1986 3025 2046 est,
3053 1979 3341 2049 instigante

1760 2069 2095 2146 [insidiante]
2121 2067 2395 2126 Ansllede.
2420 2068 2550 2125 Post
2573 2069 2688 2125 haec
2715 2068 2974 2141 Pippinus
3009 2084 3133 2125 cum
3163 2067 3339 2125 Theu-

1761 2163 1945 2219 derico
1974 2177 2100 2233 rege
2127 2160 2291 2232 erepit
2310 2176 2432 2217 esse
2455 2161 2706 2231 princeps
2736 2160 3013 2232 regiminis
3054 2174 3121 2214 ac
3167 2157 3341 2231 maior

1763 2256 1975 2312 domus.
2003 2251 2292 2309 Thesauris
2315 2252 2573 2323 acceptis,
2602 2249 2946 2307 Nortbertum
2974 2248 3105 2324 [ΑΛ.
3141 2247 3345 2305 Norde-

1766 2345 2002 2419 bertum]
2032 2346 2318 2415 quemdam
2350 2343 2417 2401 de
2438 2343 2552 2401 suis
2575 2358 2699 2398 cum
2726 2356 2853 2412 rege
2881 2339 3117 2410 reliquit,
3143 2339 3257 2409 ipse
3285 2339 3341 2394 in

1765 2440 2038 2495 Austriam
2069 2436 2351 2494 remeavit.
2377 2435 2509 2491 Erat
2539 2442 2720 2490 autem
2754 2432 2983 2502 Pippino
3024 2446 3160 2487 uxor
3185 2430 3342 2486 uobi-

1768 2531 1974 2588 lissima
1994 2546 2061 2586 ac
2087 2528 2481 2599 sapientissima
2519 2525 2736 2583 nomine
2770 2523 3089 2580 Plectrudis.
3121 2522 3200 2578 Ex
3232 2522 3347 2591 ipsa

1768 2622 1955 2693 genuit
1978 2621 2118 2676 filios
2143 2621 2296 2675 duos.
2321 2616 2525 2673 Nomen
2550 2616 2771 2687 maioris
2798 2615 3005 2671 Drocus
3047 2613 3179 2687 [Αι.,
3207 2612 3346 2669 Dro-

1769 2710 1879 2785 go],
1906 2718 1961 2767 et
1984 2724 2179 2766 nomen
2199 2708 2427 2764 minoris
2455 2705 2815 2765 Grimoaldus.
2859 2704 3065 2759 Drocus
3093 2703 3348 2761 ducatum

1769 2799 2077 2871 Campaniae
2102 2796 2335 2866 accepit.

1771 2914 1901 2972 Car.
1952 2911 2141 2968 XLIX.
2190 2910 2269 2964 De
2314 2909 2459 2964 obitu
2492 2907 2798 2963 Theoderici
2843 2916 2893 2960 et
2934 2920 3148 2976 regnum
3196 2901 3352 2957 Chlo-

1840 2983 1988 3040 darei
2007 2992 2057 3039 at
2082 2979 2416 3060 C(n’ldeberti,
2437 2988 2484 3033 et
2506 2976 2813 3033 Grimoaldo
2840 2975 3042 3047 majore
3070 2975 3277 3028 domus.

1843 3094 1989 3150 Obiit
2009 3100 2190 3149 autem
2213 3088 2581 3147 Theudericus
2595 3103 2716 3154 rex,
2729 3086 3081 3157 reguavitque
3099 3099 3268 3140 annos
3285 3083 3352 3140 l9

1775 3187 1906 3261 [Al.,
1937 3184 2049 3258 18].
2073 3184 2409 3240 Chlodoveus
2434 3181 2575 3237 filius
2601 3182 2719 3253 eius
2740 3193 2878 3251 puer
2903 3177 3137 3249 regaletn
3170 3175 3351 3235 sedem

1772 3276 2033 3347 suscepit,
2061 3275 2346 3345 exregina
2373 3273 2591 3328 nomine
2615 3270 2920 3328 Chlothilde
2951 3268 3088 3341 [Al.,
3115 3264 3350 3340 Ilotilde]

1771 3366 2108 3439 progenitus.
2134 3364 2246 3420 Nec
2262 3363 2432 3418 multo
2449 3370 2573 3432 post
2597 3362 2714 3431 ipse
2737 3359 3080 3415 Chlodoveus
3100 3372 3195 3412 rex
3217 3370 3356 3428 puer

1772 3465 2020 3515 mortuus
2046 3464 2129 3511 est
2183 3473 2196 3509 :
2256 3454 2604 3526 regnavitque
2651 3466 2824 3507 annos
2867 3450 2920 3504 2.
2979 3448 3358 3505 Childeberun

1774 3556 1952 3603 autem
1978 3546 2148 3601 frater
2173 3545 2310 3616 eius,
2324 3545 2407 3599 vir
2435 3543 2688 3613 inclytus,
2710 3542 2765 3597 in
2794 3554 2963 3612 regno
2987 3547 3223 3594 statutus
3249 3545 3354 3594 est.

1775 3638 1853 3694 Eo
1866 3651 2080 3708 quoque
2101 3644 2343 3705 tempore
2362 3633 2683 3691 Nortbertus
2701 3638 2947 3687 mortuus
2965 3639 3068 3686 est.
3090 3627 3356 3685 Grimoal-

1777 3730 1878 3786 dus
1901 3743 2116 3798 quoque
2136 3726 2348 3797 Pippiui
2391 3725 2653 3796 principis
2704 3723 2849 3780 illius
2887 3722 3073 3795 iunior
3113 3722 3175 3777 in
3214 3719 3354 3775 Aula

1776 3822 1921 3892 regis
1945 3817 2275 3875 Childeberti
2299 3818 2475 3890 maior
2497 3818 2688 3874 domus
2706 3814 2939 3872 effectus
2952 3822 3053 3870 est.
3092 3813 3213 3885 Ipse
3255 3814 3357 3884 igi-

1781 3921 1869 3967 tur
1903 3910 2160 3981 Pippinus
2212 3907 2380 3965 multa
2424 3907 2563 3964 bella
2608 3907 2777 3979 gessit
2819 3913 3010 3962 contra
3056 3903 3354 3960 Ratbodein

1779 4002 2034 4074 gentilem
2056 4042 2073 4068 ,
2119 4000 2204 4057 vel
2258 4000 2391 4056 alios
2434 3999 2726 4070 principes,
2749 4005 2936 4054 contra
2975 3995 3213 4061 Suevos,
3268 3994 3356 4050 vel

1778 4093 2203 4165 quamplurimas
2259 4100 2467 4165 gentes.
2523 4090 2880 4147 Grimoaldus.
2917 4088 3116 4159 quippe
3169 4087 3356 4157 genuit

1782 4184 1949 4238 filium
1974 4197 2043 4237 ex
2059 4182 2378 4247 concubina,
2397 4179 2766 4235 Theudaldum
2795 4176 3036 4233 nomine.
3070 4175 3183 4231 Sub
3217 4174 3365 4229 idem

1782 4290 1911 4329 vero
1931 4281 2140 4343 tempus
2166 4271 2377 4342 Drogus
2401 4269 2542 4324 filius
2564 4267 2775 4338 Pippini
2798 4264 3085 4321 defunctus
3112 4272 3215 4320 est.
3247 4262 3359 4318 lla-

92 4353 1380 4448 dustriusque,.feroanimo,etacerbismoribus,
1402 4365 1687 4421 insidiator
1784 4358 2052 4433 behatqu'e
2090 4361 2349 4431 Pippinus
2372 4359 2632 4430 prtefatus
2655 4358 2908 4429 princeps
2934 4356 3105 4413 ﬁlium
3143 4371 3211 4412 ex
3255 4353 3359 4409 alia

95 4472 276 4545 patris
305 4470 406 4533 sui,
434 4482 667 4537 eumque
690 4466 757 4521 ab
790 4465 993 4519 honore
1014 4461 1389 4535 generositatis
1430 4457 1683 4529 supplan—

1711 4508 1764 4569 D

1785 4470 1977 4519 uxore,
1998 4453 2214 4509 nomine
2235 4450 2514 4518 Carolum,
2536 4452 2714 4508 virum
2733 4450 3031 4522 elegantem
3047 4487 3064 4516 ,
3086 4447 3387 4519 egregium.

100 4542 247 4627 taus,
288 4567 515 4629 eratque
554 4571 748 4612 nomen
782 4554 899 4631 eius
944 4550 1296 4607 Gislemarus.
1348 4548 1447 4605 Cui
1493 4549 1687 4603 beatus
1712 4542 1764 4569 "
1787 4552 1951 4613 atque
1976 4542 2187 4599 utilem.

99 4655 398 4710 Audoenus
429 4650 711 4721 episcopus
754 4643 1054 4716 prohibuit,
1097 4657 1166 4697 ne
1203 4642 1344 4696 hanc
1389 4638 1686 4708 nequitiam

97 4752 295 4803 contra
320 4751 533 4813 patrem
558 4752 715 4795 suum
742 4735 986 4791 inferret:
1017 4733 1169 4801 Quod
1199 4732 1288 4788 ille
1326 4731 1513 4787 audire
1552 4745 1686 4785 con-

100 4835 350 4905 tempsit,
380 4832 699 4901 fueruntque
729 4828 870 4882 inter
891 4826 1007 4896 ipso
1030 4824 1330 4880 Gislemaro
1368 4830 1425 4878 et
1464 4821 1691 4892 Pippino

102 4927 250 4983 bella
300 4925 485 4981 civilia
516 4929 573 4978 et
601 4920 780 4975 multa:
827 4916 1131 4972 discordiae.
1187 4913 1293 4982 Qui
1338 4914 1408 4969 ob
1465 4912 1693 4984 iniurias

100 5017 283 5089 patris
309 5014 395 5069 vel
415 5014 519 5068 alia
540 5018 760 5083 peccata
782 5007 1017 5064 crudelia
1048 5023 1081 5062 a
1101 5005 1213 5061 Deo
1249 5019 1557 5075 percussus,
1581 5002 1687 5057 ini-

103 5107 436 5178 quissimum
468 5104 713 5175 spiritum
755 5099 1049 5164 exhalavit,
1072 5098 1225 5169 iuxta
1280 5095 1420 5165 quod
1471 5102 1691 5151 sanctus

100 5199 408 5256 Audoenus
449 5196 497 5252 ei
543 5192 886 5265 praedixerat.
921 5189 1120 5259 Illoque
1146 5186 1420 5251 defuncto,
1445 5186 1692 5242 Waratto

106 5294 314 5348 iterum
344 5292 603 5346 honorem
627 5285 916 5356 pristinum
957 5282 1172 5339 functus
1197 5291 1300 5337 est.
1332 5280 1445 5336 Sub
1471 5279 1556 5335 his
1580 5278 1695 5337 die-

106 5384 216 5441 bus
250 5380 543 5436 Audoeuus
577 5375 988 5444 Rotomageusis
1036 5373 1320 5442 episcopus
1363 5370 1554 5441 plenus
1584 5368 1695 5424 die-

104 5487 263 5536 rum,
282 5480 447 5540 atque
461 5467 748 5524 virtutibus
767 5464 1076 5536 przeclarus,
1093 5462 1367 5532 Clippiago
1381 5460 1506 5516 villa
1523 5457 1703 5529 regale

107 5563 174 5623 in
210 5563 528 5619 suburbana
548 5558 876 5615 Parisiorum
899 5554 1118 5609 civitate
1147 5552 1399 5623 migravit
1426 5551 1494 5605 ad
1518 5547 1701 5604 Domi-

110 5669 273 5719 num,
297 5660 357 5708 et
402 5665 523 5707 cum
576 5664 767 5718 magna
809 5645 976 5718 gloria
1024 5645 1078 5699 in
1098 5643 1318 5699 basilica
1352 5641 1523 5700 sancti
1552 5639 1700 5695 Petri

114 5746 355 5831 apxstoli
382 5744 681 5812 Itotomago
702 5739 916 5795 civitate
946 5737 1185 5807 sepultus
1210 5745 1312 5791 est.

1786 4654 1916 4711 CAP.
1953 4653 2016 4709 L.
2036 4685 2108 4696 ——
2136 4653 2215 4708 De
2248 4655 2473 4709 transitu
2496 4651 2829 4716 Chil‘deberti,
2864 4659 2913 4707 et
2939 4665 3151 4722 regnum
3186 4647 3381 4716 οπο-η

1859 4725 1988 4780 berti
2010 4740 2028 4779 :
2054 4735 2103 4779 et
2131 4725 2256 4795 quia
2296 4722 2633 4795 Grimoaldus
2652 4720 3009 4795 interﬁcitur,
3040 4730 3089 4777 et
3115 4720 3396 4777 honorem.

1858 4796 2026 4865 patris
2053 4793 2529 4851 suiTheudoaldus
2553 4793 2799 4848 ambitur.

1863 4908 2014 4965 Tunc
2030 4908 2175 4963 enim
2194 4909 2367 4963 beata:
2388 4906 2662 4963 memoria:
2683 4903 3059 4962 Childebertus
3078 4916 3172 4959 rex
3190 4897 3369 4974 iustus

1794 4998 2045 5071 migravit
2087 4998 2155 5053 ad
2202 4997 2507 5052 Dominum.
2551 4995 2816 5065 Regnavit
2859 5003 3040 5050 autem
3082 5007 3253 5049 annos
3299 4992 3368 5049 18

1797 5086 1905 5161 [ΑΙ.
1938 5087 2049 5161 19],
2081 5087 2428 5157 sepultusque
2473 5096 2558 5142 est
2599 5084 2867 5157 Cauciago
2909 5082 3041 5157 [Al.,
3082 5081 3373 5155 Causiaco]

1798 5183 2125 5237 monasterio
2173 5182 2228 5237 in
2276 5180 2497 5236 basilica
2545 5179 2721 5235 sancti
2773 5176 3033 5249 Stephani
3089 5176 3363 5249 martyris.

1800 5273 2168 5345 Regnavitque
2205 5273 2539 5343 Dagobertus
2575 5272 2718 5329 filius
2753 5268 2869 5339 eius
2891 5286 2992 5341 pro
3014 5285 3099 5327 eo.
3129 5268 3409 5326 Habebat.

1800 5373 1914 5421 tum
1959 5363 2301 5421 Grimoaldus
2347 5378 2570 5421 uxorem
2614 5361 2673 5417 in
2714 5360 3091 5427 matrimonio,
3153 5359 3395 5416 nomine.

1802 5455 2150 5513 Teutsindam
2175 5454 2308 5529 [ΑΙ.,
2337 5450 2817 5527 Theodesindam],
2837 5452 3003 5509 ﬁliam
3028 5451 3261 5509 Batbodi
3278 5451 3377 5506 du-

1800 5548 1881 5603 cis
1908 5547 2145 5618 gentilis.
2176 5546 2412 5614 Eratque
2444 5545 2560 5615 ipse
2599 5542 2941 5601 Grimoaldus
2979 5540 3155 5612 maior
3182 5540 3377 5597 domus

1801 5638 1956 5708 pius,
2016 5636 2290 5692 modestus
2339 5643 2394 5689 et
2430 5632 2628 5705 iustus.
2678 5632 2879 5690 Eodem
2941 5631 3085 5688 enim
3133 5637 3401 5699 tempore.

1803 5735 2096 5798 aegrotante
2139 5726 2363 5794 Pippino
2401 5723 2537 5782 duce
2570 5725 2813 5792 genitore
2849 5738 2966 5790 suo,
2995 5720 3121 5777 dum
3148 5720 3216 5774 ad
3243 5733 3377 5779 eum
