3920 6310
474 331 614 394 1465

1595 315 1622 364 -’
1707 340 2017 399 woman
2058 339 2325 400 sazcuu
2366 341 2498 400 vm.
2535 321 2546 328 '

3625 345 3748 410 “ﬂ

475 449 802 508 vilitandmn
847 437 1184 518 accessisset,
1211 468 1312 508 nec
1342 467 1516 518 mora,
1543 452 1598 506 in
1629 453 1848 509 basilica
1879 453 2052 509 sancti
2082 459 2131 518 Α
2157 454 2512 525 gionibusque
2555 453 2662 509 illis
2705 455 2930 510 vastatis
2978 464 3138 527 atque
3185 455 3513 527 captivatis,
3565 457 3748 515 iterm

470 539 794 600 Landeberti
822 545 1078 615 martyris
1099 543 1362 600 Leodosio
1388 541 1495 616 [ΑΙ.
1521 541 1776 616 Leodieo]
1811 559 2053 614 peremp-

471 621 561 689 tus
586 642 671 693 est
695 649 724 687 a
750 634 1022 705 Rangario
1060 634 1256 704 gentile
1293 633 1402 687 filio
1429 633 1594 688 Belial
1621 633 1753 706 [Al.,
1781 634 2048 706 Beluabi],

471 723 879 780 Theudoaldum
907 740 1035 780 vero
1060 724 1226 779 filium
1251 723 1386 794 ejus,
1416 723 1640 794 jubente
1677 724 1902 795 Pippino
1927 742 2051 792 avo,

473 817 526 873 in
559 817 679 872 aula
703 816 844 888 regis
866 803 1068 872 honore
1091 817 1260 886 patris
1283 817 1567 872 sublimem
1592 826 1854 872 statuunt.

469 905 600 962 Car.
642 907 726 962 LI.
750 906 919 976 -Πε
959 917 1123 962 morte
1167 906 1377 976 Pippim'
1403 924 1422 962 :
1450 918 1498 962 et
1542 907 1677 964 bella
1721 905 2050 962 Francorum

545 978 684 1032 inter
695 994 771 1041 re,
787 987 835 1030 et
861 975 1200 1049 Theudoaldo
1220 975 1400 1046 fugato
1423 976 1810 1049 Ragumfredn
1831 979 1887 1031 in
1905 979 2052 1048 prin-

543 1049 780 1117 cipatus
795 1057 870 1101 est
891 1046 1140 1101 elevatus.

401 1202 407 1209 _
541 1139 629 1195 Eo-
660 1147 901 1208 tempore
939 1140 1199 1209 Pippinus
1235 1138 1386 1194 febre
1427 1139 1598 1194 valida
1625 1147 1926 1210 correptus,
1955 1141 2054 1195 de-

469 1229 689 1286 functus
710 1237 812 1284 est.
837 1229 1192 1299 Obtinuitque
1212 1229 1574 1299 principatum
1599 1230 1701 1285 sub
1726 1229 2056 1300 suprascrip-

470 1322 542 1377 tis
569 1322 792 1394 regibus
811 1337 984 1377 annos
1007 1321 1099 1376 27.
1133 1322 1435 1376 Plectrudis
1461 1336 1676 1392 quoque
1697 1337 1822 1376 eum
1847 1321 2058 1390 nepoti-

467 1417 572 1471 bus
597 1415 731 1482 suis,
760 1415 856 1469 vel'
883 1430 1024 1483 rege,
1074 1423 1269 1470 cuncta
1310 1413 1645 1482 gubernabat
1686 1413 1788 1469 sub
1821 1412 2069 1468 discreto-

470 1507 750 1578 rcgimine.
803 1507 862 1562 In
904 1506 1010 1562 illis
1054 1507 1244 1563 diebus
1284 1506 1574 1577 instigante
1609 1505 1824 1563 diabolo
1858 1505 2064 1561 Franci-

469 1598 648 1654 demo
675 1597 902 1654 in.C‘otia
929 1598 1064 1653 silva
1090 1597 1144 1652 in
1182 1597 1420 1653 Francos
1461 1596 1692 1652 invicem
1735 1597 1950 1652 irruunt
1991 1612 2058 1654 ac

471 1705 533 1747 se
566 1697 753 1746 mutuo
780 1689 1072 1744 durissima
1101 1688 1248 1744 caade
1271 1696 1641 1758 prosternunt.
1677 1686 2066 1743 Theudoaldus

471 1791 655 1838 autem
683 1798 780 1852 per
811 1781 990 1853 fugam
1019 1782 1253 1851 elapsus,
1297 1788 1518 1852 ereptus
1549 1789 1652 1836 est.
1699 1780 1930 1851 Fuitque
1963 1779 2055 1835 illo

471 1883 719 1944 tempore
747 1875 923 1929 valida
948 1874 1272 1944 persecutio.
1299 1871 1815 1928 Theudculdoenim
1838 1871 2053 1942 fugato,

473 1967 871 2040 Ragcnfredum
915 1971 978 2022 in
1014 1965 1287 2036 majorem
1317 1966 1592 2021 donatum
1633 1963 1714 2038 [in
1755 1965 2056 2036 principatu

472 2059 695 2130 majoris
734 2057 942 2132 palatii]
985 2057 1282 2128 cingerunt.
1329 2055 1434 2123 Qui
1469 2063 1743 2111 commoto
1778 2070 1901 2110 cum
1932 2068 2059 2122 rege

471 2149 735 2215 exercitu,
785 2147 1175 2206 Carbonariam
1219 2146 1411 2202 silvam
1465 2152 1831 2211 transeuntes,
1887 2159 2063 2214 usque

469 2258 680 2302 mosam
708 2243 926 2300 ﬂuvium
955 2252 1130 2300 terras
1164 2242 1286 2298 illas
1322 2249 1598 2298 vastantes
1638 2241 2054 2297 succenderunt.

471 2334 716 2406 Cumque
773 2334 1035 2391 Radbodo
1085 2335 1227 2390 duce
1282 2332 1469 2405 gentili
1513 2331 1781 2388 amicitias
1833 2330 2054 2388 feriunt.

473 2427 698 2483 Carolus
725 2426 810 2482 his
835 2426 1027 2482 diebus
1069 2442 1192 2482 cum
1234 2434 1422 2496 captus
1459 2441 1490 2480 a
1525 2424 1811 2480 Plectrude
1859 2422 2057 2480 femina

471 2520 574 2575 sub
637 2519 884 2574 custodia
945 2527 1226 2575 teneretur
1252 2561 1269 2585 ,
1323 2517 1618 2574 auxiliante
1677 2517 1914 2573 Domino
1964 2516 2058 2572 vis

469 2610 672 2696 evasit.
1105 2603 1108 2606 ’

469 2721 598 2778 Car.
645 2720 754 2780 LII.
784 2753 856 2764 ——
877 2721 954 2777 De
994 2731 1158 2792 morte
1205 2719 1526 2792 Dagabertt‘,
1563 2729 1614 2792 et
1648 2733 1864 2789 regnum
1911 2717 2064 2792 cnu-

537 2793 722 2916 pgzcet',
764 2803 812 2847 et
854 2792 992 2862 quod
1039 2791 1231 2846 bellum
1284 2787 1438 2862 gessit
1486 2787 1676 2844 Carlus
1707 2787 1910 2843 'ccutra
1948 2787 2062 2842 Ra-

597 2878 714 2916 οαε.
1171 2893 1176 2898 ‘

541 2976 811 3046 Sequente
855 2985 1096 3047 tempore
1135 2977 1472 3048 Dagobertus
1497 2991 1592 3031 rex
1617 2983 1884 3046 aegrotans
1912 2988 2057 3028 mor-

471 3073 598 3122 mus
632 3076 739 3134 est,
779 3071 1132 3140 regnavitque
1164 3082 1335 3123 annos
1357 3065 1412 3122 5.
1445 3067 1640 3124 Franci
1669 3073 1790 3139 post
1813 3067 1932 3122 haec
1952 3065 2057 3120 Da-

471 3160 668 3221 nielem
689 3163 961 3232 quondam
987 3161 1264 3227 clericum,
1291 3159 1514 3217 czesaric
1538 3159 1731 3230 capitis
1751 3166 2051 3221 crescente,

2151 565 2274 604 cum
2322 549 2490 603 multa
2536 550 2714 619 praeda
2768 550 2822 604 in
2866 550 3087 606 Austria
3128 567 3410 614 reversus,
3479 548 3754 605 Colonia

2150 641 2420 696 civitatem
2450 642 2616 707 venit,
2660 641 2841 710 ibique
2877 642 3194 697 seditionem
3227 642 3442 697 intulit.
3473 641 3622 696 Cum
3649 637 3748 698 Pb-

2151 733 2340 787 ctrude
2379 741 2625 787 matrona
2663 733 3002 802 disceptavit,
3041 743 3098 789 et
3133 735 3434 789 thesauros
3467 731 3652 802 patris
3679 730 3752 787 cli

2151 824 2420 891 sagaciter
2441 824 2670 894 recepit,
2701 837 2994 896 regemque
3035 825 3135 880 sibi
3173 825 3373 879 statuit
3414 823 3753 878 Chletarim

2151 913 2392 970 nomine.
2437 913 2776 986 Cbilpericus
2822 915 3004 985 itaque
3045 923 3100 970 et
3143 914 3548 985 Ragc-nﬁ-edus
3591 913 3746 968 Eudo-

2153 1019 2276 1059 nem
2299 1005 2489 1060 ducem
2521 1005 2855 1076 expetuntin
2885 1005 3165 1060 auxilium.
3199 1005 3308 1071 Qui
3341 1020 3589 1058 movens
3613 1019 3746 1059 exa-

2154 1096 2340 1159 citum,
2385 1103 2574 1152 contra
2612 1096 2863 1151 Carolum
2911 1097 3165 1166 perrexit.
3214 1094 3416 1151 Atille
3441 1105 3750 1151 uulgariter

2153 1187 2395 1240 occurrit
2440 1187 2487 1241 ei
2535 1186 2852 1257 intrepidus.
2899 1187 3006 1242 Sed
3051 1187 3202 1242 Eudo
3238 1187 3493 1256 fugiens,
3526 1186 3750 1241 Parisinus

2157 1277 2432 1332 civitatem
2481 1293 2758 1350 regressus
2805 1286 2908 1334 est.
2962 1277 3306 1349 Chilpericus
3359 1293 3599 1348 quoque
3651 1295 3750 1332 an

2157 1368 2428 1424 thesauris
2453 1369 2722 1440 regalibus
2764 1369 2992 1425 sublatis
3027 1369 3167 1424 ultra
3211 1369 3482 1440 Ligerem
3527 1370 3752 1422 secessit.

2157 1459 2330 1528 Quem
2373 1460 2596 1516 Carolus
2647 1467 2964 1531 persecutus
3009 1476 3120 1515 non
3161 1440 3405 1530 reiierit.
3457 1459 3750 1514 Chlotarius

2157 1552 2372 1623 quidem
2415 1559 2748 1606 memoratus
2775 1567 2869 1606 rex
2903 1567 2969 1607 eo
2997 1566 3142 1606 anno
3162 1550 3332 1606 obiit.
3363 1549 3612 1606 Carolus
3636 1565 3756 1603 anno

2158 1645 2403 1700 insecuta
2444 1643 2764 1714 legationem
2791 1643 2858 1698 ad
2878 1641 3154 1698 Eudonem
3185 1640 3428 1705 direxit,
3479 1641 3755 1696 amicitias-

2157 1747 2263 1803 que
2309 1747 2431 1788 eum
2459 1748 2526 1787 eo
2557 1731 2702 1787 fecit.
2727 1731 2820 1788 Ille
2849 1747 2978 1788 vero
3006 1731 3388 1802 Chilpericnm
3421 1745 3619 1802 regem
3651 1747 3756 1787 an

2088 1841 2134 1902 Β
2160 1823 2344 1878 multis
2379 1821 2696 1878 muneribus
2750 1822 3000 1887 reddidit,
3044 1821 3140 1877 sed
3181 1837 3297 1877 non
3351 1820 3456 1876 diu
3507 1821 3570 1876 in
3615 1835 3756 1892 regis

2161 1915 2380 1971 resedit.
2427 1913 2670 1969 Mortuus
2711 1914 2928 1984 quidem
2963 1921 3048 1970 est
3081 1921 3204 1984 post
3242 1913 3393 1979 hate,
3425 1921 3488 1968 et
3517 1913 3760 1968 Novium

2160 2008 2380 2064 civitate
2406 2006 2687 2078 sepultus:
2713 2006 3066 2077 regnavitque
3109 2021 3290 2062 annos
3336 2006 3378 2060 5
3424 2016 3488 2062 et
3529 2005 3756 2060 dimidia.

2160 2099 2365 2156 Franci
2383 2113 2513 2154 vero
2558 2097 2953 2154 Theuderieum
2989 2097 3034 2152 ll
3069 2097 3200 2154 Cala
3245 2099 3608 2154 monasterio
3641 2116 3756 2153 cnu-

2161 2193 2378 2258 tritum,
2423 2192 2594 2248 filium
2635 2191 2924 2263 Dagoberti
2962 2190 3220 2261 iunioris,
3252 2206 3454 2260 regem
3507 2208 3674 2264 super
3707 2207 3761 2245 se

2160 2291 2421 2340 statuam.
2454 2282 2560 2350 Qui
2581 2297 2754 2353 usque
2780 2297 2925 2338 nunc
2951 2281 3014 2336 in
3031 2296 3204 2355 regno
3231 2281 3524 2337 subsistit.
3569 2265 3582 2275 ’

2740 2395 3151 2460 ΔΡΡΕΝΙΠΧ

2228 2521 2276 2578 Δ
2331 2517 2769 2578 THEODORICO
2815 2516 3170 2653 gEgﬁSﬁUE.
3211 2517 3321 2572 AD
3364 2515 3700 2572 PIPPINL'I

2609 2698 2746 2743 NUNC
2781 2698 2985 2738 PBIIUI
3025 2697 3114 2736 ΑΝ
3124 2694 3227 2736 EC'I'
3239 2696 3294 2734 Α.

2158 2777 2246 2834 Ex
2272 2776 2389 2832 cod.
2421 2792 2520 2830 ms.
2549 2775 2869 2830 bibliotheca!
2895 2772 3048 2829 Alex.
3083 2771 3298 2826 Petavii
3323 2770 3450 2841 regii
3473 2770 3756 2823 senatoris.

2227 2867 2321 2924 En
2345 2867 2546 2923 etenim
2573 2875 2817 2936 tempore
2857 2865 2925 2919 ab
2952 2865 3087 2918 urbe
3130 2862 3310 2919 Roma
3356 2877 3504 2932 papa
3550 2860 3752 2931 Grego—

2157 2963 2280 3020 rius
2307 2961 2490 3018 claves
2523 2959 2816 3019 venerandi
2852 2959 3110 3029 sepulcri,
3158 2974 3292 3013 cum
3317 2956 3565 3013 vinculis
3587 2957 3753 3012 sancti

2155 3053 2323 3119 Petri,
2353 3061 2407 3108 et
2437 3051 2751 3108 muneribus
2784 3049 2994 3122 magnis
3017 3059 3072 3104 et
3105 3048 3359 3114 inﬁnitis,
3413 3047 3744 3118 legationem,

2161 3143 2326 3215 (quod
2359 3143 2588 3200 antehac
2627 3156 2902 3210 nunquam
2939 3137 3156 3203 accidit,
3183 3154 3369 3208 neque
3393 3154 3642 3208 unquam
3666 3154 3748 3192 an-

471 3207 2051 3323 nisi;21m;manans;animi:
2081 3207 2129 3272 ο
2159 3207 2329 3292 nixum
2353 3234 2476 3307 fuit)
2502 3233 2570 3290 ad
2593 3207 2950 3291 memdratum
2969 3230 3572 3304 principemCarorum
3604 3229 3756 3323 desii»

471 3341 591 3410 Quo
612 3343 783 3398 etiam
799 3351 1046 3414 tempore
1081 3343 1258 3400 denuo
1282 3345 1522 3400 exercitu
1545 3352 1838 3408 commoto,
1882 3355 2062 3413 usque

472 3433 648 3504 ipsum
668 3431 887 3488 ﬂuvium
911 3431 1113 3488 Mosam
1137 3433 1381 3499 veniunt,
1401 3441 1588 3489 contra
1609 3431 1859 3490 Carolum
1881 3431 2054 3488 aciem

470 3523 800 3595 dirigentes:
829 3532 989 3594 atque
1009 3539 1077 3579 ex
1102 3523 1206 3579 alia
1233 3533 1385 3594 parte
1409 3524 1688 3594 Frigiones
1719 3522 2054 3596 [Fresiones]

470 3631 594 3670 eum
624 3616 869 3670 Ratbodo
907 3615 1042 3670 duce
1085 3624 1439 3687 consurgunt.
1471 3615 1699 3671 Carolus
1728 3629 1942 3684 quoque
1966 3629 2057 3668 su-

471 3720 572 3776 per
597 3705 744 3775 ipsos
770 3705 1053 3777 Frigidnes
1083 3706 1262 3772 irruit,
1299 3707 1480 3777 ibique
1510 3707 1805 3762 maximum
1839 3706 2056 3776 dispen-

469 3797 620 3853 dium
640 3798 706 3852 de
726 3797 998 3852 sodalibus
1017 3798 1130 3852 suis
1149 3813 1434 3868 perpessus
1453 3806 1556 3861 est,
1577 3806 1739 3867 atque
1758 3812 1854 3866 per
1874 3795 2062 3866 fugam-

473 3886 720 3956 dilapsus
737 3887 1020 3941 abscessit.

470 4003 600 4059 Car.
638 4002 767 4076 LIII.
795 4002 1046 4076 —_Quod
1069 4003 1258 4076 Carius
1281 4021 1507 4076 pugnam
1529 4006 1683 4076 gessit
1707 4013 1887 4058 contra
1909 4004 2054 4076 (ζωι-

541 4075 714 4156 perico
759 4083 808 4130 et
858 4072 1242 4156 Bagamfredo,
1281 4072 1499 4156 'in'lcco
1532 4072 1874 4156 fnumupante
1930 4074 2054 4130 Viu-

539 4144 722 4216 c_iaco;
751 4161 937 4216 eosque
964 4144 1193 4216 devictos
1217 4155 1370 4215 atque
1393 4145 1622 4215 fugatos,
1652 4161 1803 4199 omne
1835 4162 2050 4216 regnum

542 4211 870 4271 Francorum
901 4215 962 4269 in
982 4232 1082 4269 sua
1106 4211 1297 4286 redegit
1318 4211 1586 4286 potestate.

541 4322 876 4394 Succedente
906 4323 1069 4393 igitur
1095 4332 1336 4394 tempore
1356 4325 1550 4379 iterum
1575 4325 1689 4394 ipse
1711 4323 2053 4397 Chilpericus

467 4427 593 4471 cum
632 4412 970 4484 Ragenfredo
1003 4412 1132 4485 [Al.,
1166 4413 1557 4487 Raganfredo],
1578 4407 1732 4470 haste
1756 4424 2048 4481 commoto,

465 4501 776 4559 Ardennam
798 4503 990 4558 silvam
1013 4503 1308 4574 ingressus,
1339 4520 1509 4574 usque
1537 4505 1783 4562 Rhenum
1807 4505 2046 4572 ﬂuvium,

2158 3327 2344 3382 navit:
2373 3333 2622 3396 eopacto
2665 3333 2899 3395 patrato,
2943 3331 3005 3379 ut
3043 3338 3076 3379 a
3115 3322 3370 3392 partibus

2161 3421 2461 3484 recederet,
2483 3425 2544 3473 et
2563 3417 2808 3474 Romano
2834 3415 3082 3472 consulto
3117 3414 3351 3486 praefato
3379 3415 3629 3486 principi
3659 3414 3748 3472 Ca-

2159 3507 2277 3564 rolo
2313 3507 2574 3563 sanciret.
2623 3507 2739 3579 Ipse
2777 3507 2959 3579 itaque
2993 3507 3246 3577 princeps
3299 3509 3606 3576 magniﬁco
3663 3509 3748 3562 Inn-

2158 3615 2289 3654 nore
2329 3599 2502 3668 ipsam
2547 3599 2868 3672 legationem
2925 3598 3162 3668 recepit,
3225 3605 3468 3653 munera
3524 3599 3750 3668 pretiosa

2157 3690 2404 3756 contulit,
2460 3698 2622 3760 atque
2662 3705 2786 3746 cum
2829 3689 2944 3745 suis
2984 3688 3191 3744 nuntiis
3237 3688 3489 3743 Romam
3535 3690 3750 3744 remisit.

2155 3779 2396 3850 Itemque
2439 3785 2768 3834 memoratus
2813 3777 3097 3847 princeps,
3143 3776 3380 3832 consilio
3431 3777 3747 3846 optimatum

2158 3886 2386 3927 suorum.
2428 3871 2692 3940 expetito,
2737 3869 2863 3925 ﬁliis
2905 3869 3019 3926 suis
3067 3884 3231 3940 regna
3277 3868 3507 3924 dividit.
3556 3869 3750 3924 [dcimo

2155 3961 2512 4032 primogenito
2563 3976 2664 4016 suo
2714 3959 3080 4016 Carlomanno
3116 3960 3338 4016 nomine
3389 3958 3744 4016 Ausa-asiam.

2156 4051 2441 4116 Sueviam,
2477 4052 2530 4107 id
2570 4059 2653 4107 est
2689 4050 3060 4106 Alemanniam
3093 4058 3148 4104 et
3182 4049 3532 4104 Turouicam
3579 4048 3748 4121 [[οηρ,

2155 4142 2495 4216 Τυνίηείειω]
2525 4143 2762 4198 tradidit»
2797 4141 2980 4196 Alteri.
2995 4156 3126 4196 vero
3149 4141 3260 4196 lilio
3285 4141 3499 4196 minori
3533 4140 3752 4212 Pippi-

2155 4234 2394 4300 nomine,
2433 4220 2824 4304 Burgundiam,
2855 4232 3156 4298 Anstriam,
3205 4239 3374 4301 atque
3413 4235 3754 4302 provinciam

2111 4353 2126 4360 -
2153 4323 2442 4379 commisit.
2475 4323 2554 4377 Eo
2579 4338 2721 4377 anno
2749 4321 3004 4392 Pippinus
3040 4329 3316 4376 commoto
3351 4322 3612 4376 exercitu
3639 4335 3748 4374 cum

2153 4414 2419 4469 avunculo
2445 4431 2544 4470 suo
2573 4413 2935 4470 llildebrando
2967 4413 3124 4479 duce,
3159 4421 3216 4467 et
3247 4413 3608 4468 multitudine
3643 4415 3753 4482 pri-

2156 4514 2382 4570 matum,
2419 4511 2474 4558 et
2511 4504 2726 4574 agmine
2767 4501 3059 4558 satellitum
3098 4502 3496 4573 plurimorum,
3536 4505 3591 4560 in
3625 4505 3756 4558 Bur-

465 4593 554 4651 vel
583 4592 805 4652 Colonia
842 4594 1079 4658 civitate,
1107 4603 1486 4664 pervenerunt,
1520 4602 1792 4650 vastantes
1821 4603 2044 4649 terram.
2080 4581 2126 4637 ο
2151 4595 2408 4666 gundiam
2445 4595 2703 4665 dirigunt,
2745 4595 2877 4652 fines
2903 4595 3184 4666 regionum
3211 4606 3636 4667 praeoccuan
3671 4595 3758 4651 ln-

466 4685 738 4758 Mnltoqne
780 4686 1034 4742 thesauro
1085 4701 1115 4740 a
1167 4685 1449 4742 Plectrude
1501 4695 1746 4742 matrona
1797 4695 2040 4757 accepto,

465 4779 874 4834 revertebantur
898 4779 1222 4849 gaudenter.
1261 4777 1369 4832 Sed
1413 4778 1466 4832 in
1511 4777 1626 4832 loco
1664 4778 1917 4848 quodam,
1949 4779 2044 4850 qui

463 4869 664 4926 dicitur
697 4867 982 4931 Amblava,
1029 4867 1343 4933 maximum,
1389 4867 1584 4923 Carolo
1629 4885 1790 4939 super
1832 4885 1928 4926 eos
1966 4871 2044 4925 ir-

465 4969 670 5024 ruente,
707 4959 948 5032 perpessi
977 4967 1102 5014 sunt
1134 4959 1493 5030 dispendium.
1540 4959 1656 5028 Quo
1698 4961 1866 5016 etiam
1909 4971 2047 5017 tem-

463 5065 594 5120 pore
612 5051 902 5121 praedictus
924 5050 1008 5120 vir
1024 5049 1250 5106 Carolus
1283 5050 1522 5106 exercitu
1545 5060 1827 5108 commoto
1846 5053 2042 5108 iterum

463 5148 653 5196 contra
677 5141 1040 5214 Chilperictuu
1074 5140 1160 5197 vel
1186 5140 1579 5213 Ragenfredum
1607 5143 1674 5198 ad
1696 5144 1896 5199 bellum
1921 5159 2043 5200 sur—

357 5292 364 5298 ,
465 5231 626 5288 rexit.
653 5230 734 5286 Illi
759 5231 924 5288 etiam
949 5247 980 5286 c
1005 5237 1194 5287 contra
1242 5231 1450 5286 hostem
1492 5231 1775 5302 colligunt,
1813 5231 2044 5287 bellum-

463 5335 568 5392 que
606 5326 862 5389 parantes
904 5319 1230 5375 accelerant.
1277 5318 1384 5375 Sed
1423 5317 1647 5374 Carolus
1693 5334 1880 5389 pacem
1925 5318 2046 5376 ﬁeri

463 5408 942 5482 postulat..lllis«;ue
962 5409 1469 5470 contradicentibus.
1490 5410 1555 5464 ad
1578 5410 1818 5472 omnium
1840 5411 2042 5474 egressi

463 5510 589 5558 sunt
614 5501 668 5558 in
692 5500 811 5556 loco
835 5511 1177 5570 nuncupante
1205 5501 1462 5569 Viueiago
1488 5498 1619 5572 [Al.,
1646 5500 1914 5573 Vicicco],
1937 5503 2042 5560 Do-

465 5593 662 5650 minico
700 5593 789 5649 die
821 5592 1166 5648 illucescente
1193 5592 1260 5646 η
1289 5591 1409 5646 Kal.
1443 5591 1614 5662 April.
1648 5592 1702 5647 in
1734 5591 2041 5666 Quadragc-

465 5687 616 5742 sima.
669 5686 883 5758 lllisque
922 5682 1134 5740 fortiter
1179 5684 1522 5748 bellantibus,
1549 5683 1886 5754 Chilpericus
1915 5702 2040 5741 cum

466 5776 802 5850 Ragcnfredo
824 5786 974 5849 terga
1000 5774 1180 5831 vertit.
1212 5772 1440 5831 Carolus
1469 5773 1642 5828 victor
1664 5774 1889 5831 exstitit.
1940 5775 2043 5830 Re-

2149 4688 2309 4742 terim
2354 4688 2407 4742 in
2451 4688 2566 4742 sole
2591 4697 2646 4743 et
2681 4689 2803 4744 luna
2833 4695 2890 4743 et
2915 4688 3084 4744 stellis
3110 4703 3250 4742 nova
3283 4689 3446 4759 signa
3486 4708 3758 4761 apparue-

2150 4786 2298 4841 runt,
2324 4787 2378 4832 et
2403 4777 2678 4832 Paschalis
2711 4793 2924 4848 quoque
2956 4779 3090 4834 ordo
3125 4780 3542 4837 sacratissimus
3573 4783 3758 4836 turba-

2149 4876 2234 4922 tus
2265 4865 2383 4921 fuit.
2412 4865 2636 4924 Carolus
2673 4867 2853 4936 itaque
2889 4867 3140 4938 princeps
3183 4868 3414 4924 Parisiis
3462 4872 3758 4928 basilicam

2145 4959 2317 5014 sancti
2347 4959 2592 5029 Dionysii
2633 4960 2893 5030 martyris
2933 4959 3118 5015 multis
3157 4961 3486 5016 muneribus
3537 4962 3758 5018 ditavit.

2147 5047 2380 5104 Veniens
2423 5046 2740 5105 Carriacum
2769 5047 2902 5120 [Αι.,
2929 5049 3285 5123 Carisiaeum]
3316 5052 3513 5108 villam
3564 5055 3762 5126 palatii

2143 5151 2304 5206 super
2326 5137 2460 5193 Isira
2484 5136 2704 5193 ﬂuvium
2730 5139 2905 5195 valida
2926 5139 3064 5196 febri
3091 5151 3380 5214 correptus
3404 5143 3576 5198 obiit.
3609 5144 3762 5199 Obti-

2141 5228 2259 5283 nuit
2298 5227 2660 5298 principatum
2702 5230 2858 5286 annis
2904 5231 2996 5285 27.
3033 5231 3178 5288 Obiit
3206 5248 3258 5286 xl
3287 5231 3409 5286 Kal.
3441 5233 3757 5290 Novembr.

2141 5322 2488 5390 sepultusque
2524 5329 2608 5376 est
2641 5321 2694 5375 in
2720 5321 2943 5378 basilica
2977 5324 3149 5377 sancti
3175 5323 3420 5393 Dionysii
3455 5325 3754 5395 martyris.

2146 5412 2407 5470 IIiltrudis
2451 5411 2560 5467 ﬁlia
2607 5409 2750 5480 ejus,
2792 5409 3020 5469 faciente
3058 5413 3286 5468 consilio
3319 5428 3585 5469 noverca:
3615 5430 3758 5477 aut,

2143 5501 2510 5556 fraudulenter
2539 5515 2637 5570 per
2678 5516 2868 5556 manus
2909 5501 3172 5558 sodalium
3216 5517 3444 5556 suorum
3487 5502 3756 5558 Bhenu

2142 5591 2378 5654 transiit,
2405 5597 2460 5644 et
2486 5589 2552 5644 ad
2581 5589 2871 5645 Ottilonem
2895 5591 3083 5646 ducem
3111 5589 3446 5646 Baucoarias
3465 5593 3754 5662 pervenit-

2143 5681 2234 5737 Ille
2258 5697 2386 5735 vero
2411 5697 2531 5736 eam
2555 5681 2622 5736 ad
2649 5679 2952 5752 coniugium
2978 5682 3248 5750 copulavit
3269 5692 3467 5740 contra
3490 5684 3764 5740 γοιιωιίι-

2148 5781 2255 5828 tem
2293 5773 2374 5828 vel
2398 5771 2680 5830 consilium
2703 5771 2926 5829 fratrum
2955 5788 3196 5828 suorum.
