3920 6310
145 325 284 384 1465

1203 324 1594 381 CllRONlCth
1624 325 1834 381 EPISC.
1875 326 2299 386 METENSIIJM.

3268 341 3416 397 fili?

151 508 156 513 κ
209 438 419 496 Interea
443 439 820 496 rebellantibus
843 439 1213 496 Vuascouibus
1238 439 1292 494 in
1318 440 1533 510 regione
1553 439 1716 510 Aqui-
1746 445 1792 506 Α
1818 440 2070 509 precibus
2112 443 2478 498 obtinuerunt.
2527 443 2624 502 llis
2665 446 2740 502 ita
2785 451 3107 518 transactis,
3158 455 3403 523 sementi

145 530 319 596 :atiize,
355 545 478 586 cum
522 529 805 586 llunoaldo
841 531 976 585 duce
1013 529 1123 586 filio
1157 530 1391 586 Eodcnis
1427 530 1717 600 quondam,

146 625 532 698 Carlomannus
576 634 736 696 atque
779 624 1036 695 Pippinus
1074 623 1346 694 principes
1385 631 1441 678 et
1477 623 1720 693 germani

143 724 466 787 congregato
496 717 736 771 exercitu
767 715 977 785 Ligeris
1003 715 1213 770 alveum
1240 713 1378 783 apud
1407 714 1722 770 Aurelianas

141 811 332 865 urbem
355 818 656 874 transeunt,
705 810 976 864 Romanos
1013 815 1316 878 proterunt,
1360 822 1532 878 usque
1573 807 1722 862 Bitu-

141 902 282 956 ricas
325 903 518 957 urbem
552 903 840 968 accedunt,
875 904 1186 960 suburbana
1222 902 1389 972 ipsiu's
1425 902 1547 974 igne
1575 916 1724 957 com-

140 994 362 1048 burunt.
419 991 758 1054 Hunoablum
814 997 1005 1050 ducem
1058 1003 1442 1068 persequentes
1499 993 1721 1066 fugant,

139 1085 310 1140 multa
338 1084 522 1156 praeda
547 1095 892 1156 capLa,.......
932 1087 1056 1142 inde
1085 1087 1317 1142 victores
1341 1086 1490 1141 circa
1514 1093 1725 1156 tempus

137 1177 386 1232 autumni
427 1178 626 1232 reversi
666 1187 813 1234 sunt.
861 1179 1066 1236 Eodem
1113 1194 1253 1234 anno
1282 1179 1478 1233 iterum
1519 1179 1726 1234 exerci-

139 1276 258 1322 tum
284 1277 568 1324 moverunt
601 1277 789 1324 contra
812 1269 1159 1334 Alemannos,
1185 1285 1348 1338 supra
1377 1267 1602 1324 ﬂuvium
1623 1269 1726 1323 Da-

141 1357 368 1412 nubium
394 1367 572 1414 castra
605 1359 794 1416 metati
818 1369 966 1414 sunt.
1009 1359 1197 1429 ibique
1233 1359 1548 1420 residentes,
1589 1375 1728 1430 quo-

139 1463 316 1520 usque
360 1449 461 1519 ipsi
497 1449 780 1505 Alemanni
808 1451 982 1505 victos
1001 1464 1060 1506 se
1083 1449 1352 1510 viderunt.
1379 1450 1597 1507 obsides
1627 1451 1726 1506 do--

142 1547 302 1605 nant,
339 1539 464 1610 jura
500 1541 847 1611 promittunt,
879 1555 1103 1596 munera
1143 1541 1412 1596 oﬂ’erunt:
1440 1549 1494 1597 et
1541 1557 1728 1611 pacem

141 1638 412 1704 petentes,
460 1646 650 1686 eorum
691 1631 882 1688 ditioni
925 1647 1047 1689 sese
1093 1633 1432 1688 submittunt.
1475 1633 1602 1689 inde
1645 1650 1731 1689 re-

147 1719 292 1774 versi
342 1735 485 1794 anno
521 1721 758 1776 secundo
781 1721 836 1775 in
861 1721 1175 1777 Bavoariam
1205 1731 1546 1778 commovent
1575 1738 1732 1778 exer-

144 1811 319 1868 citum
363 1819 553 1867 contra
595 1811 887 1868 Ottilonem
939 1819 1226 1883 cognatum
1271 1812 1511 1882 ipsorum
1558 1814 1731 1870 rebel-

145 1899 374 1958 lantem.
418 1903 816 1976 Venientesque
853 1913 1030 1958 castra
1072 1905 1259 1960 metati
1294 1914 1420 1960 sunt
1447 1921 1610 1975 super
1636 1904 1736 1962 ﬂu—

141 1993 300 2049 vium
342 1994 433 2063 qui
477 1993 674 2050 dicitur
712 1993 883 2050 Lech.
926 1994 1310 2050 Bavoariorum
1348 1998 1620 2052 exercitus
1665 2011 1734 2054 ex

142 2083 256 2140 alia
284 2092 459 2160 parte.
491 2084 630 2140 Hinc
651 2085 774 2142 inde
795 2101 854 2142 sc
881 2095 1066 2142 mutuo
1097 2087 1359 2153 videntes,
1386 2104 1556 2158 usque
1582 2089 1651 2144 ad
1676 2105 1731 2144 xi

145 2175 295 2230 diem
334 2175 530 2232 Franci
571 2178 850 2247 provocati
875 2178 1215 2236 irrisionibus
1235 2181 1416 2251 gentis
1442 2181 1604 2247 illius,
1635 2197 1734 2252 pe-

142 2263 324 2320 riculo
369 2281 436 2322 se
475 2267 740 2322 dederunt-
774 2283 874 2336 per
918 2268 1036 2324 loca
1081 2269 1296 2324 deserta
1332 2279 1388 2326 et
1424 2271 1594 2336 invia,
1640 2271 1733 2326 ubi

143 2353 359 2410 nullum
402 2355 506 2410 iter
552 2373 788 2427 unquam
835 2361 1056 2430 patebat
1101 2361 1355 2430 cuiquam
1399 2361 1730 2418 mortalium.

141 2441 426 2515 Nocteque
477 2447 743 2506 irruentes
782 2467 948 2524 super
989 2469 1118 2520 eos,
1163 2455 1353 2512 divisis
1401 2458 1734 2514 exercitibus

141 2536 500 2592 commissum
537 2548 622 2596 est
648 2542 868 2597 bellum.
897 2544 1196 2602 Praedictus
1214 2547 1323 2602 dux
1345 2547 1513 2605 Ottilo
1533 2565 1732 2606 caesum

139 2627 450 2683 exercitum
473 2645 628 2686 suum
653 2633 860 2700 videns,
884 2635 974 2690 vix
995 2652 1118 2692 cum
1138 2639 1326 2707 paucis
1345 2628 1574 2710 turpiter
1593 2644 1733 2698 ultra

137 2714 334 2790 Ignem
372 2719 592 2778 ﬂuvium
641 2723 891 2794 fugiendo
937 2727 1128 2782 evasit.
1163 2729 1258 2785 His
1298 2731 1585 2802 triumphis
1611 2749 1736 2803 per-

142 2809 312 2876 actis,
357 2813 599 2881 praedicti
644 2814 915 2886 principes
948 2817 1182 2874 victores
1221 2820 1291 2876 ad
1344 2823 1564 2893 prOpria
1608 2831 1735 2879 sunt

141 2915 378 2960 τενθτδι.
513 2975 520 2984 ἱ

225 2993 452 3050 Evolnto
478 2996 659 3066 itaque
687 2999 944 3066 triennio,
971 2999 1168 3056 iterum
1192 3001 1584 3060 Carlomannus
1605 3021 1734 3061 con-

139 3083 339 3142 ﬁnium
375 3085 714 3142 Saxonorum
751 3088 881 3159 ipsis
910 3090 1294 3148 rebellantibus
1337 3109 1457 3149 cum
1493 3095 1734 3150 exercitu

140 3173 372 3243 irrupit.
408 3174 596 3248 Ibique
635 3149 810 3247 captis
846 3179 1274 3246 habitatoribus,
1321 3183 1413 3252 qui
1445 3199 1544 3239 suo
1568 3199 1734 3256 regno
1762 3149 1812 3212 ε

137 3261 342 3322 afﬁnes
367 3281 488 3322 esse
511 3267 848 3335 videbantur,
879 3271 1092 3341 absque
1125 3272 1252 3327 belli
1278 3274 1597 3330 discrimine
1623 3275 1740 3330 feli-

138 3353 293 3414 citer-
333 3357 637 3426 acquisivit.
689 3358 916 3416 Plurimi
963 3377 1149 3416 eorum
1197 3362 1492 3420 Christiani
1537 3365 1734 3432 effecti,

137 3445 410 3517 baptizati
449 3456 596 3503 sunt.
635 3449 738 3504 Per
765 3451 906 3505 idem
958 3459 1188 3522 tempus,
1235 3454 1525 3512 rebellante
1556 3456 1733 3511 Theo-

141 3537 388 3596 dObaldo
417 3538 528 3593 filio
554 3538 795 3596 Godfridi
833 3541 1006 3607 ducis,
1057 3543 1314 3614 Pippinus
1366 3560 1488 3599 cum
1533 3546 1736 3602 virtute

136 3627 430 3683 exercitus
473 3629 558 3684 sui
601 3644 725 3684 eum
769 3645 800 3684 a
837 3632 1010 3700 patria
1043 3632 1266 3703 expulit.
1302 3633 1502 3704 Illoque
1529 3634 1733 3704 fugato,

141 3719 438 3772 renovavit
461 3719 564 3774 sibi
597 3718 840 3789 ejusdem
885 3721 986 3776 loci
1025 3723 1298 3790 ducatum,
1341 3733 1505 3796 atque
1541 3727 1737 3782 exinde

139 3806 333 3863 victor
356 3808 536 3864 rediit.
572 3807 830 3878 Sequenti
867 3827 1011 3866 anno
1048 3814 1290 3881 praecelsi
1327 3813 1580 3870 Germani
1613 3831 1737 3884 pro-

141 3901 336 3956 vocati
361 3909 589 3958 coturno
618 3903 1043 3971 Vuasconorum,
1073 3907 1270 3963 iterum
1299 3925 1468 3979 usque
1492 3911 1558 3964 ad
1582 3911 1739 3981 Lige-

141 3988 266 4052 rim
291 3989 510 4046 ﬂuvium
531 3993 738 4062 pariter
760 3997 978 4051 adunati
1008 4008 1287 4054 venerunt.
1312 4001 1464 4068 Quod
1499 4001 1742 4057 videntes

143 4079 489 4147 Vuascones,
535 4097 1044 4156 praaoccupaverunt
1089 4104 1276 4158 pacem
1319 4101 1524 4160 petere,
1567 4102 1621 4148 et
1645 4109 1740 4148 vo-

141 4168 422 4226 luntatem
461 4170 671 4242 Pippini
715 4174 770 4228 in
815 4177 1070 4232 omnibus
1109 4195 1166 4231 se
1199 4190 1550 4237 exsecuturos
1583 4183 1738 4251 polli-

149 4267 365 4324 centes,
413 4272 750 4318 muncratum
799 4281 920 4344 cum
961 4281 993 4320 a
1035 4267 1232 4322 finibus
1274 4271 1387 4324 suis
1432 4279 1490 4325 ut
1537 4273 1735 4327 rediret

1817 546 1960 596 anno
1999 532 2126 587 dum
2164 532 2446 590 Alemanni
2480 545 2670 593 contra
2697 539 3178 598 Carlummannum
3215 557 3404 600 eorum

1817 622 1980 698 fidem
2007 623 2342 691 fefellissent,
2374 627 2490 698 ipse
2511 645 2634 685 cum
2659 646 2856 702 magno
2879 631 3064 690 furore
3087 643 3143 691 et
3166 637 3406 692 exercitu

1821 711 1875 766 in
1914 731 2105 772 eorum
2145 719 2376 788 patriam
2420 723 2766 790 peraceessit,
2813 735 2868 782 et
2895 726 3158 796 plurimos
3194 743 3406 793 eorum,

1819 809 1916 880 qui
1940 809 2168 864 rebelles
2201 809 2554 875 exstiterant,
2594 811 2774 882 gladio
2827 815 3138 871 trucidavit.
3188 817 3284 872 llis
3333 818 3408 874 ita

1821 901 2004 972 gestis,
2047 903 2296 972 sequenti
2327 917 2472 957 anno
2496 890 2891 962 Carlomannus
2917 907 3220 963 devotionis
3248 923 3408 964 causa

1822 992 2079 1048 instinctu
2109 1009 2422 1060 succensus,
2464 1010 2688 1066 regnum
2711 1011 2821 1051 una
2850 1010 2974 1052 cum
3015 997 3128 1053 filio
3153 1014 3261 1054 suo-
3278 999 3402 1055 Dro-

1823 1098 1958 1139 cone
1983 1083 2242 1140 manibus
2268 1086 2510 1156 germani
2548 1087 2632 1142 sui
2677 1087 2889 1157 Pippini
2934 1088 3298 1154 committens,
3342 1089 3409 1145 ad

1824 1175 2013 1230 limina
2037 1176 2317 1231 beatorum
2345 1177 2711 1248 apostolorum
2740 1177 2892 1234 Petri
2917 1187 2973 1234 et
3000 1179 3150 1234 Pauli
3180 1179 3411 1234 Romam

1825 1262 1882 1318 in
1925 1265 2234 1319 monastico-
2273 1265 2464 1319 ordine
2516 1274 2963 1335 perseveraturus
3015 1266 3252 1322 advenit.
3296 1265 3410 1334 Qua

1825 1354 2167 1410 stwcessione
2191 1355 2450 1426 Pippinus
2475 1357 2762 1413 roboratur
2788 1357 2852 1412 in
2869 1373 3056 1428 regno.

1898 1469 2101 1525 Eodem
2146 1485 2288 1525 anno
2336 1469 2580 1526 Saxones
2612 1469 2876 1526 rebellem
2905 1471 3083 1527 conati
3117 1478 3264 1526 sunt.
3296 1471 3412 1538 Qua

1829 1557 1897 1614 de
1919 1575 2081 1614 causa
2108 1559 2368 1629 Pippinus
2393 1575 2517 1614 cum
2543 1560 2794 1615 exercitu
2816 1575 2918 1616 eos
2937 1561 3235 1630 praevenire
3267 1549 3408 1616 com-

1829 1649 2016 1718 pulsus
2054 1657 2158 1704 est.
2186 1649 2284 1704 Cui
2314 1650 2479 1704 etiam
2515 1664 2670 1720 reges
2710 1649 3065 1706 Vuinidorum
3100 1659 3155 1704 et
3176 1651 3404 1706 Frisino

1832 1758 1951 1796 rum
1977 1742 2045 1796 ad
2073 1743 2441 1798 auxiliandum
2485 1758 2596 1797 uno
2635 1743 2819 1798 animo
2861 1753 3236 1799 occurrerunt.
3264 1743 3416 1812 Quod

1833 1833 2078 1888 videntes
2103 1833 2365 1900 Saxones,
2393 1835 2588 1891 timore
2609 1835 2871 1906 compulsi
2898 1845 3045 1891 sunt.
3070 1837 3220 1892 Multi
3247 1855 3312 1893 cx
3337 1838 3418 1894 eis

1834 1923 1987 1980 fuere
2029 1925 2299 1990 trucidati,
2341 1925 2524 1995 plures
2561 1926 2615 1980 in
2654 1925 3024 1996 captivitatem
3051 1927 3290 1993 abducti,
3335 1943 3400 1982 re

1835 2015 2021 2085 gioncs
2063 2031 2252 2070 eorum
2295 2017 2406 2084 igni
2455 2002 2834 2072 concrematas.
2875 2001 3077 2072 'Pacem
3124 2018 3416 2087 petierunt,

1828 2107 1938 2177 juri
1987 2107 2336 2172 Francorum,
2377 2114 2438 2161 ut
2463 2122 2584 2162 mos
2621 2105 2818 2173 fuerat,
2848 2124 2908 2163 se
2931 2109 3318 2173 submiserunt,
3363 2117 3416 2164 et

1833 2215 1898 2256 ea
1927 2201 2146 2266 tributa,
2174 2217 2294 2270 qua:
2312 2199 2587 2255 Chlotario
2607 2199 2875 2270 quondam
2897 2200 3192 2266 solvebant,
3221 2200 3417 2270 plenis-

1829 2291 1972 2346 sima
2000 2290 2266 2346 solutione
2291 2291 2360 2346 ab
2387 2305 2452 2345 eo
2473 2299 2713 2359 tempore
2735 2301 2789 2344 ct
2817 2290 3069 2360 deinceps
3096 2305 3154 2345 se
3179 2278 3416 2344 redditid-

1834 2399 1925 2438 ros
1945 2383 2283 2453 promittunt.
2314 2383 2390 2437 Ex
2419 2384 2614 2454 quibus
2635 2397 2848 2453 quoque
2870 2383 3100 2452 plurima
3130 2382 3419 2438 multitudo

1834 2475 2078 2532 videntes
2125 2491 2184 2530 se
2227 2483 2417 2531 contra
2465 2475 2724 2546 impetum
2773 2474 3106 2530 Francorum
3155 2473 3420 2546 rebellqrc

1833 2583 1942 2623 non
1987 2582 2164 2636 posse,
2204 2567 2437 2636 propriis
2479 2567 2684 2622 viribus
2718 2565 2981 2631 destituti,
3013 2565 3286 2636 petierunt
3312 2562 3416 2618 sibi

1835 2655 2263 2715 Christianitatis
2323 2664 2660 2712 sacramenta
2715 2655 2970 2711 conferri.
3030 2653 3149 2721 Quo
3195 2661 3418 2724 peracto

1836 2755 2100 2818 tempore,
2117 2746 2543 2813 Baioariiﬂdem,
2565 2761 2728 2817 quam
2753 2754 2912 2802 antea
2939 2744 3318 2815 promiserant,
3334 2741 3416 2797 fe-

1837 2838 2046 2894 fellunt.
2071 2823 2206 2906 ‘Qna
2233 2839 2300 2893 de
2327 2854 2388 2892 re
2416 2839 2667 2908 princeps
2693 2835 2951 2907 Pippinus
2973 2842 3242 2890 commoto
3263 2847 3419 2890 exer—

1837 2931 1948 2986 citu
1989 2945 2178 2985 eorum
2221 2921 2424 3000 patrias
2469 2929 2718 2985 accessit.
2747 2929 2857 2998 ipsi
2878 2943 3006 2982 vero
3029 2927 3171 2982 ultra
3197 2925 3420 2982 ﬂuvium

1835 3019 1948 3090 lgni
1977 3035 2101 3075 eum
2119 3019 2379 3074 uxoribus
2403 3033 2476 3073 ac-
2491 3018 2678 3074 liberis
2697 3016 2967 3088 fugerunt.
2994 3015 3260 3070 Pnefatus
3278 3016 3420 3085 prin-

1839 3126 1966 3180 ceps
2009 3125 2173 3180 super
2213 3098 2385 3178 ripam
2427 3107 2538 3178 lgni
2573 3114 2751 3162 castra
2791 3115 3045 3170 metatus,
3074 3103 3262 3159 navale
3281 3118 3420 3174 prte-

1839 3205 1970 3258 lium
1998 3201 2344 3272 praeparavit,
2384 3199 2616 3270 qualiter
2654 3213 2748 3253 eos
2777 3213 2950 3268 usque
2987 3199 3055 3250 ad
3097 3195 3421 3250 internecio-

1839 3311 1964 3351 nem
2005 3301 2442 3366 persequeretur.
2476 3293 2590 3347 lloc
2623 3291 2868 3346 videntes
2911 3289 3143 3344 Baioarii
3195 3303 3254 3343 se
3297 3290 3422 3341 eva—‘

1841 3385 1967 3442 dere
2016 3401 2121 3440 non
2169 3400 2330 3454 posse
2354 3426 2368 3450 ,
2420 3385 2627 3453 legatos
2684 3399 2807 3437 cum
2869 3381 3052 3436 multis
3105 3378 3422 3434 muneribus

1839 3479 2234 3542 transmittunt,
2283 3486 2338 3533 et
2371 3477 2489 3546 ejus
2527 3476 2715 3531 ditioni
2750 3489 2810 3529 se
2851 3473 3106 3536 subdunt,
3151 3479 3205 3526 et
3241 3472 3423 3525 sacra-'-

1837 3578 2019 3624 menta
2059 3569 2144 3624 vel
2180 3569 2396 3625 obsides
2440 3569 2660 3632 donant,
2701 3566 3080 3636 promittentes
3107 3578 3166 3618 se
3194 3561 3422 3617 ulterius

1836 3661 2064 3716 rebelles
2101 3676 2206 3716 non
2245 3659 2554 3714 exstituros.
2593 3657 2712 3728 Ipse
2745 3671 2872 3710 vero
2897 3655 3146 3726 princeps
3171 3653 3224 3706 in
3251 3651 3423 3706 Fran-

1838 3752 1977 3806 ciam
2030 3752 2310 3817 remeavit,
2354 3761 2410 3806 et
2455 3751 2658 3823 quievit
2711 3758 2853 3806 terra
2897 3764 2926 3803 a
2970 3747 3172 3819 praeliis
3215 3746 3423 3801 dubbus

1840 3841 2016 3896 annis.
2041 3840 2160 3908 Quo
2186 3850 2428 3912 tempore
2451 3859 2573 3897 cum
2601 3842 2829 3898 consilio
2875 3839 3207 3894 Francorum
3252 3836 3419 3918 missa

1839 3933 2124 4001 relatione,
2152 3935 2296 3991 sedis
2331 3935 2636 4005 apostolica:
2659 3934 2978 3989 auctoritate
3007 3938 3279 4003 percepta,
3307 3929 3423 4000 ipse

1839 4025 2098 4098 Pippinus
2123 4045 2247 4084 cum
2271 4044 2536 4084 consensu
2560 4028 2892 4084 Francorum
2922 4035 2978 4084 et
3013 4024 3424 4084 consecratione

1836 4119 2212 4188 episcoporum
2234 4119 2555 4174 sublimatur
2581 4119 2635 4173 in
2658 4133 2843 4188 regno.

2218 4229 2511 4302 [Hactenus
2533 4231 2694 4284 codex
2722 4229 2847 4301 ms.]

157 4423 3404 4450 Ἦ

767 4747 1358 4831 CHRONICON
1418 4753 2128 4834 EPISCOPORUM
2189 4757 2636 4837 METENSI
2652 4759 2797 4835 UM

1428 4901 1754 4958 AUCTORE
1791 4903 2147 4962 ANONYMO.

1371 5039 1462 5104 (Ex
1491 5037 1554 5089 D.
1579 5038 1814 5101 Calmeto,
1839 5040 1964 5092 Hist.
1991 5040 2214 5107 Lethar.)

1596 5154 1972 5180 ἡ

233 5256 260 5285 ι
286 5243 416 5299 Viro
437 5242 563 5299 huic
582 5242 838 5312 praeclaro
859 5244 1118 5300 successit
1136 5246 1366 5302 domnus
1381 5247 1737 5319 Angerannus
1764 5247 1812 5309 D
1837 5263 2078 5325 tempore
2102 5255 2242 5312 facta
2271 5264 2356 5313 est
2386 5257 2768 5330 imperatorum
2799 5264 3080 5320 translatio
3103 5267 3414 5329 Graecorum

158 5333 296 5406 [Λιη
324 5331 708 5404 Angilramne],
739 5333 792 5386 in
816 5333 1002 5388 ordine
1030 5335 1338 5406 trigesimus
1365 5348 1608 5394 octavus.
1639 5340 1740 5396 llic

159 5423 625 5496 archicapellanus
656 5424 839 5496 palatii
876 5427 1080 5481 exstitit
1108 5425 1288 5484 Caroli
1328 5428 1522 5501 Magni.
1569 5429 1740 5500 Hujus

235 5591 262 5620 ι
301 5577 423 5655 ῑξίνο
451 5580 582 5655 huic
597 5579 869 5655 ρτςντιιῃορ.
903 5580 953 5636 ls
981 5569 1506 5655 estAChrodegangus
1530 5584 1739 5655 episco-

205 5665 270 5725 με
301 5647 746 5725 de_qno__l’a_ulus
771 5652 1034 5725 l_)iaconus_
1075 5651 1129 5706 in
1155 5647 1736 5725 Cestis‘episcoporum

258 5719 488 5778 tensiu’m
508 5719 746 5789 (hujusce
767 5719 1081 5790 Patrologia:
1108 5731 1246 5806 tonio
1268 5721 1364 5778 XC
1377 5719 1440 5788 V,
1460 5719 1560 5780 col:
1585 5726 1733 5787 699).

1839 5345 1907 5401 ad
1939 5362 2094 5417 reges
2121 5347 2484 5417 Francorum,
2527 5353 2629 5408 hoc
2657 5361 2716 5407 ut
2745 5353 2916 5408 fertur
2941 5357 3100 5412 modo
3124 5375 3136 5412 :
3178 5359 3413 5418 Leonem

1836 5453 2029 5508 papam
2052 5437 2113 5493 Ill
2141 5439 2369 5496 Romani
2398 5443 2513 5499 zelo
2537 5443 2738 5501 furoris
2761 5450 3010 5520 completi
3037 5453 3412 5524 corripientes,

1837 5585 2138 5672 Chronich
2159 5590 2283 5654 hoc,
2299 5593 2439 5672 quod
2460 5609 2525 5646 ex
2549 5594 2611 5649 Ι).
2627 5595 2866 5672 Calmcto
2886 5601 3208 5672 recudimus,
3227 5601 3414 5672 incipit

1837 5656 1908 5739 ab
1943 5656 2284 5739 llngglranno
2317 5656 2596 5735 episcopo,
2643 5667 2695 5721 in
2737 5685 2845 5739 quo
2879 5670 3038 5726 Gesta
3083 5656 3413 5728 sua'elau'sit

1838 5726 2050 5784 Paulus
2061 5728 2344 5787 Diaconus.
