3920 6310
490 303 635 402 μοι’
1204 334 1223 339 “
1630 355 1636 361 -
1724 336 2032 397 ANONvm
2067 347 2069 357 ε

2180 333 2338 392 CULI
2376 329 2507 392 VIII.
3632 327 3754 388 μω

488 462 661 520 oculis
685 459 900 532 privare
922 459 1223 522 voluerunt,
1258 455 1352 513 sed
1378 457 1560 511 lumen
1585 452 1702 523 ejus
1727 453 1942 524 penitus
1967 467 2057 508 ex-
2087 457 2139 519 Α
2232 449 2471 505 Domnus
2498 444 2768 502 Robertus
2795 441 3116 499 reformator
3141 440 3545 499 cmnobionnn
3571 450 3629 498 et
3655 460 3755 499 m-

489 554 762 625 stinguere
805 565 912 608 non
957 556 1263 621 potuerunt.
1312 548 1418 615 Qui
1464 548 1534 602 ad
1575 546 1826 603 Carolum
1875 544 2065 600 confu-
2165 556 2347 598 rorum
2377 539 2545 605 urbis,
2584 534 3041 625 quadragesimus
3065 534 3256 625 tertius
3296 533 3453 625 huic
3478 535 3755 625 successit.

489 623 661 717 giens,
682 642 975 700 honoriﬁce
998 642 1067 695 ab
1089 655 1155 695 eo
1175 646 1453 710 susceptus
1472 645 1574 703 est,
1603 646 1802 693 etcum
1823 635 2064 706 potentia
2165 632 2315 689 Sedit
2352 630 2506 686 annis
2540 627 2609 683 54
2635 625 2648 678 i
2682 628 2783 683 sub
2820 624 3130 695 apostolicis
3155 623 3375 679 Joanne
3406 623 3487 679 XI
3532 632 3594 679 et
3634 624 3756 681 ιω-

487 737 761 796 exercitus
788 735 1015 791 Romam
1046 733 1326 797 reductus,
1364 748 1475 788 sua:
1508 732 1621 788 sedi
1650 738 1735 787 est
1760 730 2062 785 restitutus.

491 826 646 884 Unde
665 828 733 882 ab
748 827 937 881 eodem
956 809 1093 894 papa
1110 823 1337 880 Carolus
1358 823 1578 894 Magnus
1600 823 1654 877 in
1675 821 1900 877 ecclesia
1920 819 2064 876 beati

488 915 634 972 Petri
661 916 748 971 die
771 914 967 969 natalis
990 914 1203 969 Domini
1231 920 1425 967 unctus
1454 919 1539 968 est
1572 913 1625 966 in
1655 912 2063 982 imperatorem,

489 1019 631 1060 ιιιιιιο
655 1006 722 1060 ab
746 1004 1117 1061 incarnatione
1143 1004 1352 1059 Domini
1378 1002 1503 1059 80l.

557 1092 818 1149 Prmfatus
858 1094 1240 1165 Angerannus,
1288 1094 1431 1148 inter
1469 1102 1663 1149 caetera
1702 1094 1840 1148 bene
1882 1099 2064 1163 gesta,

486 1182 651 1239 Novae
695 1183 855 1240 Cellae
906 1184 1297 1239 monasterium
1347 1183 1687 1247 construxit,
1744 1183 1799 1237 in
1852 1196 1958 1251 quo
2008 1191 2065 1236 et

485 1272 736 1343 quiescit.
782 1272 943 1329 Rexit
968 1272 1316 1342 praesulatum
1346 1272 1502 1328 annis
1530 1273 1599 1327 55
1629 1272 1730 1326 sub
1758 1271 2067 1340 apostolicis

485 1359 757 1430 Adriano,
800 1362 980 1418 Leone
1018 1361 1365 1432 praescripto,
1408 1370 1464 1417 et
1493 1360 1766 1432 Stephano
1790 1358 1876 1415 Ill.
1920 1360 2069 1417 Obiit

486 1461 681 1509 octavo
706 1453 826 1509 Kal.
854 1454 1167 1510 Decembris
1188 1466 1239 1508 ι.

556 1543 891 1600 Sublimatur
927 1554 1048 1615 post
1088 1546 1232 1601 hunc
1268 1543 1572 1601 Gundulfus
1616 1545 1925 1617 trigesimus
1965 1560 2067 1600 no-

484 1651 587 1691 nus
618 1634 871 1692 Metensis
900 1636 1205 1706 episcopus,
1246 1636 1659 1692 conversatione
1685 1651 1748 1691 ac
1776 1635 1881 1690 ﬁde
1907 1650 2067 1691 vene-

485 1726 707 1781 randus.
765 1724 917 1781 Sedit
946 1724 979 1779 6
1005 1725 1161 1780 annis
1208 1732 1449 1793 tempore
1494 1724 1755 1779 Ludovici
1794 1724 1917 1790 Pii,
1964 1725 2064 1781 sub

2163 738 2233 779 ne
2258 725 2322 789 V,
2357 725 2688 794 temporibus
2726 738 2914 794 regum
2946 720 3229 790 juniorum
3252 719 3674 783 Carlomanni,
3712 730 3758 774 et

2164 817 2403 883 Lodoici,
2437 825 2492 871 et
2516 816 2715 873 Caroli.
2755 814 2856 871 Hic
2891 815 3161 870 Robertus
3188 828 3399 883 genere
3430 812 3548 866 fuit
3578 811 3759 883 insigm

2161 908 2615 974 Alamannontm;
2652 908 2877 978 pallium
2910 922 2940 962 a
2968 922 3105 977 papa
3137 905 3398 961 Romano
3427 904 3759 975 promeruit;

2163 1010 2481 1057 ornamenta
2506 1002 2874 1059 ctenobiorum
2904 999 3071 1055 multa
3094 998 3178 1054 vel
3208 998 3483 1063 mutavit,
3510 996 3603 1052 vel
3628 1012 3760 1052 reno-

2164 1093 2328 1157 vavit,
2356 1108 2477 1149 cum
2507 1093 2681 1149 muris
2709 1093 2861 1148 senio
2888 1092 3158 1161 collapsis.
3198 1089 3359 1147 Obiit
3385 1105 3445 1144 Iv
3476 1087 3628 1145 Non.
3652 1086 3757 1143 Jan.

2166 1179 2418 1251 Sepultus
2442 1189 2525 1236 est
2549 1182 2604 1236 in
2631 1181 2859 1236 ecclesia
2883 1181 3057 1235 sancti
3081 1179 3243 1235 Galli.

2236 1270 2540 1342 Wigerieus
2579 1272 3022 1342 quadragesimus
3061 1280 3293 1341 quartus
3341 1269 3631 1326 successit
3668 1268 3762 1325 Bo-

2164 1364 2340 1418 berto.
2373 1362 2524 1418 Sedit
2549 1363 2705 1417 annis
2734 1361 2822 1427 10,
2851 1362 3041 1417 diebus
3062 1361 3152 1415 50.
3183 1359 3341 1417 Obiit
3372 1359 3547 1414 lictis
3571 1374 3627 1411 ιι
3657 1358 3759 1412 ιω.

2167 1453 2366 1509 Martii.
2401 1453 2499 1509 llis
2528 1454 2858 1522 temporibus
2890 1452 3126 1523 Hungari
3155 1453 3414 1507 secundo
3441 1451 3657 1508 Gallias
3678 1467 3757 1505 ra-

2166 1551 2394 1609 stantes,
2419 1543 2613 1597 multas
2640 1543 2805 1597 urbes
2835 1557 2898 1596 ac
2923 1541 3182 1596 ecclesias
3208 1541 3265 1595 in
3297 1541 3535 1596 cineres
3562 1539 3762 1609 redege»

2165 1644 2309 1699 runt,
2331 1642 2384 1690 et
2404 1633 2636 1704 plurium
2657 1640 2965 1688 sanctorum
2990 1631 3230 1700 reliquiae
3253 1630 3324 1686 de
3350 1631 3483 1686 loco
3504 1630 3581 1685 ad
3602 1629 3760 1685 locu

2166 1727 2443 1783 translatae
2470 1732 2614 1780 sunt.
2646 1724 2782 1778 Tum
2810 1724 3070 1792 regnabat
3094 1721 3449 1792 Arnulphus.

485 1817 794 1886 apostolicis
820 1814 1076 1871 Paschale
1105 1823 1161 1869 et
1187 1814 1448 1884 Eugenio.
1492 1813 1639 1870 Obiit
1665 1829 1741 1869 vn
1778 1813 1902 1869 ldus
1928 1812 2063 1881 Sep-
2094 1819 2144 1880 Β
2239 1816 2689 1885 Quadragesimus
2726 1814 2945 1882 quintus
2982 1812 3158 1882 digna:
3199 1812 3503 1868 memoria:
3546 1812 3758 1866 domum

488 1909 851 2052 ωιὲἷιᾞῧιιιιιιο
879 1996 1324 2067 quadragesimus
1350 1994 1596 2051 ascendit
1638 1994 1707 2050 ad
1748 1992 1956 2064 apicem
1982 2005 2069 2046 sa-

483 2089 710 2146 cerdotii
740 2088 995 2144 Metensis
1022 2088 1265 2143 ecclesia:
1290 2086 1483 2155 Drogo,
1514 2086 1658 2142 ﬁlius
1682 2085 1861 2141 Caroli
1888 2083 2065 2153 Magni

482 2178 846 2249 imperatoris.
903 2176 1055 2235 Sedit
1100 2176 1258 2232 annis
1286 2176 1358 2231 52
1401 2176 1504 2231 sub
1536 2174 1846 2247 apostolicis
1874 2172 2067 2229 Valen-

486 2270 622 2337 tino,
654 2268 916 2339 Gregorio
943 2268 1032 2335 lV,
1062 2266 1272 2339 Sergio.
1319 2266 1421 2322 Hic
1447 2265 1942 2336 archiepiscopatus
1971 2262 2069 2317 ho-

481 2378 617 2421 nore
649 2363 972 2419 sublimatus
1011 2370 1130 2428 est,
1182 2370 1238 2419 et
1281 2362 1424 2419 sacri
1469 2361 1654 2431 palatii
1701 2358 2066 2416 moderatorb

481 2456 711 2513 exstitit.
760 2456 861 2510 llic
898 2455 1097 2510 levavit
1123 2470 1319 2525 corpus
1352 2462 1553 2510 sancta:
1579 2451 1924 2509 Glodesindis
1951 2451 2066 2506 vir-

481 2532 624 2618 ginis
653 2547 722 2602 ab
755 2546 940 2602 humo.
992 2544 1232 2600 Plurima
1268 2545 1380 2615 egit
1416 2543 1702 2615 magniﬁca
1727 2584 1743 2610 ,
1791 2542 1931 2597 sicut
1975 2541 2067 2611 qui

484 2638 660 2692 vicem
707 2636 1059 2706 apostolicam
1121 2636 1341 2705 gerebat
1397 2635 1476 2690 cis
1533 2634 1700 2704 Alpes
1764 2645 1859 2703 per
1901 2639 2069 2687 totam

482 2726 735 2785 Galliam.
790 2727 938 2784 Obiit
983 2729 1040 2782 in
1082 2726 1391 2797 Burgundia
1417 2742 1471 2781 vr
1512 2727 1637 2781 ldus
1672 2724 1991 2780 Novembris
2017 2734 2063 2778 ο.

482 2816 692 2887 Corpus
714 2816 830 2886 ejus
856 2818 980 2874 inde
1002 2818 1257 2881 relatum,
1283 2816 1543 2885 sepelitur
1562 2816 1617 2870 in
1641 2814 1870 2871 ecclesia
1895 2814 2065 2869 sancti

482 2905 710 2964 Joannis
734 2907 1075 2977 evangelista:
1104 2906 1357 2969 Metensi,
1400 2906 1493 2960 ubi
1530 2914 1585 2961 et
1611 2904 1914 2961 Ludovicus
1940 2904 2069 2961 Pius

482 3000 798 3072 imperator,
835 2999 1005 3055 frater
1029 2998 1166 3069 ejus,
1203 2998 1437 3069 quiescit
1464 2997 1711 3054 feliciter.
1744 3012 1867 3053 cum
1895 3002 2070 3051 matre

482 3108 582 3151 sua
607 3091 933 3163 Hildegarda
961 3091 1166 3162 regina.

556 3182 832 3240 Successit
856 3181 1033 3237 eidem
1074 3180 1131 3235 in
1172 3179 1465 3251 prtesulatu
1500 3176 1801 3235 Adventius
1835 3177 2068 3248 quadra-
2094 3166 2142 3229 C

485 3277 720 3349 gesimus
738 3275 946 3345 primus
967 3289 1033 3330 ex
1054 3272 1384 3328 Metensibus
1405 3270 1646 3327 liberiori
1664 3284 1862 3342 genere
1883 3276 2063 3324 natus.

484 3365 544 3423 In
567 3363 900 3421 ornamentis
927 3370 983 3418 et
1010 3363 1284 3419 thesauris
1309 3365 1599 3421 ecclesiam
1622 3364 1769 3420 beati
1806 3361 2067 3431 Stephani

486 3456 782 3527 ampliavit.
830 3454 999 3524 Hujus
1029 3456 1361 3525 temporibus
1389 3456 1712 3511 Hincmarus
1739 3453 2069 3509 Rhemorum

486 3547 923 3616 archiepiscopus
960 3543 1063 3600 fuit
1086 3585 1104 3612 ,
1150 3545 1246 3616 qui
1274 3560 1400 3601 cum
1428 3546 1618 3601 eodem
1646 3542 1915 3598 Adventio
1943 3540 2069 3596 Meti

483 3638 737 3695 Carolum
767 3646 1195 3703 coronaverunt,
1242 3638 1414 3695 fratre
1433 3638 1461 3678 ά
1494 3638 1666 3708 ipsius
1693 3636 1952 3692 Lothario
1990 3635 2073 3690 di-

487 3732 615 3789 vino
645 3731 849 3801 judicio
879 3732 1224 3802 interempto.
1279 3732 1384 3789 Hic
1410 3732 1709 3787 Adventius
1744 3730 1883 3787 sedit
1915 3729 2072 3786 annis

487 3822 553 3876 17
590 3823 691 3877 sub
739 3822 1050 3890 apostolicis
1098 3823 1278 3878 Leone
1306 3823 1403 3888 Vl,
1458 3821 1780 3887 Benedicto,
1829 3820 2070 3886 Nicolao,

486 3912 581 3982 qui
610 3910 979 3981 Thiegaudum
1003 3922 1027 3950 ο
1061 3911 1437 3967 Trevirensem
1471 3921 1525 3968 et
1553 3911 1892 3967 Guntherunt
1916 3910 2075 3967 Colo-

488 4000 731 4056 niensem
761 4000 1193 4070 archiepiscopos
1222 4001 1516 4065 damnavit,
1548 4000 1792 4056 fautores
1820 3998 2073 4055 adulterii

488 4093 634 4164 regis
662 4094 934 4160 Lotharii,
978 4096 1373 4166 conciliumque
1409 4097 1554 4166 quod
1593 4096 1748 4152 Metis
1785 4104 2075 4152 tenuerant

488 4184 741 4239 cassavit.
782 4184 1048 4241 Pnefatus
1079 4186 1376 4244 Adventius
1411 4188 1539 4245 Meti
1576 4189 1631 4244 in
1663 4189 1867 4258 capella
1898 4188 2072 4243 sancti

488 4275 627 4330 Galli
655 4277 896 4346 sepultus
923 4287 1024 4343 est,
1062 4288 1117 4334 et
1146 4296 1183 4335 ιι
1218 4280 1335 4335 Kal.
1365 4281 1615 4338 Octobris
1640 4281 1661 4321 ί
1688 4282 1825 4337 obiit
1862 4282 1916 4336 in
1949 4280 2072 4335 villa

491 4367 642 4421 Salto
667 4368 831 4432 dicta,
861 4370 960 4423 sub
984 4370 1226 4427 Adriano
1251 4387 1390 4443 papa
1418 4373 1674 4428 secundo.

559 4456 688 4511 Post
726 4458 869 4513 hunc
895 4459 1051 4514 Walo
1087 4462 1533 4532 quadragesimus
1570 4461 1838 4518 secundus
1873 4458 2069 4530 praesul

489 4554 572 4600 est
598 4547 816 4602 electus.
839 4548 990 4604 Sedit
1016 4550 1173 4606 annis
1199 4550 1253 4617 6,
1286 4553 1474 4610 diebus
1509 4552 1572 4608 15
1597 4555 1621 4593 ε
1649 4553 1749 4608 sub
1778 4553 2072 4623 apostolico

489 4635 695 4694 Joanne
719 4639 806 4695 Vll
830 4644 879 4704 ιι,
930 4657 959 4695 a
1000 4656 1106 4710 quo
1133 4651 1188 4697 et
1214 4644 1434 4713 pallium
1459 4644 1712 4701 obtinuit.
1766 4643 1866 4699 Hic
1893 4643 2068 4709 Walo,

490 4730 618 4783 dum
656 4746 777 4785 cum
818 4732 931 4787 suis
967 4742 1156 4788 contra
1193 4734 1554 4797 Normannos.
1584 4735 1676 4804 qui
1708 4742 1839 4790 tunc
1866 4734 2071 4792 Gallias

490 4818 869 4885 incursabant,
913 4823 1104 4893 impari
1145 4840 1306 4881 manu
1344 4835 1579 4897 pugnat,
1620 4828 1978 4881 obtruncatur
2007 4845 2068 4882 ιιι

490 4906 630 4965 Non.
660 4912 676 4951 i
704 4910 923 4980 Aprilis,
959 4911 1247 4982 Metimque
1275 4915 1498 4981 relatus,
1529 4915 1585 4970 in
1610 4915 1854 4971 Ecclesia
1882 4915 2071 4971 Salva-

491 4998 646 5065 toris,
676 4985 839 5070 quam
866 5001 981 5071 ipse
1006 5010 1407 5070 construxerat,
1434 5005 1712 5075 sepelitur.

564 5184 592 5248 ft
617 5170 783 5248 Alias,
805 5191 881 5230 vn
904 5175 1025 5248 Kal.
1045 5175 1319 5248 Novemb.,
1349 5176 1482 5233 alias
1504 5194 1577 5245 tv,
1602 5186 1656 5232 ct
1676 5178 1993 5248 quibusdam
2016 5196 2066 5234 v.

564 5242 593 5282 ιι
616 5241 672 5295 1d
698 5252 784 5298 est
805 5245 1275 5302 archicanellanus.

565 5322 588 5351 ε
617 5309 727 5375 Al.,
760 5309 1073 5369 Decembris.

560 5380 590 5421 Il
616 5379 1080 5451 Lego,ﬂfratruele,
1115 5384 1168 5440 id
1192 5395 1293 5449 est,
1326 5385 1511 5441 fratris
1538 5387 1667 5442 filio.

568 5462 593 5523 ς
618 5450 730 5523 AL,
762 5450 804 5504 Τ
805 5450 1157 5523 heatggudum
1183 5467 1230 5510 et
1259 5456 1631 5515 Cantherium.

568 5520 594 5596 ξ
616 5520 725 5596 Ah,
752 5520 1069 5591 pridie'Kal.
1094 5524 1431 5596 Septembris.

569 5592 595 5633 ⁸
618 5589 769 5646 Alias
796 5606 849 5646 v.

564 5662 595 5703 h
620 5661 767 5717 Alias
794 5677 909 5716 vm.

576 5733 592 5772 ί
625 5748 680 5788 tv
705 5731 833 5788 Idus
863 5732 1075 5806 Aprilis,
1107 5752 1196 5789 an.
1227 5734 1350 5793 883.

2166 1907 2433 1964 Adelbero
2458 1907 2718 1962 successit
2743 1905 3030 1976 Wigerico.
3066 1905 3211 1959 Inter
3238 1904 3447 1967 multa,
3476 1903 3760 1959 Gorziense

2165 1999 2469 2057 emnobium
2494 2012 2632 2068 pene
2658 1996 2952 2067 collapsum
2980 1994 3159 2050 fundis
3185 2004 3243 2049 et
3270 1994 3540 2050 aediﬁciis
3566 2004 3753 2049 restru-

2165 2092 2266 2159 xit,
2282 2106 2439 2147 muro
2458 2089 2838 2155 circumdedit;
2861 2088 3024 2144 simili
3046 2087 3203 2142 modo
3223 2096 3281 2142 et
3299 2088 3493 2143 sancti
3510 2086 3757 2156 Arualphi

2165 2182 2409 2239 ecclesim
2451 2182 2504 2237 in
2546 2180 2727 2235 Metim
2770 2179 2938 2234 multa
2979 2179 3264 2233 commoda
3301 2177 3577 2248 providit.
3622 2176 3755 2230 Sedit

2166 2276 2324 2331 annis
2344 2274 2414 2330 30
2433 2275 2484 2341 ι,
2508 2274 2784 2329 mensibus
2803 2273 2858 2337 9,
2883 2273 3079 2327 diebus
3095 2271 3188 2326 25.
3219 2271 3375 2327 Obiit
3392 2288 3451 2326 vl
3477 2270 3597 2326 Kal.
3622 2269 3753 2324 llaii.

2166 2367 2380 2423 Gorzite
2407 2365 2640 2420 sustinet
2667 2361 3084 2418 resurrectionis
3108 2362 3279 2416 diem.

2239 2457 2509 2512 Successit
2528 2454 2644 2523 ejus
2666 2455 2845 2509 infulze
2866 2453 3213 2524 pontiﬁcatus
3234 2454 3612 2508 Theodericus
3633 2468 3755 2521 qua-

2169 2548 2503 2618 dragesimus
2528 2554 2715 2601 sextus
2742 2546 2832 2614 qui
2860 2544 3257 2599 monasterium
3289 2546 3460 2599 sancti
3494 2543 3759 2599 Vincentii

2168 2639 2424 2710 martyris
2453 2640 2507 2693 in
2539 2638 2796 2693 subnrhio
2823 2637 3047 2691 Metensi
3074 2635 3093 2675 ι
3133 2637 3414 2692 mdiiiearit
3447 2635 3743 2691 honorabi-

2169 2729 2312 2793 liter,
2343 2727 2634 2796 multisque
2676 2727 2989 2798 pignoribus
3015 2735 3337 2781 sanctorum
3357 2726 3633 2796 insignivit
3678 2726 3761 2780 ab

2168 2822 2322 2877 italia
2350 2835 2537 2876 secum
2557 2820 2784 2875 devictis
2806 2829 2867 2873 ’³.
2914 2818 3086 2888 Hujus
3116 2828 3275 2890 gesta
3307 2822 3596 2875 habentur.
3638 2818 3757 2873 Flo-

2169 2915 2277 2969 ruit
2307 2915 2407 2969 sub
2434 2915 2760 2984 imperatore
2790 2913 2964 2982 primo
2993 2911 3214 2977 Ottone,
3259 2912 3378 2967 ﬁlio
3422 2912 3646 2967 iienrici
3682 2927 3753 2965 re-

2169 3007 2252 3079 gis
2301 3006 2776 3073 Lotbaringorum.
2835 3003 3064 3059 Przefato
3111 3003 3319 3059 Ottone
3361 3015 3389 3042 ιι
3425 3006 3755 3077 imperante.

2172 3098 2437 3154 famosum
2469 3096 2666 3152 bellum
2693 3094 2892 3151 factum
2916 3104 3001 3151 est
3029 3096 3085 3150 in
3111 3095 3392 3159 Calabria,
3424 3098 3573 3152 inter
3599 3096 3751 3167 ipm

2171 3196 2224 3243 et
2252 3188 2571 3253 Saracenos,
2622 3186 2678 3240 in
2717 3200 2825 3257 quo
2852 3186 3262 3242 innumerabilis
3292 3186 3599 3242 multitudo
3619 3186 3759 3241 Chri-

2169 3281 2468 3334 stianorum
2495 3277 2743 3334 obeundo
2770 3278 2901 3334 vicit
2924 3294 3037 3334 xvn
3069 3278 3188 3334 Kal.
3217 3278 3487 3351 Augusti.
3516 3279 3756 3334 Revelata

2169 3380 2251 3427 est
2275 3371 2539 3441 siquidem
2567 3372 2728 3426 bean
2753 3371 2820 3427 de
2840 3369 3083 3441 Bajoaria
3107 3370 3367 3429 Odelrico
3394 3372 3622 3443 ιιι-πιθοιὶ
3648 3379 3672 3405 °
3691 3381 3757 3424 ta-

2169 3462 2236 3518 lis
2261 3462 2518 3519 divinitus
2540 3461 2699 3519 visio.

2242 3551 2535 3607 Videbatur
2558 3552 2662 3608 sibi
2687 3553 2873 3609 videre
2890 3550 3097 3620 justum
3126 3553 3423 3607 Dominum
3446 3552 3686 3620 judicent
3710 3552 3757 3606 in

2171 3644 2445 3698 schemate
2466 3642 2592 3699 Jesu
2612 3644 2813 3701 Christi
2834 3644 3047 3699 sublimi
3074 3643 3209 3698 solio
3232 3644 3508 3708 residere,
3534 3658 3756 3699 omnem-

2172 3749 2276 3805 que
2307 3734 2429 3789 cmli
2465 3735 2709 3791 ordinem
2740 3734 3112 3788 circumstare.
3153 3733 3521 3788 Examinatio
3561 3743 3759 3789 stata-2

2172 3833 2359 3895 parata
2397 3832 2500 3890 est,
2542 3823 2769 3893 qumstio
2808 3822 3080 3887 ventilata,
3123 3823 3211 3878 cui
3254 3824 3492 3878 cederet
3526 3824 3755 3884 victon'a.

2173 3913 2429 3979 Ethnico,
2476 3929 2545 3967 an
2583 3911 2857 3968 Christum
2898 3911 3173 3983 professis.
3224 3913 3510 3984 lniquitas
3555 3927 3610 3970 et
3647 3928 3755 3985 pce-

2173 4014 2353 4061 catnm
2405 4004 2833 4061 Christianorum
2889 4013 3203 4060 excreverat
3262 4019 3332 4061 eo
3393 4022 3617 4077 usque,
3667 4021 3760 4076 quo

2167 4094 2543 4165 judicarenlur
2583 4095 2775 4165 subjici
2818 4094 2997 4164 gladio
3042 4093 3479 4151 Saracenorum.
3546 4096 3762 4151 Sam

2173 4188 2430 4258 evigilans
2472 4188 2762 4253 sacerdos,
2805 4187 3067 4244 visionem
3112 4187 3431 4244 manifestat
3483 4189 3763 4246 exercitui.

2174 4280 2519 4336 Orationibus
2562 4281 2727 4352 igitur
2768 4287 2822 4334 et
2856 4277 3080 4347 jejuniis
3118 4278 3279 4333 simul
3319 4279 3582 4345 instant.
3626 4293 3765 4350 spell

2173 4387 2286 4426 suae
2324 4370 2513 4426 salutis
2555 4371 2607 4425 in
2648 4384 2781 4441 pura
2827 4368 3167 4425 confessione
3207 4378 3508 4439 ponentes.
3569 4370 3769 4424 Interea

2175 4461 2459 4517 multitudo
2485 4462 2626 4532 vulgi
2656 4460 2797 4515 fame
2826 4476 2890 4516 ac
2916 4461 3094 4531 in0pia
3121 4458 3427 4530 profligati,
3456 4474 3592 4515 sese
3616 4476 3771 4515 exer-

2175 4553 2305 4607 citui
2335 4552 2761 4617 substrahentes,
2789 4567 2911 4607 cum
2939 4550 3226 4606 Saracenis
3251 4550 3568 4619 disponunt
3594 4549 3774 4607 conﬁi-

2174 4656 2320 4714 gere,
2338 4643 2597 4698 malentes
2618 4642 2795 4715 gladio
2815 4655 2975 4712 quam
2996 4638 3137 4694 fame
3155 4639 3355 4708 perire.
3380 4639 3581 4695 Pietas
3600 4641 3775 4708 itaque

2175 4733 2354 4787 divina
2379 4747 2594 4803 semper
2618 4731 2903 4788 consulens
2937 4729 3238 4784 animarum
3274 4728 3476 4794 saluti,
3525 4730 3778 4800 permisit

2171 4839 2265 4879 eos
2296 4824 2350 4878 in
2378 4826 2786 4901 praesentiarum
2826 4822 3083 4886 interimi,
3125 4822 3323 4892 quibus
3360 4822 3622 4889 providit
3662 4820 3775 4877 dari

2172 4915 2397 4986 gloriam
2421 4922 2637 4969 :eternm
2662 4915 2889 4984 requiei.

2244 5005 2359 5060 Hac
2389 5005 2721 5077 lacrymabili
2746 5005 2890 5061 ctede
2918 5012 3158 5075 peracta,
3185 5002 3332 5075 vulgi
3362 5003 3603 5073 militia,
3629 5004 3779 5076 ign.

2249 5191 2263 5230 ι
2300 5178 2448 5234 Alias
2471 5193 2666 5233 χχχιιι.

2247 5251 2274 5290 ι
2300 5249 2385 5303 Al.
2415 5264 2580 5302 xxxv.

2251 5319 2269 5359 1
2301 5319 2356 5374 ln
2382 5318 2560 5374 Insula
2587 5318 2757 5375 urbis.

2245 5402 2286 5429 ιιι
2312 5389 2388 5443 De
2416 5404 2481 5444 ea
2512 5388 2860 5445 translatione
2887 5390 3011 5446 vide
3036 5389 3278 5447 libellum
3294 5391 3510 5449 editum
3542 5402 3688 5451 tom.
3708 5391 3777 5448 τ.

2173 5459 2745 5585 δνὲθὲἱῖῗιίίὸᾶᾎιῖἓᾞ
2758 5458 3482 5587 οῗέξῖδξιῖξοἛεῗξΞεέη

2716 5569 2729 5592 ,
2758 5548 2892 5584 ουιιῑ
2916 5548 3059 5585 anno
3084 5548 3190 5586 364
3216 5548 3436 5592 Smper

2245 5548 2270 5568 ¹¹
2301 5548 2414 5585 διιι)
2441 5548 2640 5584 υῐιοιιε
2666 5548 2729 5592 ll,
2758 5548 2892 5584 ουιιι
2916 5548 3059 5585 anno
3084 5548 3190 5586 364
3216 5548 3482 5603 δικιυθιδῑ.

2245 5598 2559 5675 "_Ud_alricq
2576 5598 2829 5675 Augustae
2850 5600 3557 5675 Vindelicorumepiseopo.
3582 5602 3681 5675 _De
3699 5615 3775 5675 ea

2171 5669 2323 5742 clade
2348 5669 2494 5742 illata
2521 5668 2701 5742 Ottoni
2729 5669 2749 5723 l
2779 5670 3092 5742 imperatori
3122 5686 3210 5725 an.
3235 5668 3361 5736 4-69,
3383 5668 3673 5727 videndus
3698 5670 3775 5725 id.

2174 5740 2429 5811 Sigibcrt.
2454 5740 2509 5795 in
2532 5740 2731 5795 Chron.
