3920 6310
184 329 320 389 “69

1242 320 1630 380 CHRONICON
1668 319 1878 378 EPISC.
1913 321 2332 381 METENSIUM.

3301 321 3448 396 me

181 447 335 496 rante
363 436 552 510 regali,
596 438 774 494 denuo
805 437 997 494 beatus
1028 435 1222 506 praesul
1257 435 1535 492 Odelricus
1576 434 1631 489 in
1671 434 1753 489 vi-
1778 441 1826 498 Α
1855 434 2154 501 rimannus,
2179 436 2462 492 ordinatus
2485 446 2568 493 est
2607 437 2926 495 Metensium
2953 442 3148 512 przesul
3178 444 3451 519 quinqna.

180 549 300 589 sum
340 531 568 601 rapitur,
613 539 668 587 et
712 546 926 586 rursum
967 530 1129 600 (sicut
1168 529 1440 601 primitus)
1482 530 1655 585 cernit
1698 529 1753 584 in

177 625 373 680 throno
421 621 832 692 Redemptorem
873 631 1116 677 nostrum
1157 629 1211 674 et
1245 620 1611 690 judicem,cui
1637 620 1754 690 glo-

176 715 322 770 riosa
348 712 519 785 ipsius
545 713 779 783 genitrix
810 712 996 775 Maria,
1034 728 1155 767 cum
1187 713 1429 768 omnium
1454 711 1753 767 cmicstium

174 807 364 862 ordine
396 805 730 874 supplicabat
755 820 822 860 ne
845 803 1213 859 conﬁtentium
1245 805 1347 859 sibi
1375 804 1611 860 offensas
1644 803 1759 874 ple—

174 897 250 953 cti
310 905 588 967 pateretur
638 895 911 965 triumpho
967 895 1176 966 gentili.
1247 893 1459 949 Statcra
1523 894 1758 949 secundo

174 989 451 1054 statuitur,
488 995 546 1044 et
569 987 848 1057 aequalitas
882 994 1234 1058 utrorumque
1270 987 1505 1042 ﬁdelium
1539 1003 1603 1043 ac
1632 988 1757 1041 inli-

171 1079 380 1137 delium
406 1079 796 1134 consideratur.
844 1078 1167 1135 Ptenitentia
1197 1078 1437 1134 ﬁdelium
1460 1079 1758 1149 procedens

171 1187 242 1228 ex
283 1172 486 1242 gemitu
530 1171 762 1234 mentis,
811 1171 1188 1242 praeponderat
1230 1171 1495 1226 naturalis
1530 1169 1759 1238 justitize

170 1260 327 1332 legis.
369 1261 508 1316 Ecce
544 1261 698 1315 adest
719 1268 774 1315 et
795 1268 1002 1331 martyr
1030 1260 1372 1324 Laurentius,
1401 1259 1554 1329 cujus
1582 1261 1761 1315 immi-

168 1352 337 1408 nebat
366 1353 480 1407 dies
515 1351 763 1407 festivus.
806 1351 908 1408 Hic
950 1360 1344 1423 repraesentans
1383 1353 1759 1408 crudelitatem

170 1448 570 1496 tormentorum
591 1441 647 1496 in
665 1456 722 1496 se
737 1450 1248 1507 consummatorum,
1262 1453 1317 1498 et
1331 1444 1760 1513 compassionem

167 1535 258 1590 sui
300 1535 537 1590 ﬁdelium
586 1535 945 1605 populorum,
995 1535 1281 1591 victoriam
1332 1537 1586 1606 impetrat
1635 1551 1758 1590 cum

168 1625 382 1683 omlesti
415 1634 558 1680 cmtu
589 1625 788 1696 populo
812 1625 979 1680 fideli.
1019 1625 1286 1682 Sacerdos
1323 1626 1505 1696 itaque
1530 1627 1762 1682 festinus

167 1715 341 1770 mittit
395 1716 646 1770 nuntium
706 1715 1062 1784 imperatori,
1122 1715 1372 1784 hostique
1422 1723 1483 1768 ut
1529 1730 1757 1786 congre—

1856 527 2114 594 gesimus.
2162 527 2277 584 Hoc
2318 537 2560 600 tempore
2602 532 2896 587 maximum
2931 534 3162 591 schisma
3192 547 3444 598 exortum

1857 625 1940 673 est
1975 619 2116 674 inter
2149 635 2373 690 regnum
2414 630 2469 676 et
2510 623 2888 678 sacerdotium.
2932 623 3312 695 lmponebatur
3339 631 3448 688 ita-

1855 726 1960 780 que
2000 726 2096 765 rex
2137 727 2298 781 super
2337 727 2548 783 regem,
2594 729 2731 784 papa
2774 729 2936 784 super
2973 731 3198 786 papam;
3245 727 3301 774 et
3341 720 3445 777 hoc

1856 798 2056 856 diutius
2076 805 2462 871 perseveravit,
2481 820 2549 860 ex
2569 820 2677 876 quo
2698 806 2980 876 disciplina
3003 808 3272 866 discubuit
3293 829 3324 867 a
3345 829 3442 869 sua

1857 894 2166 949 vivacitate.

1928 987 2027 1042 llic
2059 988 2418 1046 l-lerimannus
2455 992 2652 1063 praesul
2695 993 3005 1050 admonitus
3033 995 3272 1062 visione,
3319 1011 3447 1053 san-

1859 1088 2005 1135 ctum
2043 1081 2243 1136 levavit
2276 1085 2344 1138 ab
2374 1084 2541 1139 humo
2569 1083 2899 1142 Clementem
2928 1128 2944 1151 ,
2993 1089 3225 1158 primum
3257 1087 3446 1144 docto-

1858 1186 1975 1225 rem
2026 1171 2343 1227 Metensium
2370 1214 2386 1239 ,
2437 1183 2492 1228 et
2537 1176 2700 1230 tertio
2745 1177 2831 1231 die
2876 1178 3056 1232 obiit:
3115 1180 3207 1247 qui
3253 1179 3447 1236 beatus

1858 1262 2108 1319 Clemens
2155 1266 2222 1321 ad
2271 1274 2503 1320 matrem
2550 1267 2762 1324 delatus
2809 1270 3132 1335 ecclesiam,
3193 1271 3446 1326 maximis

1859 1349 2149 1411 laetiﬁcavit
2174 1357 2402 1426 populos
2429 1358 2704 1416 miraculis
2745 1375 2843 1430 per
2870 1361 3128 1416 triduum.
3181 1361 3448 1417 Defuncto

1859 1455 2151 1524 episeopo,
2211 1456 2342 1510 nihil
2408 1457 2688 1528 signorum
2747 1461 2986 1516 ostendit
3041 1478 3137 1531 per
3180 1463 3445 1528 biduum,

1859 1545 2000 1598 unde
2041 1544 2291 1600 admirati
2332 1547 2512 1613 cives,
2554 1549 2854 1606 redduntur
2895 1554 3123 1608 tristes:
3177 1553 3270 1609 sed
3320 1569 3446 1609 mox

1859 1635 2103 1689 redditur
2129 1636 2349 1701 lzetitia,
2395 1645 2451 1693 et
2493 1640 2734 1708 aperitur
2770 1658 2950 1697 causa.
3005 1643 3320 1698 Revelatum
3363 1654 3450 1700 est

1860 1727 2072 1781 cuidam
2115 1742 2348 1796 namque
2394 1729 2648 1800 religioso
2687 1734 2906 1788 nomine
2945 1734 3212 1798 Lubrico,
3257 1734 3449 1790 funda-

168 1804 356 1860 diatur
387 1803 639 1873 imperat.
685 1803 851 1858 Facta
883 1803 1263 1872 congressione
1291 1803 1391 1857 sub
1421 1801 1757 1858 invocatione

1864 1821 1966 1874 tori
2008 1820 2251 1876 ecclesiae
2292 1822 2462 1876 sancti
2506 1821 2650 1878 Petri
2695 1825 2761 1879 de
2806 1825 2985 1880 Monte
3024 1825 3264 1890 Brianci,
3305 1825 3448 1895 quod

167 1893 394 1959 Christi,
421 1903 477 1950 et
504 1893 621 1962 ejus
647 1894 901 1964 martyris
927 1894 1227 1958 Laurentii,
1258 1894 1441 1949 hostes
1469 1902 1616 1965 terga
1641 1910 1760 1950 ver-

165 1994 322 2051 tunt,
366 1985 598 2040 ﬁdelitas
637 1985 998 2052 eonfortatur,
1041 1986 1294 2055 impietas
1323 1996 1652 2053 enervatur;
1705 1995 1762 2043 et

1861 1911 2006 1966 intra
2054 1911 2367 1968 dilationem
2416 1915 2560 1969 illam
2606 1915 2924 1985 signorum,
2970 1919 3161 1973 beatus
3198 1917 3452 1972 Clemens

1861 2010 1986 2057 ante
2034 2004 2272 2058 tribunal
2310 2003 2512 2060 Christi
2556 2021 2654 2076 pro
2696 2009 2876 2066 anima
2919 2010 3164 2078 praedicti
3204 2008 3454 2078 prmsulis

165 2092 238 2134 ex
275 2077 366 2130 illa
394 2085 718 2147 tempestate
747 2077 948 2132 festum
976 2078 1149 2133 sancti
1181 2077 1457 2134 Laurentii
1495 2079 1757 2135 celebrius

1864 2111 1981 2150 eum
2009 2095 2224 2150 diabolo
2255 2097 2520 2152 acerrime
2549 2097 2871 2154 decertavit.
2910 2077 3278 2168 Objiciebatur
3305 2099 3448 2154 enim

165 2171 424 2227 habetur.

244 2259 518 2316 Successit
557 2271 612 2316 et
656 2261 784 2316 huic
828 2261 1264 2332 consanguineus
1307 2263 1424 2333 ejus
1468 2263 1756 2330 Adelbero,

162 2348 489 2408 Iletensium
537 2355 736 2423 praesul
775 2355 1222 2427 quadragesimus
1255 2357 1514 2426 septimus
1549 2359 1614 2412 de
1653 2373 1761 2428 quo

161 2441 341 2497 multa
397 2443 650 2513 leguntur
693 2445 920 2501 honeste
965 2447 1256 2517 descripta.
1325 2447 1425 2503 Hic
1479 2450 1760 2504 renovavit

159 2534 478 2590 cenobium
510 2535 685 2589 sancti
723 2535 979 2605 martyris
1018 2536 1439 2606 Symphoriani;
1489 2539 1760 2608 pramipne

161 2630 349 2677 tamen
393 2632 448 2678 et
483 2623 588 2677 alia
628 2640 658 2679 a
694 2625 808 2679 suis
838 2626 1328 2694 prtedeecssoribus
1363 2629 1611 2683 inchoata
1644 2639 1760 2684 tan-

162 2723 284 2768 tum
326 2715 692 2782 monasteria,
735 2715 850 2785 ipse
895 2717 964 2771 ad
1011 2732 1282 2771 summum
1325 2718 1563 2772 deduxit.
1627 2719 1759 2789 Ejus

161 2814 323 2876 gesta
376 2806 469 2874 qui
523 2806 638 2860 vult
689 2806 1046 2876 dignoscere,
1109 2806 1358 2877 dignetur
1407 2825 1528 2879 quze
1578 2811 1644 2864 de
1694 2827 1760 2865 eo

162 2896 371 2964 scripta
396 2904 522 2951 sunt
545 2896 743 2966 legere.
789 2895 941 2952 Sedit
969 2897 1126 2953 annis
1156 2898 1247 2953 28.
1296 2897 1442 2954 Obiit
1471 2917 1602 2954 xvm
1635 2901 1754 2954 Kal.

160 2985 431 3043 Januarii.
478 2988 734 3059 Sepultus
773 2998 858 3044 est
905 2991 960 3044 in
1001 2991 1232 3046 ecclesia
1272 2993 1442 3046 sancti
1493 2994 1760 3063 Sympho-

160 3080 332 3145 riani,
373 3081 465 3136 ubi
508 3089 564 3135 et
602 3082 774 3136 sancti
810 3080 1100 3152 IEpletius,
1143 3081 1430 3152 Pappolus,
1473 3084 1755 3150 Goericus,

1857 2183 1912 2240 ei
1945 2186 2012 2239 ab
2040 2185 2260 2240 inimico
2290 2187 2431 2255 quod
2461 2195 2609 2242 metu
2636 2189 2829 2244 mortis
2855 2189 3226 2245 inconstanter
3251 2193 3450 2260 egisset

1861 2277 2002 2331 inter
2025 2277 2420 2334 dissensionem
2465 2279 2616 2349 regni
2659 2289 2714 2336 et
2753 2281 3062 2341 sacerdotii.
3091 2281 3297 2337 malens
3325 2281 3449 2351 fuga

1859 2367 2267 2436 persecutiones
2309 2375 2363 2423 et
2405 2384 2516 2424 sua:
2557 2371 2905 2440 pervasiones
2945 2372 3209 2434 ecclesiae,
3250 2372 3453 2428 violato

1861 2470 2201 2517 sacramento
2243 2462 2406 2532 (quod
2447 2464 2683 2534 exigitur
2717 2479 2872 2520 more
2909 2465 3198 2535 imperiali)
3243 2479 3442 2534 prazveo

1861 2553 1998 2607 nire.
2044 2553 2111 2607 At
2137 2553 2327 2608 beatus
2355 2554 2604 2610 Clemens
2631 2566 2838 2626 pastor,
2881 2557 2964 2611 sui
2991 2558 3293 2627 suscipiens
3323 2572 3449 2610 cau-

1860 2656 1978 2696 sam
2008 2641 2220 2708 vicarii,
2247 2658 2348 2712 pro
2374 2645 2598 2714 singulis
2628 2645 2796 2714 judici
2832 2647 3076 2716 piissimo
3109 2661 3300 2716 preces
3329 2645 3449 2701 fun-

1861 2733 2020 2787 debat
2075 2749 2213 2803 genu
2261 2734 2418 2790 flexo.
2481 2735 2618 2802 Quid
2669 2736 2876 2805 plura?
2935 2738 3116 2791 divina
3171 2739 3252 2792 sui
3310 2736 3448 2790 ﬁexa

1860 2824 2158 2879 sacerdotis
2199 2825 2591 2894 supplicatione
2637 2841 2899 2892 censura,
2940 2829 3155 2882 veniam
3198 2828 3450 2891 indulsit,

1861 2923 1911 2970 et
1943 2915 2231 2969 maledicto
2257 2915 2532 2970 silentium
2560 2917 2862 2971 accusatori
2896 2917 3201 2987 imperavit.
3250 2916 3450 2984 Quam-

1861 3006 1943 3060 vis
1970 3021 2097 3060 vero
2128 3007 2322 3061 divina:
2348 3007 2491 3061 nulla
2521 3007 2591 3061 sit
2624 3021 2776 3062 mora
2809 3006 3080 3073 efﬁcaciae,
3112 3015 3292 3062 tamen
3323 3009 3449 3078 quia

1861 3097 2144 3152 Trinitatis
2189 3099 2423 3152 essentia
2476 3097 2529 3150 in
2575 3097 2927 3151 humanitatis
2971 3097 3172 3152 Christi
3216 3113 3448 3165 persona

162 3171 339 3236 Cedo,
385 3169 618 3242 Aptatus
659 3179 717 3227 et
758 3170 908 3226 Felix
945 3172 1229 3243 pontiﬁces
1268 3173 1478 3228 meritis
1519 3175 1757 3246 insignes

1864 3187 2065 3258 judieat
2086 3189 2288 3254 omnia,
2316 3205 2384 3243 ex
2413 3189 2779 3244 disnositionis
2807 3190 3017 3248 ordine.
3043 3189 3303 3244 dicuntur
3331 3189 3449 3243 ﬁeri

161 3266 478 3336 quiescunt.

241 3355 699 3428 Quadragesimus
747 3365 972 3413 octavus
1027 3367 1151 3426 post
1207 3359 1351 3414 hunc
1399 3359 1644 3415 ascendit
1691 3360 1761 3414 ad

160 3448 539 3518 episcopatum
560 3447 926 3503 Theodericus
949 3449 1237 3514 secundus,
1257 3449 1350 3518 qui
1373 3450 1759 3505 monasterium

163 3540 318 3594 urbis
351 3540 648 3610 principale
683 3548 870 3594 sancto
906 3540 1180 3610 Stephano
1205 3542 1590 3614 protomartyri
1633 3557 1760 3596 con-

161 3633 388 3699 struxit,
419 3633 612 3702 adepto
641 3633 810 3702 ipsius
837 3633 1063 3688 brachio
1093 3650 1123 3688 a
1150 3633 1439 3704 Bysontica
1467 3633 1684 3689 civitate
1707 3646 1755 3686 ιι.

163 3723 314 3779 Inter
338 3725 512 3794 ipsum
540 3732 719 3780 autem
748 3733 803 3780 et
826 3725 1120 3781 Henricum
1148 3726 1525 3794 imperatorem
1555 3725 1760 3780 dissen-

165 3817 318 3871 tione
359 3832 466 3871 non
507 3818 719 3872 modica
763 3825 905 3883 orta,
929 3817 1133 3886 praedia
1180 3817 1348 3871 multa
1390 3816 1758 3872 ecclesiastica

166 3921 270 3979 pro
309 3907 510 3963 auxilio
551 3907 827 3963 distribuit
869 3922 968 3978 per
1009 3908 1360 3970 decennium,
1409 3907 1552 3961 sicut
1595 3905 1760 3960 refert

166 3999 446 4054 successio
485 3999 886 4054 modernorum.
935 3999 1096 4054 Rexit
1137 4015 1260 4054 cum
1295 3999 1539 4068 potentia
1574 3996 1757 4052 cathe-

165 4086 326 4143 dram
375 4089 531 4145 annis
578 4089 669 4143 50.
735 4088 882 4144 Obiit
924 4105 963 4142 ιι
1013 4089 1132 4142 Kal.
1180 4088 1344 4154 Maii,
1410 4088 1653 4157 sepultus
1701 4087 1758 4141 in

168 4179 403 4235 ecclesia
449 4181 622 4236 sancti
667 4178 950 4248 Stephani.
1014 4177 1082 4232 Et
1129 4177 1290 4246 hujus
1331 4187 1574 4246 tempore
1614 4176 1759 4231 Gua-

169 4271 326 4327 rinus
366 4272 533 4327 abbas
575 4278 761 4325 sancto
801 4267 1106 4324 construxit
1149 4267 1428 4322 basilicam
1454 4265 1756 4334 Arnulpho,

170 4379 339 4434 quam
364 4371 583 4418 sanctus
602 4361 712 4417 Leo
736 4375 910 4416 nonus
939 4358 1226 4423 dedicavit,
1248 4356 1634 4428 privilegioque
1660 4371 1758 4413 suo

168 4451 504 4510 sublimavit.

1863 3294 2049 3334 morae.

1933 3371 2032 3425 Hic
2070 3369 2432 3426 Herimannus
2468 3371 2754 3442 episcopus
2791 3387 2854 3426 ex
2895 3370 3122 3426 ecclesia
3162 3362 3447 3426 Leodiensi

1861 3473 2190 3534 assumptus,
2211 3465 2264 3518 in
2283 3463 2513 3519 ecclesia
2538 3464 2712 3519 sancti
2733 3463 2878 3517 Petri
2903 3464 3058 3518 Metis
3079 3472 3160 3517 est
3181 3463 3447 3532 sepultus,

1859 3557 2181 3625 praesidente
2211 3557 2502 3611 universali
2544 3557 2800 3611 Ecclesiae
2834 3555 3094 3626 Gregorio
3124 3556 3245 3619 VII,
3279 3556 3448 3609 vacil-

1861 3648 2005 3702 lante
2034 3647 2279 3716 imperio.
2319 3647 2466 3703 Obiit
2490 3663 2545 3702 tv
2567 3647 2704 3702 Non.
2727 3647 2873 3712 Maii,
2901 3657 2954 3701 et
2981 3647 3212 3702 cessavit
3236 3647 3448 3716 episco-

1865 3748 2024 3807 patns
2051 3739 2236 3793 multis
2264 3739 2442 3793 annis.

1931 3827 2065 3882 Cum
2098 3828 2279 3897 itaque
2315 3843 2465 3882 mare
2496 3825 2680 3880 sreeuli
2710 3827 2855 3880 velut
2887 3825 3071 3882 Africo
3105 3835 3160 3881 et
3185 3826 3453 3896 Aquilone

1859 3915 2160 3982 ﬂuctuaret,
2189 3918 2438 3974 catholici
2470 3916 2740 3972 Metenses
2767 3924 3031 3972 terrorem
3060 3925 3454 3987 postponentes

1861 4005 2192 4076 imperialem
2217 4047 2233 4072 ,
2278 4022 2344 4062 ex
2391 4006 2632 4062 Ecclesia
2665 4006 2985 4062 Treverensi
3015 4006 3275 4062 domuum
3303 4007 3448 4077 Pop~

1858 4114 2053 4169 penem
2096 4111 2384 4168 personam
2424 4098 2659 4152 nobilem
2697 4099 2982 4154 catholicis
3020 4100 3449 4153 consentientem

1857 4189 2138 4258 elegerunt
2165 4189 2506 4259 pontiﬁcem,
2544 4188 2815 4243 celebrata
2845 4188 3252 4243 consecratione
3280 4188 3450 4257 ipsius

1857 4293 1890 4330 a
1932 4278 2106 4347 legato
2145 4278 2452 4345 apostolicae
2476 4277 2638 4331 sedis.
2684 4276 2930 4331 Potestas
2955 4276 3249 4346 imperialis
3281 4277 3447 4331 alium

1859 4369 2084 4441 (scilicet
2126 4369 2542 4440 Adalberonem)
2587 4369 2946 4425 subinducere
2989 4370 3194 4434 nitens,
3236 4369 3444 4424 Meten-

1858 4476 1946 4515 ses
1991 4460 2095 4514 ﬁde
2134 4459 2290 4514 ﬁrma
2335 4459 2708 4515 restituerunt.
2771 4459 2838 4514 Et
2881 4460 3020 4514 sicut
3057 4460 3265 4529 pridem
3308 4460 3448 4515 duos

247 4543 382 4599 Huic
411 4543 698 4599 sanctitate
735 4558 800 4598 ac
836 4541 1097 4612 religione
1127 4539 1452 4595 venerabilis
1484 4538 1755 4594 Adalbero
1789 4529 1836 4588 D
1858 4553 2166 4608 Bmmnem
2213 4569 2276 4608 ac
2311 4552 2610 4608 Gualonem
2662 4554 2900 4609 immsos
2949 4552 3271 4622 expulerunt
3296 4593 3311 4616 ,
3365 4552 3444 4607 sic

170 4637 619 4708 quadragesimus
669 4650 843 4691 nonus
889 4633 1189 4699 successit,
1249 4633 1402 4702 pacis
1449 4639 1658 4686 amator
1699 4639 1754 4685 et

169 4729 546 4784 coenobiorum
582 4734 882 4795 reparator.
932 4723 1101 4792 Hujus
1142 4723 1243 4779 sub
1283 4723 1614 4791 temporibus
1652 4721 1754 4776 Ec-

170 4819 354 4875 clesiae
407 4815 742 4887 praefuerunt
792 4815 1050 4869 Romanae
1100 4821 1323 4868 sanctus
1373 4811 1483 4866 Leo
1533 4826 1708 4865 nonus
1734 4850 1750 4875 ,

169 4910 352 4980 primo
404 4907 706 4962 Leucorum
755 4906 1077 4974 episcopus;
1147 4903 1492 4972 Stephanus,
1551 4901 1641 4970 qui
1697 4910 1752 4956 et

171 5001 484 5057 Fridericus
535 4999 677 5054 ﬁlius
715 4997 1030 5054 Gothelonis
1081 4996 1276 5062 ducis;
1329 5003 1382 5050 et
1423 4992 1751 5058 Alexander,

171 5094 262 5150 cui
286 5094 546 5149 successit
569 5091 980 5155 Hildebrandus,
1007 5091 1100 5160 qui
1126 5089 1384 5158 septimus
1408 5088 1605 5142 dicitur
1626 5086 1756 5142 Gre-

170 5185 379 5254 gorius.
428 5183 529 5240 Hic
568 5183 833 5239 Adelbero
873 5181 1092 5251 praediis
1126 5181 1237 5236 suis
1266 5179 1552 5234 ecclesiam
1583 5177 1754 5233 sancti

173 5280 476 5335 Salvatoris
513 5277 654 5333 infra
696 5277 886 5331 urbem
929 5275 1226 5344 ampliavit,
1267 5275 1324 5327 in
1362 5288 1468 5343 qua
1503 5272 1751 5342 quiescit.

171 5371 320 5426 Obiit
363 5371 486 5426 ldus
526 5370 772 5432 Novem,
808 5375 1066 5437 regnante
1095 5365 1328 5420 Henrico
1372 5364 1608 5419 secundo
1631 5371 1752 5432 post

173 5461 480 5517 Conradum
502 5462 552 5516 δ.

247 5552 386 5609 Hinc
427 5554 495 5608 ab
537 5553 776 5608 Ecclesia
812 5549 1095 5606 Leodiensi
1137 5547 1339 5603 ascitus
1380 5547 1608 5602 domnus
1650 5544 1762 5630 He-_

248 5701 274 5730 ι
302 5688 427 5743 Sive
464 5687 932 5758 Byzantiothge
972 5685 1208 5757 Sigibert
1249 5683 1301 5738 in
1341 5682 1493 5737 annis
1524 5680 1656 5736 1004
1699 5693 1754 5737 et

179 5759 340 5818 1009.
367 5759 470 5814 An.
501 5757 631 5812 ιοιι
661 5757 909 5828 Sigibert.

1859 4652 1915 4699 et
1956 4645 2174 4699 tertium
2214 4645 2627 4709 Adelberonem,
2653 4662 2761 4700 non
2799 4647 2915 4701 sine
2957 4645 3126 4699 multo
3170 4644 3354 4699 labore
3378 4660 3444 4702 ac

1858 4736 2098 4806 periculo
2141 4753 2360 4792 suarum
2397 4752 2578 4791 rerum
2615 4737 3139 4792 exeommunicatum
3181 4735 3446 4803 deposue-

1859 4836 2004 4882 runt.
2053 4827 2188 4882 Huic
2227 4828 2507 4883 certamini
2547 4827 2693 4881 velut
2738 4826 2964 4897 signifer
3004 4827 3401 4895 imperterritus
3425 4868 3440 4892 ,

1857 4930 1912 4975 et
1955 4922 2008 4974 in
2050 4921 2193 4975 omni
2235 4920 2486 4976 conflictu
2530 4919 2828 4990 intrepidus
2870 4919 3100 4974 domnus
3140 4919 3439 4981 Adclbcro,

1856 5021 1980 5082 post
2031 5012 2444 5066 Treverensium
2503 5010 2938 5081 archiepiscopus
3001 5009 3306 5079 gloriosus,
3375 5009 3440 5063 de

1856 5103 2024 5172 gradu
2071 5102 2126 5156 in
2165 5101 2387 5171 gradum
2424 5109 2724 5170 promotus,
2767 5101 2833 5154 ab
2873 5101 2986 5169 ipsa
3031 5099 3112 5171 (ut
3139 5100 3212 5153 ita
3239 5099 3439 5172 dicam)

1854 5193 2085 5263 pueritia
2122 5207 2223 5260 pro
2253 5191 2358 5246 ﬁde
2390 5193 2657 5246 catholica
2698 5193 2754 5246 in
2792 5193 2986 5246 castris
3018 5191 3268 5246 Ecclesia:
3300 5191 3438 5246 milic

1854 5283 2018 5347 tavit,
2063 5282 2236 5336 donec
2271 5295 2338 5336 ex
2378 5280 2668 5336 schismate
2706 5280 3000 5349 troph:enm
3039 5281 3188 5348 pacis
3234 5277 3440 5336 invexit

1854 5371 2126 5426 Ecclesiae.
2920 5363 2929 5371 ’

1928 5460 2190 5516 Defuncto
2238 5468 2417 5515 autem
2464 5460 2661 5515 domno
2706 5461 2992 5530 Poppone,
3046 5461 3139 5530 qui
3188 5459 3441 5530 provisor

1855 5553 1978 5623 pius
2015 5552 2225 5607 exstitit
2267 5550 2481 5607 clericis
2522 5565 2622 5620 pro
2669 5559 2944 5620 tempore,
2991 5550 3336 5622 magniﬁcum
3375 5553 3440 5605 ct

1927 5686 1956 5727 δ
1983 5684 2200 5740 chrici
2230 5683 2292 5738 lll
2322 5682 2448 5748 ﬁlio,
2479 5681 2710 5737 Couradi
2742 5693 2952 5753 nepote.
