3920 6310
499 329 626 382 4,,71
1725 319 2038 376 ANONYMI
2073 317 2345 376 SECULI
2387 317 2518 374 VIII.
3652 340 3770 394 “73

493 444 724 501 nobilem
768 441 942 497 virum
965 481 980 504 ,
1028 454 1094 496 ex
1135 437 1426 494 Viennensi
1472 434 1938 506 archiepiscopatu
1985 449 2072 489 as-
2099 437 2150 495 Α
2176 433 2438 489 sationem
2465 435 2671 492 servitii
2697 433 2877 506 hujus,
2909 439 3033 508 jure
3061 441 3200 498 fcodi
3229 444 3301 500 ab
3331 459 3406 500 eo
3437 446 3768 509 advocatian

489 544 760 606 sumptum
819 534 1074 588 domuum
1131 530 1464 599 Stephanum
1519 527 1812 597 apostolica
1875 539 2067 579 conse-
2171 526 2376 595 recepit
2419 527 2816 598 Spinalcuscm.
2867 531 2936 586 Et
2981 526 3095 602 ipse
3129 534 3236 590 dux
3271 526 3448 593 vcha
3475 539 3642 604 vice,
3677 542 3772 596 alo-

489 637 700 685 cratum
753 625 1126 682 benedictione
1185 622 1240 676 in
1292 623 1427 676 urbe
1479 620 1718 675 Romana
1741 661 1758 686 ,
1815 619 2068 688 palliique
2167 617 2352 682 dium,
2401 619 2546 688 quod
2575 621 2718 690 apud
2746 621 2943 676 Vicum
2968 625 3240 690 habebat,
3293 628 3470 683 beato
3505 629 3770 701 Stepth

487 721 750 793 dignitate
798 720 1120 774 honoratum
1165 731 1275 770 sua:
1315 715 1440 770 vitae
1480 714 1750 770 curriculo
1793 713 2068 784 (ecclesia:
2167 705 2390 763 Μειεηεί
2425 709 2654 764 contulit
2687 711 2857 767 “bere
2892 719 2955 768 ετ
2984 717 3184 784 quiem,
3231 726 3288 772 εἴ
3331 721 3497 774 omni
3545 736 3670 778 3'0
3707 733 3767 781 υ·

489 809 835 866 Treverensis
886 808 1034 863 salvo
1083 806 1388 878 privilegio)
1429 805 1486 860 in
1537 806 1845 875 episcopum
1897 805 2068 860 susci-
2165 797 2402 852 nendum

487 899 660 971 piunt.
726 897 828 964 Qui
870 896 1123 966 quoniam
1177 895 1356 950 adhuc
1401 895 1512 950 vita
1558 893 1750 961 floret,
1806 902 1862 949 et
1903 901 2065 950 aetate
2234 884 2377 940 Idem
2422 887 2663 957 Ροηῑῖῖϐι
2703 891 3042 946 venerandus
3083 901 3328 949 castrum
3349 937 3370 959 ,
3417 899 3578 966 quod
3627 898 3766 957 Petra

487 989 651 1061 viget,
695 988 921 1043 tentatio
959 987 1115 1042 sileat
1151 986 1402 1042 elationis
1440 994 1559 1042 orta
1597 1001 1664 1042 ex
1703 994 1854 1056 peste
1880 985 2065 1040 adula-
2161 981 2437 1042 Pertusa“!
2467 988 2493 1016 ⁸
2523 976 2740 1043 (Ποίων,
2770 994 2892 1034 cum
2929 995 3070 1036 anno
3094 982 3309 1053 integro
3339 993 3402 1038 et
3427 989 3764 1058 eo-ampl‘n,

487 1081 674 1148 tionis,
712 1087 768 1136 et
797 1093 990 1151 preces
1022 1077 1320 1134 fundantur
1343 1078 1454 1132 Deo
1481 1093 1580 1148 pro
1609 1076 1864 1133 continuo
1894 1075 2066 1146 ipsius
2162 1067 2336 1122 "ibus
2377 1069 2767 1126 munitionibus
2803 1072 3062 1144 (quarum
3098 1090 3274 1144 usque
3315 1076 3497 1131 hodie
3559 1081 3765 1148 τεςιῑεξε

487 1171 686 1228 studio.
2160 1158 2445 1230 apparent)
2473 1159 2529 1214 in
2576 1161 2808 1216 circuitu
2857 1163 3080 1218 firmatis
3116 1165 3414 1222 obsidione
3449 1167 3765 1236 clausisct,

2159 1249 2376 1302 tandem
2413 1249 2672 1318 compulit
2707 1250 2776 1305 ad
2813 1251 3160 1308 deditionem.
3195 1252 3340 1308 Cum
3383 1270 3494 1326 per
3536 1269 3764 1314 castrum

1585 1399 1598 1412 ,
1623 1339 1639 1352 ’
1766 1417 1790 1418 Ὺ
2159 1339 2466 1395 Deulewart
2501 1355 2694 1411 graves
2727 1342 2778 1396 ei
2809 1341 3022 1411 injuriae
3057 1343 3220 1400 illatae
3254 1348 3474 1416 sapius
3515 1349 3764 1418 fuissent,

717 1404 808 1466 Ab
841 1422 1002 1464 anno
1035 1405 1189 1466 1120
1228 1401 1311 1462 ad
1345 1402 1500 1462 1200
1537 1401 1822 1461 05mm-
2159 1431 2376 1487 tandem
2411 1401 2741 1502 expugnavit
2777 1401 2924 1498 illud,
2959 1441 3016 1489 et
3050 1435 3106 1490 in
3133 1401 3387 1492 favillam

547 1524 756 1580 Domno
795 1521 1033 1592 Poppoui
1065 1529 1176 1576 tam
1202 1521 1636 1592 Burgundiorum
1661 1535 1824 1590 quam
1850 1519 2056 1574 Lotho-
2156 1523 2383 1593 redegit.
2438 1521 2798 1579 Nihilominus
2839 1524 3004 1579 etiam
3052 1527 3250 1581 turrim
3298 1530 3462 1598 apud
3519 1531 3764 1588 Thiewrt

477 1615 750 1684 ringorum
793 1611 1080 1668 excellenti
1125 1625 1321 1681 genere
1365 1609 1544 1666 clarus
1566 1651 1582 1675 ,
1633 1611 1727 1665 sed
1763 1611 1964 1665 virtute
1998 1617 2056 1666 et
2155 1610 2454 1684 [Thiecourt
2477 1629 2545 1667 ou
2561 1613 2904 1687 Thiaucourt]
2926 1615 3194 1671 ﬁrmatam
3213 1633 3230 1682 ;
3250 1627 3310 1672 et
3329 1629 3599 1674 castrum
3621 1623 3672 1675 in
3695 1623 3760 1677 lo-

475 1705 642 1761 animi
686 1704 966 1761 nobilitate
1009 1702 1207 1758 clarior
1244 1702 1472 1758 domnus
1517 1701 1824 1782 Stephanus
1847 1742 1862 1766 ,
1908 1717 2058 1757 anno
2154 1717 2220 1756 eo
2253 1703 2348 1773 qui
2379 1702 2607 1758 Walteri
2635 1718 2792 1759 mons
2818 1703 3138 1778 [Vatinium]
3167 1707 3387 1762 dicitur
3417 1711 3626 1776 situm,
3653 1728 3762 1782 qn:

475 1799 687 1856 Domini
717 1797 874 1861 “20,
922 1795 1172 1851 videlicet
1215 1811 1357 1850 anno
1384 1794 1591 1850 Callisti
1629 1780 1782 1864 papae
1818 1793 2056 1850 secundo
2085 1793 2133 1853 Β
2157 1794 2524 1864 episcopatum
2549 1794 2787 1864 graviter
2815 1793 3160 1861 infestabant,
3183 1799 3363 1854 diruit
3385 1815 3458 1855 ac
3481 1780 3755 1857 subvertit.

474 1889 754 1948 successit.
787 1887 886 1942 llic
907 1886 1116 1963 Callisti
1138 1901 1206 1940 ex
1228 1884 1415 1940 scrore
1437 1900 1622 1954 nepos,
1645 1900 1769 1940 cum
1795 1886 2050 1955 regaliam
2153 1882 2265 1938 Nec
2300 1891 2392 1962 est
2423 1885 2566 1940 inter
2597 1885 2804 1960 eximia
2848 1895 2999 1957 gesta
3043 1887 3163 1956 ejus
3200 1891 3595 1956 reticendum,
3633 1897 3762 1963 quod

474 1981 710 2037 nondum
733 1979 803 2034 ab
830 1977 1062 2033 Henrico
1078 1958 1277 2046 quinto
1300 1976 1393 2045 qui
1420 1984 1551 2030 tunc
1575 1975 1836 2045 temporis
1863 1990 2054 2030 arcem
2153 1973 2268 2043 ipse
2313 1958 2574 2057 tempore,
2598 1958 2850 2045 quodam
2898 1977 3034 2032 duce
3072 1980 3122 2033 ei
3163 1995 3394 2036 verram
3435 1984 3545 2055 [La
3571 1958 3756 2054 gina,

473 2073 688 2128 tenebat
713 2068 948 2140 imperii,
979 2069 1300 2139 recepisset,
1330 2069 1621 2124 schismate
1654 2069 1797 2124 inter
1825 2085 2052 2140 regnum
2154 2064 2416 2140 Verraou
2443 2065 2658 2138 Werra]
2690 2064 2976 2132 inferente,
3010 2077 3257 2124 castrum
3301 2072 3490 2141 ipsius
3531 2073 3750 2146 νήθη

471 2171 527 2220 et
561 2162 923 2219 sacerdotium
955 2159 1132 2216 adhuc
1159 2159 1418 2227 durante',
1457 2160 1512 2215 in
1549 2161 1686 2216 urbe
1713 2161 1956 2216 Romana
1981 2161 2054 2218 ab
2151 2155 2564 2226 magnanimiter
2583 2157 2818 2222 Obsedit,
2852 2157 3090 2229 illudque
3117 2161 3298 2246 muris
3317 2161 3756 2248 jam-perforata

469 2260 659 2318 eodem
706 2259 962 2330 pontifice
1011 2273 1222 2314 summo
1269 2264 1618 2313 consecratus
1665 2263 1748 2312 est
1773 2297 1788 2322 ,
1839 2263 1894 2312 et
1939 2265 2048 2311 tam
2151 2249 2516 2307 indubitanter
2563 2253 2826 2322 cepisset,
2869 2253 2976 2310 nisi
3011 2255 3306 2312 victoriam
3332 2257 3460 2326 jam
3496 2269 3752 2328 paratam,

471 2349 619 2421 pallii
669 2348 934 2420 dignitate
975 2363 1140 2418 quam
1186 2345 1477 2402 cardinalis
1525 2346 1682 2402 titulo
1733 2347 2050 2402 honoratus.
2142 2339 2365 2412 iamque
2404 2342 2796 2409 imminentem,
2833 2343 3148 2413 impedisset
3181 2343 3362 2400 frater
3399 2364 3537 2403 suus
3577 2365 3755 2405 comes

471 2441 568 2498 Hic
600 2457 632 2496 a
665 2441 886 2496 civitate
924 2439 1148 2495 Metensi
1187 2438 1406 2494 biennio
1441 2437 1598 2494 eteo
1634 2437 1863 2508 amplius
1899 2437 2049 2508 (quia
2150 2433 2451 2491 Barrensis.
2475 2435 2638 2506 Cujus
2659 2444 2810 2508 gesta
2827 2437 3025 2510 inclyta
3046 2447 3101 2495 et
3120 2441 3425 2498 annalibus
3443 2444 3752 2515 dignam.

467 2533 862 2605 prmntcmorati
912 2528 1175 2602 principis
1219 2531 1454 2601 gratiam
1501 2529 1728 2584 necdum
1777 2527 2046 2598 habebat)
2151 2542 2382 2594 merare,
2416 2536 2472 2582 et
2501 2529 2696 2584 litteris
2729 2530 3000 2599 explicare
3035 2533 3082 2586 si
3114 2531 3342 2600 vellem,
3372 2545 3500 2590 ante
3524 2539 3752 2605 quidem

467 2625 735 2691 exclusus,
765 2626 974 2694 primos
999 2623 1218 2678 ordines
1245 2623 1300 2678 in
1326 2623 1448 2676 loco
1475 2621 1566 2694 qui
1595 2619 1770 2675 sancti
1801 2619 2050 2685 Quintini
2149 2619 2462 2673 membrana
2491 2618 2745 2674 deﬁceret
2772 2635 2932 2689 quam
2963 2623 3216 2678 materia.

467 2730 620 2771 mons
647 2715 865 2778 dicitur,
895 2713 1218 2776 celebravit;
1265 2719 1320 2767 et
1347 2727 1538 2768 omnes
1562 2719 1743 2766 curtes
1768 2710 2050 2781 episcopa-
2219 2707 2352 2764 Cum
2385 2709 2540 2764 annis
2577 2709 2646 2764 14
2683 2711 2785 2766 sub
2831 2713 3143 2782 apostolicis
3178 2714 3427 2780 Callisto,
3458 2715 3736 2784 Honorio,

423 2800 432 2807 ’
467 2815 612 2862 tusa
637 2804 907 2877 tyrannis,
947 2805 1062 2859 solo
1099 2803 1419 2858 Rumuliaco
1453 2810 1699 2870 excepto,
1731 2810 2044 2870 occupatas,
2147 2803 2456 2858 Innocentio
2477 2844 2492 2869 ,
2533 2803 2852 2870 Caelestino,
2886 2805 3080 2870 Lucio,
3115 2806 3398 2877 Eugenio,
3431 2807 3738 2866 Anastasio.

466 2898 650 2953 fratris
676 2898 758 2952 sui
785 2897 1000 2953 comitis
1024 2895 1306 2950 Bar‘rensis
1331 2894 1667 2965 aliorumque
1692 2903 2045 2965 cognatorum
2146 2892 2402 2957 Adriano,
2442 2894 2542 2949 sub
2579 2895 2917 2965 principibus
2953 2895 3218 2950 Romanis
3257 2897 3504 2952 Henrico
3537 2899 3608 2960 ν,
3643 2898 3738 2952 lo-

917 1281 1321 1343 APPENDIX
1363 1280 1642 1352 PRIMA,

356 2972 368 2984 ’
467 2996 520 3044 et
542 2988 838 3043 amicorum
865 3000 1084 3041 suorum
1121 2983 1297 3041 ﬂetus
1335 2984 1557 3052 auxilio,
1597 2985 1878 3042 celeritate
1909 2988 2042 3042 mira
2145 2985 2342 3050 thario,
2365 2984 2642 3051 Conrado,
2669 2986 2960 3042 Frederico
2979 2972 3238 3051 sedisset,
3271 3003 3332 3042 ιν
3357 2975 3634 3043 Kalendas
3655 2988 3738 3044 Ja-

2145 3077 2320 3132 nuarii
2336 3116 2352 3142 ,
2380 3078 2537 3133 annis
2559 3086 2613 3133 et
2645 3078 2852 3133 meritis
2874 3077 3068 3147 plenus
3085 3118 3100 3142 ,
3131 3087 3188 3134 et
3211 3079 3268 3132 i‘n
3289 3080 3596 3134 schismate
3619 3081 3732 3132 Ale-

530 3169 679 3226 ldem
722 3170 777 3224 in
819 3169 934 3240 ipsa
977 3169 1336 3239 promotionis
1375 3185 1486 3226 sua:
1523 3171 1763 3232 recentia
1804 3179 2044 3226 castrum
2070 3161 2116 3223 Ο
2147 3166 2339 3220 xandri
2389 3175 2446 3221 et
2490 3167 2759 3231 Victoris,
2807 3167 2951 3236 quod
2993 3167 3316 3222 ίιιθιιοεηυω
3365 3168 3490 3236 iam
3535 3169 3735 3230 Ῑυεηι.

472 3259 627 3325 l‘erli,
656 3259 800 3330 quod
827 3260 1128 3314 viatoribus
1153 3274 1251 3330 per
1281 3260 1396 3315 illas
1433 3262 1836 3317 transeuntibus
1863 3269 2046 3331 partes
2147 3256 2444 3314 catholicus
2463 3258 2576 3327 jam
2602 3259 2855 3330 migravit
2875 3259 2946 3313 ad
2973 3259 3260 3314 Dominum
3281 3301 3296 3323 ,
3325 3268 3384 3314 et
3404 3259 3568 3328 juxta
3595 3260 3748 3316 chori

464 3348 615 3404 valde
643 3357 762 3403 erat
783 3349 1174 3418 perniciosum;
1222 3359 1568 3419 castrumque
1597 3350 1760 3405 Ducis
1786 3351 1927 3419 apud
1955 3351 2046 3404 Vi-
2145 3349 2452 3422 [Stephani]
2489 3351 2776 3406 introitum
2813 3351 2868 3405 in
2891 3351 3110 3407 dextera
3155 3352 3332 3422 ipsius
3361 3343 3528 3422 parte
3557 3357 3740 3410 meruit

463 3453 612 3504 cum;
663 3445 719 3493 et
762 3437 1114 3492 munitionem
1141 3437 1285 3491 inter
1313 3437 1502 3492 Vicum
1547 3445 1603 3493 et
1645 3437 1951 3494 Marsallam
1991 3440 2046 3494 in
2145 3441 2382 3511 sepeliri.

463 3535 580 3585 loco
616 3530 859 3600 pallustri
900 3530 1100 3594 sitam;
1147 3526 1416 3600 simulque
1452 3539 1694 3585 castrum
1731 3533 1946 3586 comitis
1978 3531 2046 3586 de
2217 3530 2354 3586 Huic
2383 3547 2472 3588 an.
2513 3531 2726 3586 Domini
2751 3531 2890 3586 “6'4
2914 3535 3178 3589 successit
3196 3534 3464 3594 dominus
3493 3536 3740 3594 Their-ti-

464 3622 784 3688 Hoemborc,
813 3623 958 3692 quod
993 3620 1248 3677 Marsallo
1276 3621 1584 3694 adhaerens,
1611 3622 1710 3676 toti
1739 3621 1878 3676 villa:
1916 3637 2045 3677 one-
2145 3637 2262 3687 eus,
2307 3620 2494 3677 fratris
2527 3623 2610 3678 sui
2643 3623 2858 3679 comitis
2889 3622 3172 3680 Barrensis
3207 3626 3556 3700 [Reginaldi]
3587 3630 3734 3691 ﬁlius.

465 3732 645 3771 rosum
672 3716 1099 3783 damuosumque
1124 3714 1215 3767 diu
1244 3713 1560 3779 exstiterat,
1597 3713 1653 3768 in
1681 3728 1845 3769 manu
1868 3713 2046 3770 valida
2145 3727 2272 3768 vere
2299 3713 2350 3768 ei
2377 3721 2486 3768 tam
2518 3707 2760 3768 moribus
2781 3729 2944 3782 quam
2969 3716 3231 3784 sanguine
3253 3719 3628 3788 propinquus.
3665 3719 3742 3774 Illi

462 3805 731 3860 destruxit
757 3811 812 3857 et
833 3802 1215 3872 complanavit.
2145 3803 2448 3859 sollicitudo
2481 3819 2689 3859 summa
2722 3811 2777 3858 et
2799 3819 2928 3859 cura
2965 3805 3215 3874 specialis
3248 3807 3536 3874 haec-fuit,
3569 3820 3628 3864 ut
3647 3811 3738 3864 sub

531 3892 794 3945 Processu
823 3891 1082 3960 temporis
1109 3891 1284 3962 gratia
1310 3891 1573 3962 imperiali
1603 3893 1706 3948 sibi
1733 3895 2042 3962 conciliata,
2145 3895 2264 3964 ipso
2306 3904 2454 3950 metu
2497 3894 2721 3963 justitize
2761 3904 2871 3950 tam
2911 3897 3222 3966 pmdonum
3263 3915 3440 3968 quam
3473 3901 3736 3956 latmnu

467 3077 825 3148 recuperavit.

463 3981 530 4036 de
555 3979 756 4034 virtute
800 3980 853 4033 in
891 3980 1150 4035 virtutem
1193 3979 1312 4035 sine
1351 3980 1749 4036 intermissione
1788 3998 2046 4038 conscen-

406 4061 430 4086 ⁸
463 4073 612 4134 deus,
645 4079 882 4126 castrum
910 4071 1055 4140 quod
1083 4071 1591 4127 Ramberti-Villare
1618 4073 1834 4140 dicitur,
1864 4074 2048 4130 firma-

461 4167 570 4232 vit;
610 4174 955 4234 castrumque
993 4164 1174 4219 nobile
1220 4164 1539 4232 Lucelborc,
1576 4167 1722 4235 quod
1761 4167 1829 4222 ad
1870 4168 2047 4237 ipsum

462 4266 579 4326 lure
606 4255 945 4311 haareditario
973 4255 1346 4315 descenderat.
1380 4257 1542 4312 beato
1567 4259 1796 4314 contulit
1821 4260 2048 4330 Stepha-

2145 3996 2488 4044 coerceretur
2533 3989 2777 4054 audacia,
2823 3995 3048 4058 tutaque
3087 3997 3234 4045 esset
3269 3991 3422 4046 inter
3471 3995 3732 4064 impunita

2144 4077 2490 4144 innocentia;
2522 4087 2577 4133 et
2602 4078 2692 4133 ubi
2725 4079 2925 4134 malitia
2947 4080 3211 4135 dominari
3233 4077 3631 4146 consueverat,
3663 4101 3736 4138 rr-

2145 4166 2452 4224 frenaretur
2480 4169 2808 4241 malignandi
2831 4161 3073 4226 facultas.
3111 4171 3212 4226 llic
3245 4174 3372 4241 paci
3393 4183 3456 4230 et
3487 4176 3738 4246 tranquil-

2145 4255 2284 4311 litati
2313 4258 2692 4322 ecclesiarum,
2718 4259 3066 4328 omniumque
3089 4259 3194 4315 sibi
3217 4263 3570 4318 creditorum
3597 4281 3738 4321 colt-

463 4363 564 4412 no;
604 4355 661 4402 et
690 4354 926 4401 castrum
955 4345 1258 4402 Hoemborc
1289 4347 1642 4421 [Hombourg]
1672 4347 1796 4417 jure
1831 4351 1900 4405 ab
1930 4351 2045 4420 ipso
2145 4347 2494 4404 moditatibus
2513 4362 2577 4404 ea
2598 4347 2833 4418 providit
2855 4348 3152 4420 diligentia,
3183 4359 3246 4405 ut
3269 4366 3402 4408 eum
3429 4357 3618 4419 miles,
3637 4357 3740 4411 de»

462 4435 654 4491 feodaii
683 4433 1036 4499 descendens,
1083 4442 1206 4504 post
1230 4436 1523 4492 decessum
1562 4440 1778 4494 comitis
1807 4440 2046 4512 llugonis
2146 4453 2240 4492 rus
2265 4445 2322 4492 et
2345 4438 2595 4508 populus,
2628 4447 2944 4494 vererentur
2965 4447 3026 4495 ut
3049 4441 3327 4496 dominum
3351 4453 3410 4498 et
3437 4455 3506 4500 ut
3536 4458 3746 4518 patrem

462 4540 494 4578 a
535 4524 672 4579 duce
712 4523 1074 4594 Lothoriugize
1117 4533 1436 4594 occupatum
1459 4567 1476 4593 ,
1535 4529 1736 4582 domini
1782 4529 2045 4586 Friderici
2071 4527 2126 4590 υ
2147 4529 2450 4600 diligerent.
2481 4528 2580 4585 llic
2605 4530 2762 4584 malis
2788 4539 2842 4585 et
2869 4525 3204 4590 necumeutis
3224 4549 3350 4604 quae
3376 4551 3487 4606 per
3502 4548 3738 4594 castrum

461 4614 632 4684 patris
659 4611 857 4668 auxilio
885 4612 988 4667 sibi
1029 4621 1086 4668 et
1112 4615 1344 4685 posteris
1372 4617 1485 4672 suis
1513 4619 1797 4688 acquisivit
1817 4660 1832 4686 ,
1877 4621 2046 4676 libere
2145 4619 2556 4692 Habundanges,
2576 4622 2620 4676 si
2641 4622 2778 4678 alius
2797 4623 2919 4692 quis
2941 4625 3104 4681 homo
3124 4633 3316 4695 poteris
3348 4629 3592 4698 adeptus
3613 4633 3740 4687 illud

460 4702 607 4757 omni
632 4717 747 4756 arvo
775 4703 1096 4768 tenendum;
1143 4705 1430 4774 acquisivit
1468 4709 1630 4762 etiam
1659 4709 1800 4776 sibi,
1847 4719 1903 4764 et
1937 4727 2048 4767 suae
2145 4709 2354 4776 fuisset,
2393 4711 2723 4781 episcopatui
2754 4713 2994 4782 quotidie
3015 4724 3236 4784 possent
3265 4716 3488 4785 inferri,
3527 4725 3750 4790 provide

458 4801 722 4865 perpetuo
747 4794 991 4850 ecclesiae
1017 4804 1256 4851 castrum
1283 4799 1516 4867 Viviers,
1560 4809 1616 4854 et
1645 4809 1854 4870 partem
1885 4803 2048 4858 Ducis

460 4885 527 4938 de
555 4883 822 4939 Leinburc
846 4886 900 4940 in
921 4893 1102 4940 castro
1124 4886 1324 4956 Rucey,
1347 4903 1470 4944 cum
1499 4891 1765 4946 universis
1793 4894 2050 4962 appendi-

463 4977 580 5030 ciis.
617 4975 868 5032 Castrum
895 4993 1110 5048 quoque
1139 4977 1382 5046 Mirabcl,
1414 4991 1469 5036 et
1497 4982 2040 5051 Falconis—Montcm;

464 5063 782 5120 rebelliones
808 5066 1066 5121 Danubrii
1107 5075 1164 5122 et
1202 5067 1614 5138 Asperimontis,
1659 5073 1888 5129 firmatis
1917 5083 2046 5130 ante

459 5151 579 5223 ipsa
607 5162 788 5208 castra
825 5156 1232 5222 munitionibus,
1264 5159 1494 5215 viriliter
1519 5161 1844 5230 perdomuit.
1887 5163 2044 5234 Apud

464 5239 651 5312 Spinal
689 5243 882 5297 turrim
924 5261 1044 5315 quae
1087 5245 1322 5302 Maronis
1350 5247 1570 5315 dicitur,
1601 5265 1631 5304 a
1653 5250 1790 5306 duce
1813 5267 2046 5322 occupa-

466 5345 596 5398 tam,
623 5335 822 5390 virtute
852 5338 1055 5408 recepit
1079 5341 1318 5410 potenti;
1359 5349 1412 5397 et
1445 5343 1613 5399 multo
1639 5353 1762 5413 post
1803 5354 2044 5416 tempore

463 5433 702 5480 castrum
730 5427 976 5496 superius
1003 5440 1224 5500 propter
1246 5432 1610 5498 insolentiam,
1642 5444 1698 5490 et
1723 5436 2050 5493 immodera-

462 5523 549 5570 tos
573 5530 827 5571 excessus
855 5517 1131 5582 advocati,
1159 5519 1380 5588 iuvante
1410 5524 1583 5594 ipsum
1611 5527 1746 5582 duce
1776 5528 2044 5596 Matthmo,

463 5607 742 5662 obsidione
778 5606 972 5662 clausit
1002 5611 1242 5680 etcepit.
1271 5612 1339 5666 Et
1369 5624 1492 5670 tunc
1519 5615 1626 5671 dux
1656 5617 1709 5672 in
1741 5634 2049 5690 recompen-

2146 4810 2201 4856 et
2237 4801 2465 4856 solerter
2493 4817 2806 4867 occurrens,
2845 4803 2949 4858 sibi
2981 4819 3046 4859 ac
3081 4805 3194 4860 suis
3236 4806 3424 4876 ipsum
3455 4813 3753 4882 acquisivit

2146 4891 2570 4954 successoribus,
2601 4891 2926 4960 domumque
2951 4893 3026 4947 ibi
3048 4893 3338 4950 mdilieavit
3365 4903 3684 4971 egregiam.

2216 4979 2516 5049 Acquisivit
2543 4980 2890 5036 nihilominus
2924 4983 3026 5037 sibi
3055 4991 3110 5037 et
3137 4986 3376 5054 posteris
3408 4991 3534 5046 suis
3562 4992 3750 5047 Wcrs-

2148 5083 2430 5138 mnesperc
2480 5077 2536 5124 et
2577 5069 3035 5134 Radenis-villam,
3077 5072 3293 5145 [ΕΜ-ιθ,
3341 5076 3614 5154 Racilia].
3649 5081 3754 5138 Ca-

2150 5167 2322 5214 strum
2349 5158 2598 5215 Conﬂaus
2627 5158 2900 5232 [Conﬂans
2917 5177 2985 5218 en
3011 5161 3250 5238 Jarnisy]
3279 5165 3348 5220 de
3377 5167 3552 5226 ﬁrmo
3573 5173 3754 5227 reddi-

2153 5249 2232 5306 dit
2256 5251 2486 5315 lirmius,
2511 5250 2792 5321 ipsumque
2825 5254 3024 5322 palatio
3057 5255 3218 5310 nobili
3253 5257 3568 5316 decoravit.
3607 5264 3750 5318 Idea

2149 5341 2508 5398 cardinalibus
2534 5341 2810 5399 Octaviani
2841 5345 3213 5403 haeresiarchas
3237 5349 3530 5406 civitatem
3553 5353 3754 5409 hleta-

2150 5449 2264 5490 sem
2286 5448 2410 5488 cum
2431 5435 2617 5489 nuntio
2645 5434 2984 5504 imperatoris
3007 5439 3140 5493 satis
3168 5455 3438 5510 pompose
3457 5444 3750 5516 iugi-ess.

2147 5531 2206 5578 et
2251 5523 2454 5599 clerum
2506 5525 2816 5581 universum
2853 5527 2922 5582 ad
2965 5537 3366 5591 sacramentum
3415 5534 3750 5590 obediezxti:

2151 5619 2290 5676 idolo
2317 5635 2414 5674 suo
2446 5621 2806 5690 praestandum
2830 5635 3020 5692 cogere
3045 5621 3372 5689 volentibus,
3413 5626 3658 5686 viriliter
3691 5626 3760 5684 in.

536 5731 562 5758 ι
609 5717 700 5774 γει
741 5719 899 5775 Petra
938 5730 1169 5792 pertuso,
1215 5721 1634 5815 Pierrc-pcrcée.
1675 5729 1706 5780 ὰ
1749 5727 1948 5784 Γονὶίήι
1985 5729 2049 5783 de
2082 5728 2436 5804 Badonriller.
