3920 6310
151 346 267 410 1178

1119 334 1504 392 (ῖιιιιοκιεοκ
1557 331 1765 388 EPISC.
1811 310 2228 387 METENSIUM.

3221 327 3360 386 1471

151 461 264 520 facie
289 458 483 524 restitit,
526 457 776 528 ipsosque
811 453 1010 510 infecto
1038 467 1263 523 prorsus
1289 456 1508 521 propter
1532 446 1674 517 quod
1700 449 1750 508 Α
1777 445 2100 501 omnimodis
2117 441 2621 510 commendabilem,
2644 451 2698 498 et
2723 451 2832 498 tam
2851 443 3045 499 divina:
3069 459 3231 516 quam
3261 443 3364 503 hu-

151 558 365 610 venerant
385 549 616 620 negotio,
639 561 761 602 cum
783 546 988 616 pudore
1007 552 1064 598 et
1080 541 1394 600 confusione
1413 538 1680 596 omnimo-

147 644 202 698 da
221 642 328 697 fecit
345 639 606 695 recedere.
635 638 714 692 Ex
738 654 846 707 quo
871 635 989 704 ejus
1019 634 1160 689 facto
1197 631 1543 703 quamplures
1573 629 1678 685 im-

145 735 258 804 perii
289 733 517 788 civitates
560 730 874 786 mmulandre
912 728 1160 793 virtutis,
1195 740 1395 794 eosque
1432 723 1685 780 similiter

144 823 505 886 contemnendi,
531 830 586 876 et
606 821 911 892 exemplum
935 826 1276 890 sumpserunt
1296 825 1351 872 et
1379 816 1679 871 audaciam.

205 915 334 969 Sedit
367 913 578 968 annis9
601 920 656 966 et
684 911 714 964 7
745 912 1020 966 mensibus
1053 910 1155 964 sub
1186 907 1441 977 pontiﬁce
1472 919 1684 961 summo

142 1007 408 1062 Alexandro
431 1005 514 1070 111,
540 1006 835 1074 imperante
854 1003 1161 1069 Friderico;
1199 1010 1254 1057 et
1284 1009 1506 1071 propter
1536 999 1683 1070 peri-

140 1101 246 1156 cula
281 1115 386 1169 qua:
415 1113 479 1153 ex
507 1099 799 1154 schismate
833 1097 1010 1153 adhuc
1047 1097 1276 1152 durante
1311 1094 1683 1157 imminebant,

139 1191 200 1246 ad
214 1191 476 1247 sacerdotii
500 1189 724 1260 gradum
749 1197 804 1244 et
825 1189 1284 1245 consecrationem
1325 1186 1684 1258 pontiﬁcalem

137 1283 467 1338 conscendere
489 1281 710 1344 veritus,
743 1279 950 1336 electus
976 1288 1185 1335 tantum
1212 1286 1268 1334 et
1298 1279 1459 1334 levita
1476 1319 1490 1342 ,
1526 1277 1688 1332 tertio

135 1374 248 1428 ldus
277 1373 510 1445 Augusti,
551 1373 690 1427 inter
713 1381 791 1427 tot
815 1373 958 1427 illius
983 1373 1163 1443 magni
1188 1371 1498 1428 schismatis
1521 1370 1689 1426 turbi-

135 1480 226 1520 nes
247 1455 566 1536 etprocellas
586 1471 739 1518 scuto
763 1473 1004 1518 armatus
1025 1463 1170 1528 ﬁdei,
1195 1461 1491 1518 catholicus
1507 1461 1690 1516 deces-

133 1557 220 1613 sit.
255 1554 404 1625 Cujus
423 1556 816 1626 sarcophagum
842 1571 872 1610 a
900 1555 1082 1611 domui
1107 1555 1373 1625 Stephani
1399 1555 1692 1625 praedeces-

134 1645 264 1701 soris
282 1646 355 1701 sui
380 1653 434 1699 et
465 1646 647 1714 palmi
671 1645 946 1716 sepultura
968 1646 1121 1701 chori
1145 1653 1358 1700 tantum
1387 1645 1580 1700 dividit
1609 1644 1692 1699 in-

1777 551 1953 591 mana:
1979 535 2113 606 legis
2135 535 2369 604 peritum
2404 535 2639 605 egregie.
2661 533 2938 590 Senserat
2971 543 3026 590 et
3062 529 3198 606 ipse,
3235 551 3364 596 cum

1779 626 2088 683 Bremensis
2121 634 2264 681 esset
2297 625 2533 689 electus,
2575 624 2866 679 Alexandri
2903 625 2966 680 111
2999 627 3364 694 severitatem,

1779 717 1896 787 ejus
1917 732 2130 788 quoque
2159 717 2421 772 electione
2450 718 2550 772 sub
2573 733 2749 772 causa:
2775 715 2934 785 hujus
2965 726 3225 788 przetextu
3255 735 3370 776 cas-

1781 820 1896 866 sata
1917 811 1986 865 ab
2009 809 2122 875 illo,
2146 809 2273 880 quia
2297 807 2473 864 fuerat
2493 809 2632 864 infra
2655 809 2873 864 ordines
2893 808 3185 864 celebrata.
3215 811 3368 878 Quod

1781 901 1952 970 magis
1973 900 2026 954 in
2049 900 2231 954 odium
2257 899 2517 953 Friderici
2542 897 2902 969 imperatoris,
2924 898 3012 956 cui
3039 899 3154 968 ipse
3175 901 3372 956 charus

1783 991 2084 1046 admodum
2111 1000 2164 1045 et
2217 989 2502 1045 familiaris
2545 999 2694 1055 erat,
2734 1006 2896 1060 quam
2933 1006 3118 1045 amore
3147 991 3374 1060 iustitiae

1785 1079 1986 1135 factum
2023 1081 2235 1151 publice
2272 1079 2414 1135 fama
2453 1081 2800 1150 prmdicabat.
2843 1080 2950 1136 Sed
2975 1079 3102 1135 l‘elix
3132 1082 3185 1136 in
3214 1083 3374 1138 ruina

1785 1188 1904 1242 quae
1943 1181 2226 1243 reparatur
2265 1173 2318 1227 in
2357 1173 2571 1228 melius.
2613 1173 2822 1228 Cecidit
2851 1173 2925 1229 ibi
2964 1182 3023 1228 ut
3057 1174 3253 1230 fortior
3287 1190 3377 1233 re-

1785 1273 2051 1334 surgeret.
2089 1265 2276 1319 Divina
2311 1265 2566 1320 nimirum
2601 1266 2706 1319 huc
2733 1279 2857 1320 eum
2888 1265 3060 1321 voluit
3089 1267 3375 1324 transferri

1787 1356 2073 1420 ordinatio,
2114 1365 2174 1410 ut
2210 1357 2299 1412 hic
2336 1356 2567 1428 amplius
2597 1356 2886 1426 proﬁceret
2919 1363 2975 1412 et
3012 1356 3245 1414 fructum
3284 1360 3380 1416 ha-

1787 1446 1938 1501 beret
1977 1447 2304 1501 uberiorem.

1858 1540 1986 1609 Ejus
2031 1541 2214 1612 itaque
2251 1540 2388 1611 apud
2427 1555 2528 1596 nos
2565 1542 2871 1598 rudimenta
2910 1549 2966 1596 et
2999 1555 3164 1611 opera
3201 1541 3376 1611 prima

1789 1633 1907 1688 lucc
1942 1631 2182 1687 fuerunt.
2235 1633 2433 1689 Vincas
2469 1648 2596 1688 suas
2633 1632 2746 1689 fere
2783 1647 2970 1688 omnes
3019 1630 3381 1690 creditoribus

134 1737 331 1802 troitus,
355 1745 413 1793 ut
431 1753 567 1808 quos
592 1753 748 1794 amor
774 1745 829 1794 et
857 1739 1076 1809 sanguis
1103 1737 1156 1792 in
1182 1738 1292 1793 vita
1313 1737 1687 1807 conjunxerat,
1723 1804 1760 1809 _
1791 1739 1823 1778 a
1846 1739 1948 1780 suo
1982 1726 2381 1794 praedecessore
2407 1727 2703 1796 expositas,
2721 1726 2881 1781 citius
2901 1726 3116 1796 quidem
3155 1735 3210 1782 et
3255 1722 3384 1781 faci-

132 1830 327 1885 modica
345 1839 396 1885 et
417 1830 471 1885 in
500 1837 674 1886 morte
697 1839 912 1900 separet
938 1831 1178 1886 locorum
1201 1831 1477 1886 distantia.

201 1921 292 1978 Hic
313 1922 576 1978 communi
597 1921 917 1977 clericorum
939 1923 1225 1989 electione,
1252 1931 1308 1979 et
1329 1931 1441 1978 tam
1461 1923 1693 1978 militum

131 2028 287 2082 quam
305 2013 494 2068 civium
520 2013 802 2083 applausu,
834 2027 1198 2069 successorem
1237 2015 1425 2070 habuit
1460 2015 1695 2070 nobilem

132 2104 298 2158 virum
317 2111 367 2158 et
393 2111 648 2172 perpetua
669 2105 890 2171 dignum
911 2104 1194 2169 memoria,
1222 2103 1478 2160 dom'num
1517 2103 1702 2159 Fride-

131 2191 296 2246 ricum
324 2193 386 2248 de
415 2191 648 2262 Plujosa.
689 2193 790 2250 llic
815 2197 974 2251 beato
1007 2194 1280 2265 Stephano
1302 2196 1511 2268 Anerey
1549 2209 1574 2238 ο
1603 2213 1695 2251 ac-

127 2282 340 2353 quisivit
373 2297 388 2336 :
419 2284 506 2337 cui
549 2291 658 2338 tam
695 2292 854 2340 aetate
893 2286 1165 2356 decrepita
1208 2301 1371 2356 quam
1415 2285 1698 2341 incurabili

125 2374 434 2443 aegritudine
456 2375 746 2440 laboranti,
782 2376 876 2432 sed
903 2393 1178 2448 nunquam
1197 2378 1410 2434 virilem
1435 2379 1696 2444 animum,

125 2479 392 2534 nunquam
406 2465 811 2533 liberalitatem,
833 2482 1105 2538 nunquam
1131 2467 1514 2536 curialitatem,
1541 2470 1626 2524 cui
1667 2485 1700 2525 a

125 2553 397 2609 cunabulis
436 2555 798 2624 deservierat,
846 2557 1156 2628 deponenti,
1198 2559 1400 2628 optime
1427 2559 1607 2614 divina
1645 2559 1699 2614 in

124 2643 230 2698 hoc
253 2643 476 2714 providit
497 2645 792 2712 miseratio,
817 2647 962 2717 quod
982 2647 1096 2718 ipse
1116 2663 1242 2702 suas
1263 2656 1319 2703 et
1346 2648 1701 2704 ecclesiarum

122 2734 231 2790 sibi
258 2735 658 2791 commissarum
685 2744 981 2806 potestates
1018 2737 1092 2792 ita
1119 2739 1464 2793 conservavit
1495 2738 1703 2794 indem-

123 2842 245 2893 nes,
267 2837 322 2881 ut
347 2827 549 2897 nullam
566 2829 678 2884 sub
709 2829 970 2900 regimine
997 2829 1116 2900 ejus
1146 2830 1556 2887 diminutionem
1582 2831 1703 2886 nul-

121 2919 340 2990 lumque
359 2921 582 2990 prorsus
607 2920 991 2976 detrimentum
1012 2922 1293 2976 sentirent.
1332 2921 1432 2978 llic
1452 2937 1576 2977 cum
1600 2923 1702 2978 sub

117 3017 530 3080 praememorato
555 3009 811 3082 pontiﬁce
837 3026 1048 3067 summo
1071 3011 1393 3078 Alexandro,
1429 3012 1704 3070 Friderico

117 3100 438 3170 imperante,
473 3100 678 3156 electus
707 3110 916 3156 tantum
948 3111 1004 3158 et
1036 3102 1197 3158 levita
1225 3113 1446 3174 propter
1478 3102 1702 3175 praefata

119 3192 434 3248 schismatis
460 3192 728 3262 pericula.
748 3193 977 3250 'duobus
1004 3194 1162 3250 annis
1208 3203 1264 3249 et
1289 3195 1515 3251 totidem
1547 3209 1702 3250 men-

115 3284 276 3341 sibus
294 3285 538 3352 sedisset,
560 3301 593 3339 v
612 3285 732 3340 Kal.
761 3284 1010 3342 Octobris
1034 3286 1332 3343 catholicus
1360 3287 1614 3358 migravit
1637 3286 1705 3342 ad

115 3375 430 3434 Dominum.
475 3377 728 3447 Sepultus
753 3386 837 3434 est
860 3388 1039 3434 autem
1063 3379 1116 3434 in
1146 3381 1386 3436 oratorio
1412 3381 1556 3450 quod
1583 3395 1708 3435 san-

113 3467 202 3525 cti
229 3467 366 3524 Galli
397 3469 612 3534 dicitur,
651 3478 778 3526 ante
813 3471 986 3524 altare
1025 3471 1188 3541 (sicut
1219 3471 1333 3542 ipse
1366 3473 1421 3526 in
1451 3471 1709 3527 extremis

114 3558 631 3628 agensexpetierat)
654 3559 798 3614 beati
819 3557 1043 3615 Joannis
1063 3561 1423 3632 evangelista}.

198 3647 467 3704 Successit
488 3649 614 3704 huic
632 3649 778 3705 ﬁlius
797 3650 950 3706 ducis
967 3649 1327 3720 Lotboringize
1345 3647 1711 3706 Theodericus

113 3738 602 3810 quinquagesimus
624 3740 867 3809 quintus,
897 3739 1052 3809 cujus
1083 3749 1238 3810 pater
1265 3740 1372 3795 dux
1408 3739 1706 3807 Matthteus,

56 3843 72 3858 ε
113 3829 307 3884 statim
352 3837 476 3898 post
523 3828 618 3884 ﬁlii
670 3829 1216 3894 inthronizationem,
1263 3837 1502 3885 castrum
1551 3845 1709 3885 suum

113 3918 334 3974 Surkes
361 3919 412 3983 ι’,
437 3918 580 3989 quod
605 3916 730 3986 jure
758 3918 936 3976 allodii
967 3921 1218 3985 tenebat,
1249 3920 1412 3975 beato
1439 3918 1714 3990 Stephano

111 4009 352 4064 Mctensi
381 4008 522 4064 facta
546 4009 858 4087 solemniter
883 4025 1044 4080 super
1069 4011 1237 4066 altare
1261 4009 1550 4066 donatione
1583 4024 1712 4066 con-

111 4099 268 4164 tulit,
296 4106 354 4153 et
376 4098 750 4172 Spinalensem
783 4099 1139 4164 advocatiam,
1179 4115 1341 4168 quam
1376 4099 1426 4155 ei
1463 4100 1714 4156 dominus

109 4178 439 4259 Stephanus
469 4189 793 4254 contulerat,
816 4188 870 4242 in
891 4187 1132 4256 ejusdem
1167 4189 1264 4243 ﬁlii
1303 4205 1522 4244 manum
1557 4189 1716 4258 depo-

105 4281 252 4345 suit,
293 4289 351 4335 et
383 4281 599 4350 penitus
635 4278 883 4351 vverpivit
910 4289 956 4332 ε.
990 4277 1092 4334 Hic
1113 4278 1304 4334 turrim
1330 4280 1384 4333 in
1414 4277 1592 4334 medio
1629 4294 1716 4334 ca-

1725 3148 1776 3214 (Ξ

1722 1804 1768 1866 Β
1794 1819 1902 1874 lius
1936 1835 2096 1890 quam
2135 1819 2280 1874 credi
2320 1827 2414 1873 aut
2449 1819 2656 1890 sperari
2691 1828 2904 1890 posset,
2943 1819 3011 1874 ad
3063 1834 3281 1874 manum
3327 1826 3385 1874 et

1795 1926 2036 1965 mensam
2075 1925 2227 1965 suam
2266 1911 2572 1974 revocavit,
2612 1919 2668 1964 et
2705 1910 2902 1965 curtim
2952 1909 3382 1965 Archansiacum

1795 2005 2075 2078 [Ar'gansy,
2110 2022 2178 2060 ou
2203 2004 2457 2076 Algancy]
2483 2019 2583 2074 pro
2609 2005 2716 2060 700
2737 2005 2890 2060 libris
2917 2006 2986 2060 ab
3007 2005 3200 2060 eodem
3248 2019 3388 2075 prm-

1797 2098 2080 2154 decessore
2105 2114 2204 2154 suo
2224 2097 2409 2153 comiti
2437 2097 2505 2153 de
2535 2097 2780 2152 Dasburc
2811 2097 3251 2169 oppigneratam,
3287 2110 3387 2166 per

1790 2187 2060 2258 justitiam
2095 2187 2430 2258 imperialem
2476 2196 2530 2242 et
2568 2185 2873 2258 principum
2906 2187 3228 2243 sententiam
3260 2202 3388 2256 pru-

1799 2286 1992 2340 denter
2025 2299 2089 2338 ae
2128 2283 2358 2338 viriliter
2398 2282 2757 2352 recuperavit.
2807 2281 3214 2352 Consequenter
3241 2279 3390 2350 apud

1800 2376 1992 2431 \‘icum
2019 2373 2124 2446 [La
2147 2372 2264 2428 vilic
2287 2373 2353 2426 de
2385 2363 2502 2444 Via]
2556 2372 2793 2427 nobilem
2825 2371 3114 2426 (ediﬁcavit
3143 2370 3387 2437 domum,

1799 2475 1855 2520 et
1878 2473 2116 2520 castrum
2145 2463 2372 2518 Bascurt
2401 2461 2758 2534 [Bassecourt]
2787 2463 2890 2518 sibi
2919 2471 2974 2518 et
3005 2464 3239 2534 posteris
3275 2463 3390 2520 suis

1801 2555 2110 2626 acquisivit.
2149 2553 2258 2610 Nec
2294 2563 2377 2610 est
2401 2553 2618 2609 silentio
2646 2555 3083 2623 prastereundum
3108 2555 3252 2625 quod
3275 2555 3392 2625 ipse

1799 2662 2054 2717 processu
2078 2646 2354 2716 temporis,
2369 2653 2617 2700 castrum
2641 2644 2908 2714 quoddam
2932 2659 2962 2698 a
2985 2643 3268 2699 Waltrano
3295 2645 3394 2700 ho—

1801 2737 1946 2792 mine
1967 2737 2182 2792 comitis
2207 2736 2273 2790 de
2294 2735 2523 2790 Bascurt
2548 2749 2655 2789 non
2679 2735 2866 2804 procul
2891 2750 2920 2788 a
2943 2734 3202 2791 Saleburc
3222 2733 3395 2806 '[Sar-

1803 2827 1986 2901 bourg]
2026 2827 2330 2891 ﬁrmatum,
2361 2827 2694 2896 episcopatui
2728 2827 2783 2881 in
2815 2827 3063 2896 partibus
3097 2827 3204 2883 illis
3236 2827 3401 2884 valde‘

1801 2924 2073 2988 nocivum,
2111 2923 2166 2977 in
2206 2937 2366 2976 manu
2403 2921 2608 2990 potenti
2643 2929 2699 2976 et
2727 2919 2903 2975 valida
2941 2920 3228 2975 destruxit.

1873 3015 1970 3070 llis
2018 3015 2091 3070 ita
2116 3030 2176 3070 se
2195 3013 2539 3078 habentibus,
2565 3022 2622 3068 et
2643 3014 2763 3083 ipso
2790 3028 2910 3083 quae
2928 3013 3097 3083 pacis,
3129 3029 3250 3084 quae
3279 3014 3396 3070 reli«

1805 3107 2010 3178 gionis,
2050 3114 2108 3161 et
2139 3121 2260 3175 quae
2289 3103 2516 3174 justitize
2554 3111 2710 3169 sunt,
2747 3103 2984 3160 studiosa
3026 3112 3290 3160 tractante
3318 3105 3400 3160 di-

1807 3197 2048 3268 ligentia,
2087 3211 2214 3252 ecce
2249 3203 2507 3266 tanquam
2545 3195 2598 3249 in
2637 3195 2856 3250 fornace
2890 3195 3111 3264 probari
3137 3210 3261 3251 eum
3290 3197 3370 3252 Do

1809 3287 1988 3342 minus
2021 3285 2229 3350 volens,
2261 3294 2316 3340 et
2349 3285 2488 3338 inter
2515 3283 2698 3339 saeculi
2730 3280 2890 3352 hujus
2919 3283 3162 3339 turbines
3188 3293 3244 3340 et
3270 3301 3399 3356 pro-

1809 3378 1973 3434 cellas
1996 3371 2251 3432 virtutem
2277 3374 2395 3445 ejus
2421 3375 2740 3441 clarescere,
2770 3375 3042 3446 insperata
3073 3375 3246 3446 ipsum
3275 3389 3398 3446 per-

1807 3469 2086 3524 secutione
2121 3468 2187 3523 ad
2225 3475 2437 3538 tempus
2465 3465 2724 3538 ﬂagellari
2757 3466 3024 3538 permisit.
3076 3466 3212 3522 Cum
3249 3467 3400 3525 enim

1809 3559 2088 3615 dominum
2111 3558 2423 3614 Folmarum
2449 3556 2828 3612 Trevirensem
2856 3557 3109 3620 electum,
3132 3573 3163 3612 a
3183 3573 3398 3616 summo

1809 3651 2063 3724 pontiﬁce
2084 3651 2301 3706 Urbano
2330 3648 2395 3704 111
2425 3657 2610 3705 contra
2640 3648 2969 3702 voluntatem
3008 3646 3268 3703 Friderici
3300 3648 3396 3704 im-

1810 3741 2076 3814 peratoris
2119 3748 2530 3804 consecratum,
2579 3738 2646 3796 de
2691 3739 2862 3809 ipsius
2908 3739 3106 3794 summi
3153 3738 3403 3810 praesulis

1812 3833 2095 3910 mandato,
2133 3832 2220 3888 cui
2252 3847 2352 3887 nec
2383 3831 2602 3896 debuit,
2637 3845 2737 3886 nec
2769 3846 2934 3886 ausus
2969 3829 3071 3886 fuit
3109 3831 3400 3898 contraire,

1813 3915 2122 3995 recepisset,
2161 3933 2216 3979 et
2256 3940 2377 3994 qua:
2411 3922 2642 3979 Caesaris
2674 3921 2897 3988 Cmsari,
2925 3930 2981 3978 et
3005 3938 3125 3994 quae
3154 3923 3249 3978 Dei
3276 3931 3399 3980 sunt

1814 4017 1923 4073 Deo
1939 4016 2163 4072 reddere
2175 4017 2419 4086 cupiens,
2436 4015 2672 4072 debitam
2695 4015 3006 4070 exhibuisse
3021 4015 3402 4083 reverentiam,

1811 4109 1880 4162 ad
1917 4107 2054 4161 iram
2086 4117 2139 4162 et
2169 4106 2593 4177 indignationem
2632 4104 2887 4174 princeps
2925 4104 3210 4168 incitatus,
3263 4105 3402 4160 bona

1812 4196 1929 4264 ejus
1953 4197 2204 4252 universa
2233 4194 2518 4250 conﬁscari
2547 4193 2694 4258 fecit,
2720 4201 3002 4263 totumque
3037 4195 3403 4264 episcopatum

1815 4286 2107 4341 Metensem
2123 4299 2222 4355 per
2247 4283 2631 4339 ministeriales
2652 4299 2779 4338 suos
2801 4283 2855 4338 in
2881 4284 3005 4338 facti
3029 4284 3189 4353 hujus
3201 4283 3390 4340 vindic

101 4373 218 4428 siti
235 4371 1095 4444 1:010“!me[Lunboufgteu‘re
1109 4369 1442 4442 Phalzbourg
1460 4379 1506 4424 et
1527 4369 1718 4428 Saver—
1815 4379 1926 4431 tam
1945 4375 2102 4430 sasiri
2125 4376 2176 4439 ἀ,
2209 4375 2363 4445 quasi
2392 4388 2613 4428 enorme
2639 4382 2693 4428 et
2722 4373 3095 4429 detestandum
3122 4383 3265 4430 esset
3292 4375 3394 4445 pia-

103 4466 208 4536 ne]
241 4465 434 4530 sitam,
473 4480 634 4535 quam
672 4474 800 4520 tunc
833 4465 1092 4535 temporis
1129 4479 1313 4519 comes
1347 4461 1416 4517 de
1453 4461 1710 4517 Salverna
1744 4501 1790 4562 ο
1816 4466 1994 4522 culum
2024 4479 2235 4520 summo
2258 4465 2477 4520 obedire
2507 4465 2783 4534 pontiﬁci,
2813 4474 2868 4519 et
2897 4465 3206 4535 plus‘Deum
3229 4466 3404 4522 vereri

97 4553 472 4627 [Sat-ventem]
499 4556 733 4619 tenebat,
764 4554 868 4610 sibi
894 4555 1114 4624 suisque
1143 4553 1566 4616 successoribus,
1595 4551 1712 4620 ipso

93 4645 322 4699 comite
355 4652 518 4714 capto
544 4644 902 4714 recuperavit.
934 4642 1084 4700 Sedit
1111 4643 1266 4698 annis
1291 4642 1325 4696 6
1345 4649 1398 4696 et
1420 4641 1582 4712 paulo
1599 4655 1713 4694 am-

93 4736 259 4808 plius
307 4736 418 4791 sub
463 4751 596 4806 papa
647 4735 974 4802 Alexandro,
1013 4744 1070 4791 et
1103 4735 1380 4791 Friderico
1414 4736 1714 4804 imperante

90 4827 397 4882 avunculo
418 4842 535 4880 suo.
581 4825 682 4892 Qui
705 4834 759 4880 et
788 4826 892 4880 alia
918 4827 1083 4882 armis
1107 4825 1268 4897 digna
1293 4825 1582 4896 gessisset,
1608 4823 1712 4878 nisi

87 4917 368 4987 ejusdem
397 4916 690 4972 Alexandri
715 4916 783 4974 111
807 4933 1026 4972 manum
1053 4917 1312 4973 sensisset
1331 4916 1584 4981 validam,
1613 4930 1709 4969 sua

83 5011 175 5066 ob
202 5011 320 5065 hoc
359 5009 627 5064 electione
660 5017 870 5064 cassata
909 5009 975 5066 ab
1012 5009 1127 5076 illo,
1157 5009 1282 5079 quia
1323 5007 1462 5064 infra
1493 5007 1712 5062 ordines

84 5101 299 5156 fuerat
324 5101 623 5156 celebrata.

171 5187 314 5254 Hic,
346 5204 478 5246 cum
504 5190 842 5259 episcopatus
862 5204 958 5258 per
992 5203 1191 5243 annum
1227 5187 1340 5242 fere
1375 5196 1502 5256 post
1534 5186 1710 5256 ipsum

80 5267 400 5346 vacasset,
425 5295 567 5336 anno
590 5280 796 5334 Domini
835 5279 972 5335 1180
1007 5279 1195 5336 habuit
1225 5279 1592 5336 successorem
1623 5281 1715 5335 do-

75 5369 333 5426 minum
360 5369 724 5424 Bertrannum
759 5369 826 5424 de
857 5370 1104 5424 Saxoniae
1134 5371 1379 5438 partibus
1403 5369 1710 5432 oriundum,

75 5464 330 5517 clarum
370 5463 594 5531 quidem
620 5475 840 5534 genere,
868 5470 925 5516 et
951 5462 1074 5516 vita:
1098 5476 1162 5515 ac
1189 5477 1399 5516 morum
1430 5463 1714 5516 honestate

167 5628 194 5686 ξι
244 5615 321 5686 Al
333 5655 348 5667 .
383 5615 613 5686 Emwry.

163 5682 195 5720 ι’
248 5685 294 5736 Λ
309 5685 352 5738 1.
392 5682 612 5755 Syerrh.

167 5767 192 5792 ε
257 5755 536 5824 H’erpire,
568 5757 890 5826 relinquere,
919 5762 1136 5826 cedere;
1163 5760 1452 5830 dl‘guerpir.

1815 4572 1976 4627 quam
2003 4557 2306 4611 hominem;
2343 4553 2438 4611 His
2464 4555 2553 4610 ille
2582 4555 2810 4619 auditis,
2839 4571 3086 4625 persona:
3113 4572 3223 4612 suae
3245 4555 3405 4612 saluti

1813 4650 2065 4720 praisidio
2101 4648 2260 4720 fugae,
2305 4657 2365 4704 ut
2387 4649 2520 4704 alter
2555 4649 2917 4713 Athanasius,
2952 4649 3267 4716 consulens,
3312 4651 3386 4704 mi

1813 4739 1988 4809 gravit
2025 4738 2324 4805 Coloniam,
2362 4748 2415 4794 et
2457 4740 2509 4793 in
2541 4739 2767 4794 ecclesia
2800 4739 2972 4794 sancti
3001 4738 3282 4805 Cerconis,
3312 4741 3406 4797 ubi

1813 4829 1964 4899 prius
1984 4833 2276 4885 canonicus
2296 4832 2601 4895 exstiterat,
2619 4831 2733 4900 spei
2761 4845 2874 4898 suae
2888 4831 3180 4886 anchoram
3206 4831 3402 4902 ﬁgens,

1815 4921 1886 4976 ibi
1915 4921 2142 4991 asylum,
2169 4922 2240 4976 ibi
2278 4937 2377 4991 pro
2402 4921 2594 4976 exsilio
2628 4922 2858 4992 patriam
2894 4922 3116 4976 invenit.
3160 4922 3263 4979 Ubi
3299 4941 3407 4980 non

1817 5009 1986 5065 solum
2006 5027 2037 5065 a
2060 5008 2338 5078 fratribus,
2359 5023 2414 5066 et
2429 5014 2851 5068 con-canonicis
2872 5014 3004 5079 suis,
3027 5028 3215 5069 verum
3237 5017 3404 5073 etiam

1719 5125 1724 5132 -
1777 5171 1791 5184 ,
1817 5101 1887 5155 ab
1925 5101 2176 5155 universo
2208 5100 2512 5156 Coloniensi
2551 5101 2714 5166 clero,
2753 5110 2807 5157 et
2844 5103 3116 5173 pnccipue
3144 5117 3175 5158 a
3206 5115 3407 5161 metro-

1817 5189 2054 5259 politano
2095 5190 2288 5245 illustri
2333 5189 2599 5262 Philippo,
2637 5199 2785 5246 tanta
2821 5207 3067 5261 persona:
3107 5202 3161 5250 et
3200 5196 3408 5252 meritis

1815 5279 1932 5349 θέης
1959 5281 2196 5350 prmstita
2225 5283 2518 5347 veneratio,
2547 5290 2708 5338 tanta:
2737 5281 3022 5351 dejectioni
3052 5285 3168 5354 ejus
3198 5287 3406 5342 exhibi-

1817 5378 1885 5424 tte
1911 5374 2331 5441 compassiones,
2361 5381 2547 5443 totque
2573 5375 2984 5431 necessitatibus
3013 5377 3124 5433 suis
3153 5391 3185 5432 a
3211 5379 3406 5433 libera-

1818 5463 1969 5519 litate
2009 5479 2195 5521 eorum
2219 5467 2413 5522 collata
2437 5467 2700 5536 subsidia,
2730 5475 2789 5524 ut
2815 5485 2937 5524 eum
2973 5471 3086 5526 fere
3128 5473 3314 5542 patria:
3349 5478 3406 5528 et

1819 5620 2039 5747 “iﬁlli.
2082 5624 2278 5689 saisiri,
2323 5623 2376 5678 id
2409 5633 2512 5689 est,
2554 5626 2670 5696 capi
2710 5633 2768 5681 et
2799 5627 3129 5692 conﬁscari;
3170 5626 3397 5697 gallica,
