3920 6310
447 359 581 415 1475

1595 352 1909 410 ANONYMI
1947 351 2217 409 SIECULI
2261 350 2396 408 V’lll.

3590 348 3734 411 me

441 477 647 535 reditus
680 476 735 531 in
773 473 963 532 exsilio
995 472 1235 531 facerent
1253 472 1517 530 oblivisci.
1558 471 1656 527 Cui
1687 487 1809 526 eum
1834 478 2024 524 exacto
2047 474 2099 533 Α
2127 476 2335 523 tensem
2351 466 2663 537 episcopum
2682 464 3013 521 unanimiter
3030 473 3115 521 est
3132 463 3467 520 translatus.
3493 464 3734 523 Ovili.

444 569 681 633 biennio,
707 568 893 639 gratiae
919 567 1209 638 imperialis
1229 567 1493 622 serenitas
1512 560 1861 636 Opitulatione
1883 563 2021 619 divi-

444 676 531 724 na,
560 657 848 728 multisque
864 664 972 711 tam
998 656 1298 727 principum
1324 670 1485 724 quam
1504 654 1728 708 aliorum
1757 651 2025 721 supplica-

446 752 682 807 tionibus
717 748 925 803 reddita
961 746 1173 812 fuisset,
1210 746 1371 801 rediit
1402 744 1618 799 tandem
1646 744 1715 797 ad
1740 742 2024 797 ecclesiam

446 857 621 907 suam,
650 840 742 895 diu
767 838 1099 895 desideratus
1122 835 1222 891 Job
1245 842 1448 899 noster,
1478 833 1572 890 sed
1599 833 1817 888 minime
1837 831 1905 886 ad
1932 818 2033 884 du;

445 931 605 1001 plicia
645 929 945 985 restitutus.
992 926 1095 995 Qui
1134 924 1281 980 enim
1323 924 1509 979 vinum
1543 922 1596 976 in
1636 920 1885 984 cellariis,
1920 917 2028 972 fru-

450 1030 688 1078 mentum
723 1021 778 1075 in
814 1018 1052 1082 horreis,
1088 1017 1299 1086 aliaque
1330 1015 1665 1071 abundanter
1692 1012 1832 1067 bona
1861 1010 2029 1065 disce-

448 1116 580 1170 dens
607 1114 913 1184 reliquerat,
945 1112 1017 1165 ita
1046 1110 1100 1164 in
1131 1109 1306 1165 reditu
1338 1122 1437 1162 suo
1468 1112 1729 1173 evacuata
1757 1100 1936 1159 omnia
1974 1106 2030 1154 et

451 1205 663 1275 penitus
702 1205 964 1259 exhausta
1001 1202 1233 1266 invenit,
1280 1209 1340 1254 ut
1380 1213 1568 1254 rursus
1612 1211 1735 1251 eum
1778 1192 2029 1249 recidivis

451 1311 642 1351 vacare
682 1295 825 1350 curis
861 1303 917 1348 et
953 1293 1229 1348 laboribus
1258 1297 1562 1360 oporteret,
1601 1296 1656 1343 et
1691 1288 1760 1341 ad
1788 1285 2029 1341 omnium

449 1403 569 1456 qua:
592 1384 842 1441 humanis
876 1384 1177 1439 necessaria
1212 1389 1338 1437 sunt
1372 1383 1577 1443 usibus,
1619 1378 2032 1447 acquisitionem

451 1478 604 1548 quasi
627 1477 693 1532 de
718 1491 857 1531 novo
881 1476 1108 1548 accingi.
1140 1472 1304 1543 Cujus
1327 1474 1485 1529 annis
1504 1482 1559 1528 et
1580 1471 1787 1526 meritis
1802 1468 1929 1524 felix
1959 1467 2033 1523 di-

451 1568 577 1624 vina
602 1569 877 1623 miseratio
905 1569 1296 1623 incrementum
1321 1576 1575 1636 praestare
1606 1564 1857 1635 dignetur
1874 1602 1891 1627 ,
1932 1575 2033 1615 nec

453 1659 593 1715 desit
619 1659 711 1730 qui
738 1660 792 1712 in
818 1658 935 1713 loco
961 1666 1015 1713 et
1044 1666 1281 1726 tempore
1310 1654 1588 1725 sequentia
1616 1650 1734 1721 ejus
1752 1659 1903 1722 gesta
1923 1658 2032 1703 tra-

455 1750 549 1805 dat
574 1749 874 1816 annalibus,
906 1756 963 1804 et
986 1750 1050 1803 ad
1087 1746 1445 1817 cognitionem
1476 1744 1708 1799 transire
1745 1741 1906 1797 faciat
1938 1756 2035 1813 po-

455 1850 746 1897 sterorum.
1162 1816 1177 1817 γ
2067 1816 2114 1876 Β

834 1970 1239 2034 APPENDIX
1281 1967 1666 2030 SECUNDA.

805 2096 904 2159 Ad
949 2113 1177 2155 annum
1217 2092 1372 2153 1260
1416 2089 1698 2151 deducta.

529 2223 657 2279 Post
683 2220 956 2276 dominum
985 2216 1344 2271 Bertranuum
1368 2212 1538 2267 felicis
1559 2210 1853 2275 memoriae,
1877 2209 2041 2264 subli-

459 2321 635 2369 matus
656 2310 812 2367 estin
829 2309 1138 2379 episcopum
1161 2304 1456 2360 Metensem
1485 2303 1711 2358 domnus
1739 2299 2040 2363 Conradus,

458 2408 544 2462 vir
571 2405 787 2475 quidem
816 2412 1100 2465 strenuus,
1129 2415 1197 2453 ex
1228 2397 1643 2452 Teutonieorum
1673 2392 1924 2464 progenie
1952 2407 2041 2446 or-

461 2507 577 2553 tum
599 2497 821 2560 ducens,
851 2493 1031 2548 clarus
1055 2488 1334 2560 sanguine,
1359 2486 1453 2542 sed
1474 2484 1702 2540 nobilior
1723 2482 1962 2538 moribus
1989 2490 2047 2538 et

459 2591 695 2654 virtute,
724 2596 779 2642 et
804 2588 946 2641 inter
979 2584 1253 2655 principes
1290 2580 1499 2650 imperii
1541 2586 1821 2634 venustate
1862 2590 2046 2647 perso-

462 2681 569 2737 nali
601 2689 658 2735 et
683 2678 926 2748 corporis
965 2673 1228 2745 elegantia
1263 2672 1566 2727 decoratus.
1598 2669 1698 2724 Hic
1727 2668 1891 2723 etiam
1927 2666 2047 2736 Spi-

467 2771 642 2827 rensis
668 2769 968 2839 episcOpus,
997 2773 1053 2820 et
1079 2762 1371 2835 imperialis
1399 2760 1533 2816 aulae
1559 2759 1932 2823 cancellarius,
1954 2772 2050 2812 ne-

466 2861 610 2933 gotia
640 2859 851 2931 imperii
885 2868 1134 2928 tanquam
1163 2855 1398 2927 prudens
1417 2863 1472 2908 et
1492 2852 1662 2908 fidelis
1689 2851 2044 2921 dispensator,

467 2954 634 3013 animi
661 2951 984 3008 discretione
1031 2949 1338 3005 fidelitatem
1366 2946 1534 3019 ipsius
1562 2945 1850 3000 comitante
1874 2983 1889 3009 ,
1916 2944 2051 2998 adeo

467 3043 805 3116 procuravit,
854 3041 996 3112 quod
1036 3040 1090 3094 in
1130 3040 1329 3095 talento
1370 3039 1471 3093 sibi
1512 3036 1717 3091 credito
1758 3034 1908 3105 pigre
1942 3046 2050 3087 non

2127 560 2481 616 ineffabilem!
2513 560 2608 630 qui
2633 559 2803 616 lorica
2844 558 3071 629 justitia:
3093 559 3316 613 indutus
3336 597 3355 623 ,
3384 558 3591 628 clypeo
3611 573 3736 615 m-

2114 653 2365 711 .tinentia:
2393 653 2652 716 munitus,
2683 652 2833 723 galea
2855 654 3128 724 patientiae
3150 662 3466 723 protectus,
3492 661 3551 707 et
3569 654 3737 710 διὰ

2128 744 2389 799 virtutum
2415 745 2812 812 circumdatus,
2838 745 3020 801 vultus
3046 746 3130 802 sui
3162 747 3342 817 gratia
3371 747 3649 817 pascebat
3677 761 3737 803 ω

2129 838 2391 900 videntes,
2423 838 2623 895 mellita
2645 840 2937 894 verborum
2965 854 3187 893 suorum
3214 838 3500 894 modestia
3522 854 3731 895 reua-

2129 931 2223 986 bat
2242 931 2540 997 audientes,
2571 930 2863 987 humilibus
2887 931 3076 985 aderat
3094 930 3451 1000 simplicitate
3476 929 3733 985 columbi-

2132 1036 2222 1086 na,
2240 1018 2547 1090 majoribus.
2562 1021 2761 1076 astutia
2787 1021 3100 1090 serpentina
3128 1020 3452 1087 assistebat,
3474 1028 3537 1073 et
3560 1029 3734 1089 tyran-

2133 1112 2218 1167 nis
2256 1110 2469 1167 feritate
2497 1111 2711 1167 leonina
2739 1112 3057 1167 resistebat!
3099 1110 3237 1167 Cum
3264 1118 3461 1166 autem
3493 1111 3555 1165 in
3583 1126 3737 1183 nego-

2135 1205 2224 1259 tiis
2243 1204 2497 1259 Meteusis
2514 1203 2755 1260 ecclesia:
2772 1204 2987 1260 assidue
3004 1203 3278 1275 vigilaret,
3300 1202 3550 1258 illustris
3562 1218 3733 1258 cum

2134 1294 2201 1349 de
2240 1294 2485 1350 Dauborc
2523 1293 2878 1366 [Dagsbourg]
2920 1294 3065 1349 viam
3110 1295 3391 1349 universae
3436 1294 3627 1349 canis
3660 1303 3734 1348 est

2137 1386 2426 1457 ingressus.
2454 1385 2619 1455 Cujus
2641 1386 2770 1453 filia,
2792 1401 2912 1456 qum
2936 1386 3112 1442 haeres
3137 1386 3303 1440 unica
3330 1386 3395 1439 in
3422 1385 3733 1440 teredine

2134 1484 2358 1546 paterna
2386 1484 2744 1542 successerat,
2783 1478 2851 1531 ab
2884 1478 3002 1546 ipso
3038 1476 3297 1546 episcopo
3330 1476 3619 1531 instanter
3652 1490 3737 1548 pc-

2137 1569 2374 1634 stulavit,
2409 1577 2470 1623 ut
2508 1569 2725 1625 feodum
2760 1569 2862 1638 sibi
2901 1569 3178 1634 redderet,
3221 1568 3380 1639 quod
3418 1576 3588 1640 pater
3620 1584 3739 1625 alia

2137 1660 2204 1716 de
2247 1660 2469 1716 Metensi
2516 1662 2768 1733 episcopo
2812 1670 3083 1726 tenuerat;
3109 1661 3259 1732 quod
3292 1662 3608 1732 episcopus
3650 1662 3736 1733 ipa'

2141 1753 2393 1818 reddidit,
2425 1768 2531 1809 non
2564 1755 2683 1809 sine
2718 1754 3013 1811 multorum
3047 1753 3313 1808 nobilium
3346 1752 3739 1823 supplicatione

2138 1852 2194 1899 et
2214 1852 2401 1916 rogatu
2425 1862 2439 1898 :
2461 1859 2527 1900 ea
2550 1854 2730 1899 tamen
2751 1845 3056 1901 conditione
3074 1844 3307 1914 adjecta,
3326 1845 3487 1915 quod
3510 1846 3561 1899 si
3584 1845 3735 1915 im

2136 1936 2256 1991 sine
2281 1935 2494 1991 haerede
2522 1935 2725 2006 proprii
2743 1935 2987 2005 corporis
3005 1975 3022 2001 ,
3051 1935 3189 1990 mori
3216 1936 3611 2006 contingeret,
3641 1936 3739 1991 fee-

2140 2029 2267 2084 dum
2300 2028 2475 2098 ipsum
2510 2027 2579 2081 ad
2608 2025 2899 2082 Metensem
2927 2026 3213 2085 ecclesiam
3246 2026 3423 2097 pleno
3445 2026 3581 2094 iure
3612 2028 3739 2083 reﬁ-

2142 2126 2246 2184 ret,
2276 2118 2585 2174 conditione
2613 2118 2800 2173 eadem
2823 2117 3010 2188 sigillis
3029 2118 3369 2174 authenticis
3388 2121 3733 2182 communita,

2140 2218 2196 2263 et
2226 2208 2329 2274 fide
2354 2208 2572 2263 testium
2598 2208 2807 2278 pariter
2832 2207 3105 2263 roborata.
3138 2207 3257 2262 Sed
3278 2223 3415 2263 cum
3440 2210 3637 2264 eadem
3659 2225 3740 2264 co-

2143 2300 2352 2354 mitissa
2390 2299 2505 2355 sine
2543 2298 2756 2355 hrerede
2788 2297 2994 2369 proprii
3032 2298 3315 2367 corporis,
3358 2299 3584 2354 occulto
3614 2313 3739 2368 qm-

2143 2391 2268 2445 dam
2296 2392 2388 2446 Dei
2404 2389 2610 2459 judicio
2635 2390 2983 2453 decessisset,
3030 2390 3267 2445 domnus
3308 2389 3593 2446 Walterns
3634 2391 3737 2445 du

2144 2482 2212 2537 dc
2246 2482 2531 2546 Lemborc,
2580 2496 2762 2536 comes
2799 2480 3259 2551 Lucelburgensis
3300 2478 3736 2554 [Lucubch

2145 2582 2201 2629 et
2224 2573 2375 2629 multi
2403 2573 2490 2628 alii
2519 2571 2726 2628 nobiles
2757 2580 2813 2626 et
2844 2571 3181 2642 potentiores
3211 2571 3287 2625 de
3324 2571 3556 2641 imperio,
3594 2585 3727 2626 con-

2147 2663 2425 2734 sanguinei
2453 2662 2590 2732 ejus,
2614 2676 2679 2717 ac
2702 2660 2943 2716 fautores
2958 2700 2977 2726 ,
3002 2667 3187 2715 castra
3205 2668 3497 2730 quaerant
3519 2660 3591 2714 de
3613 2659 3737 2715 teo-

2148 2756 2217 2811 do
2240 2754 2496 2827 praedicto
2513 2792 2529 2819 ,
2554 2768 2675 2807 cum
2700 2767 2889 2807 eorum
2914 2751 3269 2821 pertinentiis
3296 2753 3547 2822 nequiter
3573 2752 3743 2809 sasi-

2150 2855 2297 2913 runt,
2323 2861 2388 2902 ea
2419 2860 2532 2901 suae
2557 2844 2748 2899 ditioui
2776 2858 3037 2914 usurpare
3054 2882 3072 2908 ,
3099 2852 3158 2898 et
3186 2844 3438 2898 retinere
3461 2844 3522 2897 in
3557 2857 3743 2913 perpe-

2151 2948 2305 2995 tuum
2347 2944 2537 2994 contra
2560 2935 2801 2993 debitum
3198 2933 3495 3004 pradicet:
3529 2934 3741 2988 nolin-

2152 3038 2273 3086 tes:
2298 3030 2494 3101 quibus
2520 3029 2826 3099 episcopus,
2852 3027 2945 3097 qui
2969 3025 3182 3080 virilem
3208 3034 3267 3079 et
3296 3024 3509 3081 fortem
3535 3027 3735 3097 gerebat

468 3134 770 3198 dormiens,
801 3132 894 3187 sed
925 3130 1151 3186 sollicite
1177 3119 1432 3199 vigilans,
1465 3125 1681 3180 domino
1714 3137 1811 3178 suo
1837 3122 2050 3192 plenam
2076 3158 2124 3220 c
2156 3121 2417 3186 ariimum,
2442 3120 2536 3192 qui
2557 3134 2659 3175 nec
2682 3119 3038 3175 extollebatur
3078 3117 3132 3172 in
3172 3120 3491 3188 prospa‘is,
3529 3134 3627 3174 nec
3662 3119 3743 3174 Δε-

467 3230 539 3285 de
575 3244 641 3285 eo
676 3228 849 3299 potuit
879 3226 1102 3282 reddere
1136 3224 1428 3285 rationem,
1472 3220 1527 3275 in
1566 3219 1809 3289 requiem
1839 3216 2053 3273 Domini

470 3321 554 3377 sui
582 3335 703 3375 cum
727 3320 921 3391 gaudio
947 3318 1306 3388 ingressurus.

539 3412 659 3483 Ipse
706 3410 956 3481 equidem
997 3408 1247 3462 decorem
1293 3403 1484 3458 domus
1525 3401 1737 3458 Domini
1782 3408 1840 3455 et
1879 3399 2058 3455 locum

471 3500 588 3572 eius
608 3498 957 3557 habitationis
979 3496 1223 3567 diligens,
1251 3492 1541 3549 Metensem
1562 3493 1848 3547 ecclesiam
1869 3490 2059 3561 exqui-

472 3594 593 3648 sitis
632 3590 965 3646 ornamentis
1009 3584 1303 3641 decoravit.
1355 3583 1416 3638 ln
1453 3583 1579 3638 villa
1617 3582 1684 3638 de
1720 3583 1874 3648 Vico,
1915 3579 2060 3651 quod

476 3669 604 3740 tunc
633 3684 844 3737 firmata
883 3678 1178 3734 munimine
1215 3676 1394 3747 aliquo
1431 3675 1653 3730 minime
1690 3673 2058 3738 claudebatur,

475 3783 717 3830 castrum
738 3770 913 3825 nobile
933 3783 1213 3822 murorum
1238 3774 1295 3821 et
1321 3767 1550 3821 turrium
1581 3764 1857 3819 altitudine
1876 3762 2061 3817 firma-

477 3865 574 3918 vit.
623 3862 692 3915 Et
730 3860 857 3914 licet
899 3860 965 3913 ad
1004 3857 1219 3927 negotia
1254 3856 1467 3926 imperii
1501 3855 1605 3909 sibi
1641 3853 1925 3908 commissa
1962 3867 2062 3923 pro

480 3951 716 4006 maxima
749 3957 904 4020 parte
942 3947 1201 4017 temporis
1237 3947 1575 4010 traheretur,
1628 3960 1730 3999 nec
1781 3953 1964 4015 posset
2008 3945 2064 3998 in

479 4039 707 4096 Metcnsi
736 4038 973 4103 dioecesi,
1008 4038 1113 4092 nisi
1145 4052 1273 4091 raro
1307 4034 1608 4092 et-modice
1647 4049 1801 4088 suam
1831 4049 2063 4104 praesen-

480 4131 614 4186 tiam
640 4129 919 4194 exhibere,
946 4135 1128 4183 tamen
1154 4128 1210 4182 in
1234 4126 1351 4196 ejus
1374 4125 1636 4191 absentia,
1658 4124 1804 4180 fama
1826 4124 2066 4196 probita-

480 4223 574 4288 tis,
621 4220 970 4291 providentiae
1012 4226 1068 4273 et
1112 4218 1329 4273 virtutis
1369 4216 1485 4287 ejus
1529 4216 1818 4282 militante,
1863 4224 2066 4271 terram

481 4313 824 4385 episcopatus
852 4309 1105 4365 Metensis
1139 4317 1328 4364 contra
1365 4306 1537 4364 fortes
1568 4315 1624 4363 et
1653 4307 1860 4363 nobiles
1890 4315 1945 4362 et
1973 4321 2069 4378 po-

484 4409 663 4458 tentes
680 4400 908 4455 viriliter
926 4400 1180 4470 protexit,
1201 4409 1256 4455 et
1276 4398 1514 4455 defendit
1534 4407 1790 4470 tanquam
1808 4413 2066 4469 praesens,

2155 3215 2488 3284 primebatur
2508 3213 2562 3268 in
2581 3212 2844 3276 adversis,
2863 3211 3148 3282 prudentia
3168 3225 3331 3266 suam
3353 3213 3744 3267 comunitate

2155 3305 2478 3376 potentiam,
2512 3310 2762 3374 potenter
2794 3302 3056 3358 resistens
3087 3309 3144 3356 et
3175 3309 3477 3371 patenter,
3514 3303 3572 3356 in
3606 3301 3745 3371 leg.

2157 3410 2476 3467 guerrarum
2508 3393 2821 3449 discrimine
2838 3433 2855 3459 ,
2888 3393 2941 3447 in
2969 3408 3249 3448 armorum
3296 3395 3545 3464 strepitu
3564 3435 3581 3458 ,
3617 3394 3746 3464 ligo

2159 3488 2340 3541 rintho
2359 3500 2717 3557 expensarum
2749 3485 2933 3543 tandiu
2958 3484 3228 3541 indefesse
3258 3485 3573 3552 insudarit,
3588 3486 3743 3557 quod

2159 3581 2343 3638 divina
2362 3580 2728 3651 providentia,
2757 3595 2878 3650 quae
2900 3581 2956 3635 in
2982 3581 3065 3636 sui
3090 3582 3461 3651 dispositione
3491 3596 3603 3636 non
3626 3579 3745 3635 ἠΰ-

2160 3681 2286 3738 tur,
2330 3673 2411 3728 rei
2450 3673 2656 3730 exitum
2693 3674 3049 3744 prosperavit.
3093 3673 3235 3727 Nam
3280 3673 3437 3728 idem
3482 3675 3747 3743 quisque

2162 3763 2476 3821 comitatum
2500 3763 2816 3830 Metensem,
2843 3772 2900 3819 et
2922 3774 3157 3834 quatuor
3182 3772 3374 3820 castra
3404 3767 3639 3829 nobilia,
3662 3764 3747 3820 Sa-

2163 3854 2359 3909 rabore
2403 3853 2683 3921 videlicet,
2725 3854 2918 3910 Albam
2961 3853 3315 3926 [Sat-alte],
3367 3856 3742 3926 Turquesteia.

2163 3956 2219 4001 et
2242 3946 2492 4002 Arestein
2512 3985 2528 4010 ,
2560 3962 2681 4016 quae
2706 3956 2866 4002 erant
2887 3947 2954 4001 de
2978 3945 3135 4001 feodo
3161 3948 3432 4017 praedicto
3453 3989 3473 4013 ,
3506 3964 3632 4005 cum
3652 3949 3745 4003 nn's

2166 4036 2493 4107 appendiciis
2531 4037 2838 4107 acquisivit,
2863 4046 2918 4093 et
2954 4036 3179 4091 Metensi
3213 4037 3474 4093 ecclesia:
3507 4049 3747 4110 pel-pem

2166 4126 2393 4181 contulit
2432 4126 2777 4196 possidenda.
2816 4127 2877 4181 In
2909 4142 3141 4197 quorum
3179 4129 3559 4197 acquisitione
3586 4131 3667 4200 (ut
3694 4128 3752 4183 ὼ

2168 4227 2473 4274 castrorum
2508 4220 2820 4275 fortitudine
2847 4228 2906 4276 et
2941 4220 3251 4276 inmanitate
3295 4220 3561 4276 locorum
3592 4230 3753 4277 tacu-

2167 4310 2300 4379 tur),
2333 4319 2625 4380 proventus
2649 4311 2992 4381 episcopatus
3016 4311 3100 4367 sui
3138 4310 3479 4382 duplicavit;
3518 4321 3580 4369 et
3626 4314 3757 4367 insl-

2168 4418 2268 4474 per
2286 4404 2619 4459 advocatiam
2645 4406 2714 4460 de
2740 4404 2957 4470 Marsal.
2980 4406 3037 4460 in
3053 4421 3161 4476 qua
3182 4404 3361 4460 multo
3378 4406 3514 4478 plus
3540 4408 3757 4463 habena

482 4501 542 4549 et
590 4490 867 4546 rebellium
906 4488 1218 4544 violentiam
1250 4504 1375 4544 cum
1415 4491 1601 4556 armis,
1639 4500 1753 4545 tum
1780 4490 2067 4561 prudentia
2095 4507 2148 4569 ι)
2173 4496 2462 4551 advocatus
2481 4511 2645 4565 quam
2667 4496 2936 4562 dominus,
2959 4511 3058 4567 pro
3076 4497 3407 4567 quibusdam
3424 4500 3634 4564 vineis,
3652 4510 3761 4569 qn

484 4583 754 4654 sagaciter
781 4580 1093 4636 refrenavit.
1135 4580 1289 4635 Anno
1316 4581 1481 4651 igitur
1516 4578 1863 4652 pontificatus
1891 4583 1974 4637 sui
2004 4582 2071 4639 l5

489 4676 656 4728 vitam
684 4670 914 4728 feliciter
939 4671 1138 4736 finivit,
1170 4671 1306 4727 etin
1337 4673 1503 4728 choro
1527 4671 1797 4743 Spirensis
1834 4673 2073 4733 ecclesia:

488 4764 770 4837 sepelitur.
1288 4804 1289 4807 η
1500 4804 1505 4811 .

561 4854 701 4912 Huic
731 4855 991 4912 successit
1010 4855 1183 4909 frater
1203 4855 1406 4909 domini
1427 4855 1818 4926 Asperimontis
1828 4855 2076 4913 dominus

488 4946 746 5015 Joannes,
774 4961 937 5018 quem
967 4945 1098 5001 clari
1121 4946 1397 5018 sanguinis
1423 4948 1756 5018 generositas
1783 4948 2077 5003 decorabat

492 5036 754 5103 exterius,
775 5046 830 5091 et
850 5051 1062 5091 morum
1089 5038 1327 5108 gravitas
1350 5039 1576 5094 interius
1603 5039 1925 5095 illustrabat.
1972 5038 2077 5105 Qui

493 5141 621 5183 cum
662 5133 805 5182 esset
836 5127 891 5181 in
921 5124 1051 5181 flore
1074 5125 1374 5195 juventutis
1408 5143 1520 5184 suae
1553 5129 1892 5194 constitutus,
1938 5131 2079 5187 citra

492 5230 692 5283 annos,
719 5217 811 5288 qui
836 5217 891 5272 in
912 5217 1265 5274 electionibus
1299 5220 1674 5290 episcoporum
1704 5221 2075 5290 requiruntur,

498 5305 843 5362 immaculata
870 5303 986 5374 ejus
1023 5308 1135 5362 vita
1169 5307 1438 5364 defectum
1475 5311 1647 5363 aetatis
1679 5308 1736 5363 in
1769 5325 1836 5365 eo
1868 5310 2081 5381 plenius

497 5397 801 5468 supplente,
850 5397 981 5453 cieri
1025 5398 1343 5465 concordia,
1370 5406 1428 5454 et
1462 5399 1647 5454 ltetitia
1668 5400 1848 5471 populi
1874 5401 2082 5471 pariter

502 5488 809 5554 accedente,
848 5495 1155 5557 assumptus
1191 5495 1276 5543 est
1324 5488 1381 5544 in
1421 5490 1732 5562 episcopum
1778 5491 2101 5570 Virduneuﬂ

503 5597 652 5646 sem;
679 5581 772 5636 ubi
801 5582 867 5637 de
895 5580 983 5635 die
1019 5578 1075 5633 in
1107 5579 1272 5644 diem,
1308 5582 1375 5636 de
1409 5583 1550 5639 bono
1588 5583 1646 5639 in
1683 5584 1884 5659 bonum
1919 5583 2083 5655 profi-
2116 5583 2133 5601 ’

503 5682 674 5746 ciens,
702 5680 782 5734 sic
824 5679 1155 5734 continuavit
1192 5686 1248 5734 et
1268 5680 1421 5734 auxit
1445 5695 1555 5736 sua:
1578 5679 1777 5736 famam
1804 5681 2079 5746 bonitatis,

508 5775 651 5843 quod
678 5791 746 5839 cx
774 5776 966 5831 merito
994 5792 1100 5831 sua:
1132 5775 1386 5833 bonitatis
1415 5783 1575 5847 atque
1598 5777 1853 5842 actionis,
1882 5776 1933 5830 in
1975 5774 2082 5831 Me-

2171 4594 2328 4641 erant
2350 4586 2547 4642 modici
2570 4586 2773 4642 valoris
2799 4587 2854 4642 in
2883 4598 3152 4658 respectu,
3182 4591 3562 4658 permutavit;
3586 4592 3644 4645 in
3665 4603 3762 4661 quo

2171 4680 2338 4734 etiam
2360 4679 2724 4736 conditionem
2759 4679 3003 4736 ecclesia!
3024 4695 3137 4735 sua:
3164 4680 3296 4736 fecit
3320 4681 3633 4738 admodum
3659 4697 3764 4738 Ine-

2172 4771 2381 4826 liorem.

2244 4862 2378 4919 Cum
2403 4877 2532 4919 vero
2557 4863 2674 4918 hac
2697 4863 2803 4919 sibi
2830 4876 3089 4933 prospere
3112 4863 3517 4920 successissent
3534 4906 3552 4928 ,
3581 4876 3639 4921 et
3662 4865 3762 4934 jam

2174 4954 2324 5010 locus
2347 4963 2492 5011 esset
2510 4954 2915 5025 tranquillitatis
2936 4962 2990 5009 et
3011 4955 3181 5024 pacis,
3208 4954 3469 5011 inimicus
3496 4956 3672 5012 homo
3694 4970 3765 5010 se-

2175 5045 2403 5101 minavit
2426 5046 2687 5100 zizaniam
2703 5085 2718 5109 ,
2759 5060 2822 5101 ac
2850 5046 2993 5100 inter
3029 5046 3205 5115 ipsum
3239 5052 3295 5101 ct
3321 5046 3477 5101 cives
3502 5061 3643 5103 suos
3668 5045 3765 5100 le-

2177 5146 2356 5192 tenses
2396 5142 2602 5204 pestem
2642 5135 2923 5190 discordize
2965 5131 3248 5191 suscitavit
3292 5151 3307 5187 :
3351 5134 3509 5189 cives
3554 5136 3765 5206 quin

2176 5226 2447 5299 pradicti,
2488 5226 2556 5281 de
2583 5241 2811 5295 quorum
2850 5226 3005 5295 adipe
3040 5226 3304 5296 processit
3343 5225 3641 5295 iniquitas,
3670 5227 3769 5281 de-

2177 5317 2290 5373 vati
2307 5315 2576 5386 superbia,
2598 5315 2779 5370 villam
2800 5315 3058 5386 episcopi,
3083 5330 3204 5384 mare
3224 5315 3429 5370 Chates
3447 5313 3671 5388 [casm
3688 5317 3771 5369 de-

2181 5416 2303 5462 munt
2322 5406 2484 5473 Heu,
2506 5408 2541 5460 ὁ
2576 5406 2868 5471 reccidens,
2904 5408 3021 5478 pres
3044 5404 3510 5479 διᾰηιισεηωὶκ]
3554 5408 3770 5468 dicitur.

2181 5506 2306 5554 ante
2329 5498 2511 5565 Metim
2537 5500 2965 5565 combusserunt,
2987 5497 3243 5553 clericum
3263 5512 3437 5551 unum
3463 5514 3769 5556 excreare

2183 5600 2339 5658 runt,
2375 5600 2432 5648 et
2469 5592 2664 5646 multas
2689 5591 2823 5647 alias
2858 5591 3167 5662 irrogarunt
3193 5588 3452 5659 injurias,
3482 5608 3633 5663 quas
3668 5593 3755 5647 loc

2183 5696 2307 5755 gum
2341 5690 2484 5737 esset
2526 5681 2829 5737 litterarum
2870 5682 3146 5737 memoria:
3169 5683 3587 5738 commendare.
3628 5682 3772 5749 Quod

2186 5794 2307 5834 cum
2345 5777 2627 5846 episcopus
2670 5776 3005 5832 dissimulare
3046 5790 3152 5830 non
3197 5782 3401 5847 posset,
3445 5775 3771 5847 competenti
