3920 6310
129 373 264 432 H77

1145 366 1535 426 cnnomcon
1567 365 1780 423 EPlSC.
1821 347 2245 422 METENSIUM.’

3242 363 3380 422 1478

125 483 427 542 monitione
451 479 750 551 praemissa,
773 479 933 534 ~cives
961 477 1470 542 escommumcavit,
1502 485 1557 532 et
1589 490 1704 532 ma-
1728 479 1782 538 Α
1805 473 2018 545 metipsi
2053 474 2282 530 credens
2313 487 2476 544 quam
2503 471 2624 528 aliis
2658 471 2816 544 (licet
2849 471 3143 530 adversarii
3172 476 3255 531 sui
3280 490 3382 549 pro

126 590 261 632 num
297 574 352 629 in
376 587 472 628 eos
505 569 860 642 aggravando,
891 568 1162 624 civitatem
1187 567 1553 625 ecclesiastico
1583 581 1710 635 sup—

125 666 314 738 posuit
360 661 674 726 interdicto;
719 669 775 715 et
821 659 1035 716 demum
1075 658 1346 713 civitatem
1387 656 1606 721 exiens,
1654 654 1710 709 in

131 764 318 812 monte
341 752 509 810 castri
536 751 664 807 dicti
696 747 1124 806 Sciat-Gemuit:
1144 788 1159 812 ,
1196 749 1338 817 quod
1375 756 1500 802 ante
1529 743 1710 800 lletim

131 844 445 902 ﬁrmaverat
463 882 480 910 ,
507 854 565 898 se
589 839 820 910 recepit;
852 837 947 892 sed
970 846 1025 892 et
1049 845 1170 907 post
1207 837 1379 906 ipsum
1431 834 1710 890 laudabilis

130 945 191 991 et
216 936 436 990 robusta
457 933 522 989 de
545 928 876 986 Porta-Salis
907 923 1003 1000 [Le
1021 929 1235 998 paraige
1255 927 1319 981 de
1348 922 1710 996 Parte-Scilla]

123 1021 412 1096 parentela
436 1019 656 1090 expulsa
677 1017 777 1073 fuit
799 1032 829 1072 a
852 1017 1090 1081 civitate,
1114 1023 1334 1085 propter
1355 1013 1512 1070 civile
1529 1012 1710 1068 odium

131 1119 282 1189 quod
308 1116 510 1172 latebat
536 1115 677 1168 inter
696 1111 860 1175 cives,
887 1117 942 1166 et
965 1109 1197 1164 maxime
1221 1107 1347 1178 quia
1376 1107 1490 1176 ipsa
1520 1119 1712 1178 paren-

133 1209 242 1264 tela
281 1207 381 1278 ipsi
417 1205 668 1277 episcOpo
704 1203 760 1257 in
791 1200 914 1270 jure
950 1215 1048 1255 suo
1077 1198 1302 1254 ﬁdeliter
1334 1198 1552 1262 aderat,
1580 1203 1635 1250 et
1661 1194 1710 1250 ei

127 1300 477 1356 laudabiliter
495 1297 804 1353 adhaerebat
829 1311 842 1348 :
869 1293 944 1348 ita
969 1293 1111 1364 quod
1138 1293 1191 1346 in
1212 1291 1430 1346 civitate
1451 1304 1550 1344 nec
1572 1303 1712 1343 unus

129 1389 353 1462 quidem
378 1390 444 1444 de
466 1385 739 1458 parentela
763 1384 852 1438 illa
873 1391 928 1438 et
951 1383 1052 1438 sibi
1079 1381 1476 1436 adhaerentibus
1499 1392 1708 1432 reman-

125 1483 238 1547 sit,
270 1480 365 1537 sed
404 1494 593 1536 omnes
632 1477 755 1532 inde
778 1477 1050 1537 exierunt,
1091 1483 1144 1528 et
1179 1487 1238 1528 se
1276 1472 1329 1526 in
1356 1471 1501 1526 dicto
1535 1477 1713 1524 castro

131 1582 476 1644 receperunt,
500 1570 747 1626 domibus
767 1583 955 1624 eorum
978 1566 1220 1622 funditus
1241 1565 1455 1628 dirutis,
1476 1571 1534 1618 et
1557 1561 1713 1618 bonis

129 1665 390 1721 omnibus
406 1665 517 1719 suis
535 1679 655 1733 qua:
675 1663 729 1716 in
760 1661 978 1716 civitate
1012 1659 1361 1727 reliquerant,
1384 1653 1708 1711 conﬁscatis.

207 1755 343 1812 Cum
373 1769 500 1810 vero
533 1753 674 1808 idem
709 1752 995 1822 episcopus
1029 1749 1297 1804 dictorum
1329 1745 1529 1801 civium
1562 1743 1714 1798 mali.

1803 575 1956 621 certo
1982 571 2252 625 tenerent,
2281 564 2425 634 quod
2455 561 2726 618 Mosellam
2749 563 2815 618 de
2840 573 3037 618 caetero
3063 579 3170 620 non
3209 573 3384 624 trans-

1807 654 1931 726 iret)
1954 653 2183 709 Mosellaa
2203 651 2440 718 ﬂuvium,
2462 653 2554 723 qui
2575 661 2703 709 tunc
2724 652 2897 722 plenis
2915 663 3030 709 erat
3051 655 3238 722 alveis,
3261 674 3383 715 cum

1807 745 2048 801 exercitu
2077 745 2296 816 copioso
2320 744 2374 799 in
2397 745 2808 802 admirationem
2830 747 3120 802 multorum
3145 756 3384 806 transva-

1807 833 1975 900 davit,
1999 833 2074 888 ita
2092 834 2235 904 quod
2259 850 2328 889 ne
2349 850 2489 889 unus
2509 833 2724 905 quidem
2752 836 3030 901 remansit,
3052 837 3143 908 qui
3166 836 3386 894 ﬂuvium

1809 941 1917 981 non
1939 928 2212 982 transiret.
2238 926 2370 981 Mira
2392 929 2507 982 res!
2538 926 2595 982 Si
2620 927 2765 982 enim
2791 927 2881 983 illa
2904 937 3060 984 nocte
3085 945 3192 983 non
3217 937 3387 982 trans-

1810 1017 1996 1083 issent,
2023 1018 2100 1073 sic
2123 1017 2362 1073 excrevit
2388 1016 2582 1073 ﬂuvius
2615 1026 2775 1073 nocte
2807 1019 2944 1090 ipsa,
2978 1019 3120 1090 quod
3149 1018 3203 1074 iu
3231 1033 3390 1073 mane

1807 1106 1957 1161 nullo
1984 1109 2142 1163 modo
2168 1108 2403 1164 transire
2436 1109 2754 1178 potuissent.
2785 1109 2854 1163 Et
2879 1109 2958 1163 sic
2984 1109 3058 1164 illi
3085 1109 3176 1180 qui
3212 1109 3264 1163 in
3300 1125 3390 1164 ca-

1809 1205 1924 1252 stro
1950 1198 2153 1252 obsessi
2190 1205 2374 1264 erant,
2420 1214 2650 1268 quorum
2679 1199 2995 1270 sanguinem
3023 1201 3274 1255 concives
3306 1200 3389 1256 sui

1811 1290 2024 1344 saeviter
2057 1289 2308 1344 sitiebant
2343 1305 2465 1344 cum
2500 1290 2620 1362 plus
2648 1306 2810 1360 quam
2845 1307 2942 1362 per
2969 1301 3093 1347 octo
3119 1293 3232 1347 dies
3269 1309 3389 1348 suc-

1809 1395 2030 1435 cursum
2067 1387 2383 1448 exspectare
2419 1395 2527 1434 non
2560 1389 2798 1449 possent,
2838 1392 2891 1434 et
2929 1382 3118 1436 mortis
3151 1383 3388 1451 periculo

1810 1469 2170 1525 subderentur
2199 1486 2212 1518 :
2247 1470 2341 1524 sed
2374 1469 2641 1535 Salvator,
2663 1472 2755 1542 qui
2788 1487 2977 1528 omnes
3006 1474 3250 1528 homines
3279 1475 3391 1528 vult

1807 1561 1988 1616 salvos
2016 1561 2130 1616 ﬁeri
2149 1602 2164 1627 ,
2196 1571 2250 1617 et
2284 1563 2551 1619 neminem
2581 1565 2696 1619 vult
2722 1566 2921 1634 perire,
2965 1566 3111 1622 dedit
3141 1567 3392 1636 episcopo

1811 1651 2142 1707 voluntatem
2169 1653 2478 1708 transeundi
2502 1694 2517 1720 ,
2553 1661 2608 1709 et
2644 1655 2884 1720 transiit,
2917 1663 3194 1726 terrasque
3224 1658 3394 1714 dicto-

1813 1757 1933 1796 rum
1954 1742 2211 1797 nobilium
2235 1743 2530 1814 lngressus,
2551 1759 2756 1816 ponens
2781 1746 2834 1800 in
2855 1746 3082 1802 Domino
3101 1747 3395 1804 anchoram

131 1845 271 1902 tiam
298 1860 394 1917 per
421 1820 760 1915 spiritualem
789 1841 1024 1913 gladium
1057 1837 1329 1895 refrenare
1367 1851 1474 1891 non
1506 1844 1708 1905 posset,
1741 1820 1790 1882 Β
1816 1846 1925 1886 suae
1953 1831 2102 1901 spei,
2139 1830 2301 1901 elegit
2326 1832 2504 1902 potius
2530 1849 2588 1889 se
2615 1843 2670 1889 et
2694 1848 2822 1889 suos
2849 1834 3185 1889 committere
3210 1833 3398 1892 Martis

129 1935 409 1992 invocavit
426 1933 681 1989 auxilium
707 1929 914 1987 brachii
937 1927 1230 1993 saecularis,
1255 1927 1445 1983 ducem
1464 1924 1714 1982 videlicet

129 2023 529 2092 Lotharingize,
575 2026 630 2075 et
673 2019 923 2075 comitem
968 2018 1290 2073 Barrensem
1333 2015 1518 2071 ﬁdeles
1563 2030 1712 2082 suos,

131 2125 274 2180 quos
292 2109 416 2179 jure
443 2107 733 2175 ﬁdelitatis,
757 2123 861 2179 qua
889 2107 990 2164 sibi
1019 2108 1355 2172 tenebantur,
1378 2106 1433 2161 in
1455 2105 1714 2162 auxilium

131 2218 295 2258 suum
325 2213 511 2258 contra
538 2202 686 2259 cives
715 2201 978 2258 Metenses
1007 2199 1477 2258 confoederationis
1499 2199 1715 2256 vinculo

127 2301 192 2348 ct
239 2291 642 2362 interpositione
681 2289 1008 2362 juramenti,
1051 2291 1144 2362 qui
1187 2291 1457 2346 funiculus
1502 2289 1716 2346 difficile

124 2381 442 2452 rumpitur,
489 2381 790 2452 colligavit;
841 2381 937 2437 sed
979 2381 1234 2451 quoniam
1283 2395 1547 2451 nusquam
1600 2389 1714 2436 tuta

125 2469 300 2535 fides,
331 2469 560 2526 fratrum
591 2487 805 2542 quoque
842 2471 1016 2542 gratia
1045 2485 1166 2526 rara
1194 2480 1306 2536 est,
1346 2472 1474 2528 dicti
1509 2471 1716 2528 nobiles

117 2561 376 2630 corrupti
416 2563 576 2616 etiam
615 2562 858 2632 pecunia,
895 2576 1016 2631 qua?
1055 2562 1200 2632 ipsos
1237 2563 1480 2617 videntes
1519 2563 1716 2632 sapius

129 2664 405 2719 excaecat,
445 2670 552 2710 non
585 2655 759 2711 solum
793 2656 1102 2725 episcopum
1138 2670 1298 2725 quem
1337 2654 1520 2711 fovere
1552 2655 1716 2712 debe-

126 2746 298 2811 bant,
338 2760 445 2800 non
479 2744 595 2800 sine
629 2753 755 2800 nota
790 2743 1111 2814 proditionis
1138 2743 1499 2813 reliquerunt,
1526 2757 1713 2798 verum

127 2834 302 2891 etiam
330 2835 500 2890 eidem
523 2849 584 2890 se
608 2849 880 2904 opponere
901 2843 1358 2904 pnesumpserunt
1372 2874 1388 2898 ,
1415 2841 1471 2890 et
1489 2833 1716 2890 durante

124 2925 283 2980 inter
305 2939 400 2980 eos
426 2941 522 2995 per
551 2924 838 2981 triennium
871 2941 1188 2997 guerrarum
1221 2926 1557 2991 discrimine,
1584 2925 1714 2981 dicti

126 3014 344 3071 nobiles
385 3023 440 3071 et
478 3029 762 3071 commune
801 3016 1054 3082 Metense,
1098 3033 1220 3072 cum
1263 3018 1342 3074 eis
1385 3019 1715 3090 parentelam

126 3107 446 3176 praedictam
475 3109 528 3164 in
567 3118 746 3166 castro
772 3109 1032 3180 praedicto
1059 3125 1126 3166 ex
1168 3110 1459 3182 improviso
1483 3113 1712 3170 obsedeo

129 3207 282 3255 runt.
329 3200 448 3268 Quo
489 3202 671 3258 audito
713 3202 996 3272 episcopus
1037 3212 1317 3261 constante
1358 3207 1711 3273 constantior,

129 3289 244 3344 lide
265 3289 460 3346 ﬁrmus
487 3307 609 3347 cum
635 3291 908 3349 Abraham
924 3334 938 3360 ,
971 3293 1228 3365 sapientia
1275 3295 1578 3353 Salomonis
1606 3313 1714 3354 non

125 3381 385 3447 intectus,
432 3384 705 3454 patientiae
747 3385 849 3443 Job
893 3401 1002 3441 non
1047 3401 1262 3458 expers,
1308 3403 1403 3458 spe
1446 3388 1715 3447 Simeonis

125 3473 404 3540 suﬂultus,
433 3491 592 3546 quem
623 3478 841 3548 quidam
879 3478 947 3535 de
987 3478 1233 3536 ﬁdelibus
1265 3480 1380 3536 suis
1411 3481 1622 3537 clericis
1659 3489 1716 3538 et

126 3564 290 3620 laicis
311 3565 660 3636 reliquerant,
691 3583 812 3622 cum
837 3567 978 3624 idem
1001 3568 1282 3640 episcopus
1304 3568 1526 3626 fratrem
1556 3585 1712 3628 suum

124 3671 317 3712 secum
345 3673 452 3713 non
474 3657 717 3724 haberet,
745 3659 838 3728 qui
862 3658 916 3713 in
938 3657 1224 3715 Franciam
1253 3674 1312 3716 se
1339 3660 1711 3729 transtulerat,

122 3757 195 3803 ut
220 3763 344 3802 cum
365 3755 697 3803 armatorum
721 3749 960 3818 potentia
985 3748 1256 3804 rediturus
1283 3747 1436 3804 fratri
1466 3765 1564 3806 suo
1587 3751 1714 3807 sub-

123 3842 370 3906 veniret,
421 3849 476 3897 et
524 3842 808 3912 episcopus
851 3843 1232 3909 Virdunensis,
1280 3845 1713 3914 consanguineus

124 3949 282 3998 suus,
313 3934 403 4004 qui
429 3933 531 3989 sibi
558 3933 790 3990 libenter
823 3934 879 3988 in
915 3949 1076 3991 manu
1109 3934 1313 4004 potenti
1347 3933 1617 4002 aﬂ'uisset,
1643 3935 1712 3991 ad

125 4025 308 4093 ipsum
334 4021 617 4092 pervenire
651 4037 758 4078 non
781 4031 993 4094 posset,
1022 4039 1145 4078 cum
1173 4022 1388 4078 fortuna
1417 4024 1472 4078 in
1500 4031 1710 4080 tantum

124 4115 236 4170 sibi
273 4123 598 4170 novercante
639 4114 902 4184 potuisset
937 4114 1073 4169 alius
1109 4115 1163 4169 in
1191 4114 1433 4184 eclipsim
1461 4116 1711 4186 despera-

125 4204 296 4260 tionis
332 4204 603 4272 incidisse,
641 4204 716 4259 ita
742 4212 802 4259 ut
837 4203 905 4259 de
938 4205 1333 4262 resurrectione
1367 4205 1536 4276 ipsius
1561 4206 1710 4261 nulla

124 4308 255 4363 spes
277 4292 569 4349 haberetur
601 4309 615 4350 :
653 4293 738 4348 vir
761 4293 905 4348 idem
943 4308 1220 4349 resumens
1245 4294 1390 4349 vines
1423 4295 1616 4358 animi,
1651 4296 1708 4351 in

122 4383 447 4438 Teutoniam
485 4385 552 4439 ad
582 4391 768 4455 gentes
805 4393 1090 4440 extraneas
1114 4399 1172 4439 se
1197 4386 1490 4452 convertit,
1518 4387 1611 4443 ubi
1645 4386 1709 4442 il-

1811 1924 2138 1991 discrimini,
2167 1941 2328 1995 quam
2363 1924 2453 1994 jus
2480 1926 2720 1982 ecclesiae
2757 1942 2870 1982 sua:
2905 1927 3213 1997 relinquere
3247 1927 3398 1984 inde-

1811 2014 2044 2084 fensum,
2079 2025 2133 2072 et
2163 2018 2365 2072 amicos
2389 2032 2517 2073 suos
2545 2017 2734 2073 mortis
2760 2016 3001 2086 periculo
3027 2016 3322 2086 subiacere.

1882 2109 1951 2164 Et
1974 2123 2098 2164 cum
2119 2109 2174 2163 in
2199 2108 2376 2164 medio
2403 2117 2669 2164 terrarum
2695 2108 2848 2165 ducis
2869 2116 2922 2164 et
2943 2107 3176 2174 comitis,
3199 2109 3397 2179 quibus

1811 2192 1974 2248 etiam
1993 2207 2276 2248 commune
2296 2191 2398 2266 [La
2417 2209 2686 2247 commune
2706 2192 2771 2247 de
2794 2191 2952 2257 Μαι,
2973 2191 3026 2246 la
3047 2192 3394 2266 bourgeoisie]

1811 2289 2010 2344 civium
2057 2288 2370 2344 Metensium
2413 2289 2632 2355 aderat,
2669 2296 2892 2359 paratus
2929 2297 3074 2344 esset
3110 2287 3397 2362 conﬂigere

1813 2397 1934 2435 cum
1961 2380 2188 2446 eisdem,
2214 2391 2270 2436 et
2291 2395 2414 2436 cum
2433 2378 2548 2450 jam
2571 2388 2777 2435 starent
2798 2380 2926 2434 hinc
2951 2381 3075 2436 inde
3094 2389 3396 2436 castrorum

1813 2471 1958 2525 acies
1993 2470 2307 2526 terribiliter
2333 2469 2626 2534 ordinatae,
2653 2470 2919 2540 processit
2947 2469 3000 2524 in
3037 2471 3212 2526 medio
3237 2486 3399 2528 vene~
3457 2537 3470 2546 .

1813 2563 2000 2617 rabilis
2024 2563 2306 2632 episcopus
2327 2561 2614 2628 Tullensis,
2653 2579 2792 2633 genu
2817 2561 2955 2618 ﬂexo
2987 2565 3314 2634 supplicans,
3345 2573 3399 2620 et

1812 2665 1992 2716 orans,
2017 2660 2073 2706 et
2097 2651 2329 2707 suadens
2347 2650 2572 2707 Metensi
2595 2653 2846 2724 episcopo
2869 2662 2927 2708 ut
2949 2657 3212 2726 reciperet
3233 2655 3400 2714 verba

1811 2757 1982 2812 pacts.

1881 2855 2027 2911 Idem
2076 2854 2242 2925 igitur
2277 2856 2560 2926 episcopus
2597 2855 2674 2910 illi
2715 2856 3005 2928 parentelae
3043 2859 3397 2927 compatiens,

1814 2954 2070 3016 tanquam
2097 2946 2373 3002 fidelitatis
2396 2946 2632 3013 illorum,
2657 2961 2819 3017 quam
2844 2962 2971 3017 erga
2996 2947 3242 3004 dominos
3271 2965 3400 3006 suos

1815 3039 1994 3094 studio
2024 3037 2324 3094 devotionis
2353 3037 2422 3094 ab
2455 3035 2678 3114 antiquo
2703 3045 3056 3092 exercuerant
3081 3053 3180 3092 nec
3209 3038 3382 3094 imme-

1817 3145 1954 3196 mor,
1990 3145 2092 3185 nec
2121 3128 2383 3200 ingratus,
2415 3128 2614 3199 pietate
2640 3141 2665 3169 ι
2695 3128 2934 3198 ipsorum
2961 3127 3179 3192 ductus,
3211 3139 3270 3184 ut
3306 3145 3400 3186 eos

1814 3227 1998 3290 posset
2039 3219 2156 3275 sine
2196 3219 2438 3290 periculo
2481 3234 2771 3288 corporum
2814 3225 2870 3272 et
2912 3232 3094 3273 rerum
3133 3218 3395 3284 liberare;

1812 3310 2010 3382 quibus
2045 3309 2341 3380 redemptio
2375 3324 2472 3364 seu
2503 3309 2751 3366 liberatio
2786 3309 2919 3364 alias
2943 3325 3104 3378 quam
3143 3309 3259 3380 ipso
3286 3326 3378 3365 me

1815 3401 1996 3456 diante
2019 3416 2128 3456 non
2147 3400 2400 3471 patebat;
2433 3407 2490 3455 et
2515 3399 2644 3471 quia
2665 3399 2814 3455 dubii
2840 3407 2965 3454 sunt
2984 3409 3208 3456 eventus
3233 3400 3400 3456 bello-
3483 3443 3492 3450 .

1813 3507 1953 3557 rum,
1976 3491 2137 3564 elegit
2164 3493 2218 3547 in
2238 3509 2426 3548 eorum
2451 3493 2825 3550 liberationem
2849 3493 3227 3548 certitudinem
3251 3509 3399 3549 com-

1810 3585 2097 3655 positionis
2123 3593 2177 3640 et
2202 3583 2373 3654 pacis.
2396 3583 2465 3639 Et
2486 3583 2565 3639 sic
2585 3583 2700 3655 ipse
2721 3598 2881 3653 quem
2902 3598 3122 3638 suorum
3151 3583 3400 3639 movebat

1810 3677 2004 3748 pietas,
2032 3685 2088 3732 et
2111 3675 2407 3732 adversarii
2432 3675 2515 3731 sui
2545 3675 2600 3730 in
2621 3689 2757 3746 quos
2783 3674 2944 3730 timor
2969 3682 3278 3744 tremorque
3310 3687 3399 3728 re-

1809 3775 1971 3836 pente
1991 3766 2282 3830 irruerant,
2295 3774 2504 3835 pestem
2522 3780 2731 3836 guerm
2749 3765 3080 3837 gravissima:
3099 3779 3232 3834 pace
3251 3764 3395 3832 laeta,

1811 3866 1868 3914 et
1907 3857 2159 3912 laudabili
2198 3857 2516 3921 concordia,
2561 3859 2832 3914 mediante
2856 3857 3091 3914 Tullensi
3121 3858 3394 3929 episcopo,

1810 3947 2045 4020 profusis
2070 3947 2360 4004 multorum
2385 3947 2661 4020 lacrymis,
2687 3948 2913 4004 confuso
2937 3948 3156 4004 humani
3185 3950 3398 4021 generis

1812 4039 2050 4104 inimico,
2079 4039 2458 4094 terminarunt.
2491 4037 2747 4110 Idemque
2782 4039 3086 4110 episcopus,
3117 4048 3174 4096 et
3202 4040 3396 4106 ﬁdelis,

1811 4133 2032 4187 robusta
2070 4140 2125 4186 et
2159 4140 2414 4187 constans
2449 4131 2517 4188 de
2555 4130 2892 4187 Porta-Salis
2929 4133 3232 4201 parentela.
3272 4150 3397 4188 cum

1809 4223 2005 4290 gaudio
2046 4221 2112 4276 ad
2147 4223 2365 4292 propria
2402 4222 2700 4277 redierunt.
2743 4223 2944 4290 Quinto
2969 4223 3180 4278 decimo
3215 4231 3398 4280 autem

1807 4313 2148 4382 episcopatus
2173 4314 2256 4368 sui
2289 4327 2450 4378 anno,
2483 4313 2806 4383 praesidente
2833 4311 3052 4367 domino
3085 4311 3397 4368 Innocentio

1807 4419 1945 4474 papa
1975 4413 2188 4476 quarto,
2224 4419 2289 4460 ac
2317 4404 2536 4459 domino
2567 4402 2850 4458 Friderico
2876 4403 2986 4460 ﬁlio
3020 4402 3222 4460 domini
3254 4403 3396 4459 Hen-

123 4477 378 4532 lustrium
403 4476 640 4532 virorum
678 4478 744 4533 de
785 4477 1064 4532 Eurestein
1106 4485 1162 4532 et
1195 4477 1261 4532 de
1297 4477 1506 4534 Daborc
1538 4479 1705 4534 comi-

1813 4494 1906 4549 rici
1935 4494 2276 4564 imperatoris
2303 4502 2582 4565 regnante,
2611 4495 2778 4548 vitam
2805 4493 3034 4550 feliciter
3057 4510 3396 4550 consumma.

121 4575 266 4633 tum,
296 4576 351 4623 et
376 4568 602 4624 aliorum
625 4569 916 4624 multorum
943 4568 1235 4635 nobilium,
1262 4569 1354 4640 qui
1380 4569 1434 4625 in
1461 4571 1704 4626 habenda

121 4659 319 4716 militia
345 4668 594 4730 potentes
617 4669 805 4726 erant,
829 4661 1086 4716 auxilium
1113 4661 1435 4732 imploravit.
1470 4661 1575 4730 Qui
1602 4663 1706 4718 sibi

80 4806 86 4811 .
121 4765 252 4808 cum
277 4766 460 4822 prece,
499 4761 612 4807 tum
639 4753 816 4822 pretio
845 4753 1177 4808 unanimiter
1211 4753 1565 4820 adhmrentes,
1595 4754 1706 4810 col-

121 4840 266 4898 lecto
303 4848 499 4913 magno
533 4843 793 4908 exercitu,
828 4843 1000 4914 ipsum
1033 4853 1157 4898 sunt
1182 4845 1372 4910 secuti,
1405 4854 1461 4900 et
1497 4847 1550 4901 in
1586 4855 1705 4902 tau-

122 4942 240 4988 tum
263 4941 662 5003 processerunt,
681 4936 824 5005 quod
856 4951 916 4992 se
942 4949 1104 5004 super
1125 4935 1357 4993 Mosella:
1378 4936 1597 4993 ﬂuvium
1625 4953 1708 4995 re-

122 5031 404 5092 ceperunt.

195 5111 526 5180 Quibusdam
562 5114 726 5186 igitur
751 5115 819 5169 de
853 5115 966 5172 suis
999 5115 1371 5183 laudantibus,
1399 5125 1463 5172 ut
1489 5117 1579 5174 illa
1609 5134 1708 5174 no-

119 5210 216 5262 etc
235 5201 454 5259 ﬂuvium
475 5219 583 5260 non
607 5204 920 5269 transirent,
945 5221 1047 5260 nec
1065 5208 1402 5276 permitteret
1425 5209 1708 5281 cpiscopus

117 5294 284 5364 longo
323 5295 518 5351 itinere
554 5293 804 5366 fatigatos
842 5295 1090 5352 laborare
1118 5298 1344 5354 ulterius
1381 5303 1708 5358 transeundo

122 5385 215 5440 illa
243 5394 429 5452 nocte,
456 5386 550 5442 sed
575 5387 997 5458 procrastinaret
1024 5389 1312 5444 transitum
1329 5431 1344 5455 ,
1369 5399 1424 5446 et
1447 5393 1599 5447 daret
1625 5407 1708 5448 re-

124 5475 307 5546 quiem
351 5477 660 5533 hominibus
701 5485 757 5533 et
795 5476 1085 5547 iumentis;
1136 5478 1277 5534 idem
1319 5481 1410 5551 qui
1447 5481 1568 5552 plus
1609 5498 1707 5540 suo

125 5583 288 5636 quam
317 5568 544 5624 aliorum
574 5584 736 5624 sensu
763 5577 820 5625 et
850 5569 1064 5639 ingenio
1094 5571 1399 5643 regebatur,
1429 5573 1547 5645 plus
1579 5574 1708 5631 sibi-

196 5693 222 5756 ς
343 5690 446 5746 est,
471 5683 824 5756 miseratione,
846 5681 963 5741 Gal.
993 5684 1138 5756 pitié.

198 5749 226 5790 δ
265 5751 319 5807 ΙίΙ
347 5762 449 5810 est.
484 5751 736 5808 Nattha't'.

1806 4584 1912 4651 vit,
1943 4593 1999 4640 et
2023 4585 2266 4656 sepultus
2293 4593 2376 4641 est
2401 4585 2456 4640 in
2482 4571 2650 4642 choro
2678 4585 2900 4654 majoris
2925 4586 3167 4642 ecclesia:
3195 4586 3392 4642 Metcuo

1806 4676 1900 4732 sis.
1921 4675 2044 4747 (An.
2077 4675 2262 4748 ηδε.)

1875 4768 2045 4838 Hujus
2057 4768 2201 4824 enim
2217 4767 2412 4834 fuerat,
2429 4767 2571 4838 quod
2587 4769 2786 4823 habent
2801 4768 2903 4824 hoc
2919 4776 3159 4839 tempore
3172 4783 3320 4836 raro,

1949 4839 2092 4895 Mitis
2113 4839 2243 4904 vita,
2269 4855 2460 4894 manus
2481 4839 2698 4904 munda,
2723 4840 2916 4908 pudica
2936 4854 3083 4894 caro.

1875 4931 2006 4989 Post
2031 4932 2175 4988 hunc
2204 4933 2259 4988 in
2286 4931 2442 4986 vinea
2470 4931 2681 4986 Domini
2713 4929 2966 4987 Metensis
2989 4930 3231 4987 ecclesia:
3259 4946 3392 4988 con-

1805 5024 2044 5080 corditer
2075 5023 2271 5079 enituit
2309 5021 2535 5080 fecunda
2575 5023 2854 5094 plantatio,
2887 5032 3212 5097 propagatus
3248 5026 3392 5081 indi-

1806 5129 1942 5185 gena
1970 5115 2296 5170 reverendus
2315 5121 2469 5185 pater
2490 5111 2724 5170 Iacobus
2744 5113 2998 5172 Metensis
3022 5116 3306 5188 episcopus
3325 5117 3392 5174 de

1805 5206 1973 5276 regali
2002 5206 2272 5278 prosapia,
2302 5204 2472 5261 frater
2495 5205 2687 5263 nobilis
2714 5207 2816 5262 viri
2849 5209 3120 5278 quondam
3144 5207 3336 5263 Maheu
3358 5207 3388 5248 δ

1805 5299 1958 5355 ducis
1984 5298 2345 5370 Lotharingia:
2373 5314 2441 5354 ex
2472 5307 2627 5370 patre
2661 5297 2884 5356 Ferrico
2908 5311 2930 5340 ε
2957 5301 3227 5372 quondam
3253 5301 3388 5356 duce

1805 5390 2170 5459 Lotbaringize
2194 5389 2262 5445 de
2286 5405 2474 5446 sorore
2505 5391 2717 5446 comitis
2741 5391 3020 5448 Barrensis
3047 5400 3383 5462 procreatus.

1805 5485 1908 5555 Qui
1937 5485 2222 5556 episcopus
2251 5487 2316 5541 de
2339 5485 2505 5540 nobili
2531 5486 2809 5557 progenie,
2836 5485 3147 5558 praeclarior
3172 5485 3387 5541 virtuti-

1804 5580 1906 5636 bus
1941 5585 1997 5632 et
2033 5577 2276 5633 moribus
2317 5575 2582 5648 fulgebat;
2626 5575 2681 5630 in
2721 5591 2831 5647 quo
2866 5573 3126 5648 quidquid
3158 5574 3385 5630 virtutes

1877 5703 1900 5733 ο
1940 5691 1998 5748 Id
2023 5699 2128 5758 est,
2158 5689 2448 5746 Friderico.
