3920 6310
633 365 770 424 H79

635 569 831 624 dicitize
851 568 1133 639 cupiditas,
1155 569 1210 623 in
1228 571 1466 639 potentia
1487 573 1795 636 Strenuitas,
1822 572 1875 627 in
1899 573 2216 628 strenuitate

635 658 875 721 claritas,
907 658 1234 728 benignitas,
1265 660 1524 729 sapientia
1543 662 1976 733 ,‘prudentiaque
2009 659 2244 731 tempe—'

639 756 751 800 rata
769 787 782 812 ,
808 761 873 801 ac
897 747 950 800 in
977 749 1164 802 eodem
1192 747 1422 818 ju’stitia,
1455 749 1627 805 forma
1654 751 1779 806 boni
1807 752 1976 806 livore
2001 767 2216 818 carens,

637 836 902 891 elementa
923 836 1216 905 conjunxit,
1240 839 1518 910 virtusque
1537 841 1739 896 inserta
1761 841 2106 913 resplenduit,
2132 858 2221 911 pa-

638 933 718 980 cis
758 927 948 982 robore
983 927 1280 984 discordias
1315 929 1644 997 suiIocando,
1686 933 2104 1002 imperturbatus
2133 949 2223 988 ex-

639 1019 850 1072 stiterat
876 1018 1016 1072 inter
1035 1035 1291 1090 prospera
1313 1030 1369 1076 et
1389 1023 1632 1088 adversa,
1655 1040 1867 1079 morum
1889 1024 2222 1080 ornamentis

639 1110 874 1178 undique
903 1111 1312 1180 circumseptus.
1605 1127 1615 1138 ·
1872 1117 1880 1123 ’

711 1197 874 1268 Cujus
902 1201 1150 1256 decorem
1187 1204 1443 1259 virtutum
1485 1206 1564 1260 sol
1603 1213 1658 1261 et
1689 1204 1820 1261 luna
1853 1207 2218 1274 mirabantur;

641 1292 726 1346 cui
774 1290 1022 1362 regnanti
1067 1295 1350 1349 concordia
1399 1299 1587 1367 patria:
1630 1300 1794 1353 totius
1836 1299 2216 1370 applaudebat,

641 1401 803 1452 quam
825 1385 876 1441 iu
904 1387 1153 1454 praesenti
1178 1387 1530 1458 ipsoisemoto
1550 1403 1574 1429 ει
1594 1391 1752 1460 plaga
1780 1391 2095 1461 pestilentiae
2118 1409 2224 1446 non

643 1474 891 1542 reliquit,
935 1491 1056 1529 cum
1088 1492 1193 1530 non
1226 1478 1295 1531 sit
1323 1479 1412 1547 qui
1445 1489 1596 1533 sanet
1625 1480 1842 1534 vulnera
1884 1481 2068 1550 patria:
2098 1497 2226 1534 con-

645 1563 892 1627 turbatur,
919 1573 1012 1618 aut
1048 1567 1137 1634 qui
1160 1564 1362 1633 jacenti
1390 1583 1769 1638 concussaeque
1794 1567 2070 1624 dexteram
2104 1587 2227 1640 pora

643 1654 782 1723 rigat
829 1656 1152 1712 miserantis.
1205 1657 1460 1714 Metensis
1505 1661 1752 1716 dimcesis
1798 1679 1919 1732 qua:
1964 1664 2063 1720 sub
2111 1661 2228 1733 ejus

645 1745 835 1797 umbra
860 1744 1035 1798 Iuerat
1061 1744 1251 1815 patria:
1280 1749 1443 1802 robur
1470 1748 1818 1818 fortitudinis,
1850 1751 1989 1808 facta
2019 1763 2102 1809 est
2132 1771 2228 1825 per

1143 433 1150 441 ι
1470 439 1474 442 _
1855 371 2166 425 ANONYMI
2205 371 2471 428 δλῑαυιλ
2514 364 2644 430 VIII.
3137 443 3149 455 ι

630 478 967 543 desiderant,
998 447 1328 545 conﬂuebat,
1356 482 1604 537 videlicet
1639 481 1787 553 pacis
1816 482 2083 547 amicitia,
2109 496 2178 551 pu

2140 499 2212 534 ηι-
2243 487 2288 543 Λ
2316 483 2577 539 reditibus
2591 486 2802 539 mensae
2825 482 3140 554 episcopalis
3164 485 3412 542 saeculares
3433 492 3632 551 canonicos
3647 499 3688 554 in-

3615 378 3688 446 litt

2315 573 2490 626 stituit
2518 589 2641 627 cum
2669 571 3054 628 suﬁicieutibus
3079 573 3333 640 reditibus,
3360 578 3416 632 ad
3437 579 3583 635 cultum
3601 585 3690 641 divini

2317 643 2552 715 numinis
2579 653 2876 729 deputatas,
2908 659 3184 730 ipsumque
3208 671 3467 733 stagnorum
3485 677 3523 720 et
3545 671 3692 726 molendi

2317 758 2509 802 uerum
2533 748 2885 803 aediﬁcatione
2912 749 3202 804 adornavit.
3227 749 3342 806 Item
3367 753 3408 807 in
3432 755 3691 816 abbatiisBelli-

2317 839 2465 893 Prati
2498 836 2784 910 .[Beaupré,
2820 837 2956 893 0rd.
2999 835 3152 910 Cit.],
3190 850 3242 894 et
3276 841 3691 916 Salli-Vallis[Saliul,

2321 931 2452 988 0rd.
2481 929 2706 1004 Prem.],
2734 931 2960 1001 aliisque
2985 930 3115 986 locis
3137 932 3294 988 erexit
3318 933 3618 991 innumerabilia
3633 941 3693 994 adi-

2320 1023 2442 1078 ﬁcia
2473 1022 2724 1092 operibus
2751 1021 3096 1092 sumptuosis.
3123 1020 3324 1094 Insuper
3347 1024 3561 1092 acquisivit
3579 1025 3693 1082 leuam

2321 1113 2389 1168 de
2411 1111 2758 1168 Albo-Monte
2792 1111 3052 1166 reddibile
3081 1127 3198 1167 cum
3225 1111 3325 1168 suis
3347 1114 3694 1184 appendiciisomi-

2321 1204 2442 1269 bus,
2469 1203 2537 1258 ab
2564 1202 2814 1274 episcopo
2840 1202 3070 1257 meteusi
3095 1213 3336 1273 perpetuo
3359 1203 3616 1273 possidendis.

2386 1317 2662 1372 Praeterea
2703 1331 2828 1370 cum
2875 1313 3117 1372 Ecclesia
3166 1315 3415 1371 direxisset
3454 1317 3573 1372 aciem
3598 1333 3694 1376 contra

2325 1407 2598 1463 dominum
2637 1406 2966 1464 Conraldum
3011 1405 3176 1460 lilium
3215 1405 3441 1461 Friderici
3475 1407 3694 1476 imperatoris»

2325 1508 2446 1570 post
2473 1497 2790 1554 sententiam
2820 1497 3172 1568 depositionis
3194 1496 3340 1551 latam
3366 1496 3412 1551 in
3429 1499 3612 1565 eumdem,
3627 1501 3696 1554 ira

2328 1589 2576 1644 dominus
2600 1585 2833 1644 Iacobus
2859 1603 2986 1642 cum
3021 1601 3177 1642 manu
3203 1587 3410 1656 potenti,
3441 1597 3482 1642 et
3506 1589 3643 1642 brachio
3655 1606 3695 1643 ει-

2327 1661 2473 1738 celso
2508 1681 2730 1736 veniens
2774 1680 2830 1734 in
2877 1679 3198 1750 adjutorium
3240 1679 3470 1746 Ecclesiae,
3498 1695 3564 1752 per
3587 1681 3696 1736 virtutis

2331 1791 2442 1831 suae
2485 1791 2549 1830 ac
2593 1774 2799 1829 militia:
2838 1772 3206 1830 fortitudinem
3244 1782 3297 1828 et
3332 1773 3570 1828 industriam
3596 1773 3696 1826 dicm

645 1829 762 1899 ejus
787 1831 1026 1903 eclipsim
1061 1837 1266 1890 viribus
1296 1837 1578 1893 imbecillis
1603 1857 1666 1896 ac
1694 1843 1944 1912 procellis
1973 1845 2230 1900 intumes-
2259 1841 2307 1902 Β
2332 1829 2656 1924 (ﬁmum
2693 1865 2919 1922 miriﬁce
2953 1865 3158 1938 fugavit
3189 1875 3243 1922 et
3268 1866 3453 1931 devicit,
3483 1867 3642 1936 impensis
3661 1867 3696 1919 ie

647 1923 892 1977 cen‘tibus
928 1940 1032 1979 non
1063 1927 1270 1980 modice
1295 1939 1701 1998 conquassatur,
1728 1947 1966 2004 grexque
1993 1933 2234 1992 Domini-

647 2028 746 2068 cus
771 2011 882 2082 jam
921 2014 1034 2070 fere
1078 2025 1300 2086 apparet
1327 2015 1580 2089 pastorali
1610 2022 1870 2092 regimine
1899 2023 2188 2082 destitutus
2215 2043 2230 2081 :

647 2104 741 2173 qui
770 2119 868 2159 suo
892 2111 1131 2176 tempore
1151 2107 1372 2165 ﬂectens
1393 2111 1634 2168 habenas
1653 2114 1855 2170 circum
1876 2113 2234 2184 adjacentium

649 2209 851 2276 rerum,
883 2204 1075 2250 cuncta
1107 2199 1206 2252 sub
1226 2195 1368 2268 juris
1396 2198 1577 2272 regula
1610 2203 1892 2270 limitabat,
1927 2215 1982 2262 et
2009 2195 2238 2278 conatus

650 2271 956 2356 cupiditatis
987 2287 1312 2360 infringens,
1343 2271 1706 2362 ejusimorsus
1734 2295 1952 2352 illicitos
1982 2271 2234 2377 'i‘ei‘rena‘é

648 2376 761 2442 bat,
792 2379 916 2434 dum
946 2380 1171 2437 aediﬁcia
1201 2399 1428 2455 quaeque
1453 2401 1564 2442 suae
1591 2385 1839 2444 dioecesis
1869 2389 2050 2476 diruta
2080 2399 2236 2447 vetu-

648 2479 810 2538 state,
855 2483 1070 2546 sumptu
1112 2479 1344 2534 mirabili
1383 2482 1528 2537 visus
1567 2491 1652 2539 est
1687 2485 1920 2556 undique
1959 2504 2232 2559 reparare,

649 2561 822 2627 villas,
855 2575 1055 2634 castra,
1091 2576 1144 2622 ct
1172 2570 1393 2625 castella
1417 2573 1611 2630 debilia
1638 2576 1962 2644 roboranda,
1982 2584 2236 2650 novaque

646 2658 1035 2724 construendo;
1061 2661 1396 2731 eandemque
1418 2664 1694 2720 dioecesim
1715 2668 2129 2738 quamplurimis
2145 2687 2236 2726 ac-

645 2745 862 2814 quisitis
899 2747 964 2804 de
1001 2764 1139 2803 novo
1177 2753 1607 2820 possessionibus
1643 2755 1965 2814 decorando.
2009 2759 2145 2814 Nam
2178 2761 2236 2816 in

647 2836 842 2905 oppido
866 2835 1122 2894 Saleborc
1141 2839 1482 2915 [Sarbourg],
1509 2847 1651 2914 quod
1675 2837 1917 2918 tempore
1939 2851 2236 2920 praedeces-

647 2923 788 2980 soris
809 2927 891 2980 sui
910 2927 1117 2982 ardenti
1136 2929 1408 2987 desiderio
1435 2933 1610 2989 fuerat
1623 2936 1958 3006 inchoatum,
1983 2939 2237 2996 munitio-

648 3013 807 3069 nibus
847 3015 1163 3088 insignibus,
1204 3021 1448 3094 turribus
1483 3031 1540 3078 et
1577 3021 1811 3092 fossatis,
1855 3037 1911 3084 et
1950 3046 2234 3086 murorum

647 3107 1064 3177 propugnaculis
1103 3109 1414 3168 fortissimis
1455 3111 1876 3186 consummavit;
1915 3129 1970 3176 et
1998 3122 2064 3176 de
2095 3119 2232 3178 Alba

649 3194 980 3286 [Sac-alba],
1019 3199 1085 3254 de
1123 3199 1437 3259 Herresteiu
1479 3215 1534 3262 et
1571 3207 1638 3263 de
1671 3209 1964 3266 Druchctin
1998 3211 2234 3286 [Turke-
2261 3189 2307 3250 Ο

648 3284 804 3358 sicin]
834 3295 1012 3344 turres
1037 3297 1092 3344 et
1120 3307 1305 3349 muros
1335 3295 1388 3350 in
1411 3297 1605 3355 melius
1633 3303 1928 3371 reparavit,
1965 3284 2130 3360 novas
2156 3307 2237 3362 ci-

551 3399 565 3410 ο
651 3385 861 3434 sternas
900 3380 1306 3452 profundando;
1351 3387 1505 3445 villas
1545 3405 1760 3462 quoque
1794 3394 1859 3450 de
1893 3395 2026 3451 Vico
2069 3405 2124 3450 et
2170 3397 2238 3452 de

650 3465 898 3528 Marsallo
921 3473 1054 3530 adeo
1085 3476 1334 3543 ﬁrmavit,
1365 3483 1508 3550 quod
1537 3484 1604 3539 ab
1631 3485 1920 3542 hostilibus
1951 3488 2237 3548 insnltibus

647 3573 756 3614 non
788 3561 999 3618 valeant
1027 3569 1357 3639 expugnari;
1403 3586 1467 3626 ac
1493 3573 1638 3628 circa
1667 3575 1849 3630 villam
1878 3577 1943 3632 de
1973 3577 2239 3634 Ramber-

649 3648 846 3715 villeir,
887 3667 1006 3720 quae
1043 3657 1260 3724 sepibus
1298 3668 1415 3714 emt
1443 3663 1804 3730 circumdata,
1835 3665 2082 3723 clausura
2120 3686 2239 3725 mu-

651 3752 834 3790 rorum
859 3738 1295 3808 fortissimorum,
1321 3757 1374 3802 et
1398 3749 1584 3821 viginti
1606 3762 1838 3822 quatuor
1857 3757 2090 3813 altarum
2118 3767 2236 3814 tur-

650 3827 792 3880 rium
826 3827 1022 3884 decore
1057 3833 1416 3892 circummisit
1449 3841 1496 3904 ι’,
1537 3851 1886 3914 castrumque
1923 3847 2238 3918 Spinalense

647 3921 706 3969 et
733 3916 987 3986 oppidum
1019 3923 1225 4002 magnis
1245 3925 1589 3984 ﬁrmitatibus
1610 3935 1902 4002 reparavit,
1923 3916 1978 3990 et
1999 3946 2236 3994 castrum

649 4005 718 4060 de
744 4005 1020 4075 ConiIans,
1055 3999 1196 4080 quod
1228 4012 1344 4070 fere
1370 4031 1652 4076 corruerat
1669 3999 1949 4080 vetustate
1985 4043 2238 4083 consum-

649 4103 800 4166 ptum
816 4137 835 4162 ,
867 4102 1254 4161 munitionibus
1279 4095 1508 4164 turrium
1535 4121 1590 4167 et
1627 4129 1902 4172 murorum
1929 4118 2230 4188 decoravit,

650 4186 974 4258 fossatisque
1005 4191 1285 4262 profundis
1315 4201 1675 4268 praemunivit.

719 4277 942 4348 Insuper
970 4279 1126 4348 juxta
1162 4293 1397 4342 veterem
1427 4290 1716 4359 Ilomborc,
1759 4297 2030 4366 speculam
2067 4300 2234 4357 totius

649 4369 868 4436 mundi,
897 4380 1134 4429 castrum
1164 4377 1230 4432 de
1257 4394 1396 4434 novo
1417 4387 1721 4441 construxit
1747 4388 1801 4442 in
1833 4392 2111 4448 cacumine
2139 4409 2234 4450 cu-

649 4461 858 4531 jusdam
895 4465 1095 4521 montis
1122 4467 1354 4538 deserti,
1387 4475 1528 4543 quod
1557 4475 1829 4536 Homborc
1857 4483 2031 4539 adhuc
2059 4485 2231 4540 nomi-

650 4559 827 4617 natur,
864 4569 1027 4624 opere
1057 4557 1281 4616 nimium
1313 4575 1644 4635 sumptuoso,
1677 4577 1732 4625 et
1770 4573 2230 4635 inmstimabilibus
2258 4543 2310 4603 υ

647 4645 918 4712 expensis,
961 4647 1029 4702 ad
1063 4649 1226 4706 totius
1249 4654 1590 4726 episcopatus
1624 4661 1902 4716 tuitionem
1921 4704 1934 4729 ,
1965 4666 2054 4720 ubi
2085 4668 2228 4722 mili-

651 4744 782 4802 tum,
806 4739 1022 4805 civium,
1050 4735 1441 4811 incolarum,'et
1459 4750 1693 4822 episc0pi
1715 4761 1890 4808 castra
1912 4756 2230 4827 praefulgent

649 4829 717 4883 ab
743 4829 972 4886 invicem
1001 4843 1264 4905 separata,
1292 4855 1566 4896 murorum
1593 4843 1890 4913 altitudine,
1915 4855 1970 4902 et
1998 4851 2226 4906 turrium

649 4917 996 4989 fortitudine,
1029 4941 1093 4980 ac
1119 4928 1466 4985 aediﬁciorum
1497 4933 1689 4990 decore
1717 4936 2012 5008 iusignata,
2041 4941 2226 4998 ubi‘de

724 5062 748 5121 ξι
788 5050 846 5121 Id
873 5063 975 5121 est,
1001 5061 1239 5114 mortuo.l

722 5117 751 5202 ξ
789 5119 845 5202 Ῑέ
873 5117 972 5202 est,
1003 5129 1412 5202 circummunfvit
1441 5150 1472 5186 a
1501 5133 1682 5202 fulcio,

722 5197 748 5225 ο
791 5187 1175 5268 Habuudanges
1204 5216 1368 5274 supra
1391 5187 1586 5258 dicitur

2333 1957 2754 2013 numerabilibus
2785 1971 2896 2012 non
2929 1958 3221 2028 parcendo.
3256 1957 3371 2012 Item
3399 1955 3696 2011 {eodumdeliu-

2332 2051 2532 2107 rimont
2558 2065 2681 2104 cum
2708 2048 3044 2120 appendiciis
3070 2051 3182 2104 suis
3207 2047 3496 2112 reddibile,et
3514 2047 3558 2103 de
3576 2045 3695 2100 [inde

2331 2141 2519 2212 vignes
2545 2139 2802 2195 reddibile
2828 2154 2954 2194 cum
2986 2139 3304 2211 appendiciis
3328 2137 3442 2202 suis,
3465 2146 3505 2190 et
3529 2137 3697 2190 leuandi

2332 2229 2721 2302 Gabondanges
2747 2241 2769 2270 ο
2792 2246 2916 2285 cum
2943 2230 3268 2302 appendiciis
3294 2229 3390 2284 suis
3406 2225 3696 2297 episcopath

2333 2324 2494 2380 dibile
2534 2324 2602 2378 ab
2632 2322 2823 2378 illustri
2861 2323 2984 2380 viro
3018 2322 3118 2378 Th.
3140 2321 3336 2400 comite
3361 2321 3470 2376 dicte
3489 2318 3650 2380 Soiberto,
3670 2317 3695 2367 ii

2331 2423 2649 2486 perpetuum
2686 2414 2996 2484 acquisivit.
3041 2410 3172 2470 Item
3209 2414 3274 2469 ab
3306 2412 3465 2466 illustri
3484 2410 3559 2464 vim
3580 2407 3696 2462 domino

2333 2507 2566 2564 Henrico
2589 2509 2656 2563 de
2679 2506 2876 2563 Salmis
2901 2505 3122 2564 feodum
3146 2507 3210 2562 de
3234 2501 3632 2596 Pieri-epeniedaim

2332 2599 2596 2671 pendiciis
2622 2599 2764 2663 suis,
2803 2607 2858 2654 et
2885 2598 3152 2654 reddibile
3183 2613 3300 2652 cum
3325 2587 3692 2660 liommagiisaoquisi-

2331 2691 2430 2746 vit.
2463 2689 2595 2746 Item
2633 2707 2665 2745 a
2698 2689 2916 2746 domino
2957 2689 3062 2745 Th.
3098 2689 3166 2744 de
3189 2687 3436 2744 Creincort
3453 2675 3694 2778 amisit“?-

2333 2798 2452 2838 mos
2475 2797 2600 2839 cum
2625 2781 2958 2853 appendiciis
2984 2782 3118 2837 suis.
3143 2780 3209 2834 Et
3227 2796 3256 2834 a
3279 2778 3466 2850 Domino
3479 2769 3698 2828 “eride

2332 2875 2409 2932 Le
2437 2874 2640 2947 Vogien
2656 2914 2672 2942 ,
2700 2883 2908 2945 partem
2937 2889 3055 2933 suae
3081 2870 3431 2929 advocatia:.de
3447 2860 3696 2960 I’allcdeius

2333 2967 2468 3024 Item
2487 2982 2519 3022 a
2543 2967 2764 3023 domino
2791 2965 2952 3023 Petro
2981 2966 3095 3022 ﬁlio
3120 2965 3314 3022 domini
3335 2963 3455 3018 Petri
3467 2957 3634 3030 quondm
3649 2957 3698 3005 Ii-

2334 3056 2444 3112 litis
2471 3057 2537 3112 de
2563 3047 2703 3112 novo
2733 3065 2930 3132 castro,
2961 3056 3296 3112 advocatiam
3319 3054 3376 3108 de
3395 3039 3696 3107 Castrisantek-

2337 3147 2430 3201 tim
2453 3145 2659 3226 [Cluitel
2679 3145 2863 3201 devaut
2893 3144 3082 3224 Mm].
3100 3145 3227 3202 Item
3253 3140 3489 3213 acquisivit
3508 3139 3554 3190 ali
3565 3134 3700 3229 adventi

2336 3225 2670 3290 advecatiam
2725 3235 3040 3291 Metensem.
3100 3235 3229 3290 Item
3276 3248 3383 3288 cum
3427 3225 3607 3286 discordia
3633 3225 3700 3274 Μ
3776 3225 3777 3291 l

2336 3327 2510 3398 ipsum
2539 3335 2594 3380 et
2627 3325 2690 3380 F.
2733 3337 2757 3364 α
2786 3327 2975 3382 ducem
3018 3309 3363 3394 Lotharingia:
3386 3329 3567 3410 nepotem
3590 3307 3698 3410 suf'

2335 3433 2498 3490 super
2525 3433 2590 3476 eo
2609 3417 2750 3488 quod
2781 3417 2894 3488 ipse
2927 3419 3153 3490 petebat
3177 3415 3244 3471 ab
3277 3416 3379 3486 ipso
3399 3403 3555 3484 partem
3577 3402 3702 3462 sub

2334 3511 2582 3596 reditatis
2599 3527 2668 3566 ex
2695 3519 2849 3580 parte
2866 3511 3044 3581 patris
3064 3519 3121 3566 et
3143 3511 3323 3566 matris
3339 3499 3700 3596 sibiproveniuttai

2333 3584 2553 3659 tandem
2562 3579 3122 3672 perpacemobtinuit,
3135 3579 3701 3664 management:qu

2335 3695 2476 3754 idem
2495 3695 2602 3750 dux
2621 3695 2856 3766 habebat
2875 3695 3018 3766 apud
3040 3693 3352 3754 Marsallum,
3375 3695 3424 3744 et
3435 3681 3704 3776 apud-tiones

2335 3785 2478 3856 apud
2503 3765 2874 3849 Remercville,
2910 3765 2968 3837 et
2992 3783 3136 3854 apud
3159 3777 3391 3838 Gorbesal
3415 3765 3704 3856 [Courbwtlivl‘

2334 3855 2477 3945 apud.
2496 3873 2776 3937 Sellacort,
2799 3881 2854 3928 et
2872 3873 3010 3942 apud
3032 3869 3432 3932 Rembervillcir,
3447 3855 3704 3953 et

2334 3939 2476 4042 vilic,
2489 3971 2546 4019 et
2555 3964 2696 4036 apud
2709 3939 2982 4030 Villeines,
2993 3963 3206 4044 etapud
3217 3961 3528 4017 Bissoncourt,
3538 3951 3623 4008 δίαιι
3634 3939 3705 4037 illi

2336 4038 2640 4126 teris-super
2655 4055 2757 4109 hoc
2767 4053 3028 4110 confectis
3036 4038 3244 4126 plenius
3253 4043 3704 4109 contineutrzqmm‘

2333 4161 2432 4216 per
2453 4145 2766 4216 praedictam
2794 4130 2986 4215 pacem
3003 4143 3282 4215 acquisita,
3305 4139 3426 4231 idem

2334 4235 2457 4291 tulit
2482 4235 2812 4306 episcopatui
2838 4234 3085 4301 Metensi,
3109 4235 3246 4290 sicut
3265 4229 3450 4304 plenius
3468 4226 3510 4279 in

2331 4313 2656 4386 continetur.
2686 4327 2787 4396 Qui
2817 4337 2931 4404 tam
2961 4328 3018 4382 in
3058 4324 3418 4398 temporalibus
3437 4329 3559 4413 qua?

2333 4420 2566 4477 tualibus
2590 4418 2778 4489 viginti
2815 4399 3044 4472 duorum
3084 4427 3338 4472 annorum
3360 4399 3708 4506 cur-ritatlis

2333 4522 2516 4584 specta
2541 4513 2850 4587 gubernans
2868 4511 3166 4589 dioecesim,
3187 4517 3305 4580 post
3323 4507 3423 4601 lucc
3439 4496 3602 4601 feliciter
3617 4491 3710 4540 σπη’

2333 4607 2506 4676 pbans
2532 4605 2587 4659 in
2609 4603 2859 4682 Domino,
2884 4619 3008 4659 cum
3033 4603 3274 4684 patribus
3297 4593 3572 4654 obdormivit-

2402 4718 2595 4774 Actum
2641 4733 2782 4774 anno
2823 4719 3109 4774 millesimo
3125 4710 3474 4782 ducentesimo
3505 4697 3711 4764 καθ’

2333 4825 2518 4866 mense
2546 4809 2869 4880 Septembri,
2893 4808 3199 4866 Alexandro
3224 4819 3351 4878 papa
3375 4804 3531 4872 quarto
3549 4783 3712 4845 in!!!“
3776 4889 3777 4908 χ

2332 4899 2646 4971 pontiﬁcatu
2673 4899 3010 4998 praesidente:

2400 5072 2427 5112 (ι
2468 5073 2543 5144 ρθ
2567 5084 2718 5144 petra
2742 5078 2982 5142 pertusa,
3007 5086 3184 5140 supra.

2406 5155 2428 5180 ο
2468 5143 2765 5200 Ferricum.

2405 5211 2426 5250 τ
2469 5213 2812 5269 Desideratur
2838 5222 2953 5267 orta
2980 5221 3075 5268 est.
