3920 6310
512 305 658 365 ’148ιῦ

1396 296 1664 355 SIECULI
1704 294 1810 351 Vill
1849 294 2285 355 MONC—MENTA
2325 297 2873 357 ECCLESIASTICA.

515 413 791 479 debellari,
817 418 1066 467 monente
1106 424 1202 465 nos
1223 408 1414 463 eodem
1451 406 1706 479 Apostolo
1734 422 1798 461 ac
1825 406 2039 461 dicente
2071 421 2082 456 :
2114 409 2164 469 Α
2191 405 2459 476 obeditur,
2490 426 2650 467 nares
2669 410 2865 482 quibus
2884 410 3057 467 bonus
3071 411 3280 468 (ιω-ἰειί
3305 414 3460 472 odor
3470 417 3773 488 percipitur,

517 504 644 563 Siue
664 500 1045 559 intermissione
1073 511 1234 555 orate.
1266 497 1346 553 Ad
1378 498 1515 553 hanc
1555 497 1721 567 igitur
1747 511 1986 568 pugnam
2037 494 2089 548 in

517 595 737 654 domum
781 590 992 665 Domini
1043 589 1214 644 sacris
1257 585 1684 649 solemnitatibus
1730 585 2097 649 convenitur,

517 685 634 755 ipso
661 678 890 751 Domino
914 679 993 735 sic
1033 678 1283 750 loquente
1322 695 1337 733 :
1368 676 1566 731 Domus
1593 691 1708 729 mea
1748 675 1937 731 domus
1971 690 2094 728 ora-

516 777 674 830 tionis
702 774 984 829 vocabitur.
1018 756 1126 826 Sed
1152 770 1408 842 quoniam
1431 770 1641 824 animus
1671 768 1738 823 ad
1759 767 1930 822 multa
1955 767 2092 822 divi-

517 874 629 938 sus,
677 869 991 927 tumultibus
1029 882 1284 923 curarum
1322 864 1660 921 saecularium
1701 862 2049 935 perturbatus
2072 903 2087 928 ,

517 972 573 1020 et
614 978 719 1018 non
766 963 949 1018 statim
995 970 1057 1015 ut
1109 958 1393 1015 ecclesiam
1436 955 1800 1028 ingredimur,
1845 954 2090 1011 ninnium

517 1056 701 1116 mundi
727 1055 885 1126 hujus
906 1051 1328 1109 sollicitudinum
1375 1063 1661 1120 possumus
1687 1048 1953 1111 oblivisci,
1983 1061 2090 1115 quo

516 1147 704 1217 purius
727 1155 783 1200 et
814 1144 1070 1200 attentius
1094 1142 1369 1214 puriorem
1394 1149 1558 1209 atque
1585 1139 1931 1195 attentiorem
1969 1152 2092 1190 ora-

518 1238 716 1292 tionem
744 1236 811 1290 ad
836 1235 1125 1290 Dominum
1152 1231 1376 1287 fundere
1420 1231 1714 1295 valeamus,
1760 1228 1905 1299 quod
1951 1229 2092 1282 anti-

515 1328 693 1401 phona
719 1326 788 1382 ad
816 1327 1095 1381 introitum
1116 1324 1454 1389 decantatur,
1474 1329 1531 1376 et
1548 1321 1703 1377 suavi
1728 1319 2091 1375 modulatione

515 1418 858 1489 interposita,
878 1431 977 1471 nec
996 1430 1100 1470 non
1114 1423 1171 1471 et
1196 1412 1356 1485 Kyrie
1368 1412 1631 1484 heleyson,
1652 1412 1705 1467 id
1718 1419 1821 1477 est,
1843 1410 2087 1475 Domine,

488 1508 776 1575 {miserere
803 1505 988 1571 nobis,
1016 1514 1074 1561 et
1112 1496 1315 1559 Christe
1342 1502 1607 1574 beleyson,
1638 1502 1691 1556 id
1720 1510 1823 1568 est,
1846 1501 2083 1566 Christe,

511 1599 779 1655 miserere
804 1598 980 1663 nobis,
1011 1596 1280 1652 ﬂebilibus
1331 1611 1396 1650 ac
1442 1593 1824 1665 prolixioribus
1869 1594 2092 1649 vocibus

515 1690 906 1754 conclamatur,
962 1688 1123 1745 lectio
1165 1689 1484 1759 prophetica
1540 1688 1626 1743 vel
1691 1686 1986 1758 apostolica
2034 1694 2092 1740 et

2194 512 2255 551 os
2283 513 2389 567 quo
2415 500 2655 558 suavitas
2680 502 2797 573 ejus
2834 512 3102 572 gustatur,
3127 520 3324 559 manus
3374 520 3497 575 qua
3543 521 3776 577 operatur

2173 588 2384 660 .aliquis
2404 606 2545 663 opus
2571 593 2688 661 Dei,
2727 609 2825 664 pes
2865 610 2978 673 quo
3016 597 3070 651 in
3089 598 3287 657 eodem
3314 614 3507 671 opere
3530 600 3779 673 proicere

2193 696 2299 736 non
2344 682 2585 749 desistit,
2633 683 2744 740 Deo
2791 686 2882 759 qui
2932 688 3167 745 animam
3210 690 3474 747 viviﬁcat
3520 692 3781 751 abanim

2193 772 2500 838 recedente,
2531 774 2663 829 nihil
2701 776 2894 831 horum
2938 780 3055 835 sine
3091 782 3182 836 illo
3225 786 3422 838 anima
3471 786 3650 851 valet,
3677 804 3779 843 nan

2162 874 2370 950 neque
2393 864 2593 919 mundo
2630 867 2795 921 corde
2823 868 3107 925 Dominum
3132 883 3316 944 potest
3354 875 3454 930 vel
3497 879 3782 950 intelligas

2194 949 2276 1003 vel
2300 950 2501 1017 videre,
2532 957 2978 1025 nequeiaclinare
3000 975 3187 1017 aurem
3207 980 3370 1019 suam
3402 967 3463 1020 in
3493 969 3674 1025 verba
3687 949 3784 1029 ius

2191 1038 2328 1107 ejus,
2358 1055 2531 1110 neque
2573 1044 2797 1100 odorem
2846 1049 3051 1105 notitiae
3095 1051 3266 1122 ipsius
3309 1057 3368 1109 in
3424 1059 3612 1114 vitam
3637 1066 3783 1132 perci-

2191 1144 2340 1198 pere,
2369 1146 2466 1187 nec
2508 1145 2728 1203 gustare
2754 1145 2811 1192 et
2836 1140 3022 1197 videre
3047 1158 3210 1213 quam
3241 1149 3445 1203 suavis
3489 1160 3588 1206 est
3633 1153 3787 1209 Doni.

2194 1236 2315 1285 nus,
2456 1222 2653 1292 aliquid
2683 1226 2807 1281 boni
2828 1233 3009 1300 operis
3029 1233 3111 1289 vel
3138 1238 3428 1304 meditari,
3443 1243 3539 1295 vel
3560 1249 3783 1315 exsequ'.

2193 1326 2292 1366 nec
2339 1312 2559 1369 dilatato
2605 1332 2703 1387 per
2746 1321 3031 1376 caritatem
3074 1328 3241 1383 corde
3284 1330 3448 1386 viam

2190 1419 2414 1495 currere
2457 1408 2838 1465 mandatorum
2874 1430 2888 1466 :
2927 1416 3066 1470 sicut
3104 1421 3254 1474 enim
3303 1439 3527 1495 corpus
3577 1429 3787 1491 homins

2191 1491 2261 1547 ab
2289 1494 2469 1547 anima
2498 1495 2607 1550 vim
2633 1498 2829 1569 accipit
2853 1501 3053 1574 aliquid
3074 1505 3341 1577 faciendi,
3374 1491 3467 1570 sic
3496 1518 3677 1573 etiam
3698 1523 3787 1575 ani-

2194 1600 2280 1638 ma
2333 1585 2462 1683 vim-
2491 1586 2882 1659 cujuscumque
2928 1594 3054 1650 boni
3082 1614 3311 1671 semper
3341 1620 3375 1657 a
3434 1605 3557 1661 Deo
3583 1613 3786 1683 accipi,

2195 1691 2357 1744 quam
2380 1677 2633 1747 deinceps
2660 1684 2876 1753 corpori
2906 1686 3332 1761 subministrat;
3365 1700 3528 1756 unde
3553 1712 3618 1757 et

516 1782 825 1853 evangelica
849 1782 1109 1836 recitatur
1123 1800 1141 1845 ε,
1155 1781 1477 1852 praeparatio
1505 1787 1590 1835 est
1616 1786 1674 1834 et
1694 1779 1952 1859 excitatio
1976 1779 2091 1832 ani-

2195 1768 2292 1862 dos
2314 1777 2436 1838 post
2455 1771 2635 1825 omnia
2655 1787 2777 1841 qum
2799 1790 2961 1845 supra
2988 1786 3432 1841 memoravimus
3452 1793 3647 1862 populi
3665 1796 3784 1850 ebla-

518 1883 751 1935 morum,
775 1879 835 1925 ut
862 1871 1071 1925 animus
1091 1870 1270 1941 populi
1290 1885 1322 1923 a
1370 1870 1655 1923 mundanis
1679 1867 2096 1938 cogitationibus

489 1962 602 2017 -his
643 1961 894 2017 omnibus
926 1960 1185 2033 paulatim
1208 1960 1427 2015 avulsus
1449 1959 1517 2014 ad
1536 1959 1777 2015 caelestia
1802 1958 2092 2030 cogitanda

518 2068 583 2107 ac
611 2052 966 2107 desideranda
993 2052 1267 2116 trahatur,
1291 2051 1546 2129 quatinus
1563 2064 1628 2111 eo
1658 2060 1900 2120 tempore
1924 2064 2032 2119 quo
2061 2065 2092 2104 a

517 2144 800 2201 sacerdote
839 2142 1102 2197 salutatus
1136 2142 1480 2208 adiuuetur,
1532 2148 1593 2201 ut
1630 2154 1848 2199 sursum
1897 2139 2095 2195 habeat

502 2251 634 2301 cor,
664 2235 944 2290 verissime
971 2235 1152 2290 valeat
1178 2234 1523 2306 respondere,
1552 2231 1820 2287 Habemus
1867 2233 1936 2286 ad
1984 2231 2093 2286 Do-

515 2328 737 2382 minum.
766 2325 899 2382 Nam
927 2327 975 2382 si
1003 2334 1245 2397 tempore
1267 2326 1427 2396 hujus
1448 2332 1559 2379 tam
1580 2325 1763 2379 arduae
1788 2323 2094 2394 responsio-

517 2419 602 2473 nis
630 2419 843 2473 animus
861 2418 1176 2489 cujusquam
1192 2417 1345 2471 curis
1371 2414 1723 2471 saecularibus
1768 2414 2095 2485 degravatur

517 2524 580 2563 ac
603 2509 887 2580 premitur,
916 2516 972 2563 et.
1014 2523 1073 2562 se
1100 2523 1313 2562 sursum
1342 2505 1544 2560 habere
1568 2520 1665 2560 cor
1691 2505 1759 2560 ad
1800 2504 2092 2559 Dominum

516 2600 818 2664 mentiens,
860 2608 1229 2671 protestatur;
1264 2598 1385 2653 inde
1434 2597 1664 2652 incurrit
1685 2612 1921 2667 poenam,
1953 2598 2095 2653 unde

513 2701 732 2764 poterat
757 2694 973 2750 veniam
997 2694 1323 2765 promereri,
1357 2693 1480 2747 inde
1506 2691 1575 2747 ab
1602 2692 1757 2747 hoste
1794 2691 2095 2763 prosterni-

518 2797 627 2849 tur,
664 2784 805 2839 unde
853 2784 1065 2839 hostem
1100 2791 1316 2854 poterat
1360 2798 1622 2853 superare
1654 2801 1667 2837 :
1699 2784 1961 2853 scriptum
2009 2792 2095 2839 est

482 2879 684 2942 *enim,
733 2876 805 2931 0s
835 2877 974 2947 quod
1002 2878 1250 2931 mentitur
1277 2877 1466 2931 occidit
1504 2879 1770 2943 animam;
1799 2886 1873 2941 et,
1900 2874 2092 2933 Perdet

476 2978 485 2985 '
517 2982 695 3021 omnes
730 2968 819 3037 qui
866 2965 1152 3037 loquuntur
1188 2964 1536 3021 mendacium.
1589 2964 1968 3023 Puriﬁcandus
2010 2976 2095 3023 est

479 3058 702 3127 ‘itaque
730 3059 1002 3113 orantium
1044 3059 1276 3123 animus,
1327 3066 1530 3113 etcum
1562 3059 1657 3115 Dei
1706 3061 1974 3133 adjutorio
2025 3062 2093 3118 ad

514 3149 757 3206 cmlestia
781 3147 1063 3219 cogitanda
1098 3163 1162 3203 ac
1185 3148 1541 3204 desideranda
1568 3149 1829 3207 levandus
1847 3193 1861 3218 ,
1889 3160 1951 3207 ut
1976 3168 2091 3224 pm-

479 3252 485 3262 '
516 3256 642 3296 nam
673 3239 940 3296 mendacii
962 3240 1132 3310 possit
1161 3240 1412 3308 evadere,
1443 3249 1497 3296 et
1526 3241 1711 3297 hostes
1737 3258 1863 3298 suos
1892 3253 2092 3313 quanto

480 3342 485 3350 '
516 3333 710 3388 fortius
742 3333 946 3388 orando
991 3331 1362 3398 debellaverit,
1392 3333 1477 3388 vel
1522 3345 1867 3406 prosternere
1892 3337 1977 3391 vel
2006 3336 2092 3391 fu—

477 3439 485 3447 '
514 3441 666 3499 gare.
699 3424 989 3485 Sciendum
1015 3425 1158 3480 enim
1185 3427 1328 3495 quod
1350 3426 1492 3481 sicut
1510 3428 1619 3482 vita
1646 3429 1891 3500 corporis
1912 3430 2090 3485 anima

471 3520 481 3528 ’
509 3524 622 3579 est,
648 3514 726 3570 ita
750 3515 860 3569 vita
887 3513 1080 3567 anima:
1104 3513 1246 3569 Deus
1271 3523 1375 3579 est,
1406 3523 1463 3569 et
1507 3516 1645 3571 sicut
1669 3517 1954 3573 recedente
1974 3517 2093 3573 ani-

470 3611 481 3620 '
515 3622 603 3661 ma
620 3606 847 3661 moritur
860 3620 1078 3677 corpus,
1102 3606 1178 3660 ita
1200 3606 1482 3661 recedente
1504 3609 1613 3662 Deo
1629 3610 1860 3663 moritur
1883 3611 2087 3665 anima.

512 3697 573 3751 Si
598 3704 774 3750 autem
788 3711 844 3750 os
877 3696 1017 3766 quod
1045 3697 1292 3750 mentitur
1313 3698 1499 3751 occidit
1521 3700 1774 3765 animam,
1803 3714 1933 3771 ergo
1961 3709 2090 3756 etos

476 3798 483 3805 '
513 3788 657 3859 quod
689 3802 877 3841 verum
902 3789 1033 3843 dicit
1052 3788 1291 3843 viviﬁcat
1311 3791 1567 3845 animam.
1596 3788 1703 3846 Ore
1730 3792 1894 3862 igitur
1939 3809 2091 3848 men-

510 3882 703 3944 tiente,
734 3880 1019 3935 recedente
1040 3879 1175 3944 Deo,
1205 3882 1435 3935 moritur
1449 3882 1631 3936 anima
1657 3898 1782 3937 :ore
1802 3900 1934 3939 vero
1960 3900 2089 3939 vera

515 3971 758 4034 dicente,
797 3970 1083 4025 accedente
1112 3970 1243 4036 Deo,
1271 3972 1576 4027 viviﬁcatur
1603 3974 1657 4027 in
1696 3974 1799 4029 illis
1828 3976 2092 4032 duntaxat

473 4066 478 4072 ”
505 4060 852 4118 sermonibus
869 4062 961 4133 qui
973 4070 1028 4117 et
1039 4061 1164 4116 boni
1179 4072 1304 4118 sntit
1316 4071 1372 4117 et
1384 4064 1451 4119 ad
1476 4064 1888 4122 aediﬁcationem
1931 4083 2088 4138 opor-

506 4153 758 4209 tunitatis
766 4152 1133 4224 perferuntur,
1146 4164 1203 4210 et
1211 4155 1551 4212 audientibus
1561 4159 1789 4230 gratiam
1805 4160 1961 4215 dant:
1980 4169 2091 4216 tan-

470 4244 474 4249 ’
508 4254 627 4299 tum
642 4244 872 4313 denique
885 4245 1455 4318 merebitureujusque
1478 4255 1603 4303 tunc
1615 4263 1682 4303 ex
1695 4249 2091 4306 circumstanti-

511 4334 613 4391 bus
624 4335 801 4390 anima
813 4335 925 4391 Deo
938 4337 1228 4392 miserante
1240 4337 1344 4393 vivi
1353 4338 1498 4394 ﬁcari
1507 4380 1522 4406 ,
1536 4347 1793 4409 quantum
1805 4357 2017 4397 sursum
2032 4358 2090 4398 se

2199 1861 2342 1915 tione
2390 1872 2673 1934 suscepta,
2722 1880 2787 1920 ac
2833 1866 2945 1922 Deo
2985 1870 3203 1926 interim
3243 1874 3413 1932 brevi
3469 1861 3781 1942 oratiuncula

2195 1956 2594 2021 commendata,
2624 1958 2678 2012 in
2705 1960 2844 2015 hanc
2873 1964 3122 2030 protinus
3145 1982 3354 2024 vocem
3377 1976 3667 2045 erumpit:

2708 2049 2963 2109 Dominus
3001 2057 3293 2115 uobiscum.

2264 2136 2385 2194 Nec
2417 2154 2546 2195 vero
2587 2140 2671 2197 vel
2706 2158 2932 2203 sursum
2971 2148 3134 2207 corda
3176 2161 3381 2207 nostra
3424 2158 3679 2230 erigere,
3718 2167 3781 2216 vi

2196 2231 2385 2305 dignas
2414 2232 2524 2288 Deo
2550 2236 2751 2306 gratias
2778 2252 2938 2307 agere
2957 2279 2972 2304 ,
3002 2240 3087 2294 vel
3115 2250 3175 2294 ut
3220 2254 3445 2304 nostra:
3486 2264 3650 2306 voca
3686 2255 3779 2307 ιιι

2196 2320 2355 2377 dibus
2386 2321 2649 2378 virtutum
2687 2326 2986 2382 caelestium
3037 2329 3464 2402 coniungantur
3513 2342 3782 2398 valebimus

2195 2413 2470 2480 obtinere,
2506 2415 2616 2471 nisi
2652 2432 2775 2473 eum
2794 2419 3000 2476 animae
3032 2434 3238 2480 nostra:
3274 2427 3437 2485 Deus
3473 2431 3638 2489 fuerit
3667 2438 3779 2501 vita.

2197 2503 2446 2561 videlicet
2473 2521 2570 2562 sua
2596 2526 2609 2562 :
2641 2510 2783 2595 quod
2811 2512 2978 2567 etiam
3009 2514 3282 2576 Dominus
3312 2519 3487 2579 Iesus
3513 2530 3605 2596 qui
3627 2532 3689 2584 de
3711 2548 3785 2587 se.

2195 2598 2425 2668 metipso
2442 2600 2553 2666 ait,
2586 2601 2700 2673 Ego
2726 2620 2842 2658 sum
2872 2607 2986 2671 via,
3013 2616 3061 2661 et
3090 2611 3330 2675 veritas,
3366 2627 3418 2669 et
3448 2620 3573 2681 rita,
3602 2637 3775 2677 ascea-

2171 2704 2352 2755 ,surus
2379 2689 2434 2743 in
2458 2690 2656 2746 ctelum
2680 2694 2960 2764 discipulis
2985 2697 3099 2754 suis
3122 2704 3397 2770 promisit
3420 2708 3631 2765 dicens:
3657 2712 3778 2769 Ecce

2193 2796 2286 2850 ego
2322 2780 2582 2835 vobiscum
2616 2800 2733 2838 sum
2763 2788 3003 2844 omnibus
3034 2790 3220 2848 diebus
3254 2813 3437 2865 usque
3470 2801 3540 2855 ad
3568 2820 3785 2859 consan-

2193 2874 2475 2963 mationem
2502 2875 2712 2942 steculi,
2743 2886 2798 2931 et
2823 2881 3057 2950 quodam
3076 2883 3209 2940 loco
3239 2887 3300 2941 in
3349 2891 3656 2963 Evangdio
3689 2900 3781 2951 ait:

2197 2962 2299 3017 Ubi
2332 2964 2438 3053 duo
2474 2966 2550 3019 uel
2583 2975 2689 3021 tres
2725 2975 3026 3043 congregati
3062 2975 3265 3045 fuerint
3308 2981 3373 3034 in
3404 2962 3635 3040 transisse
3664 3005 3779 3053 nes,

2194 3055 2269 3111 ibi
2296 3052 2411 3110 sum
2437 3073 2530 3127 ego
2557 3058 2612 3112 in
2638 3061 2808 3115 medio
2834 3078 3031 3118 eorum.
3067 3064 3284 3124 Salutat
3334 3070 3520 3142 igitur
3564 3052 3777 3137 sacerdos

2190 3147 2449 3216 populqu
2482 3164 2606 3205 cum
2636 3151 2805 3207 dicit:
2846 3151 3102 3210 Dominus
3138 3161 3422 3217 vobiscum
3442 3188 3465 3231 ,ί
3511 3177 3572 3222 et
3607 3182 3712 3226 om
3734 3182 3783 3226 ut

2194 3239 2336 3293 sicut
2369 3240 2485 3309 ipse
2517 3251 2601 3296 est
2638 3243 2885 3314 dignatus
2916 3249 3271 3317 promittere,
3304 3255 3387 3311 sit
3419 3275 3559 3314 cum
3588 3265 3782 3320 ecclesia

2194 3329 2405 3423 sua,‘in
2434 3346 2539 3423 qua
2566 3334 2684 3389 'non
2716 3335 2886 3391 scium
2917 3337 3022 3394 duo
3051 3341 3133 3394 vel
3166 3352 3281 3398 tres
3309 3358 3783 3423 ροηδε-(δωρεὴ

2194 3421 2412 3477 nomine
2447 3421 2597 3492 ejus,
2627 3440 2814 3480 verum
2851 3428 3016 3484 etiam
3052 3431 3497 3497 innumerabilis
3533 3421 3783 3503 bonum.

2191 3512 2248 3567 in
2278 3528 2337 3568 se
2362 3514 2700 3571 credentium
2736 3519 3041 3577 multitudo.
3080 3522 3195 3579 Hoc
3230 3538 3433 3585 autem
3466 3533 3785 3591 salutatis-ii

2192 3605 2444 3669 verbum,
2478 3606 2531 3660 id
2560 3616 2645 3662 est
2676 3606 2930 3666 Dominus
2958 3613 3218 3668 vobiscum
3237 3658 3251 3679 ,
3288 3636 3410 3675 non
3453 3626 3695 3684 humana
3711 3644 3786 3683 ex.

2193 3695 2518 3766 cogitatione
2544 3692 2730 3754 llctum
2754 3711 2915 3771 atque
2941 3709 3305 3775 compositum
3321 3752 3340 3777 ,
3382 3717 3487 3771 sed
3518 3721 3721 3775 antisti
3742 3738 3787 3775 et

2194 3787 2371 3842 divina
2402 3791 2730 3847 auctoritate
2762 3803 3071 3866 susceptum
3105 3809 3222 3854 est:
3267 3819 3408 3860 nam
3449 3821 3513 3864 et
3552 3812 3611 3866 in
3633 3813 3784 3869 Ventri

2194 3877 2542 3974 Testamento
2575 3881 2772 3974 legitur
2802 3886 2945 3954 quod
2981 3885 3198 3944 Gedcon
3239 3908 3393 3949 unus
3431 3895 3785 3974 iudicaripo-

2193 3969 2301 4039 puli
2352 3969 2516 4026 Israel
2560 3972 2627 4028 ab
2666 3974 2856 4043 angelo
2900 3976 3164 4036 salutatus
3204 3985 3495 4055 audierit,
3548 3969 3781 4050 Densum

2193 4070 2380 4159 tecum,
2409 4062 2637 4118 virorum
2663 4064 2981 4134 fortissime;
3012 4078 3068 4125 et
3091 4072 3145 4125 in
3173 4073 3327 4130 Novo
3354 4080 3596 4139 beatam
3614 4096 3668 4142 et
3689 4088 3785 4159 εῦ-

2194 4152 2390 4207 riosam
2421 4170 2634 4225 semper
2660 4156 2924 4227 virginem
2952 4161 3045 4216 Dei
3072 4166 3406 4233 genitricem
3448 4152 3785 4234 Βατίδα-δὶς

2192 4245 2372 4343 verbis
2393 4247 2615 4343 angelus
2638 4251 2895 4306 scribitur
2917 4253 3216 4312 salutasse:
3244 4261 3381 4328 Ave,
3404 4265 3786 4343 llas-imm

2191 4337 2381 4435 plena,
2426 4339 2682 4397 Dominus
2726 4354 2917 4401 tecum.
2964 4348 3030 4403 Et
3070 4352 3268 4409 iterum
3314 4359 3462 4415 dicit
3500 4379 3609 4435 per

464 4440 471 4443 ‘
511 4426 713 4483 habere
731 4442 829 4483 cor
842 4427 1089 4484 veracius
1101 4443 1197 4483 ore
1212 4430 1580 4501 responderit:
1608 4441 1663 4487 et
1688 4440 1836 4489 tanto
1858 4435 2090 4507 amplius
2115 4456 2170 4518 θ
2192 4430 2371 4486 chiam
2396 4435 2709 4503 prophetam
2737 4455 2749 4491 :
2785 4438 2949 4494 Labia
2977 4445 3265 4502 sacerdotis
3293 4426 3617 4513 custodian
3638 4463 3787 4514 sda-

510 4518 604 4575 Dei
630 4518 925 4575 offensione
949 4518 1365 4575 mortiﬁcabitur
1380 4563 1397 4587 ,
1424 4532 1625 4592 quanto
1642 4525 1696 4580 id
1722 4525 1776 4581 in
1796 4536 2087 4600 conspectu

509 4610 629 4680 ejus
649 4609 964 4666 mendacius
980 4613 1385 4682 prtesumpserit
1396 4616 1740 4684 respondere.
1769 4619 1899 4675 illud
1923 4621 2087 4676 etiam

508 4716 853 4771 summopere
874 4700 1261 4757 advertendum
1287 4713 1389 4768 est,
1407 4707 1547 4772 quod
1573 4722 1770 4777 corpus
1790 4710 2086 4766 humanum

460 4810 469 4817 ν
505 4808 633 4848 cum
658 4801 715 4849 et
739 4792 925 4848 oculos
953 4792 1172 4859 habeat,
1202 4801 1259 4849 et
1282 4809 1460 4861 aures,
1488 4805 1544 4849 et
1572 4811 1764 4861 nares,
1790 4806 1845 4853 et
1893 4815 1977 4866 os,
2032 4810 2088 4856 et

510 4899 725 4950 manus,
755 4892 811 4939 et
836 4884 1022 4955 pedes,
1071 4885 1345 4940 desertum
1387 4896 1564 4943 tamen
1594 4889 1663 4943 ab
1691 4891 1874 4945 anima
1912 4908 2087 4963 neque

504 4973 682 5030 oculis
708 4975 911 5040 videre,
942 4989 1115 5045 neque
1141 4976 1326 5031 audire
1359 4978 1599 5045 auribus,
1640 4994 1815 5051 neque
1861 4983 2086 5042 naribus

506 5064 712 5134 aliquid
737 5065 988 5131 odorare,
1013 5079 1186 5135 neque
1205 5081 1301 5121 ore
1320 5068 1609 5138 quicquam
1638 5051 1878 5141 gustare,
1912 5089 2085 5144 neque

511 5153 760 5209 manibus
783 5156 926 5211 valet
953 5156 1152 5227 aliquid
1178 5159 1413 5227 operari,
1442 5174 1617 5228 neque
1637 5150 1871 5231 pedibus
1896 5165 2086 5222 ullate-

512 5257 613 5298 nus
637 5235 951 5313 ambulare:
974 5248 1154 5302 anima
1193 5248 1391 5319 quippe
1417 5244 1639 5307 manens
1670 5254 1722 5308 in
1751 5269 1980 5325 corpore
2029 5268 2086 5313 et

508 5352 610 5407 per
631 5335 846 5391 oculum
864 5340 1110 5405 videt,et
1133 5342 1279 5397 audit
1296 5346 1405 5413 per
1420 5330 1629 5423 aurem,
1661 5354 1715 5400 et
1744 5347 1963 5403 naribus
1988 5349 2086 5405 ali-

469 5451 475 5457 -
510 5427 638 5497 quid
657 5426 938 5493 odoratur,
973 5438 1029 5485 et
1056 5430 1292 5502 loquitur
1314 5448 1412 5504 per
1428 5449 1510 5499 os,
1535 5443 1591 5488 et
1612 5436 1860 5493 manibus
1885 5439 2086 5510 aliquid

511 5521 710 5596 tangit,
736 5528 792 5577 et
823 5520 1049 5591 pedibus
1075 5523 1376 5583 ambulandi
1406 5526 1636 5596 gratiam
1685 5527 2082 5589 subministrat.

468 5638 473 5641 -
509 5618 644 5670 (lum
683 5613 845 5684 igitur
891 5612 1078 5668 oculus
1106 5615 1296 5670 anima:
1333 5617 1415 5670 vis
1441 5616 1525 5671 illa
1560 5619 1630 5672 sit
1661 5634 1765 5687 qua
1807 5621 1949 5678 Deus
1996 5626 2081 5680 vel

462 5711 475 5743 -'
509 5708 842 5779 intelligitur,
864 5706 948 5761 vel
960 5707 1198 5771 videtur,
1226 5708 1372 5761 auris
1396 5726 1501 5780 qua
1523 5712 1641 5765 voci
1664 5713 1778 5782 ejus
1807 5715 2085 5773 humiliter

2192 4524 2353 4622 tiam,
2392 4535 2443 4622 et
2484 4524 2647 4598 legem
2691 4530 2952 4601 requirent
2992 4551 3059 4589 ea:
3094 4554 3185 4592 ore
3222 4541 3379 4610 ejus,
3407 4551 3549 4616 ρέα
3587 4554 3788 4622 angelus

2191 4616 2402 4673 Domini
2429 4622 2750 4676 exercituum
2777 4635 2875 4679 est.
2930 4626 2988 4682 Si
3039 4645 3169 4700 ergo
3205 4638 3476 4694 sacerdos
3508 4616 3788 4700 scientiam

2186 4710 2498 4765 custodiens
2536 4720 2591 4766 et
2639 4711 2775 4784 legis
2811 4717 2906 4772 Dei
2948 4732 3215 4791 prmeepta
3238 4725 3391 4794 plebi
3427 4732 3787 4798 adnuntians,

2185 4802 2408 4871 angelus
2444 4803 2660 4860 Domini
2688 4811 3027 4867 exercituum
3053 4823 3137 4869 est
3162 4831 3178 4881 ;
3211 4817 3546 4887 dignissime
3574 4829 3791 4883 omnia

2184 5082 2241 5168 et
2281 5076 2544 5146 dignitate
2579 5082 2801 5157 donati,
2846 5085 3122 5153 homines,
3169 5093 3383 5161 quibus
3412 5098 3616 5168 aliqua
3663 5119 3789 5157 nua-

2184 5167 2322 5224 tiare
2349 5170 2501 5226 missi
2530 5184 2683 5239 sunt,
2713 5176 2975 5234 salutasse
3000 5180 3266 5252 legmntur.
3312 5167 3528 5258 Neque
3550 5193 3665 5248 hoc
3701 5211 3790 5248 no-

2185 5259 2332 5314 mine
2364 5260 2590 5329 quilibet
2621 5266 2877 5323 sacerdos
2909 5268 3184 5336 infuletur,
3226 5290 3335 5329 non
3377 5280 3537 5335 enim
3588 5286 3791 5339 diem

2184 5356 2269 5404 est
2294 5349 2435 5419 quod
2458 5354 2636 5408 omnis
2660 5357 2916 5413 sacerdos
2946 5361 3168 5430 angelus
3193 5363 3409 5420 Domini
3437 5373 3791 5428 exercitum

2186 5450 2307 5507 est;
2349 5442 2443 5498 sed
2480 5444 2568 5499 ille
2603 5447 2852 5503 videlicet
2887 5450 3067 5515 solus,
3105 5453 3258 5521 cujus
3289 5464 3347 5510 et
3394 5457 3545 5516 labia
3602 5474 3788 5520 anto-

2187 5534 2342 5588 diunt
2377 5535 2696 5603 scientiam;
2734 5549 2789 5594 et
2826 5555 2892 5594 ex
2927 5541 3080 5612 cujus
3116 5560 3210 5599 ore
3243 5546 3331 5602 lex
3368 5550 3470 5607 Dei
3518 5557 3787 5626 requisita

2187 5627 2432 5682 docetur.
2474 5628 2699 5684 Studeat
2727 5645 2858 5699 ergo
2885 5632 3150 5702 imprimis
3178 5638 3270 5706 qui
3299 5640 3405 5696 hoc
3435 5647 3679 5702 nomine
3701 5648 3787 5703 dr-

2188 5722 2434 5785 lcctatur,
2475 5723 2755 5777 scientiam
2795 5723 2987 5780 divinae
3017 5727 3151 5797 legis
3188 5729 3391 5788 habere
3570 5738 3787 5795 insene-
