3920 6310
166 356 311 416 ιιεδ

1292 349 1654 408 EXPOSITIO
1694 346 1919 404 MSS!)
1959 343 2295 401 ROMANJZ.

3283 340 3416 399 1486

163 486 336 541 ctum,
376 483 429 530 et
466 471 734 529 custodire
764 487 863 542 per
894 469 1261 541 operationem
1301 484 1314 518 :
1352 464 1563 519 studeat
1596 474 1742 515 eam-
1773 466 1819 519 Α
1845 468 1951 513 tur.
1983 456 2091 513 Nec
2123 473 2249 511 vero
2282 457 2525 513 deorsum
2558 472 2652 511 eor
2681 453 2944 513 habentes
2988 458 3185 529 aliquid
3225 472 3416 529 possu-

166 569 293 623 dem
328 565 497 636 legem
538 563 659 627 Dei,
690 578 849 635 quam
878 571 933 617 et
971 558 1218 630 intelligit
1251 564 1304 611 et
1339 561 1615 625 operatur.
1643 564 1740 618 po-

162 656 294 731 pulo
318 658 595 723 nuntiare;
624 665 679 710 et
706 666 832 713 tunc
854 652 1066 709 demum
1094 659 1245 705 tanto
1272 647 1463 717 aliquis
1489 640 1746 699 vocabulo

166 752 389 821 dignum
418 764 478 805 se
512 764 631 805 esse
660 763 766 803 non
795 746 1036 808 dubitet,
1068 750 1128 798 ut
1155 741 1364 797 scilicet
1390 735 1612 805 angelus
1644 733 1747 787 Do-

165 845 302 902 mini
331 845 664 903 exercituum
692 832 1020 905 nominetur,
1051 849 1107 896 et
1135 839 1224 893 sit.
1263 835 1395 891 Illud
1423 833 1587 888 etiam
1626 829 1746 883 nul-

166 939 381 994 latenus
417 934 933 1007 praetermittendum
974 939 1139 1003 puto,
1182 926 1322 998 quod
1368 925 1435 980 ah
1481 919 1747 992 episcopis

164 1029 424 1101 populum
469 1027 827 1083 salutantibus
876 1040 982 1080 non
1038 1022 1211 1077 solum
1265 1018 1519 1074 Dominus
1575 1013 1748 1067 uobis-

164 1136 318 1183 cum,
375 1134 562 1173 verum
620 1117 785 1173 etiam
831 1132 936 1187 pax
981 1112 1273 1174 vobiscum,
1324 1107 1407 1164 vel
1452 1123 1557 1178 pas:
1608 1103 1747 1159 vobis

164 1211 336 1266 soleat
380 1209 717 1265 exelamari:
766 1207 910 1263 enim
950 1220 1079 1260 vero
1119 1216 1293 1273 neque
1334 1201 1434 1255 hoc
1475 1214 1505 1251 a
1552 1212 1747 1267 magno

164 1299 425 1371 mysterio
449 1308 602 1355 vacat
623 1339 639 1365 ,
668 1298 799 1354 dicit
826 1310 1061 1366 namque
1089 1293 1347 1349 Dominus
1376 1290 1428 1344 in
1459 1276 1748 1356 Evangelio

165 1391 235 1446 de
263 1406 323 1445 se
350 1390 503 1460 ipso:
538 1389 649 1461 Ego
687 1404 806 1443 sum
845 1397 1025 1459 pastor
1063 1384 1262 1449 bonus,
1290 1390 1347 1436 et
1386 1377 1546 1450 paulo
1583 1387 1746 1447 posu
1790 1454 1794 1458 '

166 1481 318 1538 Sicut
350 1483 486 1537 novit
516 1498 597 1536 me
626 1480 789 1536 Pater
811 1489 859 1535 et
893 1496 985 1550 ego
1011 1493 1235 1549 agnosco
1266 1472 1480 1529 Patrem
1500 1512 1515 1537 ,
1547 1480 1597 1526 et
1632 1469 1749 1524 ani-

147 1592 307 1632 .mam
331 1590 499 1629 meam
522 1589 656 1644 pono
681 1588 775 1644 pro
801 1571 978 1625 ovibus
1002 1568 1168 1623 meis:
1197 1580 1297 1621 nec
1322 1579 1429 1619 non
1450 1573 1504 1617 et
1522 1569 1644 1633 post
1664 1577 1750 1617 re-

162 1667 554 1723 surrectionem
591 1680 744 1721 suam
774 1664 994 1720 easdem
1031 1675 1160 1717 oves
1198 1673 1326 1714 suas
1359 1653 1748 1711 commendans

166 1756 454 1829 apostolis,
491 1756 569 1810 ait
599 1756 669 1812 ad
700 1754 1072 1811 beatissimum
1110 1750 1328 1805 Petrum
1366 1764 1381 1799 :
1423 1745 1589 1800 Pasce
1629 1760 1746 1798 oves

162 1866 339 1913 meas,
388 1848 444 1903 in
489 1848 684 1917 quibus
719 1842 1032 1915 pascendis,
1077 1848 1136 1895 ut
1174 1856 1236 1897 se
1275 1852 1490 1908 quoque
1529 1851 1627 1906 pro
1667 1833 1746 1889 eis

169 1938 450 1997 moriendo
478 1940 781 1994 imitaretur
805 1934 1047 2004 adiunxit
1072 1950 1085 1986 :
1117 1931 1248 1987 Cum
1273 1946 1406 1985 esses
1425 1928 1613 1999 junior
1636 1925 1750 1979 cin-

166 2031 327 2103 gebas
357 2040 425 2094 te,
453 2040 501 2085 et
526 2028 831 2083 ambulabas
857 2026 945 2081 ubi
970 2024 1204 2089 volebas;
1227 2038 1344 2076 cum
1370 2029 1541 2075 autent
1567 2034 1752 2073 senue-

167 2121 273 2187 ris,
302 2119 542 2174 extendes
573 2134 762 2172 manus
792 2127 940 2182 tuas,
972 2125 1019 2169 et
1048 2114 1188 2167 alius
1218 2123 1265 2167 te
1292 2112 1492 2181 cinget,
1522 2118 1570 2163 et
1596 2108 1750 2161 ducet

166 2228 272 2279 quo
293 2220 348 2264 tu
378 2226 482 2264 nou
510 2210 604 2264 vis.
638 2207 753 2263 Hoc
788 2216 959 2262 autem
1000 2204 1167 2269 dixit,
1198 2201 1372 2273 inquit
1398 2199 1748 2271 evangelista,

161 2302 472 2373 signiﬁcans
496 2318 599 2372 qua
625 2309 788 2355 morte
815 2297 1201 2367 clariﬁcaturus
1228 2303 1357 2349 esset
1384 2292 1573 2348 Deum.
1603 2291 1751 2348 Con-

169 2402 279 2450 stat
307 2393 472 2463 igitur
499 2392 784 2447 Dominum
820 2388 1003 2445 Iesum
1034 2386 1308 2443 Christum
1336 2394 1613 2457 pastorem
1649 2384 1749 2440 bo-

152 2470 303 2538 num
330 2481 643 2537 relicturum
684 2478 943 2534 mundum
973 2486 1027 2533 et
1054 2476 1355 2533 rediturum
1395 2475 1462 2530 ad
1502 2470 1749 2538 Patrem,

168 2576 241 2631 ad
270 2574 599 2645 pascendum
639 2588 768 2628 oves
807 2585 933 2626 suas
975 2569 1193 2625 Petrum
1215 2608 1229 2633 ,
1268 2575 1322 2622 et
1359 2566 1414 2621 in
1448 2565 1611 2621 Petro
1649 2580 1754 2620 cae-

174 2674 321 2723 teros
357 2663 690 2735 coapostolos
723 2661 902 2725 Petri,
943 2675 1044 2715 nec
1082 2674 1189 2714 non
1225 2665 1281 2713 et
1307 2672 1496 2713 omnes
1534 2666 1752 2726 aposto-

175 2757 349 2815 lorum
394 2770 767 2820 successores,
812 2753 867 2809 id
914 2761 998 2808 est
1034 2752 1345 2823 episcopos,
1382 2749 1501 2805 loco
1535 2746 1753 2823 proprio

176 2847 458 2919 reliquisse
478 2886 494 2911 ,
526 2860 621 2901 eos
664 2843 914 2900 videlicet
943 2843 1035 2913 qui
1071 2843 1297 2898 caritate
1334 2849 1389 2897 et
1421 2848 1579 2897 aetate
1607 2838 1754 2895 Petri

173 2955 363 2995 curam
390 2936 689 3009 suscipiunt
714 2936 894 3003 Petri,
926 2936 981 2993 id
1008 2947 1092 2992 est
1117 2952 1226 2992 non
1255 2936 1429 2992 solum
1453 2935 1752 3005 principem

172 3039 452 3102 pastorum
483 3031 764 3086 Dominum
804 3028 988 3085 Jesum
1027 3028 1161 3103 plus
1185 3028 1399 3084 caeteris
1439 3027 1748 3097 diligentes,

173 3136 362 3178 verum
388 3122 551 3177 etiam
575 3135 675 3192 pro
702 3120 893 3176 ovibus
919 3119 1023 3174 sibi
1051 3118 1272 3174 creditis
1306 3125 1535 3172 mortem
1573 3117 1753 3172 subire

171 3212 365 3285 parati.
399 3211 464 3266 lli
491 3226 618 3282 ergo
645 3210 842 3267 summi
868 3209 1100 3280 pastoris
1129 3208 1246 3263 loco
1269 3215 1325 3261 et
1353 3207 1469 3262 vice
1492 3215 1715 3278 agentes
1732 3247 1747 3273 ,

174 3310 569 3374 consequenter
599 3316 730 3358 oves
755 3301 857 3357 sibi
888 3300 1123 3356 creditas
1149 3299 1390 3369 ejusdem
1429 3298 1624 3354 summi
1651 3313 1751 3368 pa-

177 3395 340 3450 storis
367 3408 499 3449 voce
525 3393 762 3449 salutant
788 3409 801 3445 :
836 3391 1096 3461 scriptum
1133 3400 1218 3447 est
1241 3390 1387 3446 enim
1417 3390 1471 3445 in
1510 3388 1754 3460 Evange-

177 3489 277 3556 lio,
308 3489 451 3559 quod
476 3486 682 3543 foribus
709 3485 906 3541 clausis
930 3486 1190 3563 Dominus
1215 3485 1283 3539 ad
1307 3482 1600 3552 discipulos
1628 3496 1754 3537 suos

178 3581 520 3651 ingrediens,
553 3588 716 3649 atque
747 3578 805 3633 in
839 3578 1017 3634 medio
1054 3591 1243 3633 eorum
1278 3577 1615 3640 consistens,
1651 3574 1755 3631 hoc

178 3687 270 3727 eos
307 3684 554 3727 sermone
580 3668 898 3725 salutaverit
924 3669 1148 3725 dicens:
1179 3667 1299 3723 Pas:
1330 3666 1469 3722 vobis
1487 3707 1503 3732 ,
1545 3666 1601 3722 in
1635 3665 1755 3720 aliis

175 3779 390 3835 quoque
426 3761 560 3818 locis
600 3762 741 3817 idem
781 3759 975 3816 fecisse
1014 3776 1123 3815 non
1165 3759 1463 3830 ignoratur.
1509 3756 1758 3815 Salutant

179 3871 305 3925 ergo
358 3852 594 3924 episcopi
644 3851 900 3923 populum
955 3866 1088 3907 voce
1130 3850 1325 3905 summi
1374 3849 1646 3915 Pastoris,
1696 3857 1756 3905 ut

179 3945 462 4001 ostendant
507 3958 566 3999 se
609 3943 728 3999 loco
774 3942 970 4001 summi
1017 3941 1258 3997 Pastoris
1307 3928 1437 3996 oves
1485 3938 1602 4010 ejus
1648 3956 1756 3996 non

178 4037 355 4093 solum
380 4049 605 4107 pascere
632 4033 861 4100 debere,
888 4047 1077 4088 verum
1104 4032 1265 4087 etiam
1291 4046 1391 4102 pro
1417 4031 1498 4084 eis
1526 4038 1757 4084 mortem

181 4118 411 4183 libenter
436 4123 707 4195 amplecti.
738 4123 870 4178 Tam
896 4132 1083 4178 sancta
1110 4122 1292 4191 itaque
1320 4129 1375 4175 et
1402 4118 1606 4174 salubri
1636 4134 1760 4174 ora-

182 4221 327 4276 tione
365 4237 430 4275 ac
457 4207 781 4275 salutatione
810 4215 1106 4273 sacerdotis
1142 4215 1369 4271 libenter
1409 4220 1660 4282 accepta,
1689 4227 1759 4267 ne

180 4310 491 4367 salutationi
532 4308 650 4379 ejus
700 4308 944 4363 videatur
988 4307 1228 4378 ingratus
1262 4303 1524 4367 existere,
1563 4301 1759 4357 salutat

182 4402 407 4473 populus
431 4400 764 4458 sacerdotem
792 4397 1047 4454 dicendo:

677 4489 746 4543 Et
779 4504 896 4542 cum
928 4486 1118 4558 spiritu
1148 4494 1259 4539 tuo.

254 4580 386 4638 Orat
410 4588 592 4635 autem
621 4588 680 4634 ut
710 4578 967 4634 Dominus
996 4591 1118 4632 eum
1146 4574 1340 4647 spiritu
1377 4574 1542 4632 etiam
1582 4588 1761 4655 sacer-

182 4672 325 4729 dotis
353 4687 473 4727 esse
501 4671 766 4739 dignetur.
798 4665 915 4723 Non
937 4681 1158 4737 parvam
1197 4680 1327 4736 ergo
1363 4662 1760 4720 resalutationis

185 4763 416 4835 gratiam
446 4762 695 4816 sacerdos
727 4775 759 4814 a
793 4757 992 4830 populo
1020 4756 1245 4829 amipit:
1273 4757 1413 4812 sicut
1435 4757 1579 4812 enim
1610 4754 1761 4811 solus

186 4854 275 4909 ille
311 4853 552 4907 salutans
576 4850 857 4907 Dominum
878 4889 896 4916 ,
924 4856 985 4904 ut
1008 4863 1130 4903 cum
1155 4847 1405 4903 omnibus
1430 4861 1550 4902 esse
1575 4846 1763 4916 digna-

187 4953 338 5002 retur
364 4944 576 5009 oravit;
618 4944 693 4998 ita
718 4943 880 4999 etiam
907 4943 976 4996 ab
999 4940 1249 4996 omnibus
1288 4940 1401 5009 ipse
1432 4939 1760 4994 resalutatur

184 5040 485 5103 orantibus,
516 5047 575 5094 ut
597 5038 856 5093 Dominus
883 5051 1005 5091 cum
1033 5035 1252 5104 spiritus
1277 5031 1394 5102 ejus
1419 5033 1523 5093 sit,
1552 5031 1761 5087 scilicet

186 5141 249 5187 ut
275 5131 551 5196 Dominus,
592 5130 731 5185 sicut
776 5137 919 5184 totus
961 5142 1083 5182 cum
1118 5124 1265 5180 omni
1302 5123 1497 5193 populo
1528 5130 1642 5188 est,
1685 5121 1761 5176 ita

187 5225 350 5280 etiam
385 5223 578 5294 spiritu
614 5220 910 5276 sacerdotis
939 5226 1083 5273 totus
1112 5217 1182 5272 sit
1208 5234 1221 5270 :
1252 5217 1475 5286 spiritus
1504 5215 1646 5268 enim
1676 5222 1760 5267 est

192 5317 352 5380 Deus,
382 5321 438 5370 et
462 5313 585 5370 ideo
610 5318 672 5367 ut
696 5326 819 5366 cum
846 5308 1038 5379 spiritu
1074 5306 1369 5379 sacerdotis
1405 5305 1475 5360 sit
1506 5320 1536 5358 a
1564 5303 1760 5374 populo

189 5416 464 5465 exoratur.

758 5495 982 5549 Sursum
1017 5488 1195 5544 corda.

265 5590 398 5645 Ta‘m
450 5588 707 5646 benevole
758 5603 822 5643 ac
870 5593 1179 5642 reverenter
1211 5581 1465 5638 sacerdos
1497 5595 1528 5633 a
1562 5580 1760 5649 populo

193 5682 550 5745 resalutatus,
596 5679 845 5734 admonet
888 5691 1012 5731 eum
1051 5682 1109 5729 ιιι
1143 5688 1358 5729 sursum
1401 5671 1600 5727 habeat
1625 5684 1756 5725 eor:

192 5774 444 5845 quatinus
476 5770 718 5842 accipere
747 5767 889 5837 quod
935 5764 1167 5836 postulat
1210 5779 1241 5817 a
1290 5762 1516 5817 Domino
1555 5774 1763 5814 merea-

1776 3148 1828 3213 c
1855 3105 2169 3177 responderi
2195 3123 2208 3157 :

1849 564 1968 604 mus
1996 549 2275 604 desursum
2305 548 2578 618 accipere:
2605 548 2733 618 quid
2754 557 2835 605 est
2864 558 3045 604 autem
3072 566 3283 607 sursiun
3314 551 3415 605 ha-

1847 640 1974 695 bere
2002 656 2111 702 cor,
2140 639 2244 694 nisi
2273 653 2392 710 qua!
2427 656 2639 696 sursum
2678 649 2803 696 sunt
2824 655 3071 711 quaerere
3089 682 3105 705 ,
3134 641 3226 697 ubi
3253 640 3415 697 Chri-

1846 740 1963 787 stus
2007 739 2091 788 est
2133 733 2189 786 in
2234 732 2452 787 dextera
2498 732 2592 786 Dei
2631 732 2864 787 sedens?
2902 731 3041 798 Quid
3079 739 3164 788 est
3201 747 3417 788 sursum

1848 820 2046 877 habere
2082 837 2195 884 cor,
2226 821 2328 876 nisi
2358 836 2477 891 qua:
2505 837 2716 875 sursum
2745 831 2871 877 sunt
2900 836 3119 893 sapere,
3160 818 3269 878 non
3297 837 3420 893 qua

1846 925 2009 981 super
2036 911 2281 966 terram?
2309 910 2507 965 Μοντιιὶ
2530 912 2665 965 enim
2700 913 2856 979 estis,
2894 912 3066 982 inquit
3098 914 3419 983 Apostolus,

1843 1010 1895 1054 et
1930 1002 2033 1055 vita
2064 1010 2233 1056 restra
2267 1000 2571 1056 abscondita
2597 1011 2671 1055 est
2698 1018 2816 1055 cuiu
2846 1000 3052 1057 Christo
3082 1003 3137 1057 in
3167 1003 3295 1058 Deo.
3326 1003 3421 1059 Vi-

1848 1097 1959 1144 tam
1989 1090 2155 1161 igitur
2180 1097 2417 1146 nostram
2446 1106 2566 1162 qua:
2589 1106 2712 1146 cum
2737 1090 2955 1147 Christo
2982 1090 3032 1146 in
3060 1093 3169 1148 Deo
3192 1094 3422 1149 abscono

1846 1181 1961 1237 dita
1991 1191 2098 1246 est,
2133 1183 2468 1239 mortillcatis
2502 1184 2751 1240 omnibus
2778 1185 3009 1240 terrenis
3035 1185 3422 1255 concupisceno

1848 1275 1970 1340 tiis,
2001 1274 2275 1347 suspirare
2308 1275 2599 1342 debemus,
2633 1283 2689 1331 et
2724 1276 2792 1331 ad
2825 1275 2973 1331 illam
3009 1291 3222 1347 semper
3254 1277 3421 1332 corda

1847 1373 2034 1420 nostra
2062 1367 2272 1437 erigere
2297 1382 2312 1431 ;
2339 1368 2484 1435 quod
2511 1366 2584 1421 illi
2613 1382 2718 1421 non
2745 1366 2978 1431 faciunt,
3025 1368 3117 1437 qui
3160 1367 3419 1422 mundum

1848 1464 1905 1510 et
1946 1471 2009 1511 ea
2050 1472 2171 1527 quae
2215 1459 2269 1512 in
2315 1458 2517 1513 mundo
2560 1464 2718 1522 sunt,
2760 1457 3024 1528 diligunt:
3077 1456 3243 1512 Omne
3282 1457 3421 1510 enim

1846 1549 1985 1619 quod
2015 1551 2070 1605 in
2093 1551 2289 1604 mundo
2313 1559 2421 1616 est,
2454 1557 2512 1605 ut
2538 1547 2770 1605 Joannes
2796 1549 3069 1620 apostolus
3097 1549 3205 1612 ait,
3236 1564 3425 1603 concu-

1846 1638 2099 1708 pisceutia
2127 1641 2302 1694 carnis
2328 1650 2434 1706 est,
2480 1648 2528 1695 et
2571 1640 2986 1709 concupiscentia
3028 1637 3331 1702 oculorum,
3373 1645 3422 1691 et

1849 1729 2089 1800 superbia
2114 1730 2233 1784 vitta
2258 1746 2276 1783 :
2301 1746 2418 1800 qua:
2446 1745 2549 1784 non
2575 1746 2639 1785 ea:
2670 1728 2859 1793 Patre,
2895 1728 2985 1783 sed
3013 1744 3077 1782 ea:
3103 1728 3297 1782 mundo
3320 1737 3418 1783 est.

1850 1821 2105 1892 Quisquis
2148 1836 2279 1893 ergo
2322 1822 2782 1892 eoneupiscentias
2824 1822 3033 1885 carnis,
3067 1829 3122 1875 et
3163 1820 3422 1890 concupi-

1846 1915 2083 1971 seentias
2123 1915 2397 1970 oculorum
2440 1914 2497 1969 in
2540 1915 2830 1984 semetipso
2859 1928 2965 1968 non
2995 1911 3285 1966 mortilleat
3323 1925 3424 1981 per

1845 2006 2260 2071 continentiam,
2281 2006 2375 2061 sed
2398 2005 2568 2076 magis
2580 2002 2817 2061 vivifica't
2838 2019 2935 2075 per
2957 2004 3422 2069 incontinentiam,

1849 2097 1953 2154 iste
1982 2098 2155 2170 diligit
2192 2098 2448 2151 mundum
2479 2106 2533 2151 et
2560 2112 2622 2150 ea
2652 2112 2771 2166 qua:
2806 2096 2860 2151 in
2898 2097 3101 2151 mundo
3134 2104 3295 2152 sunt:
3331 2095 3426 2166 qui

1850 2202 2029 2248 autem
2073 2193 2244 2263 diligit
2291 2192 2576 2253 mundum,
2626 2192 2764 2246 sicut
2806 2191 2948 2246 idem
2994 2189 3266 2260 apostolus
3304 2189 3422 2253 ait,

1848 2300 1958 2339 non
1986 2293 2068 2340 est
2094 2283 2308 2339 dilectio
2336 2281 2511 2336 Patris
2540 2282 2595 2335 in
2624 2281 2752 2337 illo:
2781 2289 2834 2336 et
2864 2282 2985 2336 ideo
3011 2281 3267 2337 debemus
3303 2279 3426 2335 dili-

1851 2390 1978 2446 gere
2006 2374 2289 2430 Dominum
2320 2373 2488 2428 Deum
2513 2380 2756 2426 nostrum
2780 2387 2849 2426 ex
2876 2378 2990 2426 toto
3013 2371 3177 2426 corde
3203 2374 3423 2435 nostro,

1849 2474 1906 2522 et
1932 2482 2001 2522 ex
2028 2474 2142 2521 tota
2169 2472 2349 2520 mente
2379 2473 2561 2518 nostra
2583 2503 2597 2526 ,
2626 2469 2680 2516 et
2706 2477 2771 2516 ex
2811 2469 2924 2517 tota
2963 2461 3164 2516 virtute
3200 2468 3383 2515 nostra
3406 2500 3423 2525 ,

1852 2564 1907 2611 et
1938 2556 2210 2627 proximos
2236 2562 2471 2619 nostros,
2499 2567 2688 2609 omnes
2714 2552 2962 2607 videlicet
2989 2552 3255 2618 homines,
3287 2551 3428 2607 sicut

1852 2666 1952 2705 nos
1981 2651 2125 2720 ipsos
2151 2667 2163 2702 :
2194 2649 2241 2703 si
2272 2648 2415 2703 enim
2444 2646 2548 2702 hoe
2572 2646 2666 2701 Dei
2696 2645 2865 2716 gratia
2911 2646 3210 2716 inspirante
3244 2643 3428 2700 value-

1852 2739 2021 2794 rimus
2051 2737 2303 2808 implere,
2332 2736 2537 2791 nullum
2568 2737 2623 2791 in
2650 2735 2812 2791 corde
2836 2735 2922 2791 vel
2951 2735 3005 2789 in
3036 2743 3213 2790 mente
3240 2742 3428 2790 nostra

1852 2829 2028 2886 locum
2058 2829 2242 2885 mundi
2282 2828 2501 2884 dilectio
2537 2827 2737 2898 poterit
2769 2827 3043 2892 invenire,
3072 2828 3166 2882 sed
3200 2825 3428 2882 calcatis

1843 2930 2015 2992 atque
2056 2918 2396 2976 mortillcatis
2433 2918 2683 2974 omnibus
2722 2916 3009 2972 mundanis
3038 2916 3425 2986 concupiscen-

1854 3013 1981 3078 tiis,
2023 3011 2308 3067 verissime
2354 3010 2471 3065 hare
2510 3007 2820 3064 admonenti
2865 3006 3133 3064 sacerdoti
3175 3012 3431 3077 poterunt

2285 3190 2548 3247 Habemus
2587 3190 2656 3244 ad
2695 3190 2997 3244 Dominum.

1924 3287 2036 3344 Nec
2059 3299 2224 3357 parva
2257 3284 2412 3339 nobis
2430 3323 2445 3347 ,
2477 3283 2524 3338 si
2552 3296 2647 3337 eor
2675 3296 2889 3335 sursum
2926 3281 3125 3335 habere
3154 3264 3430 3336 curaveri-

1853 3393 1994 3444 mus,
2018 3390 2225 3432 merces
2249 3373 2615 3445 promittitur:
2640 3372 2718 3426 ait
2738 3370 2884 3426 enim
2910 3384 3071 3441 supra
3096 3378 3430 3427 memoratus

1851 3469 2126 3542 apostolus
2151 3476 2337 3524 contra
2365 3481 2460 3522 eos
2486 3464 2702 3535 quidem
2729 3464 2820 3532 qui
2848 3462 3103 3518 mundum
3134 3470 3187 3518 et
3216 3478 3279 3518 ea
3307 3478 3430 3534 qua:

1854 3560 1911 3616 in
1938 3558 2140 3616 mundo
2163 3566 2292 3613 sunt
2320 3555 2576 3626 diligunt,
2608 3563 2655 3608 et
2687 3553 2914 3607 mundus
2942 3553 3130 3608 transit
3160 3562 3209 3607 et
3237 3567 3431 3608 concu-

1852 3651 2104 3723 piscentia
2137 3648 2271 3719 ejus.
2310 3646 2388 3701 De
2425 3645 2531 3701 illis
2562 3658 2690 3700 vero
2725 3644 2818 3714 qui
2850 3643 3018 3698 Deum
3061 3658 3128 3700 ex
3154 3651 3282 3717 ,toto
3309 3643 3432 3700 dili-

1853 3758 1983 3815 gere
2009 3742 2227 3797 student
2256 3757 2269 3793 :
2306 3738 2409 3805 Qui
2436 3746 2610 3791 autem
2635 3734 2813 3805 fecerit
2840 3732 3151 3789 voluntatem
3174 3733 3390 3789 Domini
3408 3774 3427 3800 ,

1855 3842 2027 3889 manet
2066 3833 2123 3887 in
2161 3839 2445 3893 cateruam,
2470 3827 2605 3882 sicut
2629 3834 2678 3880 et
2703 3825 2812 3897 ipse
2850 3834 3023 3878 manet
3060 3824 3115 3880 in
3153 3833 3426 3881 a'teruuut.

1856 3924 1961 3993 Qui
1987 3939 2115 3996 ergo
2143 3938 2240 3980 eor
2264 3922 2515 3977 deorsum
2545 3917 2837 3981 inclinant,
2865 3923 2920 3970 et
2949 3916 3207 3975 mundum
3232 3931 3431 3973 concu-

1855 4018 2251 4089 piscentiasque
2275 4015 2390 4087 ejus
2412 4015 2692 4070 brutorum
2714 4011 3024 4067 animalium
3045 4027 3196 4067 more
3214 4022 3428 4069 sectan—

1860 4118 1966 4173 tur,
1994 4116 2307 4164 transeunte
2342 4106 2543 4160 mundo
2580 4112 2635 4158 et
2670 4103 3123 4171 concupiscentiis
3148 4102 3297 4173 ejus,
3328 4105 3431 4175 ipsi

1858 4198 2023 4254 etiam
2048 4198 2255 4267 pariter
2278 4194 2719 4265 pertransibunt,
2760 4207 2868 4246 non
2898 4191 2990 4245 ubi
3030 4189 3260 4247 feliciter
3308 4208 3427 4248 ma-

1858 4297 2041 4353 neant,
2072 4288 2165 4342 sed
2193 4285 2283 4340 ubi
2313 4283 2600 4338 infeliciter
2628 4296 2691 4336 ac
2718 4280 3101 4336 miserabiliter
3126 4289 3349 4351 pereant
3372 4283 3430 4337 in

1856 4388 2140 4436 :eternum.
2182 4374 2286 4442 Qui
2315 4382 2496 4428 autem
2537 4372 2700 4427 corda
2738 4385 2834 4426 sua
2871 4386 2967 4440 per
2992 4370 3331 4426 dilectionem
3359 4373 3430 4427 ad

1785 4488 1839 4553 υ
1862 4472 2031 4527 Deum
2063 4469 2312 4537 erigunt,
2348 4474 2403 4520 et
2438 4463 2603 4518 vitam
2637 4477 2790 4517 suam
2825 4476 2948 4517 cum
2977 4459 3191 4516 Christo
3228 4461 3282 4515 in
3317 4460 3430 4518 Deo

1860 4560 2228 4620 absconditam
2268 4571 2481 4626 semper
2509 4554 2850 4618 desiderant,
2882 4560 3210 4623 possuntque
3248 4552 3429 4610 dicere

1860 4669 1984 4712 cum
2010 4650 2177 4706 Paulo
2201 4646 2463 4719 apostolo,
2495 4644 2635 4711 Quia
2667 4653 2840 4698 autem
2857 4643 2976 4714 jam
3021 4660 3123 4697 non
3164 4659 3280 4713 ego,
3309 4643 3429 4699 vivit

1860 4760 1977 4802 vero
2001 4742 2056 4796 in
2078 4756 2159 4796 me
2183 4738 2419 4795 Christus
2449 4752 2468 4790 :
2495 4748 2571 4801 et,
2594 4733 2727 4789 Mihi
2752 4732 2979 4788 mundus
3002 4731 3287 4800 cruciﬁxus
3316 4741 3427 4797 est,

1859 4846 1907 4893 et
1941 4851 2034 4907 ego
2068 4832 2261 4888 mundo
2282 4846 2301 4884 :
2330 4837 2406 4894 et,
2430 4826 2629 4882 Nostra
2658 4832 2832 4879 autent
2857 4823 3177 4877 conversatio
3204 4823 3259 4876 in
3288 4820 3429 4876 cclis
3459 4883 3463 4887 Α
3494 4827 3506 4845 '

1858 4936 1970 4993 est,
2003 4924 2092 4981 isti
2120 4923 2236 4979 sine
2266 4908 2429 4976 dubio
2463 4917 2790 4973 voluntatem
2834 4911 3046 4968 Domini
3091 4909 3314 4967 faciunt.
3361 4910 3431 4967 lii

1859 5034 1989 5089 ergo
2018 5030 2141 5073 cum
2170 5012 2369 5070 mundo
2404 5018 2461 5065 et
2500 5004 2949 5077 concupiscentiis
2986 5002 3102 5072 ejus
3141 5008 3426 5057 transeun-

1862 5113 2006 5167 tibus
2048 5122 2155 5163 non
2198 5102 2506 5160 transibunt
2549 5107 2710 5169 atque
2748 5096 3029 5168 peribunt,
3057 5094 3151 5150 sed
3178 5103 3428 5151 manente
3518 5144 3523 5151 .

1859 5204 2086 5260 Domino
2112 5202 2166 5255 in
2191 5208 2452 5252 aeternum
2472 5233 2487 5257 ,
2511 5193 2635 5262 quia
2661 5190 2987 5244 voluntatem
3014 5186 3130 5257 ejus
3152 5184 3427 5253 iecerunt,

1859 5306 1915 5351 et
1944 5295 2046 5366 ipsi
2077 5290 2281 5364 pariter
2309 5287 2366 5342 in
2395 5291 2659 5339 aeternum
2688 5278 3000 5335 manebunt.

2089 5384 2304 5439 Gratias
2340 5393 2558 5450 agamus
2595 5374 2817 5428 Domino
2852 5372 2962 5426 Deo
3001 5380 3194 5426 nostro.

1929 5477 2129 5533 Beatus
2155 5472 2395 5542 Baptista
2425 5466 2660 5522 Joannes
2687 5463 2741 5517 in
2779 5461 3067 5531 Evangelia
3099 5459 3265 5516 dicit:
3304 5456 3429 5513 Non

1859 5576 2024 5639 potest
2051 5567 2203 5619 homo
2229 5560 2461 5630 accipere
2484 5556 2761 5627 quicquam
2779 5591 2794 5617 ,
2823 5551 2923 5605 nisi
2963 5551 3118 5620 fuerit
3156 5549 3204 5602 ei
3246 5547 3428 5639 daturis

1861 5634 1926 5715 de
1963 5657 2106 5714 creto.
2138 5655 2217 5710 Ac
2244 5669 2312 5709 ne
2341 5659 2536 5723 putans
2562 5655 2617 5703 te
2645 5642 2845 5717 aliquid
2870 5642 3069 5699 habere
3097 5634 3425 5723 possequod

1862 5767 1969 5805 non
1999 5747 2299 5810 acceperis,
2331 5722 2470 5799 hanc
2510 5740 2682 5809 ipsam
2721 5734 3042 5795 sententiam
3081 5727 3280 5784 Paulus
3320 5722 3426 5776 im-
