3920 6310
620 292 770 356 1487

1507 289 1776 347 se:qu
1816 287 1926 344 vui
1963 272 2395 345 MONUMENTA
2436 281 2981 340 ECCLESlASTlCA.

3606 294 3681 353 illi

619 409 731 480 plet
756 426 768 462 :
801 406 939 473 Quid
965 407 1101 460 enim
1125 403 1281 458 habes
1306 403 1444 474 quod
1471 420 1570 456 non
1596 400 1874 472 accepisti?
1891 399 1959 456 Et
1982 399 2111 453 item
2137 398 2203 452 ιι]
2234 404 2278 459 Α
2308 393 2495 465 procul
2524 394 2688 450 dubio
2714 405 2819 453 est,
2848 403 2906 449 ut
2936 394 3029 462 qui
3055 408 3229 449 omnes
3252 408 3481 465 peccantes
3494 402 3685 470 justitiam

620 492 912 572 discipulos
940 498 1190 554 Salvator
1213 498 1289 552 ait
1315 515 1329 550 :
1356 495 1483 552 Sine
1506 511 1589 550 me
1614 493 1744 549 nihil
1765 492 1975 565 potestis
2001 491 2196 562 facere,

621 608 730 663 quo
772 593 828 647 in
870 607 929 647 se
970 592 1255 660 loquente,
1298 590 1488 644 beatus
1515 585 1748 642 Iacobus
1778 583 2053 655 apostolus
2079 583 2197 637 ait;

621 681 789 755 Omne
820 682 1005 737 datum
1042 683 1326 753 optimum,
1356 688 1409 734 et
1449 694 1601 733 omne
1638 677 1835 731 donum
1855 674 2161 746 perfectum
2182 713 2196 739 ,

619 776 895 831 desursum
915 785 1011 840 est,
1027 771 1338 849 descendens
1361 789 1392 825 a
1416 769 1575 825 Patre
1594 768 1873 832 luminum,
1890 765 2200 838 apud.un

618 885 724 943 non
746 879 837 922 est
863 864 1240 922 transmutatio
1259 903 1275 930 ,
1305 880 1398 918 nec
1436 860 1807 916 vicissitudinis
1834 857 2196 913 robumbratio.

578 940 600 950 η
618 940 677 1020 Si
703 977 833 1032 ergo
854 975 961 1017 non
992 965 1169 1028 potest
1196 958 1358 1013 homo
1381 956 1628 1025 accipere
1648 954 1935 1025 quicquam
1961 952 2064 1006 nisi
2087 950 2203 1019 fus-,-

617 1055 691 1108 rit
725 1055 776 1109 ei
811 1056 999 1110 datum
1028 1053 1095 1108 de
1120 1052 1293 1118 emlo,
1340 1050 1477 1105 nihil
1522 1059 1704 1105 autem
1732 1049 1894 1104 habet
1920 1046 2062 1117 quod
2093 1060 2198 1100 non

619 1146 927 1217 acceperit;
956 1144 1098 1199 unde
1125 1150 1329 1198 tantum
1356 1141 1693 1197 dilectionem
1719 1138 1800 1194 vel
1831 1138 2078 1206 accipere
2105 1151 2197 1204 po-

619 1236 747 1290 terit
780 1235 864 1289 vel
901 1235 1289 1303 habere,qua
1331 1248 1426 1289 cor
1465 1248 1621 1287 suum
1664 1231 1734 1286 ad
1776 1230 1945 1286 Deum
1988 1244 2202 1299 semper

616 1328 843 1392 habeat,
888 1326 993 1382 nisi
1037 1327 1162 1381 data
1199 1324 1365 1381 fuerit
1404 1324 1455 1379 ei
1497 1325 1565 1378 de
1602 1323 1781 1379 uelo?
1806 1330 1860 1377 et
1889 1322 1935 1377 si
1963 1322 2082 1376 sine
2110 1321 2200 1387 illo

613 1419 747 1474 nihil
774 1433 1062 1488 possumus
1088 1417 1288 1483 facere,
1315 1432 1412 1487 per
1436 1430 1596 1485 quem
1616 1428 1911 1484 possumus
1938 1413 2199 1467 mundum

613 1518 669 1564 et
697 1526 818 1580 qua:
844 1516 970 1564 sunt
1000 1509 1055 1562 in
1084 1508 1284 1564 mundo
1313 1506 1608 1575 despicere,
1634 1512 1689 1559 et
1714 1503 1813 1559 soli
1840 1503 1951 1557 Deo
1977 1517 2043 1557 es
2071 1501 2200 1557 totis

615 1600 812 1657 ruentis
851 1610 905 1655 et
947 1598 1191 1668 corporis
1231 1597 1435 1650 viribus
1475 1594 1762 1658 anhelare,
1795 1593 1897 1646 nisi
1937 1606 2036 1661 per
2074 1605 2200 1646 eum

615 1690 735 1749 sine
760 1704 870 1759 quo
899 1688 1034 1743 nihil
1065 1687 1394 1758 possumus?
1420 1685 1529 1739 Aut
1558 1683 1826 1754 quomodo
1853 1696 2069 1738 sursum
2102 1695 2201 1735 cor

2298 486 2470 558 gratis
2510 501 2608 558 per
2645 486 2876 558 gratiam
2916 499 3091 548 suam,
3131 486 3314 556 gratias
3343 489 3427 544 sibi
3458 491 3510 546 ab
3541 498 3685 553 omnbus

2300 585 2452 632 aetas
2497 575 2727 646 recipiat
2768 573 3008 644 :justum
3038 575 3250 632 omnino
3273 586 3361 643 est,
3390 587 3438 633 ut
3470 583 3561 651 quia
3582 600 3687 642 omne

2300 674 2678 737 peccaverunt,
2700 674 2758 719 et
2774 679 2963 720 omnes
2986 664 3151 735 gloria
3163 664 3263 721 Dei
3287 677 3431 745 egent,
3454 678 3498 725 et
3514 675 3625 743 gratis
3637 690 3688 745 pe

2300 757 2531 828 gratiam
2569 756 2739 828 ipsius
2762 755 3046 827 justiticati
3086 765 3222 825 sunt,
3246 742 3427 831 quintio

2299 845 2431 903 bere
2457 861 2564 902 non
2587 855 2921 917 potuerunt;
2958 846 3155 903 saltem
3180 857 3364 920 gratias
3385 864 3510 922 agere
3530 869 3599 911 non
3615 858 3689 914 ded-

2302 946 2448 993 stant
2479 956 2491 991 :
2522 938 2575 992 in
2605 945 2812 993 tantum
2839 937 3068 1008 denique
3096 948 3150 993 et
3168 937 3350 1009 justum
3377 954 3444 999 est
3471 954 3687 1021 munusapl

2303 1028 2472 1084 Deum
2501 1029 2993 1101 actiogra‘tiarum,
3023 1038 3082 1084 ut
3105 1046 3205 1085 non
3233 1033 3383 1088 solum
3414 1036 3491 1092 hoc
3513 1054 3536 1091 ι
3558 1041 3687 1096 nobisin

2292 1120 2583 1189 praesentis
2616 1120 2743 1174 vitae
2770 1120 3214 1191 corruptibilitate
3252 1125 3504 1181 constitutis
3534 1132 3689 1199 requirat;

2300 1228 2491 1267 verum
2513 1213 2677 1267 etiam
2709 1214 2763 1266 in
2790 1212 2995 1272 futuro.
3029 1213 3118 1267 ubi
3142 1214 3447 1285 corruptibile
3464 1218 3540 1272 hoc
3554 1218 3689 1277 indutu

2300 1304 2405 1371 erit
2443 1303 2866 1372 incorruptione,
2903 1311 2961 1357 et
3006 1303 3226 1359 mortale
3259 1304 3350 1361 hoc
3370 1305 3553 1363 indutum
3569 1311 3690 1365 eritis

2302 1393 2660 1455 mortalitate,
2710 1401 2766 1447 et
2817 1394 2934 1447 sine
2985 1394 3358 1449 intermissione
3396 1396 3589 1451 videbitur
3618 1398 3691 1453 Dea

2295 1473 2524 1543 deorum
2567 1485 2723 1540 sicuti
2775 1493 2889 1549 est,
2940 1492 3221 1540 attestaute
3264 1484 3505 1557 Propheta,
3539 1490 3596 1558 qui
3624 1492 3689 1543 ait:

2296 1568 2453 1630 Beati
2486 1575 2575 1646 qui
2611 1575 2845 1629 habitant
2881 1577 2936 1629 in
2973 1575 3129 1629 domo
3163 1586 3277 1641 tua,
3313 1575 3514 1644 Domine,
3540 1578 3691 1632 interiit

2302 1666 2614 1722 steculoram
2637 1666 2927 1721 laudabant
2952 1677 3023 1720 te.
3054 1665 3164 1722 Sed
3190 1668 3414 1737 quoniam
3440 1668 3691 1739 landesetgn-

618 1782 829 1849 erigere
865 1795 1185 1851 possumus,
1206 1779 1358 1833 unde
1384 1793 1545 1833 omne
1572 1779 1759 1833 datum
1798 1775 2065 1846 optimum
2085 1815 2101 1840 ,
2142 1784 2198 1829 et

2306 1757 2391 1811 tia:
2436 1756 2547 1811 Deo
2592 1772 2623 1811 a
2672 1755 2827 1812 nobis
2859 1757 3103 1821 redditze,
3138 1772 3240 1810 non
3278 1755 3376 1811 Deo
3402 1757 3691 1827 seduobisprd

611 1886 773 1926 anule
802 1871 1004 1926 donum
1031 1869 1326 1940 perfectum
1357 1867 1634 1925 descendit
1659 1884 1690 1922 a
1710 1868 1875 1922 Patre
1900 1866 2162 1921 luminum
2180 1907 2196 1933 ,

613 1962 716 2018 nisi
758 1961 877 2031 ipso
912 1960 1076 2016 Patre
1114 1960 1374 2014 luminum
1406 1967 1617 2013 tantum
1646 1959 1802 2013 nobis
1841 1956 2043 2012 donum
2087 1971 2199 2013 sua:

610 2052 798 2123 gratiae
831 2049 1188 2107 conferente?
1219 2049 1475 2104 Hortatur
1502 2049 1685 2120 itaque
1709 2049 1989 2114 sacerdos,
2015 2055 2074 2102 ut
2102 2047 2197 2117 qui

616 2151 768 2198 tanta
794 2140 1052 2197 beneﬁcia
1081 2157 1110 2195 a
1144 2141 1252 2195 Deo
1279 2140 1619 2210 percepimus
1645 2155 1747 2209 pro
1774 2141 2011 2209 acceptis
2033 2140 2200 2195 bene-

615 2236 754 2292 ﬁciis
792 2235 965 2290 datori
1008 2234 1395 2290 beneﬁciorum
1437 2233 1550 2289 Deo
1590 2233 1790 2303 ingrati
1839 2248 1947 2288 non
1994 2234 2197 2297 simus,

610 2327 707 2383 sed
724 2326 1028 2397 condignas
1053 2326 1103 2381 ei
1133 2326 1335 2395 gratias
1357 2339 1456 2394 pro
1477 2326 1716 2395 acceptis
1738 2324 1901 2380 tantis
1922 2324 2202 2391 beneﬁciis

612 2416 951 2481 exhibentes,
979 2431 1087 2471 non
1129 2416 1284 2471 nobis
1312 2416 1614 2470 tribuamus
1651 2412 1792 2484 quod
1818 2414 2066 2477 facimus,
2107 2415 2202 2469 sed

614 2506 691 2561 illi
716 2507 811 2577 qui
839 2516 1094 2576 operatur
1118 2507 1300 2561 omnia
1329 2507 1383 2563 in
1411 2507 1693 2572 omnibus,
1720 2507 1921 2577 quique
1943 2514 2203 2576 operatur

614 2599 670 2655 in
712 2599 868 2661 nobis
908 2606 964 2654 et
1006 2598 1142 2653 velle
1168 2609 1223 2654 et
1252 2600 1466 2670 operari
1508 2616 1609 2671 pro
1634 2600 1777 2655 bona
1805 2601 2111 2665 voluntate,
2144 2608 2202 2655 ut

610 2692 739 2747 dum
767 2706 866 2747 nos
894 2692 1329 2762 recognoscimus
1354 2692 1489 2747 nihil
1508 2708 1541 2747 a
1564 2693 1721 2749 nobis
1749 2693 1972 2757 habere,
2002 2701 2202 2748 toturn-

609 2798 715 2850 que
740 2782 808 2837 ad
836 2783 1005 2838 Deum
1034 2782 1493 2853 referimusquod
1517 2797 1585 2839 eo
1610 2785 1843 2839 donante
1869 2785 2197 2853 accepimus,

607 2881 664 2926 et
709 2870 1031 2927 humilitatis
1070 2881 1281 2929 nostra
1335 2889 1604 2928 memores
1650 2874 1704 2928 in
1744 2874 2050 2944 superbiam
2092 2889 2200 2929 non

609 2965 869 3029 leventur,
901 2978 996 3033 per
1026 2979 1188 3032 quam
1224 2964 1286 3019 in
1308 2964 1585 3035 judicium
1622 2965 1821 3021 diaboli
1858 2966 2199 3033 incidamus;

608 3064 663 3109 et
702 3055 759 3109 in
796 3056 1049 3110 omnibus
1084 3056 1473 3112 honorificetur
1497 3056 1670 3122 Deus,
1710 3073 1813 3128 per
1834 3073 2014 3128 .quem
2059 3058 2199 3114 hanc

602 3147 782 3216 ipsam
827 3161 1044 3216 quoque
1071 3147 1449 3211 .humilitatem
1495 3149 1776 3206 habemus.
1826 3149 1960 3204 Tam
2009 3159 2197 3205 sancta

607 3237 772 3309 igitur
799 3245 854 3293 et
881 3238 1083 3294 salubri
1113 3239 1480 3296 admonitione
1508 3240 1737 3310 populus
1764 3240 1999 3297 libenter
2036 3256 2195 3296 acce-

546 3358 553 3369 -
587 3339 729 3399 _pta,
760 3332 1026 3388 sacerdoti
1055 3347 1179 3388 cum
1208 3348 1401 3404 magna
1430 3332 1714 3390 devotione
1741 3334 2028 3405 respondet
2052 3352 2066 3387 :

1070 3444 1300 3515 Dignum
1328 3455 1375 3499 et
1396 3447 1604 3516 justum
1633 3457 1728 3502 est.

612 3559 617 3564 '
660 3551 821 3608 Nihil
855 3554 1133 3625 indignius
1169 3571 1332 3626 quam
1356 3556 1599 3628 largitori
1629 3558 2198 3616 omnium'beneﬂcio-

608 3656 730 3699 rum
767 3643 876 3698 Deo
903 3644 971 3699 de
995 3644 1273 3701 beneﬁciis
1300 3645 1414 3702 suis
1439 3647 1734 3718 quemlibet
1763 3650 2032 3721 ingratum
2058 3651 2200 3706 exis-

609 3744 742 3791 tere.
781 3733 924 3789 Nihil
945 3733 1188 3804 profecto
1224 3746 1309 3791 est
1352 3737 1598 3807 dignius,
1632 3738 1794 3808 quam
1824 3740 1874 3794 ei
1912 3741 2074 3795 etiam
2102 3756 2199 3810 pro

574 3823 796 3895 ,gratise
842 3839 954 3879 suae
1002 3824 1158 3880 donis
1204 3826 1350 3881 omni
1393 3843 1608 3899 semper
1651 3831 1951 3887 humilitate
1999 3833 2200 3901 gratias

589 3927 793 3984 :agere,
820 3929 917 3984 per
942 3915 1045 3971 hoc
1070 3916 1214 3970 enim
1243 3932 1350 3989 non
1381 3919 1555 3974 solum
1585 3936 1683 3975 nos
1713 3936 1979 3978 memores
2000 3930 2200 3980 nostrae

595 4006 927 4063 :humilitatis
945 4007 1224 4075 emcimur,
1245 4019 1301 4066 et
1326 4012 1441 4082 ipse
1464 4011 1519 4067 in
1545 4014 1797 4069 omnibus
1819 4015 2197 4082 conlaudatur,

608 4114 798 4155 verum
823 4101 987 4157 etiam
1023 4101 1228 4171 majora
1255 4105 1397 4176 apud
1426 4105 1579 4161 illum
1606 4115 1662 4161 et
1685 4108 2074 4164 abundantiora
2101 4111 2197 4165 be-

608 4189 800 4248 neﬁcia
828 4200 885 4249 et
918 4207 1294 4265 promeremur
1311 4204 1366 4251 et
1389 4197 1716 4253 obtinemus.
1745 4198 1881 4265 Quid
1908 4207 1991 4253 est
2020 4210 2200 4256 autem

608 4286 859 4357 injustius
879 4298 1041 4353 quam
1064 4299 1163 4354 pro
1188 4282 1283 4339 Dei
1304 4285 1580 4342 beneﬁciis
1599 4294 1788 4343 contra
1811 4288 1984 4359 ipsum
2010 4291 2200 4346 rebelli
2244 4308 2247 4317 ·

606 4384 664 4431 et
687 4374 918 4445 superba
952 4380 1135 4428 mente
1152 4376 1507 4431 -tumescere?
1536 4376 1776 4448 Denique
1800 4380 2062 4448 proximis
2096 4396 2196 4436 no-

609 4466 738 4521 stris
761 4479 828 4520 ex
867 4464 987 4535 lege
1020 4464 1117 4520 Dei
1139 4461 1392 4532 iubemur
1416 4467 1616 4522 malum
1647 4485 1748 4539 pro
1773 4468 1917 4526 malo
1944 4488 2047 4526 non
2072 4474 2195 4528 red-
2224 4459 2276 4521 Ι)

608 4559 755 4613 dere.
787 4554 847 4611 Si
873 4569 1004 4627 ergo
1032 4554 1293 4625 injustam
1314 4564 1398 4613 est
1420 4560 1671 4628 proximo
1700 4561 1903 4617 malum
1929 4577 2030 4633 pro
2053 4563 2196 4620 malo

610 4646 853 4710 reddere,
879 4655 1081 4717 quanto
1107 4645 1357 4716 injustius
1380 4664 1501 4704 esse
1536 4659 1792 4721 putamus
1825 4653 2015 4709 factori
2046 4664 2099 4710 et
2130 4655 2198 4709 li-

602 4740 847 4798 beratori
885 4747 1069 4795 nostro
1100 4747 1157 4796 et
1194 4740 1560 4810 proximorum
1600 4752 1910 4799 nostrorum
1940 4746 2049 4801 Deo
2077 4748 2198 4801 red-

609 4832 741 4887 ‘dere
773 4830 917 4886 mala
953 4831 1217 4901 superbiai
1241 4845 1342 4902 pro
1362 4831 1521 4888 bonis
1545 4834 1731 4905 gratia:
1756 4835 1902 4890 suae?
1925 4833 2056 4891 Post
2081 4837 2196 4891 brec

606 4922 865 4977 sacerdos
877 4919 995 4991 jam
1018 4921 1085 4976 de
1106 4920 1286 4991 populi
1318 4923 1598 4979 devotione
1621 4939 1863 4988 securus,
1888 4927 2195 4995 responsio-

604 5008 736 5065 nem
765 5010 881 5081 ejus
907 5012 1189 5068 verissima
1217 5013 1559 5069 attestation'e
1582 5017 1936 5083 conﬁrmans,
1967 5001 2108 5072 unde
2140 5027 2195 5073 et

591 5096 845 5169 sequens
888 5102 1091 5168 oratio,
1133 5101 1239 5157 nisi
1274 5099 1450 5166 fallor,
1491 5114 1776 5159 contestata
1810 5106 1872 5161 in
1910 5121 2197 5163 commune

611 5198 858 5257 vocatur,
893 5203 1128 5250 mentem
1169 5209 1322 5250 suam
1356 5195 1517 5249 etiam
1551 5196 1664 5264 ipse
1699 5203 1865 5252 totam
1890 5199 2049 5270 erigit
2078 5215 2197 5254 sur-

610 5297 755 5349 sum,
786 5293 950 5352 atque
976 5284 1030 5339 in
1059 5285 1142 5340 his
1168 5285 1348 5340 verbis
1372 5285 1584 5341 excelso
1613 5287 1877 5358 supplicat
1902 5287 2014 5344 Deo
2046 5308 2059 5342 :

768 5391 894 5449 Vere
931 5394 1179 5466 Dignum,
1209 5406 1314 5453 etc.
1342 5414 1511 5470 usque
1544 5400 1610 5454 ad
1639 5401 1840 5471 gratias
1865 5419 2036 5472 agere.

685 5502 879 5559 Omnes
899 5505 1036 5572 enim
1058 5518 1414 5575 peccaverunt,
1445 5509 1621 5578 inquit
1637 5507 1944 5580 Apostolus,
1973 5522 2022 5566 et
2048 5523 2193 5584 egent

613 5595 785 5663 gloria
823 5593 940 5649 Dei.
985 5594 1271 5663 Justiﬁcati
1305 5598 1469 5667 gratis
1508 5615 1601 5668 per
1631 5601 1858 5669 gratiam
1892 5602 2075 5671 ipsius,
2103 5619 2196 5672 per

613 5683 1015 5754 redemptionem
1039 5701 1155 5756 qua:
1177 5695 1249 5759 est
1278 5686 1333 5741 in
1357 5686 1564 5742 Christo
1584 5689 1731 5744 Iesu.
1757 5690 1983 5762 Dignum
2009 5693 2190 5762 itaque

2299 1847 2481 1912 ciunt;
2516 1847 2637 1901 ideo
2675 1847 2729 1901 in
2771 1848 2873 1902 hac
2908 1854 3073 1901 ‘tanta
3106 1846 3452 1917 supplicatione
3480 1846 3689 1918 subiugiis.

2299 1934 2537 2008 Equum
2561 1946 2610 1991 et
2636 1935 2886 2001 salutare,
2922 1952 3053 1991 nam
3083 1951 3264 2005 aequus
3286 1946 3363 1992 est
3391 1938 3598 1992 secundum
3613 1949 3691 1991 uiu-

2301 2043 2439 2092 ram,
2475 2027 2657 2098 justus
2704 2027 2881 2082 dictus
2924 2029 2997 2083 ab
3039 2028 3332 2097 :equalitate
3361 2038 3532 2082 natura.
3558 2026 3693 2082 (codd

2300 2130 2481 2176 autem
2503 2120 2647 2175 Deus
2673 2121 2948 2176 hominem
2977 2120 3124 2175 nulla
3149 2121 3394 2190 pravitate
3410 2120 3691 2177 perversum

2299 2212 2447 2267 omni
2471 2212 2712 2267 bonitate
2743 2220 2952 2265 rectum
2982 2220 3041 2267 et
3058 2226 3290 2282 aequum,
3320 2209 3375 2265 ad
3406 2210 3603 2279 imaginem
3616 2206 3691 2261 sali-

2299 2312 2387 2359 cet
2412 2318 2478 2360 ac
2505 2303 2912 2358 similitudinem
2943 2319 3119 2368 suam,
3148 2312 3207 2359 ut
3234 2317 3331 2359 non
3362 2302 3487 2358 modo
3506 2302 3542 2356 iu
3562 2300 3615 2355 illa
3638 2312 3691 2353 er

2301 2410 2433 2450 rena
2462 2394 2720 2451 felicitate
2754 2396 2995 2466 paradisi
3035 2396 3233 2461 sobrie,
3256 2393 3403 2465 justo,
3425 2403 3469 2449 et
3488 2393 3548 2464 pie
3570 2391 3690 2447 viveret

2301 2500 2490 2540 verum
2517 2486 2681 2541 etiam
2710 2486 2763 2540 in
2795 2483 2988 2554 majori
3022 2486 3337 2558 quandoque
3366 2493 3414 2540 et
3435 2479 3692 2554 spirinlifeici-

2300 2585 2414 2632 tate
2441 2577 2788 2644 constitutus,
2820 2585 3129 2633 creatorem
3158 2593 3307 2634 suum
3339 2577 3437 2632 sine
3462 2570 3687 2628 inebriare.

2300 2668 2542 2740 Equum
2567 2678 2654 2724 est
2680 2684 2811 2741 ergo
2854 2678 2912 2726 ut
2953 2671 2999 2725 si
3035 2669 3278 2726 volumus
3311 2667 3530 2725 secundum
3548 2671 3689 2717 manu

2300 2761 2843 2831 nostram‘justi‘esse,
2869 2761 3001 2816 illud
3025 2776 3240 2833 semper
3261 2763 3324 2816 ad
3349 2760 3466 2830 quod
3480 2756 3694 2813 cratim

2289 2853 2483 2909 Tacere
2511 2850 2855 2917 studeamus,
2883 2851 2937 2907 id
2977 2862 3066 2908 est
3098 2860 3155 2909 et
3182 2853 3234 2908 in
3270 2850 3478 2922 praesenti
3499 2848 3570 2903 vita
3593 2855 3693 2898 emn-

2302 2943 2430 2998 dum
2458 2942 2822 3013 aequalitatem
2862 2951 3074 2998 natura:
3118 2952 3313 2999 nostra:
3345 2942 3542 2999 viventes,
3569 2931 3693 2989 min

2300 3042 2488 3089 nostro
2514 3034 2582 3088 de
2618 3032 2898 3089 beneﬁciis
2940 3034 3057 3088 suis
3093 3020 3694 3101 incessabiles'giatiasnltn

2303 3140 2444 3191 mus,
2477 3135 2636 3195 atque
2672 3134 2733 3181 ut
2776 3125 2831 3181 in
2868 3125 3054 3179 futura
3087 3127 3141 3180 id
3172 3126 3337 3196 ipsum
3368 3110 3695 3179 incessabililctlt'

2296 3218 2524 3283 ciamus,
2563 3226 2621 3273 et
2664 3225 2777 3273 toto
2818 3233 3039 3288 semper
3087 3219 3279 3274 affectu
3316 3215 3595 3273 desideremus
3617 3226 3625 3260 :
3646 3206 3696 3260 hoc

2292 3303 2442 3364 enim
2464 3309 2521 3363 in
2550 3314 2757 3363 tantum
2785 3309 2942 3363 nobis
2969 3308 3213 3365 salutare
3235 3316 3329 3371 est,
3350 3315 3403 3361 ut
3417 3305 3534 3359 aliter
3548 3292 3697 3355 saluiui

2290 3396 2602 3455 nullatenus
2629 3399 2927 3455 valeamus.
2966 3399 3117 3467 Quia
3155 3400 3314 3471 igitur
3338 3407 3510 3468 aequum
3534 3398 3601 3452 est.
3618 3384 3698 3439 ddi“

2296 3508 2420 3548 mus
2458 3493 2563 3548 hoc
2604 3507 2670 3547 ex
2710 3501 2919 3547 naturai
2966 3492 3153 3548 debito
3199 3491 3398 3564 proprio
3429 3475 3697 3545 creatorizqﬁl

2288 3568 2429 3640 [vero
2459 3585 2697 3639 salutare
2722 3593 2828 3651 est,
2853 3586 3222 3640 necessarium
3249 3587 3395 3640 etiam
3421 3582 3512 3635 sine
3534 3572 3637 3629 dubio
3656 3578 3699 3619 Et

2297 3677 2382 3731 bis
2408 3685 2491 3732 est
2511 3676 2579 3732 ad
2605 3686 2863 3731 aeternam
2900 3676 3155 3732 salutem.
3179 3672 3416 3743 Quotiens
3437 3683 3549 3741 ergo,
3564 3673 3604 3718 ιιι
3620 3671 3698 3727 Sil“

2299 3767 2501 3823 dictum
2524 3776 2627 3834 est,
2651 3768 2760 3823 Deo
2780 3766 2970 3822 laudes
2989 3776 3048 3823 e’t
3071 3769 3275 3840 gratias
3298 3750 3699 3837 agimus,ipsi‘l'm

2299 3860 2404 3916 hoc
2427 3868 2484 3915 et
2508 3875 2574 3915 ex
2601 3869 2807 3914 natura:
2829 3859 3015 3915 debito
3041 3868 3098 3915 et
3116 3876 3184 3917 ex
3212 3859 3493 3916 necessitate
3518 3859 3643 3906 nostra
3662 3855 3701 3894 θ

2230 3986 2237 3991 -
2290 3936 2426 4007 lutis
2462 3950 2808 4019 exsolvimus,
2853 3950 2948 4006 sed
2990 3946 3068 4007 illi
3111 3953 3202 4023 qui
3243 3951 3295 4006 in
3323 3947 3445 4005 nullo
3478 3927 3700 4012 magna

2284 4041 2631 4130 proﬁcimus.
2663 4040 2830 4102 Nobis
2867 4052 3048 4098 autem
3080 4044 3125 4100 si
3158 4045 3259 4100 hoc
3283 4040 3547 4130 negligimus
3571 4032 3702 4130 inp:

2286 4126 2416 4217 :tum
2439 4131 2775 4199 deficiamus,
2807 4134 2860 4188 in
2884 4134 3312 4207 primiparentis
3330 4128 3475 4187 nostri
3510 4125 3625 4217 lapsu,

2302 4238 2534 4295 cumque
2576 4224 2806 4278 voluerit
2844 4226 3047 4294 poterit
3092 4237 3404 4298 perpensum
3438 4239 3449 4274 :
3486 4216 3553 4272 ille
3580 4215 3703 4274 ιιιωςπε
3780 4250 3781 4298 ἦ

2303 4316 2372 4371 ad
2400 4315 2687 4387 imaginem
2707 4324 2764 4370 et
2783 4316 3193 4373 similitudinem
3220 4317 3309 4371 Dei
3328 4311 3546 4371 conditus.
3562 4301 3604 4357 ad
3616 4306 3703 4387 at?

2302 4383 2594 4461 litatemvet
2628 4406 2941 4487 societatem
2980 4407 3290 4479 angelorum
3328 4400 3583 4475 quandqu

2299 4497 2545 4562 candus;
2575 4497 2643 4552 ad
2678 4498 2941 4575 visionem
2986 4509 3045 4555 et
3076 4500 3300 4555 laudern
3338 4488 3574 4553 conditoris

2298 4574 2709 4653 sublevandus,
2731 4588 2971 4656 paradisi
3015 4586 3210 4653 cultor,
3256 4587 3468 4643 omnium
3506 4585 3546 4634 el
3580 4570 3705 4643 limIll

2299 4676 2487 4740 maris,
2510 4684 2566 4730 et
2593 4675 2890 4731 volatilium
2925 4677 3048 4733 caeli
3075 4688 3132 4734 et
3161 4678 3454 4737 bestiarum,
3480 4664 3706 4724 universal"

2300 4775 2457 4820 terra:
2495 4766 2820 4833 dominator,
2852 4778 3074 4838 peccata
3101 4783 3312 4832 cavens,
3348 4761 3523 4837 iustitia
3546 4746 3707 4810 abluditIs

2298 4858 2388 4911 ubi
2430 4859 2664 4929 primum
2711 4876 2811 4930 per
2850 4863 3158 4932 superbiam
3197 4864 3484 4935 depravatus
3513 4865 3588 4907 non

2280 4934 2399 5003 suo
2428 4948 2670 5018 ingratus
2689 4950 2897 5005 exstitit
2923 4955 3179 5019 creatori,
3201 4934 3377 5009 verum
3399 4948 3530 5004 etiam
3548 4940 3621 4996 Deo
3635 4934 3707 5019 Si?

2287 5039 2387 5105 'lis,
2404 5014 2568 5094 immo
2584 5038 2729 5095 Deus
2740 5040 2857 5096 ﬁeri
2872 5014 3197 5119 concupivit,
3218 5060 3318 5099 non
3344 5040 3481 5097 modo
3494 5032 3546 5088 ad
3559 5014 3706 5119 ίιιιωξξ

2291 5139 2480 5184 turam
2508 5129 2589 5184 sui
2610 5126 2925 5186 felicitatem
2951 5106 3063 5188 non
3086 5106 3279 5203 attigit,
3300 5126 3446 5187 sedet
3460 5106 3708 5203 ιῐιιίιῐίιίείκλξιι

2302 5217 2503 5282 amisit,
2524 5227 2581 5273 et
2602 5218 2852 5275 miserias
2876 5192 3219 5277 mortalitatis
3242 5192 3296 5277 et
3315 5192 3564 5288 fragililatis
3581 5192 3707 5288 et

2303 5278 2508 5362 mitatis
2537 5314 2715 5362 tantas
2749 5309 2955 5366 invenit
2986 5311 3071 5368 vel
3108 5310 3305 5375 incidit,
3333 5278 3526 5379 quantas
3544 5278 3708 5381 εωῧωξδ

2303 5396 2480 5466 potius
2506 5410 2570 5450 ac
2593 5396 2845 5466 videndo,
2876 5416 3038 5473 quam
3067 5401 3301 5475 legendo,
3325 5407 3423 5454 tam
3446 5396 3493 5450 in
3510 5403 3555 5446 se
3570 5384 3708 5475 qui“?

2303 5486 2422 5543 aliis
2445 5489 2814 5559 unusquisque
2838 5470 3141 5563 cognoscit:
3162 5491 3229 5548 Ut
3252 5504 3371 5562 ergo
3394 5485 3453 5541 ab
3476 5482 3554 5537 hac

2301 5592 2390 5631 nia
2427 5558 2743 5635 infelicitate
2784 5581 2852 5635 ad
2892 5558 3041 5638 illam
3066 5558 3412 5640 beatissimam
3433 5558 3708 5630 felicium“

2303 5666 2508 5736 tingere
2540 5667 2834 5735 valeamus,
2868 5671 3084 5743 (lignum
3123 5686 3297 5728 coram
3334 5646 3708 5728 Decetiusmma'
