3920 6310
172 431 325 491 539'

1303 413 1664 476 EXPOSITIO
1707 409 1932 471 MISSE
1973 405 2305 466 ROMANIS.

3283 375 3438 456 uso.

169 523 382 624 mquum
424 541 578 604 nobis
611 548 666 595 et
701 537 936 594 salutare
979 545 1081 598 est.
1113 534 1225 590 Deo
1267 541 1323 588 et
1364 531 1510 590 Patri
1559 539 1744 586 nostro
1773 537 1819 592 Α
1845 525 1934 580 Dii
1963 523 2119 586 estis;
2141 528 2218 583 et,
2246 513 2676 624 Q'uouiantJDeus
2690 529 2924 624 (pugnus
2953 513 3226 616 00mth
3245 526 3302 571 et
3333 531 3448 624 ref

170 649 387 707 semper
419 641 474 688 et
501 631 697 701 ubique
735 627 939 700 gratias
976 639 1138 698 agere
1168 641 1182 676 :
1214 635 1447 694 semper,
1478 629 1540 677 ut
1574 633 1754 690 neque

171 727 244 782 de
265 721 510 782 adversis
534 731 954 800 murrquremus,
979 728 1156 786 neque
1179 713 1248 769 de
1267 711 1543 785 prosperis
1575 710 1630 766 in
1657 723 1751 766 su-

169 815 415 890 perbiam
443 814 736 884 erigamur,
772 808 868 866 sed
913 815 972 866 et
1007 807 1232 862 adversa
1271 805 1426 861 nobis
1463 819 1530 860 ex
1567 801 1752 858 debito

171 913 518 980 peccatorum
544 911 851 959 nostrorum
875 897 1082 963 venire,
1110 903 1167 951 et
1189 909 1450 966 prospera
1476 908 1548 949 et
1571 891 1760 947 divina

171 997 481 1072 dignatione
515 1003 568 1052 et
605 991 976 1049 misericordia
1012 1002 1298 1061 provenire
1333 990 1718 1057 cognoscentes
1734 997 1764 1047 ς’

171 1099 229 1147 et
252 1089 320 1146 de
349 1086 589 1162 paternis
617 1081 842 1156 ﬂagellis
871 1095 896 1124 ι
923 1081 1066 1137 Deus
1092 1089 1154 1135 ut
1177 1079 1333 1134 nobis
1369 1075 1658 1149 proﬁciant
1683 1073 1752 1129 ad

171 1179 418 1236 salutem.
445 1175 514 1232 Et
539 1175 606 1230 de
633 1174 868 1250 gratuita
904 1172 1145 1230 bonitate
1171 1169 1288 1240 ejus
1321 1182 1388 1222 ne
1413 1166 1570 1224 nobis
1592 1163 1753 1238 proti-

169 1271 320 1326 ciant
356 1269 425 1325 ad
452 1267 692 1330 ruinam,
709 1274 771 1324 .et
802 1279 1017 1336 semper
1043 1261 1304 1318 mansueti
1333 1261 1496 1331 atque
1519 1259 1754 1316 humiles

171 1362 538 1420 indesinenter
551 1360 760 1432 gratias
779 1355 1097 1420 referamus,
1119 1363 1181 1409 ut
1203 1351 1492 1424 impleatur
1517 1352 1572 1406 in
1597 1351 1754 1407 nobis

170 1453 317 1526 quod
343 1451 611 1522 Propheta
639 1450 733 1513 ait,
759 1447 1070 1503 Benedicam
1104 1445 1330 1501 Domino
1369 1445 1424 1498 in
1455 1444 1600 1498 omni
1625 1452 1758 1498 tem-

169 1560 314 1615 pore,
340 1559 538 1612 semper
563 1541 680 1596 laus
703 1539 817 1611 ejus
841 1541 897 1594 in
933 1556 1021 1594 ore
1043 1555 1177 1593 meo.
1205 1535 1356 1592 Tunc
1393 1535 1624 1606 denique
1662 1533 1763 1590 ﬁet

172 1645 236 1692 ut
258 1642 317 1690 et
354 1633 574 1705 ubique,
602 1633 657 1688 id
697 1641 782 1688 est
829 1631 881 1686 in
923 1631 1070 1686 omni
1111 1629 1247 1691 loco,
1285 1627 1338 1683 id
1377 1625 1758 1699 ipsum-facia-

171 1741 313 1783 mus.
338 1725 526 1797 Neque
549 1737 695 1780 vero-
718 1724 772 1780 in
803 1723 892 1778 illo
917 1721 1101 1778 mundi
1129 1717 1288 1790 hujus
1312 1717 1430 1774 loco
1455 1715 1757 1772 consistere

171 1832 477 1890 possumus,
497 1816 592 1872 ubi
620 1831 726 1871 non
763 1814 846 1870 vel
884 1812 1157 1885 prosperis
1194 1823 1524 1875 recreemur,
1551 1807 1639 1864 vel
1675 1806 1756 1862 af-

173 1907 422 1979 ﬂigamur
447 1907 708 1964 adversis.
739 1905 892 1974 Quod
921 1913 1100 1962 autem
1137 1903 1384 1974 sequitur
1415 1920 1428 1956 :

249 1999 468 2054 Domine
491 2008 688 2064 sancte,
725 1995 886 2053 Pater
917 1996 1262 2067 omnipotens,
1302 2002 1494 2050 (sterne
1529 1992 1684 2050 Deus.

245 2085 380 2145 Cum
409 2098 466 2144 et
491 2089 748 2145 Dominus
779 2095 1022 2150 sanctus,
1050 2095 1106 2142 et
1131 2083 1293 2142 Pater
1317 2085 1677 2156 omnipotens,
1707 2091 1766 2140 et

175 2187 379 2235 :etcrne
425 2177 568 2234 Deus
595 2177 740 2233 idem
767 2177 856 2243 sit,
885 2192 992 2232 non
1025 2191 1091 2232 ex
1122 2174 1392 2248 superflua
1430 2175 1764 2232 verbositate

178 2271 461 2344 repetitur,
513 2270 606 2326 sed
649 2285 715 2326 ex
766 2285 962 2342 magna
1007 2266 1125 2337 ejus
1167 2267 1513 2324 veneratione
1565 2267 1764 2324 totiens

176 2361 551 2434 proclamatur
590 2381 602 2417 :
636 2363 682 2420 si
707 2363 926 2434 quidem
962 2369 1108 2428 sunt,
1137 2369 1199 2418 ut
1235 2361 1313 2417 ait
1337 2359 1646 2432 Apostolus,
1687 2359 1766 2416 dii
1821 2425 1826 2427 Α

176 2451 328 2508 multi
359 2461 414 2507 et
443 2452 644 2508 domini
696 2453 851 2508 multi
883 2471 896 2507 :
933 2453 1110 2508 omnis
1135 2451 1278 2508 enim
1307 2451 1399 2523 qui
1426 2465 1642 2508 servum
1665 2450 1764 2507 ha-

175 2543 268 2600 bet
295 2543 459 2598 etiam
473 2542 729 2601 dominus
763 2543 888 2613 jure
915 2551 1172 2609 vocatur;
1203 2542 1298 2599 sed
1327 2543 1490 2598 homo
1515 2539 1766 2598 dominus

177 2635 447 2692 hominem
475 2651 691 2692 servum
715 2636 922 2692 habens
949 2635 1094 2692 servi
1119 2650 1335 2706 semper
1361 2633 1764 2706 indiget‘famu-

176 2725 286 2784 latu
315 2746 328 2782 :
361 2726 448 2783 ille
474 2737 654 2784 autem
682 2727 828 2784 solus
851 2727 1113 2783 Dominus
1144 2734 1366 2782 sanctus
1387 2732 1489 2790 est,
1517 2723 1605 2780 cui
1627 2722 1766 2778 Pro-

175 2816 337 2890 pheta
378 2817 654 2874 humiliter
689 2819 856 2884 canit,
880 2826 940 2874 et
970 2817 1102 2874 dicit
1133 2835 1146 2871 :
1178 2813 1306 2872 Dixi
1341 2813 1586 2880 Domino,
1617 2811 1762 2869 Deus

177 2927 320 2970 meus
344 2927 398 2966 es
422 2921 499 2977 tu,
526 2911 774 2983 quoniam
801 2909 1054 2966 bonorum
1090 2923 1324 2964 meorum
1351 2923 1455 2962 non
1479 2922 1614 2978 eges.
1647 2903 1760 2960 llo-

178 3017 267 3058 mo
293 3018 422 3076 ergo
449 3001 698 3060 dominus
736 3003 881 3059 servi
925 3002 1173 3074 indigens
1201 3000 1478 3066 servitute,
1509 2999 1765 3056 dominus

175 3108 297 3154 esse
320 3101 517 3167 potest,
539 3094 667 3167 quia
689 3108 908 3151 servum
924 3093 1112 3158 habet,
1132 3087 1276 3148 Deus
1295 3105 1414 3147 esse
1436 3103 1542 3145 non
1560 3097 1760 3163 potest,

103 3242 125 3259 ο
178 3185 303 3254 quia
342 3183 544 3256 indiget
569 3199 744 3241 servo.
773 3182 918 3240 Deus
946 3191 1126 3239 autem
1158 3181 1418 3238 Dominus
1441 3178 1640 3237 nullius
1678 3181 1761 3236 ia-

179 3275 366 3350 digens
385 3276 663 3342 servitute,
679 3285 736 3332 et
756 3275 1014 3332 Dominus
1032 3283 1134 3339 est,
1153 3274 1301 3347 quia,
1319 3273 1460 3330 sicut
1483 3267 1767 3330 Psalmista

179 3365 272 3431 ait,
303 3367 480 3420 omnia
513 3367 742 3421 serviunt
763 3367 810 3420 ei
825 3381 845 3433 ;
878 3366 1020 3421 Deus
1051 3374 1152 3430 est,
1179 3365 1308 3435 quia
1334 3362 1534 3420 nullius
1568 3363 1772 3436 indiget

179 3454 442 3513 famulatu
472 3475 484 3511 :
514 3456 658 3513 unde
683 3457 852 3513 etiam
883 3464 939 3512 et
976 3455 1236 3512 Dominus
1276 3462 1497 3511 sanctus
1521 3462 1768 3510 vocatur.

182 3545 332 3603 Sicut
357 3546 502 3602 enim
525 3561 654 3602 vasa
682 3546 910 3602 Domino
933 3553 1268 3611 consecrata,
1298 3553 1356 3600 et
1378 3559 1548 3618 panes
1575 3559 1772 3616 propo-

181 3635 409 3702 sitionis,
436 3643 492 3693 et
527 3636 878 3693 sacerdotalia
919 3636 1260 3702 vestimenta,
1294 3643 1351 3691 et
1376 3633 1770 3692 sacriﬁciorum

181 3741 374 3783 carnes
419 3727 474 3782 in
526 3727 710 3782 V‘eteri
757 3725 1106 3782 Testamento
1150 3735 1336 3782 sancta
1379 3726 1650 3790 dicuntur,
1705 3737 1772 3780 eo

180 3817 324 3888 quod
346 3833 378 3873 a
404 3817 618 3874 nemine
643 3819 993 3886 contrectari,
1022 3817 1110 3874 vel
1138 3818 1368 3883 comedi,
1397 3817 1482 3874 vel
1503 3817 1652 3873 indui
1681 3815 1772 3872 de-

180 3911 360 3973 beant,
392 3909 496 3965 nisi
523 3925 554 3965 a
583 3910 712 3965 solis
741 3911 938 3982 quibus
963 3925 1031 3967 ex
1059 3909 1155 3966 Dei
1179 3909 1294 3982 lege
1322 3923 1640 3966 concessum
1665 3917 1768 3972 est,

183 4016 214 4056 a
255 4000 454 4056 ceteris
482 3987 614 4057 v'ero
653 4001 905 4057 omnibus
939 4001 1273 4057 omnimodis
1301 4008 1624 4072 separentur
1655 4018 1668 4054 :
1698 3999 1771 4054 ita

183 4089 328 4146 Deus
356 4088 613 4145 Dominus
634 4098 855 4146 sanctus
880 4089 1092 4155 dicitur,
1115 4091 1240 4160 quia
1265 4089 1382 4159 ej'ns
1405 4091 1656 4147 videlicet
1681 4091 1773 4147 do-

182 4181 405 4237 minatio
451 4197 483 4237 a
525 4183 888 4238 dominatione
927 4183 1162 4238 humana
1211 4183 1327 4238 sine
1365 4183 1470 4238 ulla
1509 4193 1595 4238 est
1627 4197 1773 4239 com-

181 4272 461 4344 paratione
511 4272 810 4344 disjuncta;
863 4274 956 4344 qui
1009 4275 1170 4330 etiam
1223 4275 1384 4328 Pater
1430 4275 1774 4346 omnipotens

184 4353 348 4429 Deus,
378 4373 440 4420 ut
477 4373 674 4438 praeter
697 4365 848 4422 illum
873 4365 1052 4421 nullus
1077 4380 1197 4422 esse
1233 4364 1398 4421 Pater
1432 4365 1774 4436 amnipotens

182 4473 444 4529 cognosco
453 4465 540 4512 tur
567 4476 580 4512 :
605 4473 839 4530 namque
857 4458 1104 4514 homines
1124 4465 1183 4512 ut
1203 4465 1388 4528 patres
1411 4471 1632 4514 suorum
1653 4471 1773 4512 esse

183 4549 396 4604 valeant
435 4548 699 4611 ﬁliorum,
733 4548 1038 4604 necessario
1073 4563 1222 4618 prius
1260 4545 1352 4602 lilii
1394 4557 1521 4602 sunt
1555 4557 1770 4616 patrum

1848 627 2070 683 magnas
2110 623 2265 679 super
2291 621 2468 661 omna
2506 605 2652 659 deos.
2690 605 2829 660 Sunt
2863 619 2994 675 ergo
3029 605 3204 660 sancti
3248 604 3454 675 angelis

1848 701 2082 765 Domini,
2126 706 2250 755 sunt
2293 697 2458 752 etiam
2498 703 2556 750 et
2597 695 2770 750 sancti
2816 695 3061 750 homines
3092 694 3188 759 dii,
3225 695 3318 750 sed
3349 695 3446 750 dii.

1848 794 2066 850 nomine
2086 790 2467 853 nominantur,
2485 801 2591 842 non
2605 787 2933 851 atternitate;
2945 787 3041 842 sed
3064 785 3270 857 gratia;
3299 802 3447 842 mm.

1850 893 2111 941 aeternum
2133 898 2256 939 esse
2293 897 2398 937 non
2426 888 2605 951 potest
2633 879 2776 949 quod
2811 879 3204 936 commutabile
3226 877 3444 935 factum

1851 982 1954 1028 est.
1981 972 2039 1028 Si
2075 981 2274 1028 autem-
2293 971 2464 1026 sancti
2495 969 2668 1040 angeli
2697 986 2729 1023 a
2758 969 2871 1024 Deo
2891 969 3066 1024 creati
3095 981 3208 1024 non
3227 975 3450 1031 essent,.

1852 1064 2154 1120 nullatenus
2187 1064 2521 1125 diceremus,
2565 1061 2901 1126 Benedicite,
2948 1063 3125 1116 omnia
3147 1059 3448 1132 opem-Do—

1851 1155 1981 1210 mini
2015 1155 2237 1210 Domino
2253 1195 2266 1220 ,
2298 1163 2350 1210 et
2379 1155 2563 1212 statim
2589 1153 3046 1225 subjunge-remus
3073 1171 3087 1206 :
3111 1150 3447 1216 Benedicitu-

1852 1247 2024 1320 angeli
2051 1247 2283 1312 Domini,
2319 1247 2589 1302 Domino:
2616 1245 2761 1315 quod
2785 1245 2931 1300 enim
2967 1259 3000 1299 a
3040 1245 3152 1299 Deo
3190 1251 3440 1300 creatum

1853 1352 1960 1394 non
1985 1345 2090 1402 est,
2111 1345 2504 1406 corisequenter
2523 1337 2687 1392 etiam
2718 1350 2854 1406 opus
2891 1335 2990 1390 D'ei
3018 1349 3124 1390 non
3153 1339 3238 1390 est
3268 1351 3283 1387 :
3307 1333 3445 1388 item

1853 1443 1978 1484 cum
2006 1428 2403 1498 propheta-nou
2445 1426 2618 1482 solum
2647 1425 2904 1489 virtutes,
2924 1425 3194 1481 solem-et
3230 1423 3450 1484 lunam;

1854 1521 2039 1578 stellas
2062 1535 2270 1583 omnes,
2298 1527 2353 1572 et
2380 1517 2579 1581 lumen,
2608 1515 3100 1580 caelos-caelorum,
3127 1528 3448 1584 aquas'qtuo

1855 1629 2018 1684 super
2052 1611 2219 1669 ccelos
2247 1619 2373 1666 sunt
2394 1609 2462 1665 ad
2501 1609 2712 1662 laudem
2735 1605 3360 1672 nominisbomini,sed
3385 1615 3446 1661 ct

1855 1705 2077 1775 angelos
2097 1718 2314 1775 quoque
2335 1715 2525 1758 omnes
2561 1701 2755 1756 invitat
2797 1717 2811 1754 :
2853 1699 3142 1770 additque,
3171 1698 3310 1765 Quia
3338 1698 3447 1767 ipse

1855 1797 1988 1850 dixit
2017 1805 2065 1850 et
2107 1795 2251 1864 facta
2276 1802 2419 1856 sunt,
2462 1792 2571 1863 ipse
2595 1792 2863 1846 mandarit
2905 1800 2958 1846 et
2983 1799 3160 1845 creata
3185 1797 3339 1852 sunt;
3379 1786 3445 1841 li-

1789 1880 1836 1941 B
1863 1887 2028 1958 quido
2069 1886 2202 1941 satis
2245 1885 2483 1940 ostendit
2522 1893 2582 1938 ut
2617 1891 2815 1938 cetera
2858 1898 2978 1952 quae
3017 1881 3325 1952 subiunxit,
3373 1879 3446 1935 ita

1864 1980 2029 2036 etiam
2067 1977 2288 2050 angelos
2320 1975 2415 2032 Dei
2452 1989 2572 2031 esse
2607 1983 2916 2030 creaturam
2951 1981 3113 2044 atque
3158 1972 3448 2035 Iacturam,

1863 2079 1922 2128 et
1961 2070 2064 2126 nisi
2112 2069 2288 2124 iidem
2318 2065 2728 2123 commutabiles
2759 2065 2925 2120 creati
2964 2063 3215 2127 fuissent,
3241 2076 3451 2131 nequa--

1863 2177 2028 2233 quam
2067 2176 2263 2217 eorum
2291 2175 2422 2232 pars
2458 2174 2570 2215 non
2593 2158 2804 2213 modica
2839 2172 2938 2228 per
2973 2155 3282 2226 superbiam
3307 2153 3448 2210 ceci-

1863 2254 2056 2318 disset;
2079 2268 2200 2326 quae
2227 2247 3346 2324 agelicaqiraeditasdignitatediahalicam
3377 2246 3431 2300 in

1865 2353 2114 2402 curreret
2139 2342 2524 2400 infelicitatem.
2548 2339 2668 2398 3am
2692 2340 2926 2396 vero-dc
2949 2339 3374 2411 omnibus-quod
3399 2347 3450 2392 et

1863 2436 2056 2499 creati,
2086 2443 2141 2490 et
2163 2432 2576 2491 commutabiles
2614 2432 2743 2496 sint,
2786 2431 2876 2500 qui
2907 2431 3110 2494 nescit,
3132 2443 3236 2483 non
3267 2429 3452 2488 homo;

1866 2524 1962 2582 sed
1991 2539 2156 2595 pecus
2181 2532 2283 2579 est.
2314 2522 2460 2578 Deus
2489 2535 2622 2593 ergo
2659 2521 2750 2591 qui
2777 2527 2835 2575 et
2861 2520 3014 2574 initio
3041 2519 3216 2575 caruit
3253 2528 3310 2573 et
3349 2516 3454 2572 line

1864 2615 2090 2678 carebit,
2131 2613 2262 2669 nihil
2303 2613 2570 2684 recipiens
2603 2613 2837 2676 varium,
2883 2610 3015 2668 nihil
3061 2609 3268 2665 habens
3304 2609 3454 2664 θοοὶ-

1864 2702 2050 2769 duum,
2071 2703 2312 2758 omnium
2333 2710 2554 2761 creator
2581 2717 2610 2756 a
2640 2703 2786 2757 nullo
2803 2710 3038 2762 creatus,
3068 2699 3216 2756 solus
3240 2715 3370 2754 vere
3389 2713 3454 2754 ac

1865 2796 2214 2870 singulariter
2237 2804 2326 2851 est
2357 2802 2614 2850 aeternus.
2647 2793 2786 2848 Huic
2825 2793 2990 2864 igitur
3014 2792 3246 2848 Domino
3269 2799 3456 2846 sancto

1862 2887 2013 2945 Patri
2033 2885 2416 2958 omnipotenti,
2429 2893 2636 2944 tem-no
2657 2883 2800 2948 Deo,-
2816 2899 2926 2938 notv
2942 2900 3040 2954 per
3061 2883 3274 2953 culpam
3296 2881 3456 2952 primi

1862 2977 2297 3050 parentis-etiam
2315 2975 2644 3048 indigentes,
2672 2974 2872 3030 intimi
2903 2982 2959 3029 et
3007 2972 3332 3043 «stupor-ales
3363 2973 3452 3027 ef-

1864 3068 2012 3133 fecti,
2033 3067 2209 3126 nullas
2230 3081 2330 3137 per
2353 3081 2452 3122 nos
2465 3067 2612 3137 ipsos
2627 3064 2714 3120 vel
2739 3065 2926 3122 laudes
2952 3064 3035 3119 vel
3059 3063 3267 3134 gratias
3285 3077 3452 3135 agere

1863 3159 2107 3217 valemus
2136 3172 2156 3213 :
2179 3159 2276 3214 sed
2298 3159 2554 3229 quoniam
2579 3157 2891 3229 unigenitus
2915 3155 3084 3210 Filius
3105 3155 3196 3210 Dei
3225 3153 3338 3210 Deo
3355 3154 3457 3209 Pa.

1793 3252 1840 3316 C
1874 3253 1942 3310 tri
1970 3251 2250 3323 aequaliter
2273 3258 2516 3316 sanctus,
2544 3249 2826 3320 aequaliter
2850 3249 3214 3319 omnipotens,
3241 3246 3456 3317 sitqualis

1871 3351 1956 3399 ter
1975 3349 2242 3407 aeternus,
2266 3341 2410 3396 inter
2437 3355 2538 3396 nos
2575 3347 2634 3395 et
2667 3339 2816 3394 illum
2843 3337 3030 3394 hctus
3060 3335 3460 3399 estmediator,

1869 3449 1969 3506 per
1987 3434 2163 3506 ipsum
2187 3442 2242 3488 et
2262 3431 2518 3503 quicquid
2549 3432 2738 3504 gratia:
2767 3429 3004 3486 cmlestis
3029 3427 3294 3484 habemus
3319 3427 3454 3484 acci-

1869 3525 2070 3596 pimus,
2096 3532 2270 3595 eLper
2291 3523 2464 3594 ipsum
2495 3521 2608 3577 Deo
2631 3517 3183 3577 Patri-de-beneﬁciis
3206 3516 3318 3573 suis
3341 3531 3461 3588 qua:

1871 3616 2028 3673 nobis
2053 3631 2153 3688 per
2176 3615 2373 3670 Filium
2399 3613 2628 3671 contulit
2649 3611 2852 3684 gratias
2879 3623 3042 3680 agere
3069 3609 3327 3664 debemus
3343 3625 3368 3675 ;-
3390 3609 3462 3664 οἱ-

1871 3717 1964 3765 cut
1989 3709 2136 3764 cnim
2164 3707 2297 3764 nihil
2336 3723 2366 3761 a
2398 3705 2556 3762 nobis
2589 3705 2873 3767 habemus,
2909 3703 2989 3757 sic
3025 3716 3199 3772 natiue
3231 3715 3332 3772 per
3363 3713 3463 3756 nos

1871 3799 1942 3856 de
1967 3799 2150 3869 aliquo
2173 3797 2382 3869 gratias
2421 3810 2584 3868 agere
2622 3785 2916 3869 possumus
2948 3810 2962 3845 :
3003 3807 3128 3846 nam
3159 3791 3303 3846 Deus
3334 3805 3461 3846 cum

1871 3893 1944 3948 sit
1969 3893 2022 3947 in
2257 3864 2481 3962 justus;
2496 3899 2552 3944 et
2579 3864 2920 3949 immortalis,
2951 3900 3052 3941 nos
3073 3893 3252 3939 autem
3282 3884 3335 3938 in
3365 3899 3463 3938 om

1870 3985 1955 4040 bis
1999 3983 2130 4056 ipsis
2175 3982 2363 4054 injusti
2405 3989 2570 4052 atque
2612 3977 2888 4041 mortales,
2927 3991 3026 4032 nec
3067 3990 3167 4046 per
3197 3973 3463 4047 justitiam

1871 4091 2024 4134 suam
2048 4083 2264 4148 poterat
2287 4061 2513 4144 parcere
2548 4070 2690 4126 Dens
2717 4068 2950 4139 injustis,
2981 4081 3084 4124 nec
3112 4079 3215 4137 per
3241 4065 3462 4120 immor-

1873 4169 2136 4224 talitatem
2166 4181 2316 4222 suam
2347 4165 2614 4218 ullatenus
2638 4160 2926 4217 subvenire
2951 4157 3290 4213 mortalibus.
3322 4155 3464 4232 Deus

1871 4274 2005 4329 ergo
2029 4257 2121 4312 Det
2147 4256 2313 4312 Filius
2332 4265 2392 4308 ut
2411 4251 2836 4308 misericorditer
2857 4249 3148 4305 redimeret
3169 4261 3306 4316 quos
3321 4246 3465 4316 justo

1873 4351 1919 4406 si
1954 4349 2113 4405 vellet
2154 4347 2401 4419 puniret,
2450 4341 2832 4400 mortalitatem
2869 4349 3110 4396 nostram
3146 4336 3466 4394 immortalis

1874 4440 2104 4510 accepit,
2134 4449 2194 4494 ut
2222 4445 2367 4492 esset
2392 4435 2486 4492 ubi
2515 4441 2746 4490 mortem
2783 4440 3026 4488 nostram
3054 4445 3218 4501 quam
3257 4443 3356 4484 nos
3385 4429 3461 4482 in-

1867 4531 2000 4603 justi
2014 4527 2526 4602 justeincurrimus,
2549 4525 2747 4595 injuste
2767 4529 3022 4596 gustaret
3033 4519 3236 4592 justus,
3265 4533 3331 4574 ac
3348 4517 3465 4572 dia-

184 4655 426 4694 suorum.
457 4639 597 4694 Deus
627 4646 808 4693 autem
844 4637 1006 4692 Pater
1031 4614 1368 4708 omnipotens
1394 4614 1610 4703 dicitur,
1641 4638 1768 4708 quia
1806 4622 1852 4680 υ
1875 4624 2052 4688 holus.
2079 4623 2232 4693 cuius
2247 4620 2442 4677 invidia
2465 4633 2616 4674 mors
2627 4615 2934 4672 vintravitln
2951 4614 3141 4670 orbem
3168 4621 3462 4675 terrarum.

185 4743 291 4783 non
319 4727 490 4783 solum
517 4743 616 4798 per
644 4727 834 4783 Filium
863 4728 1056 4783 omnia
1071 4742 1136 4781 ex
1167 4726 1334 4782 nihilo
1362 4725 1535 4798 potuit
1559 4741 1768 4792 creare;

183 4818 363 4873 omnia
393 4833 515 4873 cum
541 4818 658 4889 ipso
685 4817 829 4872 valet
863 4817 979 4871 sine
1013 4815 1199 4871 labore
1239 4816 1417 4886 aliquo
1442 4816 1767 4887 gubernare;

184 4922 375 4963 verum
401 4907 566 4963 etiam
593 4905 790 4962 Filium
827 4905 930 4962 sibi
963 4913 1290 4962 coaeternum
1318 4905 1484 4960 Pater
1511 4905 1624 4977 ipse
1652 4912 1772 4959 tane

184 5003 320 5063 tttm,
351 5013 458 5052 non
495 4997 660 5054 etiam
706 4996 874 5054 Filius
909 5012 977 5054 ex
1019 4999 1237 5069 propria
1269 4995 1570 5053 substantia
1599 4995 1775 5068 potuit

185 5091 303 5146 sine
327 5089 699 5145 imminutione
725 5087 810 5144 vel
848 5088 1203 5144 mutabilitate
1243 5087 1424 5159 aliqua
1460 5101 1768 5160 generare:

186 5181 302 5252 ipse
347 5187 432 5236 est
475 5179 620 5235 enim
667 5177 830 5243 Deus,
869 5187 940 5234 et'
971 5177 1131 5233 Pater
1180 5177 1391 5234 Domini
1435 5175 1607 5233 nostri
1645 5174 1774 5232 Iesu

185 5267 408 5336 Christi,
437 5269 532 5341 qui
567 5278 620 5326 et
657 5279 981 5325 comternum
1019 5268 1123 5323 sibi
1165 5267 1360 5322 Filium
1389 5267 1591 5338 genuit,
1622 5274 1679 5322 et
1706 5280 1775 5322 es

184 5376 296 5434 quo
319 5360 496 5418 omnis
523 5360 819 5432 paternitas
847 5358 901 5412 in
923 5355 1076 5412 cmlis
1099 5365 1158 5412 et
1181 5355 1234 5410 in
1266 5363 1412 5410 terra
1441 5353 1771 5410 nominatur.

185 5451 450 5510 Eternus
491 5465 705 5525 quoque
743 5449 884 5505 Deus
925 5448 1141 5512 dicitur,
1183 5449 1310 5519 quia
1345 5455 1490 5512 sunt,
1525 5446 1666 5503 sicut
1697 5447 1776 5500 ait

186 5541 494 5620 Apostolus,
527 5545 599 5600 dii
629 5543 801 5608 multi,
839 5543 907 5598 de
937 5541 1133 5613 quibus
1169 5542 1224 5596 in
1264 5540 1474 5611 psalmo
1513 5539 1774 5610 scriptum

187 5645 271 5690 est
302 5653 315 5688 :
350 5633 490 5689 Deus
518 5634 733 5688 deorum
763 5633 1023 5688 Dominus
1041 5631 1248 5687 locutus
1273 5641 1380 5697 est;
1405 5639 1480 5695 et,
1507 5629 1617 5700 Ego
1637 5629 1774 5695 dixi,

1874 4731 2042 4773 unum
2071 4715 2278 4786 justum
2306 4712 2503 4784 injuste
2535 4708 2830 4774 occideret,
2858 4721 3048 4763 omnes
3075 4704 3303 4773 injustos
3329 4717 3466 4775 quos

1875 4808 2032 4879 quasi
2057 4804 2254 4875 injuste
2281 4805 2578 4860 videbatur
2593 4801 2841 4858 occidere
2867 4798 3288 4872 perderetgnon
3319 4796 3464 4852 enim

1876 4903 2084 4975 primos
2107 4908 2361 4973 parentes
2379 4906 2595 4954 nostros
2616 4897 2670 4953 in
2690 4895 2943 4968 paradiso
2963 4903 3028 4950 ut
3039 4895 3108 4950 de
3126 4893 3273 4965 ligno
3295 4892 3466 4947 vetito

1877 4991 2222 5048 comederent
2241 4989 2543 5046 terroribus
2553 4988 2837 5059 compulit,
2855 4987 2947 5043 sed
2971 4983 3322 5042 fraudulentis
3339 4999 3465 5057 pro-

1879 5084 2224 5141 missionibus
2246 5067 2516 5155 persuasit
2535 5097 2568 5149 ;-
2579 5095 2686 5137 non
2705 5081 2816 5136 vim
2844 5079 3042 5142 intulit,
3067 5077 3164 5134 sed
3179 5076 3464 5135 consilium

1879 5175 2048 5240 dedit,
2087 5189 2154 5230 ac
2187 5189 2290 5247 per
2315 5175 2423 5230 hoc
2457 5172 2609 5242 quasi
2633 5171 2778 5243 juste
2819 5169 3090 5225 hominem
3130 5167 3462 5238 possidebat,

1879 5266 1966 5321 cui
2009 5279 2130 5320 sese
2169 5265 2330 5320 homo
2369 5270 2560 5334 sponte
2606 5260 2937 5317 subdiderat.
2974 5257 3118 5314 Deus
3163 5257 3329 5330 igitur
3367 5255 3464 5312 Dei

1876 5357 2046 5414 Filius
2082 5374 2200 5412 eum
2237 5357 2298 5410 in
2324 5355 2494 5426 {arma
2531 5354 2628 5410 Dei
2655 5361 2807 5418 esset,
2834 5367 2938 5407 non
2974 5345 3214 5423 rapinam
3237 5347 3465 5404 arbitra-

1876 5457 1961 5503 tas
1987 5457 2062 5502 est
2087 5463 2198 5502 esse
2221 5463 2275 5502 se
2294 5445 2546 5518 a'qualem
2573 5445 2704 5512 Deo,
2732 5444 2822 5499 sed
2860 5443 3190 5514 semetipsum
3223 5441 3463 5496 eminens?

1877 5539 1946 5593 nit
1973 5538 2198 5608 formant
2225 5537 2358 5592 servi
2382 5535 2662 5608 accipiens,
2687 5535 2745 5589 in
2772 5532 3177 5589 similitudinem
3191 5528 3474 5584 hostium.

1878 5627 2070 5698 factus,
2107 5637 2154 5681 et
2181 5628 2363 5684 habitu
2393 5627 2629 5688 inventus
2667 5635 2724 5682 at
2749 5618 2938 5688 homo;
2956 5621 3250 5685 humilia-is
3275 5625 3462 5672 περ.

262 5763 286 5788 ι·
319 5748 415 5802 llic
434 5748 584 5803 deest
611 5746 805 5814 aliquid
833 5747 885 5801 in
907 5762 1014 5802 ms.
1035 5746 1180 5812 col.,
1212 5755 1270 5800 ut
1293 5742 1685 5815 διιριιιέςαηᾱυδ,
1715 5739 1796 5796 vel
1833 5741 2118 5812 ragandus,
2174 5751 2266 5796 aut
2299 5739 2426 5813 quid
2454 5727 2656 5808 simile;
2688 5739 2773 5796 vel
2803 5739 2994 5795 melius
3017 5736 3112 5791 Dei
3143 5735 3196 5789 in
3225 5732 3490 5806 genitivo.

189 5836 318 5878 casu
347 5817 706 5876 scribendum.
