3920 6310
177 416 329 479 ωδ

1328 406 1690 464 EXPOSITIO
1730 405 1955 462 MISSE
1997 402 2329 461 ROMANAS.

3322 408 3343 464 ι
3354 409 3457 467 ιω

173 544 356 601 mant,
381 531 525 605 quod
552 530 755 585 iaciunt
782 526 955 600 angeli
980 536 1035 582 et
1062 534 1358 597 potestates
1390 544 1403 581 :
1429 535 1523 581 aut
1551 539 1766 580 rursum
1799 530 1844 591 Α
1872 527 1946 580 tio
1972 525 2251 581 beatorum
2290 524 2562 596 seraphim
2600 527 2744 581 socia
2790 526 3143 582 exsultatione
3171 529 3461 599 spirituum

174 633 478 683 trementes
500 627 795 692 potestates
819 634 926 673 non
964 615 1185 671 laudent
1212 616 1298 671 vel
1343 616 1602 679 adorent,
1632 614 1775 685 quod

172 713 393 772 faciunt
419 711 593 783 angeli
619 721 675 766 et
700 706 1097 766 dominationes
1129 724 1142 759 :
1171 705 1265 761 sed
1288 702 1549 776 quidquid
1574 701 1641 759 de
1666 702 1776 757 sin.-

175 807 326 878 gulis
352 805 556 859 dictum
586 809 686 865 est,
732 798 1014 870 aequaliter
1047 796 1116 851 de
1141 796 1394 851 omnibus
1438 791 1785 849 sentiendum

174 906 308 963 est;
340 910 464 951 cum
506 893 650 947 enim
687 892 946 963 scriptum
998 890 1071 944 sit
1101 906 1113 942 :
1144 886 1295 942 Beati
1337 887 1427 957 qui
1460 884 1694 939 habitant
1723 884 1785 937 in

175 989 342 1043 domo
370 996 483 1049 tua,
515 985 571 1037 in
593 981 789 1037 scrcula
817 978 1127 1034 saeculorum
1156 977 1447 1045 laudabunt
1472 984 1538 1036 te,
1571 973 1661 1043 qui
1687 972 1778 1027 do-

175 1077 509 1134 minationes
551 1083 606 1129 et
652 1080 948 1144 potestates
988 1068 1237 1125 habitare
1283 1068 1336 1121 in
1378 1066 1539 1121 domo
1565 1063 1777 1119 Domini

175 1168 382 1231 credit,
412 1165 697 1220 Dominum
726 1177 819 1217 eas
869 1160 922 1215 in
952 1159 1145 1214 saecula
1195 1156 1513 1213 saeculorum
1559 1154 1780 1209 laudare

178 1276 292 1314 non
323 1257 549 1313 dubitet.
597 1254 731 1309 Nam
760 1262 814 1309 et
839 1252 904 1307 de
932 1249 1233 1306 virtutibus
1250 1263 1400 1318 aeque
1429 1255 1489 1302 ut
1519 1246 1585 1300 de
1613 1259 1779 1313 ange-

177 1350 251 1405 lis
299 1348 561 1418 scriptum
599 1353 701 1409 est,
754 1342 988 1398 Laudate
1024 1357 1165 1405 eum,
1207 1356 1383 1395 omnes
1412 1337 1584 1409 angeli
1628 1337 1777 1407 ejus;

182 1438 404 1493 laudate
453 1452 593 1498 eum,
618 1451 793 1488 omnes
844 1435 1057 1489 virtutes
1094 1433 1228 1504 ejus.
1261 1433 1470 1488 Rursus
1498 1444 1620 1487 cum
1645 1431 1782 1486 scri-

178 1542 337 1603 ptum
383 1531 476 1596 sit,
508 1540 562 1583 ut
593 1530 646 1583 in
675 1530 883 1583 nomine
912 1526 1039 1583 Jesu
1071 1547 1220 1584 omne
1247 1547 1379 1600 genu
1409 1530 1652 1600 ﬂectatur
1682 1543 1782 1581 cae-

179 1626 414 1689 lestium,
465 1624 808 1685 terrestrium,
854 1632 900 1676 et
954 1622 1321 1692 infernarum;
1351 1623 1397 1677 si
1439 1637 1599 1676 omne
1638 1635 1777 1690 genu

178 1717 483 1772 caelestium
512 1714 567 1768 in
599 1713 815 1767 nomine
835 1711 962 1767 Jesu
987 1712 1125 1768 [lecti
1149 1713 1441 1776 credimus,
1470 1727 1578 1767 non
1605 1711 1778 1767 solum

179 1805 599 1868 dominationes,
631 1819 821 1858 verum
849 1804 1019 1858 etiam
1048 1818 1237 1858 omnes
1267 1802 1582 1874 angelorum
1624 1802 1775 1857 ordi-

1876 625 2216 681 cteterorum,
2266 624 2487 686 apparet
2527 615 2674 687 quod
2714 630 2903 672 omnes
2944 616 3207 673 bonorum
3241 620 3483 675 ordines.

1875 708 2161 779 spirituum
2190 722 2545 779 supernorum
2572 707 2766 764 divinte
2816 709 3084 779 maiestati
3135 718 3188 765 et
3224 719 3465 767 tremant

1876 812 2001 853 cum
2028 798 2406 863 exsultatione,
2437 808 2491 854 et
2514 799 2788 854 exsultent
2804 815 2930 855 cum
2956 810 3211 865 tremore,
3233 802 3345 867 illo,
3373 804 3461 858 in-

1878 904 2062 960 qnam,
2094 896 2349 953 tremore,
2393 904 2529 959 quos
2557 898 2681 944 ante
2732 900 3025 945 trementes
3074 892 3153 946 sic
3190 892 3462 963 Propheta

1878 982 2130 1037 admonet
2168 989 2563 1051 consequenter
2610 996 2675 1035 ac
2711 981 2862 1047 dicit,
2892 981 3082 1037 Audite
3110 984 3319 1037 verbum
3348 982 3461 1039 Doa

1878 1070 2029 1137 mini,
2051 1072 2141 1143 qui
2169 1073 2388 1127 tremitis
2418 1072 2487 1126 ad
2508 1072 2712 1127 verbum
2743 1075 2876 1144 ejus.
2909 1075 3041 1129 Tam
3071 1077 3288 1147 proprie
3317 1077 3463 1132 enim

1879 1161 1994 1231 ipse
2017 1162 2246 1217 dicentis
2266 1163 2490 1233 spiritus
2517 1164 2828 1219 audientum
2860 1167 3050 1221 merita
3080 1168 3461 1237 sequestravit,

1879 1264 1939 1309 ut
1964 1270 2088 1309 eum
2135 1271 2324 1310 omnes
2352 1256 2601 1311 audirent
2641 1257 3000 1324 clamantem;
3034 1259 3121 1315 ille
3152 1268 3329 1314 tamen
3360 1256 3463 1313 sibi

1881 1346 1995 1399 haec
2042 1345 2365 1417 intelligeret
2410 1345 2541 1411 dici,
2584 1347 2675 1417 qui
2706 1346 2773 1401 ad
2800 1347 2894 1403 Dei
2921 1348 3147 1403 verbum
3175 1361 3284 1402 non
3308 1352 3463 1401 reatu

1881 1435 2249 1500 conscientiae,
2279 1436 2372 1490 sed
2398 1436 2589 1491 eli‘ectu
2619 1440 2934 1493 reverentiae
2964 1440 3292 1493 trenmisset.
3323 1435 3462 1490 Audi

1879 1541 2010 1598 ergo
2034 1527 2305 1582 hominem
2326 1527 2520 1598 gaudio
2544 1544 2605 1582 ac
2620 1529 2890 1583 desiderio
2911 1526 3419 1586 eontremiscentem
3446 1544 3460 1580 ι

1882 1616 2101 1682 Servite,
2134 1617 2309 1687 inquit
2347 1617 2534 1682 David,
2569 1618 2788 1673 Domina
2828 1621 2880 1673 in
2907 1623 3107 1684 timore,
3139 1631 3187 1675 et
3210 1623 3466 1678 exsultats

1880 1710 1929 1762 ei
1955 1726 2071 1762 eum
2118 1720 2357 1773 tremore,
2387 1718 2443 1765 et
2465 1712 2718 1782 quoniam
2760 1727 3114 1782 supernorum
3155 1714 3242 1768 illa
3271 1716 3466 1773 civitas

1882 1814 1945 1854 ex
1977 1799 2178 1869 angelis
2224 1809 2280 1855 et
2314 1801 2621 1857 lmminibus
2665 1812 2897 1859 constat.
2947 1805 3014 1858 ad
3061 1821 3225 1875 quam
3256 1815 3464 1863 tantum

179 1912 283 1952 nes
310 1896 442 1952 sicut
469 1893 783 1957 Filium,ita
808 1901 865 1947 et
881 1892 1094 1947 Patrem
1123 1909 1225 1947 non
1251 1892 1617 1947 dubitabimus
1644 1891 1772 1946 ado—
1808 1877 2145 1944 Beredimus
2189 1906 2365 1961 genus
2400 1892 2681 1947 hominum
2725 1888 3034 1959 ascendere,
3077 1904 3313 1966 (plantas
3356 1896 3467 1953 illic

181 2000 328 2040 rare.
381 1982 533 2051 Quod
572 1991 753 2036 autem
806 1981 1151 2051 maiestatem
1198 1981 1293 2036 Dei
1325 1979 1502 2035 Patris
1538 1990 1773 2035 tremere

179 2083 481 2145 potestates
512 2073 788 2137 dicuntur,
834 2087 940 2127 non
997 2072 1100 2127 hoc
1142 2088 1209 2127 ex
1259 2073 1451 2126 timore
1502 2070 1770 2142 supplicii,

182 2163 329 2236 quod
357 2180 462 2219 non
491 2173 794 2226 merentur;
824 2176 928 2216 non
958 2176 1029 2216 ex
1055 2162 1249 2216 timore
1277 2159 1587 2216 ollensionis
1607 2159 1773 2216 Crea-

184 2254 344 2318 toris,
368 2268 531 2324 quam
562 2253 839 2307 incurrere
861 2251 974 2319 iam
1003 2268 1105 2305 non
1129 2261 1369 2321 possunt,
1403 2252 1499 2307 sed
1526 2267 1591 2305 ex
1623 2266 1774 2306 reve-

183 2347 361 2401 nentia
382 2354 437 2401 et
454 2345 660 2400 honore
681 2344 873 2399 divinae
892 2343 1099 2399 faciunt
1125 2345 1425 2415 maiestatis
1454 2363 1465 2398 :
1499 2352 1611 2399 tres
1627 2344 1776 2399 enim

184 2445 403 2493 constat
429 2451 549 2492 esse
574 2434 818 2499 timores,
848 2436 1121 2506 supplicii,
1152 2435 1348 2506 dequo
1373 2435 1427 2490 in
1453 2435 1659 2506 psalmo
1686 2435 1771 2489 di-

184 2528 347 2592 citur,
398 2525 619 2580 Initium
656 2526 924 2595 sapientia:
968 2527 1126 2579 timor
1170 2524 1421 2579 Domini:
1454 2527 1598 2581 hunc
1626 2525 1777 2581 enim

183 2615 386 2672 habent
413 2617 503 2686 qui
528 2631 627 2686 pro
655 2615 960 2671 comissis
992 2615 1113 2670 suis
1133 2631 1202 2670 ne
1230 2631 1262 2669 a
1288 2614 1519 2670 Domino
1544 2617 1774 2685 punian-

186 2718 273 2763 tur
300 2709 561 2779 incipiunt
579 2708 690 2779 iam
719 2710 929 2762 timere.
954 2707 1050 2763 Est
1066 2708 1232 2763 etiam
1262 2707 1421 2762 timor
1438 2707 1771 2771 oll'ensionis.

185 2815 293 2872 quo
324 2815 355 2855 a
382 2799 728 2855 dilectoribus
749 2799 861 2854 suis
882 2799 1101 2855 timetur
1126 2798 1289 2863 Deus,
1303 2798 1467 2854 nevel
1488 2798 1541 2853 in
1563 2797 1773 2854 modico

185 2887 510 2955 offendatur,
552 2890 621 2944 de
658 2905 765 2959 quo
813 2888 1012 2944 dicitur
1050 2889 1118 2943 ad
1146 2888 1462 2944 Abraham:
1504 2887 1659 2943 Nunc
1685 2903 1775 2943 ca-

187 2980 339 3054 gnovi
383 2979 524 3052 quod
569 2981 755 3034 timeas
799 2979 987 3045 Deam,
1018 2988 1066 3034 et
1108 2996 1217 3034 non
1245 2980 1516 3051 pepercisti
1546 2978 1771 3049 ﬁliotuo

186 3072 452 3144 anigenito
475 3081 685 3143 propter
714 3087 821 3124 me.
858 3069 1011 3125 Idem.
1049 3072 1212 3125 etiam
1242 3071 1369 3125 alibi
1394 3069 1635 3141 perfecta
1676 3085 1770 3127 ca-

188 3164 321 3218 ritas
344 3161 665 3233 appellatur,
694 3162 832 3215 sicut
876 3161 1135 3231 scriptum
1170 3173 1255 3215 est
1286 3178 1299 3214 :
1336 3160 1576 3230 Perfecta
1604 3161 1772 3215 chari-

1876 1982 2140 2053 contingit
2165 1983 2369 2037 electos
2407 1983 2624 2054 angelos
2654 1986 2999 2051 remansisse,
3031 1987 3172 2041 sicut
3200 1989 3462 2058 scriptum

1875 2082 1978 2137 est,
1997 2072 2194 2127 Statuit
2221 2076 2468 2129 terminos
2491 2078 2721 2146 gentium
2746 2078 3029 2131 securnlum
3060 2094 3333 2133 numerum
3361 2097 3461 2134 an-

1874 2161 2109 2232 gelorum
2129 2160 2246 2227 Dei,
2265 2172 2587 2234 superestut
2604 2165 2703 2235 ipsi
2724 2180 2938 2236 quoque
2969 2167 3233 2232 homines,
3260 2170 3355 2239 qui
3384 2170 3459 2223 ad

1875 2252 2150 2308 caelestem
2171 2255 2402 2323 patriam
2423 2256 2669 2319 redeunt,
2687 2272 2750 2309 ex
2768 2257 3231 2327 eisagniminibus
3253 2260 3457 2331 aliquid

1876 2342 1982 2398 illic
1994 2353 2302 2399 reverentes
2316 2344 2610 2406 imitentur,
2624 2346 2762 2399 unde
2775 2356 2831 2401 et
2843 2348 3462 2415 prminussnbinﬁertur:

2170 2435 2302 2489 Cum
2333 2437 2520 2506 quibus
2542 2446 2589 2490 et
2619 2446 2825 2490 nostras
2860 2454 3026 2503 rores,
3055 2448 3162 2494 etc.

1943 2526 2077 2582 Orat
2098 2527 2242 2583 enim
2273 2528 2325 2582 in
2357 2528 2446 2582 his
2466 2527 2646 2583 verbis
2667 2544 2733 2583 ex
2757 2529 2996 2584 omnium
3024 2544 3263 2601 persona
3280 2544 3463 2587 sacer-i

1873 2617 2001 2681 dos,
2030 2626 2091 2670 ut
2111 2632 2274 2671 voces
2300 2617 2577 2672 hominum
2604 2618 2913 2687 angelorum
2952 2620 3296 2677 sermonibus
3333 2635 3465 2691 sapa

1873 2710 1998 2779 plici
2024 2724 2083 2765 se
2123 2708 2459 2764 confessione
2484 2708 2823 2764 laudantium
2843 2709 3052 2779 iubeat,
3080 2711 3133 2765 id
3157 2720 3243 2767 est
3264 2712 3461 2783 digneo‘

1874 2808 1964 2854 tur
1997 2815 2122 2855 cum
2170 2800 2327 2855 beata
2375 2801 2650 2871 seraphim
2696 2809 2976 2871 gratanter
3023 2802 3256 2868 admitti,
3304 2803 3469 2860 idest

1873 2891 2040 2962 recipi
2054 2886 2151 2945 'vel
2178 2892 2408 2946 adsumi.
2441 2891 2608 2946 Isaias
2654 2905 2889 2962 namque
2919 2893 3182 2963 propheta
3232 2898 3465 2949 testatur

1873 2998 1933 3040 se
1952 2984 2154 3039 vidisse
2174 2982 2460 3037 Dominum
2481 2984 2759 3039 sedentem
2786 2998 2950 3053 super
2977 2984 3171 3039 solium
3191 2984 3467 3040 excelsum

1871 3085 1928 3131 et
1964 3073 2261 3137 elevatum,
2282 3082 2338 3128 et
2382 3074 2653 3144 seraphim
2695 3088 2926 3144 quorum
2953 3074 3046 3129 uni
3076 3090 3194 3140 sex,
3221 3081 3278 3131 et
3302 3074 3463 3130 alteri

1873 3167 2101 3223 totidem
2124 3174 2284 3221 erant
2330 3166 2449 3228 alae,
2487 3164 2699 3221 duabus
2721 3167 2953 3220 velantia
2989 3165 3182 3221 faciem
3224 3167 3367 3237 eius,
3407 3172 3467 3222 et

189 3262 269 3307 tas
293 3227 436 3321 fora;
466 3251 621 3329 mittit
663 3251 922 3314 timorem,
960 3227 1109 3307 illum
1137 3250 1387 3306 videlicet
1414 3227 1575 3321 quem
1596 3250 1771 3319 primo
1797 3227 1845 3290 ε
1882 3259 2093 3317 duabus
2134 3258 2368 3313 velantia
2412 3257 2577 3328 pedes
2627 3258 2765 3328 eius,
2808 3265 2865 3313 et
2908 3257 3121 3313 duabus
3151 3227 3386 3313 volantia
3408 3262 3469 3314 et

190 3343 309 3399 loco
331 3342 631 3414 posuimus,
657 3344 724 3397 de
761 3356 869 3412 quo
909 3342 1050 3397 idem
1092 3340 1364 3413 apostolus
1393 3342 1469 3395 ait
1510 3358 1523 3395 :
1556 3340 1662 3407 Qui
1688 3356 1779 3395 au-

189 3442 290 3487 tem
315 3432 458 3486 timet
487 3448 595 3487 non
615 3443 688 3487 est
714 3432 970 3502 perfectus
991 3433 1047 3486 in
1061 3432 1330 3496 charitate,
1348 3433 1594 3503 quoniam
1622 3434 1781 3486 timor

188 3542 391 3598 penam
415 3525 588 3579 habet.
620 3524 837 3580 Tertius
868 3526 1031 3580 timor
1057 3532 1143 3579 est
1165 3538 1230 3579 ex
1265 3525 1566 3580 reverentia
1594 3533 1650 3580 et
1673 3525 1775 3579 ho-

191 3631 321 3673 nore
345 3615 662 3687 procedens,
689 3629 795 3685 quo
841 3631 986 3670 nunc
1024 3624 1260 3671 tremere
1307 3615 1400 3669 Dei
1440 3614 1777 3686 maiestatem

191 3705 352 3761 etiam
374 3710 671 3775 potestates
694 3702 965 3767 dicuntur,
984 3702 1052 3757 de
1071 3717 1178 3773 quo
1196 3703 1365 3757 etiam
1381 3702 1641 3773 scriptum
1654 3710 1739 3757 est
1762 3719 1775 3756 :

196 3797 373 3852 Timor
397 3797 604 3851 Domini
632 3805 846 3850 sanctus
871 3811 1181 3865 permanens
1207 3797 1263 3849 in
1291 3794 1539 3850 saeuiunt
1575 3793 1776 3849 saeculi.

191 3890 247 3945 In
292 3888 473 3944 futura
519 3888 666 3943 enim
715 3888 824 3941 vita
868 3901 969 3941 nec
1007 3887 1216 3956 primus
1237 3885 1351 3950 ille,
1372 3900 1472 3941 nec
1511 3885 1779 3941 secundus

192 3983 326 4047 erit;
357 3980 453 4037 sed
481 3979 570 4035 hic
616 3987 825 4034 tantum
857 3978 1051 4033 tertius
1079 3977 1132 4031 in
1163 3976 1416 4033 sicanium
1441 3976 1620 4032 muli
1651 3990 1778 4046 per-

193 4072 448 4129 manebit.
476 4072 739 4127 Tremunt
766 4080 948 4126 autem
977 4086 1084 4127 non
1114 4071 1242 4127 salte
1266 4070 1517 4127 videlicet
1540 4080 1778 4142 potesta-

196 4175 295 4229 tes,
322 4162 417 4220 sed
444 4174 634 4218 omnes
676 4163 840 4218 etiam
868 4161 1109 4217 cmlestis
1135 4162 1322 4231 patrize
1368 4161 1590 4230 spiritus
1615 4179 1629 4214 :
1655 4177 1776 4216 nam

194 4271 315 4311 cum
342 4248 601 4325 scriptum
623 4253 714 4316 sit,
739 4253 953 4308 dicente
973 4250 1198 4305 Domino
1228 4268 1242 4304 :
1272 4249 1580 4320 Quicunque
1608 4250 1776 4303 hono-

195 4347 383 4401 raverit
426 4361 527 4409 nte,
560 4342 865 4416 gloriﬁcabo
893 4358 1050 4407 eum;
1082 4342 1173 4413 qui
1219 4350 1394 4395 autem
1442 4349 1776 4395 contemnunt

195 4454 293 4501 me,
315 4446 467 4492 erunt
487 4434 760 4507 ignobiles,
788 4432 1135 4490 manifestum
1156 4443 1242 4489 est
1259 4448 1449 4489 omnes
1475 4433 1779 4489 cmlestinm

196 4532 412 4587 ordines
455 4531 824 4586 ministrorum
873 4529 1075 4605 ideirco
1102 4529 1155 4583 in
1209 4536 1415 4582 tantum
1459 4542 1489 4581 a
1519 4526 1777 4582 Creature

197 4618 506 4694 gloriﬁcari,
533 4618 657 4689 quia
698 4618 811 4688 ipse
842 4633 1056 4689 quoque
1080 4616 1149 4672 ab
1170 4618 1253 4672 eis
1277 4616 1529 4671 omnibus
1565 4630 1777 4670 summo

199 4722 433 4769 tremore
476 4726 542 4766 ac
587 4711 899 4766 reverentia
945 4712 1260 4766 honoratur.
1308 4709 1551 4780 Denique
1592 4709 1638 4765 si
1670 4724 1775 4763 non

198 4818 319 4859 eum
347 4804 696 4866 honorarent,
727 4813 937 4858 certum
962 4811 1047 4859 est
1073 4802 1215 4873 quod
1249 4811 1693 4866 contemnerent;
1728 4801 1773 4857 si

199 4902 376 4949 autem
403 4900 827 4957 contemnerent,
855 4894 973 4948 sine
999 4892 1169 4948 dubio
1198 4907 1305 4948 non
1340 4891 1774 4963 gloriﬁcarentur

200 4984 267 5040 ab
306 4997 401 5048 eo,
447 4983 543 5039 sed
587 4991 771 5038 essent
812 4982 1095 5054 ignobiles,
1148 4989 1209 5036 ut
1250 4980 1496 5038 diabolus
1522 4989 1578 5035 et
1604 4980 1775 5050 angeli

198 5079 336 5149 eius,
365 5078 465 5149 qui
483 5093 613 5134 eum
652 5092 759 5131 non
804 5077 1121 5131 honorando
1149 5082 1611 5146 contempserunt,
1640 5083 1697 5129 et
1720 5089 1779 5129 se

200 5172 522 5229 honorando
546 5171 600 5226 in
642 5178 916 5240 perpetuum
956 5169 1313 5225 damnationis
1348 5168 1699 5237 opprobrium
1726 5176 1785 5223 et

201 5264 577 5323 contumeliam
601 5270 943 5318 corruerunt.
969 5261 1025 5315 In
1049 5259 1398 5331 sequentibus
1422 5274 1636 5330 quoque
1655 5274 1783 5313 cum

201 5355 548 5423 dicitur,C¢eli
559 5353 904 5424 calorumque
914 5355 960 5409 vi
966 5363 1124 5407 rtutes
1135 5369 1197 5406 ae
1208 5353 1357 5407 beata
1368 5352 1627 5423 seraphim
1638 5353 1781 5408 socia

200 5448 544 5504 exsultatione
578 5444 957 5510 concelebrant,
989 5442 1274 5499 manifeste
1322 5443 1628 5499 ostenditur
1652 5443 1779 5512 quia

202 5539 290 5597 ille
315 5547 642 5611 potestatum
678 5546 884 5593 tremor
909 5552 1013 5591 non
1042 5551 1109 5591 ex
1152 5536 1345 5591 timore
1365 5548 1559 5605 poenae,
1589 5534 1683 5590 sed
1711 5548 1779 5589 ex

1882 3349 2171 3405 clamantia
2194 3348 2423 3404 alterum
2449 3349 2517 3403 ad
2547 3348 2803 3413 alterum,
2829 3364 2894 3402 ac
2921 3347 3159 3404 dicentia
3189 3368 3201 3402 :

1883 3440 2139 3506 Sanctus,
2183 3449 2418 3502 sanctus,
2461 3448 2675 3493 sanctus
2712 3438 2970 3493 Dominus
3010 3437 3151 3493 Deus
3189 3439 3459 3505 Sabaoth;

2197 3530 2351 3602 plena
2375 3540 2451 3585 est
2479 3532 2649 3585 omnis
2676 3538 2819 3585 terra
2837 3528 3012 3597 gloria
3035 3540 3146 3585 tua.

1948 3623 2200 3679 imitatur
2215 3636 2348 3693 ergo
2390 3629 2578 3678 sancta
2603 3621 2846 3678 Ecclesia
2874 3622 2930 3677 in
2960 3622 3122 3677 terris
3145 3618 3323 3691 posita
3339 3637 3466 3693 par-

1880 3724 1990 3771 tem
2019 3716 2123 3781 sui,
2147 3730 2267 3786 quae
2290 3715 2344 3769 in
2373 3712 2524 3769 calls
2547 3721 2631 3768 est
2657 3713 2970 3777 constituta,
2994 3726 3098 3768 non
3129 3711 3300 3767 solum
3321 3712 3465 3784 quod

1880 3804 2050 3860 Deum
2078 3803 2303 3875 supplici
2358 3802 2696 3881 confessione
2726 3801 3033 3867 conlaudat,
3071 3816 3261 3856 verum
3298 3803 3465 3858 etiam

1878 3896 2023 3968 quod
2050 3896 2239 3950 iisdem
2274 3893 2457 3949 verbis
2496 3908 2562 3948 ac
2589 3891 2837 3948 sensibus
2870 3891 3089 3948 easdem
3116 3891 3463 3947 laudescon-

1878 3987 2117 4044 celebrat
2147 4005 2162 4041 ε
2189 4000 2526 4057 consequens
2566 3985 2713 4041 enim
2751 3991 2855 4050 est,
2883 3994 2945 4041 ut
2970 3984 3044 4039 sit
3067 3999 3171 4039 una
3203 3984 3462 4050 laudatio,

1877 4095 2108 4151 quorum
2154 4077 2333 4132 futura
2373 4086 2459 4133 est
2498 4092 2606 4131 una
2648 4076 2948 4146 eademque
2977 4076 3032 4130 in
3059 4074 3220 4133 domo
3249 4074 3462 4130 Domini

1877 4170 2155 4224 habitatio.
2185 4168 2338 4235 Quod
2386 4177 2567 4221 autem
2613 4176 2696 4222 ter
2735 4166 2963 4222 Sanetus
3009 4166 3062 4219 in
3108 4165 3203 4219 Dei
3250 4164 3471 4219 laudem

1877 4260 2125 4320 dicimus.
2163 4257 2486 4312 Trinitatem
2515 4270 2865 4325 personarum
2890 4255 2943 4310 in
2973 4255 3180 4309 unitate
3208 4252 3463 4308 divinita-

1878 4350 1949 4404 tis
1975 4346 2226 4403 inelfabili
2270 4348 2530 4419 mysterio
2573 4362 2899 4403 veneramur
2928 4365 2940 4401 :
2969 4347 3023 4402 in
3051 4362 3117 4401 eo
3143 4361 3275 4402 vero
3318 4345 3463 4417 quod

1878 4449 1992 4495 tum
2035 4438 2203 4495 semel
2253 4438 2541 4494 Dominum
2584 4438 2754 4495 Deum
2807 4438 3047 4495 Sabaoth
3104 4438 3461 4502 conﬁtemur.

1807 4569 1852 4623 υ
1878 4546 2045 4586 unum
2073 4530 2255 4623 Deumg
2286 4531 2341 4623 in
2376 4530 2639 4623 Trinitate
2660 4531 2843 4623 rerbis
2864 4530 3175 4589 cmicstibus
3200 4529 3459 4623 przedieaa-

1883 4638 2023 4687 mus,
2070 4637 2195 4676 nam
2224 4620 2461 4679 Sabaoth
2488 4637 2555 4678 ex
2585 4622 2812 4678 Hebmo
2846 4623 2899 4677 in
2928 4623 3182 4678 Latinum
3207 4622 3465 4686 vertitur,

1882 4717 2218 4772 exercituum
2248 4716 2362 4771 sive
2386 4716 2670 4780 virtutum,
2695 4714 2838 4785 quod
2866 4724 2923 4770 et
2960 4715 3013 4770 in
3040 4715 3319 4787 prophetis
3355 4712 3463 4766 fm-

1881 4808 2234 4877 qnentissime
2276 4806 2474 4878 legitur
2511 4805 2836 4871 dicentibus,
2879 4804 3009 4860 Ha'e
3045 4806 3171 4859 dicit
3205 4804 3461 4859 Dominus

1882 4898 2025 4953 Deus
2066 4897 2408 4961 exercituum,
2448 4903 2505 4951 et
2532 4896 2585 4950 in
2622 4895 2830 4967 psalmo
2857 4905 3040 4967 aperte
3066 4905 3123 4950 et
3149 4892 3460 4965 angelorum

1880 5002 2014 5042 voce
2041 4985 2259 5050 dicitur,
2282 4984 2413 5051 Quis
2434 4994 2511 5040 est
2529 4985 2627 5039 iste
2647 5001 2740 5040 rex
2766 4983 2988 5056 glariie?
3014 4982 3267 5038 Domitius
3300 4980 3461 5036 virtu-

1879 5089 2011 5132 tum.
2032 5076 2187 5144 Quod
2214 5085 2394 5130 autem
2418 5076 2661 5145 sequitur
2685 5090 2703 5129 :

2164 5165 2313 5221 Pleni
2343 5177 2462 5221 sunt
2490 5166 2603 5221 caeli
2630 5176 2678 5220 et
2706 5177 2846 5221 terra
2871 5167 3039 5238 gloria
3062 5178 3174 5233 tua,

1883 5259 2303 5317 immensitatem
2330 5257 2523 5313 divina:
2553 5258 2851 5328 maiestatis
2867 5258 3123 5325 ostendit,
3148 5258 3293 5315 nulla
3315 5259 3461 5315 enim

1884 5351 2113 5414 ratione,
2153 5347 2297 5403 nulla
2324 5348 2678 5402 aestimatione
2703 5348 2883 5403 metiri
2920 5347 3102 5415 valet;
3129 5349 3328 5405 mundo
3349 5362 3458 5403 non

1882 5443 2113 5515 capitur,
2149 5440 2228 5497 sic
2251 5438 2421 5510 replet
2464 5439 2743 5505 mundum,
2770 5449 2833 5495 ut
2859 5442 2974 5512 ipse
2996 5442 3277 5497 contineat
3297 5454 3427 5495 mun

1880 5538 2029 5602 dum,
2060 5550 2165 5590 non
2188 5534 2526 5589 contineatur
2550 5548 2580 5587 a
2606 5533 2843 5588 mundo:
2867 5540 2952 5589 est
2976 5534 3121 5589 enim
3153 5530 3461 5588 mundosu-

204 5629 519 5685 reverentia:
544 5627 748 5683 honore
772 5627 1033 5696 procedit.
1064 5624 1120 5681 Si
1149 5626 1293 5680 enim
1321 5625 1507 5679 divina
1526 5624 1785 5695 maiestas
1876 5627 2079 5697 perior,
2106 5622 2355 5688 inferior,
2380 5622 2638 5686 exterior,
2660 5631 2715 5678 et
2738 5620 3002 5689 interior;
3035 5622 3270 5695 regendo
3292 5635 3457 5690 supe-

208 5721 271 5774 ah
287 5719 537 5774 omnibus
556 5718 826 5782 tremitur,
841 5718 1006 5773 etiam
1025 5716 1183 5772 beata
1207 5716 1476 5787 seraphim
1495 5729 1617 5786 qua:
1634 5714 1787 5769 exul-

208 5817 322 5866 tare
349 5811 621 5877 dicuntur,
646 5818 875 5865 tremere
904 5826 1009 5866 non
1030 5808 1370 5876 dubitantur;
1396 5809 1513 5864 etsi
1539 5806 1776 5863 exsulta-

1879 5715 2010 5780 rior,
2050 5710 2313 5785 portando
2354 5710 2614 5777 inferior,
2667 5714 3013 5783 gubernando
3054 5712 3319 5776 exterior,
3370 5725 3459 5765 re-

1877 5805 2073 5877 plendo
2101 5804 2357 5873 interior;
2382 5804 2459 5860 sic
2497 5813 2581 5860 est
2616 5820 2712 5875 per
2734 5815 2926 5875 (uincta
2972 5803 3216 5871 diﬂ‘nsus,
3245 5813 3306 5859 ut
3346 5817 3454 5859 non
