3920 6310
617 355 763 416 “93

1493 352 1764 412 SIECULI
1801 353 1916 412 Vill
1955 353 2392 414 NONUMENTA
2429 351 2984 417 ECCLESIASTICA.

3613 383 3692 442 uti

613 446 688 529 ,εί
725 471 961 544 qualitas
985 469 1193 536 mundi,
1240 469 1332 526 sed
1377 467 1680 525 substantia
1720 469 1958 524 creatrix
1985 469 2191 536 mundi,
2221 471 2269 531 Α
2297 469 2449 538 lium,
2474 472 2569 528 sed
2595 473 2650 528 in
2678 488 2777 530 ore
2804 473 3039 531 ﬁdelium
3070 475 3311 535 funditur.
3347 480 3691 565 Hincergopem.

612 567 732 624 sine
768 565 957 622 labore
995 579 1206 636 regens,
1255 563 1372 618 sine
1409 575 1576 618 onere
1597 563 1886 628 continens
1907 563 2194 630 (mundum,

613 671 722 726 non
752 665 932 714 tamen
961 670 1060 727 per
1085 643 1260 726 spatia
1284 653 1524 708 locorum
1569 652 1724 723 quasi
1773 652 1914 707 mole
1947 651 2195 720 dill‘usus,

611 762 722 803 non
752 747 889 802 utin
913 745 1138 800 dimidia
1161 752 1316 814 parte
1345 743 1416 798 sit
1438 741 1712 808 dimidius,
1739 751 1794 797 et
1827 744 1882 798 in
1910 741 2016 798 alia
2038 735 2196 799 dimi-

609 839 700 893 dia
727 837 1004 900 dimidius.
1048 845 1212 906 atque
1257 835 1331 890 ita
1373 847 1472 903 per
1515 840 1691 888 totum
1736 841 1878 889 totus
1906 852 1921 887 :
1946 848 2052 889 non
2092 835 2193 901 sic,

609 931 706 986 sed
733 931 786 988 in
817 939 931 988 toto
970 928 1106 985 caelo
1151 936 1318 996 totus,
1352 936 1410 984 et
1449 929 1504 984 in
1533 935 1646 984 tota
1672 937 1820 983 terra
1859 937 2024 996 totus,
2055 939 2112 985 et
2139 932 2192 986 in

609 1029 765 1090 parte
806 1028 971 1082 totus,
999 1029 1054 1074 et
1092 1032 1192 1088 per
1215 1025 1412 1074 cuncta
1441 1025 1610 1084 totus,
1637 1025 1695 1073 et
1729 1016 1876 1074 nullo
1903 1028 2192 1078 contentus

605 1110 748 1176 loco,
767 1111 862 1166 sed
893 1111 944 1164 in
970 1125 1029 1165 se
1048 1109 1165 1180 ipso
1183 1107 1383 1180 ubique
1401 1117 1567 1174 totus,
1589 1109 1664 1163 ita
1690 1105 1875 1173 Pater,
1895 1110 1975 1164 ita
1997 1105 2188 1177 Filius,

535 1261 554 1280 κ
606 1201 682 1256 ita
717 1209 774 1255 et
801 1197 1035 1270 Spiritus
1071 1207 1314 1266 sanctus,
1335 1211 1480 1253 unus
1503 1195 1650 1254 Deus
1675 1195 1912 1253 Trinitas
1939 1198 2187 1255 indivisa.

603 1290 808 1346 Deinde
834 1289 1172 1362 sulijungitur
1205 1307 1218 1342 :

1105 1379 1319 1436 Osanna
1346 1383 1402 1436 in
1430 1379 1669 1435 excelsis.

599 1470 673 1527 Et
700 1473 917 1527 Osanna
961 1473 1348 1543 interpretatur
1391 1471 1654 1540 calvities,
1693 1471 2064 1528 subaudiendo
2101 1471 2186 1526 vel

598 1561 854 1632 populum
882 1571 1054 1630 tuum,
1083 1561 1168 1618 vel
1187 1570 1358 1616 totum
1384 1561 1666 1629 mundum,
1683 1561 1772 1616 cui
1800 1560 2004 1616 idcirco
2031 1559 2186 1616 addi-

599 1663 692 1709 tur
730 1655 788 1709 in
826 1653 1064 1721 accisis,
1089 1653 1235 1726 quod
1273 1653 1536 1709 adventus
1575 1651 1778 1708 Christi
1817 1667 1926 1708 non
1974 1661 2184 1708 tantum

595 1745 878 1802 hominum
903 1745 1070 1811 salus,
1092 1743 1188 1800 sed
1209 1744 1570 1800 totiusmundi
1595 1743 1687 1810 sit,
1715 1753 1930 1800 terrena
1949 1743 2184 1816 jungens

2298 577 2420 616 mus
2445 563 2605 632 quale
2619 566 2700 620 sit
2733 581 2834 636 pro
2861 567 3016 624 nobis
3062 569 3162 624 hoc
3202 571 3496 644 sacriﬁcium,
3516 563 3614 650 quod
3639 605 3694 657 pro

2297 652 2633 745 absolutionc
2657 665 2842 711 nostra
2872 657 3176 745 passionem
3201 661 3426 733 unigeniti
3448 666 3540 725 Filii

2295 739 2557 833 imitatur.
2585 743 2717 811 Quis
2748 745 2894 800 enim
2921 743 3158 804 ﬁdelium
3191 749 3372 808 habere
3405 755 3570 814 dubium
3598 739 3694 833 possit

2295 832 2411 904 ipsa
2437 833 2822 893 immolationis
2864 839 2998 894 hora
3030 838 3100 896 ad
3140 842 3406 900 sacerdotis
3434 861 3574 904 vocem
3599 832 3694 910 an

2294 922 2516 992 aperiri,
2537 925 2589 980 in
2619 923 2710 980 illo
2733 923 2863 982 Iesu
2886 927 3090 985 Christi
3119 933 3360 1003 mysterio
3380 936 3609 1008 angelorum
3623 945 3694 1002 eis
3790 922 3791 984 Ῐ

2294 1030 2384 1071 ros
2407 1017 2613 1084 adesse,
2643 1020 2871 1074 summis
2902 1021 3012 1076 ima
3053 1024 3280 1090 sociari,
3299 1033 3473 1082 terrain
3503 1031 3696 1092 relatus
3790 1051 3791 1062 ³

2285 1107 2460 1178 jungi,
2487 1123 2654 1164 unum
2693 1109 2823 1180 quid
2849 1125 2918 1166 ex
2957 1111 3258 1170 visibilibus
3297 1124 3435 1188 atque
3469 1119 3696 1184 invisibilia

2292 1197 2430 1264 ﬁeri,
2459 1198 2605 1254 unde
2625 1209 2683 1254 et
2707 1215 2734 1254 a
2753 1203 2985 1258 secretis
3005 1204 3309 1272 virtutibus,
3334 1200 3407 1262 vel
3433 1212 3562 1267 sacris
3587 1229 3696 1269 sacu-

2290 1298 2471 1344 menta
2517 1288 2798 1357 dicuntur;
2843 1294 2972 1361 quia
3019 1294 3124 1372 sub
3165 1303 3440 1366 tegumento
3466 1304 3692 1372 corporalia

2290 1392 2473 1433 rerum
2499 1378 2672 1434 virtus
2706 1380 2887 1435 divina
2911 1383 3176 1439 secretius
3196 1385 3402 1441 salutem
3423 1403 3563 1444 eorum
3587 1407 3695 1447 sicn-

2289 1474 2592 1534 mentorum
2619 1478 2897 1537 operatur.
2926 1467 3163 1542 Ideoque
3186 1487 3276 1527 seu
3297 1488 3386 1544 per
3400 1473 3548 1542 bonos,
3567 1491 3626 1533 seu
3641 1495 3692 1549 per

2288 1555 2460 1610 malos
2485 1556 2765 1612 ministros
2791 1558 2933 1614 intra
2979 1559 3077 1616 Dei
3125 1560 3399 1618 Ecclesiam
3435 1567 3694 1636 dispensentur,

2287 1659 2467 1703 tamen
2491 1647 2616 1718 quia
2641 1647 2878 1720 Spiritus
2901 1660 3126 1708 sanctus
3138 1655 3350 1726 mystice
3367 1655 3443 1710 illa
3463 1656 3695 1731 virilitatqri
3790 1641 3791 1650 χ

2285 1736 2556 1808 quondam
2583 1737 2881 1810 apostolico
2903 1741 2957 1797 in
2990 1751 3232 1813 tempore
3247 1743 3503 1800 visibilibus
3519 1751 3696 1818 apparebat

595 1835 1067 1910 cumctelcstibus,
1089 1843 1154 1890 ut
1171 1849 1331 1891 omne
1349 1849 1489 1905 genu
1515 1835 1567 1892 ei
1584 1832 2168 1900 llectaturctelestium,
2205 1821 2252 1884 Β
2277 1825 2549 1896 operibus.
2580 1843 2679 1882 nec
2717 1827 2985 1884 bonorum
3032 1833 3242 1887 mentis
3275 1833 3610 1904 dispensatorem
3630 1853 3694 1891 ιω·
3790 1829 3791 1910 ξ

597 1925 942 1979 terrestrium
967 1933 1024 1980 et
1051 1923 1406 1980 interuorum.
1439 1921 1696 1994 Sequitur
1726 1941 1739 1978 :

801 2013 1107 2069 Benedictus
1135 2015 1224 2084 qui
1251 2016 1386 2068 venit
1414 2015 1468 2068 in
1507 2015 1714 2069 nomine
1741 2011 1956 2069 Domini

596 2104 711 2161 Hoc
737 2114 922 2160 autem
957 2119 1064 2160 non
1091 2103 1290 2160 dicitur
1309 2103 1414 2160 nisi
1439 2103 1538 2160 soli
1565 2101 1704 2159 Filio
1737 2101 1866 2170 Dei,
1894 2103 2179 2160 Salvatore

595 2209 812 2265 quoque
828 2195 880 2250 id
903 2195 1082 2266 ipsum
1106 2195 1162 2250 in
1183 2193 1476 2265 Evangelio
1491 2195 1902 2265 comprobante,
1927 2195 2038 2268 Ego
2064 2199 2176 2254 seni

593 2287 652 2340 in
677 2286 884 2340 nomine
904 2283 1086 2340 Patris
1106 2285 1233 2352 mei,
1257 2295 1306 2340 et
1331 2302 1436 2340 non
1460 2286 1720 2358 recepistis
1749 2304 1850 2351 me,
1881 2287 2020 2343 alius
2045 2291 2177 2343 venit

591 2375 650 2427 in
683 2373 891 2428 nomine
917 2390 1042 2438 suo,
1091 2383 1138 2427 et
1183 2375 1446 2444 recepistis
1469 2391 1606 2430 eum.
1658 2374 1900 2432 Peractis
1925 2377 2177 2434 omnibus

595 2479 718 2536 qua:
745 2480 909 2535 supra
935 2467 1373 2530 memoravimus,
1420 2467 1564 2522 facto
1590 2483 1784 2540 magno
1835 2470 2177 2541 circumqua-

590 2569 699 2626 que
723 2555 960 2622 silentio,
980 2555 1298 2628 lncipitjam
1321 2558 1576 2614 sacerdos
1591 2558 1696 2614 lixa
1723 2561 1776 2616 in
1805 2559 1971 2617 Deum
1996 2573 2174 2618 urente

589 2649 889 2704 salutarem
915 2650 1164 2719 corporis
1199 2659 1256 2704 et
1305 2652 1580 2722 sanguinis
1633 2653 1894 2708 Dominiei
1940 2655 2176 2710 hostium

589 2753 936 2804 consecrare,
957 2755 1123 2809 quam
1149 2739 1308 2795 oil’ert
1328 2743 1654 2812 generaliter
1679 2760 1778 2814 pro
1806 2745 2048 2802 Ecclesia
2077 2747 2173 2803 Dei

589 2835 780 2882 sancta
807 2827 1074 2883 catholica
1091 2870 1110 2892 ,
1129 2839 1184 2883 et
1229 2828 1443 2885 fatimlis
1478 2831 1886 2906 l‘amulabusque
1912 2837 2058 2908 ejus,
2086 2847 2168 2892 at-

589 2934 700 2988 que
723 2921 974 2975 omnibus
998 2923 1526 2989 circumastantilms,
1547 2940 1780 2994 quorum
1809 2928 1884 2983 illi
1910 2927 2042 2984 ﬁdes
2073 2946 2168 2986 co-

589 3009 738 3079 gnita
779 3016 883 3075 est,
911 3019 967 3064 et
995 3019 1120 3066 uota
1150 3012 1386 3078 devotio,
1415 3015 1614 3085 quique
1651 3016 1730 3070 illi
1756 3019 1930 3089 ipsum
1960 3019 2168 3093 sacriﬁ-

586 3099 732 3156 cium
759 3097 991 3155 oﬂ'erunt
1025 3117 1126 3172 pro
1167 3119 1225 3159 sc
1269 3106 1486 3176 suisque
1532 3108 1800 3174 omnibus,
1826 3126 1925 3182 pro
1951 3113 2166 3168 redem-

583 3189 766 3261 ptione
807 3191 1110 3247 animarum
1151 3209 1394 3262 suarum,
1413 3213 1511 3268 pro
1533 3215 1629 3269 spe
1656 3201 1848 3256 salutis
1873 3213 1928 3260 et
1953 3193 2160 3260 iucolu4

585 3281 793 3337 mitatis
818 3297 946 3338 suae.
971 3283 1210 3340 Advocat
1251 3287 1414 3342 etiam
1459 3295 1510 3344 in
1549 3289 1871 3360 adjutorium
1913 3296 2164 3352 obsecra-

584 3373 750 3428 tionis
794 3389 906 3429 suze
949 3375 1240 3448 gloriosam
1278 3395 1490 3450 semper
1532 3383 1794 3455 virginem
1824 3385 2046 3442 Mariam
2074 3406 2164 3461 ge—

583 3463 836 3518 nitricem
862 3463 956 3521 Dei
982 3476 1040 3523 et
1067 3466 1278 3524 Domini
1320 3472 1490 3526 nostri
1537 3471 1665 3528 Jesu
1701 3475 1924 3544 Christi,
1969 3481 2062 3536 sed
2109 3493 2165 3538 et

582 3555 772 3610 beatos
814 3555 973 3611 simul
1009 3559 1284 3629 apostolos
1319 3577 1384 3616 ac
1431 3574 1700 3635 martyres
1746 3565 1864 3633 Dei,
1893 3579 1950 3625 et
1977 3585 2166 3628 omnes

580 3647 792 3716 pariter
809 3656 1046 3713 sanctos,
1071 3658 1130 3704 ut
1153 3665 1340 3706 corum
1367 3655 1580 3710 meritis
1605 3671 1669 3710 ac
1695 3657 1950 3726 precibus
1966 3662 2022 3716 iu
2047 3678 2164 3735 om:

580 3735 743 3794 nibus
770 3739 1124 3807 protectionis
1145 3742 1265 3812 ejus
1287 3745 1594 3800 muniantur
1613 3747 1832 3802 auxilio.
1863 3749 1998 3807 Orat
2019 3769 2160 3824 prte-

583 3834 732 3880 tcrea
771 3834 832 3879 ut
849 3825 1176 3882 oblationem
1203 3841 1410 3886 cuncta:
1423 3832 1640 3889 familiar
1655 3851 1764 3892 sum
1781 3837 2036 3897 Dominus
2051 3844 2162 3914 pla-

580 3923 738 3970 catus
773 3917 1024 3985 accipiat,
1055 3933 1120 3972 ac
1153 3934 1254 3988 per
1302 3936 1496 3978 manus
1535 3927 1708 3981 sancti
1753 3930 1925 4000 angeli
1979 3935 2062 3988 sui
2107 3936 2162 3990 in

578 4004 810 4062 sublime
830 4005 1000 4062 altare
1028 4023 1184 4064 suum
1203 4011 1431 4081 perferri
1452 4013 1663 4086 jubeat,
1701 4017 1922 4088 diesque
1947 4031 2163 4081 nostros

580 4100 636 4154 in
668 4115 766 4154 sua
791 4113 926 4170 pace
949 4100 1220 4172 disponat,
1246 4113 1410 4174 atque
1451 4107 1520 4160 ab
1556 4117 1760 4164 arteriis
1811 4111 2162 4174 damnatione

579 4204 680 4244 nos
713 4190 872 4261 eripi,
893 4192 1027 4247 etin
1057 4193 1354 4250 electorum
1380 4213 1602 4253 sitorum
1628 4197 1822 4268 iubeat
1853 4218 2016 4276 grege
2055 4222 2158 4262 nu-

578 4283 800 4336 merari.
826 4281 942 4339 Hoc
966 4293 1148 4340 autem
1173 4294 1345 4340 totum
1391 4288 1445 4342 in
1491 4294 2060 4352 commemorationem
2100 4297 2162 4354 lit

577 4372 772 4428 mortis
798 4372 1087 4448 Dominicze
1115 4377 1181 4432 ad
1215 4386 1431 4449 tempus
1451 4383 1518 4436 ab
1551 4397 1618 4438 eo
1651 4395 1896 4455 gusmtze,
1925 4405 2031 4460 qua
2061 4407 2162 4446 nos

578 4463 648 4518 ab
665 4472 881 4519 aeternae
907 4468 1100 4522 mortis
1124 4468 1470 4528 damnatione
1513 4475 1820 4546 unigenitus
1847 4480 1942 4536 Dei
1991 4480 2158 4539 Filius

577 4554 1005 4612 misericorditer
1041 4556 1310 4626 liberavit,
1335 4563 1473 4617 sicut
1499 4565 1612 4634 ipse
1638 4583 1829 4636 panem
1855 4579 1914 4625 et
1935 4572 2158 4629 calicem

577 4644 848 4714 accipiens
873 4645 927 4700 in
971 4653 1192 4704 sanctas
1226 4665 1290 4704 ac
1340 4655 1676 4710 venerabiles
1715 4673 1910 4715 manus
1931 4676 2078 4730 suas,
2104 4673 2159 4720 et

575 4733 801 4794 elevatis
813 4735 986 4811 oculis
1004 4737 1054 4792 in
1075 4739 1296 4806 coelum,
1317 4743 1522 4819 gratias
1540 4760 1706 4816 agens
1729 4764 1792 4803 ac
1809 4748 2156 4821 benedicens,

575 4840 750 4894 eaque
784 4827 1059 4898 discipulis
1083 4830 1198 4910 suis
1237 4831 1404 4899 dedit,
1432 4843 1494 4889 ut
1517 4838 1910 4896 manducarcnt
1927 4853 1983 4898 et
2003 4845 2156 4900 bibe-

576 4925 726 4982 rent;
745 4931 942 4986 corpus
959 4927 1015 4974 et
1029 4921 1345 4990 sanguinem
1366 4938 1524 4979 suum
1546 4941 1664 4982 esse
1683 4929 2033 5001 conﬁrmans,
2047 4937 2152 4992 ait:

578 5003 708 5058 Ilmc
729 5009 1132 5080 quotiescunque
1159 5011 1402 5082 feceritis,
1437 5015 1492 5070 in
1517 5019 1618 5071 mei
1645 5025 1953 5076 memoriam
1992 5024 2154 5094 facie-

575 5093 663 5146 tis.
697 5092 820 5150 Haec
846 5113 1082 5170 namque
1108 5101 1398 5172 singularis
1426 5104 1646 5162 victima
1675 5110 1744 5164 ab
1771 5119 1976 5168 interno
1994 5092 2177 5171 inte»

574 5191 685 5246 ritu
705 5189 940 5244 animam
961 5193 1156 5259 salvat,
1186 5206 1306 5264 quae
1331 5196 1476 5252 illam
1509 5199 1666 5256 nobis
1693 5213 1922 5260 mortem
1962 5209 2150 5280 unige.

572 5279 674 5336 niti
729 5293 828 5349 per
877 5285 1192 5353 mysterium
1250 5296 1488 5358 reparat,
1527 5291 1619 5360 qui
1671 5293 1800 5350 licet
1847 5279 2078 5369 surgens
2121 5318 2151 5356 a

572 5370 802 5426 mortuis
828 5371 946 5440 jam
970 5387 1076 5447 non
1105 5377 1355 5444 moritur,
1377 5388 1434 5434 et
1461 5396 1609 5436 mors
1636 5384 1686 5438 ei
1722 5385 1864 5441 ultra
1905 5403 2012 5443 non
2050 5389 2148 5444 do-

573 5459 888 5535 minabitur,
915 5470 970 5515 et
997 5461 1049 5515 in
1082 5465 1140 5516 s'e
1168 5465 1284 5534 ipso
1310 5465 1689 5526 immortaliter
1711 5484 1875 5545 atque
1905 5477 2152 5535 incorru-

570 5549 834 5621 ptihilitcr
855 5551 1061 5617 vivens,
1082 5569 1182 5623 pro
1207 5557 1360 5614 nobis
1401 5559 1596 5616 iterum
1647 5565 1700 5642 in
1742 5553 1846 5622 hoc
1896 5573 2155 5642 mysterio

569 5660 739 5698 sacrae
767 5642 1048 5698 oblationis
1069 5645 1398 5713 immolatur,
1425 5651 1542 5719 ejus
1563 5639 1693 5710 caro
1721 5658 1774 5712 in
1803 5639 1981 5730 populi
2009 5663 2153 5718 salu-

573 5741 680 5787 tem
718 5735 970 5809 partitur,
1003 5736 1116 5807 ejus
1137 5729 1356 5808 sanguis
1379 5757 1481 5796 non
1501 5744 1612 5812 jam
1646 5748 1696 5802 in
1741 5729 1930 5809 manus
1965 5755 2154 5814 inﬁde-

2278 1917 2588 1989 plillcantur
2613 1922 2730 1978 haec
2755 1921 3040 1989 dona,uec
3060 1925 3320 1983 malorum
3349 1936 3693 2002 attenuantumrii
3790 1943 3791 1946 ‘

2279 2029 2440 2086 neque
2461 2015 2551 2084 qui
2570 2013 2774 2086 plantat
2803 2026 2878 2070 est
2911 2016 3138 2088 aliquid,
3166 2035 3322 2090 neque
3340 2019 3419 2090 φιε
3447 2021 3632 2092 gmw,“
3647 2025 3694 2091 p-
3790 2015 3791 2044 η

2278 2103 2650 2158 incrementum
2693 2105 2782 2159 dat
2813 2105 2956 2161 Deus
2987 2125 3007 2162 :
3039 2124 3206 2180 quam
3233 2113 3606 2166 consecrationem
3629 2128 3694 2166 cu-

2276 2193 2425 2264 poris
2451 2203 2508 2250 et
2556 2196 2836 2267 sanguinis
2870 2197 3145 2256 Dominici
3175 2201 3292 2258 ideo
3325 2218 3501 2274 semper
3519 2203 3696 2258 inritatio

2277 2286 2514 2344 arbitror
2534 2286 2817 2354 celebrari,
2848 2292 2982 2362 quia
3000 2303 3224 2352 sancms
3251 2296 3306 2351 in
3323 2295 3394 2351 eis
3415 2312 3578 2352 tuaneos
3594 2293 3695 2364 Spiri-

2279 2390 2366 2436 tus
2386 2378 2639 2437 eumdem
2669 2395 3144 2442 sacramentorum
3168 2388 3388 2444 latenter
3418 2401 3600 2460 Operam
3619 2387 3694 2442 ele-

2274 2481 2443 2540 ctum,
2470 2473 2612 2528 unde
2639 2482 2696 2529 et
2718 2471 2906 2530 Graec
2934 2478 3259 2548 mysterium
3280 2479 3691 2550 dicitur,quodetn-

2275 2573 2386 2618 tam
2402 2573 2460 2620 et
2482 2564 2815 2621 reconditam
2835 2566 3037 2624 habeat
3061 2569 3462 2641 dispositionem.
3479 2571 3684 2628 Seductus

2273 2667 2356 2714 est
2401 2667 2466 2714 ut
2505 2674 2631 2714 cum
2673 2659 2788 2715 haec
2833 2662 3098 2719 sacerdos
3122 2665 3256 2736 agit,
3285 2664 3553 2737 semetipsum
3572 2661 3687 2715 Deoia

2271 2749 2451 2806 cordis
2475 2751 2799 2806 contritione
2833 2761 3064 2821 mactet,
3102 2754 3234 2825 quia
3266 2755 3354 2826 qui
3377 2749 3688 2825 passionisme

2271 2842 2406 2898 nica:
2451 2843 2709 2914 mysteria
2749 2841 3012 2912 celebrat,
3068 2847 3232 2907 debet
3275 2847 3453 2903 imitari
3493 2843 3588 2916 quod
3617 2840 3693 2911 agit.

2271 2933 2422 2989 Tunc
2447 2949 2578 3005 ergo
2605 2950 2734 2991 vere
2758 2951 2861 3006 pro
2882 2939 3044 2995 nobis
3071 2939 3250 3008 hostia
3273 2940 3393 3008 erit,
3421 2954 3518 2995 curs
3535 2951 3598 2992 nos
3613 2935 3691 3004 im

2271 3023 2506 3080 hostiam
2530 3023 2738 3082 fecerit.

2273 3113 2556 3185 Praeceptis
2605 3117 2924 3172 salutaribus
2976 3122 3166 3176 moniti
3218 3131 3265 3175 et
3313 3122 3464 3176 dicina
3499 3114 3698 3172 institution

2701 3209 2917 3278 {unitati
2937 3211 3202 3268 audemus
3225 3213 3404 3268 dicere.

2309 3293 2568 3352 Dominus
2583 3308 2640 3354 et
2653 3297 2904 3357 Salvator
2919 3302 3281 3363 nosterlesus
3289 3303 3502 3360 Christus
3512 3303 3552 3358 io
3561 3299 3699 3366 M

2267 3385 2337 3441 lio
2357 3388 2612 3458 praecepit
2623 3389 2835 3448 dicens:
2859 3389 2926 3447 Et
2947 3410 3073 3450 cum
3091 3397 3273 3461 oratis,
3288 3394 3429 3450 nolite
3438 3386 3697 3456 mlth

2264 3478 2340 3532 sic
2361 3489 2536 3532 autem
2571 3480 2760 3536 ethnici
2796 3481 3022 3552 faciunt,
3059 3495 3249 3555 putant
3276 3487 3401 3542 enim
3419 3481 3528 3556 quod
3547 3483 3585 3534 is
3599 3475 3698 3531 allii-

2265 3563 2438 3635 loquio
2465 3582 2562 3620 suo
2583 3568 2960 3626 exaudiantnr.
2995 3571 3053 3627 Si
3088 3589 3230 3648 ergo
3263 3575 3482 3631 ethnicus
3499 3566 3700 3627 iactatione

2265 3657 2493 3714 multum
2514 3650 2778 3732 loquitur,
2805 3679 2937 3736 ergo
2963 3668 3054 3737 qui
3087 3669 3421 3726 Christianus
3434 3676 3502 3724 est
3528 3662 3697 3728 debelP'

2265 3762 2386 3814 τυω
2409 3747 2591 3821 loqui;
2620 3768 2747 3808 nam
2783 3756 2830 3810 si
2857 3756 2947 3812 ille
2973 3759 3100 3816 ideo
3139 3759 3417 3818 frustratur
3431 3757 3698 3830 potionem.

2263 3840 2388 3909 quia
2437 3851 2592 3912 putat
2635 3860 2694 3900 se
2745 3847 2802 3902 in
2849 3849 3194 3923 multiloquio
3236 3851 3458 3911 exaudiri
3479 3867 3492 3904 :
3513 3847 3623 3903 debet
3644 3841 3698 3895 iste

2261 3948 2456 4003 Parum
2492 3935 2659 4006 loqui,
2709 3955 2780 3996 ne
2823 3941 3022 3998 similia
3071 3947 3309 4016 patiatur
3337 3964 3350 4000 ε
3375 3943 3496 3998 Deus
3524 3938 3698 3994 enimnon

2261 4023 2576 4093 verborum,
2601 4029 2696 4084 sed
2735 4033 2918 4088 cordis
2945 4035 3168 4092 auditor
3205 4047 3308 4094 est.
3339 4035 3448 4092 Haec
3472 4035 3694 4102 itaque?”

2260 4124 2418 4185 cepta
2447 4126 2502 4172 et
2522 4119 2773 4174 mandata
2804 4121 3067 4180 salutaria
3093 4126 3252 4182 nobis
3267 4136 3402 4192 sunt,
3421 4121 3576 4198 quibus
3591 4114 3698 4170 Idm

2261 4220 2454 4260 nomur
2499 4224 2570 4263 ne
2623 4224 2722 4279 per
2770 4212 3168 4284 multiloquium
3212 4217 3453 4274 orationis
3471 4218 3616 4268 nostra
3637 4202 3697 4258 (η’

2261 4295 2582 4352 strationem
2607 4315 2936 4369 mereamur,
2961 4315 3025 4359 ut
3053 4305 3140 4362 his
3165 4306 3480 4378 paucissimis
3497 4291 3698 4363 verhhqll'

2258 4381 2362 4439 bus
2383 4401 2450 4441 ex
2471 4387 2653 4444 divina
2675 4390 3011 4463 institutione
3036 4406 3203 4469 atque
3229 4397 3498 4454 eruditione
3511 4391 3698 4448 iam“

2187 4528 2238 4589 Β
2263 4483 2347 4538 vel
2373 4484 2656 4554 docemur,
2683 4491 2973 4559 petitiones
3009 4506 3228 4590 nostras
3259 4494 3390 4566 apud
3417 4493 3552 4548 Deum
3578 4487 3700 4541 ω

2261 4589 2416 4632 scere
2429 4581 2676 4636 contenti
2704 4582 2900 4638 simus.

2628 4669 2792 4726 Pater
2812 4683 3006 4740 noster,
3029 4677 3122 4746 qui
3141 4693 3196 4734 es
3233 4679 3287 4732 in
3313 4676 3455 4731 oculis.

2259 4755 2451 4814 Omnia
2478 4774 2601 4829 qum
2623 4757 2885 4818 divinitus
2921 4763 3068 4819 dicta
3089 4764 3336 4836 factaque
3361 4751 3700 4818 Memmium

2259 4849 2522 4906 miraculo
2563 4851 2696 4923 ipsis
2733 4855 2900 4912 etiam
2939 4857 3256 4916 coelestibus
3277 4855 3546 4916 tremenda;
3567 4851 3700 4912 εωνοπ

2257 4949 2385 4994 sunt
2406 4943 2654 5012 pavenda
2673 4947 2993 5006 mortalibus
3021 4968 3036 5004 :
3059 4951 3154 5008 sed
3172 4951 3300 5008 nihil
3320 4951 3388 5005 ita
3411 4934 3700 5016 stupele

2259 5040 2417 5098 pavet
2440 5041 2662 5102 terram,
2677 5041 2990 5106 expavescit
3005 5030 3312 5099 universam
3325 5047 3595 5098 creamram.
3605 5032 3698 5096 (ιω

2258 5124 2401 5194 quod
2422 5141 2616 5184 servus
2637 5129 2926 5188 Dominum
2945 5145 3156 5204 patrem
3182 5148 3370 5192 vocare
3395 5129 3534 5198 audit,
3551 5118 3699 5194 judicetl

2257 5230 2415 5270 suum
2439 5233 2566 5275 reus
2591 5220 2891 5290 genitorem
2919 5235 3212 5298 nuncupat,
3237 5223 3452 5282 conditio
3471 5215 3698 5274 ωπο⁰³⁵³³

2257 5317 2316 5364 se
2351 5325 2484 5368 voce
2515 5311 2611 5368 Dei
2639 5314 2863 5386 adoptat
2883 5317 3082 5385 tilium;
3115 5320 3211 5376 sed
3239 5316 3492 5374 audemus,
3515 5302 3608 5378 φιίε
3621 5305 3690 5367 Ρ¹²
3790 5361 3791 5370 η

2257 5403 2492 5472 sumptio
2531 5404 2762 5463 dicentis
2789 5424 2897 5464 non
2933 5421 3038 5479 cst,
3081 5411 3168 5466 ubi
3199 5407 3469 5466 auctoritas
3491 5407 3552 5455 es!

2259 5495 2358 5560 tis;
2391 5495 2505 5566 ipse
2535 5498 2682 5553 enim
2718 5515 2818 5556 nos
2854 5503 3035 5560 dicere
3073 5503 3239 5560 voluit
3272 5500 3356 5572 qui
3389 5511 3478 5553 nos
3501 5485 3634 5546 ὀοωίι
3656 5487 3695 5530 ³¹⁴

2254 5600 2434 5653 orare,
2450 5587 2612 5644 Pater
2640 5601 2836 5658 noster,
2858 5596 3023 5664 quies
3045 5597 3100 5650 in
3127 5595 3280 5660 caelis,
3305 5606 3401 5648 non
3425 5579 3540 5656 ψιοά

2256 5677 2327 5732 sit
2354 5677 2407 5732 in
2437 5686 2602 5744 tenta,
2629 5681 2722 5736 sed
2762 5691 2820 5736 ut
2855 5663 2950 5754 per
2985 5686 3090 5741 hoc
3123 5699 3330 5756 germen
3359 5691 3465 5734 esse
3493 5663 3692 5756 ιιονοξίζίῗ

2249 5767 2495 5837 ’θωιθθιθν
2519 5742 2644 5826 01νεί
2677 5781 2725 5828 te
2753 5742 3036 5829 "t‘i-{iilliiil
3065 5742 3350 5836 tuvl’ateris,
3378 5767 3478 5820 vive
3506 5750 3619 5830 quasi
3641 5742 3693 5798 llr
