3920 6310
104 347 250 409 4497
290 410 297 417 _

1205 343 1566 402 EXPOSITIO
1602 341 1831 399 HISSE
1869 342 2063 400 ROMA
2072 340 2207 401 ΝΕ.

3227 348 3369 407 ιωσ

111 466 273 528 ﬁlius,
299 470 359 516 ut
382 470 527 526 actu,
558 460 692 524 vita,
724 456 1033 525 virtutibus,
1072 466 1223 537 tanto
1255 461 1432 532 possis
1461 476 1682 531 respon-
1711 466 1757 524 Δ
1785 459 1922 515 iline
1944 470 2026 516 est
2053 460 2195 530 quod
2210 459 2445 530 propriis
2473 459 2679 517 viribus
2712 460 2931 529 liberari
2958 464 3121 520 homo
3147 479 3252 520 non
3274 481 3373 535 po-

114 557 235 612 dere
260 554 507 628 genitori.
772 622 785 631 η

501 644 871 713 Sanctiﬁcetur
905 660 1092 701 nomen
1122 655 1292 699 tuum.

180 736 313 805 Quia
340 751 370 791 a
397 735 612 791 Christo
653 743 875 790 vocatus
924 749 985 790 es
1013 732 1352 790 Christianus
1375 775 1395 799 ,
1440 734 1585 806 petis
1629 746 1689 791 ut

111 826 462 901 praerogativa
492 825 623 880 tanti
663 822 896 879 nominis
941 822 1310 880 sanetillcetur
1345 824 1398 879 in
1432 834 1520 888 te,
1562 825 1689 894 quia

110 934 301 975 nomen
333 916 429 973 Dei
454 916 595 988 quod
623 931 721 987 per
742 930 801 970 se
823 923 878 970 et
921 913 1022 970 sibi
1046 924 1292 970 sanctum
1320 923 1421 978 est,
1445 923 1539 969 aut
1564 930 1691 969 san-

108 1008 377 1067 ctiﬁcatur
408 1010 460 1063 in
492 1006 646 1063 nobis
688 1015 875 1061 nostro
902 1014 1063 1062 auctu
1110 1003 1333 1079 [ιίόινιεν
1353 1004 1545 1077 actu},
1594 1013 1690 1059 aut

108 1110 293 1157 nostro
319 1108 480 1156 auctu
509 1096 917 1169 blaSphematur
944 1096 998 1150 in
1027 1093 1297 1168 gentibus.

549 1189 799 1244 Adreniat
832 1204 1044 1257 regnum
1072 1197 1240 1241 tuum.

178 1281 297 1355 Ipse
332 1279 497 1336 dicit:
532 1278 763 1351 Regnum
804 1277 898 1331 Dei
927 1279 1067 1331 intra
1095 1294 1182 1332 vos
1206 1286 1301 1330 est.
1343 1274 1399 1331 Si
1421 1282 1563 1330 intra
1589 1289 1692 1330 nos

106 1385 214 1439 est,
234 1373 417 1429 veniat
440 1370 568 1442 quid
596 1367 849 1424 oramus?
887 1366 978 1422 Est
1007 1367 1061 1421 in
1090 1365 1216 1431 fide,
1243 1372 1328 1420 est
1352 1364 1406 1419 in
1448 1378 1575 1435 spe,
1604 1370 1691 1418 est

108 1465 163 1519 in
182 1462 611 1534 exspectatione,
630 1459 725 1515 sed
749 1469 808 1514 ut
825 1459 1009 1513 veniat
1020 1456 1135 1526 jam
1164 1469 1482 1526 precamur;
1506 1452 1691 1509 veniat
1722 1484 1729 1491 -

107 1562 288 1608 autem
317 1549 491 1617 nobis,
514 1564 619 1605 non
643 1548 716 1604 illi
738 1548 832 1619 qui
853 1554 1155 1616 conregnat
1174 1543 1326 1599 Patri
1348 1543 1402 1597 in
1423 1556 1533 1598 suo.
1547 1556 1691 1597 sem-

104 1659 206 1713 per
232 1644 349 1700 sinu
372 1656 719 1712 permanens,
740 1639 837 1697 sed
878 1638 1067 1694 veniat
1087 1637 1247 1692 nobis
1269 1650 1291 1675 ιι
1320 1654 1336 1690 :
1375 1633 1575 1700 Venite,
1605 1635 1693 1689 be-

104 1733 298 1787 nedicti
324 1730 499 1785 Patris
521 1730 649 1796 mei,
668 1729 918 1801 percipite
950 1733 1167 1798 regnum
1198 1724 1340 1795 quod
1364 1724 1506 1778 robis
1525 1740 1687 1795 para-

1728 620 1733 627 .
1788 561 1892 609 test
1940 550 2249 608 carnalibus
2293 552 2525 608 vinculis
2567 551 2842 624 inligatus.
2874 553 3172 625 Petendum
3218 554 3379 611 nobis

1786 652 1872 700 est
1897 659 2029 714 ergo
2055 652 2117 699 ut
2140 643 2286 699 Deus
2316 658 2415 699 nos
2462 659 2494 697 a
2546 643 2953 710 diaboloiberet,
2983 645 3076 715 qui
3102 644 3379 715 Christum

1786 736 1951 791 terris
1982 742 2043 789 ut
2097 733 2372 790 diabolum
2413 735 2661 790 vinceret
2694 714 3077 790 commodavit.
3128 714 3339 792 Clamet
3361 775 3380 802 ,

1786 826 1983 882 clamet
2005 826 2167 881 homo
2192 825 2262 880 ad
2287 824 2480 890 Deum,
2505 825 2729 889 clamet,
2743 824 2935 881 Libera
2959 841 3058 881 nos
3083 842 3114 881 a
3135 825 3378 893 malo,ut

1788 933 1819 972 a
1841 926 1992 973 tanto
2018 918 2184 985 malo,
2207 918 2323 973 solo
2342 917 2568 974 Christo
2578 918 2849 984 vincente,
2876 917 3157 974 liberetur.

1855 1008 2177 1081 Accepimus
2205 1011 2449 1066 auditum
2494 1009 2641 1073 lidei,
2671 1008 2901 1065 formam
2930 1010 3222 1066 Dominiete
3247 1025 3374 1066 ora-
3402 990 3407 995 ’

1786 1100 1949 1156 tionis
1977 1080 2297 1166 audivimus,
2326 1101 2576 1158 Christus
2601 1102 2843 1158 breviter
2869 1117 3031 1158 orare
3051 1102 3231 1168 docet,
3244 1101 3378 1174 quia
3406 1080 3411 1085 ’

1786 1191 1897 1247 cito
1920 1191 2036 1247 vult
2058 1192 2327 1264 postulata
2350 1201 2632 1265 praestare.
2654 1192 2764 1249 Aut
2785 1193 2915 1266 quid
2944 1194 3251 1266 petentibus
3272 1210 3379 1251 non

1788 1280 1936 1335 dabit
1954 1281 2048 1352 qui
2073 1297 2131 1338 se
2161 1282 2336 1353 ipsum
2360 1299 2466 1339 non
2487 1284 2798 1355 petentibus
2843 1284 3026 1341 dedit?
3051 1293 3145 1359 aut
3192 1285 3247 1341 in
3296 1300 3383 1342 ro-

1788 1373 2099 1444 spondendo
2143 1390 2307 1445 quam
2360 1373 2526 1431 faciet
2579 1391 2833 1442 moram,
2867 1377 2957 1453 qui
3013 1376 3067 1433 in
3115 1376 3386 1433 dictandis

1787 1463 2040 1535 precibus
2064 1473 2191 1520 vota
2219 1466 2518 1536 supplicum
2546 1466 2625 1523 sic
2674 1468 2971 1538 pmvenit?
3014 1467 3202 1540 Neque
3251 1467 3383 1525 illud

1790 1569 1890 1613 nos
1925 1563 2174 1620 moveat,
2224 1556 2367 1627 quod
2417 1557 2635 1629 quidam
2687 1555 2898 1627 jactare
2944 1559 3157 1615 solent:
3192 1559 3249 1615 Si
3287 1573 3365 1615 no

1788 1648 1868 1702 vit
1890 1647 2034 1704 Deus
2069 1647 2197 1717 quid
2232 1662 2453 1703 oremus
2477 1688 2494 1713 ,
2551 1656 2944 1722 et_antequam
2999 1658 3251 1721 petamus
3281 1650 3390 1707 scit

1791 1739 1987 1811 quibus
2025 1740 2362 1811 indigemus,
2419 1738 2625 1797 frustra
2668 1741 2857 1797 scienti
2916 1740 3228 1815 loquimur:
3279 1756 3382 1800 nos

104 1832 217 1876 tum
237 1830 312 1875 est
339 1821 403 1875 ab
438 1821 638 1891 origine
676 1818 882 1874 mundi.
909 1817 1149 1872 Dicimus
1173 1855 1189 1881 ,
1238 1816 1423 1870 veniat
1463 1828 1689 1886 regnum

1801 1834 1936 1887 enim
1957 1847 2065 1887 non
2085 1846 2272 1888 sumus
2299 1841 2628 1898 narratores,
2648 1834 2743 1890 sed
2773 1843 3052 1906 rogatores
3082 1852 3097 1889 :
3125 1834 3270 1891 aliud
3299 1842 3386 1892 est

106 1922 283 1978 tuum,
311 1912 465 1968 utsic
493 1912 636 1968 Deus
665 1918 856 1982 regnet
883 1911 936 1965 in
962 1908 1138 1974 nobis,
1165 1908 1423 1980 quatinus
1455 1908 1510 1962 in
1533 1906 1691 1963 nobis

103 2007 318 2061 desth
339 2020 488 2059 mors
515 2016 743 2073 regnare
765 2041 782 2066 ,
834 2000 1049 2057 desinat
1100 2015 1329 2071 regnare
1353 2008 1639 2071 peccatum
1673 2015 1687 2051 :

103 2093 385 2165 Regnavit,
416 2095 624 2164 inquit,
650 2108 789 2147 mors
810 2091 873 2145 ab
896 2091 1066 2145 Adam
1094 2107 1255 2162 usque
1279 2090 1347 2146 ad
1373 2090 1608 2161 Moysen.
1624 2088 1695 2143 Et

105 2183 235 2239 alibi
262 2202 274 2238 :
310 2174 434 2240 Non
456 2193 627 2256 regnet
652 2192 920 2254 peccatum
946 2182 1000 2236 in
1027 2191 1191 2238 oestro
1216 2182 1428 2237 mortali
1454 2196 1688 2252 corpore.

275 2272 401 2328 Fiat
425 2274 662 2328 voluntas
679 2284 774 2327 tua
796 2272 932 2327 sicut
960 2274 1017 2328 in
1042 2272 1168 2328 caelo
1197 2282 1244 2326 et
1274 2273 1332 2326 in
1360 2281 1520 2326 terra.

184 2361 334 2417 Nunc
365 2363 419 2416 in
448 2372 596 2418 terra
626 2362 793 2418 multa
835 2361 972 2418 liunt
1011 2378 1111 2433 pro
1135 2361 1332 2419 diaboli
1375 2360 1654 2416 voluntate
1674 2398 1691 2425 ,

102 2468 209 2524 pro
245 2453 424 2509 saeculi
453 2454 717 2525 nequitia,
771 2468 871 2525 pro
898 2452 1168 2509 desiderio
1206 2451 1430 2517 carnis;
1472 2450 1529 2506 in
1554 2448 1695 2507 caelo

102 2563 241 2605 vero
273 2548 334 2601 lit
376 2547 508 2602 nihil
546 2556 743 2617 praeter
797 2546 1008 2601 Domini
1058 2544 1410 2600 voluntatem.
1454 2542 1699 2598 Petimus

101 2654 240 2711 ergo
265 2647 327 2693 ut
370 2639 695 2708 interempto
721 2636 955 2701 diabolo,
985 2644 1045 2691 ut
1071 2650 1210 2690 novo
1252 2633 1471 2700 saeculo,
1492 2642 1554 2688 ut
1576 2648 1697 2688 mu-

112 2738 229 2785 tato
251 2741 500 2799 corpore,
528 2735 586 2780 ut
603 2727 876 2781 destructo
902 2725 1093 2779 mortis
1122 2724 1371 2793 imperio,
1397 2731 1457 2777 ut
1492 2720 1693 2777 abolita

105 2820 475 2878 dominatione
499 2818 733 2890 peccati,
762 2819 816 2872 in
863 2816 1004 2873 caelo
1040 2825 1098 2871 et
1120 2816 1175 2871 in
1197 2825 1368 2881 terra,
1396 2815 1450 2870 in
1500 2813 1614 2868 Deo
1639 2821 1698 2868 et

104 2912 419 2973 hominibus
440 2927 547 2967 una
566 2910 662 2965 Dei
689 2920 746 2966 et
768 2910 959 2966 eadem
986 2910 1059 2965 sit
1084 2908 1353 2963 voluntas.
1386 2952 1391 2959 .

238 3004 439 3060 Panem
478 3013 711 3059 nostrum
738 3002 1101 3073 quotidianum
1129 2999 1201 3054 da
1223 2999 1369 3053 nobis
1392 2998 1566 3053 hodie.

1790 1924 1939 1977 enim
1961 1922 2230 1994 .gnoranti
2251 1937 2507 1988 narrare,
2550 1922 2696 1979 aliud
2745 1924 3011 1981 scientem
3058 1932 3276 1996 petere;
3327 1925 3385 1980 in

1791 2012 1882 2075 illo
1918 2012 2179 2069 indicium
2219 2022 2327 2074 est.
2356 2014 2446 2070 hic
2482 2008 2835 2085 obsequium;
2883 2014 2954 2071 ibi
2984 2015 3221 2073 ﬁdeliter
3244 2016 3413 2072 indi—-

1791 2120 2003 2171 amnis,
2032 2104 2121 2161 hic
2149 2104 2531 2161 miserabiliter
2558 2105 2930 2163 obsecramus.
2964 2108 3156 2163 Amen.
3190 2107 3384 2180 Signa-

1792 2196 1973 2252 culum
1998 2196 2259 2253 orationis
2284 2197 2577 2255 Dominica:
2601 2212 2854 2268 posuere,
2876 2198 2970 2254 ubi
3000 2197 3233 2257 ﬁdeliter
3258 2213 3387 2271 pos-

1794 2302 1981 2343 sumus
2007 2287 2208 2343 dicere.
2243 2286 2502 2359 Sequitur
2525 2302 2542 2342 :

1793 2375 1981 2432 Libera
2000 2394 2115 2443 nos,
2138 2395 2461 2451 qua-sumus,
2477 2378 2720 2451 Domine,
2744 2378 2809 2433 ab
2823 2379 3059 2451 omnibus
3078 2379 3232 2435 malis
3250 2396 3364 2451 pra

2144 2449 2330 2511 teritis,
2360 2449 2698 2518 praesentibus
2722 2461 2770 2504 et
2810 2450 3023 2520 futuris.

1862 2536 2055 2593 Omnia
2081 2537 2221 2593 mala
2252 2537 2448 2609 quibus
2474 2554 2571 2594 nos
2592 2554 2623 2594 a
2644 2538 2871 2595 Domino
2897 2542 3132 2610 petimus
3157 2538 3379 2596 liberari

1791 2631 1879 2687 vel
1899 2632 2173 2703 praeterita
2201 2632 2444 2697 sunt,vel
2472 2632 2883 2703 praesentia,vel
2910 2632 3089 2687 futura
3116 2639 3339 2703 peccata
3367 2649 3383 2687 :

1794 2737 1921 2777 nam
1945 2737 2060 2793 pra:
2079 2723 2295 2779 caeteris
2337 2722 2495 2779 malis
2543 2738 2614 2779 ne
2661 2724 2884 2779 veniant
2933 2724 2986 2779 in
3036 2721 3388 2795 sequentibus

1794 2824 2072 2882 exoratur,
2100 2831 2225 2871 cum
2247 2815 2468 2881 dicitur,
2492 2816 2572 2870 Da
2594 2817 2849 2887 propitius
2876 2832 3057 2885 pacem
3101 2818 3159 2869 in
3199 2816 3384 2870 diebus

1796 2905 2024 2971 nostris;
2048 2906 2189 2960 sicut
2213 2914 2394 2961 autem
2440 2908 2493 2960 in
2529 2904 2820 2977 Evangelio
2850 2904 3121 2971 Salvator,
3144 2905 3242 2971 ait,
3274 2923 3391 2960 om-

1797 2997 1878 3050 nis
1898 2997 1989 3067 qui
2015 2996 2144 3065 facit
2171 3007 2460 3066 peccatum,
2484 3013 2662 3051 seruus
2698 3006 2775 3051 est
2810 2996 3030 3068 peccati,
3080 3004 3208 3052 orat
3253 3012 3388 3070 ergo

181 3094 310 3149 Post
330 3108 556 3165 regnum
577 3092 800 3148 caeleste
829 3099 1105 3146 terrenum
1137 3103 1335 3161 panem
1370 3096 1560 3158 petere
1588 3099 1696 3141 non
1744 3161 1767 3165 4
1798 3086 2053 3142 sacerdos
2078 3094 2161 3152 ut,
2208 3088 2480 3158 przeterita
2518 3086 2672 3142 nobis
2699 3096 2923 3158 peccata
2950 3087 3204 3150 laxanda,
3233 3095 3291 3142 et
3318 3087 3387 3141 de

99 3185 382 3258 iubemur,
397 3161 728 3256 prohibente
749 3184 865 3253 ipso
898 3196 1024 3237 cum
1066 3181 1228 3237 dicit:
1264 3178 1441 3233 Nolite
1484 3174 1697 3231 solliciti
1723 3161 1772 3225 C
1799 3176 2156 3250 praesentibus
2189 3191 2253 3231 ac
2283 3175 2480 3232 futuris
2508 3176 2693 3249 iugem
2745 3177 3032 3233 tribuendo
3060 3177 3385 3241 custodiam,

105 3292 221 3331 esse
239 3274 365 3347 quid
390 3272 715 3328 manducetis
754 3281 844 3325 aut
867 3269 994 3342 quid
1043 3268 1262 3333 bibatis;
1290 3266 1385 3323 sed
1406 3266 1533 3337 quia
1583 3265 1700 3336 ipse

106 3375 197 3423 est
220 3366 375 3439 panis
411 3364 503 3435 qui
532 3363 598 3418 de
638 3362 777 3417 ctelo
822 3359 1121 3425 descendit,
1151 3358 1385 3429 petimus
1428 3364 1484 3410 et
1510 3368 1703 3425 preca-

108 3471 257 3522 mur,
278 3462 338 3509 ut
356 3454 532 3524 ipsum
552 3466 745 3523 panem
781 3465 888 3522 quo
914 3448 1176 3520 quotidie,
1206 3446 1258 3502 id
1281 3454 1364 3502 est
1381 3444 1585 3516 jugiter
1610 3459 1699 3499 su-

112 3561 236 3602 mus
275 3545 329 3600 in
358 3544 660 3599 aeternitate
694 3541 911 3606 victuri,
940 3538 1121 3605 hodie,
1169 3537 1221 3591 id
1250 3544 1335 3591 est
1362 3535 1416 3590 in
1442 3534 1697 3606 praesenti

108 3639 226 3693 vita
269 3637 336 3691 de
375 3635 623 3691 convivio
650 3633 839 3687 altaris
866 3630 1040 3687 sancti
1075 3628 1142 3683 ad
1171 3627 1429 3682 virtutem
1453 3624 1703 3696 corporis

110 3726 416 3796 mentisque
438 3724 734 3794 capiamus.

111 3818 186 3873 Et
214 3817 416 3871 dimitte
461 3814 607 3869 nobis
644 3812 819 3867 debita
876 3820 1054 3865 nostra
1104 3810 1237 3863 sicut
1268 3808 1323 3863 et'
1350 3823 1443 3861 nos
1480 3803 1699 3859 dimitti-

554 3920 671 3958 mus
697 3901 1014 3957 debitoribus
1042 3900 1253 3954 nostris.

188 3998 280 4055 Sic
304 3997 551 4062 dicendo,
575 4010 609 4050 ο
633 3995 815 4059 homo,
842 3990 1186 4063 indulgentia:
1212 3988 1452 4054 modum,
1476 4000 1700 4041 mensu-

114 4103 237 4146 ram
249 4088 441 4152 veniae,
460 4094 515 4141 tu
533 4084 626 4141 tibi
648 4082 866 4147 dedisti,
878 4081 1014 4151 quia
1031 4079 1256 4135 Domino
1275 4086 1483 4133 tantum
1498 4076 1594 4131 tibi
1607 4089 1700 4145 pe-

116 4177 423 4244 tisdimilti,
451 4184 712 4249 quantum
739 4172 1010 4228 dimiseris
1037 4171 1148 4241 ipse
1172 4182 1454 4224 conservo.
1478 4167 1700 4221 Dimitte

112 4285 251 4343 ergo
278 4266 607 4339 delinquenti
634 4266 689 4319 in
711 4273 764 4318 te
792 4269 985 4326 totum,
1013 4260 1060 4314 si
1087 4259 1170 4313 vis
1195 4258 1311 4328 ipse
1340 4257 1406 4312 de
1434 4257 1544 4310 tuis
1567 4254 1701 4309 nihil

115 4364 317 4417 debere
347 4359 573 4413 Domino
598 4354 838 4417 delictis;
864 4351 918 4405 in
944 4350 1118 4406 altero
1141 4348 1351 4404 dimitte
1382 4345 1503 4412 tibi,
1533 4345 1577 4400 si
1621 4345 1702 4400 vis

114 4455 237 4526 ipse
256 4450 522 4506 vindicem
545 4448 720 4501 vitare
744 4443 1086 4500 sententiam.

421 4541 487 4594 Et
513 4554 576 4594 ne
608 4554 699 4591 nos
720 4536 940 4590 inducas
973 4532 1405 4586 intentationem.

130 4668 140 4676 -
193 4636 354 4701 Deus,
383 4634 523 4690 sicut
548 4630 809 4699 scriptum
837 4633 921 4681 est
942 4665 959 4691 ,
1001 4623 1271 4678 neminem
1300 4627 1565 4690 temptat;
1590 4617 1706 4673 'sed

119 4734 392 4795 temptare
427 4722 643 4786 dicitur,
672 4732 796 4774 cum
821 4714 1216 4771 contumaciter
1259 4720 1449 4765 ellnlt‘s
1475 4711 1544 4763 ad
1573 4719 1707 4763 tem-

118 4817 383 4894 ptationis
408 4816 633 4887 laqueos
652 4808 997 4879 derelinquit.
1057 4807 1148 4861 Sic
1197 4805 1370 4859 Adam
1416 4800 1705 4857 tentatoris

120 4892 351 4967 insidias
374 4905 624 4970 incurrit,
651 4901 779 4957 dum
806 4898 889 4956 sui
910 4905 1178 4970 praecepta
1204 4894 1435 4965 despicit
1459 4892 1703 4948 condito-

122 5004 233 5059 ris:
261 5001 402 5057 unde
430 5009 608 5054 autem
630 5005 687 5051 et
707 5011 737 5049 a
765 5007 875 5065 quo
898 4997 1286 5062 temptaretur,
1330 4987 1493 5042 homo
1522 4985 1702 5056 prodi-

120 5094 205 5151 dit
231 5094 310 5149 sic
334 5091 595 5148 dicendo:

583 5183 688 5237 Sed
713 5182 875 5237 libera
903 5196 996 5235 nos
1027 5196 1060 5233 a
1094 5177 1235 5233 malo
1260 5193 1277 5241 ;

122 5282 230 5337 hoc
276 5288 361 5335 est
406 5294 437 5333 a
474 5274 707 5338 diabolo,
758 5271 850 5343 qui
894 5270 1060 5325 totius
1084 5268 1211 5323 mali
1236 5275 1291 5322 et
1313 5275 1502 5322 auctor
1523 5273 1621 5324 est.
1651 5272 1707 5319 et

122 5370 299 5441 origo.
324 5367 577 5423 Diabolus
604 5372 799 5419 natura
822 5359 1061 5418 caelestis
1087 5358 1209 5425 fuit,
1231 5372 1371 5412 nunc
1408 5365 1493 5412 est
1518 5356 1709 5427 nequi-

125 5460 203 5515 tia
236 5457 522 5529 spiritalis;
553 5464 712 5511 aetate
764 5451 937 5522 major
965 5449 1180 5514 saeculo,
1209 5448 1436 5503 nocendi
1464 5463 1563 5503 usu
1615 5447 1713 5502 tri-

126 5561 238 5615 tus,
261 5549 485 5604 hedendi
515 5557 630 5602 arte
658 5545 1041 5618 peritissimus;
1066 5542 1208 5597 unde
1229 5555 1334 5596 non
1354 5538 1469 5609 jam
1500 5539 1673 5609 malus
1694 5581 1708 5605 ,

129 5644 229 5701 sed
253 5643 449 5698 malum
475 5642 689 5705 dicitur,
713 5657 740 5693 a
772 5654 879 5711 quo
900 5646 985 5693 cst
1026 5651 1186 5691 omne
1207 5635 1348 5707 quod
1381 5633 1579 5688 ιιιςιιιιιιι
1607 5642 1707 5687 cst.

206 5775 229 5801 ι
277 5760 618 5813 “milli-ratur
658 5758 742 5812 hic
765 5756 963 5827 aliquil
1001 5756 1050 5808 iu
1080 5772 1181 5809 ius.

1798 3269 2059 3325 Dominus
2083 3283 2181 3323 nos
2204 3283 2235 3322 ιι
2270 3268 2427 3323 malis
2454 3267 2704 3323 omnibus
2729 3267 2964 3323 liberare
2993 3268 3274 3339 dignetur;
3306 3266 3387 3322 fa-

1797 3365 2006 3420 cientes
2024 3364 2168 3418 enim
2189 3371 2470 3435 peceatum
2524 3377 2709 3418 sumus
2735 3376 2923 3417 omnes
2964 3361 3106 3417 servi
3152 3359 3385 3432 peccati.

1798 3455 1984 3527 Neque
2009 3455 2168 3511 aliter
2201 3453 2503 3524 huiusmodi
2532 3454 2792 3510 servitute
2817 3468 3103 3525 possumus
3124 3450 3344 3507 liberari
3372 3491 3389 3518 ,

1798 3547 1901 3601 nisi
1931 3530 2145 3601 Domini
2190 3545 2563 3601 misericordia
2594 3542 2896 3611 liberante;
2935 3556 3095 3603 nemo
3120 3542 3264 3597 enim
3291 3558 3389 3614 po-

1801 3644 1907 3692 test
1941 3643 2165 3707 peecata
2189 3634 2460 3690 dimittere
2488 3675 2503 3700 ,
2549 3634 2634 3689 vel
2662 3632 2897 3703 aliquem
2944 3649 2975 3687 a
3033 3631 3389 3704 temptatione

1797 3741 2041 3792 servare,
2070 3736 2270 3798 praeter
2306 3725 2479 3781 solum
2504 3725 2695 3791 Deum,
2726 3726 2817 3798 qui
2850 3740 2955 3780 non
2985 3724 3155 3781 solum
3184 3740 3284 3797 per
3304 3740 3387 3792 se,

1798 3835 1988 3874 verum
2014 3820 2179 3874 etiam
2203 3834 2300 3890 per
2326 3817 2598 3888 subjectos
2628 3818 2728 3874 sibi
2756 3817 2987 3873 famulos
3018 3833 3249 3889 quorum
3276 3819 3394 3873 vult

1796 3919 2022 3985 peccata
2050 3911 2311 3975 dimittit;
2351 3909 2547 3981 quibus
2579 3908 2781 3964 dicitur
2807 3910 2861 3963 in
2888 3908 3216 3981 Evangelio:
3248 3907 3393 3975 Quo-

1799 4018 1916 4058 rum
1969 4001 2269 4057 remiseritis
2298 3996 2529 4073 peccata,
2565 4001 2899 4055 remittuntur
2941 4001 3036 4055 eis.
3086 3999 3390 4057 Notandum

1799 4110 1930 4151 sane
1977 4093 2120 4164 quod
2159 4091 2329 4147 Deum
2373 4106 2533 4162 quem
2589 4092 2643 4145 in
2691 4089 2934 4145 oratione
2970 4088 3252 4144 Dominica
3289 4088 3393 4144 Pa-

1800 4196 1940 4241 trem
1959 4178 2238 4249 vocamus,
2258 4183 2312 4237 in
2342 4190 2529 4237 nostra
2559 4179 2841 4235 Dominum
2869 4178 3231 4249 appellemus;
3263 4179 3390 4249 quia

1798 4275 2052 4331 videlicet
2076 4274 2205 4329 illud
2234 4289 2301 4328 ex
2325 4273 2505 4327 divina
2534 4270 2856 4325 auctoritate
2878 4269 3271 4340 praesumimus,
3289 4270 3391 4325 hoc

1801 4384 1868 4424 ex
1895 4364 2078 4422 debito
2116 4373 2316 4419 nostrae
2364 4361 2661 4418 devotionis
2688 4359 2963 4415 oll'crimus
2994 4378 3007 4413 :
3042 4358 3098 4413 in
3150 4357 3241 4413 illo
3291 4372 3393 4414 nos

1808 4455 1907 4515 Dei
1932 4454 2070 4511 ﬁlios
2098 4456 2294 4527 gratia,
2326 4455 2377 4509 in
2410 4454 2511 4509 hoc
2537 4451 2656 4522 ejus
2685 4451 2927 4507 servulos
2954 4448 3270 4521 proﬁtemur
3296 4465 3392 4503 na-

1739 4516 1788 4578 υ
1815 4559 1971 4615 tura;
2027 4548 2113 4604 cui
2146 4556 2323 4603 tamen
2368 4547 2525 4619 digne
2551 4546 2755 4601 servire
2783 4560 2887 4600 non
2916 4557 3233 4615 possumus,
3290 4541 3392 4597 nisi

1809 4643 1959 4713 prius
1985 4640 2225 4713 peccatis
2245 4640 2509 4695 inservire
2538 4652 2847 4693 cessemus:
2876 4637 2956 4690 ait
2983 4634 3127 4691 enim
3144 4632 3395 4688 Salvator

1808 4733 1862 4787 in
1882 4731 2377 4804 Evangelio,Nemo
2397 4740 2557 4802 potest
2588 4728 2788 4783 duobus
2814 4726 3038 4782 dominis
3064 4725 3273 4780 servire.
3298 4722 3396 4778 Pe-

1806 4824 2166 4896 timusigitur,
2179 4832 2241 4878 ut
2264 4822 2495 4894 Apostoli
2516 4819 2697 4875 verbis
2721 4819 2965 4890 eloquar,
2993 4833 3102 4889 quo
3128 4816 3339 4872 liberati
3364 4832 3395 4871 a

1805 4923 2061 4987 peccato,
2106 4913 2250 4969 servi
2279 4921 2459 4984 autem
2498 4910 2625 4966 facti
2651 4909 2791 4976 Deo,
2836 4907 3133 4965 habeamus
3159 4906 3396 4962 fructum

1812 5017 2058 5062 nostrum
2108 5004 2163 5059 in
2232 5002 2713 5060 sanetilieationem
2745 5041 2761 5067 ,
2816 5002 2976 5056 linem
3042 5013 3173 5054 vero
3227 4997 3395 5052 vitam

1812 5106 2090 5154 teter-nam.
2117 5097 2375 5167 Sequitur
2400 5114 2415 5151 :
2536 5100 2539 5105 ‘
3072 5154 3091 5167 ο

2116 5188 2186 5242 Et
2210 5185 2556 5241 intercedente
2576 5184 2724 5239 beata
2764 5181 2989 5252 Virgine,
3018 5189 3124 5235 etc.

1887 5281 2021 5338 Cum
2044 5288 2230 5337 sancta
2258 5277 2497 5333 Ecclesia
2539 5274 2930 5348 persecutionis
2958 5272 3190 5345 procella
3218 5269 3399 5343 pulsa-

1820 5383 1925 5437 tur,
1955 5371 2092 5427 solet
2128 5370 2345 5441 quidem
2392 5368 2447 5423 in
2475 5364 2789 5421 fortioribus
2828 5363 3089 5419 membris
3124 5362 3237 5417 suis
3285 5360 3399 5433 glo-

1816 5462 2110 5518 riosissime
2141 5459 2491 5530 triumphare,
2522 5453 2617 5510 sed
2657 5453 2709 5509 in
2754 5451 3140 5507 infirmioribus
3180 5449 3399 5519 quihus-

1815 5572 1919 5629 que
1959 5554 2168 5610 minam
2197 5551 2574 5623 gravissimam
2622 5547 2913 5609 sustinere,
2944 5554 3019 5609 et,
3051 5541 3193 5613 quod
3225 5539 3401 5594 fatea-

1816 5624 1940 5702 tlum
1969 5654 2070 5708 est,
2103 5658 2293 5714 Itttlglla
2327 5640 2377 5694 iu
2410 5639 2675 5708 utrisque,
2699 5637 2747 5693 id
2775 5644 2858 5692 est
2882 5644 2937 5691 ct
2963 5624 3400 5689 imbecillioribus
