  <div class='ocr_page' id='page_1' title='image "/cluster/home/n/w/nwhite01/storage/ocr_20150623/96/hvd.32044015471204/755.png"; bbox 0 0 3920 6310; ppageno 0'>
   <div class='ocr_carea' id='block_1_1' title="bbox 638 332 809 399">
    <p class='ocr_par' dir='ltr' id='par_1_1' title="bbox 638 332 809 399">
     <span class='ocr_line' id='line_1_1' title="bbox 638 332 809 399; baseline 0.047 -6"><span class='ocrx_word' id='word_1_1' title='bbox 638 336 781 399; x_wconf 68' lang='lat' dir='ltr'><strong>me</strong></span> <span class='ocrx_word' id='word_1_2' title='bbox 802 332 809 351; x_wconf 83' lang='lat'><em>’</em></span> 
     </span>
    </p>
   </div>
   <div class='ocr_carea' id='block_1_2' title="bbox 1477 344 2964 409">
    <p class='ocr_par' dir='ltr' id='par_1_2' title="bbox 1477 344 2964 409">
     <span class='ocr_line' id='line_1_2' title="bbox 1477 344 2964 409; baseline 0 -6"><span class='ocrx_word' id='word_1_3' title='bbox 1477 347 1748 405; x_wconf 63' lang='lat' dir='ltr'><strong>SECULI</strong></span> <span class='ocrx_word' id='word_1_4' title='bbox 1787 349 1900 405; x_wconf 72' lang='lat' dir='ltr'><strong>VIII</strong></span> <span class='ocrx_word' id='word_1_5' title='bbox 1932 344 2365 404; x_wconf 67' lang='lat' dir='ltr'><strong>MONUME&#39;NTA</strong></span> <span class='ocrx_word' id='word_1_6' title='bbox 2402 346 2964 409; x_wconf 61' lang='grc' dir='ltr'><strong>Εαοιεεικεπω..</strong></span> 
     </span>
    </p>
   </div>
   <div class='ocr_carea' id='block_1_3' title="bbox 3607 377 3690 432">
    <p class='ocr_par' dir='ltr' id='par_1_3' title="bbox 3607 377 3690 432">
     <span class='ocr_line' id='line_1_3' title="bbox 3607 377 3690 432; baseline 0 0"><span class='ocrx_word' id='word_1_7' title='bbox 3607 377 3690 432; x_wconf 62' lang='grc' dir='ltr'><strong>ϐω</strong></span> 
     </span>
    </p>
   </div>
   <div class='ocr_carea' id='block_1_4' title="bbox 632 457 3688 556">
    <p class='ocr_par' dir='ltr' id='par_1_4' title="bbox 632 457 3688 556">
     <span class='ocr_line' id='line_1_4' title="bbox 632 457 3688 556; baseline 0.007 -42"><span class='ocrx_word' id='word_1_8' title='bbox 632 467 691 514; x_wconf 83' lang='lat' dir='ltr'><strong>et</strong></span> <span class='ocrx_word' id='word_1_9' title='bbox 716 457 1109 518; x_wconf 80' lang='lat' dir='ltr'><strong>robustioribus</strong></span> <span class='ocrx_word' id='word_1_10' title='bbox 1149 458 1426 530; x_wconf 87' lang='lat' dir='ltr'><strong>dispendia</strong></span> <span class='ocrx_word' id='word_1_11' title='bbox 1451 462 1691 531; x_wconf 76' lang='lat' dir='ltr'><strong>perpeti;</strong></span> <span class='ocrx_word' id='word_1_12' title='bbox 1722 476 1847 515; x_wconf 87' lang='lat' dir='ltr'><strong>nam</strong></span> <span class='ocrx_word' id='word_1_13' title='bbox 1885 461 2215 556; x_wconf 55' lang='lat' dir='ltr'><strong>persecutio-</strong></span> <span class='ocrx_word' id='word_1_14' title='bbox 2238 468 2287 521; x_wconf 80' lang='grc' dir='ltr'><strong>Δ</strong></span> <span class='ocrx_word' id='word_1_15' title='bbox 2314 477 2402 515; x_wconf 84' lang='lat' dir='ltr'><strong>ma</strong></span> <span class='ocrx_word' id='word_1_16' title='bbox 2424 462 2887 533; x_wconf 71' lang='lat' dir='ltr'><strong>quod‘pradicasit</strong></span> <span class='ocrx_word' id='word_1_17' title='bbox 2897 466 3180 533; x_wconf 79' lang='lat' dir='ltr'><strong>Iohannes,</strong></span> <span class='ocrx_word' id='word_1_18' title='bbox 3194 468 3351 526; x_wconf 79' lang='lat' dir='ltr'><strong>Iesum</strong></span> <span class='ocrx_word' id='word_1_19' title='bbox 3368 491 3395 527; x_wconf 74' lang='grc' dir='ltr'><strong><em>η</em></strong></span> <span class='ocrx_word' id='word_1_20' title='bbox 3416 474 3688 556; x_wconf 68' lang='grc' dir='ltr'><strong>Νσιαταιιφι..</strong></span> 
     </span>
    </p>
   </div>
   <div class='ocr_carea' id='block_1_5' title="bbox 632 548 2209 622">
    <p class='ocr_par' dir='ltr' id='par_1_5' title="bbox 632 548 2209 622">
     <span class='ocr_line' id='line_1_5' title="bbox 632 548 2209 622; baseline -0.003 -15"><span class='ocrx_word' id='word_1_21' title='bbox 632 551 720 607; x_wconf 83' lang='lat' dir='ltr'><strong>nis</strong></span> <span class='ocrx_word' id='word_1_22' title='bbox 739 551 860 622; x_wconf 84' lang='lat' dir='ltr'><strong>igne</strong></span> <span class='ocrx_word' id='word_1_23' title='bbox 879 549 1059 605; x_wconf 85' lang='lat' dir='ltr'><strong>omnia</strong></span> <span class='ocrx_word' id='word_1_24' title='bbox 1101 550 1405 621; x_wconf 83' lang='lat' dir='ltr'><strong>p0pulante,</strong></span> <span class='ocrx_word' id='word_1_25' title='bbox 1439 551 1580 606; x_wconf 93' lang='lat' dir='ltr'><strong>sicut</strong></span> <span class='ocrx_word' id='word_1_26' title='bbox 1605 550 1943 605; x_wconf 83' lang='lat' dir='ltr'><strong>inﬁrmorum</strong></span> <span class='ocrx_word' id='word_1_27' title='bbox 1972 548 2209 605; x_wconf 89' lang='lat' dir='ltr'><strong>nonnulli</strong></span> 
     </span>
    </p>
   </div>
   <div class='ocr_carea' id='block_1_6' title="bbox 632 640 2210 712">
    <p class='ocr_par' dir='ltr' id='par_1_6' title="bbox 632 640 2210 712">
     <span class='ocr_line' id='line_1_6' title="bbox 632 640 2210 712; baseline -0.003 -13"><span class='ocrx_word' id='word_1_28' title='bbox 632 642 880 712; x_wconf 87' lang='lat' dir='ltr'><strong>temptati</strong></span> <span class='ocrx_word' id='word_1_29' title='bbox 907 656 938 696; x_wconf 89' lang='lat' dir='ltr'><strong>a</strong></span> <span class='ocrx_word' id='word_1_30' title='bbox 968 640 1072 697; x_wconf 90' lang='lat' dir='ltr'><strong>ﬁde</strong></span> <span class='ocrx_word' id='word_1_31' title='bbox 1090 641 1367 705; x_wconf 83' lang='lat' dir='ltr'><strong>recedunt,</strong></span> <span class='ocrx_word' id='word_1_32' title='bbox 1385 649 1442 697; x_wconf 91' lang='lat' dir='ltr'><strong>et</strong></span> <span class='ocrx_word' id='word_1_33' title='bbox 1464 641 1563 712; x_wconf 89' lang='lat' dir='ltr'><strong>ipsi</strong></span> <span class='ocrx_word' id='word_1_34' title='bbox 1589 650 1880 712; x_wconf 80' lang='lat' dir='ltr'><strong>pereuntes</strong></span> <span class='ocrx_word' id='word_1_35' title='bbox 1897 641 2063 696; x_wconf 85' lang='lat' dir='ltr'><strong>etiam</strong></span> <span class='ocrx_word' id='word_1_36' title='bbox 2085 655 2210 695; x_wconf 92' lang='lat' dir='ltr'><strong>suo-</strong></span> 
     </span>
    </p>
   </div>
   <div class='ocr_carea' id='block_1_7' title="bbox 631 729 2207 802">
    <p class='ocr_par' dir='ltr' id='par_1_7' title="bbox 631 729 2207 802">
     <span class='ocr_line' id='line_1_7' title="bbox 631 729 2207 802; baseline -0.001 -16"><span class='ocrx_word' id='word_1_37' title='bbox 631 746 756 787; x_wconf 86' lang='lat' dir='ltr'><strong>rum</strong></span> <span class='ocrx_word' id='word_1_38' title='bbox 783 732 948 789; x_wconf 90' lang='lat' dir='ltr'><strong>corda</strong></span> <span class='ocrx_word' id='word_1_39' title='bbox 974 745 1170 802; x_wconf 84' lang='lat' dir='ltr'><strong>pavere</strong></span> <span class='ocrx_word' id='word_1_40' title='bbox 1196 729 1398 786; x_wconf 89' lang='lat' dir='ltr'><strong>faciunt</strong></span> <span class='ocrx_word' id='word_1_41' title='bbox 1425 730 1692 796; x_wconf 76' lang='lat' dir='ltr'><strong>fratrum;</strong></span> <span class='ocrx_word' id='word_1_42' title='bbox 1721 732 1796 786; x_wconf 86' lang='lat' dir='ltr'><strong>ita</strong></span> <span class='ocrx_word' id='word_1_43' title='bbox 1826 739 1882 786; x_wconf 87' lang='lat' dir='ltr'><strong>et</strong></span> <span class='ocrx_word' id='word_1_44' title='bbox 1925 729 2207 786; x_wconf 80' lang='lat' dir='ltr'><strong>fortissimi</strong></span> 
     </span>
    </p>
   </div>
   <div class='ocr_carea' id='block_1_8' title="bbox 631 820 2213 894">
    <p class='ocr_par' dir='ltr' id='par_1_8' title="bbox 631 820 2213 894">
     <span class='ocr_line' id='line_1_8' title="bbox 631 820 2213 894; baseline -0.003 -17"><span class='ocrx_word' id='word_1_45' title='bbox 631 824 852 894; x_wconf 73' lang='lat' dir='ltr'><strong>quique,</strong></span> <span class='ocrx_word' id='word_1_46' title='bbox 873 823 1000 881; x_wconf 88' lang='lat' dir='ltr'><strong>licet</strong></span> <span class='ocrx_word' id='word_1_47' title='bbox 1025 824 1079 878; x_wconf 94' lang='lat' dir='ltr'><strong>in</strong></span> <span class='ocrx_word' id='word_1_48' title='bbox 1118 820 1419 893; x_wconf 86' lang='lat' dir='ltr'><strong>semetipsis</strong></span> <span class='ocrx_word' id='word_1_49' title='bbox 1455 821 1771 876; x_wconf 87' lang='lat' dir='ltr'><strong>admiranda</strong></span> <span class='ocrx_word' id='word_1_50' title='bbox 1811 821 1943 887; x_wconf 91' lang='lat' dir='ltr'><strong>Deo,</strong></span> <span class='ocrx_word' id='word_1_51' title='bbox 1971 831 2027 876; x_wconf 88' lang='lat' dir='ltr'><strong>et</strong></span> <span class='ocrx_word' id='word_1_52' title='bbox 2048 835 2213 891; x_wconf 82' lang='lat' dir='ltr'><strong>ange-</strong></span> 
     </span>
    </p>
   </div>
   <div class='ocr_carea' id='block_1_9' title="bbox 630 913 2205 985">
    <p class='ocr_par' dir='ltr' id='par_1_9' title="bbox 630 913 2205 985">
     <span class='ocr_line' id='line_1_9' title="bbox 630 913 2205 985; baseline -0.002 -15"><span class='ocrx_word' id='word_1_53' title='bbox 630 915 718 978; x_wconf 80' lang='lat' dir='ltr'><strong>lis,</strong></span> <span class='ocrx_word' id='word_1_54' title='bbox 732 924 788 970; x_wconf 89' lang='lat' dir='ltr'><strong>et</strong></span> <span class='ocrx_word' id='word_1_55' title='bbox 806 914 1110 971; x_wconf 87' lang='lat' dir='ltr'><strong>hominibus</strong></span> <span class='ocrx_word' id='word_1_56' title='bbox 1134 913 1377 985; x_wconf 83' lang='lat' dir='ltr'><strong>martyrii</strong></span> <span class='ocrx_word' id='word_1_57' title='bbox 1407 914 1489 968; x_wconf 91' lang='lat' dir='ltr'><strong>sui</strong></span> <span class='ocrx_word' id='word_1_58' title='bbox 1508 914 1811 984; x_wconf 85' lang='lat' dir='ltr'><strong>spectacula</strong></span> <span class='ocrx_word' id='word_1_59' title='bbox 1842 914 2205 983; x_wconf 75' lang='lat' dir='ltr'><strong>pnebeant,in</strong></span> 
     </span>
    </p>
   </div>
   <div class='ocr_carea' id='block_1_10' title="bbox 631 1004 2208 1078">
    <p class='ocr_par' dir='ltr' id='par_1_10' title="bbox 631 1004 2208 1078">
     <span class='ocr_line' id='line_1_10' title="bbox 631 1004 2208 1078; baseline 0.002 -16"><span class='ocrx_word' id='word_1_60' title='bbox 631 1007 752 1063; x_wconf 89' lang='lat' dir='ltr'><strong>aliis</strong></span> <span class='ocrx_word' id='word_1_61' title='bbox 781 1015 960 1062; x_wconf 89' lang='lat' dir='ltr'><strong>tamen</strong></span> <span class='ocrx_word' id='word_1_62' title='bbox 1008 1004 1123 1061; x_wconf 91' lang='lat' dir='ltr'><strong>solo</strong></span> <span class='ocrx_word' id='word_1_63' title='bbox 1160 1004 1407 1076; x_wconf 75' lang='lat' dir='ltr'><strong>exemplo</strong></span> <span class='ocrx_word' id='word_1_64' title='bbox 1442 1021 1549 1060; x_wconf 89' lang='lat' dir='ltr'><strong>non</strong></span> <span class='ocrx_word' id='word_1_65' title='bbox 1596 1007 1759 1062; x_wconf 90' lang='lat' dir='ltr'><strong>etiam</strong></span> <span class='ocrx_word' id='word_1_66' title='bbox 1811 1008 2208 1078; x_wconf 66' lang='lat' dir='ltr'><strong>praedicationis</strong></span> 
     </span>
    </p>
   </div>
   <div class='ocr_carea' id='block_1_11' title="bbox 628 1096 2209 1171">
    <p class='ocr_par' dir='ltr' id='par_1_11' title="bbox 628 1096 2209 1171">
     <span class='ocr_line' id='line_1_11' title="bbox 628 1096 2209 1171; baseline 0.002 -18"><span class='ocrx_word' id='word_1_67' title='bbox 628 1099 795 1156; x_wconf 81' lang='lat' dir='ltr'><strong>verbo</strong></span> <span class='ocrx_word' id='word_1_68' title='bbox 817 1098 1081 1171; x_wconf 89' lang='lat' dir='ltr'><strong>proﬁcere</strong></span> <span class='ocrx_word' id='word_1_69' title='bbox 1115 1108 1356 1169; x_wconf 90' lang='lat' dir='ltr'><strong>possunt.</strong></span> <span class='ocrx_word' id='word_1_70' title='bbox 1396 1096 1528 1155; x_wconf 83' lang='lat' dir='ltr'><strong>Orat</strong></span> <span class='ocrx_word' id='word_1_71' title='bbox 1554 1115 1684 1171; x_wconf 87' lang='lat' dir='ltr'><strong>ergo</strong></span> <span class='ocrx_word' id='word_1_72' title='bbox 1728 1102 1984 1156; x_wconf 83' lang='lat' dir='ltr'><strong>sacerdos</strong></span> <span class='ocrx_word' id='word_1_73' title='bbox 2022 1101 2077 1155; x_wconf 92' lang='lat' dir='ltr'><strong>in</strong></span> <span class='ocrx_word' id='word_1_74' title='bbox 2122 1101 2209 1156; x_wconf 87' lang='lat' dir='ltr'><strong>his</strong></span> 
     </span>
    </p>
   </div>
   <div class='ocr_carea' id='block_1_12' title="bbox 626 1189 2207 1261">
    <p class='ocr_par' dir='ltr' id='par_1_12' title="bbox 626 1189 2207 1261">
     <span class='ocr_line' id='line_1_12' title="bbox 626 1189 2207 1261; baseline 0.001 -18"><span class='ocrx_word' id='word_1_75' title='bbox 626 1189 827 1252; x_wconf 73' lang='lat' dir='ltr'><strong>verbis,</strong></span> <span class='ocrx_word' id='word_1_76' title='bbox 851 1197 914 1244; x_wconf 89' lang='lat' dir='ltr'><strong>ut</strong></span> <span class='ocrx_word' id='word_1_77' title='bbox 946 1190 1089 1249; x_wconf 83' lang='lat' dir='ltr'><strong>sicut</strong></span> <span class='ocrx_word' id='word_1_78' title='bbox 1112 1190 1487 1260; x_wconf 80' lang='lat' dir='ltr'><strong>prosperitatis</strong></span> <span class='ocrx_word' id='word_1_79' title='bbox 1513 1199 1754 1261; x_wconf 82' lang='lat' dir='ltr'><strong>tempore</strong></span> <span class='ocrx_word' id='word_1_80' title='bbox 1780 1206 1814 1245; x_wconf 89' lang='lat' dir='ltr'><strong>a</strong></span> <span class='ocrx_word' id='word_1_81' title='bbox 1861 1199 2207 1261; x_wconf 74' lang='lat' dir='ltr'><strong>peccatorum</strong></span> 
     </span>
    </p>
   </div>
   <div class='ocr_carea' id='block_1_13' title="bbox 626 1277 2209 1352">
    <p class='ocr_par' dir='ltr' id='par_1_13' title="bbox 626 1277 2209 1352">
     <span class='ocr_line' id='line_1_13' title="bbox 626 1277 2209 1352; baseline 0.001 -19"><span class='ocrx_word' id='word_1_82' title='bbox 626 1292 728 1333; x_wconf 87' lang='lat' dir='ltr'><strong>nos</strong></span> <span class='ocrx_word' id='word_1_83' title='bbox 755 1278 895 1333; x_wconf 88' lang='lat' dir='ltr'><strong>Deus</strong></span> <span class='ocrx_word' id='word_1_84' title='bbox 920 1277 1041 1334; x_wconf 85' lang='lat' dir='ltr'><strong>labe</strong></span> <span class='ocrx_word' id='word_1_85' title='bbox 1065 1277 1323 1344; x_wconf 80' lang='lat' dir='ltr'><strong>defendit,</strong></span> <span class='ocrx_word' id='word_1_86' title='bbox 1350 1278 1426 1333; x_wconf 90' lang='lat' dir='ltr'><strong>ita</strong></span> <span class='ocrx_word' id='word_1_87' title='bbox 1453 1280 1618 1335; x_wconf 86' lang='lat' dir='ltr'><strong>etiam</strong></span> <span class='ocrx_word' id='word_1_88' title='bbox 1654 1279 1817 1335; x_wconf 90' lang='lat' dir='ltr'><strong>nobis</strong></span> <span class='ocrx_word' id='word_1_89' title='bbox 1831 1281 2053 1336; x_wconf 89' lang='lat' dir='ltr'><strong>adversa</strong></span> <span class='ocrx_word' id='word_1_90' title='bbox 2083 1296 2209 1352; x_wconf 57' lang='lat' dir='ltr'><strong>perb</strong></span> 
     </span>
    </p>
   </div>
   <div class='ocr_carea' id='block_1_14' title="bbox 627 1369 2215 1440">
    <p class='ocr_par' dir='ltr' id='par_1_14' title="bbox 627 1369 2215 1440">
     <span class='ocr_line' id='line_1_14' title="bbox 627 1369 2215 1440; baseline 0.002 -16"><span class='ocrx_word' id='word_1_91' title='bbox 627 1369 921 1427; x_wconf 84' lang='lat' dir='ltr'><strong>secutionis</strong></span> <span class='ocrx_word' id='word_1_92' title='bbox 946 1377 1179 1436; x_wconf 82' lang='lat' dir='ltr'><strong>avertat,</strong></span> <span class='ocrx_word' id='word_1_93' title='bbox 1220 1379 1489 1440; x_wconf 74' lang='lat' dir='ltr'><strong>quatenus</strong></span> <span class='ocrx_word' id='word_1_94' title='bbox 1525 1386 1624 1426; x_wconf 91' lang='lat' dir='ltr'><strong>nec</strong></span> <span class='ocrx_word' id='word_1_95' title='bbox 1655 1371 1852 1426; x_wconf 85' lang='lat' dir='ltr'><strong>inﬁrmi</strong></span> <span class='ocrx_word' id='word_1_96' title='bbox 1883 1380 2094 1427; x_wconf 86' lang='lat' dir='ltr'><strong>terrore</strong></span> <span class='ocrx_word' id='word_1_97' title='bbox 2120 1372 2215 1428; x_wconf 76' lang='lat' dir='ltr'><strong>vel</strong></span> 
     </span>
    </p>
   </div>
   <div class='ocr_carea' id='block_1_15' title="bbox 626 1459 2205 1533">
    <p class='ocr_par' dir='ltr' id='par_1_15' title="bbox 626 1459 2205 1533">
     <span class='ocr_line' id='line_1_15' title="bbox 626 1459 2205 1533; baseline 0.001 -16"><span class='ocrx_word' id='word_1_98' title='bbox 626 1462 902 1533; x_wconf 81' lang='lat' dir='ltr'><strong>suppliciis</strong></span> <span class='ocrx_word' id='word_1_99' title='bbox 926 1463 1163 1533; x_wconf 83' lang='lat' dir='ltr'><strong>superati</strong></span> <span class='ocrx_word' id='word_1_100' title='bbox 1192 1477 1224 1516; x_wconf 87' lang='lat' dir='ltr'><strong>a</strong></span> <span class='ocrx_word' id='word_1_101' title='bbox 1263 1459 1369 1518; x_wconf 83' lang='lat' dir='ltr'><strong>fide</strong></span> <span class='ocrx_word' id='word_1_102' title='bbox 1395 1462 1674 1528; x_wconf 85' lang='lat' dir='ltr'><strong>recedant,</strong></span> <span class='ocrx_word' id='word_1_103' title='bbox 1700 1478 1799 1517; x_wconf 90' lang='lat' dir='ltr'><strong>nec</strong></span> <span class='ocrx_word' id='word_1_104' title='bbox 1837 1460 2009 1519; x_wconf 85' lang='lat' dir='ltr'><strong>fortes</strong></span> <span class='ocrx_word' id='word_1_105' title='bbox 2033 1471 2092 1519; x_wconf 89' lang='lat' dir='ltr'><strong>et</strong></span> <span class='ocrx_word' id='word_1_106' title='bbox 2111 1479 2205 1518; x_wconf 67' lang='lat' dir='ltr'><strong>va,-</strong></span> 
     </span>
    </p>
   </div>
   <div class='ocr_carea' id='block_1_16' title="bbox 625 1551 2207 1623">
    <p class='ocr_par' dir='ltr' id='par_1_16' title="bbox 625 1551 2207 1623">
     <span class='ocr_line' id='line_1_16' title="bbox 625 1551 2207 1623; baseline 0.003 -18"><span class='ocrx_word' id='word_1_107' title='bbox 625 1551 720 1606; x_wconf 80' lang='lat' dir='ltr'><strong>lidi</strong></span> <span class='ocrx_word' id='word_1_108' title='bbox 744 1552 943 1622; x_wconf 85' lang='lat' dir='ltr'><strong>quique</strong></span> <span class='ocrx_word' id='word_1_109' title='bbox 972 1568 1000 1606; x_wconf 86' lang='lat' dir='ltr'><strong>a</strong></span> <span class='ocrx_word' id='word_1_110' title='bbox 1030 1552 1433 1623; x_wconf 65' lang='lat' dir='ltr'><strong>praedicationis</strong></span> <span class='ocrx_word' id='word_1_111' title='bbox 1456 1561 1512 1607; x_wconf 91' lang='lat' dir='ltr'><strong>et</strong></span> <span class='ocrx_word' id='word_1_112' title='bbox 1539 1553 1930 1608; x_wconf 80' lang='lat' dir='ltr'><strong>exhortationis</strong></span> <span class='ocrx_word' id='word_1_113' title='bbox 1952 1553 2207 1610; x_wconf 77' lang='lat' dir='ltr'><strong>fraterna:</strong></span> 
     </span>
    </p>
   </div>
   <div class='ocr_carea' id='block_1_17' title="bbox 626 1642 2214 1713">
    <p class='ocr_par' dir='ltr' id='par_1_17' title="bbox 626 1642 2214 1713">
     <span class='ocr_line' id='line_1_17' title="bbox 626 1642 2214 1713; baseline 0.003 -17"><span class='ocrx_word' id='word_1_114' title='bbox 626 1642 991 1712; x_wconf 83' lang='lat' dir='ltr'><strong>impediantur</strong></span> <span class='ocrx_word' id='word_1_115' title='bbox 1021 1642 1241 1698; x_wconf 80' lang='lat' dir='ltr'><strong>officio:</strong></span> <span class='ocrx_word' id='word_1_116' title='bbox 1282 1643 1425 1713; x_wconf 86' lang='lat' dir='ltr'><strong>quod</strong></span> <span class='ocrx_word' id='word_1_117' title='bbox 1449 1644 1575 1713; x_wconf 89' lang='lat' dir='ltr'><strong>quia</strong></span> <span class='ocrx_word' id='word_1_118' title='bbox 1603 1652 1810 1698; x_wconf 88' lang='lat' dir='ltr'><strong>certum</strong></span> <span class='ocrx_word' id='word_1_119' title='bbox 1855 1654 1940 1699; x_wconf 88' lang='lat' dir='ltr'><strong>est</strong></span> <span class='ocrx_word' id='word_1_120' title='bbox 1989 1655 2214 1701; x_wconf 67' lang='lat' dir='ltr'><strong>sanctos.</strong></span> 
     </span>
    </p>
   </div>
   <div class='ocr_carea' id='block_1_18' title="bbox 625 1732 2208 1803">
    <p class='ocr_par' dir='ltr' id='par_1_18' title="bbox 625 1732 2208 1803">
     <span class='ocr_line' id='line_1_18' title="bbox 625 1732 2208 1803; baseline 0.003 -14"><span class='ocrx_word' id='word_1_121' title='bbox 625 1741 747 1803; x_wconf 84' lang='lat' dir='ltr'><strong>post</strong></span> <span class='ocrx_word' id='word_1_122' title='bbox 773 1734 898 1789; x_wconf 73' lang='lat' dir='ltr'><strong>vita:</strong></span> <span class='ocrx_word' id='word_1_123' title='bbox 943 1732 1103 1802; x_wconf 85' lang='lat' dir='ltr'><strong>hujus</strong></span> <span class='ocrx_word' id='word_1_124' title='bbox 1146 1749 1431 1789; x_wconf 81' lang='lat' dir='ltr'><strong>excessum</strong></span> <span class='ocrx_word' id='word_1_125' title='bbox 1484 1749 1605 1789; x_wconf 91' lang='lat' dir='ltr'><strong>cum</strong></span> <span class='ocrx_word' id='word_1_126' title='bbox 1661 1734 1874 1791; x_wconf 86' lang='lat' dir='ltr'><strong>Christo</strong></span> <span class='ocrx_word' id='word_1_127' title='bbox 1925 1745 2208 1794; x_wconf 84' lang='lat' dir='ltr'><strong>manentes</strong></span> 
     </span>
    </p>
   </div>
   <div class='ocr_carea' id='block_1_19' title="bbox 625 1824 2279 1898">
    <p class='ocr_par' dir='ltr' id='par_1_19' title="bbox 625 1824 2279 1898">
     <span class='ocr_line' id='line_1_19' title="bbox 625 1824 2279 1898; baseline 0.005 -21"><span class='ocrx_word' id='word_1_128' title='bbox 625 1824 992 1879; x_wconf 89' lang='lat' dir='ltr'><strong>indesinenter</strong></span> <span class='ocrx_word' id='word_1_129' title='bbox 1016 1839 1116 1894; x_wconf 85' lang='lat' dir='ltr'><strong>pro</strong></span> <span class='ocrx_word' id='word_1_130' title='bbox 1155 1824 1556 1881; x_wconf 87' lang='lat' dir='ltr'><strong>remanentibus</strong></span> <span class='ocrx_word' id='word_1_131' title='bbox 1583 1826 1637 1880; x_wconf 87' lang='lat' dir='ltr'><strong>in</strong></span> <span class='ocrx_word' id='word_1_132' title='bbox 1661 1827 1764 1882; x_wconf 87' lang='lat' dir='ltr'><strong>hoc</strong></span> <span class='ocrx_word' id='word_1_133' title='bbox 1796 1829 1995 1883; x_wconf 89' lang='lat' dir='ltr'><strong>mundo</strong></span> <span class='ocrx_word' id='word_1_134' title='bbox 2022 1828 2204 1884; x_wconf 88' lang='lat' dir='ltr'><strong>fratri-</strong></span> <span class='ocrx_word' id='word_1_135' title='bbox 2234 1837 2279 1898; x_wconf 80' lang='grc' dir='ltr'><strong>Β</strong></span> 
     </span>
    </p>
   </div>
   <div class='ocr_carea' id='block_1_20' title="bbox 624 1912 2208 1989">
    <p class='ocr_par' dir='ltr' id='par_1_20' title="bbox 624 1912 2208 1989">
     <span class='ocr_line' id='line_1_20' title="bbox 624 1912 2208 1989; baseline 0.004 -23"><span class='ocrx_word' id='word_1_136' title='bbox 624 1912 726 1967; x_wconf 90' lang='lat' dir='ltr'><strong>bus</strong></span> <span class='ocrx_word' id='word_1_137' title='bbox 744 1912 1068 1983; x_wconf 88' lang='lat' dir='ltr'><strong>supplicare,</strong></span> <span class='ocrx_word' id='word_1_138' title='bbox 1090 1914 1226 1984; x_wconf 89' lang='lat' dir='ltr'><strong>petit</strong></span> <span class='ocrx_word' id='word_1_139' title='bbox 1243 1914 1487 1970; x_wconf 71' lang='lat' dir='ltr'><strong>utbeatte</strong></span> <span class='ocrx_word' id='word_1_140' title='bbox 1506 1924 1563 1970; x_wconf 91' lang='lat' dir='ltr'><strong>et</strong></span> <span class='ocrx_word' id='word_1_141' title='bbox 1577 1914 1821 1986; x_wconf 83' lang='lat' dir='ltr'><strong>gloriosae</strong></span> <span class='ocrx_word' id='word_1_142' title='bbox 1849 1932 2065 1989; x_wconf 88' lang='lat' dir='ltr'><strong>semper</strong></span> <span class='ocrx_word' id='word_1_143' title='bbox 2086 1919 2208 1974; x_wconf 68' lang='lat' dir='ltr'><strong>Vir-</strong></span> 
     </span>
    </p>
   </div>
   <div class='ocr_carea' id='block_1_21' title="bbox 624 1993 2209 2077">
    <p class='ocr_par' dir='ltr' id='par_1_21' title="bbox 624 1993 2209 2077">
     <span class='ocr_line' id='line_1_21' title="bbox 624 1993 2209 2077; baseline 0.003 -20"><span class='ocrx_word' id='word_1_144' title='bbox 624 2003 765 2073; x_wconf 81' lang='lat' dir='ltr'><strong>ginis</strong></span> <span class='ocrx_word' id='word_1_145' title='bbox 803 2004 895 2058; x_wconf 89' lang='lat' dir='ltr'><strong>Dei</strong></span> <span class='ocrx_word' id='word_1_146' title='bbox 923 2002 1215 2060; x_wconf 83' lang='lat' dir='ltr'><strong>Cenitricis</strong></span> <span class='ocrx_word' id='word_1_147' title='bbox 1235 1993 1415 2059; x_wconf 66' lang='lat' dir='ltr'><strong>Mariie</strong></span> <span class='ocrx_word' id='word_1_148' title='bbox 1454 2013 1513 2060; x_wconf 90' lang='lat' dir='ltr'><strong>et</strong></span> <span class='ocrx_word' id='word_1_149' title='bbox 1534 2006 1893 2061; x_wconf 75' lang='lat' dir='ltr'><strong>maximorum</strong></span> <span class='ocrx_word' id='word_1_150' title='bbox 1938 2008 2209 2077; x_wconf 70' lang='lat' dir='ltr'><strong>apost</strong></span> 
     </span>
    </p>
   </div>
   <div class='ocr_carea' id='block_1_22' title="bbox 625 2098 2207 2172">
    <p class='ocr_par' dir='ltr' id='par_1_22' title="bbox 625 2098 2207 2172">
     <span class='ocr_line' id='line_1_22' title="bbox 625 2098 2207 2172; baseline 0.006 -23"><span class='ocrx_word' id='word_1_151' title='bbox 625 2111 746 2151; x_wconf 92' lang='lat' dir='ltr'><strong>rum</strong></span> <span class='ocrx_word' id='word_1_152' title='bbox 774 2098 1253 2154; x_wconf 84' lang='lat' dir='ltr'><strong>intercessionibus</strong></span> <span class='ocrx_word' id='word_1_153' title='bbox 1276 2098 1420 2154; x_wconf 82' lang='lat' dir='ltr'><strong>Petri</strong></span> <span class='ocrx_word' id='word_1_154' title='bbox 1450 2110 1507 2154; x_wconf 89' lang='lat' dir='ltr'><strong>et</strong></span> <span class='ocrx_word' id='word_1_155' title='bbox 1538 2099 1687 2155; x_wconf 82' lang='lat' dir='ltr'><strong>Pauli</strong></span> <span class='ocrx_word' id='word_1_156' title='bbox 1720 2102 1859 2172; x_wconf 83' lang='lat' dir='ltr'><strong>apud</strong></span> <span class='ocrx_word' id='word_1_157' title='bbox 1894 2102 2066 2158; x_wconf 84' lang='lat' dir='ltr'><strong>Deum</strong></span> <span class='ocrx_word' id='word_1_158' title='bbox 2113 2120 2207 2159; x_wconf 84' lang='lat' dir='ltr'><strong>va-</strong></span> 
     </span>
    </p>
   </div>
   <div class='ocr_carea' id='block_1_23' title="bbox 623 2185 1341 2258">
    <p class='ocr_par' dir='ltr' id='par_1_23' title="bbox 623 2185 1341 2258">
     <span class='ocr_line' id='line_1_23' title="bbox 623 2185 1341 2258; baseline 0.003 -19"><span class='ocrx_word' id='word_1_159' title='bbox 623 2185 733 2241; x_wconf 80' lang='lat' dir='ltr'><strong>leat</strong></span> <span class='ocrx_word' id='word_1_160' title='bbox 749 2185 1023 2242; x_wconf 82' lang='lat' dir='ltr'><strong>obtinere.</strong></span> <span class='ocrx_word' id='word_1_161' title='bbox 1047 2186 1304 2258; x_wconf 87' lang='lat' dir='ltr'><strong>Sequitur</strong></span> <span class='ocrx_word' id='word_1_162' title='bbox 1328 2192 1341 2241; x_wconf 76' lang='grc' dir='ltr'><strong><em>ἑ</em></strong></span> 
     </span>
    </p>
   </div>
   <div class='ocr_carea' id='block_1_24' title="bbox 947 2297 1886 2371">
    <p class='ocr_par' dir='ltr' id='par_1_24' title="bbox 947 2297 1886 2371">
     <span class='ocr_line' id='line_1_24' title="bbox 947 2297 1886 2371; baseline 0.004 -20"><span class='ocrx_word' id='word_1_163' title='bbox 947 2297 1013 2352; x_wconf 81' lang='lat' dir='ltr'><strong>Ut</strong></span> <span class='ocrx_word' id='word_1_164' title='bbox 1036 2315 1132 2369; x_wconf 89' lang='lat' dir='ltr'><strong>ope</strong></span> <span class='ocrx_word' id='word_1_165' title='bbox 1152 2300 1524 2354; x_wconf 73' lang='lat' dir='ltr'><strong>misericordia:</strong></span> <span class='ocrx_word' id='word_1_166' title='bbox 1552 2300 1741 2371; x_wconf 84' lang='lat' dir='ltr'><strong>adjuti,</strong></span> <span class='ocrx_word' id='word_1_167' title='bbox 1772 2311 1886 2357; x_wconf 81' lang='lat' dir='ltr'><strong>etc.</strong></span> 
     </span>
    </p>
   </div>
   <div class='ocr_carea' id='block_1_25' title="bbox 699 2407 2207 2479">
    <p class='ocr_par' dir='ltr' id='par_1_25' title="bbox 699 2407 2207 2479">
     <span class='ocr_line' id='line_1_25' title="bbox 699 2407 2207 2479; baseline 0.005 -16"><span class='ocrx_word' id='word_1_168' title='bbox 699 2407 834 2463; x_wconf 83' lang='lat' dir='ltr'><strong>Ecce</strong></span> <span class='ocrx_word' id='word_1_169' title='bbox 870 2417 1094 2479; x_wconf 86' lang='lat' dir='ltr'><strong>propter</strong></span> <span class='ocrx_word' id='word_1_170' title='bbox 1127 2409 1259 2479; x_wconf 81' lang='lat' dir='ltr'><strong>quid</strong></span> <span class='ocrx_word' id='word_1_171' title='bbox 1290 2426 1389 2467; x_wconf 90' lang='lat' dir='ltr'><strong>nos</strong></span> <span class='ocrx_word' id='word_1_172' title='bbox 1434 2418 1490 2465; x_wconf 91' lang='lat' dir='ltr'><strong>et</strong></span> <span class='ocrx_word' id='word_1_173' title='bbox 1513 2410 1582 2464; x_wconf 90' lang='lat' dir='ltr'><strong>ab</strong></span> <span class='ocrx_word' id='word_1_174' title='bbox 1625 2411 1877 2467; x_wconf 90' lang='lat' dir='ltr'><strong>omnibus</strong></span> <span class='ocrx_word' id='word_1_175' title='bbox 1917 2413 2134 2469; x_wconf 87' lang='lat' dir='ltr'><strong>liberari</strong></span> <span class='ocrx_word' id='word_1_176' title='bbox 2170 2430 2207 2470; x_wconf 69' lang='grc' dir='ltr'><strong>α</strong></span> 
     </span>
    </p>
   </div>
   <div class='ocr_carea' id='block_1_26' title="bbox 627 2498 2205 2573">
    <p class='ocr_par' dir='ltr' id='par_1_26' title="bbox 627 2498 2205 2573">
     <span class='ocr_line' id='line_1_26' title="bbox 627 2498 2205 2573; baseline 0.007 -21"><span class='ocrx_word' id='word_1_177' title='bbox 627 2498 857 2554; x_wconf 88' lang='lat' dir='ltr'><strong>Domino</strong></span> <span class='ocrx_word' id='word_1_178' title='bbox 906 2499 1063 2553; x_wconf 86' lang='lat' dir='ltr'><strong>malis</strong></span> <span class='ocrx_word' id='word_1_179' title='bbox 1088 2539 1106 2563; x_wconf 92' lang='lat'><strong>,</strong></span> <span class='ocrx_word' id='word_1_180' title='bbox 1145 2509 1197 2554; x_wconf 90' lang='lat' dir='ltr'><strong>et</strong></span> <span class='ocrx_word' id='word_1_181' title='bbox 1236 2516 1425 2570; x_wconf 83' lang='lat' dir='ltr'><strong>pacem</strong></span> <span class='ocrx_word' id='word_1_182' title='bbox 1472 2501 1588 2557; x_wconf 76' lang='lat' dir='ltr'><strong>dari</strong></span> <span class='ocrx_word' id='word_1_183' title='bbox 1635 2502 1965 2573; x_wconf 78' lang='lat' dir='ltr'><strong>temporibus</strong></span> <span class='ocrx_word' id='word_1_184' title='bbox 2003 2506 2205 2563; x_wconf 87' lang='lat' dir='ltr'><strong>nostris</strong></span> 
     </span>
    </p>
   </div>
   <div class='ocr_carea' id='block_1_27' title="bbox 621 2590 2206 2666">
    <p class='ocr_par' dir='ltr' id='par_1_27' title="bbox 621 2590 2206 2666">
     <span class='ocr_line' id='line_1_27' title="bbox 621 2590 2206 2666; baseline 0.004 -22"><span class='ocrx_word' id='word_1_185' title='bbox 621 2605 864 2654; x_wconf 90' lang='lat' dir='ltr'><strong>oramus,</strong></span> <span class='ocrx_word' id='word_1_186' title='bbox 890 2590 1097 2646; x_wconf 82' lang='lat' dir='ltr'><strong>scilicet</strong></span> <span class='ocrx_word' id='word_1_187' title='bbox 1124 2598 1183 2644; x_wconf 89' lang='lat' dir='ltr'><strong>ut</strong></span> <span class='ocrx_word' id='word_1_188' title='bbox 1202 2590 1413 2645; x_wconf 82' lang='lat' dir='ltr'><strong>liberati</strong></span> <span class='ocrx_word' id='word_1_189' title='bbox 1442 2608 1472 2645; x_wconf 91' lang='lat' dir='ltr'><strong>a</strong></span> <span class='ocrx_word' id='word_1_190' title='bbox 1501 2601 1727 2662; x_wconf 86' lang='lat' dir='ltr'><strong>peccato</strong></span> <span class='ocrx_word' id='word_1_191' title='bbox 1746 2600 1799 2647; x_wconf 91' lang='lat' dir='ltr'><strong>et</strong></span> <span class='ocrx_word' id='word_1_192' title='bbox 1819 2592 1889 2648; x_wconf 88' lang='lat' dir='ltr'><strong>ab</strong></span> <span class='ocrx_word' id='word_1_193' title='bbox 1911 2596 2057 2650; x_wconf 91' lang='lat' dir='ltr'><strong>omni</strong></span> <span class='ocrx_word' id='word_1_194' title='bbox 2080 2610 2206 2666; x_wconf 88' lang='lat' dir='ltr'><strong>per-</strong></span> 
     </span>
    </p>
   </div>
   <div class='ocr_carea' id='block_1_28' title="bbox 624 2679 2202 2743">
    <p class='ocr_par' dir='ltr' id='par_1_28' title="bbox 624 2679 2202 2743">
     <span class='ocr_line' id='line_1_28' title="bbox 624 2679 2202 2743; baseline 0.006 -9"><span class='ocrx_word' id='word_1_195' title='bbox 624 2680 932 2737; x_wconf 85' lang='lat' dir='ltr'><strong>turbatione</strong></span> <span class='ocrx_word' id='word_1_196' title='bbox 952 2680 1127 2736; x_wconf 84' lang='lat' dir='ltr'><strong>securi</strong></span> <span class='ocrx_word' id='word_1_197' title='bbox 1155 2679 1380 2737; x_wconf 90' lang='lat' dir='ltr'><strong>Domino</strong></span> <span class='ocrx_word' id='word_1_198' title='bbox 1417 2681 1529 2737; x_wconf 90' lang='lat' dir='ltr'><strong>Deo</strong></span> <span class='ocrx_word' id='word_1_199' title='bbox 1556 2690 1749 2737; x_wconf 88' lang='lat' dir='ltr'><strong>nostro</strong></span> <span class='ocrx_word' id='word_1_200' title='bbox 1768 2690 1885 2739; x_wconf 80' lang='lat' dir='ltr'><strong>sine</strong></span> <span class='ocrx_word' id='word_1_201' title='bbox 1909 2685 2102 2742; x_wconf 83' lang='lat' dir='ltr'><strong>timore</strong></span> <span class='ocrx_word' id='word_1_202' title='bbox 2145 2687 2202 2743; x_wconf 90' lang='lat' dir='ltr'><strong>in</strong></span> 
     </span>
    </p>
   </div>
   <div class='ocr_carea' id='block_1_29' title="bbox 622 2756 2204 2841">
    <p class='ocr_par' dir='ltr' id='par_1_29' title="bbox 622 2756 2204 2841">
     <span class='ocr_line' id='line_1_29' title="bbox 622 2756 2204 2841; baseline 0.003 -15"><span class='ocrx_word' id='word_1_203' title='bbox 622 2771 910 2826; x_wconf 83' lang='lat' dir='ltr'><strong>sanctitate</strong></span> <span class='ocrx_word' id='word_1_204' title='bbox 934 2776 991 2823; x_wconf 91' lang='lat' dir='ltr'><strong>et</strong></span> <span class='ocrx_word' id='word_1_205' title='bbox 1011 2767 1221 2837; x_wconf 80' lang='lat' dir='ltr'><strong>justitia</strong></span> <span class='ocrx_word' id='word_1_206' title='bbox 1246 2785 1431 2825; x_wconf 84' lang='lat' dir='ltr'><strong>coram</strong></span> <span class='ocrx_word' id='word_1_207' title='bbox 1448 2756 1573 2841; x_wconf 72' lang='lat' dir='ltr'><strong>ipso</strong></span> <span class='ocrx_word' id='word_1_208' title='bbox 1590 2771 1841 2828; x_wconf 87' lang='lat' dir='ltr'><strong>omnibus</strong></span> <span class='ocrx_word' id='word_1_209' title='bbox 1894 2773 2082 2830; x_wconf 88' lang='lat' dir='ltr'><strong>diebus</strong></span> <span class='ocrx_word' id='word_1_210' title='bbox 2106 2791 2204 2831; x_wconf 75' lang='lat' dir='ltr'><strong>no-</strong></span> 
     </span>
    </p>
   </div>
   <div class='ocr_carea' id='block_1_30' title="bbox 621 2859 2201 2936">
    <p class='ocr_par' dir='ltr' id='par_1_30' title="bbox 621 2859 2201 2936">
     <span class='ocr_line' id='line_1_30' title="bbox 621 2859 2201 2936; baseline 0.006 -23"><span class='ocrx_word' id='word_1_211' title='bbox 621 2859 752 2914; x_wconf 88' lang='lat' dir='ltr'><strong>stris</strong></span> <span class='ocrx_word' id='word_1_212' title='bbox 781 2860 985 2914; x_wconf 84' lang='lat' dir='ltr'><strong>servire</strong></span> <span class='ocrx_word' id='word_1_213' title='bbox 1013 2860 1301 2928; x_wconf 85' lang='lat' dir='ltr'><strong>possimus.</strong></span> <span class='ocrx_word' id='word_1_214' title='bbox 1352 2861 1505 2927; x_wconf 85' lang='lat' dir='ltr'><strong>Quod</strong></span> <span class='ocrx_word' id='word_1_215' title='bbox 1538 2862 1665 2932; x_wconf 89' lang='lat' dir='ltr'><strong>quia</strong></span> <span class='ocrx_word' id='word_1_216' title='bbox 1690 2878 1791 2918; x_wconf 85' lang='lat' dir='ltr'><strong>nec</strong></span> <span class='ocrx_word' id='word_1_217' title='bbox 1819 2865 2067 2936; x_wconf 86' lang='lat' dir='ltr'><strong>accipere</strong></span> <span class='ocrx_word' id='word_1_218' title='bbox 2098 2882 2201 2924; x_wconf 86' lang='lat' dir='ltr'><strong>nec</strong></span> 
     </span>
    </p>
   </div>
   <div class='ocr_carea' id='block_1_31' title="bbox 622 2946 2201 3022">
    <p class='ocr_par' dir='ltr' id='par_1_31' title="bbox 622 2946 2201 3022">
     <span class='ocr_line' id='line_1_31' title="bbox 622 2946 2201 3022; baseline 0.008 -21"><span class='ocrx_word' id='word_1_219' title='bbox 622 2947 804 3003; x_wconf 83' lang='lat' dir='ltr'><strong>facere</strong></span> <span class='ocrx_word' id='word_1_220' title='bbox 840 2946 942 3003; x_wconf 86' lang='lat' dir='ltr'><strong>nisi</strong></span> <span class='ocrx_word' id='word_1_221' title='bbox 973 2963 1068 3018; x_wconf 86' lang='lat' dir='ltr'><strong>per</strong></span> <span class='ocrx_word' id='word_1_222' title='bbox 1099 2949 1356 3004; x_wconf 73' lang='lat' dir='ltr'><strong>auxilium</strong></span> <span class='ocrx_word' id='word_1_223' title='bbox 1392 2966 1677 3022; x_wconf 84' lang='lat' dir='ltr'><strong>possumus</strong></span> <span class='ocrx_word' id='word_1_224' title='bbox 1699 2952 2024 3022; x_wconf 85' lang='lat' dir='ltr'><strong>Salvatoris,</strong></span> <span class='ocrx_word' id='word_1_225' title='bbox 2054 2965 2201 3014; x_wconf 87' lang='lat' dir='ltr'><strong>recte</strong></span> 
     </span>
    </p>
   </div>
   <div class='ocr_carea' id='block_1_32' title="bbox 622 3038 1005 3112">
    <p class='ocr_par' dir='ltr' id='par_1_32' title="bbox 622 3038 1005 3112">
     <span class='ocr_line' id='line_1_32' title="bbox 622 3038 1005 3112; baseline -0.003 -17"><span class='ocrx_word' id='word_1_226' title='bbox 622 3038 962 3112; x_wconf 76' lang='lat' dir='ltr'><strong>subiungitur</strong></span> <span class='ocrx_word' id='word_1_227' title='bbox 992 3059 1005 3094; x_wconf 91' lang='lat'><strong>:</strong></span> 
     </span>
    </p>
   </div>
   <div class='ocr_carea' id='block_1_33' title="bbox 1114 3130 1690 3195">
    <p class='ocr_par' dir='ltr' id='par_1_33' title="bbox 1114 3130 1690 3195">
     <span class='ocr_line' id='line_1_33' title="bbox 1114 3130 1690 3195; baseline 0.01 -11"><span class='ocrx_word' id='word_1_228' title='bbox 1114 3130 1219 3185; x_wconf 87' lang='lat' dir='ltr'><strong>Per</strong></span> <span class='ocrx_word' id='word_1_229' title='bbox 1254 3131 1553 3195; x_wconf 84' lang='lat' dir='ltr'><strong>Dominum.</strong></span> <span class='ocrx_word' id='word_1_230' title='bbox 1584 3145 1690 3193; x_wconf 87' lang='lat' dir='ltr'><strong>etc.</strong></span> 
     </span>
    </p>
   </div>
   <div class='ocr_carea' id='block_1_34' title="bbox 658 3220 2199 3299">
    <p class='ocr_par' dir='ltr' id='par_1_34' title="bbox 658 3220 2199 3299">
     <span class='ocr_line' id='line_1_34' title="bbox 658 3220 2199 3299; baseline 0.01 -26"><span class='ocrx_word' id='word_1_231' title='bbox 658 3272 663 3273; x_wconf 63' lang='lat'><strong>,</strong></span> <span class='ocrx_word' id='word_1_232' title='bbox 692 3220 809 3291; x_wconf 76' lang='lat' dir='ltr'><strong>ipse</strong></span> <span class='ocrx_word' id='word_1_233' title='bbox 835 3221 980 3276; x_wconf 89' lang='lat' dir='ltr'><strong>enim</strong></span> <span class='ocrx_word' id='word_1_234' title='bbox 1002 3220 1259 3276; x_wconf 87' lang='lat' dir='ltr'><strong>Dominus</strong></span> <span class='ocrx_word' id='word_1_235' title='bbox 1280 3231 1336 3278; x_wconf 90' lang='lat' dir='ltr'><strong>et</strong></span> <span class='ocrx_word' id='word_1_236' title='bbox 1361 3222 1609 3281; x_wconf 80' lang='lat' dir='ltr'><strong>Salvator</strong></span> <span class='ocrx_word' id='word_1_237' title='bbox 1628 3236 1829 3294; x_wconf 78' lang='lat' dir='ltr'><strong>iwster,</strong></span> <span class='ocrx_word' id='word_1_238' title='bbox 1856 3230 1948 3299; x_wconf 89' lang='lat' dir='ltr'><strong>qui</strong></span> <span class='ocrx_word' id='word_1_239' title='bbox 1973 3239 2059 3287; x_wconf 86' lang='lat' dir='ltr'><strong>est</strong></span> <span class='ocrx_word' id='word_1_240' title='bbox 2075 3246 2199 3287; x_wconf 85' lang='lat' dir='ltr'><strong>cum</strong></span> 
     </span>
    </p>
   </div>
   <div class='ocr_carea' id='block_1_35' title="bbox 621 3307 2200 3382">
    <p class='ocr_par' dir='ltr' id='par_1_35' title="bbox 621 3307 2200 3382">
     <span class='ocr_line' id='line_1_35' title="bbox 621 3307 2200 3382; baseline 0.007 -18"><span class='ocrx_word' id='word_1_241' title='bbox 621 3307 783 3377; x_wconf 80' lang='lat' dir='ltr'><strong>Patre</strong></span> <span class='ocrx_word' id='word_1_242' title='bbox 804 3309 860 3363; x_wconf 91' lang='lat' dir='ltr'><strong>in</strong></span> <span class='ocrx_word' id='word_1_243' title='bbox 902 3308 1111 3365; x_wconf 85' lang='lat' dir='ltr'><strong>unitate</strong></span> <span class='ocrx_word' id='word_1_244' title='bbox 1150 3309 1382 3382; x_wconf 88' lang='lat' dir='ltr'><strong>Spiritus</strong></span> <span class='ocrx_word' id='word_1_245' title='bbox 1412 3315 1583 3369; x_wconf 84' lang='lat' dir='ltr'><strong>sancti</strong></span> <span class='ocrx_word' id='word_1_246' title='bbox 1623 3332 1727 3370; x_wconf 88' lang='lat' dir='ltr'><strong>una</strong></span> <span class='ocrx_word' id='word_1_247' title='bbox 1753 3316 1956 3381; x_wconf 82' lang='lat' dir='ltr'><strong>Deitas,</strong></span> <span class='ocrx_word' id='word_1_248' title='bbox 1990 3336 2095 3376; x_wconf 88' lang='lat' dir='ltr'><strong>una</strong></span> <span class='ocrx_word' id='word_1_249' title='bbox 2121 3322 2200 3375; x_wconf 80' lang='lat' dir='ltr'><strong>vi-</strong></span> 
     </span>
    </p>
   </div>
   <div class='ocr_carea' id='block_1_36' title="bbox 619 3398 2205 3481">
    <p class='ocr_par' dir='ltr' id='par_1_36' title="bbox 619 3398 2205 3481">
     <span class='ocr_line' id='line_1_36' title="bbox 619 3398 2205 3481; baseline 0.009 -30"><span class='ocrx_word' id='word_1_250' title='bbox 619 3398 780 3454; x_wconf 82' lang='lat' dir='ltr'><strong>vendi</strong></span> <span class='ocrx_word' id='word_1_251' title='bbox 804 3398 1106 3469; x_wconf 63' lang='lat' dir='ltr'><strong>aequalitas,</strong></span> <span class='ocrx_word' id='word_1_252' title='bbox 1132 3408 1191 3455; x_wconf 91' lang='lat' dir='ltr'><strong>et</strong></span> <span class='ocrx_word' id='word_1_253' title='bbox 1214 3400 1522 3458; x_wconf 85' lang='lat' dir='ltr'><strong>viviﬁeandi</strong></span> <span class='ocrx_word' id='word_1_254' title='bbox 1562 3413 1801 3474; x_wconf 86' lang='lat' dir='ltr'><strong>potestas</strong></span> <span class='ocrx_word' id='word_1_255' title='bbox 1828 3407 1881 3461; x_wconf 92' lang='lat' dir='ltr'><strong>in</strong></span> <span class='ocrx_word' id='word_1_256' title='bbox 1910 3407 2205 3481; x_wconf 81' lang='lat' dir='ltr'><strong>Evangelia</strong></span> 
     </span>
    </p>
   </div>
   <div class='ocr_carea' id='block_1_37' title="bbox 621 3487 2200 3570">
    <p class='ocr_par' dir='ltr' id='par_1_37' title="bbox 621 3487 2200 3570">
     <span class='ocr_line' id='line_1_37' title="bbox 621 3487 2200 3570; baseline 0.008 -28"><span class='ocrx_word' id='word_1_257' title='bbox 621 3487 894 3567; x_wconf 82' lang='lat' dir='ltr'><strong>discipulis</strong></span> <span class='ocrx_word' id='word_1_258' title='bbox 914 3490 1019 3547; x_wconf 81' lang='lat' dir='ltr'><strong>ait:</strong></span> <span class='ocrx_word' id='word_1_259' title='bbox 1038 3488 1148 3560; x_wconf 82' lang='lat' dir='ltr'><strong>Ego</strong></span> <span class='ocrx_word' id='word_1_260' title='bbox 1176 3506 1291 3545; x_wconf 82' lang='lat' dir='ltr'><strong>sum</strong></span> <span class='ocrx_word' id='word_1_261' title='bbox 1311 3492 1454 3556; x_wconf 79' lang='lat' dir='ltr'><strong>vitis,</strong></span> <span class='ocrx_word' id='word_1_262' title='bbox 1475 3501 1523 3546; x_wconf 89' lang='lat' dir='ltr'><strong>et</strong></span> <span class='ocrx_word' id='word_1_263' title='bbox 1552 3510 1639 3548; x_wconf 78' lang='lat' dir='ltr'><strong>vos</strong></span> <span class='ocrx_word' id='word_1_264' title='bbox 1668 3494 1907 3565; x_wconf 78' lang='lat' dir='ltr'><strong>palmites</strong></span> <span class='ocrx_word' id='word_1_265' title='bbox 1932 3500 2089 3563; x_wconf 86' lang='lat' dir='ltr'><strong>estis;</strong></span> <span class='ocrx_word' id='word_1_266' title='bbox 2109 3500 2200 3570; x_wconf 87' lang='lat' dir='ltr'><strong>qui</strong></span> 
     </span>
    </p>
   </div>
   <div class='ocr_carea' id='block_1_38' title="bbox 619 3579 2197 3655">
    <p class='ocr_par' dir='ltr' id='par_1_38' title="bbox 619 3579 2197 3655">
     <span class='ocr_line' id='line_1_38' title="bbox 619 3579 2197 3655; baseline 0.005 -20"><span class='ocrx_word' id='word_1_267' title='bbox 619 3586 794 3635; x_wconf 80' lang='lat' dir='ltr'><strong>manet</strong></span> <span class='ocrx_word' id='word_1_268' title='bbox 822 3579 878 3633; x_wconf 89' lang='lat' dir='ltr'><strong>in</strong></span> <span class='ocrx_word' id='word_1_269' title='bbox 906 3596 985 3633; x_wconf 88' lang='lat' dir='ltr'><strong>me</strong></span> <span class='ocrx_word' id='word_1_270' title='bbox 1009 3590 1057 3633; x_wconf 91' lang='lat' dir='ltr'><strong>et</strong></span> <span class='ocrx_word' id='word_1_271' title='bbox 1082 3596 1174 3649; x_wconf 78' lang='lat' dir='ltr'><strong>ego</strong></span> <span class='ocrx_word' id='word_1_272' title='bbox 1199 3580 1255 3634; x_wconf 90' lang='lat' dir='ltr'><strong>in</strong></span> <span class='ocrx_word' id='word_1_273' title='bbox 1281 3597 1364 3645; x_wconf 90' lang='lat' dir='ltr'><strong>eo,</strong></span> <span class='ocrx_word' id='word_1_274' title='bbox 1385 3582 1470 3635; x_wconf 90' lang='lat' dir='ltr'><strong>hic</strong></span> <span class='ocrx_word' id='word_1_275' title='bbox 1498 3582 1649 3650; x_wconf 80' lang='lat' dir='ltr'><strong>a/fert</strong></span> <span class='ocrx_word' id='word_1_276' title='bbox 1685 3584 1912 3653; x_wconf 80' lang='lat' dir='ltr'><strong>fructum</strong></span> <span class='ocrx_word' id='word_1_277' title='bbox 1934 3588 2157 3643; x_wconf 82' lang='lat' dir='ltr'><strong>multum</strong></span> <span class='ocrx_word' id='word_1_278' title='bbox 2179 3629 2197 3655; x_wconf 91' lang='lat'><strong>,</strong></span> 
     </span>
    </p>
   </div>
   <div class='ocr_carea' id='block_1_39' title="bbox 618 3667 2201 3750">
    <p class='ocr_par' dir='ltr' id='par_1_39' title="bbox 618 3667 2201 3750">
     <span class='ocr_line' id='line_1_39' title="bbox 618 3667 2201 3750; baseline 0.01 -29"><span class='ocrx_word' id='word_1_279' title='bbox 618 3667 744 3737; x_wconf 79' lang='lat' dir='ltr'><strong>qui’a</strong></span> <span class='ocrx_word' id='word_1_280' title='bbox 768 3670 879 3723; x_wconf 91' lang='lat' dir='ltr'><strong>sine</strong></span> <span class='ocrx_word' id='word_1_281' title='bbox 901 3685 984 3723; x_wconf 85' lang='lat' dir='ltr'><strong>me</strong></span> <span class='ocrx_word' id='word_1_282' title='bbox 1005 3669 1135 3723; x_wconf 90' lang='lat' dir='ltr'><strong>nihil</strong></span> <span class='ocrx_word' id='word_1_283' title='bbox 1170 3673 1384 3741; x_wconf 77' lang='lat' dir='ltr'><strong>potestis</strong></span> <span class='ocrx_word' id='word_1_284' title='bbox 1409 3672 1602 3741; x_wconf 78' lang='lat' dir='ltr'><strong>facere.</strong></span> <span class='ocrx_word' id='word_1_285' title='bbox 1648 3674 1717 3730; x_wconf 83' lang='lat' dir='ltr'><strong>Et</strong></span> <span class='ocrx_word' id='word_1_286' title='bbox 1743 3677 1901 3746; x_wconf 87' lang='lat' dir='ltr'><strong>paulo</strong></span> <span class='ocrx_word' id='word_1_287' title='bbox 1950 3682 2201 3750; x_wconf 82' lang='lat' dir='ltr'><strong>superius</strong></span> 
     </span>
    </p>
   </div>
   <div class='ocr_carea' id='block_1_40' title="bbox 620 3757 2198 3841">
    <p class='ocr_par' dir='ltr' id='par_1_40' title="bbox 620 3757 2198 3841">
     <span class='ocr_line' id='line_1_40' title="bbox 620 3757 2198 3841; baseline 0.011 -30"><span class='ocrx_word' id='word_1_288' title='bbox 620 3757 868 3812; x_wconf 78' lang='lat' dir='ltr'><strong>dixerat:</strong></span> <span class='ocrx_word' id='word_1_289' title='bbox 899 3757 1050 3812; x_wconf 80' lang='lat' dir='ltr'><strong>Sicut</strong></span> <span class='ocrx_word' id='word_1_290' title='bbox 1075 3759 1274 3829; x_wconf 87' lang='lat' dir='ltr'><strong>palmes</strong></span> <span class='ocrx_word' id='word_1_291' title='bbox 1301 3778 1404 3816; x_wconf 92' lang='lat' dir='ltr'><strong>non</strong></span> <span class='ocrx_word' id='word_1_292' title='bbox 1435 3772 1600 3833; x_wconf 78' lang='lat' dir='ltr'><strong>potest</strong></span> <span class='ocrx_word' id='word_1_293' title='bbox 1634 3765 1770 3834; x_wconf 76' lang='lat' dir='ltr'><strong>ferre</strong></span> <span class='ocrx_word' id='word_1_294' title='bbox 1799 3767 2030 3835; x_wconf 70' lang='lat' dir='ltr'><strong>fructum</strong></span> <span class='ocrx_word' id='word_1_295' title='bbox 2067 3790 2101 3827; x_wconf 92' lang='lat' dir='ltr'><strong>a</strong></span> <span class='ocrx_word' id='word_1_296' title='bbox 2120 3790 2198 3841; x_wconf 90' lang='lat' dir='ltr'><strong>se,</strong></span> 
     </span>
    </p>
   </div>
   <div class='ocr_carea' id='block_1_41' title="bbox 621 3847 2196 3921">
    <p class='ocr_par' dir='ltr' id='par_1_41' title="bbox 621 3847 2196 3921">
     <span class='ocr_line' id='line_1_41' title="bbox 621 3847 2196 3921; baseline 0.012 -21"><span class='ocrx_word' id='word_1_297' title='bbox 621 3847 724 3901; x_wconf 88' lang='lat' dir='ltr'><strong>nisi</strong></span> <span class='ocrx_word' id='word_1_298' title='bbox 765 3848 1010 3901; x_wconf 76' lang='lat' dir='ltr'><strong>manserit</strong></span> <span class='ocrx_word' id='word_1_299' title='bbox 1048 3849 1102 3901; x_wconf 87' lang='lat' dir='ltr'><strong>in</strong></span> <span class='ocrx_word' id='word_1_300' title='bbox 1140 3850 1269 3913; x_wconf 83' lang='lat' dir='ltr'><strong>vite;</strong></span> <span class='ocrx_word' id='word_1_301' title='bbox 1300 3852 1375 3905; x_wconf 89' lang='lat' dir='ltr'><strong>sic</strong></span> <span class='ocrx_word' id='word_1_302' title='bbox 1397 3862 1445 3905; x_wconf 87' lang='lat' dir='ltr'><strong>et</strong></span> <span class='ocrx_word' id='word_1_303' title='bbox 1473 3855 1562 3921; x_wconf 82' lang='lat' dir='ltr'><strong>qui</strong></span> <span class='ocrx_word' id='word_1_304' title='bbox 1590 3854 1644 3908; x_wconf 90' lang='lat' dir='ltr'><strong>in</strong></span> <span class='ocrx_word' id='word_1_305' title='bbox 1672 3872 1753 3909; x_wconf 89' lang='lat' dir='ltr'><strong>me</strong></span> <span class='ocrx_word' id='word_1_306' title='bbox 1784 3874 1888 3912; x_wconf 86' lang='lat' dir='ltr'><strong>non</strong></span> <span class='ocrx_word' id='word_1_307' title='bbox 1927 3865 2196 3919; x_wconf 77' lang='lat' dir='ltr'><strong>manserit.</strong></span> 
     </span>
    </p>
   </div>
   <div class='ocr_carea' id='block_1_42' title="bbox 621 3934 2198 4018">
    <p class='ocr_par' dir='ltr' id='par_1_42' title="bbox 621 3934 2198 4018">
     <span class='ocr_line' id='line_1_42' title="bbox 621 3934 2198 4018; baseline 0.011 -29"><span class='ocrx_word' id='word_1_308' title='bbox 621 3934 678 4009; x_wconf 84' lang='lat' dir='ltr'><strong>Si</strong></span> <span class='ocrx_word' id='word_1_309' title='bbox 707 3950 866 4003; x_wconf 83' lang='lat' dir='ltr'><strong>quem</strong></span> <span class='ocrx_word' id='word_1_310' title='bbox 901 3951 1030 3990; x_wconf 86' lang='lat' dir='ltr'><strong>vero</strong></span> <span class='ocrx_word' id='word_1_311' title='bbox 1055 3937 1195 3992; x_wconf 88' lang='lat' dir='ltr'><strong>scire</strong></span> <span class='ocrx_word' id='word_1_312' title='bbox 1225 3938 1456 3994; x_wconf 84' lang='lat' dir='ltr'><strong>delectat</strong></span> <span class='ocrx_word' id='word_1_313' title='bbox 1477 3942 1698 4010; x_wconf 83' lang='lat' dir='ltr'><strong>quidsit</strong></span> <span class='ocrx_word' id='word_1_314' title='bbox 1724 3960 1941 4003; x_wconf 87' lang='lat' dir='ltr'><strong>manere</strong></span> <span class='ocrx_word' id='word_1_315' title='bbox 1990 3949 2044 4003; x_wconf 91' lang='lat' dir='ltr'><strong>in</strong></span> <span class='ocrx_word' id='word_1_316' title='bbox 2090 3966 2157 4007; x_wconf 90' lang='lat' dir='ltr'><strong>eo</strong></span> <span class='ocrx_word' id='word_1_317' title='bbox 2180 3991 2198 4018; x_wconf 89' lang='lat'><strong>,</strong></span> 
     </span>
    </p>
   </div>
   <div class='ocr_carea' id='block_1_43' title="bbox 619 4025 2198 4105">
    <p class='ocr_par' dir='ltr' id='par_1_43' title="bbox 619 4025 2198 4105">
     <span class='ocr_line' id='line_1_43' title="bbox 619 4025 2198 4105; baseline 0.013 -28"><span class='ocrx_word' id='word_1_318' title='bbox 619 4025 806 4093; x_wconf 87' lang='lat' dir='ltr'><strong>audiat</strong></span> <span class='ocrx_word' id='word_1_319' title='bbox 833 4030 1008 4095; x_wconf 83' lang='lat' dir='ltr'><strong>ipsum</strong></span> <span class='ocrx_word' id='word_1_320' title='bbox 1050 4027 1317 4082; x_wconf 89' lang='lat' dir='ltr'><strong>dicentem</strong></span> <span class='ocrx_word' id='word_1_321' title='bbox 1345 4047 1356 4081; x_wconf 93' lang='lat'><strong>:</strong></span> <span class='ocrx_word' id='word_1_322' title='bbox 1384 4029 1532 4084; x_wconf 84' lang='lat' dir='ltr'><strong>Sicut</strong></span> <span class='ocrx_word' id='word_1_323' title='bbox 1558 4031 1742 4087; x_wconf 73' lang='lat' dir='ltr'><strong>dilexit</strong></span> <span class='ocrx_word' id='word_1_324' title='bbox 1785 4052 1865 4089; x_wconf 90' lang='lat' dir='ltr'><strong>me</strong></span> <span class='ocrx_word' id='word_1_325' title='bbox 1899 4036 2061 4093; x_wconf 87' lang='lat' dir='ltr'><strong>Pater</strong></span> <span class='ocrx_word' id='word_1_326' title='bbox 2083 4081 2098 4105; x_wconf 97' lang='lat'><strong>,</strong></span> <span class='ocrx_word' id='word_1_327' title='bbox 2148 4053 2198 4097; x_wconf 88' lang='lat' dir='ltr'><strong>et</strong></span> 
     </span>
    </p>
   </div>
   <div class='ocr_carea' id='block_1_44' title="bbox 515 4117 2199 4205">
    <p class='ocr_par' dir='ltr' id='par_1_44' title="bbox 515 4117 2199 4205">
     <span class='ocr_line' id='line_1_44' title="bbox 515 4117 2199 4205; baseline 0.01 -32"><span class='ocrx_word' id='word_1_328' title='bbox 515 4167 520 4173; x_wconf 86' lang='lat'><strong>.</strong></span> <span class='ocrx_word' id='word_1_329' title='bbox 618 4133 711 4193; x_wconf 75' lang='lat' dir='ltr'><strong>ego</strong></span> <span class='ocrx_word' id='word_1_330' title='bbox 740 4134 824 4172; x_wconf 83' lang='lat' dir='ltr'><strong>eos</strong></span> <span class='ocrx_word' id='word_1_331' title='bbox 855 4117 1035 4183; x_wconf 79' lang='lat' dir='ltr'><strong>dilexi,</strong></span> <span class='ocrx_word' id='word_1_332' title='bbox 1062 4129 1265 4177; x_wconf 85' lang='lat' dir='ltr'><strong>manete</strong></span> <span class='ocrx_word' id='word_1_333' title='bbox 1294 4121 1349 4176; x_wconf 89' lang='lat' dir='ltr'><strong>in</strong></span> <span class='ocrx_word' id='word_1_334' title='bbox 1376 4122 1651 4178; x_wconf 83' lang='lat' dir='ltr'><strong>dilectione</strong></span> <span class='ocrx_word' id='word_1_335' title='bbox 1692 4142 1840 4194; x_wconf 86' lang='lat' dir='ltr'><strong>mea;</strong></span> <span class='ocrx_word' id='word_1_336' title='bbox 1863 4130 1909 4183; x_wconf 86' lang='lat' dir='ltr'><strong>si</strong></span> <span class='ocrx_word' id='word_1_337' title='bbox 1941 4144 2199 4205; x_wconf 68' lang='lat' dir='ltr'><strong>praecepta</strong></span> 
     </span>
    </p>
   </div>
   <div class='ocr_carea' id='block_1_45' title="bbox 618 4209 2199 4285">
    <p class='ocr_par' dir='ltr' id='par_1_45' title="bbox 618 4209 2199 4285">
     <span class='ocr_line' id='line_1_45' title="bbox 618 4209 2199 4285; baseline 0.011 -24"><span class='ocrx_word' id='word_1_338' title='bbox 618 4223 734 4263; x_wconf 84' lang='lat' dir='ltr'><strong>mea</strong></span> <span class='ocrx_word' id='word_1_339' title='bbox 753 4209 1093 4273; x_wconf 80' lang='lat' dir='ltr'><strong>seruaveritis,</strong></span> <span class='ocrx_word' id='word_1_340' title='bbox 1117 4210 1388 4265; x_wconf 87' lang='lat' dir='ltr'><strong>manebitis</strong></span> <span class='ocrx_word' id='word_1_341' title='bbox 1414 4212 1468 4265; x_wconf 90' lang='lat' dir='ltr'><strong>in</strong></span> <span class='ocrx_word' id='word_1_342' title='bbox 1506 4212 1781 4270; x_wconf 85' lang='lat' dir='ltr'><strong>dilectione</strong></span> <span class='ocrx_word' id='word_1_343' title='bbox 1820 4235 1956 4285; x_wconf 89' lang='lat' dir='ltr'><strong>mea,</strong></span> <span class='ocrx_word' id='word_1_344' title='bbox 1986 4222 2120 4275; x_wconf 83' lang='lat' dir='ltr'><strong>sicut</strong></span> <span class='ocrx_word' id='word_1_345' title='bbox 2152 4233 2199 4279; x_wconf 86' lang='lat' dir='ltr'><strong>et</strong></span> 
     </span>
    </p>
   </div>
   <div class='ocr_carea' id='block_1_46' title="bbox 617 4298 2200 4379">
    <p class='ocr_par' dir='ltr' id='par_1_46' title="bbox 617 4298 2200 4379">
     <span class='ocr_line' id='line_1_46' title="bbox 617 4298 2200 4379; baseline 0.008 -24"><span class='ocrx_word' id='word_1_346' title='bbox 617 4316 712 4371; x_wconf 86' lang='lat' dir='ltr'><strong>ego</strong></span> <span class='ocrx_word' id='word_1_347' title='bbox 736 4298 917 4355; x_wconf 84' lang='lat' dir='ltr'><strong>Patris</strong></span> <span class='ocrx_word' id='word_1_348' title='bbox 942 4310 1201 4373; x_wconf 68' lang='lat' dir='ltr'><strong>praecepta</strong></span> <span class='ocrx_word' id='word_1_349' title='bbox 1236 4304 1433 4356; x_wconf 77' lang='lat' dir='ltr'><strong>seruaui</strong></span> <span class='ocrx_word' id='word_1_350' title='bbox 1456 4343 1472 4370; x_wconf 89' lang='lat'><strong>,</strong></span> <span class='ocrx_word' id='word_1_351' title='bbox 1525 4312 1574 4358; x_wconf 92' lang='lat' dir='ltr'><strong>et</strong></span> <span class='ocrx_word' id='word_1_352' title='bbox 1604 4321 1789 4362; x_wconf 85' lang='lat' dir='ltr'><strong>maneo</strong></span> <span class='ocrx_word' id='word_1_353' title='bbox 1826 4308 1881 4362; x_wconf 90' lang='lat' dir='ltr'><strong>in</strong></span> <span class='ocrx_word' id='word_1_354' title='bbox 1908 4311 2021 4379; x_wconf 85' lang='lat' dir='ltr'><strong>ejus</strong></span> <span class='ocrx_word' id='word_1_355' title='bbox 2069 4312 2200 4366; x_wconf 88' lang='lat' dir='ltr'><strong>dile-</strong></span> 
     </span>
    </p>
   </div>
   <div class='ocr_carea' id='block_1_47' title="bbox 618 4387 2197 4471">
    <p class='ocr_par' dir='ltr' id='par_1_47' title="bbox 618 4387 2197 4471">
     <span class='ocr_line' id='line_1_47' title="bbox 618 4387 2197 4471; baseline 0.01 -30"><span class='ocrx_word' id='word_1_356' title='bbox 618 4389 805 4442; x_wconf 82' lang='lat' dir='ltr'><strong>ctione.</strong></span> <span class='ocrx_word' id='word_1_357' title='bbox 826 4387 882 4443; x_wconf 90' lang='lat' dir='ltr'><strong>Si</strong></span> <span class='ocrx_word' id='word_1_358' title='bbox 909 4388 1031 4460; x_wconf 91' lang='lat' dir='ltr'><strong>quis</strong></span> <span class='ocrx_word' id='word_1_359' title='bbox 1056 4391 1222 4444; x_wconf 84' lang='lat' dir='ltr'><strong>etiam</strong></span> <span class='ocrx_word' id='word_1_360' title='bbox 1249 4406 1408 4447; x_wconf 89' lang='lat' dir='ltr'><strong>nosse</strong></span> <span class='ocrx_word' id='word_1_361' title='bbox 1429 4392 1700 4448; x_wconf 88' lang='lat' dir='ltr'><strong>desiderat</strong></span> <span class='ocrx_word' id='word_1_362' title='bbox 1727 4396 1900 4465; x_wconf 89' lang='lat' dir='ltr'><strong>qualis</strong></span> <span class='ocrx_word' id='word_1_363' title='bbox 1922 4408 1979 4455; x_wconf 91' lang='lat' dir='ltr'><strong>et</strong></span> <span class='ocrx_word' id='word_1_364' title='bbox 1996 4410 2197 4471; x_wconf 88' lang='lat' dir='ltr'><strong>quanta</strong></span> 
     </span>
    </p>
   </div>
   <div class='ocr_carea' id='block_1_48' title="bbox 617 4479 2197 4562">
    <p class='ocr_par' dir='ltr' id='par_1_48' title="bbox 617 4479 2197 4562">
     <span class='ocr_line' id='line_1_48' title="bbox 617 4479 2197 4562; baseline 0.01 -30"><span class='ocrx_word' id='word_1_365' title='bbox 617 4494 725 4535; x_wconf 90' lang='lat' dir='ltr'><strong>non</strong></span> <span class='ocrx_word' id='word_1_366' title='bbox 752 4479 1094 4535; x_wconf 89' lang='lat' dir='ltr'><strong>manentibus</strong></span> <span class='ocrx_word' id='word_1_367' title='bbox 1121 4479 1174 4534; x_wconf 89' lang='lat' dir='ltr'><strong>in</strong></span> <span class='ocrx_word' id='word_1_368' title='bbox 1205 4495 1270 4537; x_wconf 90' lang='lat' dir='ltr'><strong>eo</strong></span> <span class='ocrx_word' id='word_1_369' title='bbox 1311 4482 1591 4539; x_wconf 86' lang='lat' dir='ltr'><strong>immineat</strong></span> <span class='ocrx_word' id='word_1_370' title='bbox 1623 4501 1804 4556; x_wconf 64' lang='lat' dir='ltr'><strong>poena,</strong></span> <span class='ocrx_word' id='word_1_371' title='bbox 1834 4488 2016 4545; x_wconf 88' lang='lat' dir='ltr'><strong>audiat</strong></span> <span class='ocrx_word' id='word_1_372' title='bbox 2054 4492 2197 4562; x_wconf 85' lang='lat' dir='ltr'><strong>ejus-</strong></span> 
     </span>
    </p>
   </div>
   <div class='ocr_carea' id='block_1_49' title="bbox 618 4564 2195 4645">
    <p class='ocr_par' dir='ltr' id='par_1_49' title="bbox 618 4564 2195 4645">
     <span class='ocr_line' id='line_1_49' title="bbox 618 4564 2195 4645; baseline 0.011 -20"><span class='ocrx_word' id='word_1_373' title='bbox 618 4571 739 4633; x_wconf 84' lang='lat' dir='ltr'><strong>dem</strong></span> <span class='ocrx_word' id='word_1_374' title='bbox 764 4585 897 4627; x_wconf 85' lang='lat' dir='ltr'><strong>voce</strong></span> <span class='ocrx_word' id='word_1_375' title='bbox 926 4572 1241 4642; x_wconf 62' lang='lat' dir='ltr'><strong>praedictum</strong></span> <span class='ocrx_word' id='word_1_376' title='bbox 1264 4590 1276 4626; x_wconf 92' lang='lat'><strong>:</strong></span> <span class='ocrx_word' id='word_1_377' title='bbox 1306 4564 1369 4629; x_wconf 88' lang='lat' dir='ltr'><strong>Si</strong></span> <span class='ocrx_word' id='word_1_378' title='bbox 1388 4577 1505 4645; x_wconf 84' lang='lat' dir='ltr'><strong>quis</strong></span> <span class='ocrx_word' id='word_1_379' title='bbox 1526 4588 1702 4633; x_wconf 90' lang='lat' dir='ltr'><strong>autem</strong></span> <span class='ocrx_word' id='word_1_380' title='bbox 1732 4581 1787 4635; x_wconf 91' lang='lat' dir='ltr'><strong>in</strong></span> <span class='ocrx_word' id='word_1_381' title='bbox 1808 4598 1889 4639; x_wconf 90' lang='lat' dir='ltr'><strong>me</strong></span> <span class='ocrx_word' id='word_1_382' title='bbox 1913 4601 2016 4640; x_wconf 87' lang='lat' dir='ltr'><strong>non</strong></span> <span class='ocrx_word' id='word_1_383' title='bbox 2043 4603 2195 4642; x_wconf 88' lang='lat' dir='ltr'><strong>man-</strong></span> 
     </span>
    </p>
   </div>
   <div class='ocr_carea' id='block_1_50' title="bbox 616 4661 2191 4744">
    <p class='ocr_par' dir='ltr' id='par_1_50' title="bbox 616 4661 2191 4744">
     <span class='ocr_line' id='line_1_50' title="bbox 616 4661 2191 4744; baseline 0.011 -29"><span class='ocrx_word' id='word_1_384' title='bbox 616 4661 760 4726; x_wconf 86' lang='lat' dir='ltr'><strong>serit,</strong></span> <span class='ocrx_word' id='word_1_385' title='bbox 782 4662 1035 4744; x_wconf 77' lang='lat' dir='ltr'><strong>pmcisus</strong></span> <span class='ocrx_word' id='word_1_386' title='bbox 1069 4672 1141 4716; x_wconf 82' lang='lat' dir='ltr'><strong>est</strong></span> <span class='ocrx_word' id='word_1_387' title='bbox 1172 4664 1304 4718; x_wconf 88' lang='lat' dir='ltr'><strong>sicut</strong></span> <span class='ocrx_word' id='word_1_388' title='bbox 1340 4665 1539 4735; x_wconf 85' lang='lat' dir='ltr'><strong>palmes</strong></span> <span class='ocrx_word' id='word_1_389' title='bbox 1563 4708 1579 4733; x_wconf 91' lang='lat'><strong>,</strong></span> <span class='ocrx_word' id='word_1_390' title='bbox 1619 4679 1667 4722; x_wconf 88' lang='lat' dir='ltr'><strong>et</strong></span> <span class='ocrx_word' id='word_1_391' title='bbox 1695 4672 1883 4726; x_wconf 87' lang='lat' dir='ltr'><strong>missus</strong></span> <span class='ocrx_word' id='word_1_392' title='bbox 1910 4683 1986 4728; x_wconf 81' lang='lat' dir='ltr'><strong>est</strong></span> <span class='ocrx_word' id='word_1_393' title='bbox 2023 4674 2191 4744; x_wconf 82' lang='lat' dir='ltr'><strong>foras,</strong></span> 
     </span>
    </p>
   </div>
   <div class='ocr_carea' id='block_1_51' title="bbox 615 4738 2196 4835">
    <p class='ocr_par' dir='ltr' id='par_1_51' title="bbox 615 4738 2196 4835">
     <span class='ocr_line' id='line_1_51' title="bbox 615 4738 2196 4835; baseline 0.01 -30"><span class='ocrx_word' id='word_1_394' title='bbox 615 4760 664 4806; x_wconf 90' lang='lat' dir='ltr'><strong>et</strong></span> <span class='ocrx_word' id='word_1_395' title='bbox 693 4738 873 4817; x_wconf 82' lang='lat' dir='ltr'><strong>aruit;</strong></span> <span class='ocrx_word' id='word_1_396' title='bbox 915 4759 963 4806; x_wconf 91' lang='lat' dir='ltr'><strong>et</strong></span> <span class='ocrx_word' id='word_1_397' title='bbox 1008 4752 1303 4821; x_wconf 78' lang='lat' dir='ltr'><strong>colligentes</strong></span> <span class='ocrx_word' id='word_1_398' title='bbox 1330 4770 1418 4809; x_wconf 90' lang='lat' dir='ltr'><strong>eos</strong></span> <span class='ocrx_word' id='word_1_399' title='bbox 1459 4757 1515 4810; x_wconf 88' lang='lat' dir='ltr'><strong>in</strong></span> <span class='ocrx_word' id='word_1_400' title='bbox 1559 4759 1729 4835; x_wconf 87' lang='lat' dir='ltr'><strong>ignem</strong></span> <span class='ocrx_word' id='word_1_401' title='bbox 1758 4762 1990 4829; x_wconf 90' lang='lat' dir='ltr'><strong>mittunt,</strong></span> <span class='ocrx_word' id='word_1_402' title='bbox 2023 4738 2085 4819; x_wconf 27' lang='lat' dir='ltr'><strong>iet</strong></span> <span class='ocrx_word' id='word_1_403' title='bbox 2107 4738 2196 4821; x_wconf 52' lang='lat' dir='ltr'><strong>ar:-</strong></span> 
     </span>
    </p>
   </div>
   <div class='ocr_carea' id='block_1_52' title="bbox 616 4840 2195 4923">
    <p class='ocr_par' dir='ltr' id='par_1_52' title="bbox 616 4840 2195 4923">
     <span class='ocr_line' id='line_1_52' title="bbox 616 4840 2195 4923; baseline 0.009 -27"><span class='ocrx_word' id='word_1_404' title='bbox 616 4842 759 4897; x_wconf 89' lang='lat' dir='ltr'><strong>dent.</strong></span> <span class='ocrx_word' id='word_1_405' title='bbox 790 4840 910 4897; x_wconf 87' lang='lat' dir='ltr'><strong>Iam</strong></span> <span class='ocrx_word' id='word_1_406' title='bbox 935 4858 1066 4899; x_wconf 83' lang='lat' dir='ltr'><strong>vero</strong></span> <span class='ocrx_word' id='word_1_407' title='bbox 1101 4846 1245 4915; x_wconf 91' lang='lat' dir='ltr'><strong>quod</strong></span> <span class='ocrx_word' id='word_1_408' title='bbox 1271 4845 1337 4900; x_wconf 87' lang='lat' dir='ltr'><strong>de</strong></span> <span class='ocrx_word' id='word_1_409' title='bbox 1379 4849 1720 4905; x_wconf 87' lang='lat' dir='ltr'><strong>manentibus</strong></span> <span class='ocrx_word' id='word_1_410' title='bbox 1755 4850 1807 4905; x_wconf 91' lang='lat' dir='ltr'><strong>in</strong></span> <span class='ocrx_word' id='word_1_411' title='bbox 1838 4867 1905 4909; x_wconf 83' lang='lat' dir='ltr'><strong>eo</strong></span> <span class='ocrx_word' id='word_1_412' title='bbox 1926 4854 2040 4923; x_wconf 90' lang='lat' dir='ltr'><strong>ipse</strong></span> <span class='ocrx_word' id='word_1_413' title='bbox 2068 4857 2195 4911; x_wconf 86' lang='lat' dir='ltr'><strong>sub-</strong></span> 
     </span>
    </p>
   </div>
   <div class='ocr_carea' id='block_1_53' title="bbox 611 4933 2193 5014">
    <p class='ocr_par' dir='ltr' id='par_1_53' title="bbox 611 4933 2193 5014">
     <span class='ocr_line' id='line_1_53' title="bbox 611 4933 2193 5014; baseline 0.01 -27"><span class='ocrx_word' id='word_1_414' title='bbox 611 4933 790 5004; x_wconf 82' lang='lat' dir='ltr'><strong>jungit</strong></span> <span class='ocrx_word' id='word_1_415' title='bbox 813 4934 998 4991; x_wconf 86' lang='lat' dir='ltr'><strong>audire</strong></span> <span class='ocrx_word' id='word_1_416' title='bbox 1026 4935 1234 5006; x_wconf 81' lang='lat' dir='ltr'><strong>gratius</strong></span> <span class='ocrx_word' id='word_1_417' title='bbox 1260 4945 1427 5006; x_wconf 92' lang='lat' dir='ltr'><strong>puto:</strong></span> <span class='ocrx_word' id='word_1_418' title='bbox 1463 4935 1524 4992; x_wconf 88' lang='lat' dir='ltr'><strong>Si</strong></span> <span class='ocrx_word' id='word_1_419' title='bbox 1554 4943 1851 4998; x_wconf 89' lang='lat' dir='ltr'><strong>manseritis</strong></span> <span class='ocrx_word' id='word_1_420' title='bbox 1882 4945 1939 4999; x_wconf 91' lang='lat' dir='ltr'><strong>in</strong></span> <span class='ocrx_word' id='word_1_421' title='bbox 1976 4962 2058 5000; x_wconf 88' lang='lat' dir='ltr'><strong>me</strong></span> <span class='ocrx_word' id='word_1_422' title='bbox 2087 4987 2102 5014; x_wconf 90' lang='lat'><strong>,</strong></span> <span class='ocrx_word' id='word_1_423' title='bbox 2144 4958 2193 5002; x_wconf 91' lang='lat' dir='ltr'><strong>et</strong></span> 
     </span>
    </p>
   </div>
   <div class='ocr_carea' id='block_1_54' title="bbox 617 5022 2196 5103">
    <p class='ocr_par' dir='ltr' id='par_1_54' title="bbox 617 5022 2196 5103">
     <span class='ocr_line' id='line_1_54' title="bbox 617 5022 2196 5103; baseline 0.011 -29"><span class='ocrx_word' id='word_1_424' title='bbox 617 5022 770 5076; x_wconf 82' lang='lat' dir='ltr'><strong>verba</strong></span> <span class='ocrx_word' id='word_1_425' title='bbox 792 5040 908 5078; x_wconf 91' lang='lat' dir='ltr'><strong>mea</strong></span> <span class='ocrx_word' id='word_1_426' title='bbox 933 5026 990 5079; x_wconf 91' lang='lat' dir='ltr'><strong>in</strong></span> <span class='ocrx_word' id='word_1_427' title='bbox 1016 5024 1156 5080; x_wconf 83' lang='lat' dir='ltr'><strong>vobis</strong></span> <span class='ocrx_word' id='word_1_428' title='bbox 1178 5028 1463 5080; x_wconf 85' lang='lat' dir='ltr'><strong>manserint</strong></span> <span class='ocrx_word' id='word_1_429' title='bbox 1487 5066 1502 5093; x_wconf 90' lang='lat'><strong>,</strong></span> <span class='ocrx_word' id='word_1_430' title='bbox 1542 5030 1903 5103; x_wconf 86' lang='lat' dir='ltr'><strong>quodcumque</strong></span> <span class='ocrx_word' id='word_1_431' title='bbox 1931 5034 2196 5092; x_wconf 74' lang='lat' dir='ltr'><strong>volueritis</strong></span> 
     </span>
    </p>
   </div>
   <div class='ocr_carea' id='block_1_55' title="bbox 616 5114 2199 5196">
    <p class='ocr_par' dir='ltr' id='par_1_55' title="bbox 616 5114 2199 5196">
     <span class='ocr_line' id='line_1_55' title="bbox 616 5114 2199 5196; baseline 0.011 -30"><span class='ocrx_word' id='word_1_432' title='bbox 616 5114 793 5186; x_wconf 86' lang='lat' dir='ltr'><strong>petite,</strong></span> <span class='ocrx_word' id='word_1_433' title='bbox 819 5124 867 5168; x_wconf 88' lang='lat' dir='ltr'><strong>et</strong></span> <span class='ocrx_word' id='word_1_434' title='bbox 892 5115 981 5184; x_wconf 74' lang='lat' dir='ltr'><strong>ﬁet</strong></span> <span class='ocrx_word' id='word_1_435' title='bbox 1009 5117 1171 5173; x_wconf 77' lang='lat' dir='ltr'><strong>vobis.</strong></span> <span class='ocrx_word' id='word_1_436' title='bbox 1193 5116 1441 5173; x_wconf 86' lang='lat' dir='ltr'><strong>Christus</strong></span> <span class='ocrx_word' id='word_1_437' title='bbox 1466 5126 1646 5175; x_wconf 90' lang='lat' dir='ltr'><strong>autem</strong></span> <span class='ocrx_word' id='word_1_438' title='bbox 1669 5121 1856 5178; x_wconf 73' lang='lat' dir='ltr'><strong>Gncce</strong></span> <span class='ocrx_word' id='word_1_439' title='bbox 1899 5123 2199 5196; x_wconf 84' lang='lat' dir='ltr'><strong>Latineque</strong></span> 
     </span>
    </p>
   </div>
   <div class='ocr_carea' id='block_1_56' title="bbox 619 5203 2195 5281">
    <p class='ocr_par' dir='ltr' id='par_1_56' title="bbox 619 5203 2195 5281">
     <span class='ocr_line' id='line_1_56' title="bbox 619 5203 2195 5281; baseline 0.011 -25"><span class='ocrx_word' id='word_1_440' title='bbox 619 5203 815 5257; x_wconf 86' lang='lat' dir='ltr'><strong>dicitur</strong></span> <span class='ocrx_word' id='word_1_441' title='bbox 827 5212 1017 5275; x_wconf 85' lang='lat' dir='ltr'><strong>unctus</strong></span> <span class='ocrx_word' id='word_1_442' title='bbox 1031 5224 1045 5273; x_wconf 92' lang='lat'><strong>;</strong></span> <span class='ocrx_word' id='word_1_443' title='bbox 1064 5206 1163 5277; x_wconf 90' lang='lat' dir='ltr'><strong>ipsi</strong></span> <span class='ocrx_word' id='word_1_444' title='bbox 1185 5212 1329 5263; x_wconf 88' lang='lat' dir='ltr'><strong>enim</strong></span> <span class='ocrx_word' id='word_1_445' title='bbox 1342 5208 1612 5278; x_wconf 87' lang='lat' dir='ltr'><strong>Propheta</strong></span> <span class='ocrx_word' id='word_1_446' title='bbox 1624 5210 1675 5264; x_wconf 89' lang='lat' dir='ltr'><strong>in</strong></span> <span class='ocrx_word' id='word_1_447' title='bbox 1692 5212 1899 5281; x_wconf 89' lang='lat' dir='ltr'><strong>psalmo</strong></span> <span class='ocrx_word' id='word_1_448' title='bbox 1914 5216 2195 5273; x_wconf 88' lang='lat' dir='ltr'><strong>decantat:</strong></span> 
     </span>
    </p>
   </div>
   <div class='ocr_carea' id='block_1_57' title="bbox 618 5295 2199 5378">
    <p class='ocr_par' dir='ltr' id='par_1_57' title="bbox 618 5295 2199 5378">
     <span class='ocr_line' id='line_1_57' title="bbox 618 5295 2199 5378; baseline 0.009 -28"><span class='ocrx_word' id='word_1_449' title='bbox 618 5295 861 5352; x_wconf 77' lang='lat' dir='ltr'><strong>Dilexisti</strong></span> <span class='ocrx_word' id='word_1_450' title='bbox 874 5298 1139 5367; x_wconf 85' lang='lat' dir='ltr'><strong>justitiam</strong></span> <span class='ocrx_word' id='word_1_451' title='bbox 1166 5309 1214 5355; x_wconf 90' lang='lat' dir='ltr'><strong>et</strong></span> <span class='ocrx_word' id='word_1_452' title='bbox 1240 5300 1394 5356; x_wconf 84' lang='lat' dir='ltr'><strong>odisti</strong></span> <span class='ocrx_word' id='word_1_453' title='bbox 1416 5302 1740 5374; x_wconf 85' lang='lat' dir='ltr'><strong>iniquitatem</strong></span> <span class='ocrx_word' id='word_1_454' title='bbox 1762 5316 2074 5378; x_wconf 87' lang='lat' dir='ltr'><strong>;propterea</strong></span> <span class='ocrx_word' id='word_1_455' title='bbox 2100 5327 2199 5365; x_wconf 86' lang='lat' dir='ltr'><strong>un-</strong></span> 
     </span>
    </p>
   </div>
   <div class='ocr_carea' id='block_1_58' title="bbox 616 5387 2198 5466">
    <p class='ocr_par' dir='ltr' id='par_1_58' title="bbox 616 5387 2198 5466">
     <span class='ocr_line' id='line_1_58' title="bbox 616 5387 2198 5466; baseline 0.007 -23"><span class='ocrx_word' id='word_1_456' title='bbox 616 5391 695 5443; x_wconf 69' lang='lat' dir='ltr'><strong>xit</strong></span> <span class='ocrx_word' id='word_1_457' title='bbox 722 5397 771 5443; x_wconf 87' lang='lat' dir='ltr'><strong>te</strong></span> <span class='ocrx_word' id='word_1_458' title='bbox 798 5387 961 5452; x_wconf 84' lang='lat' dir='ltr'><strong>Deus,</strong></span> <span class='ocrx_word' id='word_1_459' title='bbox 981 5388 1125 5459; x_wconf 89' lang='lat' dir='ltr'><strong>Deus</strong></span> <span class='ocrx_word' id='word_1_460' title='bbox 1153 5400 1290 5455; x_wconf 90' lang='lat' dir='ltr'><strong>tuus,</strong></span> <span class='ocrx_word' id='word_1_461' title='bbox 1337 5392 1449 5447; x_wconf 91' lang='lat' dir='ltr'><strong>oleo</strong></span> <span class='ocrx_word' id='word_1_462' title='bbox 1492 5389 1688 5448; x_wconf 68' lang='lat' dir='ltr'><strong>la&#39;titiw</strong></span> <span class='ocrx_word' id='word_1_463' title='bbox 1720 5411 1831 5466; x_wconf 77' lang='lat' dir='ltr'><strong>pra:</strong></span> <span class='ocrx_word' id='word_1_464' title='bbox 1876 5398 2198 5456; x_wconf 82' lang='lat' dir='ltr'><strong>consortibus</strong></span> 
     </span>
    </p>
   </div>
   <div class='ocr_carea' id='block_1_59' title="bbox 617 5479 2199 5555">
    <p class='ocr_par' dir='ltr' id='par_1_59' title="bbox 617 5479 2199 5555">
     <span class='ocr_line' id='line_1_59' title="bbox 617 5479 2199 5555; baseline 0.008 -21"><span class='ocrx_word' id='word_1_465' title='bbox 617 5482 742 5536; x_wconf 85' lang='lat' dir='ltr'><strong>tuis.</strong></span> <span class='ocrx_word' id='word_1_466' title='bbox 769 5479 845 5535; x_wconf 90' lang='lat' dir='ltr'><strong>De</strong></span> <span class='ocrx_word' id='word_1_467' title='bbox 870 5480 986 5550; x_wconf 91' lang='lat' dir='ltr'><strong>ipso</strong></span> <span class='ocrx_word' id='word_1_468' title='bbox 1012 5480 1176 5535; x_wconf 87' lang='lat' dir='ltr'><strong>etiam</strong></span> <span class='ocrx_word' id='word_1_469' title='bbox 1217 5498 1458 5538; x_wconf 89' lang='lat' dir='ltr'><strong>summus</strong></span> <span class='ocrx_word' id='word_1_470' title='bbox 1499 5485 1863 5555; x_wconf 90' lang='lat' dir='ltr'><strong>apostolorum</strong></span> <span class='ocrx_word' id='word_1_471' title='bbox 1905 5487 2099 5545; x_wconf 90' lang='lat' dir='ltr'><strong>Petrus</strong></span> <span class='ocrx_word' id='word_1_472' title='bbox 2143 5491 2199 5545; x_wconf 89' lang='lat' dir='ltr'><strong>in</strong></span> 
     </span>
    </p>
   </div>
   <div class='ocr_carea' id='block_1_60' title="bbox 617 5556 2196 5647">
    <p class='ocr_par' dir='ltr' id='par_1_60' title="bbox 617 5556 2196 5647">
     <span class='ocr_line' id='line_1_60' title="bbox 617 5556 2196 5647; baseline 0.006 -23"><span class='ocrx_word' id='word_1_473' title='bbox 617 5556 840 5626; x_wconf 81' lang='lat' dir='ltr'><strong>Actibus</strong></span> <span class='ocrx_word' id='word_1_474' title='bbox 865 5567 1227 5639; x_wconf 86' lang='lat' dir='ltr'><strong>apostolorum</strong></span> <span class='ocrx_word' id='word_1_475' title='bbox 1255 5571 1323 5625; x_wconf 87' lang='lat' dir='ltr'><strong>ad</strong></span> <span class='ocrx_word' id='word_1_476' title='bbox 1340 5570 1659 5627; x_wconf 80' lang='lat' dir='ltr'><strong>Cornelium</strong></span> <span class='ocrx_word' id='word_1_477' title='bbox 1699 5582 1756 5628; x_wconf 90' lang='lat' dir='ltr'><strong>et</strong></span> <span class='ocrx_word' id='word_1_478' title='bbox 1780 5589 1873 5630; x_wconf 90' lang='lat' dir='ltr'><strong>eos</strong></span> <span class='ocrx_word' id='word_1_479' title='bbox 1900 5576 1992 5647; x_wconf 88' lang='lat' dir='ltr'><strong>qui</strong></span> <span class='ocrx_word' id='word_1_480' title='bbox 2013 5593 2196 5634; x_wconf 89' lang='lat' dir='ltr'><strong>secum</strong></span> 
     </span>
    </p>
   </div>
   <div class='ocr_carea' id='block_1_61' title="bbox 620 5657 2198 5737">
    <p class='ocr_par' dir='ltr' id='par_1_61' title="bbox 620 5657 2198 5737">
     <span class='ocr_line' id='line_1_61' title="bbox 620 5657 2198 5737; baseline 0.004 -24"><span class='ocrx_word' id='word_1_481' title='bbox 620 5661 843 5714; x_wconf 78' lang='lat' dir='ltr'><strong>aderant</strong></span> <span class='ocrx_word' id='word_1_482' title='bbox 869 5659 999 5715; x_wconf 87' lang='lat' dir='ltr'><strong>dicit</strong></span> <span class='ocrx_word' id='word_1_483' title='bbox 1023 5677 1035 5713; x_wconf 89' lang='lat'><strong>:</strong></span> <span class='ocrx_word' id='word_1_484' title='bbox 1076 5657 1179 5712; x_wconf 82' lang='lat' dir='ltr'><strong>Vos</strong></span> <span class='ocrx_word' id='word_1_485' title='bbox 1207 5660 1349 5713; x_wconf 86' lang='lat' dir='ltr'><strong>scitis</strong></span> <span class='ocrx_word' id='word_1_486' title='bbox 1372 5661 1511 5729; x_wconf 85' lang='lat' dir='ltr'><strong>quod</strong></span> <span class='ocrx_word' id='word_1_487' title='bbox 1536 5661 1733 5731; x_wconf 80' lang='lat' dir='ltr'><strong>factum</strong></span> <span class='ocrx_word' id='word_1_488' title='bbox 1760 5674 1835 5718; x_wconf 84' lang='lat' dir='ltr'><strong>cst</strong></span> <span class='ocrx_word' id='word_1_489' title='bbox 1869 5665 2074 5720; x_wconf 79' lang='lat' dir='ltr'><strong>uerbum</strong></span> <span class='ocrx_word' id='word_1_490' title='bbox 2104 5684 2198 5737; x_wconf 85' lang='lat' dir='ltr'><strong>per</strong></span> 
     </span>
    </p>
   </div>
   <div class='ocr_carea' id='block_1_62' title="bbox 619 5750 2191 5829">
    <p class='ocr_par' dir='ltr' id='par_1_62' title="bbox 619 5750 2191 5829">
     <span class='ocr_line' id='line_1_62' title="bbox 619 5750 2191 5829; baseline 0.007 -26"><span class='ocrx_word' id='word_1_491' title='bbox 619 5761 778 5806; x_wconf 85' lang='lat' dir='ltr'><strong>totam</strong></span> <span class='ocrx_word' id='word_1_492' title='bbox 804 5752 1079 5819; x_wconf 72' lang='lat' dir='ltr'><strong>luda‘am;</strong></span> <span class='ocrx_word' id='word_1_493' title='bbox 1111 5750 1362 5822; x_wconf 85' lang='lat' dir='ltr'><strong>incipicus</strong></span> <span class='ocrx_word' id='word_1_494' title='bbox 1391 5753 1527 5806; x_wconf 87' lang='lat' dir='ltr'><strong>enim</strong></span> <span class='ocrx_word' id='word_1_495' title='bbox 1550 5771 1581 5807; x_wconf 90' lang='lat' dir='ltr'><strong>a</strong></span> <span class='ocrx_word' id='word_1_496' title='bbox 1606 5753 1829 5810; x_wconf 73' lang='lat' dir='ltr'><strong>Calilrca</strong></span> <span class='ocrx_word' id='word_1_497' title='bbox 1856 5767 1966 5825; x_wconf 84' lang='lat' dir='ltr'><strong>post</strong></span> <span class='ocrx_word' id='word_1_498' title='bbox 1995 5757 2191 5829; x_wconf 86' lang='lat' dir='ltr'><strong>baptis-</strong></span> 
     </span>
    </p>
   </div>
   <div class='ocr_carea' id='block_1_63' title="bbox 2307 553 3689 646">
    <p class='ocr_par' dir='ltr' id='par_1_63' title="bbox 2307 553 3689 646">
     <span class='ocr_line' id='line_1_63' title="bbox 2307 553 3689 646; baseline 0.017 -41"><span class='ocrx_word' id='word_1_499' title='bbox 2307 553 2631 609; x_wconf 67' lang='lat' dir='ltr'><strong>modounxit</strong></span> <span class='ocrx_word' id='word_1_500' title='bbox 2652 571 2770 608; x_wconf 82' lang='lat' dir='ltr'><strong>eum</strong></span> <span class='ocrx_word' id='word_1_501' title='bbox 2797 554 3161 628; x_wconf 81' lang='lat' dir='ltr'><strong>Deus-Spiritu</strong></span> <span class='ocrx_word' id='word_1_502' title='bbox 3181 574 3340 617; x_wconf 80' lang='lat' dir='ltr'><strong>sancto</strong></span> <span class='ocrx_word' id='word_1_503' title='bbox 3359 576 3400 620; x_wconf 85' lang='lat' dir='ltr'><strong>et</strong></span> <span class='ocrx_word' id='word_1_504' title='bbox 3433 571 3590 637; x_wconf 77' lang='lat' dir='ltr'><strong>virtue;</strong></span> 
     </span>
    </p>
   </div>
   <div class='ocr_carea' id='block_1_64' title="bbox 2307 643 3691 737">
    <p class='ocr_par' dir='ltr' id='par_1_64' title="bbox 2307 643 3691 737">
     <span class='ocr_line' id='line_1_64' title="bbox 2307 643 3691 737; baseline 0.012 -41"><span class='ocrx_word' id='word_1_505' title='bbox 2307 643 2459 697; x_wconf 81' lang='lat' dir='ltr'><strong>enim</strong></span> <span class='ocrx_word' id='word_1_506' title='bbox 2479 644 2951 714; x_wconf 74' lang='lat' dir='ltr'><strong>Propheta&#39;oleum</strong></span> <span class='ocrx_word' id='word_1_507' title='bbox 2972 647 3165 705; x_wconf 68' lang='lat' dir='ltr'><strong>laetitia:</strong></span> <span class='ocrx_word' id='word_1_508' title='bbox 3181 692 3197 716; x_wconf 92' lang='lat'><strong>,</strong></span> <span class='ocrx_word' id='word_1_509' title='bbox 3244 653 3333 709; x_wconf 86' lang='lat' dir='ltr'><strong>hoc</strong></span> <span class='ocrx_word' id='word_1_510' title='bbox 3364 656 3575 728; x_wconf 82' lang='lat' dir='ltr'><strong>Apostolus</strong></span> <span class='ocrx_word' id='word_1_511' title='bbox 3596 643 3691 737; x_wconf 49' lang='lat' dir='ltr'><strong>sua;</strong></span> 
     </span>
    </p>
   </div>
   <div class='ocr_carea' id='block_1_65' title="bbox 2311 740 3691 817">
    <p class='ocr_par' dir='ltr' id='par_1_65' title="bbox 2311 740 3691 817">
     <span class='ocr_line' id='line_1_65' title="bbox 2311 740 3691 817; baseline 0.02 -28"><span class='ocrx_word' id='word_1_512' title='bbox 2311 745 2422 791; x_wconf 90' lang='lat' dir='ltr'><strong>tum</strong></span> <span class='ocrx_word' id='word_1_513' title='bbox 2445 746 2690 792; x_wconf 83' lang='lat' dir='ltr'><strong>sanctum</strong></span> <span class='ocrx_word' id='word_1_514' title='bbox 2714 746 2777 792; x_wconf 86' lang='lat' dir='ltr'><strong>et</strong></span> <span class='ocrx_word' id='word_1_515' title='bbox 2804 740 3059 796; x_wconf 81' lang='lat' dir='ltr'><strong>virtutem</strong></span> <span class='ocrx_word' id='word_1_516' title='bbox 3100 742 3189 799; x_wconf 83' lang='lat' dir='ltr'><strong>Dei</strong></span> <span class='ocrx_word' id='word_1_517' title='bbox 3222 748 3432 817; x_wconf 83' lang='lat' dir='ltr'><strong>appellat.</strong></span> <span class='ocrx_word' id='word_1_518' title='bbox 3453 751 3691 817; x_wconf 72' lang='lat' dir='ltr'><strong>Iehesusruo</strong></span> 
     </span>
    </p>
   </div>
   <div class='ocr_carea' id='block_1_66' title="bbox 2309 828 3693 920">
    <p class='ocr_par' dir='ltr' id='par_1_66' title="bbox 2309 828 3693 920">
     <span class='ocr_line' id='line_1_66' title="bbox 2309 828 3693 920; baseline 0.016 -39"><span class='ocrx_word' id='word_1_519' title='bbox 2309 828 2592 894; x_wconf 82' lang='lat' dir='ltr'><strong>Hebraiee,</strong></span> <span class='ocrx_word' id='word_1_520' title='bbox 2617 830 2805 887; x_wconf 89' lang='lat' dir='ltr'><strong>Latine</strong></span> <span class='ocrx_word' id='word_1_521' title='bbox 2833 831 3081 889; x_wconf 87' lang='lat' dir='ltr'><strong>Salvator</strong></span> <span class='ocrx_word' id='word_1_522' title='bbox 3103 836 3459 908; x_wconf 86' lang='lat' dir='ltr'><strong>interpretatur,</strong></span> <span class='ocrx_word' id='word_1_523' title='bbox 3477 849 3693 920; x_wconf 59' lang='lat' dir='ltr'><strong>modum</strong></span> 
     </span>
    </p>
   </div>
   <div class='ocr_carea' id='block_1_67' title="bbox 2307 920 3690 1000">
    <p class='ocr_par' dir='ltr' id='par_1_67' title="bbox 2307 920 3690 1000">
     <span class='ocr_line' id='line_1_67' title="bbox 2307 920 3690 1000; baseline 0.019 -28"><span class='ocrx_word' id='word_1_524' title='bbox 2307 920 2529 991; x_wconf 80' lang='lat' dir='ltr'><strong>angelus</strong></span> <span class='ocrx_word' id='word_1_525' title='bbox 2575 923 2642 977; x_wconf 87' lang='lat' dir='ltr'><strong>ad</strong></span> <span class='ocrx_word' id='word_1_526' title='bbox 2670 921 2869 995; x_wconf 90' lang='lat' dir='ltr'><strong>Ioseph</strong></span> <span class='ocrx_word' id='word_1_527' title='bbox 2902 924 2955 980; x_wconf 92' lang='lat' dir='ltr'><strong>in</strong></span> <span class='ocrx_word' id='word_1_528' title='bbox 2988 928 3197 983; x_wconf 84' lang='lat' dir='ltr'><strong>somnis</strong></span> <span class='ocrx_word' id='word_1_529' title='bbox 3230 929 3424 1000; x_wconf 85' lang='lat' dir='ltr'><strong>loquens</strong></span> <span class='ocrx_word' id='word_1_530' title='bbox 3462 935 3512 990; x_wconf 86' lang='lat' dir='ltr'><strong>de</strong></span> <span class='ocrx_word' id='word_1_531' title='bbox 3530 938 3690 998; x_wconf 68' lang='lat' dir='ltr'><strong>Mariae-</strong></span> 
     </span>
    </p>
   </div>
   <div class='ocr_carea' id='block_1_68' title="bbox 2307 1012 3693 1087">
    <p class='ocr_par' dir='ltr' id='par_1_68' title="bbox 2307 1012 3693 1087">
     <span class='ocr_line' id='line_1_68' title="bbox 2307 1012 3693 1087; baseline 0.012 -24"><span class='ocrx_word' id='word_1_532' title='bbox 2307 1017 2480 1065; x_wconf 82' lang='lat' dir='ltr'><strong>statur</strong></span> <span class='ocrx_word' id='word_1_533' title='bbox 2514 1026 2636 1066; x_wconf 89' lang='lat' dir='ltr'><strong>cum</strong></span> <span class='ocrx_word' id='word_1_534' title='bbox 2683 1014 2761 1067; x_wconf 85' lang='lat' dir='ltr'><strong>ait</strong></span> <span class='ocrx_word' id='word_1_535' title='bbox 2784 1032 2805 1065; x_wconf 62' lang='grc' dir='ltr'><strong>ι</strong></span> <span class='ocrx_word' id='word_1_536' title='bbox 2833 1012 3010 1069; x_wconf 84' lang='lat' dir='ltr'><strong>Pariet</strong></span> <span class='ocrx_word' id='word_1_537' title='bbox 3041 1026 3208 1071; x_wconf 87' lang='lat' dir='ltr'><strong>autem</strong></span> <span class='ocrx_word' id='word_1_538' title='bbox 3226 1020 3375 1087; x_wconf 78' lang='lat' dir='ltr'><strong>ﬁliam</strong></span> <span class='ocrx_word' id='word_1_539' title='bbox 3400 1063 3412 1085; x_wconf 85' lang='lat'><strong>,</strong></span> <span class='ocrx_word' id='word_1_540' title='bbox 3445 1029 3693 1085; x_wconf 70' lang='lat' dir='ltr'><strong>ctrocaiim.</strong></span> 
     </span>
    </p>
   </div>
   <div class='ocr_carea' id='block_1_69' title="bbox 2307 1101 3694 1188">
    <p class='ocr_par' dir='ltr' id='par_1_69' title="bbox 2307 1101 3694 1188">
     <span class='ocr_line' id='line_1_69' title="bbox 2307 1101 3694 1188; baseline 0.012 -35"><span class='ocrx_word' id='word_1_541' title='bbox 2307 1115 2428 1154; x_wconf 90' lang='lat' dir='ltr'><strong>men</strong></span> <span class='ocrx_word' id='word_1_542' title='bbox 2450 1101 2565 1170; x_wconf 83' lang='lat' dir='ltr'><strong>ejus</strong></span> <span class='ocrx_word' id='word_1_543' title='bbox 2589 1101 2835 1157; x_wconf 83' lang='lat' dir='ltr'><strong>Jehesum</strong></span> <span class='ocrx_word' id='word_1_544' title='bbox 2860 1121 2879 1168; x_wconf 87' lang='lat'><em>;</em></span> <span class='ocrx_word' id='word_1_545' title='bbox 2911 1105 3021 1175; x_wconf 89' lang='lat' dir='ltr'><strong>ipse</strong></span> <span class='ocrx_word' id='word_1_546' title='bbox 3052 1107 3186 1162; x_wconf 86' lang='lat' dir='ltr'><strong>enim</strong></span> <span class='ocrx_word' id='word_1_547' title='bbox 3213 1110 3390 1165; x_wconf 76' lang='lat' dir='ltr'><strong>solemn</strong></span> <span class='ocrx_word' id='word_1_548' title='bbox 3418 1113 3533 1182; x_wconf 74' lang='lat' dir='ltr'><strong>faciet</strong></span> <span class='ocrx_word' id='word_1_549' title='bbox 3554 1120 3694 1188; x_wconf 62' lang='lat' dir='ltr'><strong>popula</strong></span> 
     </span>
    </p>
   </div>
   <div class='ocr_carea' id='block_1_70' title="bbox 2306 1192 3696 1273">
    <p class='ocr_par' dir='ltr' id='par_1_70' title="bbox 2306 1192 3696 1273">
     <span class='ocr_line' id='line_1_70' title="bbox 2306 1192 3696 1273; baseline 0.012 -30"><span class='ocrx_word' id='word_1_550' title='bbox 2306 1206 2461 1244; x_wconf 81' lang='lat' dir='ltr'><strong>suum</strong></span> <span class='ocrx_word' id='word_1_551' title='bbox 2481 1208 2515 1245; x_wconf 89' lang='lat' dir='ltr'><strong>a</strong></span> <span class='ocrx_word' id='word_1_552' title='bbox 2535 1192 2767 1261; x_wconf 74' lang='lat' dir='ltr'><strong>peccatis</strong></span> <span class='ocrx_word' id='word_1_553' title='bbox 2784 1211 2987 1249; x_wconf 84' lang='lat' dir='ltr'><strong>eorum.</strong></span> <span class='ocrx_word' id='word_1_554' title='bbox 3032 1197 3232 1254; x_wconf 88' lang='lat' dir='ltr'><strong>Dehinc</strong></span> <span class='ocrx_word' id='word_1_555' title='bbox 3256 1210 3496 1273; x_wconf 79' lang='lat' dir='ltr'><strong>antequam</strong></span> <span class='ocrx_word' id='word_1_556' title='bbox 3520 1215 3696 1265; x_wconf 77' lang='lat' dir='ltr'><strong>comi.</strong></span> 
     </span>
    </p>
   </div>
   <div class='ocr_carea' id='block_1_71' title="bbox 2306 1279 3335 1352">
    <p class='ocr_par' dir='ltr' id='par_1_71' title="bbox 2306 1279 3335 1352">
     <span class='ocr_line' id='line_1_71' title="bbox 2306 1279 3335 1352; baseline 0.008 -17"><span class='ocrx_word' id='word_1_557' title='bbox 2306 1290 2480 1346; x_wconf 81' lang='lat' dir='ltr'><strong>eetur,</strong></span> <span class='ocrx_word' id='word_1_558' title='bbox 2505 1279 2777 1337; x_wconf 82' lang='lat' dir='ltr'><strong>exclamat</strong></span> <span class='ocrx_word' id='word_1_559' title='bbox 2793 1286 3071 1352; x_wconf 71' lang='lat' dir='ltr'><strong>sacerdos,</strong></span> <span class='ocrx_word' id='word_1_560' title='bbox 3092 1296 3150 1343; x_wconf 91' lang='lat' dir='ltr'><strong>et</strong></span> <span class='ocrx_word' id='word_1_561' title='bbox 3172 1288 3297 1345; x_wconf 90' lang='lat' dir='ltr'><strong>dicit</strong></span> <span class='ocrx_word' id='word_1_562' title='bbox 3314 1308 3335 1343; x_wconf 84' lang='lat'><strong>:</strong></span> 
     </span>
    </p>
   </div>
   <div class='ocr_carea' id='block_1_72' title="bbox 2615 1416 3521 1497">
    <p class='ocr_par' dir='ltr' id='par_1_72' title="bbox 2615 1416 3521 1497">
     <span class='ocr_line' id='line_1_72' title="bbox 2615 1416 3521 1497; baseline 0.014 -25"><span class='ocrx_word' id='word_1_563' title='bbox 2615 1416 2730 1474; x_wconf 65' lang='lat' dir='ltr'><strong>Pax</strong></span> <span class='ocrx_word' id='word_1_564' title='bbox 2762 1419 2977 1476; x_wconf 86' lang='lat' dir='ltr'><strong>Domini</strong></span> <span class='ocrx_word' id='word_1_565' title='bbox 3003 1424 3069 1477; x_wconf 86' lang='lat' dir='ltr'><strong>sit</strong></span> <span class='ocrx_word' id='word_1_566' title='bbox 3087 1440 3279 1497; x_wconf 74' lang='lat' dir='ltr'><strong>scalper</strong></span> <span class='ocrx_word' id='word_1_567' title='bbox 3296 1428 3521 1491; x_wconf 62' lang='lat' dir='ltr'><strong>militum.</strong></span> 
     </span>
    </p>
   </div>
   <div class='ocr_carea' id='block_1_73' title="bbox 2378 1529 3695 1617">
    <p class='ocr_par' dir='ltr' id='par_1_73' title="bbox 2378 1529 3695 1617">
     <span class='ocr_line' id='line_1_73' title="bbox 2378 1529 3695 1617; baseline 0.016 -35"><span class='ocrx_word' id='word_1_568' title='bbox 2378 1529 2527 1584; x_wconf 72' lang='lat' dir='ltr'><strong>Nihil</strong></span> <span class='ocrx_word' id='word_1_569' title='bbox 2540 1531 2685 1586; x_wconf 90' lang='lat' dir='ltr'><strong>enim</strong></span> <span class='ocrx_word' id='word_1_570' title='bbox 2711 1533 2827 1587; x_wconf 90' lang='lat' dir='ltr'><strong>sine</strong></span> <span class='ocrx_word' id='word_1_571' title='bbox 2850 1548 2987 1604; x_wconf 80' lang='lat' dir='ltr'><strong>pace</strong></span> <span class='ocrx_word' id='word_1_572' title='bbox 3011 1535 3266 1605; x_wconf 87' lang='lat' dir='ltr'><strong>placitum</strong></span> <span class='ocrx_word' id='word_1_573' title='bbox 3291 1539 3386 1596; x_wconf 86' lang='lat' dir='ltr'><strong>Deo</strong></span> <span class='ocrx_word' id='word_1_574' title='bbox 3403 1552 3485 1607; x_wconf 84' lang='lat' dir='ltr'><strong>est,</strong></span> <span class='ocrx_word' id='word_1_575' title='bbox 3499 1560 3567 1600; x_wconf 82' lang='lat' dir='ltr'><strong>nec</strong></span> <span class='ocrx_word' id='word_1_576' title='bbox 3585 1548 3695 1617; x_wconf 72' lang='lat' dir='ltr'><strong>ilkqsi</strong></span> 
     </span>
    </p>
   </div>
   <div class='ocr_carea' id='block_1_74' title="bbox 2306 1620 3783 1709">
    <p class='ocr_par' dir='ltr' id='par_1_74' title="bbox 2306 1620 3783 1709">
     <span class='ocr_line' id='line_1_74' title="bbox 2306 1620 3783 1709; baseline 0.014 -36"><span class='ocrx_word' id='word_1_577' title='bbox 2306 1621 2445 1675; x_wconf 73' lang='lat' dir='ltr'><strong>dixit</strong></span> <span class='ocrx_word' id='word_1_578' title='bbox 2469 1640 2481 1675; x_wconf 94' lang='lat'><strong>:</strong></span> <span class='ocrx_word' id='word_1_579' title='bbox 2515 1620 2620 1687; x_wconf 71' lang='lat' dir='ltr'><strong>Qui</strong></span> <span class='ocrx_word' id='word_1_580' title='bbox 2654 1626 2941 1680; x_wconf 77' lang='lat' dir='ltr'><strong>manducet</strong></span> <span class='ocrx_word' id='word_1_581' title='bbox 2971 1635 3183 1682; x_wconf 82' lang='lat' dir='ltr'><strong>carnem</strong></span> <span class='ocrx_word' id='word_1_582' title='bbox 3210 1646 3383 1697; x_wconf 78' lang='lat' dir='ltr'><strong>meam,</strong></span> <span class='ocrx_word' id='word_1_583' title='bbox 3405 1644 3443 1686; x_wconf 83' lang='lat' dir='ltr'><strong>et</strong></span> <span class='ocrx_word' id='word_1_584' title='bbox 3469 1635 3558 1689; x_wconf 80' lang='lat' dir='ltr'><strong>bibit</strong></span> <span class='ocrx_word' id='word_1_585' title='bbox 3577 1643 3696 1709; x_wconf 61' lang='lat' dir='ltr'><strong>arpi.</strong></span> <span class='ocrx_word' id='word_1_586' title='bbox 3782 1638 3783 1709; x_wconf 62' lang='grc' dir='ltr'><em>ξ</em></span> 
     </span>
    </p>
   </div>
   <div class='ocr_carea' id='block_1_75' title="bbox 2306 1714 3783 1793">
    <p class='ocr_par' dir='ltr' id='par_1_75' title="bbox 2306 1714 3783 1793">
     <span class='ocr_line' id='line_1_75' title="bbox 2306 1714 3783 1793; baseline 0.014 -31"><span class='ocrx_word' id='word_1_587' title='bbox 2306 1726 2422 1764; x_wconf 85' lang='lat' dir='ltr'><strong>nem</strong></span> <span class='ocrx_word' id='word_1_588' title='bbox 2442 1727 2637 1776; x_wconf 84' lang='lat' dir='ltr'><strong>meum,</strong></span> <span class='ocrx_word' id='word_1_589' title='bbox 2668 1714 2723 1766; x_wconf 90' lang='lat' dir='ltr'><strong>in</strong></span> <span class='ocrx_word' id='word_1_590' title='bbox 2746 1730 2827 1768; x_wconf 85' lang='lat' dir='ltr'><strong>me</strong></span> <span class='ocrx_word' id='word_1_591' title='bbox 2855 1725 3033 1770; x_wconf 87' lang='lat' dir='ltr'><strong>manet</strong></span> <span class='ocrx_word' id='word_1_592' title='bbox 3083 1727 3133 1773; x_wconf 84' lang='lat' dir='ltr'><strong>ct</strong></span> <span class='ocrx_word' id='word_1_593' title='bbox 3167 1736 3256 1790; x_wconf 81' lang='lat' dir='ltr'><strong>ego</strong></span> <span class='ocrx_word' id='word_1_594' title='bbox 3278 1722 3475 1786; x_wconf 77' lang='lat' dir='ltr'><strong>ince,iu</strong></span> <span class='ocrx_word' id='word_1_595' title='bbox 3505 1728 3611 1780; x_wconf 79' lang='lat' dir='ltr'><strong>surde</strong></span> <span class='ocrx_word' id='word_1_596' title='bbox 3638 1746 3696 1781; x_wconf 65' lang='grc' dir='ltr'><strong>ω-</strong></span> <span class='ocrx_word' id='word_1_597' title='bbox 3782 1788 3783 1793; x_wconf 29' lang='grc' dir='ltr'><strong>η</strong></span> 
     </span>
    </p>
   </div>
   <div class='ocr_carea' id='block_1_76' title="bbox 2306 1804 3783 1881">
    <p class='ocr_par' dir='ltr' id='par_1_76' title="bbox 2306 1804 3783 1881">
     <span class='ocr_line' id='line_1_76' title="bbox 2306 1804 3783 1881; baseline 0.014 -26"><span class='ocrx_word' id='word_1_598' title='bbox 2306 1814 2438 1857; x_wconf 86' lang='lat' dir='ltr'><strong>nere</strong></span> <span class='ocrx_word' id='word_1_599' title='bbox 2463 1811 2639 1873; x_wconf 88' lang='lat' dir='ltr'><strong>potest</strong></span> <span class='ocrx_word' id='word_1_600' title='bbox 2652 1806 2793 1861; x_wconf 89' lang='lat' dir='ltr'><strong>odiis</strong></span> <span class='ocrx_word' id='word_1_601' title='bbox 2816 1822 2879 1863; x_wconf 86' lang='lat' dir='ltr'><strong>ac</strong></span> <span class='ocrx_word' id='word_1_602' title='bbox 2903 1809 3320 1868; x_wconf 86' lang='lat' dir='ltr'><strong>dissensionibus</strong></span> <span class='ocrx_word' id='word_1_603' title='bbox 3341 1816 3566 1881; x_wconf 79' lang='lat' dir='ltr'><strong>mawlato;</strong></span> <span class='ocrx_word' id='word_1_604' title='bbox 3584 1831 3695 1874; x_wconf 73' lang='lat' dir='ltr'><strong>nonest</strong></span> <span class='ocrx_word' id='word_1_605' title='bbox 3782 1804 3783 1881; x_wconf 44' lang='grc' dir='ltr'><strong>ἦ</strong></span> 
     </span>
    </p>
   </div>
   <div class='ocr_carea' id='block_1_77' title="bbox 2307 1893 3783 1979">
    <p class='ocr_par' dir='ltr' id='par_1_77' title="bbox 2307 1893 3783 1979">
     <span class='ocr_line' id='line_1_77' title="bbox 2307 1893 3783 1979; baseline 0.012 -30"><span class='ocrx_word' id='word_1_606' title='bbox 2307 1895 2451 1949; x_wconf 87' lang='lat' dir='ltr'><strong>enim</strong></span> <span class='ocrx_word' id='word_1_607' title='bbox 2472 1893 2614 1950; x_wconf 89' lang='lat' dir='ltr'><strong>Deus</strong></span> <span class='ocrx_word' id='word_1_608' title='bbox 2631 1896 3009 1966; x_wconf 80' lang='lat' dir='ltr'><strong>dissensionis,</strong></span> <span class='ocrx_word' id='word_1_609' title='bbox 3030 1903 3124 1957; x_wconf 88' lang='lat' dir='ltr'><strong>sed</strong></span> <span class='ocrx_word' id='word_1_610' title='bbox 3144 1904 3301 1974; x_wconf 87' lang='lat' dir='ltr'><strong>pacis.</strong></span> <span class='ocrx_word' id='word_1_611' title='bbox 3316 1904 3429 1961; x_wconf 84' lang='lat' dir='ltr'><strong>Orat</strong></span> <span class='ocrx_word' id='word_1_612' title='bbox 3448 1923 3543 1979; x_wconf 76' lang='lat' dir='ltr'><strong>ergo</strong></span> <span class='ocrx_word' id='word_1_613' title='bbox 3558 1913 3699 1965; x_wconf 62' lang='lat' dir='ltr'><strong>suum</strong></span> <span class='ocrx_word' id='word_1_614' title='bbox 3782 1902 3783 1931; x_wconf 30' lang='grc' dir='ltr'>ξ</span> 
     </span>
    </p>
   </div>
   <div class='ocr_carea' id='block_1_78' title="bbox 2305 1990 3783 2068">
    <p class='ocr_par' dir='ltr' id='par_1_78' title="bbox 2305 1990 3783 2068">
     <span class='ocr_line' id='line_1_78' title="bbox 2305 1990 3783 2068; baseline 0.011 -28"><span class='ocrx_word' id='word_1_615' title='bbox 2305 1998 2366 2040; x_wconf 83' lang='lat' dir='ltr'><strong>ac</strong></span> <span class='ocrx_word' id='word_1_616' title='bbox 2396 1994 2692 2054; x_wconf 64' lang='lat' dir='ltr'><strong>praemonet</strong></span> <span class='ocrx_word' id='word_1_617' title='bbox 2710 1997 2771 2043; x_wconf 90' lang='lat' dir='ltr'><strong>ut</strong></span> <span class='ocrx_word' id='word_1_618' title='bbox 2795 2004 2902 2059; x_wconf 78' lang='lat' dir='ltr'><strong>pax</strong></span> <span class='ocrx_word' id='word_1_619' title='bbox 2933 1990 3148 2048; x_wconf 87' lang='lat' dir='ltr'><strong>Domini</strong></span> <span class='ocrx_word' id='word_1_620' title='bbox 3191 1995 3261 2049; x_wconf 86' lang='lat' dir='ltr'><strong>sit</strong></span> <span class='ocrx_word' id='word_1_621' title='bbox 3284 1996 3528 2061; x_wconf 72' lang='lat' dir='ltr'><strong>nobiscum,</strong></span> <span class='ocrx_word' id='word_1_622' title='bbox 3548 2009 3699 2068; x_wconf 70' lang='lat' dir='ltr'><strong>quam</strong></span> <span class='ocrx_word' id='word_1_623' title='bbox 3782 2024 3783 2041; x_wconf 63' lang='grc' dir='ltr'>ι</span> 
     </span>
    </p>
   </div>
   <div class='ocr_carea' id='block_1_79' title="bbox 2303 2077 3701 2159">
    <p class='ocr_par' dir='ltr' id='par_1_79' title="bbox 2303 2077 3701 2159">
     <span class='ocr_line' id='line_1_79' title="bbox 2303 2077 3701 2159; baseline 0.011 -31"><span class='ocrx_word' id='word_1_624' title='bbox 2303 2077 2576 2146; x_wconf 86' lang='lat' dir='ltr'><strong>perceptio</strong></span> <span class='ocrx_word' id='word_1_625' title='bbox 2598 2081 2926 2135; x_wconf 84' lang='lat' dir='ltr'><strong>sacrosancti</strong></span> <span class='ocrx_word' id='word_1_626' title='bbox 2979 2085 3226 2153; x_wconf 87' lang='lat' dir='ltr'><strong>corporis</strong></span> <span class='ocrx_word' id='word_1_627' title='bbox 3247 2093 3299 2142; x_wconf 90' lang='lat' dir='ltr'><strong>et</strong></span> <span class='ocrx_word' id='word_1_628' title='bbox 3336 2089 3555 2159; x_wconf 75' lang='lat' dir='ltr'><strong>sanguinis</strong></span> <span class='ocrx_word' id='word_1_629' title='bbox 3583 2088 3701 2144; x_wconf 72' lang='lat' dir='ltr'><strong>Donni</strong></span> 
     </span>
    </p>
   </div>
   <div class='ocr_carea' id='block_1_80' title="bbox 2303 2165 3698 2239">
    <p class='ocr_par' dir='ltr' id='par_1_80' title="bbox 2303 2165 3698 2239">
     <span class='ocr_line' id='line_1_80' title="bbox 2303 2165 3698 2239; baseline 0.01 -20"><span class='ocrx_word' id='word_1_630' title='bbox 2303 2166 2479 2239; x_wconf 84' lang='lat' dir='ltr'><strong>nostri</strong></span> <span class='ocrx_word' id='word_1_631' title='bbox 2498 2165 2694 2223; x_wconf 84' lang='lat' dir='ltr'><strong>Iebesu</strong></span> <span class='ocrx_word' id='word_1_632' title='bbox 2722 2168 2925 2225; x_wconf 86' lang='lat' dir='ltr'><strong>Christi</strong></span> <span class='ocrx_word' id='word_1_633' title='bbox 2952 2168 3060 2226; x_wconf 77' lang='lat' dir='ltr'><strong>nun</strong></span> <span class='ocrx_word' id='word_1_634' title='bbox 3086 2174 3153 2228; x_wconf 88' lang='lat' dir='ltr'><strong>ad</strong></span> <span class='ocrx_word' id='word_1_635' title='bbox 3188 2183 3378 2232; x_wconf 81' lang='lat' dir='ltr'><strong>reatum</strong></span> <span class='ocrx_word' id='word_1_636' title='bbox 3404 2178 3479 2232; x_wconf 87' lang='lat' dir='ltr'><strong>sed</strong></span> <span class='ocrx_word' id='word_1_637' title='bbox 3498 2179 3546 2231; x_wconf 80' lang='lat' dir='ltr'><strong>ad</strong></span> <span class='ocrx_word' id='word_1_638' title='bbox 3579 2180 3698 2232; x_wconf 77' lang='lat' dir='ltr'><strong>solutio-</strong></span> 
     </span>
    </p>
   </div>
   <div class='ocr_carea' id='block_1_81' title="bbox 2303 2257 3699 2335">
    <p class='ocr_par' dir='ltr' id='par_1_81' title="bbox 2303 2257 3699 2335">
     <span class='ocr_line' id='line_1_81' title="bbox 2303 2257 3699 2335; baseline 0.008 -26"><span class='ocrx_word' id='word_1_639' title='bbox 2303 2271 2429 2310; x_wconf 81' lang='lat' dir='ltr'><strong>nem</strong></span> <span class='ocrx_word' id='word_1_640' title='bbox 2472 2257 2626 2313; x_wconf 88' lang='lat' dir='ltr'><strong>nobis</strong></span> <span class='ocrx_word' id='word_1_641' title='bbox 2649 2261 2890 2314; x_wconf 88' lang='lat' dir='ltr'><strong>omnium</strong></span> <span class='ocrx_word' id='word_1_642' title='bbox 2926 2262 3180 2332; x_wconf 87' lang='lat' dir='ltr'><strong>proﬁciat</strong></span> <span class='ocrx_word' id='word_1_643' title='bbox 3226 2275 3537 2335; x_wconf 86' lang='lat' dir='ltr'><strong>peccatorum:</strong></span> <span class='ocrx_word' id='word_1_644' title='bbox 3567 2270 3699 2333; x_wconf 69' lang='lat' dir='ltr'><strong>qucu-</strong></span> 
     </span>
    </p>
   </div>
   <div class='ocr_carea' id='block_1_82' title="bbox 2300 2347 3698 2424">
    <p class='ocr_par' dir='ltr' id='par_1_82' title="bbox 2300 2347 3698 2424">
     <span class='ocr_line' id='line_1_82' title="bbox 2300 2347 3698 2424; baseline 0.007 -27"><span class='ocrx_word' id='word_1_645' title='bbox 2300 2360 2399 2415; x_wconf 87' lang='lat' dir='ltr'><strong>que</strong></span> <span class='ocrx_word' id='word_1_646' title='bbox 2435 2347 2573 2399; x_wconf 88' lang='lat' dir='ltr'><strong>enim</strong></span> <span class='ocrx_word' id='word_1_647' title='bbox 2616 2348 3008 2404; x_wconf 80' lang='lat' dir='ltr'><strong>manducauerit</strong></span> <span class='ocrx_word' id='word_1_648' title='bbox 3053 2369 3238 2424; x_wconf 81' lang='lat' dir='ltr'><strong>corpus</strong></span> <span class='ocrx_word' id='word_1_649' title='bbox 3273 2354 3479 2418; x_wconf 82' lang='lat' dir='ltr'><strong>Domini,</strong></span> <span class='ocrx_word' id='word_1_650' title='bbox 3501 2365 3545 2409; x_wconf 89' lang='lat' dir='ltr'><strong>ut</strong></span> <span class='ocrx_word' id='word_1_651' title='bbox 3566 2356 3698 2424; x_wconf 63' lang='lat' dir='ltr'><strong>aitlpu</strong></span> 
     </span>
    </p>
   </div>
   <div class='ocr_carea' id='block_1_83' title="bbox 2302 2437 3699 2521">
    <p class='ocr_par' dir='ltr' id='par_1_83' title="bbox 2302 2437 3699 2521">
     <span class='ocr_line' id='line_1_83' title="bbox 2302 2437 3699 2521; baseline 0.009 -30"><span class='ocrx_word' id='word_1_652' title='bbox 2302 2437 2502 2504; x_wconf 72' lang='lat' dir='ltr'><strong>stolas,</strong></span> <span class='ocrx_word' id='word_1_653' title='bbox 2544 2450 2593 2493; x_wconf 67' lang='grc' dir='ltr'><strong>σε</strong></span> <span class='ocrx_word' id='word_1_654' title='bbox 2615 2440 2833 2495; x_wconf 83' lang='lat' dir='ltr'><strong>calicem</strong></span> <span class='ocrx_word' id='word_1_655' title='bbox 2853 2443 2970 2512; x_wconf 76' lang='lat' dir='ltr'><strong>ejus</strong></span> <span class='ocrx_word' id='word_1_656' title='bbox 3003 2445 3188 2500; x_wconf 77' lang='lat' dir='ltr'><strong>biberit</strong></span> <span class='ocrx_word' id='word_1_657' title='bbox 3230 2448 3434 2519; x_wconf 69' lang='lat' dir='ltr'><strong>indigne,</strong></span> <span class='ocrx_word' id='word_1_658' title='bbox 3452 2450 3626 2521; x_wconf 65' lang='lat' dir='ltr'><strong>judicium</strong></span> <span class='ocrx_word' id='word_1_659' title='bbox 3648 2450 3699 2503; x_wconf 76' lang='lat' dir='ltr'><strong>iiii</strong></span> 
     </span>
    </p>
   </div>
   <div class='ocr_carea' id='block_1_84' title="bbox 2301 2535 3703 2612">
    <p class='ocr_par' dir='ltr' id='par_1_84' title="bbox 2301 2535 3703 2612">
     <span class='ocr_line' id='line_1_84' title="bbox 2301 2535 3703 2612; baseline 0.007 -25"><span class='ocrx_word' id='word_1_660' title='bbox 2301 2535 2584 2590; x_wconf 76' lang='lat' dir='ltr'><strong>manducet</strong></span> <span class='ocrx_word' id='word_1_661' title='bbox 2618 2547 2667 2590; x_wconf 77' lang='lat' dir='ltr'><strong>et</strong></span> <span class='ocrx_word' id='word_1_662' title='bbox 2716 2537 2860 2593; x_wconf 88' lang='lat' dir='ltr'><strong>bibit.</strong></span> <span class='ocrx_word' id='word_1_663' title='bbox 2906 2538 3145 2596; x_wconf 78' lang='lat' dir='ltr'><strong>Rursum</strong></span> <span class='ocrx_word' id='word_1_664' title='bbox 3197 2542 3424 2598; x_wconf 82' lang='lat' dir='ltr'><strong>Salvator</strong></span> <span class='ocrx_word' id='word_1_665' title='bbox 3465 2546 3504 2598; x_wconf 90' lang='lat' dir='ltr'><strong>in</strong></span> <span class='ocrx_word' id='word_1_666' title='bbox 3536 2544 3703 2612; x_wconf 67' lang='grc' dir='ltr'><strong>Ενιιιμῐη</strong></span> 
     </span>
    </p>
   </div>
   <div class='ocr_carea' id='block_1_85' title="bbox 2302 2627 3699 2699">
    <p class='ocr_par' dir='ltr' id='par_1_85' title="bbox 2302 2627 3699 2699">
     <span class='ocr_line' id='line_1_85' title="bbox 2302 2627 3699 2699; baseline 0.004 -18"><span class='ocrx_word' id='word_1_667' title='bbox 2302 2628 2380 2682; x_wconf 80' lang='lat' dir='ltr'><strong>ait</strong></span> <span class='ocrx_word' id='word_1_668' title='bbox 2407 2645 2420 2681; x_wconf 92' lang='lat'><strong>:</strong></span> <span class='ocrx_word' id='word_1_669' title='bbox 2448 2627 2567 2682; x_wconf 84' lang='lat' dir='ltr'><strong>Nisi</strong></span> <span class='ocrx_word' id='word_1_670' title='bbox 2603 2630 3049 2688; x_wconf 72' lang='lat' dir='ltr'><strong>mandaraseh&#39;tis</strong></span> <span class='ocrx_word' id='word_1_671' title='bbox 3075 2651 3284 2691; x_wconf 77' lang='lat' dir='ltr'><strong>carnem</strong></span> <span class='ocrx_word' id='word_1_672' title='bbox 3306 2635 3350 2688; x_wconf 71' lang='grc' dir='ltr'><em>Γ</em></span> <span class='ocrx_word' id='word_1_673' title='bbox 3351 2632 3419 2690; x_wconf 79' lang='lat' dir='ltr'><strong>iiii</strong></span> <span class='ocrx_word' id='word_1_674' title='bbox 3437 2636 3699 2699; x_wconf 53' lang='lat' dir='ltr'><strong>hominis,”-</strong></span> 
     </span>
    </p>
   </div>
   <div class='ocr_carea' id='block_1_86' title="bbox 2302 2716 3693 2790">
    <p class='ocr_par' dir='ltr' id='par_1_86' title="bbox 2302 2716 3693 2790">
     <span class='ocr_line' id='line_1_86' title="bbox 2302 2716 3693 2790; baseline 0.002 -19"><span class='ocrx_word' id='word_1_675' title='bbox 2302 2716 2480 2772; x_wconf 85' lang='lat' dir='ltr'><strong>beritis</strong></span> <span class='ocrx_word' id='word_1_676' title='bbox 2504 2718 2624 2790; x_wconf 80' lang='lat' dir='ltr'><strong>ejus</strong></span> <span class='ocrx_word' id='word_1_677' title='bbox 2647 2722 2957 2790; x_wconf 82' lang='lat' dir='ltr'><strong>sanguinem</strong></span> <span class='ocrx_word' id='word_1_678' title='bbox 2971 2762 2993 2787; x_wconf 85' lang='lat'><strong>,</strong></span> <span class='ocrx_word' id='word_1_679' title='bbox 3028 2741 3141 2779; x_wconf 84' lang='lat' dir='ltr'><strong>non</strong></span> <span class='ocrx_word' id='word_1_680' title='bbox 3158 2726 3395 2780; x_wconf 73' lang='lat' dir='ltr'><strong>habebitis</strong></span> <span class='ocrx_word' id='word_1_681' title='bbox 3416 2727 3533 2780; x_wconf 69' lang='lat' dir='ltr'><strong>sitan</strong></span> <span class='ocrx_word' id='word_1_682' title='bbox 3552 2727 3588 2778; x_wconf 83' lang='lat' dir='ltr'><strong>is</strong></span> <span class='ocrx_word' id='word_1_683' title='bbox 3611 2726 3693 2776; x_wconf 63' lang='lat' dir='ltr'><strong>alii.</strong></span> 
     </span>
    </p>
   </div>
   <div class='ocr_carea' id='block_1_87' title="bbox 2299 2806 3697 2887">
    <p class='ocr_par' dir='ltr' id='par_1_87' title="bbox 2299 2806 3697 2887">
     <span class='ocr_line' id='line_1_87' title="bbox 2299 2806 3697 2887; baseline 0.004 -25"><span class='ocrx_word' id='word_1_684' title='bbox 2299 2806 2468 2879; x_wconf 75' lang='lat' dir='ltr'><strong>igitur</strong></span> <span class='ocrx_word' id='word_1_685' title='bbox 2493 2810 2537 2864; x_wconf 88' lang='lat' dir='ltr'><strong>si</strong></span> <span class='ocrx_word' id='word_1_686' title='bbox 2568 2826 2673 2866; x_wconf 89' lang='lat' dir='ltr'><strong>nou</strong></span> <span class='ocrx_word' id='word_1_687' title='bbox 2702 2812 3215 2872; x_wconf 86' lang='lat' dir='ltr'><strong>manducaverimus</strong></span> <span class='ocrx_word' id='word_1_688' title='bbox 3239 2832 3401 2887; x_wconf 82' lang='lat' dir='ltr'><strong>neque</strong></span> <span class='ocrx_word' id='word_1_689' title='bbox 3418 2816 3697 2877; x_wconf 70' lang='lat' dir='ltr'><strong>bibenan</strong></span> 
     </span>
    </p>
   </div>
   <div class='ocr_carea' id='block_1_88' title="bbox 2299 2900 3697 2981">
    <p class='ocr_par' dir='ltr' id='par_1_88' title="bbox 2299 2900 3697 2981">
     <span class='ocr_line' id='line_1_88' title="bbox 2299 2900 3697 2981; baseline 0.006 -27"><span class='ocrx_word' id='word_1_690' title='bbox 2299 2900 2619 2957; x_wconf 84' lang='lat' dir='ltr'><strong>habebimus</strong></span> <span class='ocrx_word' id='word_1_691' title='bbox 2638 2903 2807 2957; x_wconf 85' lang='lat' dir='ltr'><strong>vitam</strong></span> <span class='ocrx_word' id='word_1_692' title='bbox 2832 2904 2884 2959; x_wconf 92' lang='lat' dir='ltr'><strong>in</strong></span> <span class='ocrx_word' id='word_1_693' title='bbox 2914 2905 3102 2973; x_wconf 89' lang='lat' dir='ltr'><strong>nobis;</strong></span> <span class='ocrx_word' id='word_1_694' title='bbox 3134 2909 3179 2964; x_wconf 92' lang='lat' dir='ltr'><strong>si</strong></span> <span class='ocrx_word' id='word_1_695' title='bbox 3218 2919 3380 2965; x_wconf 87' lang='lat' dir='ltr'><strong>autem</strong></span> <span class='ocrx_word' id='word_1_696' title='bbox 3405 2908 3697 2981; x_wconf 66' lang='lat' dir='ltr'><strong>indignesena-</strong></span> 
     </span>
    </p>
   </div>
   <div class='ocr_carea' id='block_1_89' title="bbox 2300 2992 3701 3068">
    <p class='ocr_par' dir='ltr' id='par_1_89' title="bbox 2300 2992 3701 3068">
     <span class='ocr_line' id='line_1_89' title="bbox 2300 2992 3701 3068; baseline 0.005 -24"><span class='ocrx_word' id='word_1_697' title='bbox 2300 2992 2605 3046; x_wconf 88' lang='lat' dir='ltr'><strong>caverimus</strong></span> <span class='ocrx_word' id='word_1_698' title='bbox 2632 2999 2689 3046; x_wconf 88' lang='lat' dir='ltr'><strong>et</strong></span> <span class='ocrx_word' id='word_1_699' title='bbox 2707 2992 3027 3064; x_wconf 88' lang='lat' dir='ltr'><strong>biberimus,</strong></span> <span class='ocrx_word' id='word_1_700' title='bbox 3054 2998 3311 3068; x_wconf 83' lang='lat' dir='ltr'><strong>judicium</strong></span> <span class='ocrx_word' id='word_1_701' title='bbox 3352 2999 3484 3055; x_wconf 84' lang='lat' dir='ltr'><strong>nobis</strong></span> <span class='ocrx_word' id='word_1_702' title='bbox 3498 2995 3701 3053; x_wconf 59' lang='lat' dir='ltr'><strong>mm</strong></span> 
     </span>
    </p>
   </div>
   <div class='ocr_carea' id='block_1_90' title="bbox 2301 3083 3701 3160">
    <p class='ocr_par' dir='ltr' id='par_1_90' title="bbox 2301 3083 3701 3160">
     <span class='ocr_line' id='line_1_90' title="bbox 2301 3083 3701 3160; baseline 0.001 -25"><span class='ocrx_word' id='word_1_703' title='bbox 2301 3096 2422 3136; x_wconf 90' lang='lat' dir='ltr'><strong>mus</strong></span> <span class='ocrx_word' id='word_1_704' title='bbox 2449 3092 2504 3139; x_wconf 91' lang='lat' dir='ltr'><strong>et</strong></span> <span class='ocrx_word' id='word_1_705' title='bbox 2529 3083 2793 3140; x_wconf 83' lang='lat' dir='ltr'><strong>bibemus.</strong></span> <span class='ocrx_word' id='word_1_706' title='bbox 2848 3083 3171 3159; x_wconf 82' lang='lat' dir='ltr'><strong>Purgandus</strong></span> <span class='ocrx_word' id='word_1_707' title='bbox 3195 3097 3276 3143; x_wconf 86' lang='lat' dir='ltr'><strong>est</strong></span> <span class='ocrx_word' id='word_1_708' title='bbox 3317 3090 3470 3160; x_wconf 87' lang='lat' dir='ltr'><strong>itaque</strong></span> <span class='ocrx_word' id='word_1_709' title='bbox 3490 3089 3645 3145; x_wconf 81' lang='lat' dir='ltr'><strong>anis.</strong></span> <span class='ocrx_word' id='word_1_710' title='bbox 3669 3091 3701 3137; x_wconf 82' lang='lat' dir='ltr'><strong>et</strong></span> 
     </span>
    </p>
   </div>
   <div class='ocr_carea' id='block_1_91' title="bbox 2227 3176 3705 3254">
    <p class='ocr_par' dir='ltr' id='par_1_91' title="bbox 2227 3176 3705 3254">
     <span class='ocr_line' id='line_1_91' title="bbox 2227 3176 3705 3254; baseline 0.002 -22"><span class='ocrx_word' id='word_1_711' title='bbox 2227 3191 2271 3254; x_wconf 73' lang='grc' dir='ltr'><strong>ρ</strong></span> <span class='ocrx_word' id='word_1_712' title='bbox 2302 3186 2564 3250; x_wconf 89' lang='lat' dir='ltr'><strong>quantum</strong></span> <span class='ocrx_word' id='word_1_713' title='bbox 2597 3177 2651 3233; x_wconf 90' lang='lat' dir='ltr'><strong>in</strong></span> <span class='ocrx_word' id='word_1_714' title='bbox 2676 3176 2832 3233; x_wconf 88' lang='lat' dir='ltr'><strong>nobis</strong></span> <span class='ocrx_word' id='word_1_715' title='bbox 2860 3187 2947 3233; x_wconf 86' lang='lat' dir='ltr'><strong>est</strong></span> <span class='ocrx_word' id='word_1_716' title='bbox 2966 3193 3094 3235; x_wconf 87' lang='lat' dir='ltr'><strong>cum</strong></span> <span class='ocrx_word' id='word_1_717' title='bbox 3123 3181 3371 3237; x_wconf 82' lang='lat' dir='ltr'><strong>omnibus</strong></span> <span class='ocrx_word' id='word_1_718' title='bbox 3393 3196 3477 3251; x_wconf 79' lang='lat' dir='ltr'><strong>pax</strong></span> <span class='ocrx_word' id='word_1_719' title='bbox 3497 3177 3705 3237; x_wconf 61' lang='lat' dir='ltr'><strong>habenda.“</strong></span> 
     </span>
    </p>
   </div>
   <div class='ocr_carea' id='block_1_92' title="bbox 2302 3270 3690 3343">
    <p class='ocr_par' dir='ltr' id='par_1_92' title="bbox 2302 3270 3690 3343">
     <span class='ocr_line' id='line_1_92' title="bbox 2302 3270 3690 3343; baseline -0.004 -17"><span class='ocrx_word' id='word_1_720' title='bbox 2302 3271 2462 3341; x_wconf 79' lang='lat' dir='ltr'><strong>digne</strong></span> <span class='ocrx_word' id='word_1_721' title='bbox 2489 3270 2753 3326; x_wconf 84' lang='lat' dir='ltr'><strong>sumendo</strong></span> <span class='ocrx_word' id='word_1_722' title='bbox 2775 3284 2971 3341; x_wconf 83' lang='lat' dir='ltr'><strong>corpus</strong></span> <span class='ocrx_word' id='word_1_723' title='bbox 3000 3281 3063 3327; x_wconf 30' lang='lat' dir='ltr'><strong>et:</strong></span> <span class='ocrx_word' id='word_1_724' title='bbox 3083 3276 3382 3343; x_wconf 68' lang='lat' dir='ltr'><strong>sanguinem</strong></span> <span class='ocrx_word' id='word_1_725' title='bbox 3397 3272 3690 3333; x_wconf 61' lang='lat' dir='ltr'><strong>Domnicius</strong></span> 
     </span>
    </p>
   </div>
   <div class='ocr_carea' id='block_1_93' title="bbox 2302 3358 3703 3431">
    <p class='ocr_par' dir='ltr' id='par_1_93' title="bbox 2302 3358 3703 3431">
     <span class='ocr_line' id='line_1_93' title="bbox 2302 3358 3703 3431; baseline 0.001 -16"><span class='ocrx_word' id='word_1_726' title='bbox 2302 3369 2410 3415; x_wconf 86' lang='lat' dir='ltr'><strong>tem</strong></span> <span class='ocrx_word' id='word_1_727' title='bbox 2460 3360 2793 3431; x_wconf 83' lang='lat' dir='ltr'><strong>ctjudicium</strong></span> <span class='ocrx_word' id='word_1_728' title='bbox 2815 3362 3141 3428; x_wconf 85' lang='lat' dir='ltr'><strong>evadamus,</strong></span> <span class='ocrx_word' id='word_1_729' title='bbox 3188 3373 3243 3419; x_wconf 87' lang='lat' dir='ltr'><strong>et</strong></span> <span class='ocrx_word' id='word_1_730' title='bbox 3260 3365 3408 3418; x_wconf 83' lang='lat' dir='ltr'><strong>vitam</strong></span> <span class='ocrx_word' id='word_1_731' title='bbox 3452 3378 3502 3417; x_wconf 84' lang='lat' dir='ltr'><strong>ac</strong></span> <span class='ocrx_word' id='word_1_732' title='bbox 3532 3358 3703 3415; x_wconf 65' lang='lat' dir='ltr'><strong>remedii!</strong></span> 
     </span>
    </p>
   </div>
   <div class='ocr_carea' id='block_1_94' title="bbox 2298 3447 3701 3528">
    <p class='ocr_par' dir='ltr' id='par_1_94' title="bbox 2298 3447 3701 3528">
     <span class='ocr_line' id='line_1_94' title="bbox 2298 3447 3701 3528; baseline 0.006 -21"><span class='ocrx_word' id='word_1_733' title='bbox 2298 3469 2398 3524; x_wconf 90' lang='lat' dir='ltr'><strong>per</strong></span> <span class='ocrx_word' id='word_1_734' title='bbox 2425 3466 2613 3508; x_wconf 89' lang='lat' dir='ltr'><strong>eorum</strong></span> <span class='ocrx_word' id='word_1_735' title='bbox 2662 3454 3062 3524; x_wconf 76' lang='lat' dir='ltr'><strong>perceptionem</strong></span> <span class='ocrx_word' id='word_1_736' title='bbox 3105 3458 3342 3528; x_wconf 88' lang='lat' dir='ltr'><strong>accipere</strong></span> <span class='ocrx_word' id='word_1_737' title='bbox 3370 3447 3701 3522; x_wconf 63' lang='lat' dir='ltr'><strong>mereamur-9‘3&quot;“1</strong></span> 
     </span>
    </p>
   </div>
   <div class='ocr_carea' id='block_1_95' title="bbox 2300 3541 3702 3604">
    <p class='ocr_par' dir='ltr' id='par_1_95' title="bbox 2300 3541 3702 3604">
     <span class='ocr_line' id='line_1_95' title="bbox 2300 3541 3702 3604; baseline -0.001 -4"><span class='ocrx_word' id='word_1_738' title='bbox 2300 3552 2479 3601; x_wconf 88' lang='lat' dir='ltr'><strong>autem</strong></span> <span class='ocrx_word' id='word_1_739' title='bbox 2505 3544 2646 3601; x_wconf 88' lang='lat' dir='ltr'><strong>inter</strong></span> <span class='ocrx_word' id='word_1_740' title='bbox 2668 3547 3182 3604; x_wconf 85' lang='lat' dir='ltr'><strong>communicandum</strong></span> <span class='ocrx_word' id='word_1_741' title='bbox 3224 3564 3253 3604; x_wconf 87' lang='lat' dir='ltr'><strong>a</strong></span> <span class='ocrx_word' id='word_1_742' title='bbox 3277 3547 3533 3604; x_wconf 85' lang='lat' dir='ltr'><strong>cantoribus</strong></span> <span class='ocrx_word' id='word_1_743' title='bbox 3552 3541 3702 3599; x_wconf 69' lang='lat' dir='ltr'><strong>excitur</strong></span> 
     </span>
    </p>
   </div>
   <div class='ocr_carea' id='block_1_96' title="bbox 2301 3644 2420 3689">
    <p class='ocr_par' dir='ltr' id='par_1_96' title="bbox 2301 3644 2420 3689">
     <span class='ocr_line' id='line_1_96' title="bbox 2301 3644 2420 3689; baseline 0 0"><span class='ocrx_word' id='word_1_744' title='bbox 2301 3644 2420 3689; x_wconf 91' lang='lat' dir='ltr'><strong>tur:</strong></span> 
     </span>
    </p>
   </div>
   <div class='ocr_carea' id='block_1_97' title="bbox 2300 3743 3705 3821">
    <p class='ocr_par' dir='ltr' id='par_1_97' title="bbox 2300 3743 3705 3821">
     <span class='ocr_line' id='line_1_97' title="bbox 2300 3743 3705 3821; baseline -0.001 -21"><span class='ocrx_word' id='word_1_745' title='bbox 2300 3746 2480 3817; x_wconf 79' lang='lat' dir='ltr'><strong>Agnus</strong></span> <span class='ocrx_word' id='word_1_746' title='bbox 2508 3747 2603 3803; x_wconf 87' lang='lat' dir='ltr'><strong>Dei</strong></span> <span class='ocrx_word' id='word_1_747' title='bbox 2643 3749 2734 3820; x_wconf 88' lang='lat' dir='ltr'><strong>qui</strong></span> <span class='ocrx_word' id='word_1_748' title='bbox 2777 3748 2919 3804; x_wconf 88' lang='lat' dir='ltr'><strong>tollis</strong></span> <span class='ocrx_word' id='word_1_749' title='bbox 2947 3763 3163 3821; x_wconf 84' lang='lat' dir='ltr'><strong>peccata</strong></span> <span class='ocrx_word' id='word_1_750' title='bbox 3205 3751 3392 3816; x_wconf 82' lang='lat' dir='ltr'><strong>mundi,</strong></span> <span class='ocrx_word' id='word_1_751' title='bbox 3414 3751 3594 3803; x_wconf 74' lang='lat' dir='ltr'><strong>miserere</strong></span> <span class='ocrx_word' id='word_1_752' title='bbox 3614 3743 3705 3799; x_wconf 72' lang='lat' dir='ltr'><strong>salit.</strong></span> 
     </span>
    </p>
   </div>
   <div class='ocr_carea' id='block_1_98' title="bbox 2299 3857 3702 3931">
    <p class='ocr_par' dir='ltr' id='par_1_98' title="bbox 2299 3857 3702 3931">
     <span class='ocr_line' id='line_1_98' title="bbox 2299 3857 3702 3931; baseline 0 -18"><span class='ocrx_word' id='word_1_753' title='bbox 2299 3866 2521 3929; x_wconf 88' lang='lat' dir='ltr'><strong>propter</strong></span> <span class='ocrx_word' id='word_1_754' title='bbox 2552 3857 2678 3913; x_wconf 88' lang='lat' dir='ltr'><strong>illud</strong></span> <span class='ocrx_word' id='word_1_755' title='bbox 2717 3858 2797 3926; x_wconf 84' lang='lat' dir='ltr'><strong>lit,</strong></span> <span class='ocrx_word' id='word_1_756' title='bbox 2838 3869 2901 3913; x_wconf 91' lang='lat' dir='ltr'><strong>ut</strong></span> <span class='ocrx_word' id='word_1_757' title='bbox 2941 3860 3234 3931; x_wconf 80' lang='lat' dir='ltr'><strong>impleatur</strong></span> <span class='ocrx_word' id='word_1_758' title='bbox 3255 3863 3304 3916; x_wconf 92' lang='lat' dir='ltr'><strong>in</strong></span> <span class='ocrx_word' id='word_1_759' title='bbox 3328 3861 3461 3918; x_wconf 82' lang='lat' dir='ltr'><strong>nobis</strong></span> <span class='ocrx_word' id='word_1_760' title='bbox 3480 3857 3702 3929; x_wconf 66' lang='lat' dir='ltr'><strong>quodheatlt</strong></span> 
     </span>
    </p>
   </div>
   <div class='ocr_carea' id='block_1_99' title="bbox 2300 3946 3701 4021">
    <p class='ocr_par' dir='ltr' id='par_1_99' title="bbox 2300 3946 3701 4021">
     <span class='ocr_line' id='line_1_99' title="bbox 2300 3946 3701 4021; baseline -0.002 -19"><span class='ocrx_word' id='word_1_761' title='bbox 2300 3946 2570 4004; x_wconf 84' lang='lat' dir='ltr'><strong>Iohannes</strong></span> <span class='ocrx_word' id='word_1_762' title='bbox 2593 3948 2865 4018; x_wconf 86' lang='lat' dir='ltr'><strong>apostolus</strong></span> <span class='ocrx_word' id='word_1_763' title='bbox 2909 3949 2988 4004; x_wconf 83' lang='lat' dir='ltr'><strong>ait</strong></span> <span class='ocrx_word' id='word_1_764' title='bbox 3019 3968 3032 4004; x_wconf 90' lang='lat'><strong>:</strong></span> <span class='ocrx_word' id='word_1_765' title='bbox 3068 3951 3130 4006; x_wconf 88' lang='lat' dir='ltr'><strong>Si</strong></span> <span class='ocrx_word' id='word_1_766' title='bbox 3152 3953 3418 4006; x_wconf 67' lang='lat' dir='ltr'><strong>dixerimus</strong></span> <span class='ocrx_word' id='word_1_767' title='bbox 3440 3951 3536 4021; x_wconf 73' lang='lat' dir='ltr'><strong>quia</strong></span> <span class='ocrx_word' id='word_1_768' title='bbox 3549 3953 3701 4018; x_wconf 66' lang='lat' dir='ltr'><strong>ptuit!</strong></span> 
     </span>
    </p>
   </div>
   <div class='ocr_carea' id='block_1_100' title="bbox 2302 4034 3704 4109">
    <p class='ocr_par' dir='ltr' id='par_1_100' title="bbox 2302 4034 3704 4109">
     <span class='ocr_line' id='line_1_100' title="bbox 2302 4034 3704 4109; baseline -0.004 -17"><span class='ocrx_word' id='word_1_769' title='bbox 2302 4054 2405 4092; x_wconf 85' lang='lat' dir='ltr'><strong>non</strong></span> <span class='ocrx_word' id='word_1_770' title='bbox 2427 4037 2697 4101; x_wconf 71' lang='lat' dir='ltr'><strong>habemus,</strong></span> <span class='ocrx_word' id='word_1_771' title='bbox 2735 4054 2827 4092; x_wconf 89' lang='lat' dir='ltr'><strong>nos</strong></span> <span class='ocrx_word' id='word_1_772' title='bbox 2864 4038 3003 4109; x_wconf 88' lang='lat' dir='ltr'><strong>ipsos</strong></span> <span class='ocrx_word' id='word_1_773' title='bbox 3027 4041 3338 4107; x_wconf 81' lang='lat' dir='ltr'><strong>seducimus,</strong></span> <span class='ocrx_word' id='word_1_774' title='bbox 3359 4054 3401 4096; x_wconf 76' lang='lat' dir='ltr'><strong>et</strong></span> <span class='ocrx_word' id='word_1_775' title='bbox 3428 4039 3615 4096; x_wconf 64' lang='lat' dir='ltr'><strong>actitatis</strong></span> <span class='ocrx_word' id='word_1_776' title='bbox 3630 4034 3704 4087; x_wconf 65' lang='lat' dir='ltr'><strong>uti:</strong></span> 
     </span>
    </p>
   </div>
   <div class='ocr_carea' id='block_1_101' title="bbox 2301 4126 3705 4204">
    <p class='ocr_par' dir='ltr' id='par_1_101' title="bbox 2301 4126 3705 4204">
     <span class='ocr_line' id='line_1_101' title="bbox 2301 4126 3705 4204; baseline 0.001 -21"><span class='ocrx_word' id='word_1_777' title='bbox 2301 4146 2405 4183; x_wconf 83' lang='lat' dir='ltr'><strong>non</strong></span> <span class='ocrx_word' id='word_1_778' title='bbox 2430 4139 2505 4184; x_wconf 83' lang='lat' dir='ltr'><strong>est</strong></span> <span class='ocrx_word' id='word_1_779' title='bbox 2521 4145 2539 4182; x_wconf 89' lang='lat'><strong>:</strong></span> <span class='ocrx_word' id='word_1_780' title='bbox 2566 4129 2707 4200; x_wconf 86' lang='lat' dir='ltr'><strong>quod</strong></span> <span class='ocrx_word' id='word_1_781' title='bbox 2729 4130 2776 4184; x_wconf 89' lang='lat' dir='ltr'><strong>si</strong></span> <span class='ocrx_word' id='word_1_782' title='bbox 2813 4131 3131 4199; x_wconf 78' lang='lat' dir='ltr'><strong>conﬁteatur</strong></span> <span class='ocrx_word' id='word_1_783' title='bbox 3156 4145 3356 4204; x_wconf 77' lang='lat' dir='ltr'><strong>peccata</strong></span> <span class='ocrx_word' id='word_1_784' title='bbox 3380 4143 3541 4195; x_wconf 79' lang='lat' dir='ltr'><strong>nostra,</strong></span> <span class='ocrx_word' id='word_1_785' title='bbox 3558 4126 3663 4199; x_wconf 64' lang='lat' dir='ltr'><strong>Mela</strong></span> <span class='ocrx_word' id='word_1_786' title='bbox 3680 4131 3705 4173; x_wconf 72' lang='grc' dir='ltr'><strong>α</strong></span> 
     </span>
    </p>
   </div>
   <div class='ocr_carea' id='block_1_102' title="bbox 2291 4215 3703 4295">
    <p class='ocr_par' dir='ltr' id='par_1_102' title="bbox 2291 4215 3703 4295">
     <span class='ocr_line' id='line_1_102' title="bbox 2291 4215 3703 4295; baseline -0.002 -20"><span class='ocrx_word' id='word_1_787' title='bbox 2291 4220 2475 4290; x_wconf 60' lang='lat' dir='ltr'><strong>justly</strong></span> <span class='ocrx_word' id='word_1_788' title='bbox 2501 4230 2600 4286; x_wconf 91' lang='lat' dir='ltr'><strong>est,</strong></span> <span class='ocrx_word' id='word_1_789' title='bbox 2616 4229 2670 4275; x_wconf 88' lang='lat' dir='ltr'><strong>ut</strong></span> <span class='ocrx_word' id='word_1_790' title='bbox 2692 4222 2916 4276; x_wconf 86' lang='lat' dir='ltr'><strong>remittat</strong></span> <span class='ocrx_word' id='word_1_791' title='bbox 2946 4224 3095 4278; x_wconf 89' lang='lat' dir='ltr'><strong>nobis</strong></span> <span class='ocrx_word' id='word_1_792' title='bbox 3120 4235 3325 4295; x_wconf 84' lang='lat' dir='ltr'><strong>peccata</strong></span> <span class='ocrx_word' id='word_1_793' title='bbox 3351 4234 3515 4284; x_wconf 82' lang='lat' dir='ltr'><strong>nostra,</strong></span> <span class='ocrx_word' id='word_1_794' title='bbox 3536 4215 3703 4274; x_wconf 64' lang='lat' dir='ltr'><strong>etadd</strong></span> 
     </span>
    </p>
   </div>
   <div class='ocr_carea' id='block_1_103' title="bbox 2301 4304 3707 4381">
    <p class='ocr_par' dir='ltr' id='par_1_103' title="bbox 2301 4304 3707 4381">
     <span class='ocr_line' id='line_1_103' title="bbox 2301 4304 3707 4381; baseline 0.003 -16"><span class='ocrx_word' id='word_1_795' title='bbox 2301 4327 2395 4365; x_wconf 88' lang='lat' dir='ltr'><strong>nos</strong></span> <span class='ocrx_word' id='word_1_796' title='bbox 2415 4309 2480 4364; x_wconf 89' lang='lat' dir='ltr'><strong>ab</strong></span> <span class='ocrx_word' id='word_1_797' title='bbox 2509 4312 2653 4365; x_wconf 86' lang='lat' dir='ltr'><strong>omni</strong></span> <span class='ocrx_word' id='word_1_798' title='bbox 2678 4310 2961 4380; x_wconf 87' lang='lat' dir='ltr'><strong>injustitia.</strong></span> <span class='ocrx_word' id='word_1_799' title='bbox 2992 4311 3272 4381; x_wconf 86' lang='lat' dir='ltr'><strong>Quomodo</strong></span> <span class='ocrx_word' id='word_1_800' title='bbox 3309 4311 3525 4370; x_wconf 76' lang='lat' dir='ltr'><strong>autemid</strong></span> <span class='ocrx_word' id='word_1_801' title='bbox 3545 4304 3707 4369; x_wconf 63' lang='grc' dir='ltr'><strong>Ειινίάθ</strong></span> 
     </span>
    </p>
   </div>
   <div class='ocr_carea' id='block_1_104' title="bbox 2300 4394 3706 4474">
    <p class='ocr_par' dir='ltr' id='par_1_104' title="bbox 2300 4394 3706 4474">
     <span class='ocr_line' id='line_1_104' title="bbox 2300 4394 3706 4474; baseline -0.004 -19"><span class='ocrx_word' id='word_1_802' title='bbox 2300 4402 2415 4472; x_wconf 92' lang='lat' dir='ltr'><strong>ipse</strong></span> <span class='ocrx_word' id='word_1_803' title='bbox 2434 4401 2703 4472; x_wconf 87' lang='lat' dir='ltr'><strong>apostolus</strong></span> <span class='ocrx_word' id='word_1_804' title='bbox 2731 4403 2891 4473; x_wconf 86' lang='lat' dir='ltr'><strong>paulo</strong></span> <span class='ocrx_word' id='word_1_805' title='bbox 2918 4406 3167 4474; x_wconf 83' lang='lat' dir='ltr'><strong>superius</strong></span> <span class='ocrx_word' id='word_1_806' title='bbox 3193 4406 3267 4462; x_wconf 86' lang='lat' dir='ltr'><strong>sic</strong></span> <span class='ocrx_word' id='word_1_807' title='bbox 3304 4402 3533 4460; x_wconf 87' lang='lat' dir='ltr'><strong>ostendit:</strong></span> <span class='ocrx_word' id='word_1_808' title='bbox 3555 4397 3599 4455; x_wconf 86' lang='lat' dir='ltr'><strong>Si</strong></span> <span class='ocrx_word' id='word_1_809' title='bbox 3620 4394 3706 4450; x_wconf 78' lang='lat' dir='ltr'><strong>islt-</strong></span> 
     </span>
    </p>
   </div>
   <div class='ocr_carea' id='block_1_105' title="bbox 2300 4488 3709 4566">
    <p class='ocr_par' dir='ltr' id='par_1_105' title="bbox 2300 4488 3709 4566">
     <span class='ocr_line' id='line_1_105' title="bbox 2300 4488 3709 4566; baseline 0.004 -21"><span class='ocrx_word' id='word_1_810' title='bbox 2300 4492 2439 4546; x_wconf 89' lang='lat' dir='ltr'><strong>mine</strong></span> <span class='ocrx_word' id='word_1_811' title='bbox 2463 4491 2812 4556; x_wconf 79' lang='lat' dir='ltr'><strong>ambulamus,</strong></span> <span class='ocrx_word' id='word_1_812' title='bbox 2849 4495 2982 4549; x_wconf 88' lang='lat' dir='ltr'><strong>sicut</strong></span> <span class='ocrx_word' id='word_1_813' title='bbox 3003 4496 3114 4566; x_wconf 85' lang='lat' dir='ltr'><strong>ipse</strong></span> <span class='ocrx_word' id='word_1_814' title='bbox 3136 4506 3210 4552; x_wconf 89' lang='lat' dir='ltr'><strong>est</strong></span> <span class='ocrx_word' id='word_1_815' title='bbox 3238 4498 3291 4550; x_wconf 86' lang='lat' dir='ltr'><strong>in</strong></span> <span class='ocrx_word' id='word_1_816' title='bbox 3333 4494 3513 4555; x_wconf 76' lang='lat' dir='ltr'><strong>lumine,</strong></span> <span class='ocrx_word' id='word_1_817' title='bbox 3536 4488 3709 4544; x_wconf 61' lang='grc' dir='ltr'><strong>’θείω</strong></span> 
     </span>
    </p>
   </div>
   <div class='ocr_carea' id='block_1_106' title="bbox 2297 4579 3708 4656">
    <p class='ocr_par' dir='ltr' id='par_1_106' title="bbox 2297 4579 3708 4656">
     <span class='ocr_line' id='line_1_106' title="bbox 2297 4579 3708 4656; baseline -0.001 -22"><span class='ocrx_word' id='word_1_818' title='bbox 2297 4580 2543 4635; x_wconf 80' lang='lat' dir='ltr'><strong>habemus</strong></span> <span class='ocrx_word' id='word_1_819' title='bbox 2568 4581 2637 4634; x_wconf 86' lang='lat' dir='ltr'><strong>ad</strong></span> <span class='ocrx_word' id='word_1_820' title='bbox 2658 4582 2896 4648; x_wconf 80' lang='lat' dir='ltr'><strong>invicem,</strong></span> <span class='ocrx_word' id='word_1_821' title='bbox 2917 4595 2965 4639; x_wconf 90' lang='lat' dir='ltr'><strong>et</strong></span> <span class='ocrx_word' id='word_1_822' title='bbox 2988 4587 3205 4656; x_wconf 84' lang='lat' dir='ltr'><strong>sanguis</strong></span> <span class='ocrx_word' id='word_1_823' title='bbox 3226 4585 3402 4641; x_wconf 81' lang='lat' dir='ltr'><strong>Jehesu</strong></span> <span class='ocrx_word' id='word_1_824' title='bbox 3420 4581 3503 4652; x_wconf 70' lang='lat' dir='ltr'><strong>ﬁlii</strong></span> <span class='ocrx_word' id='word_1_825' title='bbox 3515 4579 3708 4650; x_wconf 65' lang='lat' dir='ltr'><strong>cium</strong></span> 
     </span>
    </p>
   </div>
   <div class='ocr_carea' id='block_1_107' title="bbox 2298 4659 3707 4756">
    <p class='ocr_par' dir='ltr' id='par_1_107' title="bbox 2298 4659 3707 4756">
     <span class='ocr_line' id='line_1_107' title="bbox 2298 4659 3707 4756; baseline 0.018 -33"><span class='ocrx_word' id='word_1_826' title='bbox 2298 4670 2389 4724; x_wconf 88' lang='lat' dir='ltr'><strong>dat</strong></span> <span class='ocrx_word' id='word_1_827' title='bbox 2415 4686 2508 4725; x_wconf 89' lang='lat' dir='ltr'><strong>nos</strong></span> <span class='ocrx_word' id='word_1_828' title='bbox 2529 4670 2595 4723; x_wconf 88' lang='lat' dir='ltr'><strong>ab</strong></span> <span class='ocrx_word' id='word_1_829' title='bbox 2616 4671 2755 4725; x_wconf 84' lang='lat' dir='ltr'><strong>omni</strong></span> <span class='ocrx_word' id='word_1_830' title='bbox 2776 4682 3008 4740; x_wconf 86' lang='lat' dir='ltr'><strong>peccato.</strong></span> <span class='ocrx_word' id='word_1_831' title='bbox 3035 4673 3273 4744; x_wconf 83' lang='lat' dir='ltr'><strong>Itemque</strong></span> <span class='ocrx_word' id='word_1_832' title='bbox 3297 4674 3346 4727; x_wconf 87' lang='lat' dir='ltr'><strong>in</strong></span> <span class='ocrx_word' id='word_1_833' title='bbox 3372 4659 3707 4756; x_wconf 66' lang='grc' dir='ltr'><strong>εθίιιιειιιίδυε</strong></span> 
     </span>
    </p>
   </div>
   <div class='ocr_carea' id='block_1_108' title="bbox 2299 4749 3708 4833">
    <p class='ocr_par' dir='ltr' id='par_1_108' title="bbox 2299 4749 3708 4833">
     <span class='ocr_line' id='line_1_108' title="bbox 2299 4749 3708 4833; baseline -0.003 -20"><span class='ocrx_word' id='word_1_834' title='bbox 2299 4758 2481 4814; x_wconf 83' lang='lat' dir='ltr'><strong>Filioli</strong></span> <span class='ocrx_word' id='word_1_835' title='bbox 2506 4761 2627 4826; x_wconf 85' lang='lat' dir='ltr'><strong>mei,</strong></span> <span class='ocrx_word' id='word_1_836' title='bbox 2649 4760 2759 4815; x_wconf 81' lang='lat' dir='ltr'><strong>Iure</strong></span> <span class='ocrx_word' id='word_1_837' title='bbox 2785 4762 2953 4815; x_wconf 86' lang='lat' dir='ltr'><strong>scribo</strong></span> <span class='ocrx_word' id='word_1_838' title='bbox 2984 4763 3146 4827; x_wconf 83' lang='lat' dir='ltr'><strong>vobis,</strong></span> <span class='ocrx_word' id='word_1_839' title='bbox 3166 4774 3221 4817; x_wconf 84' lang='lat' dir='ltr'><strong>ut</strong></span> <span class='ocrx_word' id='word_1_840' title='bbox 3249 4781 3344 4819; x_wconf 77' lang='lat' dir='ltr'><strong>non</strong></span> <span class='ocrx_word' id='word_1_841' title='bbox 3361 4760 3569 4833; x_wconf 82' lang='lat' dir='ltr'><strong>peccetis:</strong></span> <span class='ocrx_word' id='word_1_842' title='bbox 3587 4749 3708 4825; x_wconf 64' lang='lat' dir='ltr'><strong>quo“</strong></span> 
     </span>
    </p>
   </div>
   <div class='ocr_carea' id='block_1_109' title="bbox 2296 4835 3708 4920">
    <p class='ocr_par' dir='ltr' id='par_1_109' title="bbox 2296 4835 3708 4920">
     <span class='ocr_line' id='line_1_109' title="bbox 2296 4835 3708 4920; baseline -0.018 -1"><span class='ocrx_word' id='word_1_843' title='bbox 2296 4850 2412 4919; x_wconf 70' lang='grc' dir='ltr'><strong>συὶε</strong></span> <span class='ocrx_word' id='word_1_844' title='bbox 2437 4850 2743 4920; x_wconf 75' lang='lat' dir='ltr'><strong>peccauerit,</strong></span> <span class='ocrx_word' id='word_1_845' title='bbox 2765 4850 3145 4919; x_wconf 79' lang='lat' dir='ltr'><strong>deprecatorem</strong></span> <span class='ocrx_word' id='word_1_846' title='bbox 3169 4854 3399 4908; x_wconf 81' lang='lat' dir='ltr'><strong>habemus</strong></span> <span class='ocrx_word' id='word_1_847' title='bbox 3412 4850 3474 4904; x_wconf 81' lang='lat' dir='ltr'><strong>ed</strong></span> <span class='ocrx_word' id='word_1_848' title='bbox 3506 4835 3708 4901; x_wconf 67' lang='lat' dir='ltr'><strong>Puteal!-</strong></span> 
     </span>
    </p>
   </div>
   <div class='ocr_carea' id='block_1_110' title="bbox 2298 4940 3710 5017">
    <p class='ocr_par' dir='ltr' id='par_1_110' title="bbox 2298 4940 3710 5017">
     <span class='ocr_line' id='line_1_110' title="bbox 2298 4940 3710 5017; baseline -0.002 -21"><span class='ocrx_word' id='word_1_849' title='bbox 2298 4941 2478 4996; x_wconf 87' lang='lat' dir='ltr'><strong>hesum</strong></span> <span class='ocrx_word' id='word_1_850' title='bbox 2514 4940 2778 4996; x_wconf 81' lang='lat' dir='ltr'><strong>Christum</strong></span> <span class='ocrx_word' id='word_1_851' title='bbox 2791 4942 3020 5014; x_wconf 80' lang='lat' dir='ltr'><strong>justum,</strong></span> <span class='ocrx_word' id='word_1_852' title='bbox 3045 4955 3094 5000; x_wconf 87' lang='lat' dir='ltr'><strong>et</strong></span> <span class='ocrx_word' id='word_1_853' title='bbox 3134 4947 3240 5017; x_wconf 86' lang='lat' dir='ltr'><strong>ipse</strong></span> <span class='ocrx_word' id='word_1_854' title='bbox 3265 4944 3473 5000; x_wconf 69' lang='lat' dir='ltr'><strong>exoratio</strong></span> <span class='ocrx_word' id='word_1_855' title='bbox 3491 4946 3549 4995; x_wconf 81' lang='lat' dir='ltr'><strong>est</strong></span> <span class='ocrx_word' id='word_1_856' title='bbox 3571 4942 3710 5007; x_wconf 63' lang='grc' dir='ltr'><strong>μονα·</strong></span> 
     </span>
    </p>
   </div>
   <div class='ocr_carea' id='block_1_111' title="bbox 2297 5024 3710 5106">
    <p class='ocr_par' dir='ltr' id='par_1_111' title="bbox 2297 5024 3710 5106">
     <span class='ocr_line' id='line_1_111' title="bbox 2297 5024 3710 5106; baseline 0.001 -21"><span class='ocrx_word' id='word_1_857' title='bbox 2297 5032 2426 5086; x_wconf 88' lang='lat' dir='ltr'><strong>catis</strong></span> <span class='ocrx_word' id='word_1_858' title='bbox 2451 5032 2673 5096; x_wconf 87' lang='lat' dir='ltr'><strong>nostris;</strong></span> <span class='ocrx_word' id='word_1_859' title='bbox 2699 5049 2803 5086; x_wconf 85' lang='lat' dir='ltr'><strong>non</strong></span> <span class='ocrx_word' id='word_1_860' title='bbox 2828 5045 3003 5088; x_wconf 85' lang='lat' dir='ltr'><strong>autem</strong></span> <span class='ocrx_word' id='word_1_861' title='bbox 3033 5053 3128 5106; x_wconf 88' lang='lat' dir='ltr'><strong>pro</strong></span> <span class='ocrx_word' id='word_1_862' title='bbox 3153 5038 3333 5090; x_wconf 84' lang='lat' dir='ltr'><strong>nostris</strong></span> <span class='ocrx_word' id='word_1_863' title='bbox 3355 5024 3710 5093; x_wconf 53' lang='lat' dir='ltr'><strong>lattltttlﬂddf&quot;</strong></span> 
     </span>
    </p>
   </div>
   <div class='ocr_carea' id='block_1_112' title="bbox 2298 5120 3709 5211">
    <p class='ocr_par' dir='ltr' id='par_1_112' title="bbox 2298 5120 3709 5211">
     <span class='ocr_line' id='line_1_112' title="bbox 2298 5120 3709 5211; baseline -0.003 -32"><span class='ocrx_word' id='word_1_864' title='bbox 2298 5135 2405 5179; x_wconf 92' lang='lat' dir='ltr'><strong>toto</strong></span> <span class='ocrx_word' id='word_1_865' title='bbox 2424 5125 2639 5179; x_wconf 85' lang='lat' dir='ltr'><strong>mundo.</strong></span> <span class='ocrx_word' id='word_1_866' title='bbox 2661 5125 2718 5179; x_wconf 91' lang='lat' dir='ltr'><strong>ln</strong></span> <span class='ocrx_word' id='word_1_867' title='bbox 2741 5126 2935 5195; x_wconf 88' lang='lat' dir='ltr'><strong>quibus</strong></span> <span class='ocrx_word' id='word_1_868' title='bbox 2962 5128 3142 5184; x_wconf 85' lang='lat' dir='ltr'><strong>verbis</strong></span> <span class='ocrx_word' id='word_1_869' title='bbox 3162 5128 3289 5185; x_wconf 87' lang='lat' dir='ltr'><strong>satis</strong></span> <span class='ocrx_word' id='word_1_870' title='bbox 3305 5130 3503 5211; x_wconf 81' lang='lat' dir='ltr'><strong>apparet</strong></span> <span class='ocrx_word' id='word_1_871' title='bbox 3512 5120 3709 5211; x_wconf 27' lang='lat' dir='ltr'><strong>quae}?</strong></span> 
     </span>
    </p>
   </div>
   <div class='ocr_carea' id='block_1_113' title="bbox 2298 5204 3710 5284">
    <p class='ocr_par' dir='ltr' id='par_1_113' title="bbox 2298 5204 3710 5284">
     <span class='ocr_line' id='line_1_113' title="bbox 2298 5204 3710 5284; baseline -0.006 -13"><span class='ocrx_word' id='word_1_872' title='bbox 2298 5223 2588 5284; x_wconf 88' lang='lat' dir='ltr'><strong>sequenter</strong></span> <span class='ocrx_word' id='word_1_873' title='bbox 2608 5214 2674 5270; x_wconf 89' lang='lat' dir='ltr'><strong>de</strong></span> <span class='ocrx_word' id='word_1_874' title='bbox 2696 5214 2924 5271; x_wconf 90' lang='lat' dir='ltr'><strong>Domino</strong></span> <span class='ocrx_word' id='word_1_875' title='bbox 2942 5225 2999 5271; x_wconf 81' lang='lat' dir='ltr'><strong>et</strong></span> <span class='ocrx_word' id='word_1_876' title='bbox 3025 5216 3297 5273; x_wconf 81' lang='lat' dir='ltr'><strong>Salvatore</strong></span> <span class='ocrx_word' id='word_1_877' title='bbox 3318 5222 3478 5271; x_wconf 81' lang='lat' dir='ltr'><strong>nostra</strong></span> <span class='ocrx_word' id='word_1_878' title='bbox 3493 5204 3710 5264; x_wconf 60' lang='lat' dir='ltr'><strong>bestii“</strong></span> 
     </span>
    </p>
   </div>
   <div class='ocr_carea' id='block_1_114' title="bbox 2298 5286 3710 5388">
    <p class='ocr_par' dir='ltr' id='par_1_114' title="bbox 2298 5286 3710 5388">
     <span class='ocr_line' id='line_1_114' title="bbox 2298 5286 3710 5388; baseline 0.004 -32"><span class='ocrx_word' id='word_1_879' title='bbox 2298 5305 2539 5376; x_wconf 86' lang='lat' dir='ltr'><strong>Baptista</strong></span> <span class='ocrx_word' id='word_1_880' title='bbox 2560 5303 2833 5361; x_wconf 88' lang='lat' dir='ltr'><strong>Iohannes</strong></span> <span class='ocrx_word' id='word_1_881' title='bbox 2861 5315 3094 5364; x_wconf 89' lang='lat' dir='ltr'><strong>testatur</strong></span> <span class='ocrx_word' id='word_1_882' title='bbox 3113 5310 3164 5365; x_wconf 91' lang='lat' dir='ltr'><strong>in</strong></span> <span class='ocrx_word' id='word_1_883' title='bbox 3181 5298 3444 5379; x_wconf 79' lang='lat' dir='ltr'><strong>Evangelia</strong></span> <span class='ocrx_word' id='word_1_884' title='bbox 3461 5302 3599 5357; x_wconf 71' lang='lat' dir='ltr'><strong>dicens</strong></span> <span class='ocrx_word' id='word_1_885' title='bbox 3612 5308 3624 5345; x_wconf 73' lang='grc' dir='ltr'><strong><em>ε</em></strong></span> 
     </span>
    </p>
   </div>
   <div class='ocr_carea' id='block_1_115' title="bbox 2301 5384 3709 5482">
    <p class='ocr_par' dir='ltr' id='par_1_115' title="bbox 2301 5384 3709 5482">
     <span class='ocr_line' id='line_1_115' title="bbox 2301 5384 3709 5482; baseline 0 -34"><span class='ocrx_word' id='word_1_886' title='bbox 2301 5411 2467 5463; x_wconf 85' lang='lat' dir='ltr'><strong>agnus</strong></span> <span class='ocrx_word' id='word_1_887' title='bbox 2501 5393 2615 5459; x_wconf 89' lang='lat' dir='ltr'><strong>Dei,</strong></span> <span class='ocrx_word' id='word_1_888' title='bbox 2636 5397 2724 5465; x_wconf 86' lang='lat' dir='ltr'><strong>qui</strong></span> <span class='ocrx_word' id='word_1_889' title='bbox 2748 5395 2881 5450; x_wconf 76' lang='lat' dir='ltr'><strong>tollit</strong></span> <span class='ocrx_word' id='word_1_890' title='bbox 2926 5409 3135 5468; x_wconf 86' lang='lat' dir='ltr'><strong>peccata</strong></span> <span class='ocrx_word' id='word_1_891' title='bbox 3162 5397 3369 5452; x_wconf 83' lang='lat' dir='ltr'><strong>mundi:</strong></span> <span class='ocrx_word' id='word_1_892' title='bbox 3397 5393 3456 5449; x_wconf 85' lang='lat' dir='ltr'><strong>de</strong></span> 
     </span>
    </p>
   </div>
   <div class='ocr_carea' id='block_1_116' title="bbox 2299 5474 3708 5561">
    <p class='ocr_par' dir='ltr' id='par_1_116' title="bbox 2299 5474 3708 5561">
     <span class='ocr_line' id='line_1_116' title="bbox 2299 5474 3708 5561; baseline 0.005 -20"><span class='ocrx_word' id='word_1_893' title='bbox 2299 5492 2356 5541; x_wconf 90' lang='lat' dir='ltr'><strong>et</strong></span> <span class='ocrx_word' id='word_1_894' title='bbox 2392 5485 2557 5541; x_wconf 85' lang='lat' dir='ltr'><strong>Isaias</strong></span> <span class='ocrx_word' id='word_1_895' title='bbox 2584 5488 2846 5559; x_wconf 87' lang='lat' dir='ltr'><strong>propheta</strong></span> <span class='ocrx_word' id='word_1_896' title='bbox 2879 5490 2989 5544; x_wconf 89' lang='lat' dir='ltr'><strong>ait:</strong></span> <span class='ocrx_word' id='word_1_897' title='bbox 3032 5488 3290 5561; x_wconf 78' lang='lat' dir='ltr'><strong>Tanquam</strong></span> <span class='ocrx_word' id='word_1_898' title='bbox 3314 5487 3407 5542; x_wconf 83' lang='lat' dir='ltr'><strong>oris</strong></span> <span class='ocrx_word' id='word_1_899' title='bbox 3438 5481 3496 5535; x_wconf 70' lang='lat' dir='ltr'><strong>ad</strong></span> 
     </span>
    </p>
   </div>
   <div class='ocr_carea' id='block_1_117' title="bbox 2298 5563 3707 5657">
    <p class='ocr_par' dir='ltr' id='par_1_117' title="bbox 2298 5563 3707 5657">
     <span class='ocr_line' id='line_1_117' title="bbox 2298 5563 3707 5657; baseline -0.006 -28"><span class='ocrx_word' id='word_1_900' title='bbox 2298 5575 2557 5630; x_wconf 83' lang='lat' dir='ltr'><strong>adductus</strong></span> <span class='ocrx_word' id='word_1_901' title='bbox 2591 5586 2664 5630; x_wconf 90' lang='lat' dir='ltr'><strong>est</strong></span> <span class='ocrx_word' id='word_1_902' title='bbox 2688 5615 2704 5639; x_wconf 85' lang='lat'><strong>,</strong></span> <span class='ocrx_word' id='word_1_903' title='bbox 2736 5586 2782 5630; x_wconf 81' lang='lat' dir='ltr'><strong>et</strong></span> <span class='ocrx_word' id='word_1_904' title='bbox 2806 5579 2938 5631; x_wconf 84' lang='lat' dir='ltr'><strong>sicut</strong></span> <span class='ocrx_word' id='word_1_905' title='bbox 2965 5595 3128 5649; x_wconf 75' lang='lat' dir='ltr'><strong>agnus</strong></span> <span class='ocrx_word' id='word_1_906' title='bbox 3166 5594 3331 5633; x_wconf 88' lang='lat' dir='ltr'><strong>coram</strong></span> <span class='ocrx_word' id='word_1_907' title='bbox 3375 5570 3569 5657; x_wconf 65' lang='lat' dir='ltr'><strong>tonde-lt</strong></span> 
     </span>
    </p>
   </div>
   <div class='ocr_carea' id='block_1_118' title="bbox 2298 5648 3707 5773">
    <p class='ocr_par' dir='ltr' id='par_1_118' title="bbox 2298 5648 3707 5773">
     <span class='ocr_line' id='line_1_118' title="bbox 2298 5648 3707 5773; baseline -0.019 -50"><span class='ocrx_word' id='word_1_908' title='bbox 2298 5683 2436 5730; x_wconf 79' lang='lat' dir='ltr'><strong>voce,</strong></span> <span class='ocrx_word' id='word_1_909' title='bbox 2465 5670 2539 5722; x_wconf 88' lang='lat' dir='ltr'><strong>sic</strong></span> <span class='ocrx_word' id='word_1_910' title='bbox 2566 5685 2677 5722; x_wconf 79' lang='lat' dir='ltr'><strong>non</strong></span> <span class='ocrx_word' id='word_1_911' title='bbox 2693 5670 2892 5738; x_wconf 85' lang='lat' dir='ltr'><strong>aperuit</strong></span> <span class='ocrx_word' id='word_1_912' title='bbox 2917 5686 2973 5723; x_wconf 79' lang='lat' dir='ltr'><strong>es</strong></span> <span class='ocrx_word' id='word_1_913' title='bbox 2996 5648 3184 5734; x_wconf 81' lang='lat' dir='ltr'><strong>suum;</strong></span> <span class='ocrx_word' id='word_1_914' title='bbox 3210 5670 3259 5722; x_wconf 89' lang='lat' dir='ltr'><strong>in</strong></span> <span class='ocrx_word' id='word_1_915' title='bbox 3287 5648 3707 5773; x_wconf 37' lang='lat' dir='ltr'><strong>hitmiltitatcisﬁa:</strong></span> 
     </span>
    </p>
   </div>
   <div class='ocr_carea' id='block_1_119' title="bbox 2295 5740 3679 5825">
    <p class='ocr_par' dir='ltr' id='par_1_119' title="bbox 2295 5740 3679 5825">
     <span class='ocr_line' id='line_1_119' title="bbox 2295 5740 3679 5825; baseline -0.001 -14"><span class='ocrx_word' id='word_1_916' title='bbox 2295 5756 2410 5825; x_wconf 81' lang='lat' dir='ltr'><strong>eius</strong></span> <span class='ocrx_word' id='word_1_917' title='bbox 2442 5755 2701 5811; x_wconf 84' lang='lat' dir='ltr'><strong>sublatum</strong></span> <span class='ocrx_word' id='word_1_918' title='bbox 2727 5768 2818 5812; x_wconf 85' lang='lat' dir='ltr'><strong>est.</strong></span> <span class='ocrx_word' id='word_1_919' title='bbox 2851 5756 3249 5814; x_wconf 82' lang='lat' dir='ltr'><strong>Communicato</strong></span> <span class='ocrx_word' id='word_1_920' title='bbox 3288 5761 3395 5825; x_wconf 66' lang='lat' dir='ltr'><strong>post</strong></span> <span class='ocrx_word' id='word_1_921' title='bbox 3421 5750 3513 5804; x_wconf 59' lang='grc' dir='ltr'><strong>ὕπο</strong></span> <span class='ocrx_word' id='word_1_922' title='bbox 3534 5740 3635 5795; x_wconf 59' lang='grc' dir='ltr'><strong>ἀπο</strong></span> <span class='ocrx_word' id='word_1_923' title='bbox 3663 5740 3679 5775; x_wconf 44' lang='grc' dir='ltr'>ἶ</span> 
     </span>
    </p>
   </div>
  </div>
