3920 6310
146 332 303 390 1503

937 324 1197 393 PIPPI‘NI,
1235 323 1731 407 CAROLOMANNI
1770 323 1857 378 ΕΤ
1896 320 2206 414 suosua
2244 321 2652 379 DIPLOMATA.

3269 318 3407 375 1506

150 450 341 505 Iacere
385 445 767 502 decrevimus:
799 442 942 513 quod
996 442 1071 496 ita
1098 443 1153 496 in
1191 441 1284 496 Dei
1311 442 1528 496 nomine
1571 448 1627 494 et
1654 437 1731 494 fe-
1756 443 1807 503 Α
1832 437 2153 492 Adlabertus
2197 451 2293 506 per
2322 436 2601 506 parrochia
2644 434 3006 504 plantaverat,
3053 446 3243 489 omnes
3286 434 3407 505 igne

154 539 353 593 cimus.

229 628 288 683 In
343 627 593 698 primitus
636 624 1019 681 constituimus
1070 622 1177 679 fide
1235 621 1525 686 catholica,
1571 633 1734 691 quan

149 716 553 774 constituerunt
594 715 699 785 518
738 716 975 787 episcopi
1010 717 1064 771 in
1102 715 1342 772 Nicaeae
1384 714 1634 779 concilio,
1675 721 1737 768 ut

151 806 570 872 denuntiaretur
606 820 705 877 per
731 806 985 863 universa
1022 807 1238 878 regione
1265 814 1470 870 nostra,
1499 812 1556 860 et
1600 803 1737 858 iudi-

148 898 270 953 cias
311 898 601 954 eanouicas
627 897 857 953 aliorum
902 907 1236 963 sanctorum,
1268 911 1407 967 quae
1438 900 1736 951 constitue-

152 988 362 1042 runtin
382 989 601 1058 synodis
613 990 747 1055 suis;
772 990 1041 1059 quomodo
1068 988 1152 1045 lex
1185 989 1275 1044 Dei
1294 997 1350 1044 et
1370 987 1736 1043 ecclesiastica

149 1075 341 1147 regula
371 1085 743 1148 recuperetur,
771 1093 908 1146 quae
940 1079 993 1133 in
1028 1076 1219 1133 diebus
1246 1078 1491 1148 priorum
1534 1075 1736 1146 princi-

145 1178 282 1232 pum
310 1165 571 1236 dissipatu
589 1167 819 1222 corruit.

223 1270 280 1326 2.
310 1270 602 1343 Propterea
633 1288 732 1329 nos
760 1290 865 1329 una
888 1290 1016 1330 cum
1039 1288 1306 1331 consensu
1333 1274 1730 1345 episcoporum.

144 1363 270 1417 sive
315 1362 657 1419 sacerdotum
710 1379 805 1419 seu
850 1380 1131 1420 servorum
1178 1364 1277 1419 Dei
1321 1372 1378 1419 et
1414 1364 1733 1434 Optimatum

145 1467 400 1509 meorum
434 1455 670 1509 consilio
703 1456 1063 1521 decrevimus,
1093 1463 1155 1510 ut
1189 1456 1345 1510 annis
1386 1454 1610 1525 singulis
1647 1468 1736 1524 sy-

145 1542 297 1597 nodo
324 1555 587 1598 renovare
629 1543 941 1607 debeamus,
965 1553 1026 1599 ut
1060 1544 1291 1613 qualiter
1328 1543 1554 1615 populus
1582 1544 1737 1599 chri-

144 1632 364 1687 stianns
389 1632 455 1687 ad
484 1632 712 1701 salutem
740 1634 1043 1688 animarum
1072 1635 1357 1705 pervenire
1381 1632 1570 1703 possit,
1596 1640 1651 1687 et
1675 1639 1736 1686 ut

144 1720 395 1778 haeresis
420 1722 651 1793 amplius
682 1724 733 1778 in
762 1724 959 1796 populo
986 1738 1095 1779 non
1124 1731 1390 1793 resurgat,
1419 1722 1558 1777 sicut
1585 1721 1734 1776 inve-

1812 572 1818 579 .
1837 534 2241 582 consumantur.

1903 616 1957 671 8.
1988 615 2248 672 Similiter
2280 614 2532 679 diximus,
2566 622 2627 668 ut
2660 628 2832 683 neque
2861 610 3089 668 clericus
3125 610 3407 667 mulierem

1832 707 2034 773 habeat
2061 708 2117 763 in
2150 707 2310 763 domo
2346 721 2464 773 sua,
2498 706 2587 776 qui
2617 721 2740 761 cum
2771 704 2861 759 illo
2898 704 3123 770 habitet,
3154 699 3253 758 nisi
3295 717 3408 759 ma-

1835 807 1998 865 trem,
2020 807 2112 855 aut
2138 812 2403 864 sororem,
2428 796 2513 853 vel
2540 807 2701 869 uepta
2732 811 2848 853 sua.

1906 890 1959 947 9.
1988 888 2251 945 Similiter
2291 889 2699 952 constituemus,
2738 894 2800 940 ut
2837 885 3014 941 nullus
3040 884 3212 940 laicus
3245 885 3407 939 homo

1824 978 1946 1033 Deo
1986 986 2199 1035 sacrata
2230 976 2428 1034 femina
2462 978 2530 1032 ad
2569 977 2851 1032 mulierem
2895 990 3001 1030 non
3043 974 3267 1039 habeat,
3310 989 3411 1030 nec

1835 1082 1988 1122 suam
2033 1076 2342 1139 parentem;
2380 1082 2479 1121 nec
2522 1067 2718 1121 marito
2761 1065 3032 1119 viventem
3073 1079 3168 1118 sua
3215 1062 3409 1118 mulier

1834 1157 1970 1212 alius
1996 1173 2102 1212 non
2129 1157 2378 1228 accipiat,
2400 1172 2500 1211 nec
2526 1155 2719 1211 mulier
2745 1155 2958 1209 vivente
2986 1168 3083 1209 suo
3102 1153 3220 1209 viro
3248 1153 3410 1207 alium

1834 1247 2093 1317 accipiat;
2121 1246 2248 1316 quia
2276 1247 2506 1302 maritus
2530 1246 2755 1301 muliere
2783 1260 2880 1301 sua
2909 1260 3017 1299 non
3048 1242 3208 1299 debet
3231 1243 3411 1298 dimit-

1836 1346 1972 1402 tere,
1993 1346 2219 1408 excepto
2238 1353 2401 1393 causa
2423 1338 2793 1393 fornicationis
2814 1336 3168 1408 deprehensa.

1906 1427 1992 1481 10.
2028 1425 2087 1484 Si
2113 1428 2235 1498 quis
2264 1435 2453 1482 contra
2492 1428 2631 1482 hanc
2662 1427 2956 1492 decretam,
2988 1441 3151 1495 quam
3189 1424 3260 1481 25
3298 1426 3411 1496 epi-

1830 1518 1981 1587 scopi
2011 1531 2133 1571 cum
2162 1515 2282 1571 aliis
2308 1516 2676 1572 sacerdotibus
2702 1515 2789 1572 vel
2819 1517 2991 1571 servis
3018 1515 3132 1581 Dei,
3162 1531 3265 1572 una
3287 1531 3413 1572 cunt

1824 1619 2099 1661 consensu
2119 1605 2416 1676 principem
2438 1605 2665 1676 Pippino
2683 1604 2768 1660 vel
2788 1604 3139 1661 obtimatibus
3176 1604 3412 1661 Franco-

1829 1710 1954 1750 rum
1982 1696 2207 1752 consilio
2249 1697 2678 1761 constituerunt,
2718 1698 3081 1768 trausgredire
3116 1697 3204 1752 vel
3240 1696 3413 1769 legem

148 1811 335 1867 nimus
373 1812 428 1867 in
474 1785 781 1869 A-dlaberto-
797 1785 1086 1877 haeresim,
1110 1785 1585 1883 quemupubliciter
1626 1827 1731 1866 una
1761 1811 1806 1871 Β
1835 1786 2136 1883 ίῖῃξωνθτθ
2158 1786 2466 1883 ,νθξθθὼηἶ
2488 1785 2586 1883 νθι,
2618 1785 2985 1883 disPe‘eﬁm’
3030 1786 3300 1883 ίξκὲξωίω
3343 1786 3416 1842 ⁸⁵⁸

144 1914 284 1956 voce
319 1902 814 1958 condemnaveruut
835 1900 910 1957 33
939 1902 1210 1977 episcopi;
1243 1901 1417 1957 et.alii
1450 1899 1602 1955 multi
1648 1914 1737 1955 sa-

144 1991 413 2054 cerdotis.
440 2006 563 2048 cum
604 2006 868 2048 consensu
894 1991 1153 2062 principis
1188 2001 1246 2048 et
1271 1991 1475 2064 populi,
1505 1990 1580 2046 ita
1598 2004 1737 2046 eon-

146 2078 550 2134 demnaverunt
579 2082 751 2150 ipsum
777 2080 1145 2147 Adlabertum,
1173 2091 1233 2137 ut
1258 2082 1486 2153 amplius
1513 2082 1739 2153 pepnlns

132 2171 255 2237 per
278 2168 447 2226 falsus
474 2172 783 2229 sacerdotes
809 2173 1066 2244 deceptus
1091 2189 1196 2227 non
1225 2181 1431 2244 pereat.

223 2282 279 2338 3.
296 2282 513 2340 Idcirco
540 2283 919 2341 constituimus
945 2284 1290 2355 per-consilio
1316 2284 1657 2341 sacerdotum
1683 2292 1740 2340 et

127 2374 470 2443 optimatum
502 2389 764 2441 meorum,
789 2385 845 2431 et
871 2374 1241 2432 ordinavimus
1271 2391 1367 2448 per
1392 2377 1643 2432 civitates
1665 2376 1739 2430 lc—

147 2463 370 2536 gitimos
392 2466 704 2538 episcopos;
723 2466 928 2522 idcirco
948 2467 1337 2523 constituemus
1354 2482 1518 2537 super
1537 2482 1631 2522 eos
1650 2481 1737 2520 ar-

116 2556 528 2628 -chiepiscopus
548 2569 574 2597 ι
598 2557 731 2612 Abel
749 2566 808 2613 et
825 2557 855 2598 δ
872 2557 1255 2623 Ardobertum,
1282 2566 1344 2612 ut
1362 2558 1430 2613 ad
1460 2557 1628 2628 ipsius
1653 2555 1737 2611 vel

150 2644 347 2700 iudicia
376 2660 565 2699 θοιοιιιιι
593 2646 661 2701 de
691 2662 852 2701 ouiiie
883 2647 1206 2702 necessitate
1243 2645 1613 2702 ecclesiastica
1653 2660 1737 2700 ro-

112 2744 379 2801 —eurrant
414 2745 523 2789 tam
549 2735 785 2806 episcopi
831 2750 994 2805 qnam
1028 2734 1163 2790 alius
1192 2733 1438 2806 populus.
1480 2733 1552 2790 Ut
1602 2733 1738 2789 ordo

152 2828 536 2884 monachorum
581 2830 664 2883 vel
712 2828 1027 2884 ancillarum
1069 2828 1167 2885 Dei
1210 2829 1506 2887 secundum
1554 2829 1734 2899 regula
1820 2836 1825 2839 “

150 2927 340 2993 sancta
372 2918 593 2974 stabiles
616 2928 996 2989 [pennaneauu
1025 2929 1082 2975 et
1108 2919 1175 2974 de
1218 2918 1379 2974 rebus
1410 2918 1737 2976 ecclesiasti-

146 3008 232 3065 eis
254 3008 574 3069 subtraditis
594 3008 844 3063 monachi
881 3009 966 3063 vel
989 3009 1220 3065 ‘ancillas
1249 3007 1341 3063 Dei
1368 3007 1732 3073 consolentur,

151 3114 326 3170 usque
368 3102 433 3154 ad
474 3099 686 3155 illorum
736 3099 1044 3154 necessitati
1098 3098 1462 3165 satisfaciant;
1503 3107 1559 3154 et
1592 3098 1735 3168 quod

149 3188 509 3259 superaverit,
539 3202 733 3244 census
764 3187 988 3245 levetur.
1013 3188 1081 3245 Et
1104 3188 1286 3244 abbati
1319 3189 1541 3260 legitimi
1564 3198 1681 3244 oste

150 3294 259 3349 ιιυιι
301 3279 522 3343 faciant,
562 3278 664 3334 nisi
706 3286 913 3335 tantum
951 3280 1183 3335 hominis
1221 3295 1411 3335 eorum
1456 3280 1732 3334 transmit-

150 3378 285 3425 tant.
314 3369 378 3424 Et
400 3384 591 3424 omnes
622 3369 803 3425 clerici
844 3369 1252 3425 fornicationem
1292 3385 1397 3424 non
1430 3370 1649 3433 faciant,
1684 3376 1735 3423 et

149 3457 301 3513 abitu
333 3458 588 3513 laiconnn
614 3473 718 3514 non
749 3468 986 3529 portent,
1016 3476 1116 3515 nec
1141 3460 1283 3531 apud
1313 3460 1464 3516 cauis
1499 3460 1741 3514 venatio-

150 3564 251 3603 nes
277 3565 382 3603 non
416 3549 636 3612 faciant,
666 3566 762 3604 nec
785 3559 1099 3620 accepturus
1123 3565 1228 3604 non
1253 3558 1491 3620 portant.

218 3664 273 3718 ι.
305 3662 569 3721 Similiter
588 3666 950 3731 decrevimus,
980 3675 1040 3720 ut
1076 3665 1199 3721 laici
1240 3667 1489 3722 homines
1515 3665 1738 3737 legitimi

146 3754 352 3818 vivant,
377 3764 434 3809 et
472 3754 703 3810 diversis
733 3753 1104 3810 fornicationis
1142 3771 1247 3810 non
1283 3757 1505 3820 faciant,
1537 3763 1593 3811 et
1617 3771 1739 3825 per-

140 3841 319 3898 iurias
340 3843 393 3896 in
428 3841 655 3911 ecclesia
679 3860 784 3897 non
806 3845 1251 3909 consentiantaet
1270 3843 1387 3900 falsi
1419 3844 1741 3900 testimoniis

146 3949 257 3989 non
283 3934 484 4000 dicant,
508 3944 563 3989 ct
582 3936 866 3991 ecclesiam
889 3936 983 3991 Dei
1013 3937 1230 3992 inomni
1261 3938 1583 3993 necessitate
1611 3953 1739 3992 con-

147 4031 383 4079 sertrent.
413 4024 481 4080 Et
509 4026 874 4099 unusquisque
913 4028 1195 4097 presbyter
1231 4028 1321 4097 qui
1361 4028 1413 4081 in
1453 4029 1739 4097 parrocbia

148 4120 258 4175 est,
288 4112 543 4184 episcopo
572 4113 826 4169 obediens
852 4124 907 4168 et
932 4115 1205 4169 subiectus
1237 4116 1328 4180 sit,
1357 4126 1413 4169 et
1440 4131 1653 4185 semper
1685 4117 1737 4170 in

153 4215 326 4257 coena
383 4203 592 4258 Domini
631 4204 895 4258 rationem
922 4213 979 4259 et
1030 4206 1274 4259 ordinem
1321 4206 1605 4259 ministerii
1654 4208 1736 4260 sui

147 4292 404 4362 episcopo
436 4294 642 4359 reddat,
672 4303 727 4350 et
759 4295 959 4349 crisma
983 4303 1039 4350 et
1072 4294 1192 4350 oleo
1221 4304 1389 4365 petat.
1428 4295 1493 4349 Et
1522 4296 1737 4364 quando

147 4383 270 4438 iure
293 4386 552 4441 canonico
578 4386 865 4458 episcOpus
892 4387 1189 4463 circumeat
1216 4389 1499 4458 parrochia
1527 4388 1595 4443 ad
1618 4405 1735 4444 con-

147 4471 474 4526 ﬁrmandum
508 4473 763 4543 populum
791 4474 1028 4545 episcopi
1066 4475 1179 4528 sive
1218 4474 1395 4528 abbati
1438 4475 1551 4529 sive
1588 4490 1736 4545 pres-

147 4560 328 4633 byteri
344 4571 534 4633 parata
556 4563 667 4618 sint
695 4564 763 4617 ad
794 4563 1191 4635 suscipiendum
1220 4563 1473 4633 episcopo
1502 4563 1556 4618 in
1586 4564 1737 4618 adiu-

150 4654 350 4708 torimn
375 4655 734 4711 necessitatis.

221 4765 272 4821 5.
305 4767 374 4821 Et
411 4775 736 4832 statuemus,
760 4776 817 4821 ut
856 4770 1300 4839 supervenientes
1336 4769 1620 4839 episcopus
1652 4769 1736 4821 vd

148 4858 483 4930 presbyteris
525 4859 593 4913 de
633 4859 752 4915 aliis
781 4861 1086 4931 regionibus
1127 4878 1232 4917 non
1278 4861 1641 4933 suscipiantur
1683 4862 1735 4917 in

149 4950 452 5006 ministerio
502 4951 792 5017 ecclesiae,
830 4952 933 5008 nisi
981 4953 1131 5023 prius
1176 4952 1379 5009 fuerint
1424 4953 1633 5023 probati
1669 4951 1738 5008 ab

147 5041 406 5112 episcopo
430 5042 587 5098 cuius
609 5044 899 5112 parrochia
924 5053 1030 5099 est.

224 5149 280 5205 ti.
310 5149 378 5204 Et
401 5152 623 5206 omnino
650 5152 1010 5218 decrevimus,
1038 5162 1099 5209 ιιι
1136 5157 1504 5227 unusquisque
1531 5158 1739 5228 episco-

150 5251 254 5308 pus
294 5238 350 5293 in
384 5253 480 5293 sua
522 5240 811 5310 parrochia
844 5240 1259 5298 sollicitudinem
1298 5243 1518 5310 habeat,
1547 5255 1609 5300 ut
1641 5262 1741 5317 po-

150 5325 311 5397 pulus
351 5328 679 5384 cbristianus
706 5344 946 5400 paganus
980 5346 1085 5385 non
1116 5330 1267 5387 fiant.
1312 5333 1378 5387 Et
1414 5349 1513 5403 per
1548 5350 1739 5391 omnes

148 5413 386 5471 civitatis
416 5415 689 5488 legitimus
716 5417 869 5475 forus
899 5428 957 5474 et
994 5434 1281 5477 mensuras
1312 5420 1500 5490 faciat,
1543 5439 1735 5482 secun-

151 5501 280 5561 dum
309 5504 669 5563 habundantia
698 5511 976 5582 temporis.

223 5592 275 5646 7.
300 5593 569 5651 «Similiter
590 5599 1002 5664 constituemus,
1029 5609 1091 5655 ut
1121 5600 1239 5657 illas
1265 5602 1568 5658 crucicnlas
1599 5618 1738 5672 quas

223 5736 250 5765 ι
280 5723 660 5783 Rbetnensem.

1838 1874 1906 1930 ab
1937 1875 2055 1946 ipso
2088 1875 2352 1946 principe,
2384 1876 2469 1930 vel
2502 1876 2769 1947 episcOpis
2807 1890 2902 1930 seu
2932 1875 3239 1941 comitibus,
3264 1890 3413 1931 com-

1837 1974 2003 2036 ponat
2047 1967 2339 2021 secundum
2378 1968 2521 2036 quod
2557 1968 2612 2020 in
2659 1966 2774 2036 lege
2810 1967 3071 2037 scrime
3115 1975 3220 2033 est,
3246 1981 3413 2021 unus-

1836 2058 2064 2128 quisque
2105 2058 2255 2114 iuxta
2282 2058 2470 2113 ordine
2514 2072 2631 2113 suo.
2659 2057 2725 2113 Et
2749 2058 2795 2112 si
2842 2058 2979 2113 haec
3019 2057 3201 2112 omnia
3230 2055 3417 2113 obser—

1835 2150 2101 2216 vavimus,
2138 2151 2282 2221 quod
2328 2152 2577 2221 superius
2619 2151 2881 2221 scriptum
2924 2160 3037 2216 est,
3077 2150 3275 2207 Christi
3316 2152 3417 2207 mi-

1835 2240 2129 2297 sericordia
2169 2241 2412 2298 invenire
2460 2252 2710 2313 aptemus
2753 2242 2807 2296 in
2854 2242 3038 2296 secula
3085 2243 3410 2297 seculorum.

1836 2328 2031 2386 Amen.
3030 2330 3033 2333 ’

1907 2421 1947 2492 -ι-
1985 2419 2208 2493 Signum
2232 2421 2458 2480 inluster
2490 2423 2575 2478 vir
2599 2422 2846 2495 Pippino,
2878 2423 3377 2480 maiorumdumus.

1906 2513 1948 2582 1-
1987 2511 2211 2584 Signum
2234 2512 2543 2570 Radobodo.

1907 2606 1949 2675 «ι-
1986 2603 2212 2677 Signum
2236 2604 2509 2662 Ariberto.

1871 2760 1877 2767 ,
1909 2698 1949 2767 -ι-
1987 2694 2214 2770 Signum
2241 2696 2609 2769 Helmigaudo.

2585 2825 2674 2882 IV.

2407 2934 2647 2991 PlPPlNI
2674 2934 2877 2992 REGIS

2014 3046 2447 3103 CAPITULARE
2477 3047 2963 3105 VERMERIENSE
2982 3049 3094 3105 AN.
3117 3050 3240 3109 753.

1684 3168 1813 3245 m'c
1914 3161 2146 3245 textum
2183 3161 2663 3245 constitutioniia‘
2684 3161 2974 3245 Sirmomlo
3007 3173 3065 3219 et
3098 3163 3417 3245 ABaluzionex

1841 3230 2029 3304 codice
2054 3231 2225 3287 sancti
2251 3230 2533 3304 _Vinc_euti_i
2562 3231 2816 3289 Metensis
2849 3233 3026 3299 editae,
3057 3242 3218 3304 atque
3242 3250 3274 3289 a
3304 3234 3421 3291 Sir-

1842 3301 2037 3373 mondo
2064 3302 2361 3373 secundum
2389 3300 2718 3373 Reginonem
2745 3305 3026 3373 conventui
3058 3300 3420 3361 \‘c'rmeriensi

1843 3371 2149 3443 vindicate,
2203 3370 2403 3443 auxilio
2446 3370 2647 3443 codicis
2676 3372 2703 3443 Vl
2739 3373 2868 3443 regii
2915 3372 3232 3429 Parisiensis
3277 3375 3420 3429 inter

1843 3438 2226 3513 Supplementa
2270 3439 2458 3513 Latina
2488 3456 2543 3513 n_.
2567 3438 2910 3513 7_54insigiiis,
2950 3444 3129 3499 sasculi
3171 3460 3226 3510 ι,
3269 3459 3420 3500 recu-

1842 3510 2143 3583 gnovimus.
2176 3510 2369 3583 Exstat
2393 3510 2868 3583 V.Acl._Pforinger
2911 3512 3182 3583 indicante
3214 3524 3273 3570 et
3296 3514 3333 3570 2
3361 3516 3418 3570 in

1842 3579 2029 3663 codice
2070 3579 2314 3663 Ansegisi
2362 3581 2509 3663 regio
2556 3579 3036 3663 Monacensiplim
3085 3582 3415 3663 Augustam.

1841 3648 2177 3704 Conventum
2208 3648 2635 3705 Vermerieusem
2661 3666 2803 3705 anno
2820 3653 2946 3715 735,
2970 3667 3067 3708 nec
3097 3662 3154 3706 ut
3171 3648 3419 3707 Sirmon—

1841 3721 1942 3792 dus
1968 3719 2297 3792 etBaluzius
2322 3722 2656 3792 scripserunt
2685 3724 2965 3785 anteriori,
2986 3738 3095 3792 quo
3119 3723 3420 3779 Suessioni-

1842 3790 1944 3845 bus
1975 3788 2257 3861 Pippinum
2294 3788 2713 3861 regeni_factum
2750 3807 2871 3847 esse
2912 3788 3149 3861 constat,
3178 3792 3421 3849 celebra-

1844 3869 1954 3932 tum
1997 3858 2187 3932 fuisse,
2225 3858 2438 3932 chartis
2484 3859 2691 3932 Pippini
2737 3878 2835 3932 an.
2865 3858 2967 3918 753
3006 3877 3191 3918 mense
3230 3862 3421 3918 Martio

1843 3928 2135 3985 Vermerim
2158 3931 2298 3985 datis
2327 3928 2804 4001 probari'videlur.
2832 3928 2835 3935 ’

1914 4018 1965 4093 i.
1986 4040 2041 4096 ln
2067 4042 2227 4096 tertio
2251 4043 2534 4113 gennclum
2560 4054 2900 4116 separantur,
2917 4054 2972 4098 et
2999 4054 3119 4114 post
3146 4045 3423 4115 poeniten-

1842 4129 1973 4184 tiam
2000 4141 2199 4196 actam,
2236 4134 2280 4187 si
2319 4134 2392 4187 ita
2431 4134 2721 4198 voluerint,
2753 4135 3024 4189 licentiam
3063 4133 3267 4188 habent
3304 4134 3423 4188 aliis

1840 4234 1899 4272 se
1927 4220 2270 4290 coniungere.
2304 4221 2362 4276 In
2396 4234 2587 4292 quarta
2625 4234 2804 4277 autem
2842 4224 3217 4279 coniunctione
3248 4225 3293 4278 si
3339 4225 3420 4278 in-

1839 4312 1983 4365 venti
2015 4310 2245 4376 fuerint,
2276 4330 2371 4368 eos
2399 4330 2504 4370 non
2543 4332 2874 4387 separamus,
2913 4316 3006 4372 sed
3033 4316 3419 4387 poenitentiam

1840 4404 1919 4457 eis
1946 4403 2270 4459 indicamus.
2300 4404 2553 4461 Attamen
2598 4408 2642 4465 si
2686 4407 2886 4462 factum
2932 4424 3038 4461 non
3089 4406 3273 4471 fuerit,
3302 4406 3422 4462 nul-

1840 4494 1948 4549 lam
1977 4493 2291 4550 facultatem
2320 4498 2677 4570 coniungendi
2728 4500 2782 4554 in
2844 4506 3035 4570 quarta
3075 4497 3421 4572 generatione

1841 4586 2053 4639 damus.

1908 4697 1963 4751 2.
1994 4696 2052 4751 Si
2081 4697 2276 4769 aliquis
2302 4715 2426 4755 cum
2456 4699 2680 4756 filiastra
2708 4717 2804 4756 sua
2834 4710 3034 4765 manet,
3060 4716 3159 4756 nec
3188 4709 3420 4757 matrem

1839 4802 1940 4842 nec
1967 4788 2132 4844 ﬁliam
2162 4791 2327 4861 ipsius
2349 4800 2526 4861 potest
2546 4792 2767 4856 habere,
2799 4807 2899 4846 nec
2932 4791 3019 4846 ille
3050 4806 3150 4847 nec
3181 4791 3268 4857 illa
3302 4792 3424 4847 aliis

1842 4893 1900 4933 se
1926 4888 2180 4949 poterunt
2205 4882 2534 4953 coniungere
2564 4882 2672 4936 ullo
2710 4900 2946 4952 unquam
2982 4894 3242 4953 tempore.
3271 4883 3424 4937 Atta-

1844 4984 1968 5025 men
2016 4986 2155 5024 uxor
2180 4972 2319 5036 eius,
2362 4973 2407 5027 si
2437 4974 2512 5027 ita
2542 4974 2790 5039 voluerit,
2835 4975 2881 5030 si
2920 4990 2978 5030 se
3002 4976 3280 5030 continere
3316 4990 3423 5030 non

1840 5070 2039 5132 potest,
2077 5063 2122 5116 si
2150 5072 2335 5131 postea
2364 5079 2527 5133 quam
2565 5065 2817 5135 cognovit
2852 5066 2996 5135 quod
3035 5080 3159 5120 cum
3188 5063 3299 5119 filia
3326 5080 3423 5120 sua

1842 5150 1924 5203 vir
1960 5150 2079 5204 eius
2107 5148 2209 5205 fuit
2237 5152 2290 5206 in
2321 5152 2609 5217 adulterio,
2635 5153 2851 5208 carnale
2880 5154 3265 5210 commercium
3296 5169 3423 5209 cum

1839 5253 1906 5292 eo
1932 5254 2038 5293 non
2064 5240 2248 5305 habet,
2275 5241 2379 5296 nisi
2422 5242 2695 5298 voluntate
2726 5259 2785 5299 se
2822 5243 3077 5310 abstinet,
3107 5238 3284 5316 potest
3317 5245 3424 5300 alio

1842 5327 2064 5382 nubere.
2330 5370 2339 5373 -
3448 5388 3455 5397 .

1913 5418 1967 5471 5.
2001 5417 2061 5473 Si
2082 5419 2207 5489 quis
2235 5419 2520 5491 presbyter
2543 5432 2759 5495 neptam
2788 5440 2943 5481 suam
2969 5440 3195 5483 uxorem
3220 5425 3423 5482 habue-
3493 5428 3505 5441 ‘

1846 5510 1935 5573 rit,
1968 5510 2138 5581 ipsum
2167 5511 2421 5579 dimittat,
2456 5521 2513 5568 et
2554 5515 2779 5586 gradum
2809 5519 3019 5589 perdat.
3052 5518 3110 5575 Si
3139 5518 3274 5573 alius
3299 5530 3421 5571 eam

1844 5601 2138 5671 acceperit,
2168 5611 2223 5656 et
2256 5602 2428 5673 ipsam
2455 5620 2487 5660 a
2527 5621 2585 5662 se
2608 5607 2814 5662 reiciat.
2846 5607 2902 5664 Si
2932 5624 2991 5667 se
3012 5607 3288 5664 continere
3313 5617 3424 5661 non

1924 5732 1950 5770 δ
1978 5730 2363 5792 Scuoneusem.
