3920 6310
667 327 801 383 1507

1683 323 1954 381 secum
1993 322 2104 381 vui
2141 307 2572 380 MONUMENTA
2615 320 2943 378 SELECTA.
3621 336 3692 397 m

662 456 859 517 potest,
883 445 1041 500 aliam
1063 443 1318 524 accipiat;
1347 443 1471 512 quia
1501 442 1919 513 reprehensibile
1939 451 2042 507 est,
2068 451 2127 496 ut
2154 455 2238 494 re—
2264 445 2312 500 Α
2339 447 2537 508 potest,
2578 438 2738 493 aliam
2781 455 3002 494 uxorem
3043 455 3162 494 cum
3207 442 3475 512 poenitentia
3497 459 3694 518 pulsum.

663 539 845 594 lictam
874 538 1169 592 sacerdotis
1195 535 1329 590 alius
1347 537 1508 590 homo
1529 533 1745 588 habeat.

732 631 786 684 4.
820 631 891 686 Ut
925 630 1161 700 quolibet
1198 628 1357 683 modo
1395 626 1595 682 femina
1637 624 1815 682 velum
1855 626 2143 697 acceperit,
2184 626 2238 680 in

662 724 766 778 hoc
789 730 1121 792 permaneat,
1150 719 1251 773 nisi
1280 734 1338 773 se
1373 719 1595 772 invitam
1623 725 1714 771 aut
1738 717 2239 771 reclamantem've—

661 813 855 869 laverit
903 813 1112 882 aliquis.
1155 811 1355 866 Tamen
1404 811 1823 881 praedicandum
1869 817 1971 874 est,
2015 817 2075 862 ut
2113 823 2236 862 cum

662 904 780 958 velo
814 918 911 957 suo
953 910 1284 972 permaneat,
1326 893 1371 954 si
1413 897 1659 954 voluerit.
1689 897 1842 965 Quod
1868 897 1913 952 si
1954 897 2236 968 presbyter

661 1010 782 1050 cam
837 994 1060 1047 invitam
1116 991 1605 1059 reclamantemque
1660 987 1949 1052 velaverit,
2007 987 2233 1058 gradum

660 1099 814 1140 suum
839 1099 938 1154 pro
969 1084 1072 1138 hac
1094 1098 1258 1138 causa
1298 1081 1506 1150 perdat.
1545 1079 1696 1146 Quod
1733 1080 1776 1134 si
1822 1077 2134 1148 contigerit,
2176 1085 2235 1131 ut

660 1173 856 1228 mulier
901 1173 1016 1226 sine
1042 1171 1414 1226 convenientia
1443 1168 1548 1222 viri
1596 1169 1678 1222 sui
1705 1184 1763 1222 se
1799 1166 1981 1221 velare
2011 1181 2234 1236 praesu-

660 1273 799 1327 mat,
834 1264 886 1316 in
925 1270 1191 1332 potestate
1220 1259 1319 1314 viri
1354 1259 1472 1313 eius
1508 1257 1640 1322 erit,
1670 1266 1761 1311 aut
1789 1257 1842 1311 in
1890 1257 1992 1310 hoc
2021 1271 2233 1326 perma-

661 1361 803 1417 neat,
830 1361 920 1407 aut
948 1368 1074 1407 non.

726 1463 779 1516 5.
814 1462 873 1517 Si
903 1477 1008 1532 qua
1037 1461 1231 1516 mulier
1253 1468 1481 1515 mortem
1513 1459 1615 1512 viri
1641 1458 1723 1512 sui
1757 1472 1881 1512 cum
1910 1457 2030 1511 aliis
2058 1456 2234 1512 homi-

659 1554 815 1609 nibus
855 1553 1173 1618 consiliavit,
1200 1562 1258 1608 et
1288 1553 1404 1623 ipse
1427 1552 1512 1606 vir
1538 1552 1706 1623 ipsius
1742 1551 2014 1607 hominem
2043 1566 2103 1606 se
2140 1551 2234 1604 de-

657 1647 922 1703 fendendo
960 1648 1238 1712 occiderit,
1269 1656 1326 1702 et
1364 1648 1468 1702 hoc
1507 1645 1738 1716 probare
1778 1654 1974 1716 potest,
2018 1644 2106 1699 ille
2149 1644 2233 1697 vir

656 1747 836 1809 potest
875 1739 1047 1810 ipsam
1075 1754 1301 1794 uxorem
1325 1739 1618 1802 dimittere,
1640 1746 1694 1791 et
1723 1738 1767 1792 si
1790 1736 2038 1801 voluerit,
2069 1737 2231 1790 aliam

639 1829 904 1898 accipiat.
942 1827 1093 1899 [Ipsa
1140 1835 1320 1882 autem
1370 1828 1692 1892 insidiatrix,
1736 1827 2068 1897 poenitentia
2108 1825 2234 1880 sub-

657 1926 799 1982 acta,
826 1917 1027 1986 absque
1051 1932 1144 1986 spe
1164 1917 1397 1988 coniugii
1425 1916 1686 1988 maneat.]

637 2047 640 2050 λ
725 2030 778 2085 6.
810 2029 870 2085 Si
898 2031 1020 2099 quis
1056 2029 1318 2099 ingenuus
1354 2031 1515 2084 homo
1539 2029 1787 2084 ancillam
1815 2044 2040 2085 uxorem
2078 2044 2235 2084 acce-

655 2123 795 2193 perit
813 2138 912 2194 pro
933 2123 1183 2193 ingenua,
1209 2125 1254 2178 si
1283 2125 1394 2195 ipsa
1425 2125 1624 2179 femina
1652 2131 1838 2194 postea
1868 2122 2032 2178 fuerit
2060 2125 2236 2179 inser-

654 2214 784 2277 vita,
817 2211 884 2286 [si
919 2227 1036 2267 eam
1066 2229 1096 2267 ει
1124 2215 1382 2268 servitute
1411 2215 1680 2268 redimere
1709 2220 1905 2284 potest,
1936 2211 2153 2284 faciat];
2186 2213 2232 2267 si

655 2304 844 2358 redimi
874 2319 978 2357 non
1004 2313 1201 2374 potest,
1228 2305 1273 2358 si
1302 2306 1375 2359 ita
1411 2304 1662 2369 voluerit,
1692 2305 1853 2360 liceat
1878 2305 1926 2359 ei
1957 2292 2114 2358 aliam
2145 2319 2234 2358 ac-

652 2395 853 2466 cipere.
893 2396 1154 2452 Similiter
1183 2405 1238 2452 et
1266 2397 1461 2452 mulier
1495 2397 1745 2468 ingenua,
1773 2397 1820 2452 si
1849 2413 2065 2452 servum
2095 2397 2234 2451 acci-

655 2490 768 2558 piat
805 2505 904 2560 pro
933 2491 1184 2560 ingenuo,
1215 2499 1269 2545 et
1305 2499 1490 2560 postea
1524 2506 1622 2561 pro
1658 2490 2036 2560 qualicumque
2070 2504 2233 2543 causa

655 2579 944 2635 inservitus
988 2580 1171 2646 fuerit,
1209 2583 1311 2636 nisi
1349 2598 1448 2652 pro
1490 2582 1670 2652 inopia
1726 2581 1866 2636 fame
1908 2590 2134 2652 cogente
2175 2595 2234 2635 se

657 2670 976 2734 vendiderit,
996 2679 1053 2724 et
1079 2672 1192 2740 ipsa
1218 2672 1320 2725 hoc
1339 2672 1692 2735 consenserit,
1717 2680 1772 2725 et
1796 2673 1862 2725 de
1890 2671 2106 2740 praeeio
2129 2671 2232 2724 viri

654 2759 738 2812 sui
767 2773 799 2812 a
825 2759 966 2812 fame
1004 2759 1229 2813 liberata
1254 2759 1437 2824 fuerit,
1469 2762 1514 2815 si
1539 2761 1772 2815 voluerit
1796 2769 1976 2830 potest
1999 2774 2123 2814 eum
2153 2761 2234 2815 di-

657 2847 891 2912 mittere,
916 2857 973 2903 et
999 2849 1044 2903 si
1075 2864 1132 2903 se
1163 2851 1440 2904 continere
1467 2865 1573 2904 non
1602 2859 1800 2919 potest,
1827 2850 1988 2904 alium
2013 2850 2228 2905 ducere.

655 2936 919 2992 Similiter
949 2945 1005 2992 et
1029 2938 1098 2991 de
1126 2937 1370 3001 muliere,
1404 2940 1448 2993 si
1485 2954 1543 2993 se
1568 2941 1889 3005 vendiderit,
1925 2949 1980 2996 et
2009 2941 2092 2995 vir
2115 2942 2232 2996 eius

657 3035 730 3082 ita
765 3029 1118 3093 consenserit,
1151 3029 1332 3082 taliter
1355 3038 1534 3099 potest
1570 3038 1735 3094 stare,
1768 3031 1812 3084 si
1851 3045 1911 3085 se
1946 3045 2232 3102 separave-

2413 545 2490 584 re.

2413 545 2490 584 re.

2340 545 2499 672 μω.
2533 617 2590 673 Si
2619 618 2759 675 ﬁlius
2809 637 2932 676 cum
2981 639 3204 678 noverca
3231 641 3334 692 sua,
3354 643 3487 684 mre
3512 637 3624 702 patris
3647 644 3697 705 sui,

2337 707 2639 776 dormierit,
2661 727 2759 766 nec
2782 711 2868 768 ille
2894 729 2993 768 nec
3012 714 3099 768 illa
3119 727 3325 785 possunt
3348 719 3402 772 ad
3418 721 3623 792 coniugium
3638 746 3698 798 ρετ.

2336 799 2539 854 venire.
2571 799 2678 854 Sed
2704 800 2790 855 ille
2816 802 2922 868 vir,
2945 804 2986 857 si
3014 804 3148 868 vult,
3176 814 3333 874 potest
3352 805 3477 861 aliam
3498 818 3699 869 uxoremn:-

2335 890 2491 954 bere;
2524 891 2616 944 sed
2649 891 2839 946 melius
2861 901 2944 947 est
2971 894 3253 950 abstinere.

2409 979 2495 1033 11.
2530 979 2586 1033 Si
2609 981 2730 1050 quis
2757 997 2882 1036 cum
2913 982 3134 1037 [iliastra
3163 1000 3251 1038 sua
3271 985 3513 1052 dormierit,
3528 990 3626 1045 simili
3641 1009 3701 1047 tet-
3776 979 3777 1026 ἶ

2336 1071 2500 1124 tentia
2524 1079 2669 1125 stare
2695 1079 2906 1140 potest;
2938 1083 2996 1128 et
3020 1089 3142 1128 cum
3168 1089 3335 1130 sorore
3359 1078 3502 1132 uxoris
3776 1067 3777 1140 l

2335 1161 2495 1214 modo
2522 1170 2669 1216 stare
2693 1171 2895 1232 potest.

2407 1249 2494 1302 12.
2523 1249 2624 1317 Qui
2663 1252 2946 1309 dormierit
2989 1269 3113 1308 cum
3147 1253 3336 1310 duobus
3376 1259 3702 1321 sororibus,etuu

2334 1357 2399 1395 ex
2432 1342 2536 1398 illis
2564 1355 2725 1400 antea
2743 1363 2882 1401 uxor
2907 1347 3094 1412 fuerit,
3123 1348 3308 1402 nullam
3331 1365 3387 1403 ex
3410 1350 3488 1404 illis
3502 1352 3702 1413 habeantet

2337 1429 2425 1486 illa
2455 1433 2695 1489 adultera
2729 1451 2906 1502 soror,
2934 1452 3037 1491 nec
3066 1437 3153 1493 ille
3197 1439 3275 1492 vir
3296 1439 3492 1508 quicum
3525 1438 3704 1492 illzadnlts

2336 1523 2497 1589 ravit,
2529 1523 2660 1580 alios
2679 1543 2936 1597 umquam
2968 1528 3249 1597 accipiant.

2406 1613 2492 1667 l3.
2524 1613 2624 1680 Qui
2655 1615 2758 1670 scit
2783 1631 3007 1670 uxorem
3055 1632 3205 1670 suam
3242 1616 3454 1671 ancillam
3488 1631 3583 1678 esse,
3609 1627 3642 1669 et
3665 1631 3704 1667 ar-

2334 1705 2477 1776 cepit
2529 1720 2648 1760 eam
2701 1705 3004 1762 voluntarie
3035 1747 3051 1773 ,
3120 1723 3321 1780 semper
3363 1719 3506 1780 postea
3536 1716 3704 1778 permanat
3776 1735 3777 1780 ἦ

2263 1786 2309 1846 Β
2339 1810 2460 1848 cum
2492 1811 2576 1849 ea.

2407 1886 2492 1939 H.
2556 1887 2627 1942 Ut
2678 1888 2748 1942 ab
2796 1890 3064 1960 episcopis
3109 1889 3463 1945 ambulantilius
3511 1905 3577 1960 per
3604 1889 3704 1958 [atras

2334 1976 2601 2030 ordinatio
2627 1979 3058 2047 prcsbiterorum
3089 1995 3194 2034 non
3215 1979 3317 2034 fiat.
3356 1979 3404 2034 Si
3423 1988 3552 2033 autem
3565 1979 3704 2033 bonisnm
3776 1976 3777 2036 ἓ

2335 2066 2408 2120 illi
2445 2069 2754 2137 presliiteri,
2782 2070 2978 2124 iterum
3005 2080 3388 2126 consecrentur.

2407 2155 2491 2210 l5.
2526 2155 2800 2212 Prcsbiter
2844 2159 3175 2230 degradatus
3198 2201 3214 2226 ,
3267 2170 3396 2215 certa
3438 2160 3705 2214 neassitateu»

2334 2255 2512 2316 gente,
2545 2261 2642 2316 pro
2667 2248 2912 2317 periculo
2933 2239 3153 2317 mortis,
3185 2251 3228 2305 si
3247 2249 3373 2304 alius
3393 2264 3478 2304 non
3496 2249 3706 2315 adest,

2335 2334 2609 2390 infirmum
2639 2338 2940 2408 baptizare.

2407 2425 2493 2479 l6.
2527 2425 2597 2481 Ut
2617 2444 2768 2482 arma
2789 2427 2971 2484 clerici
2997 2445 3104 2484 non
3126 2439 3347 2501 portent.

2407 2516 2494 2569 Π.
2529 2515 2587 2571 Si
2618 2533 2722 2586 qua
2750 2519 2944 2574 mulier
2991 2537 3054 2575 se
3077 2520 3560 2593 reclamaverit,quod
3588 2526 3706 2578 viras

2333 2622 2626 2677 numquam
2674 2625 2796 2664 cum
2834 2625 2899 2666 ea
2955 2615 3264 2680 mansisset,
3291 2625 3459 2669 exeant
3489 2615 3574 2670 inde
3600 2617 3707 2668 adcr

2334 2713 2484 2764 cem;
2510 2707 2567 2752 et
2615 2700 2660 2754 si
2687 2715 2878 2754 verum
2925 2701 3114 2771 fuerit,
3157 2715 3463 2774 separentur,
3493 2714 3533 2759 et
3550 2705 3603 2758 illa
3629 2704 3706 2756 iaciat

2333 2791 2476 2860 quod
2502 2791 2638 2846 vult.

2405 2884 2491 2939 18.
2525 2882 2626 2950 Qui
2672 2900 2796 2940 cum
2824 2888 3151 2943 consobrina
3191 2890 3364 2944 uxoris
3400 2904 3502 2943 suae
3531 2894 3705 2947 minetur

2333 2984 2544 3041 careat,
2570 2985 2628 3030 et
2675 2977 2877 3034 nullam
2931 2980 3096 3035 aliam
3145 2981 3348 3036 habeat.
3389 2980 3463 3035 Illa
3486 2978 3612 3033 mulier
3631 2988 3706 3043 iam

2333 3065 2542 3131 habuit,
2574 3066 2742 3122 faciat
2768 3069 2914 3139 quod
2942 3070 3081 3125 vult.
3114 3069 3226 3127 Hoc
3251 3073 3472 3128 aecclesia
3494 3086 3567 3124 non
3586 3065 3691 3133 rediit

657 3125 788 3234 31':
823 3117 1392 3234 Ϊῗθῗῗῗῗῖἷέῗῗῗῗ
1416 3120 1716 3234 ἓΪΡῗῗῬΪξξ
1748 3136 2068 3234 Pii???“
2095 3132 2225 3234 .35?
2256 3131 2308 3198 ο
2409 3159 2494 3215 19-
2523 3158 2580 3213 Si
2610 3175 2801 3215 servus
2842 3171 2935 3215 aut
2977 3163 3173 3218 ancilla
3211 3180 3304 3234 per
3344 3160 3585 3218 venditionis
3603 3167 3710 3210 sum

633 3211 790 3266 Nam
817 3212 908 3281 qui
939 3212 1004 3266 de
1032 3213 1204 3282 pretio
1237 3213 1385 3282 paris
1413 3214 1495 3267 sui
1527 3215 1592 3268 de
1623 3213 1715 3268 tali
1746 3217 2062 3272 necessitate
2095 3215 2229 3271 libe-

658 3309 807 3354 ratus
835 3301 1016 3366 fuerit,
1049 3303 1104 3356 in
1141 3301 1234 3356 tali
1277 3303 1524 3374 coniugio
1569 3304 1764 3360 debent
1802 3321 2144 3375 permanere,
2175 3317 2232 3361 et

656 3408 762 3447 non
789 3404 1050 3462 separari.
2175 3404 2180 3410 ‘

723 3509 777 3561 7.
811 3504 867 3560 Si
899 3521 1086 3562 servus
1108 3523 1259 3562 suam
1297 3509 1542 3564 ancillam
1572 3510 1926 3566 concubinam
1955 3511 2226 3578 habuerit,

654 3597 700 3652 si
744 3597 819 3651 ita
863 3597 1056 3667 placet,
1098 3605 1276 3666 potest
1320 3598 1409 3651 illa
1448 3599 1668 3654 dimissa
1708 3615 2016 3670 comparem
2056 3617 2229 3665 suam,

631 3685 903 3740 ancillam
931 3685 1130 3739 domini
1160 3685 1272 3752 sui,
1303 3687 1580 3756 accipere;
1612 3688 1706 3742 sed
1738 3687 1933 3743 melius
1966 3698 2050 3744 est
2079 3705 2234 3743 suam

655 3776 906 3830 ancillam
935 3784 1138 3829 tenere.

729 3867 782 3920 8.
813 3863 870 3917 Si
902 3864 1023 3933 quis
1051 3879 1260 3929 servus,
1285 3863 1537 3918 libertate
1559 3880 1590 3918 a
1614 3864 1830 3919 domino
1859 3880 1956 3920 suo
1987 3877 2230 3938 accepta,

658 3963 841 4024 postea
868 3969 990 4008 cum
1018 3954 1211 4009 ancilla
1240 3954 1356 4009 eius
1393 3955 1715 4009 adulterium
1742 3959 2155 4027 perpetraverit,
2186 3959 2231 4013 si

657 4043 904 4099 dominus
929 4043 1044 4097 eius
1069 4043 1202 4107 vult,
1227 4043 1355 4096 velit
1381 4043 1514 4097 nolit
1536 4044 1706 4114 ipsam
1728 4046 1796 4100 ad
1822 4060 2047 4100 uxorem
2070 4047 2232 4102 habe-

657 4132 755 4186 bit.
783 4130 933 4197 Quod
956 4132 1000 4185 si
1023 4131 1192 4201 ipsam
1213 4132 1476 4188 dimiserit
1501 4146 1556 4187 et
1576 4133 1736 4188 aliam
1758 4136 1991 4202 duxerit,
2013 4146 2238 4208 cogatur

655 4223 898 4287 omnino,
938 4231 998 4276 ut
1024 4224 1378 4292 posteriorem
1407 4224 1658 4289 dimittat,
1696 4237 1750 4280 et
1779 4226 1948 4295 ipsam
1977 4241 2099 4282 cum
2131 4242 2236 4296 qua

658 4315 808 4384 prius
836 4313 1157 4368 adulterium
1188 4313 1337 4380 fecit,
1362 4316 1608 4385 recipiat,
1641 4326 1735 4371 aut
1765 4317 1855 4371 illa
1880 4318 2095 4372 vivente
2119 4316 2239 4370 nul-

661 4405 767 4459 lam
797 4406 955 4460 aliam
988 4407 1204 4460 habeat.

2334 3252 2568 3321 separati
2589 3252 2812 3320 fuerint,
2843 3255 3191 3325 praedicandi
3222 3265 3338 3312 sunt
3366 3257 3492 3312 utsic
3519 3245 3710 3308 mananti

2331 3356 2427 3397 eos
2448 3343 2729 3414 reiungere
2750 3359 2854 3400 non
2878 3363 3188 3416 possumus.

2404 3433 2492 3486 20.
2529 3433 2602 3489 Ut
2631 3435 2718 3489 ille
2747 3438 3090 3496 cartellarius
3133 3443 3223 3514 qui
3267 3457 3377 3497 cum
3403 3437 3546 3494 ancilla
3565 3430 3709 3489 manserit.

2335 3541 2458 3579 cum
2486 3541 2631 3592 eam,
2684 3528 2834 3583 iuxta
2886 3531 3062 3601 legem
3093 3534 3334 3590 libertate
3369 3549 3395 3586 τι
3433 3529 3710 3586 ὁοωίηοςυοιε-

2335 3624 2512 3684 cepta,
2566 3617 2831 3674 dimiserit
2875 3620 3037 3676 aliain
3096 3625 3372 3695 accipiens,
3415 3617 3652 3692 posteriorem
3678 3607 3711 3660 ir

2335 3705 2537 3760 mittat.

2404 3795 2494 3851 2|.
2528 3799 2630 3864 Qui
2655 3814 2881 3854 uxorein
2911 3818 3067 3858 suam
3110 3805 3362 3860 dimiserit
3386 3802 3540 3861 velare,
3562 3796 3711 3850 alia!“Da

2338 3888 2571 3957 accipiat
2598 3901 2644 3943 ⁸.

3104 3966 3168 4021 ν.

2889 4053 3134 4110 PlPPINl
3173 4055 3364 4111 REGIS

2405 4140 2842 4198 CAPITULARE
2880 4145 3247 4202 VERNENSE
3282 4139 3513 4201 DUPLEX
3538 4127 3688 4190 ΑΝ.Τῶ

2408 4230 2830 4289 Constitutiones
2859 4236 3154 4293 Vernensis
3181 4246 3448 4292 conventus
3487 4225 3621 4284 auxilio
3649 4214 3716 4272 wit

2338 4315 2485 4365 cum,
2517 4303 2568 4378 l_.
2602 4301 2738 4378 Bibl.
2787 4305 3064 4378 Vaticana:
3119 4307 3339 4378 Palatini
3372 4322 3418 4359 n.

2336 4372 2586 4444 circumis
2613 4372 2696 4425 vel
2727 4389 2783 4426 rx
2813 4375 3070 4441 ineuntis,
3111 4377 3202 4431 fol.
3229 4378 3283 4430 7i
3314 4390 3446 4444 δαίμ
3469 4375 3509 4424 2.
3535 4367 3716 4444 Vaticani}

2338 4421 2783 4506 scissa};
2791 4421 3653 4506 όῦιῖἶέξὶἶιὶιῖἷιὲἱτῖἲῗέιῑθῖαοεηςεξ.
3668 4421 3716 4506 μ

730 4497 782 4551 9.
815 4495 870 4550 Si
893 4497 1014 4566 quis
1041 4497 1361 4551 necessitate
1406 4498 1698 4553 inevitabili
1728 4509 1950 4570 cogente
1979 4501 2033 4554 in
2073 4499 2236 4554 alium
2264 4481 2316 4542 Ῑ)
2781 4481 3717 4584 53Fi'si2‘ﬁ'éi’s"iuiér"'sii'ﬁﬁi‘éiﬁéiiitiuf

659 4590 914 4643 ducatum
937 4602 1030 4641 seu
1053 4587 1383 4656 provinciam
1407 4587 1624 4658 fugerit,
1645 4599 1738 4644 aut
1765 4592 2031 4646 seniorem
2058 4608 2236 4658 suum,

660 4677 747 4732 cui
768 4676 926 4730 fidem
949 4676 1166 4729 mentiri
1195 4691 1300 4730 non
1327 4679 1546 4746 poterit,
1570 4687 1787 4733 secutus
1806 4678 1996 4744 fuerit;
2025 4692 2080 4734 et
2101 4696 2239 4735 uxor

659 4767 798 4833 eius,
823 4781 947 4821 cum
972 4766 1114 4821 valet
1134 4775 1190 4821 et
1220 4775 1421 4836 potest,
1448 4784 1632 4823 amore
1655 4778 1937 4839 parentum
1966 4781 2058 4825 aut
2077 4773 2239 4827 rebus

663 4858 796 4921 suis,
825 4873 948 4912 eum
972 4859 1121 4928 sequi
1149 4858 1398 4923 noluerit,
1430 4859 1544 4929 ipsa
1591 4861 1735 4914 omni
1765 4869 2026 4930 tempore,
2049 4879 2237 4933 quam-

662 4948 752 5000 diu
777 4948 864 5001 vir
888 4948 1026 5012 eius,
1050 4963 1210 5017 quem
1243 4957 1424 5002 secuta
1462 4965 1566 5004 non
1591 4951 1710 5015 fuit,
1738 4953 1902 5016 vivet,
1927 4969 2140 5024 semper
2159 4956 2241 5008 in-

663 5047 826 5105 nupta
854 5049 1185 5108 permaneat.
1210 5039 1344 5094 Nam
1373 5041 1459 5096 ille
1486 5044 1570 5096 vir
1609 5044 1747 5107 eius,
1778 5045 1868 5114 qui
1918 5049 2240 5104 necessitate

663 5139 886 5198 cogente
914 5132 967 5185 in
1014 5132 1178 5187 alium
1203 5133 1379 5188 locum
1407 5133 1562 5205 fugit,
1595 5135 1662 5207 [si
1697 5151 1971 5206 nunquam
1998 5139 2051 5193 in
2081 5128 2242 5197 suam

664 5220 895 5291 patriam
921 5238 980 5277 se
1007 5240 1350 5280 reversurum
1377 5225 1602 5298 sperat],
1631 5227 1675 5282 si
1726 5243 1784 5282 se
1812 5229 2082 5285 abstinere
2135 5248 2241 5286 non

697 5376 1055 5472 ,.°_E.‘31?3E¥!§,
1065 5380 1390 5472 ᾏεείρίξτξεφ
1418 5384 1524 5472 alia
1546 5401 1759 5472 990998
1799 5389 2030 5458 οθρίιιιιιι
2052 5392 2241 5472 synodi

629 5515 634 5524 ι
668 5446 1059 5530 Veriiier‘iensis
1083 5446 1779 5530 laudare,animadvertit;
1813 5446 1880 5513 ea
1923 5446 2243 5530 reperiesin

666 5515 1270 5597 cupitLlloilnpeiidiensi
1299 5521 1494 5591 (Infra,
1520 5525 1619 5597 col.
1650 5515 1824 5597 liii-l3),
1856 5515 2109 5597 capi“,
2152 5515 2239 5597 l5,

626 5585 755 5651 -‘5’,
788 5585 1011 5667 1:71-18;
1043 5588 1253 5667 3129.2,
1302 5585 1497 5667 praeter
1545 5595 1659 5649 hare
1708 5585 1996 5667 Reg-ixionis
2039 5585 2132 5656 lib.
2179 5585 2241 5667 ii;

666 5671 787 5737 cap.
811 5658 917 5737 23??
947 5676 958 5711 :
991 5677 1009 5706 ι
1042 5659 1098 5712 Si
1129 5661 1287 5737 homo
1307 5658 1448 5737 liber
1470 5672 1678 5737 patrem
1707 5658 1815 5720 aut
1842 5677 2096 5737 matrem,
2129 5658 2242 5726 fra-I

670 5735 807 5782 trem
831 5729 910 5781 vel
934 5729 1253 5783 avunculum
1292 5729 1568 5797 occiderit,
1597 5735 1944 5792 hereditatem
1971 5729 2241 5813 propriam

2337 4572 2393 4633 n.
2428 4572 2517 4644 75',
2552 4572 2773 4656 ἔρρανε,
2817 4586 3248 4656 recognovimus,
3289 4572 3720 4656 ωπῖὃίτωρίέΨῨξΕΞ

3033 4640 3338 4711 novacensis
3359 4663 3408 4709 et
3430 4640 3719 4724 sanctilitlcfilﬂtu

2391 4712 2904 4797 etensisuediiiisset.
2929 4726 3108 4797 Editio
3135 4728 3330 4797 optimo
3368 4723 3540 4797 qtlide

2337 4791 2494 4865 cipue
2515 4791 2694 4865 codici
2704 4793 2952 4865 Palatino
2976 4780 3262 4861 innisa,‘eo
3280 4780 3506 4865 praecipue
3538 4780 3585 4836 ab
3598 4780 3720 4865 ιρξξςς

2338 4843 2489 4914 ribus
2515 4843 2947 4934 aasﬁeéanﬁinlid
2976 4843 3263 4921 317;;qu
3280 4843 3552 4934 ﬂgitium

2337 4910 3719 5007 δεῖδέρξίιῑῑεςῐέ”εἶιῐέᾱυξ·οζιῆξιῐιεἰῖιῖσῑάξάηλεξδξξ

2337 4985 2608 5125 Boste'rius
2635 5001 2690 5055 in
2719 4985 2885 5074 capp.
2895 4985 3494 5060 'ééaiéis'ﬁéu’dvaéénsis
3522 4985 3631 5048 lli-95
3655 4987 3719 5031 9"

2383 5069 2630 5125 arisiensi
2655 5071 2908 5125 {quocum
2937 5074 3192 5125 Metensis
3213 5070 3450 5125 connruitl
3468 5064 3682 5122 assem”

2383 5069 2630 5125 arisiensi
2655 5064 2908 5142 (quocum
2937 5074 3192 5131 Metensis
3213 5070 3450 5143 congruit)
3468 5064 3682 5122 3558mm"

2535 5178 2730 5217 mcrrrr
2770 5178 3004 5219 svuonus
3040 5182 3211 5221 νεηκο
3247 5174 3447 5218 murto
3476 5163 3611 5211 ncn-

2412 5252 2738 5308 Suflicerant
2761 5255 2978 5324 quidem
3003 5257 3292 5327 priscorum
3311 5260 3495 5325 pan-um
3512 5235 3721 5311 regulamﬁ‘

3631 5385 3721 5433 illi)!“

3652 5439 3722 5508 ult
3776 5453 3777 5508 1

2335 4664 2439 4721 ope
2467 4651 2667 4706 codicis
2693 4653 2935 4721 ejusdem

2342 5404 2574 5457 amittat.
2607 5423 2625 5455 ι
2653 5403 2788 5458 Item
2837 5405 2903 5460 de
2957 5407 3212 5462 incestis:
3239 5425 3257 5456 ‹
3287 5397 3496 5474 Episcopi
3531 5397 3629 5474 ῙΡἚ

2342 5474 2680 5562 iussis“:
2693 5476 2980 5562 fere?»
3038 5477 3105 5562 ξεί
3132 5480 3173 5532 εί
3208 5462 3722 5562 νοευίιξῑξ.ζῐ¹.ίὶέ2ξ“.¹ζξξεῗ

2343 5529 2572 5598 ecclesia
2618 5543 2975 5613 expellantur,
3025 5529 3190 5601 donec
3208 5529 3292 5598 rad
3320 5531 3612 5613 ρωηίιίῗιιῑίξηξ

2346 5591 3624 5680 LER—063333386ire'géhéi-dniniénoluerint
3642 5591 3708 5653 ονοτ

2346 5691 2421 5736 tet
2447 5698 2540 5736 eos
2568 5699 2666 5751 per
2689 5683 3002 5739 saecularem
3025 5685 3343 5754 disciplinam
3366 5685 3570 5733 coerceri.
3595 5683 3609 5713 ι
