3920 6310
146 374 155 381 .
172 320 313 381 1309

945 319 1210 379 ΡΙΡΡῙΝῘ.
1250 321 1740 380 εΑΒοωΜΑΝΝι
1776 325 1865 381 ET
1900 326 2213 386 ALIOBUM
2253 329 2663 387 DIPLOMATA.

3296 344 3433 400 l5|0

169 440 293 486 ctae
348 428 641 521 accdesiae
686 428 981 487 catholicae
1033 435 1364 490 rectissimae
1407 450 1633 521 normae
1680 436 1749 490 ad
1774 440 1825 499 Α
1851 438 2048 510 scopis,
2078 447 2141 505 et
2164 439 2362 497 talisin
2392 444 2510 500 eius
2538 443 2714 500 locum
2753 445 2807 502 in
2835 446 2953 519 ipso
2979 414 3183 521 synodo
3227 458 3431 513 eonsti-

121 582 127 587 ,
170 520 484 579 mortalium
501 521 892 578 correctionem
915 524 1178 594 prolatae,
1219 525 1264 581 si
1300 542 1486 581 earum
1525 516 1751 589 sanctis-

170 617 309 671 sima
350 615 466 670 iura
483 623 921 686 perseverassent
940 616 1161 672 inlaesa.
1193 616 1301 674 Sed
1319 620 1441 689 quia
1473 634 1753 690 emergen-

170 705 319 761 tibus
359 708 535 760 causis
562 705 886 774 quibusdam
921 722 1027 761 non
1077 707 1349 779 congruis,
1400 717 1750 779 temporaque

120 864 125 869 Δ
172 797 413 867 inquieta
434 796 894 867 supervenientes,
934 797 1164 867 contigit
1188 796 1439 853 nonnulla
1467 813 1533 853 ex
1559 799 1661 853 hac
1691 814 1750 854 re
1816 854 1819 857 ,

170 888 507 959 neglegentia
549 886 779 942 faciente
802 885 966 943 fuisse
1010 886 1342 953 intermissa,
1383 888 1609 958 ideoque
1635 887 1749 960 glo-

170 978 500 1033 riosissimus
519 986 680 1047 atque
708 975 1003 1046 relegiosus
1041 975 1264 1030 inluster
1291 975 1393 1040 vir,
1418 974 1748 1061 Francorum

170 1082 270 1123 rex
295 1066 572 1138 Pippinus,
621 1065 901 1121 universos
929 1079 1100 1135 paene
1124 1063 1420 1121 Galliarum
1469 1066 1748 1137 episcopos

167 1158 451 1230 adgregari
480 1157 610 1214 fecit
631 1158 697 1213 ad
718 1157 1006 1213 concilium
1060 1157 1266 1212 Vernus
1289 1157 1487 1228 palatio
1510 1156 1743 1227 publico,
1792 1154 1797 1161 ’

168 1262 493 1321 recuperare
526 1246 913 1319 aliquantisper
934 1247 1159 1317 cupiens
1194 1246 1435 1301 instituta
1464 1247 1741 1302 canonica.

167 1337 237 1392 Et
258 1338 380 1408 quia
411 1336 639 1392 facultas
666 1337 824 1392 modo
850 1352 954 1391 non
977 1336 1214 1407 subpetit
1238 1337 1306 1390 ad
1346 1337 1635 1406 integrum,
1666 1347 1746 1393 ta-

166 1442 292 1485 men
312 1428 489 1497 aliqua
519 1443 587 1482 ex
606 1436 758 1499 parte
800 1426 916 1480 vult
936 1441 1057 1497 esse
1102 1434 1404 1491 correctum
1450 1429 1593 1499 quod
1621 1444 1745 1487 aec-

163 1522 364 1579 elesiao
416 1518 512 1574 Dei
539 1519 695 1574 valde
740 1518 1013 1589 cognoscit
1055 1532 1175 1572 esse
1201 1519 1556 1573 contrarium.
1604 1519 1673 1575 Et
1696 1520 1741 1574 si

104 1672 113 1675 _
164 1622 407 1682 tempora
455 1624 645 1663 serena
676 1607 955 1678 spatiaque
996 1606 1281 1677 tranquilla
1327 1608 1583 1664 divinitus
1628 1608 1743 1664 fue-

162 1704 275 1758 rint
301 1702 353 1757 ei
381 1700 613 1765 conlata,
637 1700 785 1769 cupit
831 1699 898 1753 ad
944 1697 1167 1769 plenum
1197 1700 1486 1755 secundum
1530 1710 1742 1758 sancto-

1850 536 2054 596 tuatur,
2076 546 2182 615 pro
2207 534 2375 589 verto
2420 543 2476 589 et
2503 534 2778 593 voluntate
2817 539 3013 595 domno
3041 557 3167 612 rege
3186 545 3271 601 vel
3298 561 3431 604 con-

1824 636 2009 677 .senso
2036 638 2319 679 servon
2340 625 2459 692 Dei,
2481 627 2573 698 qui
2596 630 2890 685 secundum
2926 633 3170 690 ordinem
3190 647 3431 697 sanctam

1850 711 2019 781 ipsam
2040 708 2260 787 gregem
2290 725 2461 787 regat.

1918 803 1970 859 6.
1990 786 2466 864 Constituimusut
2504 810 2647 865 nulla
2676 812 2949 868 abbatissa
2978 815 3082 871 dua
3104 820 3430 878 monasteria

1845 910 1953 951 non
1982 905 2299 967 praesumat
2336 900 2558 968 habere,
2590 918 2691 958 nec
2730 913 2887 960 extra
2934 910 3322 966 monasterium
3365 910 3430 966 li-

1845 988 2079 1041 centiam
2122 988 2298 1054 exire,
2325 990 2426 1045 nisi
2456 992 2751 1050 hostilitate
2794 1005 3041 1068 cogente.
3067 996 3174 1055 Sed
3202 999 3431 1061 dolorm

1846 1089 1944 1129 rex
1977 1076 2129 1144 dicit,
2158 1080 2307 1149 quod
2330 1080 2479 1135 vellit
2513 1089 2574 1137 ut
2597 1085 2814 1154 quando
2855 1086 3063 1158 aliquas
3091 1090 3159 1145 de
3194 1091 3311 1161 ipsa
3327 1094 3427 1150 ab-

1845 1164 2074 1221 batissas
2100 1168 2214 1238 ipse
2241 1169 2471 1227 domnus
2500 1187 2596 1229 rex
2624 1174 2692 1229 ad
2734 1190 2794 1231 se
2845 1177 3068 1233 iusserit
3108 1181 3315 1247 venire,
3343 1198 3430 1239 se-

1845 1256 1952 1311 mel
1973 1257 2029 1312 in
2049 1273 2193 1315 anno
2220 1269 2278 1315 et
2305 1275 2404 1330 per
2425 1277 2690 1319 consensu
2713 1265 2950 1336 episcopi
2979 1267 3033 1322 in
3061 1266 3216 1325 cuius
3233 1286 3425 1340 parro-

1842 1346 1964 1401 chia
1986 1355 2093 1413 est,
2123 1356 2184 1402 ut
2220 1356 2350 1404 tunc
2375 1351 2443 1405 ad
2470 1366 2595 1405 eum
2623 1351 2833 1422 aliquas
2856 1355 3093 1421 veniant,
3116 1367 3172 1413 et
3190 1374 3288 1415 sua
3318 1361 3427 1418 ius.

1842 1436 2013 1503 sione,
2043 1438 2088 1492 si
2111 1440 2409 1495 necessitas
2453 1438 2638 1507 fuerit,
2665 1452 2721 1498 et
2740 1444 2902 1499 aliubi
2942 1448 3161 1503 omnino
3184 1465 3291 1506 non
3329 1452 3427 1507 de-

1840 1524 1969 1581 beat
1986 1541 2087 1582 nec
2112 1540 2209 1598 per
2235 1528 2391 1584 villas
2416 1528 2541 1601 [nec
2566 1546 2667 1601 per
2692 1531 2819 1605 alia]
2852 1534 2968 1590 loca
2994 1538 3299 1604 demorare,
3320 1540 3427 1595 nisi

1841 1625 2046 1671 tantum
2085 1633 2209 1673 eum
2236 1618 2468 1675 celerius
2505 1622 2745 1691 potuerit
2764 1624 2832 1677 ad
2861 1624 3238 1681 ambulandum
3265 1637 3323 1683 et
3358 1630 3428 1684 ad

1840 1709 2239 1765 revertendum.
2270 1710 2340 1767 Et
2364 1720 2492 1767 ante
2518 1728 2625 1768 non
2654 1724 2902 1769 movetur
2923 1716 2991 1773 de
3018 1732 3117 1774 suo
3153 1729 3428 1777 monaste-

163 1808 285 1848 rum
324 1804 580 1857 canones,
608 1789 817 1860 plenius
858 1789 1154 1859 epitulante
1180 1788 1359 1844 divina
1386 1791 1581 1861 gratia,
1627 1809 1740 1848 me-
1772 1793 1815 1854 Β
1844 1798 1924 1853 rio
1947 1807 2233 1870 antequam
2262 1816 2418 1856 suum
2439 1802 2663 1856 missum
2680 1804 2751 1859 ad
2767 1804 3022 1859 domuum
3051 1822 3233 1877 regem
3255 1817 3426 1867 trans-

162 1884 285 1947 lius,
323 1879 639 1954 perfectius,
670 1880 1020 1950 integracque
1055 1879 1277 1934 inantea
1299 1894 1647 1937 conservare.
1676 1883 1741 1937 Et

160 1991 285 2031 cum
313 1975 389 2029 ita
408 1972 609 2027 factum
637 1970 820 2036 fuerit,
840 1978 1075 2036 cessent,
1098 1972 1235 2027 haec
1261 1986 1401 2042 quae
1424 1973 1742 2051 necessitate

104 2127 113 2132 _
161 2073 386 2135 cogente
407 2079 472 2119 ex
495 2063 667 2118 sacris
682 2062 983 2117 canonibus
1008 2063 1287 2117 remissius
1310 2073 1437 2119 sunt
1462 2074 1739 2136 excerpta,

161 2163 523 2224 maneantque
562 2150 805 2223 praefata
831 2151 948 2205 iura
983 2152 1240 2205 canonica
1271 2150 1578 2207 ﬁrmissima
1606 2154 1742 2209 inte-

159 2260 257 2314 gra
286 2251 450 2315 atque
494 2243 834 2297 intemerata.
872 2240 1073 2295 Tamen
1121 2241 1338 2296 interim
1367 2243 1509 2312 quod
1548 2241 1741 2298 melius

108 2320 113 2327 ⁸
150 2348 464 2404 possumus,
494 2333 629 2387 haec
673 2332 981 2388 inconvulsa
1023 2342 1186 2402 atque
1226 2331 1478 2387 inviolata
1507 2348 1626 2388 esse
1647 2349 1740 2388 cu-

154 2426 354 2496 pimus.
377 2425 620 2497 ipsarum
641 2413 785 2479 enim
809 2439 1011 2489 rerum,
1035 2438 1173 2494 quae
1194 2440 1295 2495 pro
1315 2433 1498 2479 nostra
1522 2440 1738 2480 aemen-

152 2516 370 2571 datione
398 2530 714 2570 communae
765 2523 891 2569 sunt
916 2513 1147 2586 prolata,
1176 2529 1275 2584 per
1300 2515 1551 2571 distincta
1591 2517 1738 2587 capi-

146 2605 267 2660 tula
319 2606 506 2660 subter
552 2612 809 2661 tenuntur
861 2604 1081 2659 inserta.
1134 2604 1257 2659 Dat.
1307 2604 1388 2659 2ο.
1428 2604 1552 2661 ldus
1594 2605 1733 2672 Iulii,

154 2711 296 2751 anno
321 2705 513 2767 quarto
538 2705 793 2767 regnante
820 2695 1017 2749 domno
1056 2703 1242 2751 nostro
1284 2682 1510 2767 Pippino
1539 2697 1737 2767 glorio-

150 2786 367 2843 sissimo
394 2801 541 2857 rege.
608 2835 613 2843 .

223 2879 273 2932 l.
307 2877 574 2948 Capitulo.
599 2876 672 2933 Ut
697 2877 932 2951 episcopi
955 2876 1185 2933 debeant
1219 2893 1320 2950 per
1345 2878 1583 2952 singulas
1601 2878 1734 2934 civi-

150 2979 293 3026 tates
313 2984 451 3027 esse.

114 3088 121 3091 α
216 3064 271 3119 2.
295 3063 587 3134 EpiscOpos
606 3075 740 3132 quos
765 3061 818 3114 in
845 3059 1019 3116 vicem
1042 3061 1576 3132 metropolitanon
1602 3076 1730 3118 eon-

108 3180 117 3181 ί
148 3153 444 3217 stituimus,
474 3160 538 3206 ut
560 3150 726 3207 ceteri
771 3151 1008 3221 episcopi
1037 3151 1166 3220 ipsis
1205 3150 1258 3204 in
1302 3151 1551 3206 omnibus
1573 3154 1736 3207 ohoe—
1760 3134 1805 3196 ο

104 3272 113 3281 ο
148 3248 303 3303 diant
354 3246 648 3302 secundum
690 3243 1006 3299 canonicam
1061 3242 1475 3309 institutionem,
1518 3244 1736 3297 interim

146 3337 294 3409 quod
319 3337 612 3392 secundum
651 3334 966 3389 canonicam
1007 3333 1444 3389 constitutionem
1485 3334 1588 3388 hoc
1626 3333 1739 3403 ple-

147 3426 275 3480 nius
300 3425 675 3480 emendamus.

221 3520 275 3574 '5.
303 3517 759 3588 Utunusquisque
791 3517 1164 3587 episcoporum
1188 3525 1509 3589 potestatem
1536 3516 1739 3573 haheat

148 3613 205 3666 in
238 3626 334 3666 sua
364 3610 648 3680 parrochia
680 3618 790 3664 tam
837 3611 904 3664 de
932 3610 1078 3665 eiero
1122 3624 1284 3680 quam
1314 3611 1381 3665 de
1401 3610 1738 3682 regularibus

146 3700 237 3756 vel
278 3700 666 3763 saecularibus,
716 3699 783 3753 ad
828 3700 1205 3771 corrigendum
1249 3708 1305 3756 et
1341 3701 1736 3757 emendandum

147 3792 443 3846 secundum
491 3791 736 3845 ordinem
772 3791 1088 3847 canonicam
1137 3792 1400 3863 spiritale,
1430 3804 1490 3848 ut
1532 3794 1611 3849 sic
1652 3796 1738 3849 vi—

146 3893 302 3948 vant,
332 3884 567 3954 qualiter
591 3883 704 3938 Deo
720 3884 933 3954 placere
960 3885 1186 3955 possint.

223 3975 276 4028 4.
325 3976 394 4031 Ut
440 3976 523 4030 bis
567 3976 619 4029 in
672 3990 813 4029 anno
844 3978 1077 4047 synodus
1122 3975 1234 4030 liat.
1286 3975 1469 4033 Prima
1502 3979 1737 4051 synodus

140 4080 340 4125 mense
362 4066 560 4137 primo,
586 4066 731 4136 quod
758 4074 843 4120 est
861 4066 1080 4121 Martias
1106 4066 1395 4133 Kalendas,
1425 4069 1516 4123 ubi
1539 4070 1736 4127 domno

152 4173 251 4213 rex
282 4157 520 4221 iusserit,
543 4157 660 4211 eius
696 4157 1023 4226 praesentia.
1057 4155 1303 4213 Secunda
1352 4160 1586 4231 synodus
1625 4161 1737 4216 Ka-

150 4249 343 4305 lendas
367 4248 638 4312 Octubris,
670 4256 765 4301 aut
808 4248 876 4301 ad
925 4246 1193 4302 Sessionis
1242 4247 1329 4303 vel
1355 4249 1519 4304 aliubi
1551 4252 1641 4305 ubi
1667 4253 1735 4305 ad

154 4339 379 4394 Martias
407 4336 675 4393 Kalendas
697 4338 840 4392 inter
880 4337 1025 4407 ipsos
1057 4337 1338 4408 episcopos
1373 4341 1642 4394 convenit.
1670 4341 1737 4394 Et

154 4433 228 4487 illi
249 4432 487 4503 episcopi
510 4431 708 4486 ibidem
730 4431 1071 4495 conveniant,
1092 4442 1228 4500 quos
1248 4432 1407 4487 modo
1428 4433 1603 4487 vicem
1623 4449 1735 4489 me-

155 4520 606 4592 tropolitanorum
656 4520 1053 4574 constituimus.
1106 4520 1175 4575 Et
1225 4520 1314 4576 alii
1363 4522 1600 4594 episcopi
1649 4525 1735 4579 vel

151 4612 379 4667 abbates
398 4626 493 4665 seu
534 4610 839 4681 presbiteri,
867 4626 1003 4681 quos
1030 4611 1131 4681 ipsi
1170 4614 1566 4683 metropolitani
1605 4626 1736 4685 aput

150 4715 214 4756 se
240 4700 427 4755 venire
473 4699 745 4766 iusserint,
777 4701 975 4755 ibidem
1015 4701 1071 4754 in
1102 4702 1213 4771 ipsa
1252 4705 1486 4759 secunda
1531 4707 1734 4777 synodo

126 4790 444 4845 convenire
471 4788 690 4844 faciant.

224 4882 277 4935 5.
312 4881 384 4938 Ut
407 4882 757 4947 monasteria,
790 4890 899 4936 tam
924 4882 1165 4937 virorum
1193 4899 1357 4954 quam
1408 4887 1730 4956 puellarum,

152 4974 484 5029 mandunt
503 4974 748 5029 oulinem
773 4973 1096 5043 regulariter
1116 4975 1319 5030 vivant.
1348 4977 1417 5031 Et
1443 4978 1489 5031 si
1519 4980 1622 5033 hoc
1650 4979 1734 5033 fa-

151 5082 280 5122 cere
300 5065 1037 5136 contempserint,episeopus
1061 5067 1115 5121 in
1137 5068 1290 5122 cuius
1309 5071 1593 5139 parrochia
1615 5087 1733 5127 esse

150 5157 406 5211 videntur
428 5156 533 5211 hoc
553 5154 842 5210 evitendare
869 5156 1081 5211 debeat.
1105 5155 1259 5223 Quod
1282 5158 1328 5212 si
1350 5174 1457 5213 non
1477 5162 1734 5229 potuerit,

124 5248 261 5302 hoc
301 5261 461 5317 quem
488 5243 962 5315 metropolitanum
1012 5245 1390 5302 constituimus
1415 5247 1732 5315 innotescat,

151 5347 212 5393 et
259 5336 385 5408 ipse
409 5338 514 5391 hoc
538 5335 828 5391 emendare
854 5333 1036 5389 faciat.
1067 5334 1220 5402 Quod
1246 5336 1291 5391 si
1330 5338 1433 5392 hoc
1474 5353 1575 5391 nec
1622 5339 1734 5408 ipse

153 5431 448 5487 emendare
467 5430 722 5501 potuerit,
740 5429 821 5482 ‘ad
850 5430 1109 5499 synodum
1132 5429 1404 5498 publicum
1431 5430 1626 5486 exinde
1644 5448 1735 5488 ve-

155 5525 328 5587 niant,
355 5532 411 5578 et
460 5524 657 5578 ibidem
685 5523 1002 5577 canonicam
1030 5523 1352 5577 sententiam
1382 5524 1629 5594 accipiat.
1671 5525 1740 5579 Et

155 5616 203 5669 si
260 5615 529 5685 pnidicum
577 5616 835 5684 synodum
882 5615 1285 5684 contempserit,
1333 5623 1428 5669 alit
1475 5617 1736 5672 honorem

157 5718 314 5759 suum
345 5705 554 5774 perdat,
597 5713 689 5758 aut
713 5713 1223 5758 exeommunecetur
1250 5705 1318 5759 ab
1346 5705 1596 5761 omnibus
1620 5706 1736 5777 epi-

1842 1889 2040 1943 mittat.
2093 1889 2161 1944 Et
2187 1890 2233 1944 si
2256 1891 2476 1945 iusserit
2505 1907 2599 1947 rex
2622 1894 2830 1960 venire,
2854 1895 3055 1951 veniat.
3101 1896 3196 1953 Sin
3222 1908 3425 1966 autem,

1842 1977 1895 2031 in
1918 1980 2246 2034 monasterio
2274 1990 2610 2049 permaneat,
2635 1982 2854 2038 interim
2903 1987 3044 2055 quod
3072 1988 3175 2044 hoc
3215 1988 3428 2058 plenius

1837 2069 2133 2123 secundum
2161 2084 2396 2124 canones
2430 2070 2803 2126 emendamus.
2861 2071 3122 2129 Similiter
3166 2091 3267 2130 nec
3305 2077 3426 2132 illas

1838 2159 2134 2215 monachas
2170 2167 2326 2213 extra
2374 2161 2763 2216 monasterium
2811 2162 2962 2217 exire
3019 2178 3127 2219 non
3171 2165 3420 2223 debeant.

1838 2245 1991 2316 Quod
2019 2249 2066 2304 si
2085 2248 2265 2320 aliqua
2293 2250 2347 2304 in
2366 2249 2546 2321 aliquo
2570 2250 2725 2321 lapsu
2752 2253 3032 2318 ceciderit,
3059 2252 3198 2308 infra
3227 2269 3421 2311 mona-

1836 2342 2004 2397 sterio
2061 2357 2162 2412 per
2216 2343 2498 2398 consilium
2558 2344 2796 2417 episcopi
2859 2345 3214 2414 penitentiam
3274 2355 3420 2417 agat.

1836 2431 1905 2486 Et
1933 2432 1979 2487 si
2018 2446 2239 2488 necesse
2260 2442 2352 2489 est
2392 2434 2460 2489 de
2485 2448 2673 2489 eorum
2702 2435 3025 2490 necessitate
3050 2436 3119 2489 ad
3167 2436 3422 2493 domuum

1836 2537 2020 2594 regem
2044 2522 2128 2578 vel
2148 2524 2217 2580 ad
2245 2526 2507 2595 synodum
2529 2526 2730 2597 aliquid
2752 2541 3065 2597 suggerere,
3088 2542 3276 2583 eorum
3299 2544 3425 2599 pro-

1834 2610 1995 2679 positi
2015 2610 2101 2664 vel
2135 2611 2286 2666 missi
2307 2612 2411 2667 hoc
2437 2613 2669 2668 debeant
2693 2611 2892 2668 facere.
2922 2613 2990 2669 Et
3017 2614 3173 2684 quale
3198 2630 3423 2671 munera

1834 2700 1903 2755 ad
1924 2699 2180 2768 palatium
2206 2703 2337 2755 dare
2367 2701 2651 2767 voluerint,
2675 2718 2775 2773 per
2794 2704 2992 2759 missos
3010 2719 3138 2759 suos
3160 2704 3263 2759 hoc
3288 2704 3423 2762 diri-

1833 2799 1981 2863 gant.
2014 2791 2081 2845 Et
2109 2792 2156 2845 si
2183 2789 2363 2862 aliqua
2389 2794 2716 2849 monasteria
2740 2803 2867 2849 sunt
2898 2796 2992 2866 qui
3023 2810 3212 2851 eorum
3232 2798 3425 2854 ordine

1833 2889 2055 2951 propter
2096 2890 2472 2952 paupertatem
2521 2882 2815 2952 adimplere
2839 2899 2945 2938 non
2983 2887 3279 2955 potuerint,
3320 2887 3425 2942 hoc

1834 2971 1923 3025 ille
1951 2972 2236 3041 episcopus
2264 2972 2329 3027 de
2368 2963 2599 3027 veritate
2625 2972 2959 3043 praevideat,
2988 2981 3045 3029 et
3083 2975 3187 3030 hoc
3225 2976 3426 3031 domno

1835 3077 1965 3134 rege
1987 3064 2313 3128 innotescat,
2333 3072 2393 3119 ut
2418 3065 2474 3120 in
2518 3080 2616 3119 sua
2645 3065 2973 3136 aelymosina
3002 3068 3106 3122 hoc
3133 3069 3423 3123 emendare

1839 3153 2021 3208 faciat.
2052 3152 2121 3207 Et
2145 3153 2192 3207 si
2223 3153 2359 3208 tales
2377 3154 2645 3211 foeminae
2686 3155 2896 3211 velatae
2929 3157 2999 3211 ad
3039 3172 3296 3231 praesens
3317 3158 3421 3215 ibi-

1836 3242 1962 3301 dem
2004 3252 2361 3314 congregatae
2388 3244 2735 3299 inveniuntur
2760 3246 2853 3316 qui
2876 3245 3199 3316 regulariter
3239 3247 3424 3305 vivere

1835 3347 1944 3389 non
1969 3332 2189 3399 vellent,
2216 3348 2315 3389 nec
2340 3333 2408 3387 ad
2437 3333 2540 3388 hoc
2567 3333 2760 3404 dignae
2783 3343 2910 3388 sunt
2932 3343 2992 3388 ut
3012 3349 3134 3389 cum
3151 3334 3270 3391 illas
3287 3334 3425 3391 alias

1835 3423 2098 3487 habitent,
2129 3424 2410 3493 episcopus
2438 3422 2523 3478 vel
2547 3424 2820 3479 abbatissa
2863 3424 3216 3494 praevideant
3242 3424 3422 3481 locum

1835 3523 2040 3583 aptum,
2066 3514 2159 3568 ubi
2180 3514 2472 3582 separatim
2503 3529 2625 3569 cum
2652 3515 2894 3570 custodia
2918 3515 2971 3569 in
3008 3514 3307 3586 pulsaturio
3325 3517 3423 3571 ha-

1835 3605 2010 3661 bitare
2034 3605 2285 3671 debeant,
2316 3605 2399 3660 vel
2421 3621 2647 3675 operare
2676 3606 2924 3661 manibus
2943 3607 3086 3677 quod
3112 3606 3226 3676 ipsa
3251 3608 3421 3663 abba-

1838 3696 1969 3751 tissa
1994 3695 2074 3751 eis
2114 3694 2352 3760 iusserit,
2400 3695 2619 3750 interim
2649 3696 2791 3766 quod
2836 3697 3110 3761 nrobatas,
3141 3699 3186 3751 si
3228 3697 3423 3769 dignae

1837 3796 1981 3851 sunt,
2009 3786 2063 3841 in
2084 3787 2500 3857 congregatione
2532 3788 2871 3857 recipiantur
3376 3774 3383 3779 ’

1908 3877 1960 3931 7.
1992 3875 2064 3933 Ut
2104 3876 2378 3950 publicum
2424 3877 2800 3946 baptisterium
2842 3870 2899 3935 in
2949 3878 3053 3933 ulla
3102 3866 3422 3951 parroechia

1836 3984 1956 4023 esse
1995 3981 2101 4023 non
2127 3966 2338 4033 debeat,
2388 3956 2491 4022 nisi
2515 3967 2588 4021 ibi
2618 3968 2710 4022 ubi
2755 3968 3039 4040 episcopus
3081 3970 3424 4026 constituerit

1836 4057 1989 4113 cuius
2012 4056 2298 4129 parrochia
2343 4067 2447 4112 est.
2498 4055 2612 4112 Nisi
2642 4066 2847 4111 tantum
2878 4057 2921 4112 si
2953 4060 3248 4114 necessitas
3291 4076 3422 4116 eve-

1838 4149 1979 4202 nerit
2028 4162 2127 4218 pro
2182 4144 2513 4209 infirmitate,
2543 4154 2636 4199 aut
2665 4161 2763 4216 pro
2791 4147 3135 4212 necessitate,
3162 4147 3237 4201 illi
3261 4164 3417 4218 pres-

1836 4237 2032 4309 byteri,
2067 4251 2204 4307 quos
2233 4237 2516 4306 episcopus
2537 4236 2589 4289 in
2612 4237 2724 4307 ipsa
2748 4237 3035 4306 parrochia
3056 4239 3418 4304 constituerit,

1837 4330 1891 4383 in
1937 4326 2328 4397 qualecumque
2375 4325 2492 4380 loco
2539 4327 2820 4392 evenerit,
2865 4324 3138 4380 licentiam
3185 4326 3423 4382 habeant

1836 4419 2166 4490 baptizandi,
2194 4428 2254 4472 ut
2275 4418 2496 4472 omnino
2525 4417 2640 4471 sine
2666 4418 2936 4488 baptismo
2963 4432 3068 4471 non
3093 4417 3415 4472 moriantur.

1762 4493 1811 4554 Ι)
1908 4513 1960 4562 8.
1989 4508 2064 4561 De
2089 4505 2439 4578 presbyteris.
2472 4504 2748 4561 Utomnes
2768 4505 3066 4577 presbyteri
3093 4505 3185 4577 qui
3214 4504 3269 4559 in
3289 4521 3420 4576 par-

1836 4601 2022 4655 rochia
2049 4608 2196 4665 sunt,
2224 4604 2322 4653 sub
2346 4606 2614 4669 potestate
2642 4599 2877 4669 episcopi
2921 4613 3042 4653 esse
3081 4597 3312 4653 debeant
3354 4597 3422 4653 de

1834 4709 2023 4750 eorum
2065 4692 2276 4756 ordine,
2306 4699 2362 4745 et
2401 4690 2543 4745 nullo
2588 4690 2856 4761 presbiter
2884 4705 2989 4744 non
3016 4698 3329 4760 praesumat
3363 4691 3420 4745 in

1836 4784 1924 4838 illa
1951 4783 2235 4854 parrochia
2264 4797 2364 4837 nec
2401 4781 2700 4852 baptizare,
2743 4795 2843 4834 nec
2888 4780 3083 4835 missas
3108 4779 3421 4835 caelebrare

1836 4876 1953 4930 sine
1981 4874 2217 4929 iussione
2236 4871 2472 4941 episcopi
2494 4871 2547 4924 in
2587 4870 2741 4925 cuius
2761 4870 3049 4941 parrochia
3080 4877 3181 4925 est.
3206 4870 3274 4925 Et
3297 4886 3420 4928 om-

1837 4985 1933 5024 nes
1969 4966 2258 5039 presbiteri
2288 4965 2355 5019 ad
2399 4962 2685 5020 concilium
2714 4963 2951 5034 episcopi
2992 4963 3330 5019 conveniant.
3353 4962 3424 5019 Et

1834 5063 1881 5115 si
1910 5062 2013 5116 hoc
2040 5060 2183 5129 quod
2210 5056 2460 5127 superius
2484 5056 2950 5126 conpraehensum
2970 5064 3055 5109 est
3088 5054 3268 5109 facere
3290 5070 3419 5115 con-

1837 5152 2174 5223 tempserint,
2198 5137 2491 5206 secundum
2518 5149 2832 5205 canonicam
2859 5146 3247 5203 institutionem
3277 5147 3413 5202 iudi-

1836 5255 2047 5310 centur,
2076 5252 2185 5298 tam
2209 5243 2310 5314 ipsi
2337 5258 2499 5313 quam
2521 5241 2834 5297 defensores
2856 5254 3061 5296 eorum.

1911 5339 1965 5394 9.
1998 5339 2074 5393 De
2119 5338 2293 5392 modis
2338 5335 2929 5399 excommonicationis,
2959 5342 3067 5388 tam
3096 5334 3163 5390 de
3206 5329 3420 5389 clericis
3466 5388 3475 5399 ,

1841 5447 2006 5501 quam
2052 5430 2224 5485 laicis.
2259 5430 2317 5485 Si
2347 5429 2470 5499 quis
2496 5429 2784 5499 presbyter
2823 5428 2892 5482 ab
2920 5426 3177 5497 episcopo
3201 5440 3302 5481 suo
3326 5425 3422 5479 de-

1845 5522 2102 5592 gradatus
2128 5519 2312 5584 fuerit,
2343 5527 2397 5574 et
2439 5521 2553 5588 ipse
2576 5532 2674 5587 per
2697 5525 3062 5587 contemptum
3095 5526 3281 5585 postea
3316 5513 3420 5567 alio

1846 5615 1976 5684 quid
1995 5614 2064 5669 de
2084 5628 2183 5668 suo
2200 5612 2375 5667 cilicio
2389 5613 2507 5665 s‘ne
2521 5619 2825 5666 commeatu
2848 5610 3028 5664 facere
3048 5616 3424 5679 praesumpse-

1849 5706 1942 5768 rit,
1965 5714 2019 5759 et
2038 5713 2221 5775 postea
2250 5706 2318 5758 ab
2336 5704 2587 5772 episeopo
2605 5711 2887 5771 correptus
2908 5710 2965 5756 et
2991 5695 3421 5754 excommunica-
