3920 6310
671 307 799 363 1311

1695 300 1965 359 εέεοῑιλ
2006 298 2116 360 Vill
2160 296 2593 358 ΜΟΝΗΜΒΝΤΑ
2635 298 2962 359 δειεετλ.

3623 315 3693 377 lill

668 430 757 476 tus
805 418 988 483 fuerit,
1016 417 1109 490 qui
1139 431 1264 472 cum
1312 416 1430 487 ipso
1465 414 1943 471 communicaverit
1988 412 2246 477 scienter,
2274 415 2322 473 Α
2350 415 2712 484 suspendatur
2738 413 2953 470 interim
2978 413 3116 486 quod
3141 414 3205 470 ad
3225 417 3394 488 synodo
3422 422 3695 497 exiudumig.

666 510 805 566 sciat
822 522 881 565 se
904 523 1025 565 esse
1044 507 1587 565 exeommunicatum.
1625 505 1889 561 Similiter
1921 506 2246 574 quicumque

666 598 900 655 clericus
922 598 1007 653 vel
1026 598 1198 653 laicus
1214 604 1307 651 aut
1326 594 1546 660 femina,
1590 594 1855 650 incestum
1881 593 2180 658 comiserit,
2194 599 2250 650 et

668 690 738 745 ab
753 690 1006 760 episcopo
1031 704 1129 745 suo
1150 694 1431 756 correptus
1455 700 1514 741 se
1534 685 1824 741 emendare
1844 684 2097 749 noluerit,
2112 684 2249 740 etab

668 778 787 849 ipso
811 778 1308 835 excommunicatus
1335 775 1518 841 fuerit,
1542 768 1785 845 quicum
1806 774 1923 846 ipso
1943 773 2247 829 communi-

663 879 757 928 cat
778 871 1027 926 similiter
1043 868 1558 925 excommunicetur.
1572 865 1642 921 Et
1664 874 1725 921 ut
1748 865 1954 930 sciatis,
1978 864 2155 935 qualis
2178 862 2249 918 sit

665 958 858 1015 modus
880 959 1035 1014 istius
1056 954 1650 1021 excommunicationis,
1668 956 1724 1011 in
1743 955 2005 1012 aecclesia
2024 969 2132 1010 non
2157 955 2250 1010 de-

663 1048 993 1109 betintrare.
1010 1061 1110 1103 nec
1121 1063 1245 1102 cum
1267 1047 1413 1102 nullo
1430 1047 1729 1103 christiano
1742 1046 1934 1118 cybum
1963 1045 2046 1101 vel
2061 1046 2249 1116 petum

663 1153 880 1194 sumere
897 1154 1028 1206 ;nec
1049 1139 1168 1195 eius
1185 1153 1409 1194 munera
1435 1139 1683 1208 accipere
1695 1137 1877 1196 debet.
1892 1137 1976 1194 vel
2002 1137 2249 1192 osculum

661 1229 959 1300 porrigere,
992 1245 1094 1284 nec.
1118 1229 1173 1284 in
1200 1230 1444 1286 oratione
1470 1230 1712 1299 iungere,
1747 1242 1847 1283 nec
1872 1227 2130 1290 salutare,
2155 1242 2253 1281 an-

663 1326 878 1389 tequam
907 1319 975 1373 ab
998 1319 1250 1391 episcopo
1274 1333 1371 1374 suo
1393 1321 1466 1376 sit
1490 1319 1886 1376 reconciliatus.
1912 1318 2068 1385 Quod
2091 1318 2134 1373 si
2157 1317 2252 1373 ali-

552 1402 565 1413 ’
660 1413 783 1483 quis
809 1426 868 1467 se
899 1412 1273 1469 reclamaverit
1296 1414 1440 1484 quod
1483 1410 1693 1468 iniuste'
1715 1412 1787 1467 sit
1814 1411 2252 1467 excommunica-

661 1513 775 1571 tus,
802 1504 1076 1561 licentiam
1102 1506 1301 1562 habeat
1331 1504 1399 1559 ad
1423 1504 1893 1575 metropolitanum
1937 1503 2251 1574 episcopum

659 1594 864 1660 venire,
892 1603 948 1651 et
969 1595 1168 1650 ibidem
1196 1594 1491 1649 secundum
1516 1594 1831 1649 canonicam
1852 1592 2252 1647 institutionem

662 1684 1026 1752 deiudicetur;
1073 1692 1131 1740 et
1179 1683 1396 1739 interim
1430 1699 1583 1739 suam
1632 1681 2247 1739 excommunicationem

2349 511 2405 559 et
2429 501 2627 561 ibidem
2671 506 2965 562 secundum
3013 505 3305 562 canonicam
3328 507 3606 570 instituam
3626 524 3696 575 κά-

2348 592 2461 667 piat
2480 596 2805 653 sententiam
2825 614 2841 663 ;
2868 597 2968 653 nisi
2991 606 3191 653 tantum
3213 615 3301 670 pro
3319 599 3483 658 itineris
3500 620 3618 663 causa.
3634 608 3697 667 Etsi

2349 685 2490 740 ullus
2512 686 2745 743 clericus
2768 694 2864 741 aut
2893 686 3062 743 laicus
3098 688 3248 743 talem
3269 691 3512 760 episcopum
3529 697 3701 757 deum

2350 776 2422 831 rit
2456 777 2540 832 vel
2565 779 2943 848 presbyterum
2988 778 3103 833 sine
3138 789 3399 835 commeatu
3438 784 3598 855 episcopi
3626 792 3701 847 τω

2350 867 2636 936 parrochia
2677 876 2784 933 est,
2833 868 3311 925 excommunicetur
3333 885 3470 941 usque
3507 875 3701 934 alim

2349 954 2573 1015 tionem.

2423 1044 2511 1099 M.
2537 1045 2613 1101 De
2637 1045 2725 1100 die
2753 1046 3024 1102 dominico
3066 1048 3187 1116 quia
3214 1062 3481 1116 persuasum
3505 1060 3562 1105 est
3585 1055 3704 1122 populis.

2351 1138 2417 1194 de
2441 1136 2529 1192 die
2551 1138 2821 1194 dominico
2847 1139 2933 1208 agi
2963 1154 3086 1193 cum
3131 1139 3332 1195 caballis
3360 1138 3706 1200 sicutbobmuui-

2349 1228 2488 1284 culis
2511 1228 2706 1283 itinera
2734 1244 2843 1283 non
2875 1229 3092 1293 debere,
3120 1243 3281 1298 neque
3302 1229 3436 1283 ullam
3452 1246 3536 1286 rem
3551 1234 3705 1288 adnota

2348 1333 2697 1392 praeparare,
2723 1317 2809 1374 vel
2831 1319 2901 1373 ad
2926 1320 3154 1373 nitorem
3175 1320 3346 1374 domus
3366 1319 3434 1376 vel

2350 1418 2568 1464 nentem
2614 1407 2884 1464 ullatenus
2930 1423 3204 1474 exercere,
3248 1425 3370 1479 quae
3400 1412 3538 1466 resad
3570 1414 3707 1469 induas

2352 1502 2794 1575 superstitionem
2823 1503 2996 1575 magis
3018 1518 3178 1574 quam
3198 1503 3262 1558 ad
3292 1503 3564 1560 christianum
3581 1506 3708 1561 obseu-

2317 1597 2321 1600 ’
2352 1592 2551 1647 tionem
2596 1591 2869 1662 pertinere
2899 1593 3177 1662 probatur,
3204 1592 3254 1647 id
3278 1593 3527 1658 statuimus,
3546 1603 3584 1648 ut
3600 1594 3648 1647 die
3667 1597 3709 1647 ὼ»

2353 1680 2554 1736 minico
2580 1681 2723 1751 quod
2766 1689 2927 1737 antea
2951 1680 3072 1737 ﬁeri
3107 1681 3270 1747 licuit,
3294 1682 3446 1737 liceat.
3471 1683 3527 1737 De
3557 1699 3652 1754 open
3673 1696 3707 1736 a-

659 1776 949 1831 custodiat.
977 1775 1131 1843 Quod
1158 1775 1204 1831 si
1249 1777 1443 1845 aliquis
1473 1778 1573 1832 ista
1601 1775 1784 1831 omnia
1830 1774 2239 1844 contempserit,
2272 1765 2319 1826 B
2348 1770 2697 1836 men'rurale,
2738 1779 2912 1836 arata,
2965 1780 3063 1827 aut
3104 1773 3257 1827 vinea
3306 1773 3551 1838 sectionem,
3568 1776 3707 1829 unus»

659 1873 716 1920 et
745 1866 1028 1936 episcopus
1051 1866 1158 1922 hoc
1205 1867 1426 1922 minime
1479 1866 1768 1921 emendare
1794 1865 2053 1937 potuerit,
2103 1865 2248 1936 regis

661 1954 863 2012 iudicio
891 1956 1055 2011 exilio
1083 1957 1497 2012 condamnetur.

728 2048 815 2101 10.
846 2045 918 2103 Ut
964 2048 1212 2103 monachi
1243 2048 1334 2119 qui
1379 2047 1648 2104 veraciter
1690 2048 2013 2120 regulariter
2039 2048 2247 2116 vivunt,

655 2136 727 2191 ad
750 2135 977 2191 Romam
1006 2136 1091 2192 vel
1120 2137 1281 2194 aliubi
1311 2139 1538 2207 vagandi
1571 2155 1677 2195 non
1712 2139 2117 2210 permittantur,
2141 2140 2247 2196 nisi

658 2227 1055 2284 oboedientiam
1081 2230 1293 2285 abbatis
1317 2230 1399 2286 sui
1428 2243 1739 2287 exerceant.
1775 2232 1842 2287 Et
1867 2234 1910 2288 si
1938 2234 2058 2289 talis
2083 2248 2247 2289 causa

655 2320 919 2383 evenerit,
969 2318 1110 2388 quod
1143 2319 1308 2386 absit,
1331 2319 1473 2390 quod
1521 2320 1609 2375 ille
1660 2323 1828 2379 abbas
1876 2324 2136 2379 remissus
2165 2324 2249 2379 vel

656 2409 947 2481 neglegens
989 2410 1298 2466 inveniatur
1327 2419 1421 2466 aut
1465 2412 1519 2467 in
1564 2427 1758 2467 manus
1786 2412 2047 2469 laicorum
2072 2414 2247 2483 ipsum

658 2499 1047 2555 monasterium
1074 2501 1276 2567 veniat,
1299 2510 1354 2555 et
1386 2501 1490 2557 hoc
1517 2503 1802 2573 episcopus
1828 2505 2118 2559 emendare
2140 2522 2249 2560 non

636 2584 875 2660 ‘poterit,
906 2598 961 2645 et
1005 2589 1169 2661 aliqui
1221 2591 1357 2647 tales
1391 2592 1641 2647 monachi
1693 2593 1891 2647 ibidem
1929 2592 2131 2649 fuerint
2155 2596 2248 2665 qui

657 2688 881 2750 propter
910 2681 1078 2735 Deum
1107 2679 1175 2736 de
1196 2681 1314 2751 ipso
1362 2682 1752 2737 monasterium
1799 2684 1853 2737 in
1880 2683 2111 2739 alterum
2142 2685 2246 2739 mi-

657 2786 818 2841 grare
839 2769 1037 2825 vellent
1080 2780 1302 2842 propter
1326 2787 1514 2827 eorum
1559 2772 1769 2827 animas
1810 2773 2116 2841 salvandas,
2143 2776 2249 2832 hoc

654 2871 756 2929 per
777 2873 1100 2914 consensum
1128 2861 1364 2930 episcopi
1395 2862 1477 2915 sui
1510 2859 1627 2916 lice.
1652 2860 1783 2915 tiam
1833 2861 2087 2927 habeant,
2111 2868 2249 2935 ‘qua-

656 2949 783 3006 liter
800 2965 987 3006 eorum
1016 2952 1225 3006 animas
1254 2951 1711 3022 possintsalvare.

729 3042 817 3096 ll.
847 3042 922 3097 De
952 3041 1055 3099 illis
1077 3043 1384 3099 hominibus
1412 3045 1503 3114 qui
1532 3060 1590 3101 se
1620 3045 1806 3100 dicunt
1828 3054 2051 3117 propter
2076 3047 2245 3104 Deum

632 3135 800 3204 'quod
827 3151 884 3189 se
916 3128 1300 3201 tunsoraSsint,
1317 3144 1373 3192 et
1394 3138 1552 3192 modo
1580 3153 1667 3192 res
1695 3153 1884 3192 eorum
1904 3138 1991 3193 vel
2017 3141 2245 3210 pecunia
2271 3128 2315 3190 C

658 3225 882 3291 habent,
911 3234 965 3280 et
995 3240 1094 3280 nec
1117 3225 1217 3279 sub
1244 3240 1405 3279 manu
1436 3226 1673 3296 episcopi
1719 3234 1863 3292 sunt,
1911 3242 2011 3283 nec
2041 3227 2095 3281 in
2126 3241 2244 3281 mo-

658 3316 953 3371 nasterium
981 3316 1227 3387 regulare
1253 3315 1459 3381 vivunt,
1504 3315 1707 3385 placuit
1735 3327 1797 3371 ut
1836 3318 1888 3372 in
1915 3316 2246 3371 monasterio

654 3408 765 3462 sint
796 3406 896 3462 sub
925 3390 1114 3463 ordine
1143 3406 1396 3478 regulari,
1424 3417 1518 3462 aut
1545 3409 1646 3463 sub
1688 3423 1851 3463 manu
1878 3408 2115 3478 episcopi
2145 3407 2245 3463 sub

656 3499 847 3555 ordine
871 3500 1152 3555 canonica.
1178 3500 1244 3555 Et
1268 3499 1313 3555 si
1349 3500 1506 3556 aliter
1539 3502 1785 3567 fecerint,
1812 3510 1870 3557 et
1906 3502 2134 3557 correcti
2175 3502 2244 3557 ab

630 3591 910 3660 episcopo
958 3607 1057 3647 suo
1109 3607 1168 3648 se
1209 3591 1500 3649 emendare
1545 3593 1834 3660 noluerint,
1875 3594 2245 3650 excommuni-

656 3690 864 3736 centur.
899 3682 967 3736 Et
1010 3684 1077 3738 de
1123 3684 1333 3739 ancillis
1361 3684 1458 3741 Dei
1488 3685 1678 3740 velatis
1703 3685 1893 3741 eadem
1920 3686 2092 3742 forma
2121 3703 2241 3742 ser-

657 3782 835 3826 νείκη.

728 3860 816 3914 1‘2.
842 3860 897 3914 ln
939 3876 1147 3918 canone
1192 3864 1581 3922 Calcidonense
1628 3868 1864 3939 capitulo
1890 3869 1981 3925 20.
2028 3870 2103 3927 De
2134 3889 2241 3927 nun

654 3952 1010 4022 suscipiendis
1036 3953 1255 4010 alterius
1282 3956 1575 4012 aecclesiae
1603 3958 1830 4015 clericos
1857 3968 1911 4014 et
1940 3964 2006 4016 de
2024 3978 2243 4035 suscep-

629 4038 867 4099 toribus
902 4058 1090 4101 eorum
1125 4046 1329 4117 absque
1376 4047 1573 4105 litteris
1600 4052 2083 4109 commendaticiis.
2115 4052 2241 4111 Cle-

632 4128 798 4191 ricos
828 4137 881 4190 in
919 4137 1180 4195 aecclesia
1214 4140 1526 4204 militantes,
1571 4142 1709 4198 sicut
1757 4144 1862 4199 iam
1889 4147 2241 4202 constitutum

602 4276 617 4281 _
652 4234 756 4289 est,
789 4243 896 4281 non
926 4226 1090 4283 licere
1112 4230 1165 4282 in
1197 4229 1423 4286 alterius
1450 4232 1685 4288 civitatis
1710 4234 1936 4289 ecclesia
1960 4235 2044 4290 vel
2072 4237 2126 4291 in
2147 4252 2242 4306 po-

655 4324 851 4371 testate
879 4317 1139 4395 laicoru_m
1175 4320 1418 4390 militari,
1471 4325 1565 4379 sed
1596 4324 1794 4380 ibidem
1841 4341 2161 4396 permanere
2183 4327 2238 4383 in

654 4421 761 4477 qua
798 4406 1118 4478 principium
1166 4411 1477 4466 ministrare
1522 4414 1751 4481 meruit;
1790 4424 1944 4470 extra
1996 4432 2092 4472 eos
2118 4417 2235 4487 qui,

625 4497 852 4580 amissa
884 4500 1077 4569 patria,
1122 4501 1192 4556 ad
1223 4501 1384 4556 aliam
1431 4504 1717 4559 ecclesiam
1769 4520 1868 4575 pro
1918 4506 2239 4562 necessitate

654 4596 937 4644 venerunt.
971 4588 1074 4657 Qui
1106 4606 1236 4647 vero
1269 4593 1646 4663 episcoporum
1691 4607 1785 4650 aut
1809 4596 2067 4654 laicorum
2118 4607 2239 4668 pust

652 4675 755 4732 hoc
782 4676 940 4734 alteri
967 4679 1229 4736 ecclesiae
1248 4681 1506 4737 clericum
1530 4685 1837 4755 susciperit,
1864 4687 1967 4742 nisi
1988 4688 2054 4742 ad
2074 4690 2238 4742 excu-

652 4766 880 4822 sandum
930 4769 1346 4838 rationabiliter,
1380 4772 1582 4842 placuit
1616 4766 1649 4829 a
1696 4777 2075 4832 communione
2117 4794 2238 4833 sus-

649 4859 831 4926 pendi,
862 4868 917 4914 et
959 4875 1083 4915 eum
1113 4860 1206 4931 qui
1267 4863 1510 4934 suscipit,
1562 4874 1619 4921 et
1657 4867 1750 4936 qui
1799 4876 2083 4937 susceptus
2128 4878 2232 4935 est,

650 4965 930 5022 quousque
945 4952 1203 5009 clericum
1225 4956 1317 5027 qui
1335 4957 1628 5015 translatus
1647 4967 1747 5026 est,
1767 4959 1975 5028 fecerit,
1993 4961 2061 5016 ad
2079 4977 2234 5018 suam

652 5046 851 5099 reverti
874 5045 1215 5104 aecclesiam.

981 5158 1148 5215 Codd.
1178 5160 1214 5215 2
1235 5171 1284 5216 et
1307 5163 1341 5218 5
1374 5164 1449 5217 ita
1470 5175 1855 5236 prosequuntur
1882 5183 1903 5222 :

724 5266 810 5321 15.
841 5267 918 5325 De
945 5271 1217 5343 episcopis
1262 5276 1603 5343 vacantibus,
1632 5278 1723 5347 qui
1764 5281 2081 5350 parrochias
2124 5298 2232 5339 non

651 5359 874 5424 habent,
895 5376 998 5416 nec
1017 5364 1217 5419 scimus
1234 5367 1630 5424 ordinationem
1648 5384 1837 5427 eorum
1854 5371 2088 5440 qualiter
2107 5373 2230 5441 fuit,

651 5450 856 5520 placuit
878 5451 1027 5507 iuxta
1061 5454 1307 5511 instituta
1346 5468 1655 5514 sanctorum
1699 5470 1939 5531 patrum,
1968 5472 2029 5517 ut
2062 5463 2116 5518 in
2158 5463 2233 5518 al-

628 5541 824 5597 ‘terius
841 5542 1128 5612 parrochia
1156 5544 1466 5604 ministrare
1494 5564 1605 5608 nec.
1637 5549 1744 5605 ulla
1787 5551 2129 5608 ordinatione
2155 5554 2230 5606 t'a-

648 5648 777 5689 cere
800 5635 1034 5689 debeant
1056 5650 1161 5689 non
1192 5636 1310 5691 sine
1335 5638 1572 5695 iussione
1593 5640 1832 5712 episcopi
1863 5640 2018 5697 cuius
2045 5658 2232 5711 parro-

651 5727 773 5781 ehia
797 5735 901 5783 est.
931 5727 995 5782 Et
1038 5728 1082 5783 si
1136 5730 1237 5784 hoc
1276 5730 1453 5785 facere
1482 5735 1926 5803 praesumpserit,
1961 5735 2027 5787 ab
2048 5734 2231 5789 oliicio

2351 1876 2493 1927 nem,
2546 1871 2816 1929 exartunt,
2849 1862 2933 1918 vel
2964 1878 3095 1935 sepe
3122 1862 3404 1920 censuimus
3425 1864 3708 1933 abstinth

2349 1954 2567 2011 facilius
2608 1957 2676 2012 ad
2699 1958 2984 2014 ecclesiam
3019 1960 3291 2015 venientes
3332 1962 3536 2017 orationis
3562 1962 3709 2030 gues

2348 2050 2492 2101 cent.
2525 2046 2679 2114 Quod
2726 2048 2771 2102 si
2820 2048 3073 2105 inventus
3100 2048 3259 2106 fuerit
3281 2051 3389 2124 quis
3428 2051 3470 2105 in
3495 2050 3651 2120 oper-ibis
3672 2064 3709 2102 su-

2350 2138 2669 2209 prascriptis
2717 2155 2856 2211 quae
2900 2141 3191 2198 interdicta
3218 2152 3336 2198 sunt
3375 2142 3709 2211 exerceremus

2348 2230 2641 2285 emendare
2669 2231 2880 2298 debeat,
2903 2247 3015 2286 non
3046 2233 3101 2288 in
3125 2233 3369 2289 laicorum
3389 2230 3710 2288 distnctiwesdh

2346 2322 2717 2378 sacerdotibus
2740 2324 3099 2394 castigatione
3120 2327 3383 2383 consistat.

2420 2430 2505 2486 15.
2542 2432 2612 2489 Ut
2641 2448 2831 2490 omnes
2867 2436 3119 2493 homines
3162 2436 3278 2492 laici
3318 2434 3515 2506 publicas
3545 2427 3711 2502 melth
3772 2427 3773 2495 ἶ

2346 2523 2525 2590 ciant,
2545 2532 2656 2579 tam
2688 2526 2898 2582 nobiles
2922 2542 3092 2597 quam
3131 2529 3394 2599 ignobiles.
3772 2534 3773 2599 ί

2419 2614 2505 2670 16.
2534 2615 2615 2671 Ex
2637 2633 2845 2675 canone
2870 2618 3260 2679 Calcidonense
3283 2637 3388 2692 cap.
3412 2623 3457 2678 3.
3480 2617 3712 2675 utclu'idta-

2346 2706 2600 2764 ductores
2625 2725 2730 2765 non
2759 2711 2888 2777 sint,
2919 2712 3027 2769 hoc
3053 2723 3159 2778 est,
3202 2724 3260 2769 ut
3304 2730 3399 2770 non
3423 2705 3712 2769 habeantaclitis

2345 2796 2626 2863 secularis,
2674 2799 2779 2854 nisi
2821 2817 2922 2870 pro
2957 2816 3157 2859 causas
3194 2791 3499 2859 ecclesiarum
3516 2799 3712 2867 orphaw
3772 2818 3773 2843 ι

2345 2888 2434 2944 vel
2460 2890 2766 2956 viduarum,
2802 2893 3096 2950 ordinante
3121 2896 3359 2966 episcopo
3382 2909 3463 2950 suo
3485 2885 3697 2963 [vehunt]-

2417 3000 2504 3057 l7.
2531 3002 2611 3057 Ex
2635 3018 2841 3060 canone
2866 3003 3257 3065 Calcidonense
3296 3023 3402 3078 cap.
3423 3006 3713 3073 25.ntpastltr
3772 3014 3773 3087 ξ

2350 3100 2456 3147 tem
2479 3092 2719 3164 episcopi
2742 3110 2847 3150 non
2878 3096 3043 3152 liceat
3066 3099 3414 3169 episcopatum
3437 3112 3529 3153 esse
3546 3094 3715 3160 sinente
3772 3092 3773 3123 ‘

2349 3196 2410 3235 re
2436 3197 2600 3252 super
2649 3199 2867 3241 menses
2900 3195 3048 3253 tres;
3094 3188 3199 3243 nisi
3248 3188 3362 3243 talis
3386 3176 3717 3248 necwiusgmiﬁ
3772 3192 3773 3231 ἡ

2343 3274 2610 3339 evenerit,
2637 3285 2698 3330 ut
2741 3275 2845 3332 hoc
2872 3277 3214 3342 nullomodo
3254 3280 3363 3337 ﬁeri
3393 3294 3481 3334 non
3507 3275 3627 3349 postil-
3644 3269 3717 3324 Ρηθ

2343 3352 2501 3433 cipue
2538 3365 2851 3435 proximum
2873 3370 3162 3440 synodum,
3188 3387 3308 3427 cum
3343 3368 3554 3433 evenerit,
3574 3365 3717 3435 φωρ
3772 3412 3773 3417 η

2341 3456 2648 3512 ordinetur.

2415 3549 2501 3605 18.
2539 3547 2612 3604 Ut
2637 3549 2817 3607 nullus
2840 3551 3076 3610 clericus
3101 3555 3172 3611 ad
3208 3553 3395 3610 iudicia
3411 3552 3599 3606 laicorum
3617 3540 3718 3614 illi“

2342 3655 2450 3695 non
2480 3643 2767 3697 conveniat
2791 3643 2909 3700 sine
2937 3645 3180 3703 iussione
3203 3646 3420 3718 episcopi
3438 3643 3504 3699 sui
3532 3637 3590 3693 vel
3606 3630 3717 3690 Μ
3772 3648 3773 3659 ³

2342 3730 2512 3802 iuxta.
2536 3733 2759 3789 canonis
2782 3731 3207 3805 Cartaginensis,
3241 3734 3451 3808 capitulo
3473 3736 3514 3787 8.
3536 3736 3585 3783 ἰιι

2341 3830 2492 3891 ptum
2519 3830 2603 3876 est
2633 3840 2645 3876 :
2678 3842 2698 3874 ς
2733 3821 2833 3889 Qui
2862 3824 3054 3881 relicto
3083 3827 3431 3885 ecclesiastico
3452 3808 3719 3885 Midam

2345 3913 2556 3968 indiciis
2583 3928 2643 3969 se
2683 3930 2917 3985 purgare
2943 3916 3202 3985 voluerit,
3241 3916 3432 3975 etiamsi
3452 3927 3531 3986 pro
3548 3900 3719 3998 ίιιονιφίῗ

2343 4001 2505 4058 fuerit
2542 4009 2830 4069 sententia,
2868 4006 3046 4062 locum
3072 4025 3226 4064 suum
3256 4008 3463 4064 amittat.
3482 4003 3565 4058 Hoc
3589 3998 3719 4052 iam”

2344 4096 2451 4150 nali
2476 4095 2690 4152 iudicio.
2719 4096 2777 4152 ln
2805 4098 2949 4153 civili
3000 4115 3134 4155 vero
3158 4103 3341 4173 perdat
3365 4096 3484 4169 quod
3517 4076 3720 4173 evicit“?

2342 4205 2466 4245 cum
2492 4180 2663 4244 suum
2694 4190 2941 4249 obtinere
2965 4168 3217 4248 voluerit.
3245 4191 3336 4248 Cui
3374 4168 3494 4245 enim
3515 4168 3721 4245 NW

2342 4278 2547 4334 iudices
2580 4279 2834 4350 undique
2877 4281 3143 4338 ecclesiae
3187 4292 3332 4353 patet
3370 4266 3721 4336 ,πίστωμα

2340 4368 2617 4439 indignum
2645 4367 2886 4426 fraterno
2919 4375 3196 4429 consortio
3222 4368 3498 4439 iudicath
3525 4364 3575 4418 de
3594 4356 3723 4414 alii“

2266 4483 2316 4544 ο
2339 4438 2567 4515 ecclesia
2597 4459 2737 4515 male
2777 4461 3077 4529 sentiendo,
3105 4464 3173 4519 de
3218 4438 3449 4523 seculari
3474 4452 3615 4511 iudicio
3640 4438 3724 4544 Ρωῒξί

2341 4550 2624 4617 auxilium,
2641 4567 2765 4606 Clllll
2776 4596 2779 4599 ‹
2789 4553 3124 4622 privatorum
3143 4555 3520 4610 Christianorum

2338 4643 2510 4700 stolus
2534 4645 2600 4700 ad
2624 4646 2910 4701 ecclesiam
2947 4646 3168 4702 diﬂ'erre
3199 4655 3356 4716 atque
3393 4641 3549 4699 ibidem

2338 4726 2654 4809 praecipiat.
2688 4755 2704 4787 I
2730 4734 2800 4789 Et
2821 4724 3072 4802 maxime,
3095 4753 3165 4792 ne
3184 4739 3237 4793 in
3257 4737 3435 4792 talibus
3462 4725 3595 4784 ausis
3616 4719 3724 4783 Ψ

2339 4825 2524 4881 tudine
2555 4828 2753 4883 domno
2778 4843 2903 4898 rege
2934 4828 3118 4885 faciat.

2409 4916 2495 4972 l9.
2537 4917 3070 4985 Deinmunitatibus,
3111 4928 3173 4975 ut
3213 4932 3391 4976 omnes
3428 4903 3727 4983 multum?“

2335 5007 2619 5065 universas
2636 5007 2894 5066 ecclesias
2915 5019 3265 5068 conservatae
3282 5010 3401 5069 sint.

2405 5098 2495 5154 20.
2535 5096 2594 5153 ln
2614 5099 2720 5154 alio
2748 5101 2953 5170 synodo
2993 5102 3153 5158 nobis
3176 5096 3516 5173 perdonaﬂisi
3543 5083 3726 5169 uti“

2334 5190 2572 5246 nasteria
2602 5190 2693 5246 ubi
2723 5183 3044 5261 regulariter
3084 5191 3334 5248 monachi
3358 5195 3441 5244 aut
3478 5174 3725 5261 MM"?

2335 5292 2550 5349 xerant,
2579 5291 2640 5338 ut
2654 5284 2759 5340 hoc
2774 5251 2919 5354 quod
2940 5285 3025 5341 eis
3043 5286 3108 5341 de
3128 5284 3246 5343 illas
3273 5298 3356 5339 res
3376 5251 3725 5354 ἀεωίιιθδιάδέδ

2334 5375 2518 5434 vivere
2540 5352 2867 5445 potuissent,
2893 5377 3180 5443 utexinde,
3208 5377 3251 5432 si
3282 5372 3456 5446 regalis
3473 5352 3725 5446 θηιιιδάέ

2334 5480 2463 5520 num
2493 5439 2676 5536 regem
2703 5439 2923 5521 fecisset
2948 5439 3175 5523 rationis
3191 5439 3362 5525 abbas
3373 5460 3444 5516 vel
3461 5439 3725 5537 abbatistﬁé

2333 5556 2378 5611 si
2398 5524 2740 5626 episcopalis,
2758 5556 2826 5623 ad
2840 5556 2989 5613 illum
3001 5557 3321 5630 episcopum.
3342 5524 3725 5608 Similiteretdtw“
3772 5552 3773 5630 ἐ

2334 5663 2503 5703 vicos.
2828 5688 2833 5693 ρ
3460 5703 3467 5713 ,
3604 5696 3610 5703 .

2376 5726 2493 5792 ἐι.
2538 5737 2605 5795 Ut
2636 5739 2753 5794 illos
2791 5741 3194 5811 presbyteratus
3220 5734 3308 5809 qui
3346 5733 3404 5789 ad
3429 5730 3548 5786 illum
3567 5714 3725 5788 φῖεαΡ
