3920 6310
184 301 321 358 1515

944 311 1205 381 PIPPINI,
1247 317 1738 382 CAROLOMANNI
1777 324 1865 382 ET
1902 323 2214 384 ALIORUM
2253 329 2667 389 DIPLOMATA.

3301 345 3444 403 IS“

177 426 290 471 tum
319 415 527 489 legibus
558 419 865 494 obtingunt,
923 434 984 480 ut
1011 427 1085 481 illi
1125 430 1361 502 episcopi
1397 433 1542 504 ipsos
1596 437 1758 493 debe-
1784 447 1832 504 Α
1862 451 1982 528 suo,
2009 445 2064 493 et
2089 438 2242 495 duxit
2281 457 2464 498 secum
2510 460 2667 502 suum
2702 449 3014 518 vassallum,
3043 465 3098 511 et
3135 467 3320 528 postea
3346 463 3446 518 linit

175 517 299 564 rent
323 509 544 576 habere,
573 514 713 569 sicut
742 524 900 571 antea
923 517 975 572 in
1001 519 1108 575 alio
1127 525 1332 593 synodo
1350 525 1584 583 dixistis.

1864 525 1937 580 ibi
1963 535 2208 584 mortuus
2231 529 2346 600 ipse
2375 534 2587 600 senior,
2614 545 2670 591 et
2695 538 2999 598 dimisit-ibi
3043 525 3218 616 ipsum
3245 556 3448 608 vassal-

243 599 333 653 22.
359 599 436 655 De
454 604 757 674 peregrinis
771 607 862 677 qui
883 618 1106 680 propter
1124 612 1294 671 Deum
1312 621 1535 680 vadunt.
1557 631 1615 676 ut
1631 623 1727 693 ipsi

1861 616 2001 684 lum;
2048 629 2105 676 et
2131 599 2266 692 post,
2296 625 2400 680 hoc
2449 630 2659 699 accepit
2683 631 2821 688 alius
2848 635 3009 692 homo
3246 599 3447 700 beneﬁ-

173 689 414 747 teloneos
459 708 568 747 non
595 694 815 762 tollant;
872 707 929 753 et
969 701 1035 756 de
1062 703 1196 759 alios
1236 707 1473 766 teloneos
1498 689 1759 769 sicut—vos
1860 711 2024 778 cium,
2052 723 2107 769 et
2133 731 2232 785 pro
2280 718 2384 773 hoc
2431 728 2491 774 ut
2515 722 2707 778 melius
2730 727 2992 795 potuisset
3042 731 3246 789 habere
3297 735 3443 791 iIIum

169 787 533 857 perdonastis,
565 790 641 845 ita
670 791 786 857 fiat,
819 801 880 848 ut
904 793 996 849 ubi
1033 795 1272 869 legitimo
1300 803 1483 859 donati
1512 822 1619 860 non
1645 807 1758 863 fue-
1860 803 2167 870 vassallum,
2199 807 2345 863 dedit
2371 810 2420 863 ei
2470 811 2753 870 mulierem
2797 817 2866 872 de
2913 819 3030 889 ipso
3079 821 3364 891 beneficio,
3389 836 3446 882 et

168 873 303 940 rint,
337 884 645 932 transeant.

239 965 330 1021 25.
375 966 444 1022 Ut
489 971 715 1026 comites
766 973 848 1028 vel
902 975 1109 1036 iudices
1161 980 1232 1035 ad
1284 997 1472 1039 eorum
1527 986 1755 1057 placitus

165 1056 419 1126 primitus
454 1059 738 1116 viduarum
767 1104 782 1128 ,
831 1068 1230 1137 orphanorum,
1269 1074 1356 1129 vel
1400 1056 1752 1134 ecclesiarum

165 1161 365 1202 causas
401 1149 623 1206 audiant
662 1153 747 1206 vel
792 1155 1055 1214 definiant
1101 1162 1156 1215 in
1183 1163 1524 1237 eleemosyna
1555 1169 1752 1225 domno

163 1252 314 1308 rege,
335 1248 390 1293 et
407 1250 594 1310 postea
613 1243 748 1300 alias
766 1260 956 1304 causas
982 1265 1082 1320 per
1129 1252 1332 1310 iustitia
1361 1258 1752 1317 rationabiliter

162 1328 488 1384 iudicentur.

233 1419 322 1475 24.
365 1421 437 1477 Ut
461 1439 558 1493 per
577 1429 840 1494 pecunias
867 1431 1047 1489 nullus
1071 1435 1139 1489 ad
1165 1437 1394 1508 gradum
1420 1443 1748 1500 ecclesiasti-

155 1526 284 1565 cum
308 1513 393 1567 vel
417 1515 484 1568 ad
515 1516 776 1574 honorem
801 1525 1059 1580 accedere
1087 1543 1195 1583 non
1224 1531 1442 1600 debeat,
1471 1537 1597 1605 quia
1619 1539 1747 1592 hae-

158 1601 302 1655 resis
337 1602 633 1660 simoniaca
657 1623 778 1664 esse
802 1612 1034 1668 videtur.

229 1691 315 1746 25.
363 1693 433 1749 Ut
459 1695 638 1752 nullus
687 1701 972 1774 episcopus
1011 1723 1110 1763 nec
1161 1711 1363 1778 abbas,
1396 1731 1496 1772 nec
1549 1718 1738 1788 laicus,

1857 895 2048 950 habuit
2067 897 2238 966 ipsam
2252 899 2430 971 aliquo
2445 911 2686 974 tempore
2703 923 2718 973 ;
2743 916 2798 962 et
2816 909 3039 967 dimissa
3052 912 3163 978 illa,
3192 929 3445 972 reversus

1854 992 1938 1038 est
1965 986 2033 1040 ad
2070 998 2323 1056 parentes
2367 995 2597 1050 senioris
2645 999 2729 1053 sui
2769 1003 2990 1068 mortui,
3046 1015 3102 1060 et
3131 1009 3339 1078 accepit
3367 1009 3440 1064 ibi

1854 1091 2101 1145 uxorem,
2135 1089 2190 1136 et
2212 1085 2370 1139 modo
2391 1087 2557 1143 habet
2579 1105 2720 1146 eam.
2747 1092 3039 1153 Diﬂinitum
3066 1110 3169 1164 est,
3213 1101 3356 1171 quod
3377 1104 3440 1158 il-

1853 1165 1962 1220 lam
1985 1185 2146 1238 quam
2167 1185 2356 1242 postea
2388 1180 2616 1248 accepit,
2644 1181 2818 1251 ipsam
2845 1184 3060 1242 habeat.

1923 1255 2011 1310 10.
2053 1257 2110 1312 Si
2138 1263 2278 1330 quis,
2311 1279 2479 1320 uxore
2518 1280 2760 1340 accepta,
2807 1275 3013 1331 invenit
3037 1293 3159 1334 eam
3190 1296 3220 1335 a
3267 1281 3438 1338 fratre

1852 1362 1950 1401 suo
1995 1354 2436 1422 contaminatam,
2488 1359 2659 1429 ipsam
2703 1364 2981 1423 dimittens
3006 1373 3218 1442 accepit
3240 1373 3398 1428 aliam
3418 1414 3434 1437 ,

1851 1435 2132 1508 ipsamque
2149 1445 2575 1502 contaminatam
2606 1451 2829 1519 invenit,
2857 1471 2995 1510 uxor
3015 1435 3434 1533 illiuslegittima

1847 1539 1953 1595 est,
1975 1544 2265 1604 propterea
2293 1539 2418 1607 quia
2443 1557 2543 1596 nec
2572 1543 2685 1612 ipse
2722 1546 2874 1618 virgo
2918 1547 3018 1604 fuit
3051 1551 3141 1607 illo
3169 1561 3431 1626 tempore.

1847 1622 1999 1688 Quod
2027 1626 2074 1681 si
2099 1629 2315 1683 tertiam
2364 1642 2568 1708 postea.
2598 1640 2869 1706 acceperit
2892 1680 2906 1704 ,
2959 1653 3196 1698 revertat
3223 1622 3297 1700 ad
3321 1662 3434 1702 me-

1844 1713 2094 1780 dianam;
2123 1730 2178 1774 et
2191 1721 2306 1791 ipsa
2329 1727 2596 1793 posterior
2623 1739 2942 1799 potestatem
2969 1734 3167 1789 habeat
3192 1736 3295 1791 alio
3316 1738 3434 1792 viro

152 1792 383 1854 propter
445 1786 677 1844 iustitias
741 1791 1050 1881 faciendum
1107 1802 1346 1869 sportolo
1406 1786 1729 1865 contradictr

1851 1820 1906 1857 se
1929 1809 2273 1881 coniungere.

154 1888 266 1928 non
289 1876 521 1946 accipiat
546 1895 559 1943 ;
580 1881 706 1950 quia
739 1883 830 1937 ubi
860 1885 977 1956 ipsa
1005 1878 1143 1946 dona
1173 1893 1561 1964 intercurrunt,
1593 1901 1744 1957 iusti-

153 1963 232 2018 tia
262 1975 572 2022 evacuatur.

907 2069 994 2125 VI.

602 2185 632 2214 ο
708 2175 947 2236 PIPPINI
988 2183 1190 2242 REGIS

299 2261 732 2323 CAPITULARE
762 2271 1288 2336 COMPENDIENSE
1314 2283 1425 2338 ΑΝ.
1471 2286 1592 2341 757.

213 2350 471 2440 Capitula
496 2359 617 2439 haec
666 2361 962 2440 in___codice,
996 2369 1045 2421 I.
1083 2371 1229 2440 regio
1277 2372 1567 2432 Parisiensi
1599 2379 1739 2434 inter

153 2422 342 2518 ‘S’uppl.
387 2426 608 2518 .LatinaL
619 2445 673 2518 nl.
708 2431 774 2485 75
801 2422 1016 2518 signato
1064 2422 1306 2518 proxime

151 2493 552 2588 Xermerieusia
581 2493 1034 2588 habgntuﬁpnde
1053 2493 1109 2563 ἐι
1331 2493 1459 2583 Ejus

150 2564 429 2646 ltegitione
476 2567 617 2646 inter
642 2564 1056 2646 .Verrneriensia
1095 2564 1736 2646 recensenturfExstant

146 2644 227 2697 et,
250 2633 384 2724 ign
413 2637 596 2724 codice
619 2641 764 2723 regio
794 2642 1100 2724 Monacensi
1128 2633 1734 2724 bligﬁ‘zlii'g'a’s'mﬁafﬂl

145 2719 280 2792 gum
314 2702 651 2792 Sijrrnondus,
675 2702 961 2792 primusex
983 2702 1417 2792 codiceIIetenosi
1438 2726 1635 2792 editor,
1665 2745 1731 2783 ex

143 2772 408 2830 Einhardi
430 2772 727 2834 Annalibus
753 2783 1066 2854 assignavit.

145 2879 351 2920 INCIPIT
387 2882 668 2924 υεαιετυη
695 2888 834 2933 QUOD
873 2891 1085 2932 I-‘AC'I'UII
1123 2896 1248 2936 FUIT
1284 2899 1352 2937 AD
1390 2899 1731 2944 COIPENDIUM

657 2959 925 2999 PALATIUI
956 2964 1236 3005 PUBLICUII.

223 3037 248 3064 α
285 3025 335 3079 1.
362 3023 417 3081 Si
439 3029 491 3083 in
519 3041 711 3101 quarta
731 3039 983 3108 progenie
1008 3044 1208 3112 reperti
1227 3042 1732 3116 fuerintconiuncti,

142 3131 255 3172 non
277 3134 608 3189 separamus.

219 3209 273 3263 2.
314 3211 370 3265 1η
400 3216 566 3269 tercia
597 3233 726 3274 vero
755 3221 802 3275 si
831 3227 1029 3292 reperti
1057 3226 1278 3296 fuerint,
1317 3245 1655 3304 separentur.

215 3296 269 3353 3.
311 3301 377 3355 Et
401 3318 495 3358 eos
542 3307 634 3376 qui
680 3324 819 3365 unus
873 3312 925 3366 in
965 3325 1157 3385 quarta
1185 3357 1202 3384 ,
1265 3296 1402 3377 alius
1455 3324 1508 3378 in
1561 3328 1727 3382 tercia

138 3389 250 3445 sibi
313 3395 614 3463 pertinent,
667 3408 736 3454 .et
792 3404 1063 3461 coniuncti
1121 3409 1505 3481 inveniuntur,
1574 3433 1729 3488 sepa-

142 3494 351 3536 ramus.

212 3571 269 3626 4.
311 3572 368 3628 Si
395 3576 501 3631 duo
530 3575 584 3632 in
631 3583 799 3636 tercio
838 3577 958 3640 loco
994 3587 1098 3642 sibi
1127 3589 1440 3659 pertinent,
1481 3595 1594 3652 sive
1621 3598 1723 3662 vir,

137 3663 258 3718 sive
295 3661 495 3721 femina
519 3708 534 3732 ,
575 3677 670 3724 aut
699 3687 838 3728 unus
884 3675 939 3728 in
970 3679 1138 3733 tercio
1163 3689 1221 3735 et
1245 3681 1382 3738 alter
1415 3685 1468 3739 in
1497 3697 1722 3757 quarto;

135 3763 251 3806 uno
273 3764 508 3821 mortuo,
531 3773 638 3812 non
663 3760 788 3816 licet
806 3762 1038 3820 alterum
1067 3771 1313 3840 accipere
1335 3789 1560 3832 uxorem
1586 3779 1720 3836 eius.

138 3836 212 3896 Et
236 3841 280 3896 si
308 3843 508 3899 inventi
537 3846 757 3916 fuerint,
788 3865 1126 3924 separentur.
1149 3836 1266 3916 Una
1286 3862 1372 3917 lex
1399 3867 1570 3922 estde
1591 3871 1723 3926 viris

137 3939 198 3985 et
224 3932 291 3988 de
319 3932 555 3992 feminis.

210 4017 263 4075 5.
305 4022 496 4080 Mulier
522 4028 568 4083 si
602 4030 718 4085 sine
745 4044 1050 4090 commeatu
1078 4038 1182 4093 viri
1221 4041 1304 4097 sui
1329 4045 1506 4100 velum
1548 4049 1600 4103 in
1631 4066 1722 4105 ca-

134 4113 480 4181 putmiserit,
505 4117 550 4172 si
575 4119 694 4174 viro
721 4120 1008 4190 placuerit,
1038 4127 1263 4198 recipiat
1281 4147 1403 4186 eam
1431 4135 1630 4192 iterum
1651 4141 1720 4194 ad

137 4204 464 4275 coniugium.

209 4295 262 4349 6.
300 4296 368 4352 Et
389 4299 433 4352 si
464 4301 589 4374 quis
615 4301 881 4361 Francam
911 4307 1192 4365 tiliastram
1219 4327 1370 4368 suam
1413 4325 1601 4372 contra
1630 4335 1718 4374 vo.

135 4384 396 4443 Iuntatem
442 4391 611 4462 ipsius
638 4403 695 4449 et
722 4399 915 4455 matris
955 4410 1012 4454 et
1045 4413 1332 4471 parentum
1361 4406 1570 4462 dederit
1601 4411 1720 4464 viro

1921 1897 2006 1950 11.
2046 1898 2103 1954 Si
2157 1904 2277 1972 quis
2328 1907 2488 1963 homo
2537 1913 2699 1968 habet
2741 1916 3019 1973 mulierem
3080 1921 3429 1992 legittimam,

1846 1997 1902 2040 et
1940 1988 2110 2044 frater
2157 1995 2274 2047 eius
2319 1999 2787 2060 adulteravitcum
2835 2025 2932 2074 ea,
2984 2011 3071 2065 ille
3116 1988 3289 2069 frater
3349 2016 3433 2071 vel

1779 2141 1782 2144 _
1845 2079 1932 2132 illa
1962 2080 2159 2136 femina
2187 2087 2278 2154 qui
2325 2089 2643 2147 adulterium
2697 2108 3166 2168 perpetravcrunt,
3213 2104 3429 2159 interim

1843 2187 1950 2239 quo
2009 2174 2196 2228 vivunt
2266 2194 2560 2250 numquam
2641 2188 2876 2243 habeant
2941 2193 3270 2265 coniugium.
3336 2195 3428 2253 Ille

1841 2265 1996 2320 cuius
2023 2282 2160 2321 uxor
2196 2267 2334 2334 fuit,
2378 2274 2421 2326 si
2454 2275 2597 2338 vult,
2639 2288 2958 2347 potestatem
2983 2284 3144 2339 habet
3181 2289 3427 2358 accipere

1839 2357 2026 2412 aliam.

1910 2447 1994 2500 12.
2038 2448 2094 2503 Si
2113 2434 2253 2521 quis
2273 2453 2576 2525 baptizatus
2597 2470 2681 2516 est
2710 2479 2739 2516 a
2775 2467 3092 2538 presbytero
3118 2487 3221 2524 non
3253 2473 3426 2543 bapti-

1836 2546 1976 2602 zato,
2007 2548 2074 2620 .et
2117 2551 2302 2598 sancta
2333 2545 2572 2604 Trinitas
2616 2553 2668 2605 in
2719 2555 2833 2624 ipso
2865 2557 3129 2630 baptismo
3173 2564 3421 2621 invocata

1835 2611 2020 2691 fuerit,
2063 2627 2373 2701 baptizatus
2396 2647 2501 2702 est,
2535 2641 2674 2695 sicut
2705 2611 3096 2722 S-ergiusrpapa
3125 2654 3278 2710 dixit.
3320 2657 3424 2712 Im-

1833 2716 2098 2782 positione
2127 2728 2306 2776 tamen
2329 2739 2585 2782 manuum
2608 2734 2844 2806 episcopi
2875 2716 3110 2811 indiget:
3138 2744 3424 2819 [Georgius

1832 2811 2118 2878 episcopus
2159 2812 2435 2872 Romanus
2464 2828 2520 2874 et
2545 2821 2810 2881 Iohannes
2854 2832 3167 2891 sacellarius
3193 2839 3272 2894 sic
3299 2856 3423 2894 sen-

1835 2911 2046 2954 serunt.
2062 2902 2079 2974 ]

1907 2989 1994 3046 l5.
2035 2993 2264 3065 Sipater
2284 3016 2534 3072 sponsam
2563 3007 2654 3063 lilii
2682 3013 2762 3066 sui
2784 3021 3132 3086 Oppresserit,
3155 3032 3208 3077 et
3231 3036 3417 3094 postea

1839 3077 1979 3134 filius
2003 3082 2174 3152 ipsam
2206 3095 2504 3160 acceperit,
2536 3107 2693 3165 pater
2719 3077 3056 3174 eius-postea
3087 3127 3190 3165 non
3222 3077 3420 3171 habeat

2023 3140 2037 3152 _
2251 3140 2264 3142 ,
2285 3140 2504 3160 --r_---,
2537 3140 2682 3165 ,μην-
2719 3140 2836 3157 uua
2874 3140 3056 3174 μυοιῠιι
3087 3140 3190 3165 uuu
3222 3140 3414 3171 nauem

1760 3140 1804 3201 θ
1838 3183 2082 3237 uxorem,
2106 3183 2163 3227 et
2190 3175 2304 3245 ipsa
2329 3178 2528 3236 femina
2553 3199 2658 3239 non
2705 3188 2904 3245 habeat
2931 3195 3128 3263 virum,
3155 3203 3280 3269 quia
3309 3219 3414 3258 non

1832 3257 1967 3312 dixit
2017 3263 2160 3329 quod
2210 3273 2366 3333 pater
2419 3271 2536 3325 eius
2579 3288 2702 3328 cum
2750 3279 2866 3348 ipsa
2912 3257 3228 3354 mansisset;
3271 3257 3416 3350 filius

1831 3365 1960 3404 vero
1979 3353 2097 3410 eius
2125 3358 2216 3426 qui
2243 3363 2491 3420 nesciens
2518 3365 2664 3432 fecit,
2697 3373 2927 3443 accipiat
2955 3378 3235 3437 mulierem
3259 3385 3413 3458 legit-

1832 3442 2038 3498 timum.

1900 3552 1982 3606 H.
2019 3555 2075 3610 In
2114 3561 2494 3636 qualicumque
2533 3571 2692 3626 modo
2729 3574 2920 3630 mulier
2955 3579 3132 3636 velum
3167 3595 3410 3642 sanctum

1827 3648 2098 3714 acceperit
2117 3661 2327 3720 sponte,
2353 3656 2406 3709 in
2427 3672 2492 3713 eo
2508 3675 2846 3731 permaneat,
2871 3685 2970 3726 nec
2998 3672 3410 3734 dimittat.Con~
3484 3693 3492 3700 '

1826 3747 2109 3792 senserunt
2155 3740 2422 3816 Georgius
2460 3752 2743 3824 episcopus
2789 3757 3097 3829 Romanus,
3146 3765 3411 3826 Iohannes

1825 3829 2156 3888 saccllarius.

1896 3943 1981 3997 15.
2025 3944 2081 4000 Si
2112 3949 2234 4017 quis
2269 3949 2554 4012 ﬁliastrum
2583 3969 2676 4014 aut
2704 3960 2986 4020 ﬁliastram
3037 3978 3162 4025 ante
3199 3969 3408 4042 episco-

1821 4047 1945 4102 pum
1964 4036 2030 4090 ad
2055 4037 2518 4099 confirmationem
2547 4052 2800 4117 tenuerit,
2831 4065 3116 4123 separetur
3143 4057 3211 4115 ab
3238 4077 3406 4117 uxore

1821 4138 2009 4192 sua,et
2030 4127 2257 4186 alteram
2281 4151 2386 4189 non
2412 4138 2661 4207 accipiat.
2698 4141 2960 4198 Similiter
2975 4156 3031 4200 et
3051 4147 3250 4205 femina
3271 4153 3405 4208 alte-

1821 4229 1941 4267 rum
1973 4233 2076 4270 non
2099 4221 2346 4288 accipiat.
2381 4222 2668 4294 [Georgius
2697 4231 3016 4306 consensit.]

1893 4323 1977 4379 I6.
2021 4325 2077 4380 Si
2103 4329 2224 4397 quis
2250 4332 2334 4385 vir
2360 4334 2642 4390 mulierem
2672 4354 2827 4395 suam
2847 4343 3134 4411 dimiserit,
3169 4357 3226 4403 et
3242 4351 3402 4408 dedc—

1823 4413 1894 4467 rit
1919 4426 2281 4472 commeatum
2308 4436 2407 4490 pro
2444 4424 2720 4496 religionis
2757 4433 3100 4489 causa‘infra
3131 4449 3401 4494 monaste-

2308 4475 2327 4490 ,
2384 4475 2395 4476 ,
2449 4475 2719 4496 ,---D----.-
2758 4475 2922 4487 νην..
3131 4475 3401 4494 mw“...-

135 4475 390 4547 ingenuo,
430 4490 523 4535 aut
549 4499 707 4540 servo
731 4487 817 4542 vel
843 4490 1230 4560 ecclesiastico,
1257 4504 1312 4549 et
1352 4496 1441 4552 illa
1483 4501 1716 4559 noluerit
1745 4478 1795 4539 D
1823 4504 1962 4558 rium
2012 4505 2122 4561 Deo
2149 4510 2391 4577 servire,
2430 4524 2525 4569 aut
2577 4516 2722 4573 foras
2768 4525 3154 4580 monasterium
3195 4528 3401 4586 dederit

133 4567 336 4624 habere
363 4571 559 4643 ipsum,
602 4585 660 4633 et
686 4581 966 4652 reliquerit
989 4601 1137 4653 eum,
1164 4598 1484 4660 potestatem
1515 4595 1718 4654 habent

131 4669 389 4728 parentes
442 4663 611 4734 ipsius
676 4669 806 4725 dare
865 4673 915 4727 ei
975 4675 1138 4730 alium
1202 4681 1474 4737 maritum.
1538 4685 1608 4740 Et
1669 4689 1712 4743 si

209 4925 260 4986 7.
302 4932 359 4989 Si
389 4935 630 4996 Francus
651 4941 812 4999 homo
833 4949 1104 5018 acceperit
1124 4952 1427 5022 mulierem,
1449 4966 1505 5012 et
1532 4971 1717 5029 sperat

131 5023 276 5091 quod
305 5025 536 5096 ingenua
553 5030 643 5094 sit,
661 5039 717 5085 et
741 5041 927 5102 postea
955 5037 1160 5094 invenit
1177 5043 1322 5110 quod
1342 5060 1448 5098 non
1464 5055 1548 5100 est
1560 5023 1716 5118 inge»

132 5130 264 5181 nua,
295 5116 531 5172 dimittat
546 5135 667 5174 eam
689 5121 734 5176 si
759 5123 894 5189 vult,
923 5134 981 5180 et
999 5129 1228 5198 accipiat
1255 5131 1434 5186 aliam.
1457 5116 1716 5192 Similiter

132 5214 191 5261 et
219 5205 416 5262 femina
441 5208 692 5280 ingenua.

202 5295 256 5350 8.
297 5295 354 5352 Si
402 5297 603 5354 femina
658 5302 888 5372 ingenua
933 5309 1140 5378 accepit
1177 5326 1394 5369 servum
1420 5356 1435 5380 ,
1475 5326 1531 5372 et
1577 5321 1712 5376 scie-

130 5380 228 5440 bat
265 5391 394 5442 tunc
429 5390 571 5459 quod
610 5406 798 5447 servus
833 5403 984 5460 erat,
1025 5397 1224 5454 habeat
1251 5401 1466 5459 interim
1494 5424 1602 5476 quo
1633 5413 1710 5463 via-

128 5475 228 5529 vit.
255 5475 370 5531 Una
393 5476 478 5532 lex
507 5487 590 5534 est
613 5482 679 5536 de
703 5482 837 5538 viris
861 5494 918 5539 et
950 5484 1185 5545 feminis.

202 5567 257 5623 9.
297 5566 470 5624 Homo
492 5569 734 5628 Francus
760 5576 968 5647 accepit
1007 5579 1336 5638 beneﬁcium
1384 5586 1451 5641 de
1492 5593 1705 5649 seniore

204 5714 227 5740 ι
267 5699 455 5771 Capita
482 5703 585 5757 tria
605 5705 786 5774 priora
813 5711 1211 5784 conjunguntur
1235 5718 1286 5772 in
1310 5719 1484 5777 editis.

452 5799 724 5863 Ριηοι..
776 5805 991 5869 XCVI.

1819 4592 2092 4650 licentiam
2122 4598 2325 4666 velare,
2357 4604 2498 4660 sicut
2526 4607 2782 4676 diximus,
2830 4623 3053 4684 propter
3095 4616 3288 4684 Deum,
3317 4621 3399 4674 vir

1821 4683 1962 4738 illius
1991 4688 2224 4758 accipiat
2243 4693 2522 4750 mulierem
2545 4697 2882 4770 Iegittimam.
2915 4683 3176 4763 Similiter
3201 4719 3259 4765 et
3283 4727 3400 4766 mu-

1820 4770 1919 4827 lier
1939 4773 2121 4832 faciat.
2153 4779 2417 4853 Georgius
2446 4791 2737 4846 consensit.

1892 4886 1978 4941 I7.
2021 4887 2079 4943 Si
2103 4891 2226 4960 quis
2244 4907 2368 4948 cum
2392 4905 2567 4954 matre
2585 4909 2641 4954 et
2668 4901 2776 4956 filia
2799 4904 2852 4958 in
2881 4906 3146 4966 adulterio
3169 4913 3392 4978 mansit,

1815 4978 2085 5034 nesciente
2106 4990 2279 5037 matre
2303 4987 2448 5053 quod
2466 5002 2587 5044 cum
2615 4990 2722 5048 filia
2747 5009 2845 5049 sua
2874 4999 3179 5067 mansisset,
3206 5004 3394 5059 simili-

1815 5076 1898 5121 ter
1919 5077 1974 5121 et
2003 5068 2110 5122 ﬁlia
2139 5074 2365 5128 nescivit
2386 5079 2529 5146 quod
2553 5095 2674 5136 curn
2699 5093 2876 5140 matre
2899 5102 2996 5142 sua
3017 5101 3180 5156 esset,
3207 5104 3392 5164 postea

1816 5155 1901 5210 ille
1930 5158 2014 5211 vir
2033 5159 2076 5213 si
2099 5165 2372 5234 acceperit
2394 5168 2696 5237 mulierem,
2717 5175 2971 5244 dimittat,
2991 5155 3229 5250 usquein
3249 5186 3388 5240 diem

1815 5251 2002 5305 mortis
2027 5265 2156 5307 suae
2185 5270 2290 5309 non
2322 5258 2523 5316 habeat
2544 5278 2789 5334 uxorem,
2819 5278 2876 5324 et
2895 5270 2984 5326 illa
3009 5273 3202 5331 mulier
3225 5293 3388 5350 quam

1814 5339 2112 5410 reliquerit,
2137 5346 2371 5418 accipiat
2391 5351 2598 5419 virum;
2637 5365 2694 5412 et
2712 5357 2802 5414 illa
2824 5370 2998 5417 mater
3018 5373 3074 5420 et
3103 5339 3388 5433 filim-cum

1811 5432 2006 5499 quibus
2055 5436 2109 5490 in
2157 5439 2421 5498 adulterio
2467 5448 2687 5513 mansit,
2733 5452 2994 5510 ambabus
3022 5432 3391 5517 nescientibus

1809 5523 1951 5591 quod
1991 5541 2116 5580 cum
2145 5538 2318 5586 matre
2347 5541 2402 5589 et
2455 5535 2562 5592 lilia
2606 5543 2913 5611 mansisset,
2954 5547 3187 5604 habeant
3214 5552 3383 5608 viros.

1807 5610 1939 5668 Nam
1969 5615 2012 5668 si
2038 5617 2090 5671 in
2113 5621 2359 5678 notitiam
2387 5624 2598 5685 illarum
2624 5634 2833 5690 venerit
2855 5610 2955 5692 hoc
2984 5639 3176 5704 scelus,
3202 5642 3384 5697 dimit‘

2832 5858 2904 5916 ἠδ
