3920 6310
667 292 799 346 1515

1656 299 1922 355 δΑΞΟυΗ
1958 301 2068 356 VIII
2109 299 2211 355 MO:

2309 301 2533 360 MENTA
2578 306 2881 364 SELECTA
2894 351 2906 364 .
3607 331 3680 383 liii

660 410 774 456 tant
799 403 1046 497 maritos,
1060 413 1115 459 et
1128 416 1290 476 agant
1309 409 1712 478 paenitentiam,
1734 419 1790 464 et
1808 410 2020 465 illorum
2044 413 2224 467 mariti
2252 419 2296 476 Α
2327 415 2509 497 tiniaci
2537 417 3112 497 habito-interﬁerattt.
3182 427 3422 486 Eddiderat
3437 448 3484 488 ea
3500 450 3546 492 ει
3563 441 3680 497 sem,

629 532 636 534 -
653 495 984 564 posteriores
1005 497 1272 568 accipiant
1289 500 1556 555 mulieres.

727 586 814 641 i8.
855 586 1115 644 Similiter
1151 601 1206 646 et
1245 593 1312 646 de
1348 593 1558 649 duabus
1598 595 1907 661 sororibus,
1961 597 2050 666 qui
2098 613 2223 652 cum

653 691 768 732 una
793 679 847 732 in
872 680 1135 736 adulterio
1154 682 1376 748 mansit,
1416 691 1473 737 et
1499 684 1724 738 alteram
1753 685 1805 738 in
1835 685 2045 754 publico
2071 702 2225 741 acce-

2332 482 2586 568 Ilolstenii
2606 489 2854 568 Labbeus
2877 492 3073 568 Goncil.
3098 504 3138 549 t.
3172 498 3248 560 V’l,
3263 482 3484 568 vii—('12.;
3503 482 3681 566 RE";

2327 555 2445 611 dice
2481 559 2638 614 unico
2659 561 2856 615 iterum
2875 563 3138 634 descripta
3158 555 3382 624 sistimus.

2393 686 2619 742 Nomina
2647 691 3019 762 episcoporum
3045 709 3135 750 seu
3161 696 3380 754 abbatum
3395 704 3464 770 qui
3483 715 3571 773 aput
3587 709 3682 764 villam

777 783 882 822 non
912 769 1107 824 habeat
1132 770 1412 826 mulierem
1443 787 1614 841 usque
1645 773 1696 826 in
1725 773 1867 827 diem
1893 775 2103 829 mortis.
2156 775 2224 830 Et
2322 777 2588 847 publicam
2618 782 2945 838 Atti-uiscum
2971 801 3068 855 pro
3107 802 3256 843 causa
3287 767 3519 862 relegi—ouis
3538 810 3579 851 ac
3595 799 3684 856 salute

656 859 776 915 illae
821 862 957 915 duae
983 875 1218 926 sorores,
1268 863 1312 916 si
1333 863 1660 927 nescierunt,
1717 864 1951 918 habeant
1977 866 2218 920 maritos.

655 948 722 1002 Et
760 954 806 1004 si
850 951 904 1004 in
960 951 1205 1006 notitiam
1256 953 1336 1006 eis
1381 954 1546 1018 venit,
1611 954 1946 1023 superiorem
1990 953 2218 1009 formam

657 1049 892 1094 servent.
1221 1058 1224 1062 '

725 1131 811 1188 l9.
853 1131 912 1187 Si
948 1133 1036 1187 vir
1084 1133 1327 1204 leprosos
1372 1134 1650 1190 mulierem
1701 1136 1895 1191 habeat
1919 1152 2125 1202 sanam,
2172 1138 2216 1193 si

654 1219 768 1276 vnit
789 1222 840 1276 ei
869 1222 1070 1278 donare
1106 1232 1465 1278 commeatum
1501 1233 1562 1278 ut
1591 1226 1818 1295 accipiat
1859 1227 2054 1290 virum,
2104 1227 2217 1296 ipsa

634 1312 872 1376 femina,
894 1313 938 1366 si
969 1311 1102 1377 vult,
1131 1312 1377 1382 accipiat.
1431 1312 1688 1368 Similiter
1710 1323 1766 1369 et
1788 1315 1890 1368 vir.

718 1404 806 1460 20.
847 1404 904 1460 Si
933 1405 1052 1474 quis
1076 1405 1161 1459 vir
1186 1405 1396 1474 accepit
1415 1405 1716 1470 mulierem,
1759 1414 1815 1460 et
1841 1406 2026 1461 habuit
2046 1407 2214 1476 ipsam

635 1496 828 1566 aliquo
852 1505 1114 1568 tempore,
1165 1508 1222 1553 et
1247 1500 1362 1570 ipsa
1384 1498 1582 1554 femina
1610 1499 1740 1555 dicit
1765 1501 1907 1570 quod
1936 1515 2040 1555 non
2065 1517 2216 1554 man—

649 1589 807 1644 sisset
831 1605 953 1645 cum
981 1606 1067 1654 ea,
1094 1599 1150 1644 et
1176 1591 1264 1644 ille
1282 1591 1366 1644 vir
1387 1590 1520 1645 dicit
1559 1590 1702 1658 quod
1729 1590 1806 1644 sic
1830 1588 1976 1654 fecit,
1999 1591 2052 1644 in
2074 1591 2214 1644 veri-

649 1693 755 1739 tate
785 1684 884 1739 viri
922 1685 1201 1750 consistat,
1232 1684 1358 1752 quia
1382 1691 1546 1754 caput
1564 1691 1648 1738 est
1675 1683 1930 1737 mulieris.
1994 1682 2069 1737 De
2099 1699 2216 1737 mu-

2323 867 2621 922 animarum
2651 873 2981 942 congregati,
3029 877 3255 944 synodali
3291 887 3499 933 conventu
3531 881 3619 936 inter
3639 901 3684 938 Ct-

2321 965 2436 1011 tera
2480 959 2768 1014 salubriter
2806 963 3172 1032 sapienterque
3221 965 3405 1021 deﬁnita
3428 1009 3440 1033 ,
3475 969 3547 1025 hoc
3569 987 3683 1043 quoque

2317 1054 2583 1106 communi
2609 1062 2927 1108 cunctorum
2954 1056 3166 1112 decreto
3177 1067 3451 1123 statuerunt,
3467 1065 3686 1131 intentisque
3780 1067 3781 1131 ξ

2317 1156 2420 1210 que
2446 1141 2656 1198 illorum
2693 1157 2922 1211 quorum
2962 1146 3172 1199 nomina
3188 1158 3212 1186 ι
3234 1148 3281 1200 in
3301 1147 3386 1203 hoc
3408 1149 3572 1204 indimlo
3589 1150 3686 1205 snitu

2316 1233 2514 1301 scripta
2552 1233 2913 1302 reperiuntur,
2951 1236 3162 1304 quando
3184 1237 3687 1306 quislibetdebocsaectb
3780 1233 3781 1302 ἲ

2315 1325 2644 1404 migraverit,
2677 1334 2892 1380 centum
2922 1327 3176 1397 psalteria
3200 1338 3252 1383 et
3287 1328 3513 1398 presbiteri
3531 1330 3605 1383 eius
3628 1345 3687 1398 spe
3780 1319 3781 1388 ἦ

2313 1412 2478 1467 ciales
2506 1414 2670 1468 misas
2715 1422 2931 1469 centum
2977 1424 3210 1471 cantent.
3248 1416 3350 1486 Ipse
3377 1419 3688 1486 autemepiswpa

2313 1516 2410 1572 per
2435 1518 2492 1558 se
2519 1503 2589 1557 30
2611 1505 2776 1559 misas
2816 1505 3065 1575 impleat;
3107 1507 3207 1561 nisi
3233 1508 3491 1561 inﬁrmitate
3509 1518 3571 1560 aut
3595 1508 3688 1575 aliqua

2315 1593 2676 1663 inpedimento
2703 1596 3078 1664 prohibeatur.
3155 1596 3296 1651 Tunc
3321 1607 3445 1668 roget
3472 1597 3619 1650 alterum
3635 1598 3689 1665 ea

2314 1698 2533 1753 scopum
2557 1699 2656 1754 pro
2679 1700 2738 1739 se
2763 1694 3015 1749 cantare;
3077 1687 3288 1742 abbates
3321 1702 3428 1740 vero
3449 1688 3516 1756 qui
3533 1701 3600 1739 non
3629 1697 3689 1738 sunt

648 1773 778 1826 liere
801 1788 936 1842 quae
957 1772 1106 1834 dicit,
1129 1772 1268 1840 quod
1296 1772 1380 1825 vir
1401 1787 1529 1833 suus
1549 1771 1599 1825 ei
1628 1771 2010 1826 commercium
2052 1771 2214 1825 mari-
2245 1763 2290 1821 Β
2319 1773 2574 1842 episcopi,
2619 1783 2810 1845 rogent
2835 1776 3115 1844 episcopos
3148 1783 3206 1829 ut
3241 1775 3347 1830 vice
3385 1775 3543 1829 illorum
3564 1775 3689 1844 ipsust

648 1862 750 1916 tale
775 1877 880 1916 non
903 1860 1151 1924 reddidit,
1182 1859 1442 1931 Georgius
1461 1861 1749 1916 consensit.

713 1951 801 2005 21.
843 1949 1020 2021 Siqui
1066 1960 1285 2020 propter
1322 1950 1518 2006 faidam
1564 1951 1773 2022 fugiunt
1823 1953 1878 2006 in
1931 1954 2090 2008 aliam
2119 1970 2211 2024 pa-

647 2042 826 2106 triam,
861 2049 916 2095 et
957 2040 1235 2095 dimittunt
1259 2056 1457 2096 uxores
1485 2056 1631 2106 suas,
1685 2058 1782 2096 nec
1837 2042 1908 2096 illi
1961 2042 2062 2096 viri
2115 2057 2212 2097 nec

646 2133 764 2187 illae
809 2131 1037 2186 feminae
1084 2131 1352 2200 accipiant
1399 2132 1725 2199 coniugium.
1777 2130 2061 2203 [Georgius
2084 2146 2212 2185 con-

645 2221 854 2291 sensit.]

712 2317 801 2371 9.2.
843 2318 917 2371 De
952 2317 1189 2371 incestis.
1259 2315 1317 2369 Si
1360 2314 1520 2369 homo
1574 2315 1834 2369 incestum
1880 2315 2212 2369 commiserit

645 2413 706 2469 de
732 2421 900 2468 matre
923 2427 1038 2475 sua,
1089 2421 1181 2464 aut
1203 2425 1332 2464 cum
1359 2409 1591 2463 nia-trina
1620 2425 1713 2464 sua
1754 2410 1818 2464 de
1839 2409 1985 2464 fonte
2004 2418 2060 2464 et
2082 2425 2209 2464 cou-

644 2503 940 2558 ﬁrmatione
968 2516 1083 2566 sua,
1133 2511 1362 2557 autcum
1385 2509 1557 2554 matre
1585 2507 1641 2554 et
1662 2500 1788 2564 ﬁlia,
1819 2508 1914 2554 aut
1928 2516 2052 2555 cum
2080 2502 2209 2556 dua-

644 2609 741 2650 bus
769 2592 1064 2656 sororibus,
1105 2599 1200 2645 aut
1220 2607 1344 2647 cum
1391 2590 1578 2645 fratris
1601 2590 1686 2644 vel
1714 2591 1916 2645 sororis
1942 2589 2071 2655 ﬁlia,
2119 2599 2210 2645 aut

641 2693 818 2754 cepta,
837 2693 930 2738 aut
947 2698 1070 2738 cum
1089 2681 1410 2737 consobrina
1428 2681 1510 2735 vel
1537 2681 1778 2742 subrina,
1801 2688 1891 2734 aut
1905 2695 2025 2734 cum
2046 2681 2208 2734 amita

646 2771 722 2825 vel
777 2780 1096 2834 matertera,
1136 2771 1200 2826 de
1239 2769 1322 2824 his
1366 2769 1684 2824 criminibus
1721 2769 2003 2838 pecuniam
2056 2783 2209 2823 suam

643 2861 847 2933 perdat,
877 2861 923 2916 si
948 2861 1126 2915 habet.
1191 2860 1257 2914 Et
1282 2860 1323 2913 si
1351 2866 1408 2914 se
1434 2859 1722 2914 emendare
1750 2858 2002 2923 noluerit,
2031 2859 2207 2914 nullus

646 2967 762 3010 eum
791 2952 1034 3023 recipiat,
1091 2967 1190 3006 nec
1231 2951 1412 3005 cibum
1433 2950 1481 3004 ei
1510 2949 1691 3004 donet.
1729 2949 1860 3004 Etsi
1888 2948 2098 3014 fecerit,
2136 2948 2205 3002 60

645 3044 834 3100 solidos
878 3043 1074 3098 domno
1127 3042 1239 3112 regi
1279 3049 1587 3110 componat,
1639 3055 1809 3109 usque
1855 3040 1981 3095 dum
2006 3055 2062 3095 se
2091 3041 2203 3109 ipse

639 3151 800 3192 nomo
824 3135 1141 3191 correxerit.
1182 3108 1248 3190 ἐι
1272 3133 1316 3188 si
1338 3108 1622 3204 pecuniam
1647 3108 1752 3187 non
1781 3134 1967 3198 habet,
2006 3132 2053 3187 si
2071 3108 2208 3187 liber
2231 3108 2278 3171 ο

640 3240 738 3292 est,
768 3230 1013 3284 mittatur
1040 3228 1092 3282 in
1138 3241 1412 3282 carcerem
1455 3240 1627 3295 usque
1655 3226 1722 3280 ad
1768 3224 2202 3281 satisfactionem.

640 3318 696 3374 Si
725 3334 913 3375 servus
951 3327 1043 3372 aut
1089 3318 1311 3374 libertus
1335 3325 1440 3382 est,
1478 3315 1758 3387 vapuletur
1784 3316 1952 3387 plagis
2005 3316 2204 3371 multis.

642 3411 704 3467 Et
731 3412 775 3467 si
817 3411 1064 3466 dominus
1088 3424 1217 3464 suus
1252 3407 1556 3478 permiserit
1605 3405 1831 3475 amplius
1868 3407 1920 3458 in
1951 3405 2055 3460 tale
2094 3420 2209 3460 sce-

642 3516 720 3559 tus
773 3502 967 3557 cadere
996 3541 1009 3565 ,
1071 3501 1187 3569 ipse
1239 3499 1484 3554 dominus
1550 3497 1660 3568 regi
1707 3495 1775 3550 60
1821 3496 2017 3551 solidos
2062 3510 2208 3551 com-

643 3605 822 3665 ponat.
1409 3643 1414 3645 _

708 3687 795 3740 23.
838 3685 911 3739 De
932 3682 1315 3738 ecclesiasticis
1338 3695 1488 3744 vero,
1527 3680 1571 3733 si
1600 3679 1739 3733 bona
1765 3692 1993 3748 persona
2023 3676 2206 3740 fuerit,

641 3779 828 3847 perdat
846 3778 1105 3830 honorem
1133 3788 1306 3827 suum.
1347 3771 1578 3825 Minores
1613 3785 1742 3824 vero
1779 3769 2116 3838 vapulentur,
2155 3776 2210 3822 et

643 3869 694 3920 in
720 3879 994 3920 carcerem
1024 3863 1324 3916 mittantur.

711 3953 797 4008 24.
839 3952 915 4007 De
954 3951 1280 4022 presbyteris
1323 3957 1378 4003 et
1423 3948 1633 4003 clericis
1661 3947 1737 4001 sic
1766 3947 2096 4012 ordinamus,
2152 3957 2211 4000 ut

643 4044 1050 4101 archidiaconus
1095 4039 1329 4110 episcopi
1371 4052 1464 4093 eos
1492 4039 1556 4092 ad
1583 4037 1826 4092 sinodum
1875 4047 2210 4091 commoneat

640 4153 742 4191 una
765 4151 886 4190 cum
899 4133 1114 4189 comite.
1145 4131 1212 4186 Et
1235 4129 1280 4185 si
1307 4130 1427 4200 quis
1446 4130 1848 4199 contempserit,
1887 4144 2066 4183 comes
2087 4143 2206 4185 eum

639 4229 959 4298 distringere
976 4225 1156 4289 faciat,
1186 4223 1363 4293 etipse
1395 4207 1676 4294 presbyter
1695 4232 1788 4276 aut
1815 4221 2064 4276 defensor
2083 4237 2210 4276 suus

638 4320 707 4374 40
725 4319 920 4375 solidos
947 4322 1252 4389 componat,
1283 4324 1338 4368 et
1365 4313 1431 4367 ad
1460 4313 1706 4368 sinodum
1740 4313 1938 4367 veniat.
2007 4312 2075 4366 Et
2099 4313 2209 4382 epi-
2240 4362 2246 4367 .

639 4425 834 4481 scapus
862 4409 1034 4478 ipsum
1053 4403 1428 4476 presbyterum
1475 4411 1569 4456 aut
1586 4401 1842 4456 clericum
1872 4402 2019 4455 iuxta
2045 4416 2207 4456 cano-

637 4503 811 4560 nicam
841 4498 1218 4554 auctoritatem
1272 4495 1553 4549 diiudicari
1605 4493 1792 4559 faciat;
1833 4493 2029 4548 solidos
2079 4507 2207 4547 vero

636 4595 704 4648 40
726 4595 1031 4660 componat.
1097 4586 1164 4641 Et
1191 4586 1236 4641 si
1263 4584 1458 4654 aliquis
1478 4600 1577 4654 per
1601 4583 1904 4637 violentiam
1933 4583 2210 4653 presbyte-

639 4701 777 4749 rum,
819 4692 912 4738 aut
937 4681 1216 4745 clericum,
1249 4686 1342 4734 aut
1391 4677 1753 4731 iucestuosum
1799 4675 2207 4740 contradixerit,

629 4786 762 4831 tunc
787 4789 969 4830 comes
993 4774 1165 4844 ipsam
1188 4783 1472 4842 personam
1491 4783 1585 4838 per
1611 4766 1950 4821 ﬁdeiussores
1977 4766 2209 4835 positum

635 4878 760 4921 ante
789 4878 968 4936 regem
995 4865 1180 4919 venire
1199 4860 1362 4917 faciat
1387 4875 1493 4915 una
1514 4873 1636 4913 cum
1656 4858 1820 4912 misso
1847 4857 2116 4926 episcopi;
2156 4865 2212 4911 et

635 4966 693 5011 et
714 4959 942 5012 domnus
966 4971 1057 5010 rex
1087 4954 1388 5024 distringat,
1429 4960 1488 5005 ut
1509 4951 1674 5005 ceteri
1700 4949 2066 5004 emendentur.

781 5155 1190 5218 CONVENTUS
1237 5061 1753 5211 ATTYIEILXCENSIS
1791 5151 1902 5206 ΑΝ.
1943 5153 2064 5206 765.

651 5266 656 5270 '
704 5252 1106 5310 lucodicebibl.
1149 5249 1415 5304 Vaticana;
1439 5245 1704 5308 Palatino,
1748 5261 1800 5297 n.
1825 5234 1927 5296 5'77
1957 5259 2077 5298 saec.
2110 5259 2206 5299 vm

637 5323 905 5388 exeuntis,
936 5321 1028 5376 fol.
1068 5321 1122 5386 6,
1160 5319 1379 5374 nomina
1405 5326 1613 5372 tantum
1644 5315 2015 5388 episcoporum
2046 5313 2208 5388 abba-

641 5407 858 5463 tumque
878 5383 1117 5457 exstant,
1151 5392 1244 5460 qui
1264 5388 1548 5446 conventui
1590 5383 1783 5456 magno
1803 5383 1838 5439 a
1855 5383 2078 5454 Pippino
2114 5385 2206 5437 At-

711 5542 735 5569 ι
775 5526 906 5583 Cod.
928 5568 942 5592 ,
970 5529 1024 5580 in
1045 5524 1295 5580 diluculo.

713 5601 739 5639 δ
775 5600 1009 5655 Evreux.

713 5685 734 5706 ετ
775 5670 942 5726 Laon.
1047 5685 1049 5688 '

712 5741 735 5781 δ
774 5743 1039 5796 Soissons.

2317 1863 2478 1917 misas
2504 1863 2766 1932 expleant,
2791 1872 2845 1917 et
2864 1864 3150 1934 presbiteri
3171 1879 3344 1919 eorum
3367 1873 3532 1919 centum
3545 1865 3642 1918 misas
3663 1873 3689 1914 et

2315 1952 2561 2006 monachi
2616 1961 2831 2007 centum
2888 1954 3141 2023 psalteria
3208 1955 3410 2026 psallere
3462 1954 3686 2008 mularum.

2315 2040 2697 2113 Hrodegangus
2721 2045 3003 2116 episcopus
3029 2048 3218 2102 civitas
3243 2049 3415 2102 Mettis.
3469 2047 3571 2100 Eddo
3584 2048 3689 2114 epist»

2313 2147 2412 2202 pus
2432 2134 2622 2188 civitas
2651 2134 3004 2208 Stradburgo.
3071 2138 3221 2193 Lullo
3246 2140 3486 2209 episcopus
3506 2138 3625 2191 civitas
3640 2136 3690 2188 lla

2313 2223 2567 2291 guntiaci.
2635 2223 2816 2294 Lupus
2860 2227 3145 2297 episcopus
3179 2229 3355 2283 civitas
3379 2227 3563 2281 Senonis.
3596 2224 3691 2277 Baiis

2313 2313 2536 2367 berhtus
2561 2314 2844 2383 epiSCOpus
2871 2316 3062 2370 civitas
3108 2317 3333 2372 Baselae.
3389 2315 3692 2381 Uulframnusqii
3780 2351 3781 2383 ἢ

2313 2417 2508 2472 scopus
2534 2403 2724 2457 civitas
2753 2403 2960 2460 Meldis.
3028 2406 3309 2462 Remedius
3339 2415 3519 2461 vocatus
3537 2406 3692 2474 episcopis

2311 2493 2502 2547 civitas
2530 2493 2790 2548 Rodoma.
2843 2496 3118 2552 Maurinus
3160 2500 3419 2569 episc0pus
3440 2498 3576 2552 civitas
3590 2495 3691 2548 Etan-

2310 2596 2406 2637 cas
2426 2582 2476 2634 δ.
2517 2579 2842 2638 Genbaudus
2869 2585 3151 2656 episcOpus
3175 2588 3351 2641 civitas
3376 2587 3622 2641 Laudumoa
3638 2581 3691 2633 Hii

2311 2673 2571 2744 digangus
2599 2675 2884 2744 episcopus
2908 2676 3103 2732 civitas
3129 2677 3401 2732 Suaseonis
3429 2675 3468 2726 α.
3501 2670 3690 2727 Athaliritbs

2309 2764 2592 2834 cpiscopus
2615 2766 2806 2820 civitas
2835 2765 3094 2823 Novionis
3131 2781 3176 2822 ο.
3243 2766 3693 2840 Μεείιιεοιιιεερὶδωμε
3780 2837 3781 2842 η

2308 2858 2499 2914 civitas
2530 2857 2923 2929 Winiaburgo.
2978 2859 3310 2915 Williharius
3348 2861 3567 2929 episcopus
3588 2854 3694 2906 demo-
3780 2845 3781 2860 ¹

2308 2950 2545 3004 nasterio
2572 2951 2739 3004 sancti
2769 2950 3008 3006 Maurici.
3083 2953 3349 3008 Folcricus
3381 2945 3694 3021 episcopusciﬁlls

2311 3039 2557 3109 Tungris.
2597 3039 2926 3096 Theodulfus
2951 3042 3237 3114 episc0pus
3256 3043 3316 3097 de
3336 3038 3584 3095 monasterio
3595 3029 3694 3087 lauit

2310 3132 2407 3186 cis.
2456 3130 2628 3184 Hiddo
2650 3131 2933 3201 episcopus
2953 3135 3158 3188 civitas
3204 3133 3517 3204 Agustoduno.
3549 3124 3697 3196 l'ppditns
3780 3135 3781 3152 π

2309 3223 2590 3292 episcopus
2623 3221 2689 3275 de
2742 3224 3070 3278 monasterio
3095 3224 3340 3294 Eogcndi.
3390 3222 3512 3276 Iacob
3543 3219 3698 3286 θρὶεαιμε
3780 3253 3781 3280 ἢ

2308 3314 2374 3368 de
2429 3313 2760 3367 monasterio
2808 3311 3157 3367 Gamundias.
3227 3312 3507 3369 Gaucileuus
3546 3307 3700 3376 ερὶείίθὶπέ

2307 3404 2494 3457 civitas
2559 3401 2831 3456 Celmanis
2891 3401 2932 3455 ί.
3018 3401 3280 3457 Iohannes
3347 3402 3565 3471 episcopus
3604 3394 3699 3447 t'ii'lli.‘

2307 3493 2638 3548 Constantia.
2704 3492 3040 3548 Willibaldus
3111 3495 3383 3565 episcopus
3425 3492 3477 3545 de
3514 3480 3699 3543 monasterii

2306 3584 2579 3638 Achistadi
2613 3585 2658 3634 ε.
2729 3582 3021 3637 Madalfeus
3045 3585 3326 3654 episcopus
3348 3583 3506 3637 civitas
3533 3570 3698 3629 Winiuis

2307 3674 2556 3730 Harifeus
2577 3675 2866 3745 episcopus
2896 3675 3092 3730 civitas
3123 3675 3441 3731 Bisentionis.
3481 3666 3701 3730 Leodeniﬂi"

2307 3767 2589 3836 episcopus
2611 3766 2804 3821 civitas
2847 3766 3077 3837 Baiogas
3097 3768 3122 3807 ιι
3137 3807 3149 3820 .
3208 3767 3444 3822 Eusebius
3464 3763 3649 3830 episcopus
3667 3750 3701 3802 ti

2307 3858 2448 3912 vitas
2499 3855 2746 3910 Turonis.
2795 3855 2946 3910 Tello
2975 3857 3262 3927 episcOpus
3307 3855 3469 3910 civitas
3489 3840 3700 3904 Goeradidtb

2309 3945 2598 4000 Mauriolus
2625 3945 2910 4015 episcopus
2976 3945 3174 4000 civitas
3199 3943 3484 3999 Andecavis.
3506 3939 3536 4006 ἦ
3562 3929 3702 4015 [inludit

2310 4034 2474 4090 abbas
2493 4035 2557 4089 de
2579 4013 2909 4088 monastemo
2935 4035 3106 4089 sancti
3145 4033 3386 4089 Dionisio.
3434 4013 3703 4084 Lantfritlnsti~

2309 4126 2406 4180 bas
2430 4125 2496 4180 de
2519 4132 2704 4179 sancto
2731 4123 3021 4178 Germano.
3096 4124 3341 4178 Iohannis
3373 4120 3509 4175 abbas
3545 4116 3588 4168 de
3611 4112 3705 4162 sm

2309 4215 2615 4270 Flodoaldo.
2668 4214 3045 4284 Druhtgangus
3072 4215 3240 4268 abbas
3265 4215 3327 4268 de
3349 4207 3589 4265 Gemedico.
3619 4194 3706 4248 Wﬁl-

2311 4307 2457 4361 lecus
2471 4305 2639 4359 abbas
2655 4304 2720 4358 de
2739 4302 3104 4358 Funtanellas.
3157 4303 3434 4358 Witmarus
3455 4297 3579 4352 abbas
3591 4286 3705 4344 (καθ’

2312 4399 2440 4452 tula.
2484 4398 2820 4452 Leodharius
2868 4397 3034 4451 abbas
3058 4397 3126 4452 de
3158 4395 3390 4450 Corbeia.
3443 4389 3600 4443 llamse
3625 4375 3708 4430 alii“

2311 4491 2376 4545 de
2403 4489 2728 4543 Flaviniaco.
2779 4488 3060 4542 Asinarius
3080 4487 3246 4543 abbas
3273 4489 3340 4542 de
3352 4479 3583 4539 Novalicio.
3609 4464 3708 4522 Ἤειέο

2309 4582 2477 4636 abbas
2499 4580 2565 4634 de
2585 4586 2772 4634 sancto
2795 4579 3050 4651 Iohanne.
3113 4576 3432 4648 Fabigaudus
3447 4569 3575 4626 abbas
3589 4555 3709 4651 delia?

2309 4673 2537 4728 brunno.
2586 4648 2926 4725 Godobertus
2970 4669 3137 4725 abbas
3185 4670 3250 4724 de
3275 4663 3517 4722 Rasbacis.
3551 4648 3710 4710 Athalth-

2310 4773 2395 4819 tus
2423 4763 2591 4818 abbas
2617 4762 2682 4817 de
2710 4761 2989 4817 Fabarias.
3056 4760 3343 4816 Widradus
3384 4755 3520 4811 abbas
3539 4748 3585 4802 de
3613 4743 3710 4794 επεν

2309 4853 2585 4909 Columba.
2633 4852 2967 4908 Ebarsindus
2996 4853 3164 4909 abbas
3181 4855 3247 4908 de
3270 4850 3472 4906 Aldaha.
3512 4823 3711 4896 Genus”

2309 4943 2406 5000 bas
2433 4944 2499 5000 de
2516 4943 2759 5000 Niviella.
2818 4943 3174 5015 Ragingarius
3199 4944 3360 4998 abbas
3385 4939 3440 4992 de
3466 4932 3592 4990 Utiw-
3780 4933 3781 4994 ξ

3027 5034 3136 5090 VIII
3143 5074 3156 5086 .

2852 5121 3087 5177 PIPPINI
3125 5119 3321 5177 REGIS

2621 5231 3053 5287 CAPITULARE
3079 5229 3346 5286 INCERTI
3368 5223 3519 5283 ANNI.

2379 5321 2787 5392 Capitulaihmc
2828 5339 2858 5376 a
2907 5323 3067 5378 Petro
3106 5323 3309 5378 Pithmo
3335 5335 3410 5392 ex
3451 5289 3714 5392 codigcflff

2311 5373 2573 5446 nam;
2597 5373 2876 5459 magna,
2904 5373 3477 5462 ("haesitatum
3498 5373 3714 5447 “118m”

2385 5537 2405 5561 τ’
2447 5523 2648 5592 Noyon.

2385 5595 2403 5632 ί
2447 5594 2611 5646 Mans.

2384 5670 2406 5703 ε
2446 5664 2740 5718 Eichstadt.

2378 5737 2402 5774 ὶι
2442 5733 2676 5802 Ilaycux.
