3920 6310
118 416 232 479 1511

722 474 725 475 ν
806 411 1064 476 PIPPINI,
1106 400 1596 467 CAROLOMANNI
1635 402 1653 456 l

1761 397 2065 457 ALIORL‘M
2104 392 2515 477 uirtutum.
2594 411 2600 417 ο

3088 464 3093 473 ν
3186 394 3326 454 isis

114 537 263 604 deque
286 547 313 587 a
337 528 603 604 Goldasto,
632 518 1460 604 Lilidtfllbi‘ogio,"SEHIDQJOBi
1488 515 1646 604 Dalii:
1669 518 1718 576 Α
1745 522 1803 568 ut
1845 512 1990 582 ipsos
2034 526 2129 582 per
2176 510 2377 567 nullam
2420 488 2760 566 occasionem
2805 509 2875 565 ad
2926 520 3119 580 pontes
3158 518 3216 567 et
3259 511 3329 567 ad

113 586 429 671 {io‘repetitm
468 611 569 671 ope
591 586 1098 671 '_codicis.__l.'regii
1138 586 1646 671 Parisiensisjnter

112 657 469 740 supplementa
502 657 690 740 Latina
738 680 792 718 n.
822 664 909 740 75,
954 657 1079 740 sae.
1112 657 1639 740 x,_.r_ecognovimu‘s.

107 797 546 885 synodoVernensi
568 797 1100 885 perperamadjectis
1120 797 1646 885 subiungitur!!-

143 867 197 936 us
211 867 260 947 et
282 880 416 934 locus
440 867 839 947 constitutionis
861 867 1385 947 promulgaue'_cum
1419 867 1642 947 lateant,

149 938 360 1007 oldastus
383 956 437 1002 et
455 946 723 1006 Baluzius,
752 938 880 997 loco—
898 957 1004 1012 quo
1031 938 1545 1012 rodex_Pithm_a_nus
1565 938 1645 989 in-

103 1006 278 1077 ventus
300 1027 375 1075 est
408 1026 466 1072 et
503 1014 791 1071 Annalium
821 1006 1137 1067 Metensium
1163 1009 1230 1063 ad
1260 1024 1346 1063 an.
1392 1006 1498 1061 756
1524 1020 1646 1060 sena

103 1093 253 1147 tentia
279 1089 499 1149 auadtm
525 1085 705 1149 ducti,
748 1083 1042 1138 Iletensem
1085 1080 1277 1133 urbem
1321 1086 1642 1149 etiannum,

99 1162 225 1216 alter
242 1148 352 1224 755,
373 1158 509 1213 alter
528 1156 652 1220 756,
676 1148 1113 1224 assignaverunt;
1156 1148 1483 1224 Sirmondus
1503 1161 1647 1224 anno

101 1230 195 1286 755
239 1216 505 1299 ascripsit.
522 1216 877 1281 Sed'cum'ne
901 1224 968 1279 de
991 1227 1270 1299 conventu
1297 1218 1515 1299 quidem
1554 1216 1649 1299 ali-

136 1317 198 1356 uo
222 1289 571 1375 Metis'habito
593 1304 835 1375 constet,
852 1309 937 1375 res
954 1291 1112 1375 plane
1140 1290 1195 1373 in
1215 1289 1421 1375 incerto
1442 1294 1643 1375 manet.

99 1317 198 1425 gito
222 1317 362 1355 meus
388 1317 571 1352 nauita
593 1317 824 1359 ευυδωι,
852 1317 937 1349 res
955 1317 1112 1375 Plaut:
1141 1317 1195 1373 tu
1216 1317 1352 1369 [uoti]
1368 1317 1421 1343 ιυ
1443 1317 1643 1369 uada?“

137 1380 326 1425 ortasse
380 1369 432 1423 in
481 1372 748 1423 conventu
807 1364 1163 1419 Attimacensi
1215 1357 1453 1429 capitula
1500 1359 1646 1413 edita

99 1441 313 1495 fuerunt.

99 1546 344 1587 INCIPIUN‘I’
389 1544 653 1585 CAPITULA
691 1542 757 1581 DE
794 1540 918 1579 ΑΗΔ
954 1536 1145 1579 ω(ωο
1180 1536 1275 1577 SUB
1315 1535 1427 1576 IP80
1462 1532 1645 1575 DOINO

558 1612 691 1653 REGE
719 1612 767 1651 Pi
774 1609 928 1650 PPINO
958 1608 1150 1649 FACTA.

154 1690 382 1762 Capitula
415 1690 611 1762 primo.
666 1686 740 1743 De
783 1685 1024 1741 incestis.
1077 1682 1136 1738 Si
1180 1683 1342 1737 homo
1378 1681 1646 1735 incestum

99 1782 399 1840 :ommiserit
423 1782 490 1837 de
509 1781 628 1836 istis
651 1778 854 1842 causis,
886 1776 953 1831 de
984 1774 1098 1831 Deo
1120 1780 1356 1836 sacrata,
1388 1778 1483 1825 aut
1496 1784 1646 1826 com-

1744 605 1995 662 exclusas
2023 613 2118 660 aut
2144 604 2360 676 navigio
2380 618 2485 660 non
2512 603 2767 669 teneatis,
2795 618 2896 659 nec
2914 611 3137 675 propter
3158 605 3330 659 scbir-

1744 714 1869 770 pam
1895 698 1922 739 δ
1945 714 2098 754 suam
2121 697 2232 753 ullo
2257 697 2547 770 peregrino
2583 695 2942 768 calumpniam
2969 694 3205 761 faciatis,
3232 711 3333 751 nec

1744 786 1911 843 ullum
1960 786 2268 842 theloneum
2311 787 2394 840 eis
2433 785 2651 841 tollatis.
2696 785 2766 840 Et
2791 786 2837 840 si
2875 785 3069 857 aliquis
3106 786 3209 839 hoc
3256 784 3333 839 fe-

1745 880 1901 946 cerit,
1953 879 2359 949 qualiscumque
2397 880 2559 934 homo
2606 879 2710 934 hoc
2766 879 3223 949 comprobaverit,
3267 880 3334 935 de

1746 968 1815 1024 60
1838 970 2022 1027 solidis
2048 970 2268 1042 triginta
2298 969 2372 1024 illi
2411 969 2789 1035 concedm,
2814 976 2871 1025 et
2906 968 2982 1024 illi
3024 969 3114 1025 alii
3154 970 3209 1025 in
3248 985 3335 1026 sa-

1747 1057 1942 1113 cellum
1963 1059 2107 1131 regis
2125 1059 2361 1114 veniant.

1817 1147 1870 1206 5.
1911 1150 1997 1227 De
2032 1161 2250 1207 moneta
2284 1152 2694 1216 constituimus,
2722 1159 2788 1207 ut
2827 1151 3057 1223 amplius
3081 1166 3202 1211 .non
3239 1152 3336 1213 ba-

1746 1242 1874 1296 beat
1914 1242 1968 1296 in
2014 1241 2148 1297 libra
2196 1251 2461 1314 pensante
2504 1243 2611 1299 nisi
2648 1242 2719 1297 22
2760 1242 2983 1309 solidos,
3010 1252 3068 1298 et
3093 1242 3162 1299 de
3203 1244 3337 1315 ipsis

1746 1329 1818 1383 22
1863 1329 2048 1385 solidis
2090 1332 2424 1387 monetarius
2471 1332 2706 1403 accipiat
2751 1332 2984 1388 solidum
3013 1333 3067 1396 i,
3114 1341 3171 1387 et
3220 1333 3338 1387 illos

1749 1421 1884 1476 alios
1910 1421 2128 1476 domino
2154 1422 2309 1478 cuius
2335 1430 2460 1477 sunt
2489 1422 2703 1478 reddat.

1821 1511 1874 1566 6.
1914 1512 1985 1568 Ut
2008 1513 2333 1571 emunitates
2358 1522 2712 1570 conservatae
2737 1514 2866 1570 sint.

1822 1602 1874 1656 7.
1914 1603 1990 1658 De
2034 1603 2246 1659 iusticia
2301 1602 2567 1666 facienda,
2594 1612 2658 1658 ut
2699 1615 2889 1659 omnes
2935 1603 3207 1658 iusticiam
3260 1601 3339 1657 fa-

1748 1694 1915 1759 ciant,
1944 1701 2054 1749 tam
2082 1693 2281 1764 publici
2321 1709 2487 1763 quam
2527 1693 2905 1750 ecclesiastici.
2946 1693 3015 1747 Et
3053 1690 3100 1749 si
3142 1692 3341 1763 aliquis

1750 1782 1914 1838 homo
1943 1783 2011 1837 ad
2044 1782 2313 1853 palacium
2353 1782 2566 1838 venerit
2605 1796 2705 1853 pro
2737 1796 2898 1837 causa
2940 1797 3058 1847 sua,
3084 1790 3140 1836 et
3179 1788 3340 1835 antea

99 1882 250 1931 natre
293 1889 417 1939 sua,
461 1883 556 1928 aut
602 1886 729 1927 cum
785 1870 1019 1925 matrina
1048 1866 1277 1938 spiritali
1322 1866 1388 1922 de
1415 1864 1563 1920 fonte
1589 1872 1649 1920 et

1761 1877 1819 1933 ad
1844 1874 1993 1931 illum
2022 1876 2274 1931 comitem
2311 1890 2418 1931 non
2447 1875 2741 1929 innotuerit
2776 1873 2831 1928 in
2871 1872 3034 1928 mallo
3082 1882 3208 1927 ante
3252 1885 3339 1926 ra-

99 1965 475 2022 :onﬁrmatione
501 1961 769 2033 episcopi,
801 1968 895 2014 aut
913 1973 1037 2015 cum
1082 1966 1254 2013 matre
1295 1965 1351 2012 et
1396 1956 1525 2020 filia,
1555 1962 1648 2009 aut

99 2056 283 2111 iuabus
307 2050 599 2118 sororibus,
630 2062 726 2107 aut
763 2066 888 2105 enm
936 2049 1121 2104 fratris
1148 2048 1278 2113 filia,
1324 2054 1420 2101 aut
1443 2045 1648 2102 sororis

100 2149 206 2214 ilia,
235 2155 324 2203 aut
343 2153 643 2218 nepta.aut
673 2159 796 2199 cum
824 2142 1149 2199 consobrina
1170 2147 1265 2194 aut
1289 2138 1531 2203 subrina,
1556 2145 1649 2192 aut

100 2255 198 2293 :um
218 2239 375 2293 amita
386 2237 471 2293 vel
484 2244 799 2299 matertera,
826 2235 894 2289 de
914 2233 1000 2289 his
1020 2231 1337 2287 criminibus
1362 2228 1647 2300 pecuniam

99 2343 229 2384 luam
255 2330 459 2400 perdat,
490 2327 535 2383 si
563 2327 765 2391 habet;
809 2333 865 2380 et
890 2325 933 2378 si
965 2323 1256 2378 emendare
1304 2336 1364 2376 se
1392 2318 1645 2382 noluerit,

99 2420 250 2475 iullus
276 2434 399 2474 eum
426 2420 674 2489 recipiat,
701 2432 802 2472 nec
830 2415 1011 2471 cibum
1038 2414 1090 2468 ei
1111 2413 1292 2469 donet.
1320 2412 1387 2465 Et
1425 2411 1475 2467 si
1496 2408 1645 2483 [hoc]

99 2510 282 2572 ‘ecerit,
302 2507 371 2562 60
396 2507 596 2563 solidos
622 2508 821 2562 domno
841 2504 956 2575 regi
977 2509 1285 2572 componat,
1323 2510 1496 2571 usque
1518 2498 1649 2553 dum

100 2615 134 2655 e
154 2601 265 2671 ipse
291 2600 450 2653 homo
475 2596 794 2653 correxerit.
825 2595 893 2649 Et
923 2594 969 2648 si
997 2593 1282 2664 pecuniam
1324 2605 1433 2646 non
1459 2589 1643 2654 habet,

102 2692 117 2745 i
144 2688 277 2745 liber
300 2697 403 2753 est,
428 2687 676 2742 mittatur
704 2686 759 2740 in
778 2697 1060 2740 carcerem
1087 2696 1260 2752 usque
1287 2681 1356 2735 ad
1399 2678 1649 2735 satisfac‘

99 2784 289 2840 ionem.
320 2779 378 2836 Si
402 2792 595 2836 servus
618 2786 713 2832 aut
755 2774 981 2831 libertus
1027 2781 1132 2837 est,
1164 2771 1452 2844 vapuletur
1474 2771 1646 2842 plagis

99 2874 273 2930 uultis.
301 2872 369 2927 Et
394 2872 441 2927 si
477 2869 726 2925 dominus
745 2882 877 2923 suus
897 2865 1204 2937 permiserit
1223 2880 1347 2920 eum
1373 2860 1649 2935 [amplius]

99 2984 125 3021 [ι
169 2965 270 3020 tale
306 2965 482 3020 scelus
509 2964 725 3027 cadere,
756 2959 946 3035 [ipsos]
985 2958 1059 3016 60
1080 2958 1281 3014 solidos
1307 2958 1503 3014 domno
1534 2954 1647 3027 regi

100 3064 376 3111 omnonat.

138 3072 189 3110 m
264 3070 376 3110 nat.

137 3071 307 3199 2.p00e
347 3144 729 3201 ecclesiasticis
763 3156 897 3198 vero
921 3142 1013 3212 qui
1060 3140 1367 3212 supradicta
1406 3138 1651 3195 facinora

1750 1967 2116 2038 chemburgis,
2137 1974 2231 2021 aut
2258 1966 2305 2020 si
2331 1979 2498 2021 causa
2524 1980 2623 2020 sua
2654 1972 2781 2021 ante
2807 1964 3062 2029 comitem
3092 1963 3146 2017 in
3178 1961 3341 2017 mallo

1750 2057 1854 2113 fuit
1900 2064 2023 2112 ante
2070 2056 2501 2126 rachemburgis,
2547 2063 2605 2110 et
2646 2057 2750 2111 hoc
2791 2054 3062 2110 sustinere
3107 2051 3343 2107 noluerit

1750 2148 1893 2221 quod
1923 2148 2024 2218 ipsi
2049 2147 2098 2202 ei
2121 2145 2358 2219 legitime
2383 2145 2775 2209 iudicaverint;
2808 2144 2853 2199 si
2883 2159 2982 2215 pro
3007 2143 3140 2214 ipsis
3162 2143 3342 2200 causis

1751 2242 1821 2299 ad
1848 2240 2114 2311 palacium
2141 2238 2371 2302 venerit,
2402 2237 2704 2309 vapuletur.
2734 2237 2802 2292 Et
2826 2237 2869 2293 si
2898 2236 3073 2291 maior
3108 2251 3340 2308 persona

1751 2336 1956 2400 fuerit,
1994 2334 2050 2389 in
2098 2333 2243 2403 regis
2296 2330 2524 2387 arbitrio
2566 2331 2693 2385 erit.
2755 2329 2826 2386 Et
2871 2329 2916 2385 si
2964 2327 3339 2386 reclamaverit

1752 2427 1897 2498 quod
1924 2426 2097 2497 legem
2131 2424 2182 2479 ei
2208 2438 2317 2478 non
2352 2422 2703 2486 iudicassent,
2750 2428 2877 2475 tunc
2919 2419 3203 2489 liccnciam
3250 2419 3345 2473 ha-

1752 2518 1881 2572 beat
1905 2515 1975 2570 ad
2001 2510 2483 2585 palaciumvenire
2508 2523 2621 2580 pro-
2642 2509 2758 2579 ipsa
2791 2523 2977 2563 causa.
3030 2507 3100 2562 Et
3130 2506 3176 2563 si
3208 2507 3340 2577 ipsis

1751 2607 2073 2663 convincere
2100 2602 2338 2674 potuerit
2363 2601 2508 2670 quod
2540 2599 2716 2671 legem
2745 2599 2796 2653 ei
2836 2614 2941 2652 non
2987 2591 3341 2662 iudicassent,

1753 2696 2049 2752 secundum
2086 2694 2261 2764 legem
2304 2698 2497 2747 contra
2534 2690 2710 2760 ipsum
2737 2689 3032 2744 emendare
3057 2686 3243 2743 faciat.
3276 2687 3346 2743 Et

1752 2787 1799 2843 si
1820 2797 2007 2842 comes
2032 2782 2117 2838 vel
2146 2780 2546 2850 rachemburgii
2569 2794 2692 2835 eum
2718 2779 3045 2835 convincere
3069 2779 3347 2850 potuerint

1753 2875 1897 2945 quod
1937 2873 2110 2945 legem
2138 2872 2188 2926 ei
2228 2870 2579 2934 iudicassent,
2610 2876 2668 2923 et
2693 2870 2809 2940 ipse
2839 2870 2942 2924 hoc
2977 2870 3224 2940 recipere
3250 2885 3347 2924 nn-

1753 2967 1934 3032 luerit,
1958 2968 2062 3022 hoc
2101 2972 2289 3020 contra
2328 2962 2476 3033 ipsos
2506 2962 2813 3017 emendare
2852 2961 3035 3018 faciat.
3087 2961 3349 3018 Similiter

1754 3061 1823 3115 de
1849 3057 2251 3121 ecclesiasticis,
2282 3056 2328 3111 si
2370 3054 2439 3108 ad
2477 3053 2745 3125 palacium
2782 3054 3033 3108 venerint
3063 3055 3129 3109 de
3157 3069 3346 3109 eorum

1754 3165 1918 3206 causa
1942 3164 2000 3205 se
2021 3149 2318 3203 reclamare
2337 3159 2502 3216 super
2524 3159 2713 3199 eorum
2739 3145 2973 3209 seniore,
2998 3144 3343 3214 vapulentur,

99 3235 457 3300 ommiserint,
488 3236 533 3290 si
578 3237 719 3290 bona
766 3247 996 3305 persona
1034 3231 1214 3296 fuerit,
1245 3230 1439 3301 perdat
1480 3231 1653 3285 hono-

1761 3240 1860 3296 nisi
1887 3240 2069 3295 senior
2094 3254 2222 3293 suus
2241 3250 2341 3308 pro
2367 3251 2464 3290 sua
2485 3249 2649 3290 causa
2671 3234 3054 3290 transmiserit.

99 3342 184 3381 em
222 3342 411 3393 suum;
449 3327 688 3382 minores
722 3339 853 3380 vero
887 3322 1239 3394 vapulentur,
1267 3331 1358 3376 aut
1386 3322 1437 3376 in
1465 3336 1651 3376 carce-

99 3434 185 3473 em
215 3418 583 3475 recludantur.

142 3516 197 3571 3.
241 3514 319 3569 De
361 3510 693 3584 presbyteris
737 3517 795 3565 et
830 3508 1045 3565 clericis
1091 3507 1170 3563 sic
1207 3507 1541 3570 ordinamus,
1592 3514 1655 3561 ut

100 3608 486 3665 rchidiaeonus
519 3602 755 3674 episcopi
786 3615 881 3657 eos
914 3599 982 3655 ad
1007 3598 1271 3671 synodum
1311 3607 1653 3653 commoneat

102 3712 174 3754 na
196 3712 322 3753 cum
348 3695 567 3752 comite.
594 3692 661 3747 Et
684 3692 730 3747 si
750 3690 1291 3761 quiscoutempserit,
1321 3703 1505 3743 comes
1525 3703 1655 3743 eum

100 3789 395 3859 istringere
451 3784 633 3849 faciat,
675 3790 736 3836 ut
780 3781 897 3852 ipse
947 3780 1231 3851 presbyter
1269 3788 1363 3835 aut
1403 3779 1655 3834 defensor

99 3895 196 3936 aus
243 3877 315 3931 60
358 3874 558 3931 solidos
603 3878 911 3942 componat,
937 3879 993 3925 et
1027 3870 1096 3924 ad
1140 3869 1403 3941 synodum
1445 3878 1552 3923 eat.
1585 3869 1654 3923 Et

99 3973 356 4044 piscopus
404 3968 579 4038 ipsum
629 3965 1005 4035 presbyterum
1055 3960 1139 4015 vel
1199 3960 1457 4017 clericum
1504 3961 1653 4015 iuxta

99 4063 391 4119 anonicam
452 4057 829 4112 auctoritatem
893 4054 1179 4109 diiudicari
1241 4052 1423 4107 faciat.
1484 4052 1653 4107 Solidi

99 4151 247 4223 vero]
285 4150 358 4206 60
391 4150 457 4205 de
498 4147 613 4217 ipsa
653 4157 819 4199 causa
855 4142 910 4197 in
948 4141 1202 4196 sacellum
1235 4142 1381 4210 regis
1413 4141 1651 4194 veniant.

99 4250 132 4301 ιι
160 4246 207 4301 si
245 4242 447 4313 aliquis
477 4252 579 4311 per
608 4235 919 4292 violentiam
959 4234 1334 4303 presbyterum
1372 4240 1464 4285 aut
1499 4232 1655 4285 cleri-

99 4351 189 4393 um
245 4343 343 4389 aut
403 4334 767 4387 incestuosum
816 4324 1206 4382 contradixerit
1230 4365 1244 4388 ,
1297 4331 1423 4378 tunc
1476 4337 1658 4377 comes

99 4446 241 4488 isam
277 4440 572 4501 personam
614 4438 714 4495 per
749 4420 1091 4477 fideiussores
1133 4418 1363 4489 positam
1404 4425 1529 4471 ante
1574 4433 1659 4472 re-

99 4538 188 4581 em
235 4521 412 4577 faciat
444 4534 551 4573 una
577 4529 701 4572 cum
729 4514 896 4569 misso
924 4510 1161 4583 episcopi
1191 4509 1408 4577 venire;
1434 4517 1490 4564 et
1510 4509 1659 4564 dom-

99 4630 167 4671 us
197 4629 302 4670 rex
334 4610 646 4682 distringat,
666 4616 729 4662 ut
754 4605 922 4663 ceteri
953 4603 1311 4661 emendentur
1337 4616 1385 4657 ι.

130 4705 192 4761 4.
236 4703 321 4762 De
350 4701 616 4761 theloneis
646 4712 776 4754 vero
816 4697 896 4752 sic
924 4696 1257 4762 ordinamus,
1288 4702 1348 4750 ut
1384 4694 1561 4752 nullus
1595 4695 1663 4751 de

99 4797 331 4857 ictualia
378 4800 473 4852 aut
517 4790 745 4850 carralia
774 4830 790 4856 ,
829 4788 972 4859 quod
1022 4788 1229 4859 absque
1273 4788 1491 4861 negotio
1540 4796 1661 4856 est,

99 4890 393 4948 teloneum
440 4883 792 4958 praehendat.
860 4880 936 4937 De
982 4881 1187 4937 saumis
1232 4881 1501 4948 similiter,
1547 4882 1667 4936 ubi-

99 4995 310 5053 umque
337 4980 564 5044 vadunt,
594 4986 651 5033 et
673 4974 989 5048 peregrinos
1015 4973 1264 5030 similiter
1289 4974 1665 5030 constituimus

99 5077 155 5132 ui
203 5081 446 5147 propter
484 5071 653 5125 Deum
692 5069 759 5123 ad
797 5067 1024 5123 Romam
1064 5066 1149 5122 vel
1200 5066 1394 5122 alicubi
1440 5068 1663 5135 vadunt,

133 5221 163 5249 ι
212 5204 327 5260 Hic
378 5198 697 5258 Simoudtu
744 5208 917 5268 {0un
945 5194 1080 5268 duce
1130 5193 1384 5250 Helusius
1434 5197 1667 5268 capitula

99 5274 353 5332 'enedicti
386 5272 481 5326 lib.
506 5285 544 5333 ι,
577 5286 692 5339 cap.
729 5265 795 5322 i5
819 5264 870 5319 et
897 5264 985 5329 16,
1014 5266 1365 5339 inseruerunt,
1395 5264 1513 5339 quis
1546 5284 1665 5322 cum

99 5365 115 5402 ι
167 5345 365 5400 codice
412 5335 705 5396 Parisiensi
745 5351 889 5407 irque
924 5352 986 5388 ac
1019 5336 1075 5389 in
1124 5335 1353 5407 editione
1392 5335 1667 5407 Pii/unam

99 5417 271 5479 eam,
310 5415 374 5468 in
408 5419 553 5467 testu
602 5402 899 5479 incipienda
944 5420 1050 5479 non
1099 5414 1266 5459 cram.
1299 5402 1450 5479 Qum
1490 5406 1669 5479 ibide

99 5475 460 5541 institutione
506 5480 577 5534 ad
636 5475 861 5533 Veritum
914 5475 1252 5547 refcrantur,
1292 5475 1347 5529 in
1390 5475 1669 5547 capitalari

99 5558 195 5612 nni
243 5553 361 5608 755
399 5551 600 5622 {mura
642 5564 885 5622 quwras._
924 5544 1061 5622 sunt
1087 5562 1205 5601 vero
1228 5546 1342 5622 lucc
1364 5562 1383 5600 :
1410 5564 1428 5595 ι
1454 5544 1549 5622 Ἐγ.
1601 5547 1673 5622 Ut

99 5625 137 5680 li
162 5614 439 5678 homines
463 5620 552 5690 qui
576 5614 667 5673 res
694 5614 1087 5690 ecclesiasticas
1108 5631 1206 5687 per
1233 5617 1455 5690 verbum
1488 5616 1669 5690 domui

99 5695 219 5765 agis
274 5686 497 5754 tenent,
510 5690 614 5765 sic“
647 5689 954 5765 ordinatum
999 5686 1117 5765 est,
1145 5696 1203 5765 ut
1249 5687 1369 5765 illas
1412 5686 1672 5765 ecclesias

99 5757 217 5819 n'de
249 5771 412 5828 sunt,
443 5759 528 5815 vel
562 5758 681 5814 illas
715 5758 903 5812 domos
932 5757 1191 5828 episcopii
1227 5758 1311 5812 vel
1360 5759 1671 5814 monasterii

99 5835 232 5892 uitta
269 5827 404 5889 esse
432 5837 749 5892 noscuntur,
789 5827 935 5881 iuxta
979 5827 1126 5895 quod
1149 5828 1215 5882 de
1252 5828 1382 5898 ipsis
1411 5830 1570 5883 rebus
1596 5836 1673 5884 te.

1893 3348 2279 3406 ENCYCLICA
2316 3347 2406 3403 DE
2445 3345 2759 3402 LETANIIS
2810 3347 3191 3407 FAClENDlS.

1824 3422 2059 3477 Litteras
2118 3435 2187 3475 ex
2248 3420 2437 3476 codice
2496 3417 2625 3473 bibl.
2686 3419 3119 3476 Vindohonensis
3179 3422 3342 3479 catai.

1754 3491 2155 3563 Theologitep.
2183 3488 2585 3563 A259_r_uembr.
2613 3502 2737 3563 saec.
2786 3504 2842 3544 ix
2889 3490 3036 3563 inter
3088 3492 3347 3563 epistolas

1755 3563 1929 3619 sancti
1955 3557 2218 3616 Bonifacii
2256 3559 2456 3629 publici
2478 3559 2619 3629 juris
2656 3557 2852 3626 factas,
2879 3557 3174 3617 Goldastiis
3204 3579 3348 3619 anno

1756 3633 1858 3687 764
1914 3632 2202 3702 ascripsit,
2242 3629 2493 3702 Baluzius'
2530 3629 2789 3702 servavit,
2837 3638 2894 3684 et
2955 3631 3081 3686 licet
3137 3632 3341 3689 nullum

1754 3704 1977 3759 evidens
2000 3700 2155 3757 in'eis
2182 3702 2300 3773 ejus
2326 3700 2451 3773 anni
2474 3700 2948 3773 indicinm‘exstet,
2972 3702 3118 3757 circa
3141 3703 3194 3758 id
3209 3712 3348 3760 tem-

1754 3790 1856 3846 pus
1902 3782 2085 3846 tamen.
2113 3768 2502 3846 ,ρτόωιξιεξιεβ
2556 3784 2678 3825 ωδε
2725 3768 2883 3846 [θεείμέ
2938 3773 3171 3846 statim
3223 3789 3348 3830 cum

1756 3839 1883 3927 anni
1928 3843 2032 3898 764
2071 3839 2248 3927 hi't‘Ems
2293 3839 2591 3927 durissima
2629 3848 2687 3922 et
2732 3839 3350 3927 Waifaiji'irruptiones

1757 3915 1811 3969 in
1859 3929 2082 3997 regnum
2113 3912 2448 3996 Francorum
2470 3912 2760 4035 .prazciipue
2796 3928 2885 3967 an.
2924 3911 3023 3967 76l
3058 3911 3205 3970 recte
3253 3916 3351 3972 tri-

1754 3985 2059 4040 bulationes
2115 3984 2220 4039 dici
2273 3990 2565 4064 potuerint.
2601 4052 2650 4064 __
2676 3997 2813 4064 teme
2865 3992 3087 4064 peracta
3147 3983 3349 4064 famem

1757 4063 1995 4111 secutam
2026 4068 2166 4119 esse,
2195 4069 2263 4109 ex
2291 4053 2573 4124 annalibus
2601 4052 3069 4124 Moissiace‘nsibus
3100 4056 3190 4124 qui
3227 4071 3349 4111 eam

1758 4141 1846 4180 an.
1891 4124 1996 4179 762
2039 4125 2338 4194 assignant,
2381 4123 2668 4186 discimus;
2715 4123 2882 4194 igitur
2908 4123 3350 4180 constitutionem

1757 4196 1825 4249 ad
1858 4210 2061 4250 annum
2089 4190 2323 4247 fortasse
2353 4196 2667 4260 sequentem
2694 4190 3035 4247 referendam
3072 4208 3192 4249 esse
3218 4210 3350 4251 cou-

1752 4266 1924 4334 jicere
1949 4264 2127 4319 liceat.
2152 4261 2382 4316 Textum
2407 4261 2475 4315 ad
2505 4260 2664 4315 ﬁdem
2694 4261 2900 4317 codicis
2918 4262 3350 4321 Vindobonensis

1761 4334 2115 4389 restituimus.

1832 4424 2089 4496 Pippinus
2134 4422 2309 4493 gratia
2348 4421 2444 4476 Dei
2486 4437 2581 4476 rex
2620 4420 2956 4477 Francorum
2984 4423 3071 4477 vir
3098 4420 3347 4489 inluster,

1762 4517 1980 4575 domino
2026 4522 2214 4571 sancto
2257 4512 2399 4586 patri
2456 4512 2607 4569 Lullo
2656 4524 2679 4554 ο
2732 4514 3003 4586 episcopo.
3064 4513 3351 4587 Cognitum

1684 4604 1741 4668 υ
1763 4609 1967 4666 scimus
1992 4606 2268 4664 sanctitati
2308 4614 2521 4662 vestrae
2538 4645 2555 4671 ,
2584 4604 2796 4677 qualem
2832 4605 3087 4676 pietatem
3114 4614 3171 4662 et
3194 4607 3352 4663 mise-

1768 4699 2057 4757 ricordiam
2100 4697 2244 4754 Deus
2286 4696 2415 4753 fecit
2447 4696 2720 4771 praesenti
2759 4711 2902 4753 anno
2928 4697 2984 4753 in
3033 4705 3176 4753 terra
3222 4697 3346 4754 ista.

1766 4791 1923 4848 Dedit
1947 4789 2346 4847 tribulationem
2368 4802 2469 4859 pro
2492 4785 2702 4842 delictis
2725 4786 2945 4852 nostris,
2975 4794 3099 4858 post
3125 4785 3351 4842 tribulad

1767 4880 1968 4939 tionem
2008 4887 2189 4935 autem
2227 4892 2476 4949 magnam
2510 4885 2675 4947 atque
2697 4874 2998 4932 mirabilem
3026 4876 3351 4933 consolatio-

1766 4988 1892 5027 nem
1934 4971 2048 5026 sive
2081 4968 2500 5025 habundantiam
2544 4965 2755 5022 fructus
2781 4974 2982 5032 terrae,
3020 4982 3163 5037 quae
3188 4967 3351 5025 modo
3438 5010 3449 5021 .

1769 5062 2051 5118 habemus.
2092 5059 2160 5112 Et
2194 5058 2261 5112 ab
2292 5057 2396 5112 hoc
2425 5065 2587 5127 atque
2611 5070 2711 5129 pro
2740 5055 2873 5111 alias
2901 5072 3094 5113 causas
3133 5066 3349 5115 nostras

1766 5202 1919 5260 neut,
1956 5192 2245 5248 emendare
2292 5191 2544 5256 debeant,
2584 5199 2642 5245 et
2685 5189 2804 5245 illos
2845 5203 3039 5248 census
3093 5191 3178 5246 vel
3229 5191 3351 5249 illas

1770 5266 2008 5321 decimas
2034 5278 2099 5318 ac
2120 5278 2292 5319 nonas
2311 5263 2507 5318 ibidem
2528 5263 2661 5316 dare
2681 5260 2910 5328 pleniter
2938 5262 3190 5328 debeant,
3209 5264 3351 5320 sicut

1770 5337 1851 5392 eis
1876 5333 1941 5389 ad
1971 5334 2210 5390 Vernum
2237 5333 2623 5388 ordinavimus.
2656 5331 2725 5386 Et
2747 5332 2838 5401 qui
2868 5331 2968 5387 hoc
2992 5348 3097 5387 non
3137 5332 3349 5400 fecerit,

1768 5403 2430 5531 l’éii‘isaiiss’féﬂf‘si'ol’
2438 5402 2652 5530 ’ρξιὶεῗιξ
2668 5400 3353 5531 σὲἑιίῗιῗέιιῖίὲἓὲεἶξῗυἚὲ

1770 5488 2025 5531 eccleSIas
2054 5488 2266 5539 tenent,
2298 5488 2417 5530 tuos
2456 5488 2652 5530 census
2688 5488 2772 5526 vet
2816 5488 2960 5527 tuam
2988 5488 3171 5529 ceram
3211 5488 3351 5541 quae

1770 5547 1928 5617 longo
1954 5554 2195 5617 tempore
2211 5545 2278 5598 ad
2299 5545 2428 5617 illud
2442 5543 2781 5617 episcopium
2801 5543 3168 5617 reddiderunt,
3191 5543 3352 5617 modo

1772 5619 1849 5672 sic
1864 5611 2242 5671 ordinavimus
2258 5623 2319 5670 ut
2336 5616 2414 5669 sic
2435 5611 2654 5668 faciant.
2680 5612 2749 5669 Et
2772 5613 2861 5683 qui
2883 5612 2984 5669 hoc
3010 5628 3116 5669 non
3139 5611 3350 5680 fecerit,

1773 5686 2068 5810 scif'aﬁintat
2081 5685 2278 5740 solidos
2302 5685 2587 5757 persolvat.
2616 5704 2633 5736 »

1983 5771 2044 5811 es
2072 5797 2084 5819 ,
2109 5770 2314 5825 peram.
2670 5786 2673 5789 ‹

1848 5841 1868 5864 τ
1903 5826 2017 5880 Lul.
2046 5795 2211 5894 «hic.
2242 5827 2429 5879 codex.
