3920 6310
630 354 694 407 I5
709 355 767 407 l9
1612 347 1817 403 δέεαι]
1827 347 1886 402 LI
1925 346 2033 400 VIII
2074 343 2178 397 ΜΟ]

2133 344 2211 397 DN
2222 343 2260 398 υ
2272 343 2500 396 ΜΕΝΤΑ
2543 338 2845 394 SEI.ECTA
2859 377 2870 389 .
3601 347 3681 401 I520

621 481 756 536 opus
791 472 874 518 est
912 464 1064 516 nobis
1103 460 1174 516 illi
1202 468 1405 532 gratias
1441 472 1598 526 agere
1620 497 1633 521 ,
1661 458 1787 526 quia
1828 455 2080 526 dignatus
2110 464 2193 506 est
2224 457 2272 516 Α
2370 450 2453 503 12.
2495 450 2566 505 Ut
2591 448 2844 518 quicquid
2881 447 3032 536 missi
3066 449 3226 501 nostri
3258 464 3363 503 cum
3394 451 3474 506 illis
3496 457 3686 513 senioribus

625 535 795 611 servis
842 554 954 608 suis
989 550 1267 605 consolare
1313 563 1408 618 per
1449 549 1565 602 eius
1611 545 2057 600 misericordiam.
2106 543 2198 598 Sic
2300 541 2504 612 patriae
2529 539 2596 594 ad
2632 546 2876 593 nostrum
2910 535 3203 609 profectum
3226 537 3302 591 vel
3323 548 3498 596 sanctae
3528 546 3686 603 ecrth

629 645 780 700 nobis
811 643 1044 705 videtur,
1072 650 1131 694 ut
1153 641 1356 708 absque
1384 637 1581 692 ieiunio
1610 636 1811 690 indicto
1836 635 2202 704 unusquisque
2301 629 2492 684 melius
2525 627 2916 692 consenserint,
2945 626 3118 681 nullus
3147 628 3430 683 contendere
3459 630 3534 685 hoc
3561 649 3690 702 pm.

627 737 910 806 episcopus
931 734 984 786 in
1011 745 1106 785 sua
1137 728 1423 800 parrochia
1458 727 1688 781 letanias
1727 724 1915 789 faciat,
1940 739 2046 779 non
2078 738 2203 778 cum
2304 725 2437 770 mat.
2540 709 2544 711 ’

631 826 850 888 ieiunio,
889 823 990 877 nisi
1036 828 1245 875 tantum
1285 819 1339 873 in
1373 816 1530 871 laude
1568 813 1695 882 Dei,
1733 815 1824 884 qui
1861 815 2021 869 talem
2051 813 2206 867 nobis

634 914 1050 972 habundantiam
1093 911 1270 976 dedit;
1316 918 1372 964 et
1423 908 1586 964 faciat
1626 906 1990 975 unusquisque
2044 905 2206 958 homo

633 1023 729 1061 sua
757 1003 1159 1067 aelimosina,et
1176 1015 1442 1074 pauperes
1464 1007 1667 1069 pascat.
1694 997 1760 1052 Et
1786 998 1864 1052 sic
1892 993 2206 1067 praevidere

638 1094 844 1149 faciatis
873 1102 928 1147 et
953 1091 1206 1146 ordinare
1233 1089 1300 1144 de
1338 1087 1503 1142 verbo
1525 1091 1741 1150 nostro,
1757 1093 1818 1139 ut
1843 1084 2208 1152 unusquisque

638 1188 816 1250 homo,
853 1193 947 1241 aut
972 1182 1134 1239 vellet
1161 1191 1254 1236 aut
1290 1179 1475 1244 nollet,
1514 1193 1668 1233 suam
1712 1176 1977 1232 decimam
2022 1175 2204 1230 donet.

643 1271 824 1326 Valete
852 1271 904 1324 in
926 1269 1161 1324 Christo.

1381 1356 1472 1412 IX.

1180 1447 1419 1504 PIPPINI
1456 1445 1659 1502 REGIS

801 1539 1232 1598 CAPITULARE
1272 1533 1743 1605 AQUITANICUM
1783 1531 1894 1588 AN.
1923 1532 2047 1589 768.

712 1635 897 1689 Prodit
930 1633 1016 1688 hic
1045 1631 1217 1702 prima
1244 1631 1361 1702 vice
1384 1644 1459 1702 ert
1479 1627 1663 1702 codice
1691 1625 1950 1702 Yossiano
1975 1639 2097 1702 5.39.
2132 1637 2208 1702 ix,

641 1706 734 1760 fol.
787 1704 907 1758 I28.
964 1693 1355 1758 Ascribendum
1408 1698 1539 1752 illud
1591 1697 1720 1752 duxi
1768 1695 1958 1749 ultimo
2002 1693 2212 1763 Pippini

643 1790 804 1830 anno.
847 1773 1074 1828 Ratione
1108 1771 1251 1824 enim
1277 1768 1460 1823 habita
1489 1767 1726 1837 capitum
1749 1765 1801 1830 1,
1830 1764 1969 1837 τηρ,
2002 1762 2090 1827 10,
2123 1762 2212 1826 12,

2444 803 2670 876 Explicit
2699 803 2926 876 capitula
2952 803 3125 876 Pipiiu'
3150 804 3350 860 condam
3367 804 3613 881 [quondm].

3062 899 3129 955 Χ.

2309 990 2517 1114 Pipdiini
2557 992 2691 1060 regis
2733 990 2982 1070 placitum
3000 1030 3016 1052 ,
3065 1006 3165 1060 quo
3215 990 3487 1044 Atticinum
3522 991 3604 1044 uilla
3629 997 3693 1062 pagi

2418 1061 2708 1114 enomanici
2746 1069 2795 1113 et
2834 1058 3062 1114 Stbriaci
3098 1060 3259 1114 portio
3281 1061 3330 1112 in
3353 1059 3604 1114 Matriacmi
3627 1063 3693 1114 te

2375 1070 2708 1115 Gemmatum
2746 1070 2795 1113 et
2834 1070 3062 1114 δεθησοὶ
3098 1070 3259 1130 portio
3281 1070 3330 1112 in
3353 1070 3604 1114 Μαιηαεωι
3627 1070 3695 1114 [λο-

2325 1148 2328 1150 ’
2377 1130 2608 1200 uysiam's
2644 1130 2910 1183 monachis
2932 1129 3223 1182 vindicatur
3245 1127 3386 1188 (anno
3407 1129 3522 1199 752).

2537 1218 2700 1280 (Apud
2717 1217 2993 1279 ﬂabill.,de
3016 1216 3095 1266 Re
3117 1215 3441 1280 diplom.,.pag.
3461 1218 3557 1276 191.)

2380 1300 2639 1372 Pippinus
2668 1315 2760 1354 rex
2786 1299 3118 1355 Francorum
3142 1301 3223 1354 vir
3239 1300 3464 1355 ~inluster.
3489 1300 3582 1355 Cum
3599 1317 3655 1355 nos
3671 1304 3697 1354 ia

2314 1389 2407 1446 Dei
2432 1391 2650 1445 nomine
2679 1389 2706 1430 ιι
2737 1389 3013 1444 Vermeria
3059 1389 3113 1444 in
3150 1389 3335 1459 palatio
3373 1399 3519 1443 nostro
3543 1404 3612 1441 una
3636 1405 3698 1441 cum

2315 1479 2625 1551 proceribus
2653 1477 2851 1534 nostris
2877 1477 2962 1533 vel
2991 1477 3237 1533 ﬁdelibus
3265 1478 3327 1534 ad
3347 1478 3620 1532 universonm
3633 1493 3699 1531 ciu-

2315 1587 2404 1627 sas
2438 1570 2729 1626 audiendas
2773 1569 2857 1624 vel
2896 1578 3046 1624 recto
3068 1569 3264 1640 judicio
3291 1569 3702 1624 terminandasresitle-

2317 1678 2526 1728 remus;
2561 1661 2635 1717 ibi
2658 1662 2878 1716 veniens
2901 1661 3222 1717 venerabilis
3243 1661 3319 1714 vir
3338 1659 3544 1714 Fulradus
3559 1661 3702 1715 abbate

2317 1753 2538 1808 basilica
2583 1751 2873 1822 peculiaris
2919 1751 3139 1822 patroni
3189 1751 3348 1806 nostri
3385 1751 3530 1804 domui
3558 1750 3701 1820 Dionysii.

801 1842 868 1896 ad
895 1813 1238 1922 adnitamur:
1269 1838 1533 1960 Ἠπείραε
1555 1813 1814 1906 ’ἐικεοωτό
1857 1813 2216 1915 Ῠίάέηῑξίΐηεξ
2249 1813 2293 1874 Β
2320 1845 2410 1898 ubi
2441 1845 2557 1914 ipse
2583 1813 2851 1914 pretiosus
2878 1813 3112 1897 domnus
3137 1842 3189 1896 in
3211 1855 3412 1910 conpore
3432 1813 3704 1909 requiescitie

647 1911 963 1960 canitularis
1034 1908 1210 1960 Caroli
1327 1922 1448 1960 aeni
1475 1947 1489 1960 .
1550 1905 1690 1960 unde
1759 1913 1936 1960 camta
2005 1903 2216 1960 Ptnmm
2322 1935 2518 1960 __.:..,.._
2560 1933 2788 1960 ηις-..,....
2848 1934 3065 1960 ..Μηςηη
3091 1931 3418 1960 ηομ-...κη
3461 1929 3692 1960 ι...,.ωιι.κ..

647 1901 977 1988 ᾀειρὶιυξθιυξξξ
1034 1908 1210 1988 Caroli
1263 1901 1489 1988 Magni,
1550 1901 1690 1986 unde
1749 1901 2216 1988 ‘capitahlo’ippini

655 1973 764 2044 l-‘I,
815 1981 868 2044 9,
913 1980 1008 2042 I2,
1064 1979 1202 2048 apud
1249 1973 1546 2048 Aquitanos
1589 1977 1695 2028 vim
1730 1973 1901 2048 Διςξξξ-
1925 1973 2221 2048 obtinuisse

647 2041 878 2113 constat,
908 2041 1348 2104 caistitutionem
1391 2046 1547 2100 istam
1583 2041 2095 2113 nonnisi'Waifario
2143 2042 2223 2095 in-

653 2120 896 2183 terfecto,
931 2134 1052 2174 cum
1081 2116 1375 2186 Aquitania
1412 2115 1895 2186 penitus_subacta
1926 2112 2221 2176 videretur,

651 2189 1039 2260 promulgatam
1070 2184 1253 2249 fuisse,
1287 2184 1602 2256 persuasum
1641 2184 1834 2238 habeo.

651 2293 920 2332 INCIPIUNT
980 2291 1239 2330 CAPITULA
1297 2288 1428 2336 QUAS
1485 2287 1614 2324 BONE
1671 2285 1940 2326 MEMORIAE
1993 2283 2222 2323 GENITOR

721 2362 927 2400 PIPINUS
958 2359 1329 2406 SINODALITER,
1356 2356 1426 2396 ΕΤ
1456 2356 1552 2395 NOS
1588 2354 1654 2394 ΑΒ
1687 2355 1972 2396 ιιοιιιΝιΒυδ
2003 2353 2228 2394 CONSBB-

730 2433 863 2471 \‘ABE
903 2431 1166 2470 VOLUIUS.

727 2508 776 2559 l.
820 2504 890 2560 Ut
925 2503 1040 2559 illas
1079 2502 1306 2558 eclesias
1353 2501 1444 2555 Dei
1487 2501 1578 2569 qui
1621 2500 1820 2554 deserti
1851 2509 1995 2562 sunt,
2025 2508 2230 2554 restau-

659 2608 842 2654 rentur
869 2607 979 2652 tam
1003 2595 1236 2666 episcopi
1267 2609 1429 2663 quam
1458 2593 1668 2656 abatcs,
1699 2592 1784 2646 vel
1810 2592 1885 2646 illi
1911 2591 2031 2646 laici
2059 2591 2232 2647 homi-

657 2704 752 2744 nes
788 2689 879 2756 qui
907 2687 1098 2742 exinde
1131 2685 1441 2740 beneﬁtium
1462 2686 1682 2739 habent.

726 2778 778 2832 2.
822 2777 893 2832 Ut
942 2775 1014 2829 illi
1061 2775 1317 2845 episcopi,
1370 2775 1608 2837 abbates,
1653 2774 1974 2840 abbatissae,
2005 2774 2106 2829 sub
2145 2789 2233 2827 or-

661 2869 784 2922 dine
814 2875 1000 2920 sancto
1030 2866 1229 2918 vivant.

727 2960 780 3012 5.
825 2957 896 3012 Ut
933 2955 1184 3026 quicquid
1230 2956 1485 3026 episcopi,
1529 2956 1750 3011 abbates
1789 2955 1873 3010 vel
1913 2954 2232 3019 abbatissas,

659 3049 742 3102 vel
772 3047 959 3117 reliqui
989 3047 1330 3111 sacerdotes,
1357 3047 1423 3100 de
1462 3047 1623 3102 rebus
1659 3047 2012 3102 ecclesiarum
2045 3047 2114 3101 ad
2147 3060 2236 3100 eo—

661 3156 780 3195 rum
807 3155 940 3209 opus
965 3139 1198 3202 habent,
1226 3137 1409 3206 quieto
1432 3136 1622 3192 ordine
1649 3135 1980 3208 possideant,
2016 3136 2154 3190 sicut
2181 3135 2235 3190 in

662 3239 842 3286 nostra
889 3227 1076 3282 sinodo
1109 3240 1132 3268 ει
1181 3228 1287 3281 iam
1329 3228 1679 3282 constitutum
1725 3225 1856 3290 fuit;
1915 3235 1971 3282 et
2018 3228 2062 3280 si
2115 3227 2236 3295 quis

661 3326 858 3384 cvinde
888 3332 1074 3398 postea
1126 3322 1322 3394 aliquid
1355 3322 1624 3390 ahtraxit,
1653 3323 1753 3380 sub
1782 3321 2091 3395 integritate
2118 3321 2235 3378 red-

665 3423 727 3473 tln
739 3429 775 3473 ι.

735 3511 788 3564 4.
831 3510 902 3565 Ut
924 3509 988 3575 ad
1013 3507 1130 3562 illos
1157 3521 1420 3576 pauperes
1443 3507 1686 3560 homines
1714 3507 1882 3578 magis
1903 3521 2006 3560 non
2030 3505 2235 3569 tollant,

652 3601 768 3654 nisi
795 3607 1055 3668 quantum
1093 3596 1327 3668 legitime
1359 3595 1582 3650 reddere
1609 3595 1823 3650 debent.

740 3690 792 3742 5.
834 3689 1168 3755 Quicumque
1213 3695 1456 3741 nostrum
1500 3685 1820 3742 beneﬁcium
1866 3687 2058 3751 habet,
2107 3686 2243 3745 bene

673 3783 744 3836 ibi
794 3781 980 3836 labore
1027 3777 1335 3847 condirgat;
1363 3786 1419 3830 et
1461 3778 1551 3846 qui
1597 3779 1700 3832 hoc
1743 3778 1923 3832 facere
1965 3793 2070 3832 non
2109 3777 2240 3840 vult,

675 3870 910 3922 dimittat
952 3867 1123 3935 ipsum
1150 3866 1490 3929 beneficium,
1517 3874 1574 3920 et
1609 3875 1827 3922 teneant
1848 3883 1974 3921 suas
2010 3882 2097 3922 res
2124 3883 2246 3937 pro—

677 3972 1167 4092 pl.Iia.s.(luicumqttc
1198 4022 1250 4076 in
1280 4022 1470 4078 itinere
1503 4024 1708 4094 pergit,
1738 4032 1830 4078 aut
1869 4023 2134 4084 hostiliter
2165 4023 2248 4080 vel

676 4117 744 4171 ad
777 4115 1054 4188 placitum,
1078 4113 1219 4168 nulla
1247 4128 1408 4183 super
1452 4129 1608 4168 suum
1649 4129 1780 4183 pare
1818 4115 2102 4184 praendat,
2147 4115 2247 4168 nisi

676 4221 858 4261 emere
906 4213 998 4259 aut
1037 4217 1292 4274 praecare
1337 4204 1591 4272 potuerit,
1617 4213 1840 4274 excepto
1888 4205 2054 4259 herba
2113 4221 2250 4274 aqua

677 4303 733 4347 et
782 4292 958 4364 ligna;
1000 4293 1044 4345 si
1094 4306 1223 4346 vero
1265 4291 1386 4345 talis
1435 4301 1644 4362 tempus
1691 4291 1872 4358 fuerit,
1919 4295 2246 4349 mansionem

679 4383 855 4438 nullus
876 4388 1038 4437 vetet.

747 4476 798 4527 7.
838 4472 1168 4540 Quicumque
1217 4471 1376 4526 homo
1418 4487 1578 4541 super
1615 4488 1769 4528 suum
1812 4488 1997 4544 parem
2027 4475 2153 4529 dum
2183 4477 2249 4530 ad

677 4581 776 4621 nos
818 4564 980 4618 fuerit
1023 4562 1221 4631 aliquid
1261 4563 1584 4618 abstraxerit
1625 4572 1716 4618 aut
1743 4564 2135 4632 exfortiaverit,
2168 4582 2251 4621 se-

679 4657 910 4711 cundum
935 4669 1087 4708 suam
1120 4652 1290 4724 legem
1321 4653 1602 4722 tripliciter
1644 4664 1930 4725 conponat.

751 4749 802 4803 8.
846 4746 904 4801 Si
943 4745 1134 4812 aliquis
1178 4744 1338 4797 homo
1373 4752 1497 4796 ante
1536 4759 1633 4798 nos
1669 4759 1727 4799 se
1766 4745 2159 4812 reclamaverit,
2193 4747 2255 4800 li-

679 4839 922 4895 ccnciam
961 4836 1157 4890 habeat
1191 4833 1257 4886 ad
1307 4847 1402 4886 nos
1442 4832 1646 4897 venire,
1676 4843 1731 4888 ct
1773 4834 1948 4889 nullus
1991 4850 2112 4890 eum
2159 4852 2256 4905 per

681 4931 840 4984 fortia
865 4927 1131 4981 deteneat.

752 5019 804 5074 9.
841 5019 918 5072 De
948 5016 1050 5071 illis
1077 5015 1352 5070 beneficiis
1378 5018 1518 5070 unde
1548 5015 1772 5072 intentio
1801 5027 1911 5082 est,
1932 5017 2177 5074 volumus
2201 5029 2262 5074 ut

686 5109 784 5178 ipsi
807 5123 901 5162 eos
921 5107 1174 5169 habeant,
1205 5105 1400 5172 quibus
1427 5112 1582 5158 antea
1614 5104 1875 5161 dedimus.

756 5197 842 5250 10.
886 5198 956 5253 Ut
986 5212 1173 5252 omnes
1197 5195 1442 5250 homines
1468 5209 1654 5248 eorum
1692 5193 1827 5265 legis
1862 5196 2118 5260 habeant,
2150 5205 2258 5251 tam

691 5286 912 5340 Romani
956 5301 1116 5354 quam
1146 5293 1202 5339 et
1227 5283 1386 5338 Salici
1407 5324 1421 5346 ,
1452 5293 1506 5337 et
1531 5285 1576 5336 si
1607 5284 1672 5337 de
1719 5284 1821 5338 alia
1856 5285 2132 5355 provincia
2169 5287 2264 5340 ad-

689 5376 916 5438 venerit,
947 5377 1239 5430 sccundum
1266 5375 1435 5446 legem
1465 5374 1634 5444 ipsius
1660 5375 1865 5445 patriae
1898 5377 2060 5430 vivat.
2137 5380 2140 5382 ⁷

761 5469 866 5528 11.,
891 5468 962 5526 Ut
987 5482 1174 5522 omnes
1202 5467 1321 5522 laici
1359 5476 1415 5522 et
1445 5467 1719 5524 seculares
1758 5467 1849 5537 qui
1879 5484 1966 5524 res
2002 5469 2263 5524 ecclesiae

692 5568 899 5625 tenent,
932 5558 1208 5630 prccarias
1233 5558 1356 5614 inde
1384 5559 1666 5629 accipiant.

764 5687 788 5715 ιι
819 5669 1140 5727 Bitttricensi
1171 5684 1257 5722 an.
1289 5668 1412 5722 767.

767 5745 794 5783 δ
823 5742 1121 5805 Vermcria,
1139 5739 1294 5807 vulgo
1342 5737 1594 5802 Verberie,
1623 5754 1787 5808 prope
1817 5736 2010 5794 ﬂumen
2039 5739 2256 5796 Isaram,

2321 1935 2521 1990 minem
2557 1933 2809 2002 aliquem,
2848 1934 3066 1988 nomine
3090 1931 3438 1994 Gislemarutn,
3461 1929 3703 2000 interpth

2326 2032 2573 2096 repetens
2593 2025 2661 2079 ab
2682 2039 2748 2078 eo
2769 2023 3061 2093 quamdam
3085 2021 3260 2077 villam
3284 2020 3436 2075 sancti
3457 2019 3633 2088 Dionysii.
3647 2031 3705 2085 «με

2326 2114 2525 2169 dicitur
2559 2115 2879 2177 Ahaciacus,
2917 2113 2971 2167 in
3002 2129 3142 2184 pago
3167 2112 3498 2174 Cenomanieo,
3521 2108 3706 2165 meton-

2326 2204 2517 2269 mensi,
2550 2204 2714 2257 etiam
2741 2212 2796 2259 et
2827 2203 2971 2257 illam
3011 2203 3316 2274 porcionem
3340 2203 3390 2256 in
3417 2196 3708 2255 Sibriacoinli-

2328 2295 2601 2360 triacensi,
2645 2310 2806 2364 quam
2851 2294 3052 2349 femina
3094 2295 3284 2364 aliqua,
3315 2293 3495 2349 nomine
3517 2289 3707 2358 Johanni-

2330 2385 2436 2438 trix
2482 2384 2649 2453 ipsius
2701 2383 3017 2447 Gislemari,
3076 2399 3173 2454 per
3207 2399 3352 2439 suum
3395 2377 3708 2438 testamentumd

2329 2489 2509 2528 casam
2557 2472 2836 2542 praefatam
2884 2475 3059 2528 sancti
3107 2474 3335 2545 Dionysii
3373 2473 3431 2526 de
3459 2469 3706 2541 ipsatillaant

2331 2561 2688 2631 Chilpericum
2736 2574 2917 2630 regem
2955 2563 3168 2617 auctrix
3209 2562 3433 2625 aﬂuent,
3459 2561 3564 2630 ipsas
3585 2557 3706 2622 resin:

2331 2653 2662 2708 Gislemarus
2703 2653 2845 2708 malo
2891 2654 3082 2710 ordine
3130 2655 3380 2710 retinebat
3413 2663 3458 2708 et
3493 2651 3634 2720 injuste.
3654 2648 3706 2715 Its

2333 2760 2460 2800 vero
2497 2743 2827 2801 Gislemarus
2856 2746 2910 2800 in
2939 2749 3193 2817 przesenti
3215 2747 3452 2809 adstabat,
3474 2744 3575 2799 unde
3594 2741 3707 2795 nullar-

2333 2852 2435 2891 nus
2482 2838 2656 2906 potuit
2705 2838 2971 2908 denegare
3008 2853 3022 2891 :
3061 2839 3156 2894 sed
3201 2840 3251 2894 in
3295 2830 3710 2909 praesenti-mgnum

2336 2926 2477 2995 quod
2501 2926 2736 2998 genitrix
2766 2943 2862 2982 sua
2889 2928 3022 2984 Joba
3053 2930 3225 3000 ipsam
3253 2929 3414 2983 villam
3438 2921 3708 2995 superinsntai

2337 3025 2518 3070 natam
2565 3017 2890 3072 Abaciacum
2940 3035 3066 3074 cum
3115 3021 3258 3076 omni
3307 3018 3554 3089 integritate
3588 3014 3620 3067 in
3649 3023 3710 3080 [ςλῖυ

2342 3105 2680 3161 Matriacensi
2711 3107 2776 3161 ad
2798 3123 2978 3162 casam
3005 3110 3181 3165 sancti
3216 3109 3430 3180 Dionysii
3459 3121 3575 3160 manu
3591 3109 3710 3173 potri?-

2342 3196 2448 3248 tiva
2473 3196 2833 3250 condonasset
2859 3213 2873 3250 :
2901 3199 3040 3252 unde
3066 3208 3122 3253 et
3147 3200 3211 3254 de
3237 3207 3468 3269 praesente
3491 3197 3608 3266 ipsum
3621 3188 3713 3243 Fulra-

2340 3285 2464 3339 dum
2518 3285 2572 3339 in
2616 3301 2780 3356 causa
2820 3288 2991 3342 sancti
3017 3287 3257 3359 Dionysii
3281 3304 3368 3358 per
3392 3302 3515 3342 suum
3533 3279 3713 3336 mdium

2340 3376 2469 3449 ipsis
2497 3377 2636 3430 villis
2663 3393 2823 3447 supra
2860 3379 3152 3434 nominatis
3182 3379 3426 3434 Abaciaco
3448 3385 3490 3430 et
3513 3367 3713 3429 Sibriacotiv

2341 3488 2432 3525 sus
2463 3468 2558 3524 fuit
2596 3468 2997 3536 rcvcstjsse,-de
3025 3471 3272 3528 omnibus
3309 3470 3494 3532 scilicet.
3516 3471 3713 3538 quaem-

2337 3565 2448 3633 jatn
2477 3565 2616 3619 dicta
2639 3562 2772 3619 Joba
2802 3566 3033 3636 genitrix
3069 3583 3166 3622 sua
3191 3567 3256 3620 ad
3278 3582 3436 3621 casam
3468 3560 3590 3619 sancti
3615 3557 3700 3618 Dioni

2343 3657 2407 3709 sii
2431 3656 2843 3722 condonaverat,
2874 3656 2956 3711 vel
2998 3657 3053 3711 in
3095 3658 3224 3729 ipsis
3257 3657 3383 3712 villis
3407 3652 3714 3715 temeranda”

2345 3762 2440 3817 per
2480 3762 2631 3801 suam
2676 3747 2938 3801 festucam
2991 3763 3049 3803 se
3099 3749 3288 3804 exinde
3331 3749 3380 3802 in
3418 3745 3600 3800 omnibus
3626 3743 3716 3790 cat"?

2347 3838 2520 3906 ipsum
2567 3839 2814 3892 abbatem
2856 3837 3145 3894 Fulradum
3171 3841 3226 3895 in
3249 3853 3397 3894 causa
3436 3833 3565 3891 sancti
3597 3821 3716 3890 υἱοῦῐέλί

2348 3927 2482 3982 dixit
2504 3943 2623 3982 esse
2650 3929 2872 3982 exitum.
2911 3928 3145 3986 Proinde
3177 3946 3273 3986 nos
3304 3943 3399 3984 una
3431 3939 3526 3982 cum
3547 3913 3717 3989 ρωσετίῒίί

2349 4020 2433 4073 vel
2463 4019 2707 4074 fidelibus
2741 4020 2961 4085 nostris,
3007 4021 3060 4075 id
3110 4029 3196 4076 est
3239 4020 3430 4083 Milone,
3460 3996 3716 4080 RotgarioJl-d'

2351 4111 2686 4182 mengando,
2751 4111 3092 4167 Chrotbardo
3121 4155 3136 4181 ,
3180 4107 3530 4170 Charichardo,
3565 4091 3718 4185 Arteria:

2351 4209 2407 4254 ct
2463 4201 2735 4256 Wicberto
2798 4204 2994 4257 comite
3039 4205 3246 4272 palatii
3289 4209 3480 4263 nostro,
3517 4190 3576 4247 vel
3607 4184 3719 4278 reita”

2353 4289 2760 4358 quamplurimis
2810 4292 2908 4346 visi
2954 4291 3155 4348 fuimus
3187 4292 3452 4363 judicasse;
3491 4291 3536 4338 ιιι
3563 4277 3640 4348 qui“

2354 4379 2684 4437 Gislemarus
2731 4383 2785 4435 in
2829 4384 3080 4452 praesenti
3129 4384 3352 4448 astabat,
3394 4387 3440 4434 et
3471 4372 3612 4431 nullam
3639 4363 3721 4432 illum

2357 4471 2576 4525 reddere
2608 4472 2902 4538 rationem;
2940 4483 3220 4543 propterea
3251 4473 3472 4542 iubemus
3493 4472 3552 4525 ut.
3583 4453 3723 4543 quia

2353 4575 2514 4614 causa
2555 4562 2634 4615 sic
2677 4570 2795 4616 acta
2837 4537 2920 4617 vel
2941 4537 3268 4633 perpetrata
3304 4561 3422 4625 fuit,
3463 4557 3550 4626 ipse
3583 4537 3724 4630 Fmd‘j’

2355 4651 2491 4705 abba
2524 4651 2608 4704 vel
2649 4666 2990 4707 successores
3020 4654 3104 4707 sui
3128 4654 3269 4722 ipsas
3293 4651 3428 4705 villas
3451 4640 3626 4714 superius
3638 4639 3723 4685 ἴων

2356 4750 2531 4802 natas.
2561 4741 2885 4797 Abaciacum
2915 4759 3036 4798 cum
3065 4747 3211 4800 omni
3251 4743 3513 4813 integritate
3529 4731 3726 4810 :3th

2357 4829 2512 4884 nibus
2555 4828 2868 4897 adjacentiis
2905 4832 3016 4886 suis
3057 4834 3141 4888 vel
3183 4830 3491 4904 appendiciis,
3528 4829 3640 4876 totum
3656 4816 3726 4898 eli“

2360 4919 2647 4988 ίηιθετιιω,
2697 4936 2811 4975 rem
2857 4923 3260 4991 inexquisitam;
3305 4937 3390 4978 seu
3429 4926 3474 4973 et
3505 4907 3725 4968 Silanam“

2362 5025 2497 5078 pago
2509 5007 2866 5073 Matriacensi,
2894 5011 2947 5064 id
2974 5020 3054 5066 est
3081 5029 3184 5066 una
3205 5027 3320 5066 cum
3341 5008 3489 5070 terris,
3513 4995 3670 5056 domibus
3683 4994 3724 5036 ⁵³⁸

2362 5101 2665 5169 perpositis,
2694 5102 2993 5165 accolabus,
3039 5103 3332 5173 mancipiis,
3354 5097 3510 5158 vineis,
3531 5084 3728 5173 silvis?”

2360 5167 2682 5258 ρίδν-Ρτθιίδν
2721 5191 2957 5258 PaSClliS'.
3005 5194 3159 5261 aquis
3197 5167 3485 5261 aquarumve
3521 5167 3725 5234 decursu)“;

2364 5280 2560 5335 vinetis
2583 5280 2665 5335 vel
2707 5281 3018 5346 subvinetis,
3068 5282 3324 5344 farinaris,
3361 5275 3557 5350 gregiva
3587 5264 3728 5350 Cum?

2364 5373 2600 5428 storibus
2627 5354 2909 5443 utriusque
2934 5375 3148 5445 generis,
3178 5383 3231 5429 et
3263 5347 3420 5436 sexus,
3454 5373 3499 5421 ei

2365 5464 2498 5521 Joba
2527 5480 2624 5535 per
2643 5480 2797 5520 suum
2821 5441 3202 5522 testamentum
3227 5466 3291 5520 ad
3317 5472 3468 5519 casam
3492 5445 3614 5509 nandi

2367 5558 2434 5612 sii
2477 5556 2848 5630 condonavit,_
2889 5558 2974 5614 vel
3024 5557 3138 5629 jam
3190 5566 3305 5614 ante
3336 5545 3613 5620 Chilperian
3640 5534 3727 5592 τεθείη

2373 5683 2474 5738 qua
2501 5667 2802 5724 Oltenetam
2852 5669 3042 5737 recipit
3077 5667 3377 5724 amniculum
3411 5655 3633 5714 Silvanedo
3655 5637 3723 5688 0³⁵³³

2371 5738 2619 5806 pendium
2641 5739 2946 5808 petentibus
2967 5739 3140 5792 obvia.
