3920 6310
214 406 339 482 {seu

198 544 596 596 antecessorem
641 547 904 602 nostrum,
950 547 1003 593 et
1048 539 1324 612 Hugonem
1375 550 1767 598 antecessorcm
1803 562 1842 613 Α

203 627 373 698 ipsius
408 620 623 681 Fulradi
666 627 848 681 abbati
895 629 1102 683 auctrix
1152 628 1324 696 affuit,
1360 631 1615 701 inspectis
1643 630 1773 700 ipsis

201 716 540 772 testamentis
568 725 756 771 contra
795 716 969 786 ipsum
1012 715 1368 774 Gislemarum
1403 721 1597 775 habeat
1625 720 1774 774 evin-

197 807 407 861 dicatas
441 815 599 876 atque
634 806 916 877 elidigatas
943 821 958 860 :
984 814 1041 862 et
1066 807 1139 863 sit
1161 808 1302 864 inter
1334 824 1428 865 eos
1453 810 1510 865 in
1536 818 1774 879 postmo-

196 898 325 951 dum
353 910 419 950 ex
449 894 549 949 hac
572 910 631 950 re
653 895 799 950 omni
827 902 1067 965 tempore
1095 898 1266 967 sopita
1292 898 1555 953 causatio.

269 1009 390 1065 Dat.
415 1020 439 1050 ι
465 1007 582 1063 Kal.
611 1006 831 1064 Martias
858 1024 1000 1064 anno
1030 1008 1206 1080 primo
1228 1009 1377 1081 regni
1407 1010 1598 1075 nostri,
1640 1010 1774 1065 Ver-

194 1098 366 1154 meria
396 1094 645 1153 feliciter.

946 1187 1035 1245 XI.

197 1322 524 1395 Prin-cptum
550 1322 766 1395 Pippini
789 1324 926 1393 regis
950 1323 1280 1395 impetratum
1304 1340 1338 1377 a
1363 1323 1648 1395 Sigobaldo
1678 1324 1770 1378 ab-

442 1392 559 1447 bate
586 1391 906 1448 Amaniensis
943 1391 1159 1449 corhobii
1191 1393 1351 1464 (anno
1378 1391 1522 1466 752).

394 1520 554 1583 (Apud
578 1519 889 1581 Martenium,
909 1527 1025 1572 tom.
1050 1521 1068 1570 l
1089 1520 1302 1583 ampliss.
1326 1520 1555 1583 Collect.)

266 1645 484 1699 Domnis
523 1643 723 1698 sanctis
747 1652 801 1697 et
825 1642 1136 1712 apostolicis
1174 1658 1237 1697 ac
1275 1640 1671 1696 vcnerabilibus
1714 1640 1768 1696 in

189 1735 409 1790 Christo
459 1733 711 1789 Patribus
757 1733 1008 1788 omnibus
1047 1732 1311 1811 episcopis
1360 1740 1414 1787 et
1455 1732 1768 1797 abbatibus,

190 1823 499 1889 comitibus,
544 1823 873 1888 domesticis,
908 1822 1147 1887 vicariis,
1174 1821 1515 1887 centenariis,
1546 1822 1631 1877 vel
1655 1837 1769 1876 om-

980 425 1241 497 PIPPINI,
1274 431 1762 488 CABOLOMANNI
1799 433 1887 487 ΕΤ
1926 432 2231 490 ALIORUM
2270 434 2683 491 DIPLOMATA.

3320 435 3456 493 I822

2595 549 2707 604 XII.

1878 655 2069 728 Regale
2112 669 2424 728 prwreptum
2476 657 2683 728 Pippirti
2728 657 3146 728 sueronifurio
3191 660 3254 713 d‘e
3304 678 3452 717 renus

2152 727 2385 782 ecclesia:
2406 729 2570 781 sancti
2594 727 2813 781 Martini
2834 727 2995 798 (anno
3021 727 3165 799 755).

2238 818 2256 877 (
2282 818 2421 878 Apud
2446 817 2505 866 D.
2530 817 2776 879 Bonquet,
2805 830 2869 865 ex
2902 816 3095 879 Beda.)

1941 896 2198 969 Pippinus
2218 913 2312 952 rex
2337 897 2687 953 Francorum.
2717 898 2913 954 Notum
2933 899 3005 955 sit
3022 900 3272 957 omnibus
3294 918 3449 975 agen-

1873 990 2016 1045 tibus
2059 990 2259 1046 nostris
2306 998 2419 1045 tam
2466 992 2843 1060 pmsentibus,
2890 1007 3053 1062 quam
3100 1001 3155 1048 et
3209 992 3445 1050 futuris:

1872 1077 2159 1155 Principali
2184 1081 2399 1151 quidem
2434 1082 2730 1138 clementiae
2773 1092 2998 1140 cunctos
3035 1085 3192 1141 decet
3234 1101 3475 1142 accom-_

1872 1173 2092 1226 modare
2142 1187 2329 1227 aurem
2381 1173 2667 1243 benignam
2692 1212 2710 1239 ,
2758 1175 3029 1244 praecipue
3085 1175 3300 1245 quando
3351 1191 3449 1247 per

1871 1262 2247 1332 compendium
2277 1262 2582 1318 animarum
2610 1278 2642 1317 a
2677 1263 3104 1333 praecedentibus
3143 1264 3360 1333 regibus
3391 1274 3445 1319 et

1870 1352 2201 1422 principibus
2236 1353 2553 1421 parentibus
2585 1353 2785 1408 nostris
2823 1353 2896 1409 ad
2940 1352 3059 1409 loca
3096 1352 3445 1408 ecclesiarum

1871 1442 2159 1511 probamus
2194 1457 2314 1498 esse
2341 1442 2565 1509 indulta,
2610 1443 2804 1499 devota
2838 1442 3100 1499 debemus
3123 1450 3303 1497 mente
3323 1456 3445 1512 per-

1869 1533 2126 1601 pendere,
2172 1540 2227 1587 et
2276 1548 2513 1605 congrua
2570 1534 2855 1601 beneﬁcia,
2910 1543 2974 1591 ut
3023 1548 3330 1590 mereamur
3378 1533 3445 1588 ad

1871 1624 2174 1678 mercedem
2198 1637 2319 1680 esse
2344 1624 2657 1694 participes,
2683 1640 2792 1680 non
2818 1640 3041 1695 negare,
3065 1624 3161 1680 sed
3185 1623 3447 1679 robustis-

1872 1714 2011 1770 simo
2026 1716 2149 1787 jure
2176 1717 2378 1772 nostris
2403 1716 2638 1772 oraculis
2665 1717 3004 1773 continuare.
3030 1716 3204 1787 Igitur
3233 1724 3447 1785 aposto-

1867 1805 2008 1881 licus
2034 1806 2118 1859 vir
2138 1815 2193 1860 et
2220 1807 2274 1860 in
2300 1806 2518 1862 Christo
2566 1806 2733 1861 Pater
2774 1806 3080 1862 Bonifacius
3118 1807 3268 1862 urbis
3316 1805 3463 1872 'l‘ra-~

190 1916 354 1972 nibus
406 1915 612 1986 agentis
666 1914 885 1977 nostris,
928 1921 1038 1967 tam
1088 1914 1371 1984 praesentis
1415 1929 1579 1984 quam
1624 1911 1754 1969 futu-

1863 1895 2120 1966 jectensis
2145 1897 2427 1968 episcopus
2464 1898 2626 1969 regia:
2669 1906 2867 1953 nostrae
2903 1897 3199 1953 clementia:
3228 1910 3447 1967 sugges-

190 2006 290 2072 ris,
339 2004 564 2060 inlustcr
605 2005 687 2060 vir
729 2004 986 2076 Pippinns
1026 2020 1122 2061 rex
1149 2004 1478 2062 Francorum
1511 2007 1646 2062 bene
1675 2023 1768 2062 cu-

187 2095 345 2167 piens
368 2105 568 2151 vester.

263 2204 571 2275 Comperiat
600 2204 838 2260 cbaritas
865 2220 958 2261 seu
991 2203 1252 2260 industria
1294 2214 1488 2271 vestra,
1521 2207 1648 2276 quia
1678 2206 1767 2262 Si-

185 2294 446 2366 gobaldus
482 2295 649 2350 abbas
690 2296 756 2351 de
802 2296 1125 2351 monasterio
1171 2296 1414 2362 Anisola,
1456 2298 1549 2367 qni
1589 2307 1672 2354 est
1710 2299 1764 2354 in

183 2386 392 2443 honore
426 2386 618 2465 .saacti
663 2385 878 2442 Carileﬁ
925 2385 1253 2445 confessoris
1307 2398 1650 2445 constructus
1709 2391 1763 2446 in

181 2489 321 2546 pago
366 2474 722 2531 Cenomanico
746 2514 761 2541 ,
816 2477 873 2531 in
898 2478 1112 2532 condita
1158 2477 1504 2542 Labrocinsc,
1554 2480 1622 2535 ad
1665 2496 1764 2536 nos

182 2565 350 2629 venit,
396 2572 454 2619 et
500 2564 568 2619 de
609 2580 707 2621 sua
739 2565 956 2635 propria
998 2573 1266 2634 potestate
1309 2567 1676 2636 semetipsum,
1708 2577 1764 2623 et

178 2652 327 2708 illam
369 2654 840 2724 congregationem
886 2662 1152 2721 sanctam,
1203 2671 1364 2724 quam
1414 2656 1467 2710 in
1520 2658 1761 2728 regimen

178 2745 364 2810 habet,
394 2752 450 2799 et
478 2759 668 2800 omnes
702 2759 789 2799 res
812 2758 999 2799 eorum
1029 2744 1083 2799 in
1117 2760 1280 2800 manu
1322 2753 1506 2801 nostra
1547 2747 1758 2817 plenius

174 2834 606 2902 commendavit;
648 2843 705 2891 et
745 2850 846 2890 nos
872 2836 1104 2906 gratanti
1135 2836 1315 2892 animo
1344 2837 1519 2908 ipsum
1547 2846 1602 2893 et
1628 2855 1758 2894 con—

173 2926 542 2996 gregationem
573 2924 689 2993 ejus
712 2925 768 2980 in
792 2934 977 2980 nostro
1016 2925 1387 2981 mundeburdo
1421 2927 1756 2997 suscepimus

173 3021 232 3071 et
254 3013 589 3069 retinemus:
617 3020 674 3068 et
713 3014 817 3070 hoc
860 3013 1037 3084 petiit,
1061 3015 1205 3084 quod
1239 3015 1533 3071 humanum
1561 3024 1664 3082 est,
1695 3027 1755 3072 ut

172 3102 390 3173 quando
427 3103 540 3173 ipse
578 3103 744 3158 abbas
768 3103 835 3158 de
863 3103 965 3158 hac
999 3102 1119 3158 luce
1146 3103 1476 3170 discesserit,
1516 3104 1602 3160 vel
1632 3120 1753 3160 sur,

173 3208 419 3250 cessores
443 3193 560 3265 ejus
591 3194 683 3264 qui
710 3202 832 3265 post
856 3208 979 3249 eum
1004 3195 1179 3250 bonus
1205 3195 1433 3252 abbatis:
1462 3197 1745 3266 recipiunt,

171 3292 233 3338 ut
254 3282 391 3339 alius
418 3284 557 3339 abba
586 3283 641 3337 in
671 3284 788 3354 ipsa
817 3298 941 3338 casa
985 3284 1156 3339 sancti
1188 3283 1402 3340 Carileﬁ
1439 3300 1546 3341 non
1573 3286 1750 3357 ingre-

171 3373 372 3437 diatur,
401 3372 507 3428 nisi
537 3373 679 3443 quod
720 3374 838 3444 ipsa
876 3381 1062 3429 sancta
1088 3374 1435 3445 congregatio
1463 3374 1530 3430 de
1558 3383 1756 3430 semet-

171 3464 306 3534 rpsis
335 3462 557 3534 eligunt,
590 3463 766 3534 ipsum
793 3461 1025 3517 habeant
1045 3461 1316 3518 abbatem.
1345 3462 1635 3533 Propterea
1660 3463 1752 3517 lit-

168 3568 316 3609 teras
353 3560 568 3609 nostras
610 3568 773 3608 manu
800 3560 987 3607 nostra
1019 3551 1261 3608 ﬁrmatas
1285 3552 1461 3609 eidem
1484 3540 1749 3620 dedimus,

161 3654 266 3715 per
300 3659 461 3715 quem
504 3642 684 3717 [quas]
724 3644 943 3700 omhino
965 3643 1119 3699 vobis
1144 3657 1397 3713 rogamus
1425 3652 1587 3714 atque
1613 3659 1752 3713 prte-

165 3735 395 3806 cipimus
416 3743 475 3789 ut
502 3750 671 3805 neque
698 3750 815 3801 vos,
859 3750 1032 3806 neque
1070 3733 1316 3804 juniores
1343 3743 1436 3791 aut
1456 3750 1732 3790 successo-

169 3842 255 3882 res
280 3825 444 3882 vestri
471 3824 753 3881 abbatibus
792 3826 963 3896 Ipsius
994 3825 1118 3891 loci,
1148 3839 1245 3882 nec
1285 3825 1441 3881 mitio
1467 3824 1749 3896 potestatis

166 3917 403 3985 illorum,
443 3934 545 3974 nec
588 3918 896 3975 hominibus
931 3918 1023 3989 qui
1059 3933 1156 3990 per
1189 3919 1336 3990 ipsos
1377 3918 1585 3988 legibus
1621 3932 1747 3989 spe-

170 4025 295 4066 rare
342 3996 613 4075 videntur,
656 4009 959 4080 inquietare
999 4007 1085 4063 vel
1126 4009 1506 4074 condemnare,
1548 4021 1649 4062 nec
1683 4007 1748 4067 de

1870 1983 1971 2056 siti,
2018 2001 2116 2052 eo,
2166 1988 2310 2056 quod
2354 1996 2726 2042 antecessores
2776 1987 2985 2055 nostri,
3030 1986 3115 2041 vel
3158 1994 3444 2057 parentes.

1868 2076 2173 2134 Clotharius
2206 2082 2477 2149 quondam
2519 2094 2638 2144 rex,
2668 2086 2725 2133 et
2751 2077 3149 2134 Tbeodebertus
3173 2076 3445 2147 quondam

1867 2181 1966 2238 per
1996 2170 2351 2226 authoritates
2390 2184 2577 2224 eorum
2623 2185 2784 2223 manu
2827 2168 3177 2239 subscriptas,
3210 2167 3276 2222 de
3302 2165 3444 2222 villis

1867 2261 2108 2317 ecclesiae
2139 2260 2310 2315 sancti
2340 2258 2555 2314 Martini
2583 2274 2720 2329 quas
2750 2259 2816 2314 ad
2852 2274 3091 2328 praesens
3113 2256 3439 2329 possidebat,

1864 2350 1949 2405 vel
1979 2351 2045 2404 de
2071 2365 2137 2405 eo
2161 2350 2302 2419 quod
2330 2364 2360 2403 a
2392 2348 2502 2405 Deo
2531 2349 2845 2405 timentibus
2886 2347 3195 2404 hominibus
3241 2346 3439 2403 ibidem

1864 2440 2080 2495 inantea
2124 2440 2480 2511 delegaretur,
2543 2439 2750 2510 integra
2795 2446 2848 2493 et
2890 2438 3169 2493 imminuta
3223 2452 3444 2493 conces-

1862 2534 2076 2596 sissent,
2111 2542 2169 2587 ut
2195 2532 2379 2587 nullux
2408 2529 2572 2600 judex
2612 2530 2860 2601 publicus
2898 2532 2967 2585 ad
3002 2544 3195 2585 causas
3220 2529 3442 2583 audien-

1863 2622 2123 2687 dumkvel
2153 2621 2302 2678 freda
2332 2622 2675 2694 exigendum,
2707 2637 2808 2677 nec
2837 2620 3146 2676 mansiones
3170 2619 3255 2674 vel
3284 2620 3454 2688 para-‘

1863 2720 1944 2765 tas
1969 2710 2288 2776 faciendum,
2324 2728 2424 2767 nec
2457 2710 2800 2781 ﬁdejussores
2838 2712 3151 2776 tollendum,
3206 2725 3307 2765 nec
3344 2710 3441 2765 ho-

1861 2801 2036 2856 mines
2074 2800 2242 2870 ipsius
2281 2801 2523 2856 ecclesia:
2556 2802 2620 2886 de
2662 2802 2905 2873 qualibet
2933 2817 3093 2858 causa
3113 2801 3439 2871 distringen-

1859 2891 2004 2955 dnm,
2054 2906 2157 2946 nec
2210 2891 2316 2945 ulla
2372 2890 2733 2947 redhibitione
2784 2892 3183 2963 requirendum,
3231 2890 3435 2961 ingredi

1856 2983 2055 3039 ibidem
2077 2999 2180 3039 non
2210 2984 2477 3050 debeant;
2502 2983 2645 3040 unde
2663 2993 2718 3039 ct
2748 2985 2891 3055 ipsas
2919 2983 3304 3056 prmeeptiones
3320 2980 3434 3052 jam

1857 3074 2123 3129 dictorum
2156 3073 2482 3144 principum,
2525 3089 2617 3129 seu
2647 3082 2703 3129 et
2740 3073 3175 3129 couﬁrmationes
3220 3072 3433 3128 illorum

1857 3178 2067 3236 regum,
2097 3177 2285 3218 eorum
2322 3164 2571 3219 manibus
2594 3163 2896 3228 roboratas,
2929 3162 3235 3219 antedictus
3258 3162 3437 3232 ponti-

1777 3252 1825 3318 C
1854 3257 1942 3313 fex
1982 3255 2290 3311 Bonifacius
2331 3255 2487 3311 nobis
2529 3255 2765 3311 ostendit
2804 3255 3138 3349 relegenélas,
3175 3261 3231 3309 et
3259 3254 3434 3324 ipsum

1856 3348 2175 3405 beneﬁcium
2205 3346 2348 3403 circa
2385 3348 2610 3403 eandem
2658 3347 2941 3403 ecclesiam
2982 3345 3153 3402 sancti
3197 3345 3427 3403 Martini.

1854 3438 1995 3495 sicut
2046 3454 2076 3493 a
2124 3435 2444 3507 supradictis
2473 3436 2804 3506 principibus
2852 3435 2951 3491 fuit
3005 3434 3270 3490 indultum
3318 3448 3432 3488 mo-

1853 3531 2022 3585 derno
2064 3538 2305 3599 tempore
2345 3529 2537 3584 asserit
2579 3543 2697 3583 esse
2742 3536 3135 3583 conservatum.
3188 3524 3293 3581 Sed
3334 3540 3433 3594 pro

1853 3622 2125 3677 firmitatis
2169 3622 2346 3676 studio
2385 3621 2538 3691 petiit
2566 3619 2933 3676 celsitudinem
2974 3626 3215 3674 nostram
3243 3630 3302 3672 ut
3326 3617 3431 3685 hoc

1851 3713 2027 3769 denuo
2054 3713 2201 3768 circa
2240 3712 2464 3767 eandem
2495 3726 2655 3781 supra
2684 3718 3036 3766 memoratam
3076 3707 3247 3763 sancti
3289 3705 3429 3760 Mar-

1849 3804 1947 3858 tini
1976 3803 2259 3859 ecclesiam
2291 3810 2475 3857 nostra
2497 3800 2745 3857 debuerit
2772 3799 3077 3855 authoritas
3103 3794 3426 3869 generaliter

1849 3895 2189 3952 conﬁrmare.
2218 3894 2383 3964 Cujus
2419 3894 2738 3965 petitionem
2776 3906 2878 3963 pro
2914 3890 3216 3947 reverentia
3257 3888 3428 3959 ipsius

1848 3988 2018 4044 sancti
2048 3988 2171 4053 loci,
2201 3994 2261 4042 ut
2283 4002 2590 4042 mereamur
2617 3985 2683 4042 ad
2708 3982 3011 4040 mercedem
3049 3981 3266 4047 sociari,
3315 3979 3419 4050 ple-

164 4106 328 4162 κως
353 4104 466 4159 suis
484 4070 800 4159 οδείηιιεή
823 4116 922 4156 nec
954 4101 1198 4156 minuere
1225 4070 1584 4171 ρι-ωωηηίίε,
1617 4098 1741 4161 nisi,
1849 4083 2125 4139 nissimam
2154 4081 2483 4136 voluntatem
2517 4078 2618 4134 visi
2648 4090 2833 4171 sumus
2861 4075 3199 4171 praestitisse,
3242 4070 3328 4128 vel
3370 4070 3423 4124 in

166 4204 227 4252 ut
254 4195 508 4260 diximus,
554 4194 716 4249 liceat
758 4191 840 4248 eis
883 4190 984 4246 sub
1020 4166 1622 4244 nostro—mundeburde
1662 4188 1746 4242 vel

1860 4174 2093 4229 )mnibus
2137 4172 2478 4235 conﬁrmare,
2526 4169 2852 4241 cognoscite.
2893 4166 3273 4236 Pnecipientes
3292 4178 3425 4233 ergo

160 4285 474 4345 defensione
493 4255 715 4357 plenius
741 4283 925 4354 quieto
953 4281 1144 4337 ordine
1167 4281 1348 4336 vivere
1372 4279 1456 4334 vel
1481 4278 1741 4342 residere,

1866 4264 2111 4327 abemus,
2148 4272 2209 4317 ut
2235 4263 2376 4318 sicut
2408 4269 2617 4316 constat
2641 4261 2709 4315 ab
2765 4259 3052 4315 antedictis
3088 4255 3421 4329 principibus

159 4385 219 4433 et
240 4390 339 4447 pro
365 4348 522 4431 nobis
551 4348 777 4429 Damiui-
790 4371 1216 4429 misericordiam
1252 4369 1513 4425 attentius
1541 4367 1744 4439 jugiter
1843 4357 1907 4447 dt?
1930 4354 2073 4411 Villis
2092 4352 2329 4447 [trierat-'1:
2351 4353 2592 4447 ecclesia:
2605 4350 2914 4447 All-Martini
2928 4350 3207 4447 integram
3233 4348 3425 4402 immu«

159 4437 494 4536 deprecare:
521 4471 577 4518 et
602 4462 648 4517 si
678 4461 812 4518 tales
839 4475 1017 4517 causa:
1048 4460 1304 4516 adversus
1327 4437 1556 4514 abbatcs
1575 4437 1741 4527 ipsius
1841 4444 2075 4539 ξιῑιθιειιξ
2111 4441 2315 4512 absque
2351 4439 2573 4539 ίιιξςοίιιι
2598 4440 2840 4539 ἱξάίοξιω
2867 4437 3032 4539 fuisse
3067 4449 3412 4539 concessum;

159 4529 477 4609 monasterii
512 4550 580 4607 ab
606 4550 760 4606 hoste
800 4546 1020 4614 fuerint,
1069 4555 1163 4603 aut
1209 4547 1274 4604 de
1326 4545 1572 4602 homines
1613 4559 1740 4600 suos

1866 4544 1916 4590 ta
1950 4542 2010 4588 ut
2060 4533 2272 4588 inantea
2300 4531 2592 4587 auxiliante
2620 4530 2868 4595 Domino,
2901 4529 3155 4600 inspecta
3179 4529 3419 4596 priorum

157 4599 518 4707 surrexerint,
544 4656 679 4712 quas
708 4639 763 4695 in
784 4655 924 4711 pago
950 4599 1153 4709 absque
1176 4653 1274 4693 suo
1311 4636 1561 4707 dipondio
1588 4644 1735 4692 recte
1769 4599 1816 4657 θ
1840 4624 2142 4695 principum
2184 4623 2537 4679 auctoritates
2579 4621 2889 4678 omnimodo
2928 4624 3333 4712 conserventur,

156 4744 217 4793 ct
240 4707 628 4790 rationabiliter
652 4707 900 4788 delia—itas
921 4748 1026 4788 non
1056 4707 1275 4795 fuerint,
1296 4746 1390 4786 eas
1414 4745 1582 4800 usque
1608 4737 1734 4785 ante
1840 4732 2014 4788 neriue
2033 4733 2151 4781 "03’
2179 4730 2351 4789 neque
2379 4716 2623 4787 Ῑυηῖοτθδ
2647 4726 3092 4783 successoresque
3118 4707 3304 4775 "33m,
3331 4707 3415 4763 *⁸³

158 4839 263 4882 nos
282 4824 605 4880 omnimodis
632 4824 740 4879 sint
767 4837 1055 4893 suspensas
1073 4822 1155 4877 vel
1184 4830 1487 4884 reserans;
1515 4828 1571 4875 ει
1594 4828 1735 4889 post.
1839 4809 1976 4864 ullus
2001 4807 2226 4878 quilibet
2271 4808 2337 4863 de
2374 4806 2657 4879 judiciaria
2703 4812 2969 4877 potestate
2998 4805 3051 4859 in
3086 4802 3240 4858 villas
3262 4807 3414 4856 ante-

154 4930 223 4970 ea
251 4922 377 4968 ante
405 4927 504 4967 nos
532 4926 629 4982 per
655 4911 827 4981 legem
853 4920 909 4966 et
928 4910 1194 4982 justitiam
1221 4909 1486 4979 accipiant
1520 4916 1733 4964 sentcn-
1839 4899 1994 4954 dictae
2023 4899 2283 4962 ccclesite,
2311 4912 2447 4969 quas
2474 4897 2733 4954 moderno
2758 4904 3000 4966 tempore
3022 4895 3327 4965 ubicunque
3356 4893 3410 4947 in

158 5006 333 5069 nam;
373 5012 427 5058 ει
456 5012 517 5058 ιιι
545 5003 747 5060 ceruus
780 5002 1034 5067 credatis,
1080 5017 1241 5057 ιιηηιι
1283 5000 1497 5070 propria
1522 5000 1739 5053 subter-
1840 5004 2006 5059 regno
2070 4998 2257 5043 nostro
2317 4996 2617 5042 noscuntur
2657 4986 2933 5057 possidere
2986 4984 3068 5038 vel
3114 4984 3325 5038 inantea
3381 4999 3410 5036 a

156 5094 513 5158 ﬁrmavimus,
539 5101 594 5148 et
619 5093 684 5148 de
711 5093 872 5149 anulo
899 5101 1086 5149 nostro
1106 5091 1476 5163 sigillavimus.

233 5184 453 5255 Signum
480 5183 687 5255 Pippini
713 5184 857 5252 regis
881 5173 1234 5239 Francorum.

230 5274 566 5347 Chrodingus
587 5274 771 5344 jussus
790 5273 1121 5344 recognovit.

233 5367 364 5423 Data
394 5383 566 5424 mens.
600 5365 769 5438 April.
800 5363 888 5421 die
908 5363 979 5419 25
1009 5363 1066 5419 in
1087 5378 1229 5420 anno
1260 5363 1432 5434 primo
1474 5368 1733 5435 regnante

153 5459 386 5532 Pippino
406 5474 551 5531 rege.
578 5457 771 5514 Actum
800 5456 866 5512 ad
889 5455 1154 5511 Arestalio
1178 5455 1376 5526 palatio
1402 5455 1633 5525 publico.

1839 5080 2003 5134 Deum
2047 5077 2361 5132 timentibus
2406 5077 2712 5132 hominibus
2740 5076 2937 5131 ibidem
2978 5075 3176 5131 fuerint
3202 5074 3409 5130 collata:

1836 5181 1927 5226 aut
1966 5170 2257 5232 collaturae.
2300 5178 2409 5225 tam
2446 5170 2513 5226 de
2552 5171 2797 5241 ingenuis
2824 5186 2985 5241 quam
3034 5169 3103 5225 de
3129 5168 3411 5226 servienti-

1837 5262 1957 5326 bus,
1985 5260 2069 5317 vel
2099 5262 2165 5316 de
2192 5261 2429 5332 qualibet
2469 5261 2684 5316 natione
2724 5260 3001 5316 hominum
3041 5259 3096 5315 in
3138 5260 3410 5329 praedictis

1838 5353 2003 5423 ipsius
2033 5353 2271 5408 ecclesiae
2309 5351 2449 5406 villis
2494 5349 2971 5411 commanentibus,
3005 5351 3145 5421 quod
3175 5348 3410 5420 legitime

1844 5444 1910 5499 ad
1944 5443 2117 5513 ipsum
2163 5443 2525 5513 episcopatum
2570 5441 2653 5496 vel
2701 5441 2870 5511 ipsam
2912 5440 3191 5497 ecclesiam
3241 5440 3409 5495 sancti

1843 5531 2053 5587 Martini
2077 5531 2313 5601 legitimo
2345 5530 2535 5586 redibit
2565 5531 2743 5596 initio,
2767 5546 2867 5587 nec
2886 5531 2952 5586 ad
2983 5545 3174 5586 causas
3193 5527 3410 5583 audien-

1841 5620 1967 5675 dum
1992 5663 2006 5681 .
2055 5635 2153 5675 nec
2201 5618 2346 5675 freda
2398 5621 2739 5691 exigendum,
2781 5634 2881 5676 nec
2925 5618 3265 5689 ﬁdejussorcs
3302 5613 3405 5669 tol-

160 5831 195 5886 d
231 5772 258 5802 II
287 5758 345 5815 Si
372 5766 510 5882 tpost
551 5757 819 5815 Kalendas
854 5757 1071 5817 Martias
1113 5758 1239 5815 anni
1290 5756 1390 5812 752
1443 5762 1731 5813 coronatus
1765 5762 1849 5812 est
1910 5756 2187 5829 Pippinus,
2232 5758 2336 5814 hoc
2382 5756 2639 5829 placitum
2675 5758 2728 5813 in
2772 5773 2970 5814 annum
3001 5756 3104 5812 753
3162 5753 3410 5825 rejicien-

200 5846 368 5885 mnes
396 5868 409 5883 .

200 5847 289 5885 um
310 5846 409 5884 (.‘Sl.
