3920 6310
511 371 656 432 1525

1507 371 1779 440 84⁸20011
1809 373 1920 430 VIII
1959 371 2395 430 MONUMENTA
2435 371 2769 430 SELECTA.

3656 367 3765 426 ιω

505 483 746 548 lendum,
783 495 884 537 nec
913 480 1221 536 mansiones
1251 487 1345 534 aut
1367 488 1588 549 paratas
1624 479 1953 548 faciendum,
1990 495 2090 536 nec
2119 486 2168 546 Α
2193 489 2254 535 ut
2287 480 2389 549 hoc
2431 481 2608 537 denuo
2641 473 2798 537 hcirca
2847 477 3026 551 ipsum
3073 475 3480 533 monasterium
3525 473 3613 529 vel
3651 475 3767 546 ipsa:

504 573 754 632 homines
785 571 956 642 ipsius
991 571 1232 628 ecclesia:
1275 570 1341 625 de
1379 571 1624 640 qualibet
1671 587 1836 627 causa
1874 571 2097 628 distrin-

503 664 762 736 gendnm,
791 672 896 717 nec
926 661 1038 716 ulla
1071 660 1432 716 redhibitione
1469 661 1851 732 requirendum
1885 660 2094 732 ingredi

507 771 615 810 non
655 751 1010 823 praesumatis,
1061 749 1156 806 sed
1200 750 1342 806 sicut
1381 751 1499 822 ipsa
1549 750 1810 807 beneﬁcia
1864 752 1933 806 ab
1980 752 2092 824 jam

503 847 664 902 dictis
703 841 1040 916 principibus
1094 843 1164 898 ad
1213 857 1374 912 supra
1416 843 1754 900 nominatam
1807 845 2092 902 ecclesiam

501 936 723 992 fuerunt
777 932 999 997 indulta,
1045 940 1100 988 et
1137 947 1308 1003 usque
1356 947 1503 988 nunc
1541 943 1879 999 conservata,
1923 935 1997 990 ita
2038 947 2095 994 et

499 1026 755 1096 deinceps
801 1031 1195 1098 conserventur
1218 1065 1232 1088 ,
1292 1029 1347 1076 et
1389 1023 1778 1094 qualiscunque
1821 1024 2091 1095 superﬂua

499 1129 664 1187 super
703 1117 843 1171 hanc
885 1123 1126 1169 nostram
1169 1114 1575 1180 authoritatem,
1618 1115 1853 1186 generali
1894 1103 2092 1172 conﬁr-

499 1209 737 1266 matione
786 1210 841 1265 in
887 1209 983 1264 Dei
1025 1209 1243 1266 nomine
1281 1209 1594 1279 perenniter
1624 1217 1880 1265 maneant
1900 1209 2092 1266 incon-.

499 1301 670 1359 vulsa.
713 1309 771 1356 et
811 1300 1068 1372 quicquid
1103 1301 1301 1357 exinde
1329 1302 1491 1356 ﬁscus
1518 1310 1705 1358 noster
1720 1309 1938 1372 poterat
1964 1318 2090 1372 spe-

499 1406 622 1446 rare
645 1391 700 1446 in
721 1391 1081 1449 luminaribns
1113 1392 1358 1449 ecclesiae
1391 1393 1446 1449 in
1487 1403 1806 1464 perpetuum
1838 1395 2088 1464 proﬁciat

496 1481 554 1536 in
591 1485 912 1554 augmentis,
951 1491 1008 1540 et
1036 1491 1093 1539 ut
1114 1485 1240 1540 haec
1262 1484 1566 1540 author-itas
1593 1493 1701 1540 tam
1733 1486 2088 1556 praesentibus

497 1587 660 1644 quam
698 1583 754 1630 et
788 1574 985 1632 litteris
1031 1576 1390 1648 temporibus,
1442 1577 1554 1633 Deo
1601 1577 1866 1648 adiutore,
1913 1579 2088 1649 possit

495 1669 766 1730 mutare,
817 1667 1005 1724 subter
1042 1679 1163 1722 eam
1209 1680 1372 1722 manu
1397 1668 1613 1739 propria
1645 1669 1982 1724 decrevimus
2004 1684 2088 1724 ro-

496 1754 712 1814 borare.

571 1843 798 1916 Signum
823 1846 1042 1918 gloriosi
1071 1846 1244 1918 Pipini
1276 1849 1420 1920 regis
1450 1848 1807 1905 Francorum.

515 1959 522 1966 -
571 1933 921 1995 Wineramus
950 1941 1262 2011 recognovi.

1221 2055 1356 2111 XIII.

493 2141 820 2215 Prceceptum
843 2143 1056 2218 Pippim'
1084 2146 1725 2294 rzgnzrgsg‘orbacemi
1766 2153 2083 2207 monasterio

1143 2233 1282 2271 anno
1314 2233 1459 2275 1001.

615 2323 778 2388 (Apud
797 2323 860 2376 Ι).
887 2325 1131 2390 Bonquet,
1160 2327 1356 2383 Remieil
1395 2335 1482 2383 dea
1507 2331 1633 2384 Hist.
1659 2332 1721 2384 de
1742 2331 1976 2398 France.)

561 2419 820 2512 Pippinus
873 2446 970 2485 rex
1017 2429 1352 2491 Francorum
1402 2435 1485 2491 vir
1511 2435 1754 2492 illustris.
1793 2435 2080 2507 Principali

489 2515 707 2589 qvidem
767 2519 1071 2582 clementiae
1115 2535 1434 2582 cunctorum
1473 2527 1630 2583 decet
1670 2529 2084 2588 accommodare

488 2626 676 2684 aurem
715 2613 1036 2689 benignam,
1079 2619 1454 2691 praecipueque
1494 2633 1594 2688 pro
1621 2618 1940 2689 compendio
1965 2619 2082 2674 ani-

490 2719 704 2764 marum
731 2724 774 2767 ,a
803 2709 1232 2779 praecedentibus
1269 2709 1486 2780 regibus
1514 2709 1950 2764 antecessoribus
1984 2724 2083 2764 no-

489 2797 620 2852 stris
643 2797 714 2853 ad
746 2797 866 2856 loca
903 2798 1256 2854 ecclesiarum
1297 2798 1589 2868 probamus
1629 2811 1750 2853 esse
1789 2795 2076 2862 indultum,

487 2889 679 2965 devota
714 2888 972 2947 debemus
1001 2897 1182 2944 mente
1205 2888 1567 2960 perpendere,
1601 2897 1657 2946 et
1691 2898 1884 2945 cuncta
1910 2889 2076 2944 bene-

487 2979 642 3056 ficia,
709 2989 771 3034 ut
808 2995 1116 3039 mereamur
1157 2980 1226 3036 ad
1269 2979 1574 3036 mercedem
1611 2996 1735 3038 esse
1760 2981 2074 3052 participes,

487 3087 594 3134 non
625 3087 855 3144 negare;
897 3075 992 3130 sed
1023 3073 1402 3130 robustissimo
1434 3071 1560 3142 jure
1599 3089 1698 3146 pro
1723 3075 1924 3130 nostris
1954 3089 2078 3131 ora-

487 3163 626 3228 culis
647 3164 992 3226 conﬁrmare.
1033 3154 1202 3237 igitur
1233 3177 1259 3206 ι
1291 3161 1646 3222 Baldebertus
1690 3165 1774 3221 vir
1795 3166 2078 3222 venerabi-

434 3280 446 3290 ο
485 3255 554 3328 lis
579 3257 722 3314 dono
745 3257 840 3314 Dei
865 3257 1034 3314 abbas
1060 3258 1128 3314 de
1155 3257 1484 3313 monasterio
1509 3246 2076 3330 Vivaria-Peregrino-

486 3364 640 3414 rnm,
677 3349 772 3425 qui
803 3349 1020 3420 ponitur
1060 3349 1115 3404 in
1147 3335 1286 3421 pago
1329 3349 1617 3406 Alsasense
1655 3365 1818 3421 super
1857 3350 2076 3405 ﬂuvium

485 3435 729 3503 hiet-bac,
762 3439 854 3509 qui
893 3447 978 3496 est
1019 3448 1364 3496 constructus
1411 3441 1467 3495 in
1509 3439 1716 3496 honore
1745 3441 1918 3496 sancti
1947 3437 2078 3494 Leo-

481 3527 692 3600 degarii
720 3539 776 3586 et
807 3532 978 3586 sancti
1005 3529 1152 3586 Petri
1191 3531 1420 3602 apostoli
1447 3539 1502 3587 et
1529 3538 1730 3587 sanctae
1759 3530 1942 3587 Maria:
1974 3546 2075 3587 cae-

482 3628 834 3690 terorumque
863 3630 1204 3688 sanctorum,
1237 3622 1328 3677 ubi
1355 3622 1470 3694 ipse
1505 3637 1627 3677 cum
1657 3622 1814 3678 turba
1842 3621 2076 3694 plurima

486 3710 874 3766 monachorum
898 3710 1174 3767 deservire
1187 3711 1450 3776 noscitur,
1475 3711 1776 3766 clementia
1798 3712 1950 3783 regni
1976 3726 2077 3767 no-

483 3800 582 3860 Slri
613 3801 879 3870 suggessit
915 3817 981 3856 eo
1021 3803 1164 3870 quod
1203 3803 1374 3858 nostri
1399 3810 1770 3858 antecessores
1803 3803 2074 3872 quondam

483 3902 579 3962 per
607 3889 1175 3946 eorum'anthoritates
1219 3890 1430 3946 illorum
1471 3893 1722 3948 manibus
1743 3893 2076 3965 subscriptas

483 3979 551 4034 de
577 3976 720 4033 villis
748 3979 917 4048 ipsius
943 3988 1142 4034 sanctae
1170 3979 1442 4046 ecclesiae,
1473 3982 1616 4051 quod
1645 3981 1824 4056 [quas]
1851 3984 1919 4040 ad
1937 4001 2076 4055 prae-

482 4084 610 4123 sens
632 4069 968 4139 possidebat,
1008 4079 1117 4126 tam
1151 4087 1220 4127 ex
1260 4071 1580 4129 muneribus
1614 4073 1948 4144 principum,
1979 4089 2072 4130 seu

482 4151 784 4220 Eberhardi
819 4166 910 4236 qui
938 4165 1114 4238 ipsum
1153 4167 1543 4223 monasterium
1579 4168 1633 4224 in
1660 4184 1756 4225 sua
1781 4167 2072 4224 elemosina

480 4245 764 4324 fundavit,
819 4273 981 4327 quam
1026 4273 1094 4313 ex
1136 4259 1452 4331 pagensium
1495 4257 1778 4332 largitate,
1813 4260 1899 4316 vel
1929 4261 2073 4330 quod

479 4343 699 4400 inantea
725 4361 756 4399 a
795 4343 1312 4413 Deum-timentibus
1336 4349 1647 4405 hominibus
1678 4349 1876 4406 ibidem
1919 4350 2074 4405 dele-

477 4444 664 4510 gatum
683 4437 808 4502 fuit,
831 4423 1041 4512 integra
1069 4438 1366 4496 emunitate
1389 4441 1804 4509 concessissent,
1818 4448 1879 4496 ut
1893 4441 2072 4498 nullus

473 4524 638 4598 iudex
660 4515 917 4598 publicus
937 4529 993 4584 in
1014 4527 1158 4584 villis
1183 4529 1268 4584 vel
1294 4529 1457 4586 rebus
1477 4531 1646 4602 ipsius
1668 4532 1910 4588 ecclesia:
1931 4548 2064 4600 sum,

480 4633 580 4676 nec
623 4621 691 4674 ad
729 4634 924 4676 causas
955 4619 1282 4688 audiendas,
1314 4637 1414 4678 nec
1461 4621 1614 4678 freda
1653 4623 1936 4695 exigenda,
1965 4639 2067 4681 nec

479 4713 789 4768 mansiones
835 4721 929 4768 aut
976 4723 1195 4784 paratas
1225 4713 1521 4782 faciendas,
1574 4730 1676 4772 nec
1721 4715 2063 4787 ﬁdeiussores

477 4803 800 4868 tollendum,
834 4820 935 4860 nec
959 4805 1208 4865 homines
1233 4809 1402 4878 ipsius
1436 4809 1680 4865 ecclesiae
1707 4809 1772 4864 de
1805 4810 2066 4880 quibusli-

473 4895 568 4950 bet
587 4897 768 4952 causis
805 4896 1231 4970 distringendum
1256 4916 1410 4964 ,.nec
1446 4900 1611 4956 ullam
1653 4902 2062 4958 retributionem

475 4987 858 5055 requirendum
883 5021 914 5056 ,ι
948 4990 1145 5046 ibidem
1192 4991 1474 5064 ingredere
1513 5010 1622 5050 non
1653 4996 1869 5052 audeat.
1911 4995 2064 5052 Unde

475 5074 647 5146 ipsam
668 5079 1088 5150 prmceptionem
1121 5085 1556 5140 antecessoribus
1591 5085 1794 5142 nostris
1833 5083 1946 5155 jam
1988 5087 2068 5141 di-

473 5165 580 5225 ctis
601 5166 1116 5239 [antecessorum....
1145 5173 1470 5250 dictorum],
1515 5191 1609 5232 seu
1639 5185 1694 5232 et
1723 5193 1914 5234 eorum
1937 5193 2066 5234 con-

475 5259 837 5316 ﬁrmationem
879 5266 1186 5322 antedictus
1231 5267 1369 5324 abba
1406 5267 1759 5326 Baldebertus
1789 5278 1968 5325 rector
2001 5272 2066 5325 de

475 5352 593 5420 ipso
626 5355 954 5410 monasterio
1001 5359 1160 5415 nobis
1202 5360 1437 5416 ostendit
1479 5362 1547 5417 ad
1583 5361 1929 5434 relegendum
1954 5403 1970 5430 ,
2010 5373 2064 5418 et

473 5443 648 5513 ipsum
673 5443 994 5502 beneﬁcium
1038 5449 1183 5507 circa
1221 5452 1468 5509 eamdem
1510 5463 1865 5510 memoratam
1893 5455 2065 5511 eccle-

473 5534 613 5589 siam
659 5534 829 5604 ipsius
869 5553 1040 5611 usque
1085 5557 1229 5599 nunc
1265 5545 1462 5600 asserit
1503 5560 1624 5600 esse
1661 5555 2059 5602 conservatum.

426 5669 431 5674 .
472 5623 582 5682 Sed
603 5643 702 5698 pro
730 5628 1004 5686 ﬁrmitatis
1027 5634 1206 5688 studio
1232 5636 1390 5706 petiit
1419 5637 1790 5694 celsitudinem
1818 5647 2062 5694 nostram

2099 3207 2150 3274 ϐ

2197 571 2492 626 monachos
2522 579 2706 626 nostra
2736 571 2960 626 deberet
2977 568 3284 624 authoritas
3314 565 3768 638 gener-aliteran-

2195 659 2435 716 ﬁrmare.
2472 659 2640 728 Cujus
2665 661 2983 732 petitionem
3011 673 3112 730 pro
3141 657 3460 714 reverentia
3483 655 3654 726 ipsius
3665 655 3769 717 loci.

2195 757 2256 809 ut
2279 764 2589 806 mereamur
2615 751 2686 807 ad
2729 751 3038 806 mercedem
3065 749 3266 806 sociari
3285 790 3302 816 ,
3355 748 3680 818 plenissim
3697 762 3770 804 vo-

2193 839 2398 896 luntate
2433 841 2534 896 visi
2561 839 2764 896 fuimus
2791 840 3143 912 praestitisse;
3180 839 3272 894 vel
3295 839 3356 894 in
3383 839 3642 902 omnibus
3660 853 3769 894 cali—

2192 929 2440 986 ﬁrmasse
2477 931 2807 1002 cognoscite.
2861 930 3247 1002 Prmeipientes
3287 943 3434 1002 ergo
3463 927 3771 998 iubemusut

2191 1022 2370 1078 nullus
2388 1021 2555 1092 judex
2583 1024 2830 1094 publicus
2865 1025 2920 1080 in
2955 1039 3046 1080 res
3072 1024 3160 1079 vel
3186 1023 3496 1079 facultates
3523 1025 3686 1094 ipsius
3707 1041 3771 1080 ec-

2190 1115 2388 1181 clesiae,
2421 1129 2522 1170 nec
2556 1113 2626 1170 ad
2656 1130 2849 1171 causas
2877 1115 3204 1182 audiendas,
3242 1123 3304 1170 et
3327 1114 3498 1170 {reda
3523 1115 3771 1186 exigenda,

2189 1221 2291 1261 nec
2313 1205 2622 1262 mansiones
2646 1215 2741 1260 aut
2755 1215 2976 1278 paratas
2987 1205 3290 1272 faciendas,
3321 1221 3439 1262 nec
3461 1205 3773 1276 ﬁdq'ussons

2188 1295 2506 1362 tollendum,
2529 1310 2632 1352 nec
2645 1298 2898 1353 homines
2909 1297 3082 1368 ipsius
3103 1297 3377 1354 Ecclesiae
3403 1305 3526 1352 tam
3547 1299 3772 1370 ingenua

2187 1406 2351 1460 quam
2375 1405 2582 1458 servos,
2605 1392 2700 1463 qui
2724 1407 2888 1462 super
2908 1407 3099 1449 eorum
3117 1401 3306 1449 terras
3331 1394 3434 1448 vel
3465 1394 3626 1448 initio
3651 1409 3770 1450 col-

2186 1497 2408 1537 manere
2423 1482 2694 1547 videntur,
2729 1485 2822 1553 qui
2843 1484 3044 1540 ibidem
3065 1484 3377 1554 aspiciunt,
3403 1484 3482 1540 de
3508 1482 3669 1557 [eius]
3685 1485 3773 1554 qui-

2185 1571 2420 1628 buslibet
2448 1573 2628 1630 causis
2653 1573 3084 1644 distringendum
3103 1615 3120 1641 ,
3153 1591 3260 1632 nec
3304 1575 3468 1631 ullas
3496 1575 3771 1631 retributio-

2185 1677 2282 1717 nes
2305 1663 2712 1734 requirendum,
2742 1665 2942 1722 ibidem
2967 1666 3254 1738 ingredere
3281 1681 3404 1722 non
3433 1666 3653 1722 debat.
3689 1664 3771 1720 Set

2185 1755 2329 1818 sicut
2352 1755 2522 1828 ipsius
2560 1756 2882 1813 beneﬁcium
2925 1771 2958 1811 a
2989 1756 3104 1827 jam
3148 1757 3318 1812 dictis
3355 1757 3773 1812 antecessoribus

2116 1855 2162 1920 Β
2191 1848 2394 1904 nostris
2415 1847 2681 1904 indultum
2701 1889 2716 1915 ,
2753 1849 2996 1918 priorum
3021 1847 3338 1920 principum
3373 1847 3773 1904 authoritateatl

2177 1937 2292 2006 jam
2323 1940 2524 1996 dictam
2565 1940 2853 1996 ecclesiam
2881 1953 3053 2010 usque
3077 1954 3225 1995 nunc
3257 1938 3368 1994 fuit
3395 1948 3770 2001 conservata.

2184 2031 2258 2084 ita
2288 2037 2344 2084 et
2371 2030 2626 2100 deinceps
2655 2045 2753 2101 per
2773 2039 3016 2086 nostram
3036 2031 3445 2086 auctoritatem
3481 2030 3774 2102 generaliter

2183 2127 2402 2174 maneat
2431 2119 2828 2176 inconvulsum.
2867 2119 2937 2176 Et
2971 2119 3238 2191 quidquid
3262 2120 3486 2178 exinde
3515 2120 3675 2176 ﬁscus
3694 2135 3771 2174 m-

2183 2219 2296 2267 ster
2327 2218 2541 2282 poterat
2561 2227 2782 2284 sperare
2799 2254 2814 2278 ,
2847 2213 2904 2268 in
2929 2213 3104 2284 ipsius
3130 2212 3346 2269 domini
3377 2211 3704 2286 Leodegarii
3731 2222 3774 2266 et

2185 2302 2357 2356 sancti
2379 2301 2524 2357 Petri
2555 2302 2916 2359 luminaribns
2959 2303 3045 2359 vel
3066 2312 3276 2360 sanctae
3293 2302 3536 2370 lar-ite,
3571 2321 3668 2376 pro
3687 2313 3774 2360 sta-

2179 2392 2389 2448 bilitate
2431 2393 2581 2464 regni
2632 2394 2803 2448 nostri
2827 2393 3084 2464 proﬁciat
3123 2394 3181 2448 in
3206 2403 3612 2466 augmentum.
3655 2395 3773 2451 BI

2180 2479 2298 2537 haec
2326 2483 2630 2539 authoritas
2653 2493 2762 2539 tam
2789 2485 3151 2556 prmsentibus
3177 2499 3350 2556 quam
3375 2494 3442 2540 et
3458 2487 3773 2543 [uterism-

2180 2571 2403 2643 poribus
2429 2575 2601 2644 possit
2634 2583 2908 2643 constare,
2935 2591 3100 2631 manu
3124 2585 3317 2632 nostra
3347 2579 3558 2634 subter
3575 2579 3770 2634 inbua-

2180 2663 2376 2730 vimus,
2410 2673 2466 2718 et
2496 2665 2696 2721 annulo
2725 2675 2912 2722 nostro
2939 2667 3179 2737 sigillare
3201 2666 3512 2739 iussimus.

2179 2843 2426 2916 Diploma
2470 2845 2682 2918 Pippini
2723 2847 2860 2977 regis
2898 2837 3299 2980 promngtdiuis
3344 2849 3536 2904 sancti
3561 2846 3772 2922 Μ

2816 2933 2956 2973 mmo
3124 2958 3140 2972 .
3243 2927 3259 2942 ‘

2816 2933 2956 2973 anno
2993 2927 3140 2973 755).
3243 2927 3259 2942 ‘

2179 3006 2344 3072 (Apud
2367 3007 2696 3069 Felibiannm,
2722 3010 2786 3078 in
2799 3009 2998 3078 l’robat.
3022 3009 3152 3078 illst.
3175 3011 3500 3078 abb._aanui
3519 3013 3756 3078 Di-yi.

2627 3083 2741 3134 pag.
2759 3072 2844 3132 ει,
2871 3084 2934 3122 ex
2955 3071 3015 3121 D.
3041 3071 3326 3136 Bouquet.)

2251 3150 2514 3226 Pippinus
2540 3168 2631 3209 rex
2659 3153 2994 3210 Francorum
3012 3153 3099 3208 vir
3117 3153 3358 3211 illuster.
3403 3155 3770 3214 Omnibusda-

2179 3243 2352 3308 cibus,
2385 3235 2695 3312 comitibus,
2750 3243 3118 3316 gralﬁonibus,
3163 3247 3520 3312 domesticis,
3554 3251 3767 3312 vicariis.

2177 3335 2504 3390 centenariis
2533 3375 2548 3401 ,
2601 3335 2686 3391 vel
2733 3350 2926 3391 omnes
2976 3342 3200 3408 agentes
3252 3344 3367 3392 tam
3427 3340 3771 3409 prasentibn

2177 3439 2338 3494 quam
2367 3434 2424 3480 et
2449 3422 2665 3489 futuris,
2697 3438 2794 3482 seu
2817 3433 2873 3482 et
2891 3440 3082 3480 omnes
3104 3426 3308 3482 missus
3341 3439 3578 3484 nostros
3603 3431 3668 3485 de
3691 3443 3766 3498 p-

2179 3514 2316 3570 lacio
2365 3515 2563 3586 ubique
2610 3516 2967 3573 discurentes.
3025 3515 3195 3588 Igitur
3234 3529 3550 3590 cognoscat
3592 3520 3770 3576 ntiﬁta

2176 3619 2271 3659 seu
2307 3605 2622 3678 magnitudo
2650 3616 2864 3673 vestra,
2897 3608 3041 3677 quod
3073 3610 3410 3666 venerabilis
3449 3614 3540 3668 vir
3568 3613 3768 3670 Polem-

2175 3691 2276 3749 dus
2312 3695 2451 3750 abba
2481 3695 2547 3750 de
2569 3695 2793 3759 basilica
2819 3697 3112 3768 peculiaris
3135 3702 3360 3770 patroni
3400 3705 3593 3759 nostri
3619 3701 3767 3760 sanae

2175 3779 2440 3854 Dionysii,
2475 3784 2568 3840 ubi
2603 3785 2719 3856 ipse
2754 3786 3027 3858 pretiosus
3052 3789 3284 3846 domnus
3315 3807 3451 3847 cum
3483 3796 3654 3852 sociis
3676 3797 3771 3850 suis

2174 3890 2400 3945 corpore
2427 3878 2770 3948 requiescere
2797 3880 3028 3947 videtur,
3065 3882 3149 3938 vel
3191 3883 3312 3954 ipse
3345 3885 3500 3944 abba
3525 3904 3638 3944 una
3667 3904 3768 3944 ea

2175 3977 2354 4024 turma
2385 3968 2618 4041 plurima
2644 3973 3034 4030 monachorum
3059 3975 3112 4029 in
3141 3976 3260 4046 ipso
3287 3981 3564 4036 cmunbio
3599 3982 3772 4053 ὀψε

2173 4062 2444 4128 videntur,
2487 4065 2574 4120 vel
2605 4065 2830 4122 domino
2867 4067 3100 4124 militare
3133 4080 3474 4136 noscuntur,
3505 4077 3676 4132 missa
3694 4091 3772 4148 pe-

2173 4154 2363 4210 titione
2387 4157 2546 4212 nobis
2583 4170 2970 4231 suggesserunt
3001 4177 3069 4218 eo
3095 4165 3242 4233 quod
3275 4181 3312 4220 a
3341 4165 3523 4240 longo
3552 4179 3777 4242 tempus

2172 4245 2472 4302 anteriores
2499 4262 2657 4319 reges
2689 4248 2920 4307 domnus
2947 4250 3284 4320 Dagobertus
3332 4265 3393 4312 et
3429 4259 3776 4324 (ndodovius.

2172 4349 2268 4391 seu
2293 4346 2349 4394 et
2366 4345 2558 4408 postea
2585 4339 2888 4398 Hildericus
2911 4351 2968 4396 et
2989 4343 3388 4416 Theodericus,
3429 4360 3496 4406 et
3517 4352 3783 4410 (lautius

2171 4428 2440 4496 quondam
2485 4445 2678 4502 reges,
2714 4432 2879 4488 etiam
2903 4441 2962 4488 et
2995 4432 3331 4503 Hiltbertus,
3379 4448 3442 4494 et
3484 4444 3785 4500 avum

2171 4529 2355 4576 noster
2383 4521 2726 4579 Grimoaldus
2751 4523 3002 4594 majorim
3024 4527 3237 4596 domus,
3261 4529 3496 4602 ipsique
3517 4537 3788 4606 quona-

2172 4627 2362 4669 omnes
2388 4613 2648 4672 telloneos
2691 4613 2831 4670 infra
2867 4633 3004 4689 pago
3032 4617 3314 4677 Parisiaco
3348 4622 3423 4679 de
3471 4641 3680 4684 unus
3703 4641 3791 4688 ω-

2172 4705 2450 4762 cuciantes
2500 4715 2612 4762 tam
2653 4705 2918 4774 Saxones,
2963 4718 3125 4780 quam
3151 4710 3473 4781 Frisiones,
3532 4719 3624 4774 vel
3660 4719 3794 4774 alias

2171 4799 2426 4855 naciones
2458 4801 2794 4870 promiscnas
2831 4803 2899 4858 de
2937 4820 3182 4875 quasque
3231 4821 3412 4879 pagos
3443 4811 3545 4867 vel
3572 4814 3794 4884 provin-

2171 4892 2284 4947 cias
2311 4893 2379 4948 ad
2408 4891 2699 4951 festivitate
2736 4897 2909 4952 sancti
2934 4896 3177 4968 Dionysii
3205 4902 3489 4973 martyris
3513 4945 3533 4968 ,
3583 4915 3702 4961 tam
3745 4906 3794 4958 ὴ

2171 4987 2288 5060 ipso
2313 4989 2569 5046 marcado
2611 5005 2776 5060 quam
2814 4999 2876 5046 et
2917 4990 2972 5046 in
3013 4990 3130 5061 ipsa
3163 4991 3401 5050 civitate
3429 4994 3700 5053 Parisius
3733 4999 3796 5050 de

2166 5079 2283 5150 ipsa
2305 5081 2442 5146 vice,
2473 5097 2567 5137 seu
2594 5089 2649 5136 et
2683 5097 2780 5151 per
2801 5080 3058 5146 villabus,
3099 5081 3184 5137 vel
3213 5097 3312 5152 per
3344 5099 3524 5156 agros
3549 5096 3672 5143 tam
3701 5087 3795 5142 ibi-

2167 5173 2289 5227 dem
2337 5188 2499 5243 quam
2526 5180 2582 5226 et
2623 5171 2790 5228 aliubi
2825 5173 2893 5228 ad
2939 5173 3362 5243 necuciandum,
3413 5178 3510 5234 vel
3561 5179 3794 5236 neeocia

2167 5269 2397 5340 plurima
2426 5269 2788 5326 exercendum
2806 5309 2822 5336 ,
2859 5278 2917 5324 et
2943 5269 3070 5326 vina
3092 5275 3538 5342 comparandum
3579 5278 3640 5333 in
3670 5290 3798 5348 per»

2167 5366 2255 5414 tus
2278 5399 2292 5425 ,
2340 5365 2397 5414 et
2433 5374 2532 5429 per
2561 5360 2772 5415 diversa
2805 5359 3029 5415 ﬁumina
3055 5361 3154 5432 qui
3201 5362 3274 5420 ad
3317 5362 3442 5434 ipsa
3479 5355 3796 5423 festivitate

2167 5452 2512 5518 advenerint,
2543 5462 2606 5508 ut
2645 5454 2762 5524 ipso
2807 5453 3093 5510 telloneus'
3115 5455 3174 5510 in
3207 5457 3546 5530 integritate
3577 5463 3652 5518 de
3679 5463 3798 5534 itm

2165 5545 2284 5600 vice
2313 5544 2381 5600 ad
2412 5560 2536 5601 casa
2583 5546 2756 5602 sancti
2795 5545 3036 5616 Dionysii
3069 5551 3504 5614 concessissent.
3541 5557 3637 5612 vel
3665 5573 3795 5613 om—

2169 5637 2510 5694 ﬁrmassent:
2557 5641 2699 5697 unde
2741 5646 2798 5695 et
2844 5639 2992 5710 ipsas
3018 5644 3419 5712 praeceptiones
3447 5648 3547 5702 vel
3590 5649 3797 5703 conﬁn-

545 5763 993 5854 edlsuev‘abl‘a‘te
1021 5766 1364 5854 Illiorbaccns'i
1415 5771 1700 5854 episcopus
1771 5771 2091 5829 Dasilccnsis
2159 5771 2514 5834 Attiniacensi
2567 5779 2858 5835 conventui
2910 5778 3162 5835 interfuit
3215 5793 3360 5836 anno
3413 5777 3559 5838 765.
3631 5783 3790 5854 Apul

474 5831 746 5893 Labbcum
774 5845 900 5893 tom.
929 5838 992 5894 \’l
1019 5838 1248 5906 Concil.,
1279 5839 1378 5896 col.
1418 5831 1572 5897 1702.
