3920 6310
118 385 239 440 ιξςίὄ

863 387 1126 453 ΡΙΡΡΙΝΙ,
1163 376 1787 446 ϐᾹΡιΟΙιοΜΔΝΜΈΪ
1821 385 2132 446 Λιιοιιυυ
2169 388 2576 448 υιΡιοΜΑτΑ.

107 499 360 553 maciones
385 463 715 554 anterioruni
740 514 923 569 regum
945 499 1105 556 nobis
1133 499 1186 554 in
1213 506 1478 571 praesente
1503 498 1659 553 obtu—
1686 499 1739 558 Δ
1762 497 1917 564 cado,
1934 514 2036 555 nec
2053 514 2150 570 per
2162 517 2349 557 comm
2371 518 2551 572 agros,
2580 516 2680 558 nec
2697 514 2912 573 portus,
2947 523 3048 576 nec
3072 509 3141 566 de
3163 511 3336 569 hami-

105 585 272 643 lenuit
297 587 623 658 nelegendas.
673 586 921 643 Relectas
951 597 1008 644 et
1035 602 1321 659 percursas
1348 586 1493 658 ipsas
1520 600 1660 655 prae-

103 675 393 746 ceptiones.
443 691 540 732 seu
587 686 643 731 et
693 677 1156 744 coraﬁrmaciones,
1205 676 1290 733 vel
1335 676 1426 732 illo
1457 673 1662 744 iudicio

100 765 390 820 evindicato
417 765 617 822 domno
647 765 912 822 Hiitberto
939 782 1066 838 rege
1097 777 1152 822 et
1175 766 1438 823 avunculo
1475 774 1662 822 nostro

98 854 394 911 Grimoaldo
422 855 670 924 majorim
697 857 875 923 domo,
911 872 1072 927 quem
1096 868 1318 930 agentes
1341 857 1514 914 sancti
1535 855 1664 912 Dio-

100 943 233 1014 nysii
261 958 418 1014 super
443 943 656 1000 inlustri
699 947 816 1002 viro
855 944 1171 1004 Grimoaldo
1216 946 1464 1016 maiorim
1503 947 1663 1002 domo

100 1035 556 1102 evindicaverunt,
585 1036 760 1106 ipsum
785 1037 943 1093 nobis
975 1037 1284 1094 obtulerunt
1315 1038 1384 1093 ad
1418 1035 1663 1108 relegen-

98 1127 239 1184 dum.
273 1127 338 1183 Et
359 1136 544 1197 postea
575 1129 898 1200 suggerebat
929 1129 1046 1200 ipse
1077 1128 1340 1185 Folradus
1365 1129 1537 1194 abba,
1578 1127 1663 1184 vel

99 1219 334 1276 monachi
361 1219 532 1276 sancti
554 1217 816 1290 Dionysii,
857 1227 915 1276 et
955 1221 1060 1276 hoc
1089 1220 1340 1276 dicebant
1367 1226 1426 1274 ut
1450 1218 1540 1274 ille
1565 1218 1665 1273 tel-

97 1309 275 1368 loneus
299 1311 364 1366 dc
389 1309 482 1370 illo
521 1311 779 1367 marcado
817 1313 876 1367 in
912 1312 1144 1368 villabus
1179 1311 1263 1367 vel
1291 1327 1450 1382 agros
1473 1325 1662 1368 eorum

95 1411 238 1460 totus
257 1403 458 1472 absque
494 1399 697 1470 iudicis
729 1402 1011 1458 introitum
1051 1403 1121 1458 ad
1149 1417 1274 1459 casa
1319 1403 1494 1458 sancti
1537 1401 1665 1457 Dio-

94 1495 228 1566 nysii
259 1493 444 1551 adesse
471 1494 734 1560 debebat,
759 1502 815 1550 et
841 1493 944 1550 hoe
959 1493 1213 1550 dicebant
1231 1494 1381 1565 quod
1417 1501 1542 1552 ante
1563 1507 1662 1548 nos

92 1602 258 1644 annos
283 1586 493 1656 quando
521 1585 712 1642 Carius
749 1584 850 1641 fuit
887 1585 1094 1657 eiectus
1115 1597 1143 1628 ι
1163 1600 1262 1655 per
1304 1583 1664 1640 Soanacbildo

91 1676 406 1747 cupiditate.
429 1683 488 1734 et
523 1675 838 1734 Gairefredo
863 1675 1104 1732 Parisios
1123 1675 1658 1740 comite'insidiante,

91 1782 186 1838 per
211 1781 394 1824 eorum
431 1781 700 1824 conserua
741 1767 812 1822 ad
853 1765 980 1822 illos
1013 1766 1360 1823 necuciautes
1393 1764 1478 1820 vel
1513 1781 1660 1820 map

89 1858 340 1916 cadantes
381 1873 482 1928 per
519 1859 953 1929 deprecationem
999 1873 1439 1929 unumquemque
1477 1857 1658 1915 bomi-
1690 1843 1737 1905 Β

89 1962 210 2004 nem
238 1947 525 2018 ingenuum
567 1945 811 2002 dinarius
847 1955 1083 2017 quatuor
1113 1947 1244 2004 dare
1284 1947 1537 2004 fecissent
1556 1989 1572 2013 ,
1607 1955 1666 2003 et

89 2040 191 2099 hoc
215 2039 295 2094 eis
321 2037 464 2094 malo
501 2037 694 2094 ordine
729 2038 988 2094 tulerunt.
1028 2038 1098 2094 Et
1129 2048 1319 2108 postea
1374 2039 1666 2096 Gairebar—

89 2129 190 2182 dus
212 2127 380 2184 comis
405 2127 621 2194 Parisii,
654 2126 736 2182 vel
758 2135 981 2199 agentes
1009 2128 1093 2184 sui
1117 2129 1290 2198 ipsam
1320 2128 1664 2198 deprecatio-

89 2231 211 2272 nem
235 2219 502 2288 quomodo
526 2217 730 2274 ibidem
751 2219 1076 2276 invenerunt
1099 2233 1197 2290 per
1223 2219 1664 2276 consuetudinem

89 2306 156 2362 ad
182 2307 325 2377 ipsos
350 2307 596 2364 homines
615 2309 720 2365 hoc
746 2310 1090 2374 exactabant,
1119 2317 1176 2365 et
1195 2310 1262 2366 ad
1283 2323 1667 2381 unoquemque

89 2400 300 2456 homine
322 2401 558 2472 ingenuo
585 2405 652 2458 de
693 2417 1034 2474 quacumque
1052 2403 1301 2469 natione,
1343 2403 1438 2474 qui
1477 2403 1544 2459 ad
1573 2403 1666 2458 illo

89 2492 335 2547 marcado
365 2492 763 2559 adveniebant,
813 2493 1057 2549 dinarius
1097 2502 1334 2564 quatuor
1382 2493 1449 2549 de
1476 2507 1664 2548 eorum

89 2583 259 2652 capite
297 2585 662 2649 exactabant,
708 2585 754 2639 si
803 2585 1065 2655 ingenuus
1108 2593 1283 2651 esset;
1328 2593 1385 2640 et
1409 2585 1456 2639 si
1479 2598 1670 2640 servus

89 2683 220 2739 erat,
249 2683 374 2730 tunc
397 2672 686 2743 wnjurare
714 2673 948 2730 debebat
972 2674 1115 2744 quod
1145 2690 1334 2730 servus
1361 2672 1582 2738 fuisset,
1613 2683 1669 2728 et

89 2765 185 2838 ipsi
246 2767 529 2834 homines,
593 2769 809 2838 quando
851 2767 970 2839 ipso
1012 2779 1352 2826 sacramento
1385 2768 1664 2838 iurabant,

89 2859 319 2930 quinque
343 2859 592 2916 dinarius
615 2873 714 2930 pro
740 2859 842 2915 hoc
865 2859 1158 2916 donabant.
1223 2861 1294 2916 Et
1314 2861 1418 2916 hoc
1446 2869 1669 2932 agentes

1762 602 1858 644 nes
1882 603 2090 658 eorum,
2113 606 2215 648 nec
2233 607 2419 648 eorum
2443 594 2808 660 necuciantes,
2831 611 2932 654 nec
2949 598 3018 654 de
3038 614 3336 660 omnesna-

1761 679 1946 736 ciones
1972 697 2318 753 quascunque
2347 685 2441 755 qui
2472 683 2684 754 adiam
2723 687 2872 746 dicto
2891 691 3146 748 manando
3167 692 3336 750 adve-

1761 769 1942 838 niunt,
1955 787 2054 830 nec
2062 787 2162 844 per
2172 774 2328 836 vittas
2345 791 2555 842 mrum,
2566 779 2746 836 .necde
2759 780 2996 853 navigia,
3008 796 3109 839 nec
3127 783 3198 840 de
3219 799 3342 855 por-

1763 869 1870 927 tus,
1893 879 1998 920 nec
2024 866 2092 922 de
2115 881 2290 933 carra,
2315 884 2417 926 nec
2439 869 2512 926 de
2535 885 2771 937 seum,
2795 873 2946 930 nullo
2963 875 3214 944 tellouco,
3239 893 3342 936 nec

1762 948 2006 1020 foratico,
2045 969 2147 1011 nec
2179 957 2428 1024 rotatico,
2455 973 2555 1014 nec
2582 961 2876 1030 pontaticn,
2915 978 3019 1019 nec
3047 967 3340 1036 portatico,

1762 1054 1863 1096 nec
1879 1042 2186 1112 salutatico,
2209 1061 2311 1104 nec
2327 1049 2650 1120 cispitaticn.
2668 1067 2769 1110 me
2789 1056 3052 1112 mutasico
3071 1097 3086 1122 ,
3114 1073 3218 1114 nec
3233 1057 3340 1114 ulla

1761 1143 1974 1202 exacta,
1997 1153 2098 1194 nec
2117 1141 2552 1200 consuetudines.
2581 1158 2684 1199 nec
2711 1143 2834 1200 illos
2860 1145 3102 1205 dinarios
3119 1155 3341 1217 quatur,

1763 1225 1830 1282 de
1847 1241 2036 1284 omnes
2062 1229 2318 1288 naciones
2337 1233 2429 1302 qui
2452 1232 2648 1289 ibidem
2667 1233 2737 1288 ad
2755 1235 2875 1305 ipso
2894 1235 3149 1292 mar-cado
3180 1238 3342 1293 adve—

1763 1318 1939 1385 niunt,
1971 1334 2136 1390 quem
2181 1321 2556 1383 Soanacbildis
2590 1333 2648 1382 et
2681 1324 3050 1392 Gairefredus,
3087 1337 3150 1385 ut
3177 1345 3341 1401 supra

1762 1411 2182 1470 memoravimus
2208 1415 2598 1472 consuetudine
2619 1417 2886 1474 miserunt
2908 1419 2978 1475 ad
2996 1421 3146 1492 ipsos
3175 1436 3342 1478 necu-

1763 1501 1968 1560 ciantes
1989 1542 2006 1569 ,
2050 1517 2154 1559 nec
2199 1503 2340 1560 infra
2368 1506 2486 1576 ipso
2519 1523 2660 1580 pago
2699 1508 2996 1582 Parisiago,
3021 1513 3200 1568 necin
3227 1513 3344 1583 ipsa

1762 1592 2002 1660 civitate,
2033 1593 2100 1650 de
2144 1594 2259 1665 ipsa
2285 1597 2402 1654 vice
2443 1612 2545 1654 nec
2582 1598 2748 1656 aliubi
2790 1600 2886 1670 qui
2925 1601 2996 1657 ad
3013 1601 3130 1672 ipsa
3158 1610 3345 1658 sancta

1763 1683 2056 1744 festivitate
2077 1687 2386 1754 adveniunt,
2421 1689 2564 1748 nulla
2594 1700 2784 1748 nacta
2805 1707 2910 1750 nec
2937 1693 3344 1758 contrarietate.

1763 1793 1934 1848 neque
1970 1794 2067 1836 vos
2085 1821 2104 1847 ,
2151 1795 2329 1851 neque
2365 1780 2610 1851 iuniores
2659 1798 2758 1840 seu
2801 1799 3144 1843 successores
3179 1787 3350 1844 vestri

1764 1871 1983 1943 exigere
2020 1888 2124 1930 nec
2161 1883 2419 1932 exactare
2453 1891 2562 1934 non
2588 1877 2948 1946 praesumatis,
2977 1879 3105 1945 nisi,
3129 1888 3194 1937 ut
3211 1881 3351 1938 dixi-

1764 1979 1906 2029 mus,
1934 1964 2197 2035 quicquid
2218 1965 2413 2024 exinde
2441 1967 2603 2024 ﬁscus
2630 1977 2818 2024 noster
2837 1967 3075 2027 forsitan
3095 1971 3167 2028 ad
3193 1982 3350 2043 parte

1766 2062 1947 2110 nostra
1971 2094 1987 2120 ,
2033 2069 2130 2110 seu
2163 2063 2221 2112 et
2263 2056 2332 2114 ad
2365 2071 2564 2114 omnes
2610 2065 2832 2126 agentes
2853 2067 3075 2116 nostros
3100 2066 3353 2131 potuerat

1766 2163 2006 2219 sperare,
2030 2149 2214 2206 omnia
2235 2158 2293 2206 et
2327 2166 2399 2207 ex
2423 2151 2676 2207 omnibus
2699 2151 2814 2223 ipse
2847 2151 3111 2210 tenensus
3143 2154 3212 2209 ad
3235 2156 3350 2226 ipsa

1767 2254 1891 2295 casa
1914 2238 2010 2295 Dei
2047 2239 2102 2294 in
2132 2239 2400 2314 integrum
2440 2241 2512 2296 sit
2537 2257 2849 2307 concessus,
2879 2242 3058 2313 adque
3091 2243 3350 2309 indultus,

1767 2329 1852 2384 vel
1876 2329 2237 2395 evindicatus,
2279 2331 2356 2388 ita
2381 2339 2442 2386 ut
2463 2330 2658 2388 futuris
2682 2333 3017 2404 temporibus
3043 2349 3142 2405 per
3162 2345 3354 2392 nostra
3469 2323 3472 2325 λ

1767 2418 2089 2474 auctoritate
2112 2459 2128 2485 ,
2179 2419 2266 2476 vel
2293 2420 2628 2477 anteriorum
2657 2437 2844 2493 regum
2886 2422 3121 2482 habeant
3147 2425 3350 2482 contir-

1768 2514 2006 2573 malum,
2059 2507 2144 2564 vel
2183 2509 2567 2576 evindicatum.
2621 2509 2758 2578 Quia
2797 2525 2896 2566 nos
2931 2522 3156 2584 propter
3183 2513 3354 2570 Deum

1768 2605 1824 2650 et
1845 2597 2148 2652 reverentia
2197 2596 2409 2670 praefati
2458 2598 2632 2672 sancti
2673 2598 2914 2670 Dionysii
2950 2600 3228 2672 martyris,
3257 2617 3354 2658 seu

1767 2702 1867 2756 pro
1892 2687 2086 2742 animae
2125 2697 2327 2744 nostra
2373 2669 2672 2748 remedium
2695 2730 2712 2755 ,
2761 2669 2847 2746 vel
2871 2669 3170 2747 stabilitate
3205 2691 3355 2762 regni

1769 2771 2134 2840 Francorum,
2183 2783 2240 2830 et
2271 2775 2404 2832 ﬁliis
2441 2777 2664 2843 nostris,
2688 2777 2777 2833 vel
2797 2778 3117 2848 posteritate
3141 2793 3352 2844 eorum,

1769 2865 1872 2920 hoc
1900 2863 1956 2920 in
1985 2863 2342 2922 luminaribus
2367 2867 2436 2922 ad
2461 2868 2578 2938 ipsa
2624 2883 2750 2924 casa
2776 2869 2947 2926 sancti
2971 2869 3245 2942 Dionysii,
3272 2871 3357 2928 vel

89 2949 250 3005 sancti
273 2949 546 3020 Dionysii,
585 2949 670 3004 vel
714 2948 978 3006 Folradus
999 2951 1159 3017 abba,
1195 2966 1290 3007 seu
1318 2951 1394 3006 illi
1416 2951 1666 3007 monachi
1769 2955 1839 3010 ad
1883 2954 2030 3026 ipsos
2074 2957 2392 3020 monachos,
2443 2974 2536 3014 seu
2567 2975 2833 3031 pauperes
2858 2969 2914 3018 et
2945 2965 3262 3035 peregrinos
3302 2965 3356 3020 in

89 3041 332 3098 dicebant
363 3041 508 3112 quod
537 3058 636 3114 per
665 3041 826 3098 talem
857 3044 1302 3100 consuetudinem
1337 3045 1425 3100 ille
1457 3059 1668 3101 marca-
1768 3055 1954 3104 nostra
1975 3049 2316 3121 elcemosyna
2353 3051 2459 3107 hoc
2487 3051 2544 3107 in
2569 3053 2822 3110 omnibus
2848 3055 3216 3115 concessimus
3231 3095 3246 3120 ,
3273 3053 3358 3110 vel

89 3134 182 3190 ius
203 3132 395 3190 fuisset
409 3135 686 3191 eminutus
711 3135 796 3191 vel
832 3135 1168 3204 abstractus,
1200 3146 1256 3192 et
1279 3136 1354 3192 illi
1380 3136 1667 3193 necucian-
1694 3199 1742 3214 _
1769 3130 2234 3202 conﬁrmavimus,
2259 3146 2318 3194 ut
2347 3139 2429 3196 eis
2451 3139 2647 3196 melius
2675 3141 2908 3198 delectet
2929 3158 3034 3214 pro
3059 3143 3356 3198 stabilitate

89 3239 165 3282 tes
193 3225 280 3280 vel
316 3240 507 3281 omnes
544 3225 800 3280 naciones
840 3226 932 3296 qui
979 3227 1048 3282 ad
1074 3199 1192 3297 ipso
1225 3227 1480 3282 marcado
1507 3227 1669 3282 adve—
1689 3199 1742 3266 θ
1771 3226 1923 3298 regni
1950 3227 2154 3294 nostri,
2185 3199 2271 3284 vel
2299 3243 2400 3300 pro
2427 3229 2638 3286 cunctis
2665 3230 2840 3287 lcudis
2860 3199 3062 3288 nostris
3083 3271 3100 3299 ,
3144 3232 3355 3288 Domini

89 3318 198 3373 sire
223 3315 503 3383 solebant,
552 3332 652 3387 pro
683 3319 785 3374 hac
807 3331 974 3374 causa
999 3319 1118 3390 ipso
1141 3319 1397 3375 marcado
1434 3317 1670 3390 defugie-
1767 3319 2141 3376 misericordia
2184 3320 2463 3378 adtencius
2503 3319 2829 3392 deprecare,
2859 3328 2914 3376 et
2937 3329 2999 3376 ut
3015 3321 3146 3380 avis
3177 3331 3234 3378 et
3256 3335 3354 3392 pe-

89 3415 230 3472 iant,
259 3416 316 3464 et
347 3407 438 3464 ille
473 3408 736 3466 telloneus
761 3409 830 3466 de
859 3411 978 3480 ipsa
1009 3425 1133 3466 casa
1161 3409 1256 3466 Dei
1280 3421 1402 3466 erat
1430 3410 1670 3466 minutus
1769 3411 1954 3468 renuis
2007 3413 2344 3484 temporibus
2393 3413 2464 3467 ad
2525 3413 2641 3484 ipsa
2689 3428 2818 3470 casa
2861 3413 2958 3469 Dei
3010 3411 3262 3483 proﬁciat
3304 3413 3358 3469 in

89 3499 162 3554 vel
215 3499 542 3558 abstractus.
609 3499 678 3554 Et
715 3499 830 3571 ipse
876 3499 1242 3557 Gairehardus
1287 3501 1390 3557 hoc
1456 3501 1671 3558 dicebat
1769 3510 2136 3574 augmentum.
2177 3503 2244 3558 Et
2271 3512 2331 3558 ut
2360 3505 2479 3560 base
2503 3502 2853 3560 conﬁrmacio
2873 3512 3090 3569 nostra,
3113 3503 3358 3574 inspecto

89 3591 222 3662 inod
248 3590 356 3646 alia
396 3589 782 3647 consuetudine
811 3591 866 3646 in
905 3591 1022 3662 ipso
1057 3592 1312 3647 marcado
1347 3607 1454 3648 non
1495 3591 1673 3648 misis—
1771 3593 2107 3664 ipsoiudicio
2147 3594 2344 3651 domno
2383 3593 2694 3651 Hildeberto
2743 3609 2872 3667 rege
2900 3594 2987 3650 vel
3021 3593 3253 3650 aliorum
3275 3608 3360 3650 re-

89 3690 184 3746 ret,
214 3682 324 3737 nisi
351 3679 585 3751 qualiter
609 3688 768 3736 antea
791 3695 888 3752 per
912 3681 1272 3751 permissione
1311 3680 1671 3739 Scanachilde
1765 3697 1918 3754 gum,
1971 3682 2068 3738 sed
2109 3689 2166 3738 et
2215 3682 2480 3738 avunculo
2521 3690 2710 3739 nostro
2755 3681 3068 3738 Grimoaldo
3112 3679 3360 3752 maiorim

89 3772 159 3827 rel
199 3770 316 3843 iam
360 3771 505 3828 dicto
530 3769 850 3828 Gairel'redo
887 3773 1051 3828 missa
1099 3772 1320 3838 fuisset,
1371 3783 1427 3830 et
1470 3775 1669 3831 ibidem
1769 3776 1945 3837 domo,
1971 3774 2181 3831 ﬁrmior
2199 3775 2478 3842 habeatur,
2500 3775 2722 3832 etcirca
2757 3775 2873 3846 ipsa
2888 3783 3079 3832 sancta
3111 3789 3236 3832 casa
3265 3773 3360 3830 Dei

93 3865 372 3921 nvenisset
393 3905 409 3927 ,
458 3872 514 3920 et
573 3863 732 3920 aliter
794 3865 990 3920 exinde
1053 3881 1214 3937 agere
1285 3883 1391 3922 non
1459 3867 1672 3923 volebat
1767 3865 2084 3938 perenniter
2109 3875 2481 3933 conservetur,
2511 3881 2675 3924 manu
2695 3875 2881 3924 nostra
2901 3866 3094 3924 subter
3117 3881 3239 3922 eam
3267 3863 3362 3922 de-

91 3957 180 4014 tisi
239 3959 514 4027 quomodo
575 3956 773 4014 domno
839 3972 966 4029 rege
1022 3957 1305 4028 placebat,
1384 3960 1466 4015 vel
1523 3975 1660 4030 quo-
1769 3957 2358 4030 crevimusadsignare,
2372 3957 2513 4014 etde
2535 3955 3359 4030 anolonostrosubtersigillare.

89 4049 239 4104 nodo
287 4065 317 4103 a
365 4048 526 4120 longo
569 4058 780 4118 tempus
829 4056 1072 4120 tempora
1118 4065 1306 4122 regum
1348 4049 1544 4105 ibidem
1572 4049 1674 4104 fuit

90 4140 432 4204 :onsuetudo,
481 4140 568 4196 vel
593 4139 662 4194 ad
699 4140 814 4208 ipsa
857 4139 953 4194 Dei
996 4140 1050 4194 in
1089 4141 1397 4212 integritate
1427 4143 1542 4211 ipse
1577 4143 1671 4196 tel-

89 4247 268 4288 oneus
310 4230 414 4288 fuit
437 4245 730 4287 concessus
765 4230 848 4285 vel
892 4229 1263 4288 continuatus.
1324 4232 1392 4286 Et
1415 4233 1542 4286 dum
1569 4232 1673 4288 hac

89 4340 242 4382 :ausa
273 4325 354 4382 sic
385 4332 508 4381 acta
535 4324 620 4380 vel
645 4330 956 4396 perpetrata
982 4324 1304 4389 invenimus,
1341 4324 1671 4395 per-anterio-

89 4433 200 4476 -um
246 4432 439 4486 regum
475 4416 611 4472 tales
653 4414 1044 4486 praeceptiones
1097 4413 1182 4468 vel
1226 4413 1673 4470 contirmaciones

90 4510 238 4566 nobis
255 4509 577 4566 obtulerunt
601 4505 1076 4612 rete-gendasz‘u‘na
1101 4504 1670 4612 cumlplu're'slnnstris
1695 4547 1751 4612 υ

89 4599 371 4656 idelibus:
406 4599 462 4656 id
491 4606 638 4663 sunt,
678 4595 894 4662 Milone,
922 4595 1308 4667 Helmegando,
1337 4593 1666 4666 Hildegario,

89 4691 459 4760 Ihrothardo,
497 4690 774 4762 Drogone,
805 4686 1086 4759 Baugull'o,
1113 4685 1435 4752 Gislebario,
1469 4686 1670 4742 Leuth-

89 4785 253 4848 redo,
285 4783 580 4845 Raulcone,
633 4779 987 4844 Theuderico,
1037 4777 1376 4848 Maganario,
1416 4776 1668 4844 Nithado,

89 4874 406 4939 Waltbario,
439 4871 705 4938 Vulfario,
744 4879 800 4926 et
825 4869 1108 4926 Wicberto
1129 4869 1329 4926 comite
1353 4867 1546 4926 Palatii
1577 4885 1673 4925 no-

89 4982 214 5032 nro,
241 4968 348 5023 visi
372 4966 574 5022 fuimus
601 4965 874 5037 iudicasse
895 5004 911 5028 ,
941 4963 1024 5018 vel
1050 4962 1388 5028 decrevisse,
1413 4977 1509 5018 seu
1539 4977 1671 5018 con-

89 5067 350 5126 irmasse,
397 5069 456 5116 et
499 5060 567 5115 de
611 5073 750 5114 novo
784 5058 980 5113 iterum
1002 5057 1356 5122 concessisse,
1387 5065 1450 5113 ut
1473 5057 1544 5112 ab
1569 5057 1673 5113 hac

89 5160 162 5212 lie
185 5155 373 5210 nullus
397 5168 460 5208 ex
495 5151 782 5222 iudiciaria
810 5159 1078 5222 potestate
1099 5192 1115 5216 ,
1154 5165 1253 5206 nec
1283 5151 1336 5206 in
1373 5151 1493 5221 ipso
1528 5163 1672 5204 mar—

146 5345 172 5374 ιι
218 5330 586 5392 Mabillonius,
617 5327 713 5384 lib.
736 5343 791 5382 vt
819 5328 885 5398 de
929 5327 1289 5398 Re_diplom.,
1317 5326 1537 5398 coniicit
1561 5333 1674 5380 tur-

92 5419 176 5458 uas
195 5402 324 5459 illas
347 5399 723 5457 Soanachildis
765 5407 821 5455 et
843 5396 1144 5454 Gairel'redi
1183 5397 1466 5462 accidisse,
1498 5397 1676 5452 Theo-

89 5474 272 5529 lerico
301 5471 518 5530 Calensi
545 5482 780 5534 mortuo,
819 5484 942 5524 cum
974 5468 1042 5522 de
1073 5483 1252 5524 rerum
1283 5483 1490 5524 summa
1536 5468 1676 5523 inter

89 5545 360 5615 )rincipes
388 5538 1106 5615 disceptaretur,_p_erillud
1139 5537 1380 5615 quinque
1406 5553 1674 5615 annorum

94 5608 460 5686 nterregnum
483 5608 625 5682 quod
640 5613 708 5686 ad
719 5608 1007 5668 Childerici
1036 5609 1203 5686 initia_
1215 5608 1678 5686 intercessit._Ma-

95 5681 628 5750 .illonii'coniectura
649 5683 914 5747 ﬁrmatur,
929 5689 990 5738 ut
1009 5687 1162 5737 notat
1191 5681 1326 5750 ipse,
1353 5681 1678 5735 auctoritate

103 5753 342 5811 lbronici
387 5753 811 5810 Fontanellcnsis
839 5767 902 5807 ex
950 5767 1070 5811 can.
1103 5751 1169 5807 10
1197 5751 1338 5811 apud
1387 5750 1694 5806 Acherium'

97 5838 132 5882 n
165 5825 447 5897 Spicilegii
471 5835 613 5880 ιοωο
639 5824 815 5888 tertio,
843 5823 932 5878 ubi
973 5821 1128 5878 Wido
1154 5821 1322 5878 abbas
1360 5821 1558 5877 dicitur
1582 5839 1672 5876 ac-
1715 5865 1722 5870 .

1843 4048 2067 4118 Signum
2095 4049 2292 4104 domno
2327 4056 2516 4104 nostro
2536 4047 2766 4120 Pippino
2792 4045 3181 4117 gloriosissimo
3207 4061 3360 4118 rege.

1841 4137 1970 4208 Ejus
1983 4138 2170 4209 jussus
2199 4139 2484 4210 recognovi
2510 4146 2564 4194 et
2585 4138 2902 4206 subscripsi.

1845 4228 2038 4285 Datum
2057 4229 2203 4298 quod
2231 4227 2358 4284 fecit
2399 4229 2600 4284 mensis
2623 4227 2798 4284 Julius
2823 4226 2914 4282 die
2953 4242 2986 4280 ι
3017 4235 3171 4289 octo,
3217 4241 3362 4280 anno

1772 4321 2008 4378 secundo
2034 4321 2185 4391 regni
2216 4319 2413 4385 nostri,
2443 4321 2498 4374 in
2529 4317 2627 4373 Dei
2647 4318 2868 4376 nomine
2895 4315 3144 4373 feliciter.

1775 4499 1992 4572 Pippini
2037 4499 2172 4572 regis
2237 4508 2553 4572 ριζᾳζσερηιηε
2605 4513 2715 4572 pro
2751 4495 3163 4572 Taberniaciin
3225 4513 3359 4567 pago

1954 4564 2816 4638 Pariiiaco'villw'con/irritationc
2841 4566 3002 4638 (anno
3031 4564 3182 4623 γεω.

1992 4685 2158 4750 (Apud
2182 4682 2390 4748 ὡδί-11η
2414 4685 2478 4735 de
2504 4682 2579 4735 lle
2599 4682 2823 4747 diplom.,
2853 4694 2970 4748 pag.
2993 4681 3129 4744 ωε.)

1843 4788 2103 4860 Pippinus
2115 4805 2212 4844 rex
2229 4787 2565 4844 Francorum
2585 4786 2670 4842 vir
2690 4784 2940 4843 inluster.
2957 4783 3242 4842 Credimus
3267 4797 3364 4838 no-

1771 4885 1856 4942 bis
1878 4885 1946 4941 ad
1965 4893 2230 4940 aeternum
2265 4879 2510 4938 Iudicem
2542 4881 2595 4938 in
2622 4880 2872 4936 mercede
2915 4879 3138 4945 sociari,
3165 4877 3212 4935 si
3257 4878 3363 4935 hoc

1773 4975 2148 5046 cognoscimus
2179 4971 2324 5044 quod
2350 4971 2420 5028 ad
2455 4970 2574 5026 loca
2597 4976 2914 5026 sanctorum
2948 4967 3118 5024 fuisse
3146 4966 3360 5039 delega-

1775 5075 1910 5134 tum,
1924 5074 1980 5122 et
2002 5079 2101 5138 per
2119 5063 2540 5136 praeceptionem
2553 5070 2796 5119 nostram
2809 5060 3145 5118 anteriorum
3167 5073 3358 5130 regum

1773 5177 1938 5218 manu
1963 5158 2270 5228 subscripta
2299 5156 2432 5212 inibi
2474 5153 2886 5212 conﬁrmatione
2907 5193 2924 5220 ,
2968 5167 3068 5225 per
3115 5160 3360 5210 nosu'um

1775 5349 1987 5396 curatus
2016 5337 2158 5412 apud
2185 5339 2473 5420 principem
2499 5335 2789 5420 Gerulum,
2839 5335 2980 5408 quod
3017 5335 3365 5417 conspiratio-

1777 5427 1892 5466 nem
1915 5409 2162 5464 adversus
2178 5424 2349 5479 ipsum
2363 5405 2628 5479 cumulus
2648 5407 2928 5462 meditatus
2951 5405 3190 5479 esset_._ob
3204 5404 3361 5474 idque

1775 5481 1960 5562 capas
1984 5475 2292 5562 pra-sene
2335 5478 2618 5562 ducatus,“
2644 5484 2802 5562 Post.
2831 5475 3363 5562 anvun1a:__m

1775 5543 2067 5634 pri-edictus
2090 5547 2252 5632 Wjdo
2269 5547 2502 5606 θωπιὼῆ
2520 5543 2954 5632 Fontanellensis
2985 5543 3362 5629 prafecturam

1778 5630 1917 5676 Innt.
1943 5621 2124 5693 itaque
2153 5619 2278 5674 Inde
2325 5627 2476 5693 patet
2503 5627 2956 5693 conspirationem
3012 5632 3080 5693 In
3105 5612 3362 5693 Carolum

1779 5701 1908 5770 tunc
1932 5680 2129 5770 factum
2155 5703 2280 5770 esse
2293 5730 2308 5754 ,
2328 5680 2501 5770 "cuius
2529 5680 2820 5770 participes
3047 5680 3364 5770 §oanachil-

1778 5763 1898 5819 dem
1923 5771 1977 5818 et
2003 5758 2375 5817 Gaircfredum
2401 5757 2506 5818 hoc
2529 5757 2822 5832 diplomate
2850 5757 3216 5827 intelligimus.
