3920 6310
633 347 767 403 {5.21

628 551 981 612 afﬁrmamus.
1038 555 1266 627 Ideoque
1291 560 1614 614 venerabilis
1636 561 1722 613 vir
1761 560 2024 615 Fulradus
2067 561 2204 614 abha

627 645 694 700 de
713 646 938 702 basilica
964 649 1252 718 peculiaris
1280 651 1489 718 patroni
1520 651 1688 705 nostri
1717 654 1887 705 sancti
1918 651 2158 721 Dionysii
2188 691 2202 713 ,

625 735 720 792 ubi
755 736 868 806 ipse
895 735 1162 806 pretiosus
1214 747 1423 808 martyr
1465 754 1588 793 cum
1625 740 1786 795 sociis
1829 740 1942 795 suis
1990 741 2044 794 in
2078 756 2204 795 cor-

627 841 758 895 pore
784 829 1064 896 quiescere
1091 827 1320 893 videtur,
1343 828 1425 882 vel
1454 817 1567 898 ipse
1593 831 1730 886 abba
1757 847 1878 886 cum
1907 842 2082 886 turma
2096 833 2209 902 plu-

628 917 765 971 rima
791 917 1176 972 monachorum
1203 918 1412 989 degere'
1439 919 1670 986 videtur,
1694 922 1776 976 vel
1809 922 2036 977 Domino
2066 923 2206 978 mili-

627 1017 744 1061 tare
771 1017 1098 1073 noscuntur;
1133 1010 1296 1064 missa
1333 1012 1590 1079 petitione
1635 1015 1790 1069 nobis
1823 1026 2204 1086 suggesserunt

625 1112 691 1151 eo
719 1099 860 1167 quod
893 1107 1020 1154 ante
1039 1101 1136 1155 hos
1164 1115 1336 1155 annos
1355 1101 1580 1158 inluster
1601 1104 1686 1157 vir
1704 1104 2002 1160 Guntaldus
2017 1123 2205 1176 quam-

627 1187 747 1238 dam
772 1187 953 1242 villam
979 1203 1132 1243 suam
1157 1198 1514 1258 nuncupatam
1540 1191 1944 1256 Taberniacum,
1969 1197 2125 1250 sitam
2151 1198 2204 1252 in

625 1295 760 1350 pago
785 1280 1080 1349 Parisiaco,
1115 1298 1214 1352 pro
1258 1285 1452 1340 animae
1484 1302 1595 1341 suae
1618 1289 1853 1343 remedio
1887 1304 2007 1344 cum
2055 1292 2200 1345 omni

627 1375 930 1444 integritate
959 1392 1054 1432 sua
1099 1377 1167 1431 ad
1217 1377 1388 1447 ipsam
1418 1378 1692 1435 basilicam
1744 1381 1923 1436 domni
1965 1383 2202 1453 Dionysii

626 1465 922 1535 delegasset
934 1467 1020 1522 vel
1047 1467 1314 1524 ﬁrmasset
1343 1489 1355 1524 :
1386 1478 1442 1524 et
1485 1480 1668 1542 postea
1695 1470 1928 1530 Joannes
1951 1477 2018 1530 ad
2065 1479 2202 1547 peti-

626 1559 796 1612 tiones
821 1558 1062 1614 inlustris
1084 1559 1185 1614 viri
1205 1560 1423 1616 Ebroini
1444 1561 1663 1630 majoris
1683 1565 1873 1622 domus
1887 1569 2057 1636 ipsam
2083 1585 2205 1625 cur-

627 1665 732 1711 tem
753 1668 848 1724 per
866 1654 1170 1724 precariam
1199 1655 1390 1710 tenuit.
1415 1654 1673 1710 Similiter
1700 1658 1999 1716 Frodoinus
2018 1671 2071 1719 et
2093 1661 2201 1719 Ge-

625 1754 814 1800 runtus
833 1761 927 1814 per
950 1745 1248 1813 precariam
1275 1747 1445 1800 sancti
1468 1747 1704 1819 Dionysii
1729 1757 2033 1821 tenuerunt,
2057 1764 2111 1810 et
2132 1759 2199 1812 ad

1627 352 1896 410 SxECULl
1935 353 2046 408 V'lll
2088 350 2518 408 MONUMENTA
2558 353 2884 412 SELECTA.
3233 418 3250 442 ι
3598 381 3672 442 mg

629 462 902 517 oraculum
931 478 1028 532 pro
1063 479 1246 522 amore
1270 466 1364 521 Dei
1394 477 1448 521 et
1495 467 1848 524 retributione
1895 477 2202 524 sanctorum
2235 470 2278 524 Α

3016 492 3146 552 XVI.

2313 621 2631 705 Prrfceptunt
2662 625 2872 705 Pippini
2909 633 3041 705 regis
3077 634 3298 689 donantis
3335 651 3675 705 mandatu-iocanti

2375 692 2614 775 Dionysii
2656 692 2920 775 castellum
2953 692 3022 754 ἇά
3061 713 3265 775 montem
3301 692 3676 775 sanclidll‘idiaelis-ii

2374 762 2526 827 pago
2548 762 2857 820 Virdunensi
2893 769 3051 839 (auito
3078 771 3213 843 755).

2306 892 2467 954 (Apud
2490 893 2791 946 Felibianum
2812 898 2900 978 ,ni'n
2926 897 3262 978 Dropatﬂlist
3286 908 3410 978 sancti
3439 909 3600 976 Dionysii,
3614 930 3673 978 με,

2812 960 2900 1023 25;
2924 974 2987 1010 ex
3014 961 3074 1012 D.
3101 962 3342 1028 Bouquet.)

2375 1081 2630 1150 Pippinus
2691 1098 2786 1138 rex
2837 1083 3163 1143 Francorum
3213 1089 3290 1144 vir
3326 1092 3517 1149 inluster.
3555 1096 3679 1152 Summ

2305 1185 2431 1223 cura
2456 1180 2512 1224 et
2537 1186 2781 1227 maxema
2820 1175 3102 1232 sulicitudo
3127 1179 3272 1235 debet
3294 1197 3394 1237 esse
3415 1185 3680 1256 princepum,ut
3780 1175 3781 1250 l

2303 1275 2366 1316 ea
2391 1278 2510 1331 qua:
2549 1279 2579 1317 a
2611 1265 2992 1323 sacerdotebus
3016 1268 3210 1324 Christi
3228 1287 3315 1340 pro
3337 1278 3620 1342 opportunitate
3634 1296 3681 1334 ec-

2303 1354 2587 1410 clesiarum
2597 1354 2690 1410 Dei
2713 1355 2914 1411 fuerint
2923 1359 3247 1427 expostulata
3271 1363 3680 1436 sollerterperspeoen,

2303 1455 2358 1500 et
2395 1461 2630 1516 congrua
2660 1446 2745 1502 vel
2785 1457 3050 1518 oportuna
3093 1453 3333 1509 beneﬁcia
3371 1458 3436 1511 eis
3453 1475 3532 1512 non
3549 1461 3682 1527 denum,

2301 1539 2396 1594 scd
2422 1553 2486 1593 ea
2525 1554 2643 1608 qua:
2670 1554 2768 1608 pro
2797 1540 2894 1599 Dei
2933 1543 3140 1598 intuetu
3164 1553 3280 1599 sunt
3303 1548 3362 1601 ad
3380 1547 3562 1603 ellectum
3585 1552 3618 1604 in
3635 1552 3683 1606 liti

2301 1645 2528 1686 nomene
2551 1645 2891 1700 mancepare.
2951 1631 3119 1704 Igitur
3144 1645 3404 1706 cognoscat
3436 1640 3600 1693 omnium
3619 1642 3685 1696 tide-

2301 1718 2431 1773 lium
2462 1719 2556 1774 Dei
2594 1726 2649 1773 et
2688 1730 3034 1788 nostrorum,
3067 1731 3176 1779 tam
3215 1728 3528 1794 praecutiunt,
3553 1740 3687 1797 quinm

625 1837 797 1904 ipsam
833 1805 1233 1906 delegationem
1286 1837 1370 1891 vel
1409 1837 1870 1898 conﬁrmationem
1912 1861 2005 1901 seu
2049 1847 2196 1918 ipsas
2230 1805 2276 1864 Β
2303 1811 2921 1918 ¹Ῐ¹,¹Ψξίῖ¹ὐω,δ³ε³⁰¹ξθξ’
2953 1830 3083 1918 quia
3108 1832 3203 1918 no.3
3224 1833 3314 1886 pro
3336 1819 3688 1918 ¹ξ⁰¹²ῗ¹ξ¹⁴ὶηὶ⁶²ίῖτν
3780 1879 3781 1890 η

623 1926 897 1994 precarias
932 1928 1218 1982 anterioris
1248 1929 1390 1999 regis
1420 1929 1601 1984 domni
1626 1929 2044 2002 Childeberti,et
2070 1954 2195 2008 pre«

623 2017 824 2074 nariam
847 2018 1094 2072 avunculi
1126 2019 1296 2073 nostri
1318 2019 1610 2076 Grimoaldi
1642 2022 1860 2092 majoris
1880 2027 2070 2084 domus
2094 2045 2194 2084 no-

622 2106 708 2163 bis
719 2108 1025 2162 obtulerunt
1041 2111 1107 2164 ad
1120 2109 1480 2178 relegendum.
1499 2112 1566 2166 Et
1577 2115 1829 2181 quoniam
1839 2129 1935 2186 per
1959 2119 2196 2188 iniquam

623 2200 972 2269 cupiditatem
1001 2217 1029 2253 a
1055 2202 1304 2271 malignis
1330 2203 1636 2260 hominibus
1685 2207 1800 2276 ipsa
1837 2209 1960 2262 villa
1997 2210 2198 2266 Taber-

623 2296 810 2350 niacus
831 2296 895 2350 de
921 2296 1035 2365 ipsa
1066 2311 1188 2350 casa
1206 2299 1374 2353 sancti
1403 2299 1638 2371 Dionysii
1661 2301 1760 2357 fuit
1804 2304 2076 2360 abstracta
2114 2308 2197 2362 vel

624 2387 940 2442 imminuta:
970 2389 1121 2457 petiit
1163 2389 1275 2458 ipse
1321 2391 1455 2446 abba
1506 2393 1591 2446 vel
1645 2395 1756 2464 ipsa
1793 2398 2136 2469 congregatio
2167 2416 2197 2454 a

622 2477 938 2533 celsitudine
966 2480 1114 2548 regni
1154 2481 1358 2545 nostri,
1394 2491 1449 2536 ut
1491 2497 1588 2553 per
1623 2492 1861 2540 nostram
1913 2490 2199 2545 conﬁrma-

623 2568 822 2622 tionem
850 2567 935 2622 vel
959 2569 1396 2626 deliberationem
1440 2575 1652 2629 munire
1701 2576 2017 2635 deberemus
2063 2597 2200 2651 pne—

625 2664 861 2726 ceptum,
891 2659 1142 2728 quicquid
1181 2663 1434 2718 casindus
1483 2675 1668 2722 noster
1726 2669 2060 2726 Teudbertus
2105 2687 2202 2742 per

625 2757 871 2804 nostrum
917 2749 1237 2807 beneﬁcium
1267 2753 1436 2822 ipsam
1479 2757 1659 2812 villam
1687 2759 2081 2817 Taberniacum
2111 2779 2200 2818 su-

623 2840 801 2909 perius
827 2840 1224 2897 denominatam
1257 2846 1441 2907 tenuit,
1470 2847 1572 2902 hoc
1605 2857 1687 2904 est
1715 2867 1818 2905 una
1846 2867 1969 2907 cum
2003 2854 2161 2910 terris
2183 2897 2196 2921 ,

615 2930 890 2995 domibus,
924 2932 1182 2998 aediﬁciis,
1212 2936 1497 3004 praesidiis,
1528 2940 1825 3008 mancipiis,
1867 2943 2090 3009 colonis,
2122 2945 2202 2999 in-

621 3023 897 3092 quilinis,
943 3026 1257 3092 accolabus,
1323 3027 1569 3092 libertis,
1633 3033 1803 3088 servis
1854 3043 1961 3088 tam
2003 3034 2200 3091 ibidem

621 3115 883 3182 oriundis,
907 3131 1068 3186 quam
1096 3126 1151 3172 et
1179 3117 1393 3173 aliunde
1446 3121 1715 3181 translatis
1742 3164 1756 3188 ,
1792 3125 2008 3181 rusticis
2032 3134 2087 3180 et
2112 3143 2200 3180 ur-

621 3204 796 3268 banis,
823 3205 1048 3261 saltibus
1075 3217 1234 3276 atque
1276 3209 1599 3275 subvinetis,
1628 3214 1789 3267 terris
1838 3214 1995 3269 cultis
2030 3224 2085 3271 et
2116 3216 2200 3270 in-

626 3295 804 3361 cultis,
839 3295 1030 3361 vineis,
1059 3297 1228 3359 silvis,
1257 3299 1445 3367 pratis,
1472 3302 1718 3369 pascuis,
1758 3319 2086 3373 aquarumve
2113 3306 2204 3360 (ιε.

625 3386 890 3448 cursibus,
907 3387 1220 3456 pecoribus,
1253 3389 1474 3458 peculiis
1503 3431 1517 3455 ,
1570 3391 1770 3447 mobile
1811 3401 1867 3447 et
1896 3394 2200 3460 immobile,

621 3491 888 3546 omneque
929 3491 1098 3545 genus
1144 3478 1406 3547 pecudum
1433 3520 1446 3540 ,
1499 3491 1554 3536 et
1597 3483 1905 3538 universum
1951 3487 2202 3542 meritum

624 3584 746 3623 cum
790 3570 1152 3639 appendiciis,
1206 3571 1521 3642 adjacentiis
1572 3585 1678 3630 tam
1719 3577 1858 3633 infra
1907 3582 2200 3648 terminos,

625 3677 787 3732 quam
813 3671 967 3717 extra
993 3663 1271 3728 terminos,
1297 3679 1591 3736 omnesque
1606 3683 1692 3723 res
1716 3671 2035 3740 adquisitas,
2053 3676 2204 3745 quic-

624 3755 752 3824 quid
780 3753 886 3807 dici
913 3763 1007 3808 aut
1029 3755 1294 3808 nominari
1313 3767 1497 3824 potest
1520 3775 1613 3814 seu
1650 3770 1705 3816 et
1732 3760 1851 3816 illas
1869 3765 2106 3820 colonias
2148 3768 2201 3824 in

607 3841 943 3897 ‘Acebrelido
970 3852 1025 3896 et
1051 3842 1284 3908 Walion,
1318 3853 1374 3899 et
1399 3847 1545 3904 illam
1593 3849 1908 3906 Warinnam
1966 3855 2201 3912 ﬁscalem

625 3953 722 4008 per
741 3953 900 4007 quam
940 3939 1029 3994 illa
1063 3956 1180 3994 mea
1203 3947 1532 3999 consuetudo
1567 3954 1652 4001 est
1682 3950 1916 4013 trahere,
1945 3967 2108 4020 quam
2137 3955 2204 4008 ad

610 4031 797 4096 ipsam
828 4027 1008 4084 villam
1041 4030 1363 4086 Tcutbertus
1413 4036 1603 4101 tenuit,
1627 4045 1680 4090 et
1707 4041 1959 4109 quicquid
1988 4057 2018 4095 a
2048 4042 2204 4113 longo

630 4132 867 4191 tempore
914 4123 980 4178 ad
1025 4124 1197 4194 ipsam
1251 4124 1428 4180 villam
1477 4117 1702 4184 abaniea
1747 4130 1846 4186 fuit
1890 4135 2202 4205 adspeetum

624 4211 706 4265 vel
731 4227 1071 4283 possessum;
1111 4229 1210 4284 per
1236 4225 1475 4271 nostram
1501 4220 1875 4278 auctoritatem
1899 4223 1982 4279 vel
2008 4225 2204 4280 conﬁr-

624 4305 912 4358 mationem
933 4311 989 4358 et
1013 4318 1112 4373 pro
1147 4305 1442 4362 stabilitate
1470 4310 1618 4380 regni
1678 4313 1848 4367 nostri
1876 4314 1927 4367 in
1969 4313 2063 4368 Dei
2113 4331 2205 4368 no-

624 4396 767 4450 mine
801 4394 868 4448 ad
891 4393 1006 4464 ipsa
1032 4409 1158 4449 casa
1205 4397 1377 4451 sancti
1409 4397 1646 4470 Dionysii
1701 4417 1841 4473 saape
1889 4404 2030 4459 dicta
2079 4405 2204 4460 villa

621 4483 990 4546 Taberniacus
1011 4499 1132 4539 cum
1166 4486 1309 4539 omni
1342 4485 1647 4558 integritate
1685 4493 1767 4547 vel
1801 4492 2068 4551 soliditate
2106 4511 2200 4550 sua
2227 4507 2284 4570 β

621 4590 877 4631 concessa
913 4576 997 4630 vel
1034 4577 1352 4634 conﬁrmata
1386 4599 1397 4632 :
1433 4591 1486 4635 et
1531 4585 1788 4654 quicquid
1841 4588 2035 4644 exinde
2088 4591 2202 4661 ipse

624 4676 802 4722 rector
820 4667 902 4722 vel
926 4669 1039 4738 ipsa
1073 4673 1421 4742 congregatio
1443 4677 1616 4730 sancti
1644 4676 1881 4748 Dionysii
1909 4681 2088 4737 facere
2109 4700 2203 4738 vo-

622 4759 841 4823 luerint,
871 4758 1094 4814 liberam
1125 4770 1180 4817 et
1207 4762 1571 4820 firmissimam
1602 4769 1656 4822 in
1691 4771 1942 4827 omnibus
1970 4773 2202 4830 habeant

619 4857 940 4918 potestatem
970 4850 1198 4908 faciendi
1227 4871 1240 4907 :
1269 4863 1323 4910 et
1363 4870 1461 4924 per
1489 4857 1647 4926 hujus
1689 4869 1884 4916 nostra:
1909 4865 2202 4920 auctorita-

623 4943 691 4997 tis
724 4949 905 4998 teneat
951 4944 1190 5015 vigorem
1226 4958 1564 5017 nuncupatus
1618 4951 1881 5009 Fulradus
1913 4955 2050 5010 abba
2075 4973 2201 5013 con-

623 5032 889 5089 ﬁrmatam
915 5036 968 5090 in
1006 5037 1128 5106 jure
1153 5046 1208 5093 et
1221 5038 1586 5096 dominatione
1633 5060 1728 5099 sua
1755 5062 1875 5101 cum
1903 5047 1998 5104 Dei
2028 5059 2084 5104 et
2106 5067 2203 5105 no-

619 5131 732 5176 stra
756 5126 927 5194 gratia
956 5127 1022 5181 ad
1048 5136 1258 5196 partem
1303 5132 1472 5186 sancti
1499 5131 1759 5205 Dionysii.
1788 5138 1854 5193 Et
1881 5151 1939 5196 ut
1967 5143 2096 5198 aevis
2139 5161 2204 5200 ac

621 5210 816 5268 futuris
840 5218 1168 5285 temporibus
1197 5229 1411 5274 maneat
1429 5222 1819 5296 inconvulsum,
1835 5246 1994 5287 manu
2019 5244 2200 5289 nostra

622 5302 806 5359 subter
854 5321 975 5362 eam
1013 5310 1354 5368 decrevimus
1392 5313 1662 5371 aﬂirmare
1712 5329 1766 5374 Cl
1812 5313 1970 5378 illiillo
2020 5337 2204 5383 11051.Γο

619 5396 880 5471 sigillam,

691 5488 918 5562 Signum
960 5492 1204 5550 inlustris
1236 5496 1337 5552 viri
1377 5498 1558 5553 domui
1591 5509 1648 5555 et
1673 5501 2046 5570 gloriosissimi
2076 5507 2202 5578 Pip-

618 5581 731 5658 pini
761 5584 926 5654 regis.

692 5673 1004 5737 Widmarus
1029 5673 1212 5753 jussus
1235 5679 1563 5748 recognovit.

696 5761 826 5820 Data
851 5781 991 5818 anno
1015 5766 1175 5818 tertio
1201 5769 1344 5835 regni
1375 5771 1564 5836 nostri,
1601 5772 1875 5830 Vermcria
1905 5776 1955 5830 in
1982 5777 2202 5846 palatio.

2298 1910 2385 1956 cto
2421 1901 2671 1957 Dionesie
2693 1904 2943 1972 specialis
2975 1908 3187 1975 patroni
3221 1909 3394 1973 nostri,
3418 1910 3488 1964 ubi
3509 1909 3687 1965 Follmlas
3780 1955 3781 1976 η

2298 1991 2468 2046 abbas
2503 1999 2558 2044 et
2607 2003 2789 2048 custos
2827 2008 3059 2063 praeesse
3091 1996 3386 2063 dinoscitur,
3420 1999 3509 2053 loco
3544 2001 3634 2052 aleae

2297 2095 2436 2151 pago
2468 2081 2830 2138 Vereduninse
2852 2125 2864 2148 ,
2911 2100 3034 2154 quae
3060 2087 3342 2155 appellatur
3373 2088 3429 2142 ad
3451 2087 3688 2141 lluntemSn-

2299 2182 2385 2228 clo
2419 2173 2642 2229 Micaclo
2667 2176 2974 2246 arcangelo,
3005 2192 3168 2248 super
3210 2178 3356 2234 ﬂuvio
3380 2178 3577 2246 Marsupia
3608 2179 3690 2244 (lla-

2299 2269 2506 2338 soupe),
2531 2283 2694 2338 quem
2717 2269 3027 2336 Fulfoaldus
3046 2273 3305 2342 quondam
3331 2288 3415 2342 pro
3435 2288 3506 2326 sua
3523 2271 3594 2324 vita
3609 2272 3690 2324 nobis

2300 2356 2466 2422 dedit,
2495 2372 2594 2428 pro
2622 2373 2686 2412 eo
2714 2359 2860 2429 quod
2900 2359 2994 2413 illo
3021 2360 3240 2415 castello
3275 2362 3446 2416 ibidem
3467 2360 3608 2413 volebat
3625 2359 3689 2410 ali-

2300 2444 2463 2499 ﬁcare
2504 2445 2572 2500 ad
2602 2454 2816 2502 nostros
2859 2448 3110 2505 inimicos
3132 2450 3481 2519 recipiendum,
3515 2456 3689 2502 sxwtcue

2300 2537 2581 2604 probatum
2629 2546 2731 2601 est,
2778 2547 2834 2592 et
2880 2539 2946 2593 ad
2989 2539 3318 2596 Francorum
3341 2540 3545 2610 judicium
3577 2546 3691 2608 propter

2301 2629 2404 2683 hoc
2431 2628 2628 2683 missus
2654 2628 2756 2684 fuit
2781 2630 2848 2683 ad
2877 2630 3064 2686 caulas
3093 2650 3105 2685 :
3153 2633 3243 2688 sed
3271 2624 3691 2686 Folleradusalibasnl

2301 2717 2415 2788 ipsa
2462 2720 2814 2788 congregacio
2861 2729 3051 2776 sancto
3091 2721 3356 2777 Dioninsio
3396 2721 3517 2775 nobis
3545 2715 3692 2787 deprecati

2301 2819 2427 2864 sunt
2458 2825 2556 2880 pro
2585 2826 2670 2874 eo,
2702 2820 2755 2867 et
2781 2827 2932 2866 suam
2959 2812 3128 2867 vitam
3158 2814 3231 2867 illi
3254 2806 3693 2883 perdonavemusnlia'

2301 2916 2506 2966 amore,
2523 2912 2580 2957 et
2603 2903 2783 2958 domui
2802 2904 3114 2961 Dioninsize.
3147 2905 3415 2977 Propterea
3432 2905 3476 2960 in
3492 2911 3613 2958 nostra
3627 2910 3694 2953 mer

2301 2992 2430 3046 cede
2458 3001 2513 3048 et
2533 2994 2770 3050 remedio
2793 2995 2986 3050 animae
3012 2997 3196 3052 domni
3221 2996 3451 3066 genitoris
3471 2992 3589 3048 nostri
3605 2987 3694 3043 limi

2302 3081 2567 3138 donamus
2607 3084 2723 3154 ipso
2751 3084 2868 3140 loco
2895 3094 2951 3139 et
2981 3087 3209 3142 castello
3247 3088 3310 3141 ad
3336 3077 3696 3141 mouisteriumbati

2223 3160 2279 3224 δ
2306 3175 2486 3231 domui
2520 3178 2806 3233 Dioninsiao
2833 3180 2920 3234 ubi
2961 3183 3181 3236 enotriti
3205 3198 3393 3242 sumus,
3434 3195 3526 3234 cum
3556 3175 3698 3231 omnelns

2304 3269 2465 3323 rebus
2502 3269 2569 3323 ad
2615 3285 2672 3324 se
2716 3273 3123 3341 pertenentibus
3153 3274 3234 3329 vel
3263 3269 3614 3343 reSpecientebnS.
3641 3277 3699 3317 ωε

2304 3361 2570 3430 mancipia
2613 3363 2894 3434 utriusque
2923 3381 3116 3431 sexus,
3167 3377 3222 3422 et
3249 3377 3350 3422 tam
3373 3365 3514 3428 terris,
3541 3358 3700 3416 ἀοωθδδι

2303 3453 2562 3519 aediﬁciis,
2592 3454 2783 3522 vineis,
2815 3455 2985 3520 silvis,
3013 3459 3208 3527 pratis,
3250 3455 3457 3527 pascuis,
3479 3452 3600 3522 aquis,
3619 3458 3702 3514 θην

2305 3559 2491 3600 rumve
2537 3547 2854 3603 decursibus
2878 3590 2893 3614 ,
2943 3551 3230 3605 movilibus
3257 3558 3307 3604 et
3349 3533 3702 3603 immovilibusﬁtl

2303 3637 2559 3706 quicquid
2586 3638 2691 3694 dici
2720 3648 2813 3694 aut
2841 3644 3124 3696 nomenari
3153 3652 3340 3712 potest,
3373 3651 3421 3696 et
3440 3653 3536 3694 cum
3551 3627 3702 3703 ἰρςοεάε·

2306 3729 2418 3782 rico
2465 3731 2556 3798 qui
2601 3731 2874 3786 deservire
2933 3733 3202 3789 videntur.
3263 3735 3377 3789 Ideo
3410 3746 3490 3802 per
3523 3728 3703 3796 prmia

2303 3822 2716 3891 praeceptionem
2759 3832 2998 3880 nostram
3031 3826 3341 3881 ordinamus
3371 3833 3420 3880 et
3451 3815 3704 3878 consulum

2305 3919 2362 3965 ut
2390 3913 2530 3968 sicut
2552 3923 2762 3970 constat
2787 3917 2930 3985 quod
2960 3933 3059 3972 nos
3085 3935 3183 3990 per
3206 3918 3398 3988 justitia
3418 3925 3465 3970 et
3481 3915 3566 3983 lege
3583 3908 3705 4001 Fratre?

2305 4018 2424 4056 rum
2459 4005 2573 4072 ipso
2615 4005 2734 4060 loco
2777 4016 2833 4060 et
2881 4009 3104 4065 castello
3147 4010 3505 4081 adquesivimus
3536 4004 3573 4056 in
3605 3995 3704 4068 Phi”

2305 4103 2510 4157 nostro,
2543 4093 2615 4148 ita
2658 4097 2860 4153 nostris
2894 4106 2948 4153 et
2976 4097 3177 4156 futuris
3203 4098 3500 4169 temporibus
3530 4085 3706 4161 ipsum

2304 4181 2618 4239 Folleradus
2667 4195 2828 4256 atque
2855 4203 3200 4247 successores
3245 4191 3348 4257 sui,
3392 4188 3464 4243 vel
3487 4187 3708 4256 ipsam

2305 4275 2460 4346 gacio
2485 4287 2670 4334 sancta
2698 4292 3055 4338 memoratum
3087 4286 3261 4341 locum
3282 4286 3499 4345 habeant,
3524 4277 3708 4333 teneam“

2306 4381 2410 4436 αυε
2444 4369 2765 4436 Dossedeant
2792 4373 2860 4428 ad
2887 4373 3005 4443 ipsa
3031 4386 3217 4432 sancta
3249 4376 3454 4431 baselica
3479 4373 3521 4426 in
3542 4370 3709 4437 perpellit?

2306 4466 2360 4511 et
2390 4467 2448 4513 ut
2487 4461 2565 4515 eis
2602 4462 2796 4519 melius
2829 4478 3040 4535 semper
3085 4467 3310 4524 delectet
3352 4481 3439 4536 pro
3469 4478 3544 4518 nos
3571 4455 3623 4509 vel
3644 4449 3712 4504 ﬁlios

2305 4558 2544 4616 nostros,
2589 4567 2682 4607 seu
2709 4569 2809 4623 pro
2834 4555 3126 4612 stabilitate
3155 4560 3301 4628 regni
3327 4555 3476 4612 nostri
3497 4561 3608 4637 atque
3626 4543 3713 4637 ῖτῆιῆ

2303 4657 2488 4697 corum
2514 4684 2528 4710 ,
2559 4644 2647 4699 die
2673 4655 2938 4716 noctuque
2985 4649 3313 4705 incessanter
3333 4662 3497 4709 orare,
3522 4641 3581 4695 vel
3599 4636 3712 4730 Deum

2304 4736 2730 4791 misericordiam
2773 4737 3103 4809 deprecare;
3154 4752 3210 4796 et
3252 4743 3384 4796 sicut
3414 4735 3537 4791 nobis
3567 4733 3715 4817 pultm?“

2304 4833 2448 4888 runt,
2480 4839 2578 4895 per
2603 4827 2840 4897 singulos
2860 4827 2977 4884 dies
3005 4847 3199 4886 nomen
3243 4841 3460 4885 nostrum
3496 4833 3578 4878 tam
3596 4818 3629 4871 ίιι
3645 4820 3715 4897 ηυξ

2305 4932 2392 4971 sas
2419 4894 2580 4986 quam
2611 4927 2666 4972 et
2694 4894 3006 4989 peculiares
3033 4938 3219 4978 eorum
3249 4918 3538 4978 orationibus
3558 4908 3604 4963 ad

2303 4978 2496 5064 chruin
2524 5008 2693 5078 ipsius
2707 4978 2780 5064 IS.
2812 5010 3065 5067 Dionisize
3089 5013 3314 5067 debeant
3339 5007 3558 5064 recitare:
3578 4978 3715 5095 elisitd

2305 5100 2406 5154 hoc
2451 5109 2545 5155 aut
2570 5100 2784 5156 inantea
2811 5118 3000 5159 eorum
3045 5104 3098 5158 in
3141 5105 3276 5159 alico
3302 5104 3408 5157 loco
3439 5088 3716 5166 oportuniulltm

2306 5190 2545 5246 invenire
2598 5193 2968 5262 potuerimus,
3019 5196 3097 5249 eis
3147 5193 3325 5250 libenti
3356 5190 3506 5245 animo
3540 5167 3716 5274 concedi"l3

2307 5282 2568 5336 volumus.
2618 5281 2686 5336 Et
2730 5292 2788 5336 ut
2830 5283 2944 5338 lucc
2978 5294 3281 5339 auctoretas
3326 5280 3398 5336 vel
3440 5268 3718 5345 ρι’ποεινιίον

2307 5383 2417 5425 stra
2446 5414 2459 5436 ,
2507 5375 2649 5442 quod
2698 5375 2852 5428 nobis
2896 5376 3293 5443 postulaverunt
3334 5373 3456 5427 circa
3503 5351 3717 5461 ipsa"???

2309 5479 2431 5516 casa
2468 5463 2560 5517 Dei
2590 5464 2858 5535 proﬁciat,
2903 5475 2958 5521 et
2982 5469 3098 5523 evis
3137 5477 3190 5522 et
3213 5465 3394 5520 futuris
3418 5448 3718 5532 tempoﬁbu“?

2310 5554 2562 5610 convulsa
2596 5556 2681 5609 vel
2705 5557 2861 5612 ﬁrma
2886 5557 3082 5614 habeat
3106 5569 3425 5631 permanere,
3448 5557 3574 5604 manu
3595 5537 3718 5643 Progr:

2312 5649 2498 5700 subter
2537 5647 2889 5717 ﬁrmavimus,
2939 5652 3090 5706 etde
3132 5649 3286 5706 anulo
3313 5653 3472 5702 nostro
3494 5633 3717 5703 ίτηρηῦιοίπ

2311 5735 2510 5808 signari
2532 5735 2812 5810 jussimus.

3767 101 3782 810 1
