3920 6310
134 402 253 461 ibi!

871 403 1129 471 PlPPlNI,
1171 400 1659 461 CAROLOMANN!
1698 401 1785 457 ET
1818 400 2127 458 auorum
2159 384 2570 461 mrtem“.

3214 376 3350 464 isse

189 518 396 591 Signum
437 517 821 588 gloriosissimo
861 516 1059 572 domno
1084 515 1309 587 Pippino
1347 528 1491 586 rege.
1541 512 1671 583 Ejus
1696 517 1745 578 Α
1774 500 1969 583 regalis
1992 512 2312 579 sublimitas,
2339 531 2441 571 nec
2459 514 2702 585 iudicum
2731 532 2871 573 saeva
2892 519 3155 591 cupiditas
3181 522 3352 577 refra-

120 608 289 682 jussus
311 608 618 679 recognovit
639 615 695 662 et
720 607 1020 677 adscripsit.

189 700 367 755 Datum
401 706 593 768 quarto
635 697 752 753 Kal.
800 696 1062 767 Augusti,
1097 710 1237 750 anno
1282 702 1476 764 quarto
1521 693 1673 763 regni

123 791 301 855 nostri,
326 789 650 859 Gompendio
671 788 724 842 in
754 787 849 841 Dei
876 787 1090 842 nomine
1114 784 1357 840 feliciter.
1383 783 1575 838 Amen.

813 898 970 955 XVII.

122 993 347 1063 Diploma
395 990 599 1062 Pippini
637 989 769 1059 regis
826 1005 920 1059 pro
954 986 1267 1042 monasterio
1319 984 1678 1039 Nantuacensi

703 1060 865 1131 (anno
904 1056 1051 1128 757).

726 1074 865 1112 anno
906 1074 1051 1112 fall.

117 1154 272 1216 (Apud
330 1150 806 1216 Guichenonem__in
845 1147 1044 1216 Proba}.
1084 1146 1313 1216 Historia
1354 1144 1677 1205 Sebosianae,

526 1224 641 1275 pag.
662 1210 777 1270 215,
803 1222 869 1260 ex
898 1208 958 1258 υ.
984 1209 1251 1270 Bouqnet.)

181 1294 426 1364 Pippinus
467 1308 562 1347 rex
599 1292 951 1357 Franwrum,
990 1290 1238 1346 omnibus
1264 1288 1548 1360 episcopis,
1590 1302 1682 1343 co-

113 1387 344 1452 mitibus,
375 1386 622 1449 ducibus,
640 1385 950 1447 abbatibus,
976 1382 1303 1447 domesticis,
1329 1380 1678 1444 centenariis,

108 1479 337 1544 vicariis,
364 1486 523 1547 atque
545 1475 820 1544 judicibus
848 1473 1070 1540 nostris,
1100 1472 1184 1528 vel
1213 1472 1464 1528 omnibus
1498 1470 1681 1526 missis

106 1567 300 1623 nostris
324 1566 769 1623 discurrentibus.

173 1655 515 1728 Cognoscatis
556 1655 701 1725 quod
747 1654 1040 1708 maximum
1077 1652 1227 1724 regni
1267 1650 1437 1707 nostri
1484 1665 1682 1721 augere

104 1748 366 1803 credimus
387 1746 682 1809 munimen,
712 1744 757 1799 si
779 1742 1060 1800 beneﬁcia.
1091 1782 1104 1795 .
1134 1781 1147 1795 .
1176 1781 1189 1794 .
1226 1747 1523 1811 opportuna
1549 1739 1683 1795 locis

102 1838 447 1893 ecclesiarum
501 1835 586 1890 vel
631 1841 939 1890 sanctorum
985 1830 1243 1887 benevola
1293 1829 1678 1885 deliberatione
1707 1851 1755 1910 Β

101 1928 474 1985 concedamus.
518 1940 581 1979 ac
607 1922 834 1978 Domino
858 1928 1169 1992 protegente
1194 1919 1457 1975 stabiliter
1483 1919 1679 1973 durare

100 2018 522 2074 contribuamus.
556 2013 723 2084 Igitur
761 2011 973 2066 noverit
999 2010 1219 2065 solertia
1247 2017 1446 2072 vestra,
1483 2024 1581 2063 nos
1610 2010 1677 2063 ad

100 2105 409 2177 petitionem
436 2102 758 2160 venerabilis
780 2102 883 2157 viri
905 2101 1101 2172 Siagrii
1127 2101 1337 2156 abbatis
1365 2099 1678 2154 monasterii

103 2198 380 2262 Nantoaci,
403 2197 543 2267 quod
569 2203 652 2250 est
680 2203 1045 2250 constructum
1074 2194 1126 2248 in
1156 2194 1358 2248 honore
1386 2194 1557 2247 beata:
1584 2191 1677 2246 Dei

96 2289 369 2361 genitricis
395 2288 593 2352 Μαι-ιω,
621 2295 678 2341 et
699 2285 869 2342 sancti
892 2285 1037 2340 Petri
1069 2285 1315 2356 apostoli,
1347 2284 1430 2340 vel
1454 2292 1680 2341 caetero-

100 2399 217 2436 rum
249 2390 557 2437 sanctorum
577 2419 592 2444 ,
622 2379 728 2434 tale
756 2394 854 2449 pro
876 2387 1077 2433 aeterna
1104 2376 1455 2432 retributione
1479 2374 1681 2431 beneﬁ—

94 2474 237 2528 cium
263 2473 568 2528 censuimus
584 2471 890 2534 indulsisse,
905 2469 1132 2523 utvillas
1153 2467 1462 2523 monasterii
1487 2466 1677 2535 ipsius,

95 2578 230 2632 quas
258 2562 515 2616 moderno
541 2570 782 2629 tempore
805 2567 899 2613 aut
918 2566 1102 2614 nostro
1130 2557 1215 2612 vel
1246 2555 1534 2624 cujuslibet
1562 2570 1681 2610 mu-

94 2666 225 2707 nere
250 2652 446 2707 habere
471 2651 704 2714 videtur,
737 2649 821 2703 vel
845 2664 980 2718 quas
1008 2648 1262 2718 deinceps
1292 2649 1345 2702 in
1365 2647 1487 2716 jure
1512 2646 1680 2716 ipsius

96 2742 407 2798 monasterii
434 2740 604 2797 sancti
628 2740 729 2795 loci
753 2739 983 2794 voluerit
1016 2738 1197 2794 divina
1239 2738 1413 2807 pietas
1452 2736 1680 2806 ampliﬁ-

94 2848 242 2898 care,
273 2832 450 2887 nullus
469 2830 636 2900 judex
665 2830 914 2903 publicus
941 2829 1010 2886 ad
1041 2844 1235 2885 causas
1260 2827 1556 2882 audiendas
1583 2842 1677 2880 un—

93 2932 259 3000 dique
283 2970 299 2995 ,
346 2938 440 2985 aut
468 2926 617 2984 freda
644 2927 902 2998 exigenda
932 2964 947 2990 ,
986 2924 1364 2994 quoquomodo
1391 2930 1681 2992 prmsumat

90 3019 329 3092 ingredi:
360 3019 456 3075 sed
480 3018 583 3073 hoc
602 3018 717 3087 ipse
742 3017 911 3071 abbas
933 3021 1027 3068 aut
1047 3013 1294 3069 monachi
1319 3026 1680 3067 successores-

91 3127 200 3181 que
222 3126 410 3166 eorum
447 3116 669 3179 propter
713 3120 907 3161 nomen
936 3105 1148 3160 Domini
1175 3111 1343 3174 agant
1382 3102 1483 3157 sub
1508 3101 1678 3157 domi-

89 3204 310 3260 natione
334 3211 539 3258 nostra.
587 3199 878 3256 Studentes
896 3212 1027 3268 ergo
1056 3202 1117 3251 ut
1146 3209 1320 3267 neque
1352 3210 1470 3259 vos,
1494 3209 1671 3263 neque
1700 3209 1745 3271 ε

91 3298 336 3352 minores
360 3303 457 3350 aut
492 3305 833 3349 successores
856 3289 1062 3353 nostri,
1094 3301 1270 3357 neque
1312 3285 1421 3341 ulla
1462 3284 1674 3354 publica

87 3385 375 3456 iudiciaria
408 3390 648 3454 potestas
675 3394 894 3451 quoquo
920 3380 1126 3435 honore
1152 3377 1207 3432 in
1248 3375 1404 3430 villas
1430 3374 1676 3429 ubicum-

89 3489 199 3544 que
232 3475 289 3529 in
318 3486 483 3544 regno
522 3478 723 3533 nostro,
766 3469 879 3524 Deo
916 3466 1167 3538 propitio,
1198 3465 1265 3520 ad
1294 3463 1463 3536 ipsius
1490 3478 1677 3518 mona-

87 3565 241 3621 sterii
267 3603 282 3617 .
309 3602 323 3617 .
350 3602 365 3616 .
392 3602 408 3617 .
435 3601 449 3616 .
501 3575 629 3617 vere
658 3568 839 3615 autem
864 3558 1013 3628 regia
1039 3558 1154 3613 sive
1194 3556 1530 3627 privatorum
1557 3552 1670 3608 lar-

87 3656 255 3726 gitate
279 3653 495 3716 collata,
526 3650 611 3706 vel
636 3651 851 3704 inantea
877 3647 1161 3711 collatura,
1185 3645 1255 3700 ad
1281 3643 1575 3699 audiendas
1604 3642 1678 3697 ει.

87 3744 426 3801 tercaciones
451 3741 679 3812 ingredi,
720 3748 814 3794 aut
838 3737 987 3793 freda
1021 3737 1088 3793 de
1111 3735 1352 3807 qualibet
1376 3748 1539 3788 causa
1562 3732 1675 3787 exi-

87 3849 235 3907 gere,
286 3848 389 3889 nec
443 3832 749 3887 mansiones
814 3838 908 3884 aut
954 3825 1298 3896 ﬁdeiussores
1347 3823 1533 3880 tollere
1560 3839 1667 3880 non

87 3927 447 4000 praesumatis,
489 3939 589 3979 nec
616 3924 761 3994 ipsos
787 3937 886 3993 pro
920 3921 1025 3977 hoc
1069 3921 1371 3990 inquietare
1411 3932 1513 3972 nec
1545 3931 1677 3973 con-

87 4024 387 4084 demnare;
428 4017 555 4088 quia
583 4015 778 4071 ibidem
807 4029 874 4069 ex
900 4012 1136 4082 legitima
1177 4009 1458 4065 vocatione
1495 4006 1679 4064 deser-

87 4120 286 4183 viunt;
337 4123 433 4172 aut
459 4113 527 4170 de
550 4111 672 4167 aliis
694 4108 1123 4166 deservientihus
1150 4105 1245 4176 qui
1268 4104 1337 4161 ad
1361 4103 1538 4174 ipsum
1565 4116 1679 4157 meo

87 4206 386 4267 nasterium
409 4218 533 4261 cum
560 4200 800 4272 legitimo
822 4197 1012 4253 ordine
1053 4195 1262 4249 servire
1296 4193 1562 4254 videntur,
1593 4190 1677 4246 in-

87 4300 170 4356 fra
205 4312 372 4369 agros
416 4294 507 4360 vel
551 4289 962 4348 terminationes
984 4325 1001 4353 ,
1047 4292 1144 4340 aut
1190 4283 1326 4339 ﬁnes
1370 4297 1467 4338 seu
1515 4296 1679 4350 super

87 4403 267 4448 terras
288 4386 533 4461 praedicti
562 4380 900 4451 monasterii,
949 4394 1070 4449 qua:
1096 4377 1295 4433 ibidem
1321 4374 1562 4446 legitimo
1588 4388 1677 4427 or-

88 4484 209 4538 dine
230 4480 522 4551 pertinent,
553 4475 715 4532 ﬁscus
742 4489 852 4531 non
881 4471 1130 4535 defreda,
1182 4475 1279 4524 aut
1302 4468 1677 4536 undecumque

87 4543 302 4629 soterat
324 4583 567 4640 sperare,
587 4582 655 4625 ex
681 4573 865 4622 nostra
885 4561 1217 4633 indulgentia
1234 4598 1251 4626 ,
1274 4574 1373 4630 pro
1394 4556 1577 4615 futura
1597 4572 1682 4613 sa-
1712 4557 1762 4619 ι)
1785 4543 1801 4597 ί

88 4673 231 4730 ate,
287 4664 343 4718 in
378 4660 680 4717 luminariis
723 4657 894 4729 ipsius
940 4652 1256 4711 monasterii
1301 4651 1369 4707 ad
1412 4650 1527 4720 ipsa
1560 4649 1677 4706 loca

87 4764 398 4814 sanctorum
429 4767 525 4824 per
558 4765 752 4806 manus
794 4754 984 4803 nostra
1031 4742 1360 4799 authoritate
1407 4740 1460 4795 in
1489 4754 1679 4810 perpe-

88 4862 234 4903 ,ιιιιιιι
270 4844 516 4916 perﬁciat
551 4836 842 4915 [proﬁciat]
868 4854 883 4905 ;
913 4850 1086 4905 eaque
1111 4849 1210 4889 nos
1233 4840 1454 4902 propter
1481 4845 1678 4885 nomen

87 4938 320 5001 )omini,
358 4942 415 4991 et
436 4942 637 4989 nostra:
664 4931 858 4986 animae
902 4927 1155 4990 salutem,
1195 4938 1290 4979 seu
1318 4931 1521 4977 nostra:
1545 4921 1676 4975 sub-

87 5028 360 5100 sequentis
384 5022 683 5096 progeniei,
704 5021 863 5092 plena
877 5017 1171 5074 donatione
1198 5013 1537 5070 indulsimus.
1568 5009 1680 5066 Nec

152 5217 178 5245 ι
209 5199 607 5260 Observatione
636 5196 970 5267 dignumest
984 5191 1087 5267 hoc
1125 5189 1404 5259 placitum,
1449 5193 1563 5267 tum
1606 5184 1677 5267 ob

88 5255 510 5349 δτβιῖεέῐιίθῇιεε
554 5255 1217 5349 temporisd‘isciplinai‘n,
1267 5267 1380 5311 tum
1409 5255 1472 5339 ος»
1504 5264 1677 5310 nocte:

88 5328 365 5415 enitimur,
410 5328 478 5396 5.1
504 5353 639 5410 quas
664 5328 718 5391 in
741 5328 998 5405 palatium
1027 5338 1213 5415 partes
1237 5328 1528 5415 convenire
1548 5340 1677 5379 con-

88 5394 365 5475 sileain:
414 5394 473 5467 ut
508 5394 657 5482 a'nte‘
682 5394 860 5482 regem
901 5394 1063 5457 causa
1088 5398 1424 5482 deﬁniretur.
1475 5394 1678 5482 Nempe

88 5502 206 5541 :um
240 5483 396 5538 missi
425 5499 522 5554 per
562 5494 619 5536 se
646 5478 746 5554 ipsi
769 5478 1192 5554 controversiain
1220 5481 1544 5554 componere
1571 5480 1676 5554 non

88 5536 591 5623 iaiériihgpaiugs
616 5536 923 5623 citabantur
951 5544 1007 5623 in
1045 5536 1398 5623 audientiam.
1422 5536 1678 5623 regisggut

98 5645 132 5680 ιι
162 5625 288 5697 ejus
315 5610 601 5697 priésentia
639 5634 729 5674 res
761 5615 1098 5697 deﬁniretur.
1144 5610 1272 5697 Dies
1294 5614 1491 5697 autem
1520 5610 1678 5697 jejps-

87 5676 601 5751 diodirinduciarum
630 5697 804 5759 noctes
830 5682 1087 5759 appellari
1134 5680 1380 5759 solebant
1404 5676 1546 5759 apud
1584 5689 1678 5759 vc:

262 5745 546 5819 'Fiioéos.
599 5760 676 5815 De
728 5758 814 5811 bis
860 5745 1108 5810 noctibus
1154 5753 1283 5823 item
1333 5745 1455 5819 agit'
1494 5745 1676 5823 βεξοιί

87 5816 266 5905 ἦξιᾷἶῆ
285 5816 554 5907 placitum
576 5831 641 5887 ad
663 5841 860 5883 annum
888 5823 1013 5882 812.
1062 5816 1391 5890 Exemplum
1405 5816 1678 5887 antiquius

1773 618 1898 673 gare
1921 611 2165 658 conetur.
2204 603 2275 659 Ut
2302 614 2481 660 autem
2510 621 2748 676 praesens
2765 608 3064 665 authoritas
3087 618 3193 664 tam
3215 625 3354 680 pta:-

1774 696 2018 749 sentibus
2062 709 2222 764 quam
2271 692 2465 751 futuris
2514 695 2892 768 (temporibus)
2942 700 3193 754 inviolata
3242 700 3354 756 Deo

1772 786 2003 855 propitio
2050 799 2367 854 permanere
2398 784 2593 850 valeat,
2645 802 2838 842 manus
2867 797 3067 845 nostra:
3111 790 3354 845 subseri;

1772 874 2046 944 ptionibus
2071 874 2209 928 infra
2232 873 2477 929 roborari
2512 874 2869 930 decrevimus.
3136 880 3147 889 '

1845 964 2069 1035 Signum
2089 964 2264 1033 Pipini
2289 964 2660 1036 gloriosissimi
2684 967 2829 1036 regis

1844 1055 1901 1110 In
1924 1056 2021 1110 Dei
2048 1055 2266 1112 nomine
2307 1055 2526 1125 scripsit
2552 1056 2758 1111 Badillo
2782 1072 2968 1113 mense
2992 1058 3235 1127 Augusto
3258 1058 3353 1115 de-

1777 1148 1916 1203 cima
1941 1147 2028 1203 die
2047 1147 2103 1202 in
2123 1162 2266 1204 anno
2285 1155 2438 1205 sexto
2457 1149 2627 1219 regni.
2660 1149 2851 1204 Actum
2864 1149 3135 1206 Attintaco
3157 1149 3357 1222 palatio

1776 1237 2006 1309 publice.

2483 1330 2665 1387 XVIII.

1779 1420 2013 1504 I’ippini.
2037 1422 2339 1504 implacitnm
2373 1422 2451 1504 ’ἀς
2495 1422 2710 1476 idoneis
2760 1421 2996 1504 omnibus
3043 1420 3102 1504 in
3130 1429 3358 1504 mercato

1847 1490 2013 1572 sancti
2040 1490 2277 1572 Dionysii
2316 1491 2386 1572 od
2424 1493 2593 1561 ipsum
2614 1491 2995 1572 monasteriarn
3027 1490 3352 1572 evindicatis,

1847 1562 2093 1632 aduersus
2143 1559 2452 1617 Gerardum'
2492 1561 2730 1615 comitem
2789 1559 3143 1615 Parisiensem
3199 1560 3360 1632 (anno

1851 1631 1995 1701 758).

2088 1719 2248 1784 (Apud
2272 1718 2456 1769 llabill.
2471 1757 2485 1778 ,
2507 1719 2573 1769 de
2593 1716 2669 1767 Re
2700 1717 3051 1781 diplomatica.)

1853 1801 2108 1871 Pippinus
2145 1816 2240 1855 rex
2288 1799 2621 1854 Francorum
2664 1799 2749 1854 vir
2776 1799 3022 1855 inluster.
3073 1798 3363 1854 Venientes

1783 1900 2001 1962 agentes
2031 1891 2202 1946 sancti
2242 1890 2478 1944 Dionisio
2505 1897 2560 1943 et
2602 1889 2895 1944 Follerado-
2918 1889 3112 1943 abbate
3138 1887 3364 1943 Aderul-

1780 1984 1864 2039 fus
1894 1991 1949 2039 et
1971 1981 2303 2050 Rodegarius
2330 1978 2658 2048 Compendio
2679 1978 2887 2048 palacio
2913 1979 3012 2033 sub
3038 1978 3123 2032 die
3153 1976 3364 2032 decimo

1780 2073 2046 2130 Kalendas
2070 2073 2412 2137 Novembris,
2458 2087 2603 2127 anno
2630 2080 2823 2127 octavo
2850 2071 3002 2141 regni
3034 2071 3221 2133 nostri,
3270 2069 3364 2125 ubi

1779 2180 1878 2219 nos
1903 2166 1970 2219 ad
1996 2165 2372 2219 universorum
2410 2178 2603 2219 causas
2640 2163 2951 2226 audiendas,
2979 2170 3035 2217 et
3058 2168 3204 2217 recta
3223 2157 3365 2229 judi-

1780 2256 1862 2309 cia
1878 2254 2346 2309 determinandnm
2372 2252 2766 2317 resederemus,
2794 2251 2885 2305 ubi
2913 2249 3012 2304 visi
3041 2257 3163 2305 sunt
3196 2250 3364 2303 inten-

1778 2346 2006 2415 pellasse
2029 2344 2327 2400 Gerardum
2353 2344 2621 2407 comitem,
2647 2356 2712 2398 eo
2731 2342 2873 2413 quod
2898 2342 3039 2397 malo
3060 2341 3248 2397 ordine
3270 2357 3359 2396 re-

1777 2436 2137 2492 contendebat
2182 2445 2239 2491 et
2274 2434 2539 2490 retinebat
2586 2433 2799 2489 teloneo
2845 2432 2983 2487 infra
3031 2430 3257 2486 Parisiis
3298 2445 3366 2485 ex

1779 2528 2023 2589 navibus,
2051 2536 2106 2583 et
2133 2528 2313 2597 pontis
2339 2527 2661 2583 volutaticos
2685 2542 2752 2582 ac
2777 2526 3057 2589 rotaticos,
3107 2538 3264 2593 quem
3297 2523 3366 2578 ab

1779 2618 1895 2688 ipsa
1940 2618 2029 2673 die
2064 2621 2229 2673 missa
2276 2626 2465 2672 sancto
2502 2615 2745 2671 Dionisio
2780 2630 2994 2684 semper
3040 2615 3111 2668 ab
3147 2614 3367 2680 antiquo

1779 2709 2119 2779 accipiebant
2162 2717 2385 2778 agentes
2440 2707 2630 2761 sancti.
2664 2707 2845 2761 domni
2894 2705 3153 2760 Dionisio.
3216 2703 3368 2759 L'nde

1777 2802 2068 2872 praedictus
2092 2799 2366 2857 Gerardus
2391 2814 2576 2855 comes
2606 2798 2753 2854 dedit
2782 2798 2835 2851 in
2861 2797 3167 2866 responsis,
3202 2793 3363 2863 quod

1778 2893 1956 2962 ipsum
1986 2890 2252 2946 teloneum
2300 2889 2457 2944 aliter
2500 2902 2607 2943 non
2645 2887 3037 2947 contendebat,
3084 2885 3186 2941 nisi
3228 2899 3366 2954 quo-

1778 2982 1940 3038 modo
1971 2989 2346 3037 antecessores
2387 2980 2551 3043 illius,
2597 2978 2689 3049 qui
2728 2978 2956 3032 comites
2984 2975 3198 3031 fuerant
3239 2982 3368 3031 ante

1778 3072 1947 3135 illum,
1982 3072 2037 3126 id
2070 3072 2243 3141 ipsum
2270 3071 2339 3127 ad
2366 3086 2519 3125 suam
2547 3078 2756 3139 partem
2784 3070 3072 3124 retinebat.
3104 3067 3367 3138 Supradi-

1778 3168 1852 3225 cti
1889 3175 2069 3222 autem
2095 3174 2318 3236 agentes
2339 3167 2513 3222 sancti
2542 3166 2784 3237 Dionysii
2811 3168 2885 3221 ita
2914 3172 3100 3221 contra
3132 3180 3255 3220 eum
3287 3167 3368 3221 in-

1777 3259 2066 3315 tendebant
2088 3266 2144 3313 et
2162 3258 2517 3313 ostendebant
2537 3265 2860 3327 przeceptum
2883 3256 3171 3326 Dagoberti
3198 3256 3365 3328 regis,

1775 3349 2005 3421 qualiter
2033 3348 2207 3418 ipsum
2239 3355 2537 3402 mercatum
2562 3346 2855 3402 stabilisset
2883 3347 2937 3400 in
2966 3346 3082 3415 ipso
3107 3361 3266 3417 pago,
3308 3353 3368 3400 et

1773 3450 1963 3511 postea
1994 3440 2170 3510 ipsum
2195 3452 2319 3494 cum
2342 3451 2532 3493 omnes
2560 3436 2799 3493 teloneos
2837 3436 2904 3490 ad
2932 3443 3139 3505 partem
3183 3434 3360 3490 sancti

1776 3531 2001 3588 Dionisii
2021 3529 2322 3600 delegasset
2343 3543 2408 3583 ac
2436 3527 2725 3582 ﬁrmasset.
2776 3525 2843 3579 Et
2866 3525 2984 3595 ipso
3006 3524 3236 3578 domnus
3263 3536 3362 3578 rex

1776 3623 2036 3693 Pippinus
2080 3617 2442 3683 adﬁrmabat,
2493 3618 2637 3688 quod
2680 3630 2896 3685 semper
2939 3630 2971 3670 a
3019 3628 3115 3669 sua
3144 3612 3369 3668 infantia

1776 3713 1922 3782 ipsos
1948 3710 2189 3765 teloneos
2213 3707 2458 3777 partibus
2485 3707 2657 3763 sancti
2685 3704 2910 3761 Dionisii
2937 3704 3138 3759 habere
3160 3711 3218 3758 et
3247 3702 3365 3758 eol-

1777 3806 1943 3875 ligere
1966 3802 2210 3859 vidisset.
2262 3801 2370 3856 Sed
2393 3798 2669 3856 Gcrardus
2695 3812 2880 3854 comes
2905 3797 3008 3853 hoc
3035 3795 3183 3851 nullo
3203 3795 3366 3850 modo

1775 3895 2168 3957 consentiebat,
2209 3899 2265 3947 et
2288 3898 2419 3946 tunc
2444 3890 2608 3945 talem
2645 3887 2904 3958 placitum
2940 3891 3267 3949 statuerunt,
3308 3890 3369 3938 nt

1776 3991 1978 4047 iterum
2012 3986 2174 4043 simul
2215 3984 2285 4040 ad
2330 3989 2520 4040 noctes
2565 3980 2834 4051 legitimas
2877 3981 3268 4034 concurrerent
3310 3973 3368 4029 in

1775 4081 1965 4136 eodem
1985 4078 2203 4148 palatio,
2234 4084 2291 4131 et
2314 4071 2572 4141 anteiam
2597 4071 2801 4126 dictum
2818 4068 3074 4123 domuum
3088 4066 3370 4136 Pippinum

1777 4176 1951 4244 ipsam
1979 4170 2332 4226 intentionem
2359 4163 2601 4221 deﬁnire
2622 4160 2949 4221 debuissent,
2977 4158 3118 4213 sicut
3137 4156 3222 4211 lex
3248 4154 3366 4209 edi-

1777 4265 1955 4321 cebat.
2004 4260 2246 4329 Denique
2263 4256 2544 4311 venientes
2560 4252 2673 4321 jam
2693 4251 2823 4306 dicti
2851 4249 3003 4304 missi
3032 4255 3090 4303 et
3115 4244 3362 4301 advocati

1778 4356 1954 4415 sancti
1976 4354 2224 4417 Dionisii.
2267 4349 2525 4406 Adrulfns
2549 4355 2606 4403 et
2631 4345 2941 4417 Rotgarius,
2969 4343 3037 4400 ad
3061 4341 3368 4397 condictum

1776 4450 2036 4521 placitum
2083 4451 2281 4517 quarto
2322 4441 2592 4497 Kalendas
2624 4435 2966 4499 Novembris,
3016 4432 3155 4521 tales

1807 4542 1859 4597 bi
1896 4541 2389 4611 priesentaverunt,
2438 4531 2531 4601 qui
2558 4531 2707 4601 ipsos
2744 4525 2986 4582 teloneos
3029 4521 3086 4577 in
3128 4518 3367 4575 Parisius

1778 4637 2103 4703 acceperunt
2145 4643 2271 4684 cum
2296 4624 2442 4683 omni
2485 4637 2673 4678 eorum
2714 4616 3024 4688 integritate
3062 4612 3130 4668 ad
3144 4617 3367 4703 partem

1778 4701 1948 4783 sancti
1988 4722 2236 4779 Dionisii.
2278 4719 2429 4775 Tunc
2454 4715 2561 4771 illis
2583 4713 2881 4783 iudicatum
2910 4706 3011 4761 fuit
3050 4719 3080 4758 a
3114 4701 3361 4763 Widone,

1776 4818 2072 4881 Ranlcone,
2104 4812 2319 4875 Milone,
2348 4802 2768 4875 Belmengaudo,
2794 4795 3087 4857 Rotbardo,
3120 4788 3365 4881 Gisleha-

1777 4911 1861 4965 rio
1881 4909 1965 4962 vel
1991 4880 2214 4975 reliquis
2241 4898 2587 4971 quamplures
2608 4934 2623 4959 ,
2655 4907 2748 4948 seu
2778 4897 2835 4946 et
2862 4886 3140 4975 Wicberto

1776 4997 1962 5069 palatii
1986 4969 2195 5058 nostro,
2233 4969 2296 5045 ut
2314 5002 2442 5059 pars
2466 4983 2640 5040 sancti
2664 4977 2917 5041 Dionisii,
2957 4973 3041 5029 vel
3063 4969 3364 5043 supradicti

1777 5175 1946 5235 habes
1966 5174 2021 5228 in
2043 5169 2242 5236 placito
2279 5158 2599 5236 Theoderici
2625 5154 2787 5236 ηεὶβν
2818 5144 3366 5236 οιιιοςονςίὲιξιξίφὶε

2293 5216 2443 5289 Villa
2461 5248 2490 5312 :A
2507 5228 2597 5285 ubi
2612 5216 2836 5312 pariter
3110 5216 3365 5312 animi};

1777 5286 1921 5390 333a
1947 5286 2583 5369 iﬁdh‘éi-Eﬁiénib’r’sniur.
2612 5286 2986 5379 Perseveravit
3003 5289 3092 5344 hic
3110 5286 3363 5412 ligendi

1777 5388 1964 5414 ..-λης
2008 5381 2072 5414 ..Α
2100 5376 2353 5414 amulum
2398 5387 2492 5414 ut-
2539 5377 2602 5414 nt
2627 5368 2886 5414 discimus
2926 5374 2995 5414 ex
3021 5357 3152 5414 ϐοῆ-
3270 5354 3368 5409 Ib-

1776 5368 1967 5443 ;nodus
2008 5381 2075 5438 ad
2100 5376 2353 5437 saeculum
2398 5387 2494 5431 xu.
2539 5377 2602 5423 ut
2627 5368 2886 5423 discimus
2926 5374 2995 5417 ex
3021 5368 3244 5414 uoti-mo
3270 5368 3367 5409 an-

1777 5460 1903 5514 bate
1928 5447 2308 5509 Vindocinensi
2338 5446 2392 5499 in
2424 5441 2547 5514 libri
2569 5435 2789 5494 secundi
2809 5431 3037 5514 epistola
3057 5427 3235 5514 ,ητις

1777 5503 2393 5583 fgidum-ila‘rnuwnsem
2415 5512 2747 5582 episcopum.
2794 5503 2898 5583 ¢__ln
2924 5503 3028 5583 hoc
3055 5508 3365 5583 tamenti

1998 5564 3366 5664 inquii-gemmamveonsuctpdineslaitﬂ'p-mged

1776 5637 2369 5724 ὲῒὲιίἰὲιὶἱίῖᾝόῐῐιῦ
2380 5637 2653 5711 canonum
2683 5647 2927 5724 inducias
2945 5637 3360 5724 postulamus.)

1776 5705 2879 5865 gﬁiﬁid’s‘ﬁﬁpﬁimommm
2910 5705 2964 5769 in
2991 5711 3135 5766 hunc
3161 5705 3363 5772 locum,

1777 5828 1811 5865 ιι
1853 5827 1869 5864 ι
1899 5820 2049 5863 vana
2073 5799 2464 5865 Capitulanum
2491 5793 2611 5852 loca
2635 5792 2742 5848 huc
2770 5785 2953 5846 refert.

1777 5785 2464 5873 ιἙΒῩὲᾱιίίῖὸιρίωιαήιιω
2491 5793 2611 5852 loca
2635 5792 2742 5848 huc
2770 5785 2953 5846 refert.
