3920 6310
87 401 210 456 [553

841 396 1100 464 PlPPlNl,
1143 395 1635 453 CAROLOMANNI
1673 396 1762 451 ET
1800 396 2109 454 ALIORUM
2148 395 2563 454 DlPLOMATA.

3201 400 3340 459 1534

87 528 257 571 :orum
292 512 602 568 antedictos
642 511 781 567 abba
836 511 1190 567 Baldobertus
1224 519 1405 567 rector
1432 511 1499 566 de
1528 510 1644 580 ipso
1673 512 1719 574 Α
1749 510 2083 577 monasterii,
2114 526 2235 581 qua:
2263 511 2462 566 ibidem
2493 508 2661 567 fuisse
2685 510 3060 581 dinoscuntur,
3090 516 3240 572 visus
3259 527 3342 572 est

87 604 397 660 monasterio
431 602 589 658 nobis
622 602 858 659 ostendit
898 602 968 658 ad
1012 602 1341 674 religendam
1378 601 1445 657 ad
1476 601 1649 671 ipsum

87 693 390 749 Jeneﬁcium
414 693 559 749 circa
584 693 836 749 eumdem
862 692 950 749 vel
977 681 1333 749 memoratam
1361 693 1647 748 ecclesiam

90 786 242 858 psius
286 800 455 855 usque
505 800 647 840 nunc
695 785 893 841 asserit
935 799 1057 841 «sse
1102 790 1498 840 conservatum.
1543 783 1651 840 Sed

87 891 173 933 iro
206 874 522 931 aﬁirmantis
541 876 721 932 studio
745 876 900 946 petiit
920 876 1293 935 celsitudinem
1323 885 1565 931 nostram
1591 882 1651 931 ut

88 983 177 1023 λος
211 967 384 1021 denuo
409 967 553 1022 circa
592 967 769 1036 ipsum
810 968 1198 1023 monasterium
1225 967 1310 1022 vel
1348 967 1493 1036 ipsos
1536 981 1651 1022 mo-

88 1058 273 1112 nachos
300 1064 484 1112 nostra
517 1056 739 1114 deberet
779 1059 1076 1114 auctoritas
1104 1058 1430 1129 generaliter
1454 1056 1652 1114 conﬁr-

88 1163 241 1203 nare.
281 1149 446 1220 Cujus
479 1149 800 1219 petieionem
836 1165 937 1219 pro
966 1149 1266 1206 reverentia
1315 1149 1483 1219 ipsius
1522 1148 1650 1214 loci,

87 1248 133 1295 tt
161 1254 464 1295 mereamur
500 1239 569 1294 ad
610 1241 910 1296 mercedem
955 1241 1172 1306 sociari,
1203 1241 1514 1311 plenissima
1559 1255 1652 1296 vo-

93 1338 278 1386 untate
298 1330 399 1386 visi
443 1328 644 1386 fuimus
670 1326 1016 1403 prestititisse
1054 1332 1138 1386 vel
1170 1333 1226 1387 in
1253 1333 1506 1389 omnibus
1523 1347 1652 1387 con-

88 1423 317 1479 irmasse
347 1424 713 1494 congnoseite.
755 1424 1122 1497 Precipientes
1160 1441 1290 1497 ergo
1318 1426 1570 1495 iubemus
1592 1435 1654 1482 ut

87 1515 246 1586 nillus
264 1516 429 1587 judex
454 1516 702 1586 publicus
742 1518 797 1573 in
839 1533 929 1573 res
952 1518 1037 1574 vel
1066 1518 1350 1575 facultates
1371 1519 1541 1588 ipsius
1564 1532 1653 1574 ec-

87 1608 266 1675 :lesiaz,
298 1625 396 1666 nec
420 1610 487 1664 ad
515 1625 710 1667 causas
729 1612 1045 1678 audiendas,
1067 1628 1168 1668 nec
1196 1612 1345 1668 l‘reda
1363 1613 1649 1682 exigenda,

87 1713 171 1753 nec
195 1701 503 1757 mansiones
530 1710 624 1756 aut
650 1710 871 1772 paratas
907 1702 1201 1767 faciendas,
1233 1717 1334 1758 nec
1374 1701 1652 1773 ﬁdejusso-

87 1804 158 1846 'es
204 1791 524 1859 tollendum,
576 1808 678 1850 nec
714 1794 962 1849 homines
1011 1793 1182 1863 ipsius
1232 1802 1341 1848 tam
1392 1794 1652 1864 ingenuos

1751 608 2151 670 augmentasse,
2193 607 2287 655 aut
2325 609 2692 671 comparasse,
2722 610 2779 658 et
2804 604 2947 673 quod
2976 606 3046 661 ab
3072 605 3190 676 ipso
3215 621 3341 661 sau-

1750 700 1838 747 eto
1878 691 1997 748 loco
2029 691 2290 751 moderno
2328 700 2568 762 tempore
2601 694 2931 763 possidetur,
2961 710 3059 765 per
3096 705 3342 753 nostrum

1750 782 2070 838 deberemus
2098 783 2425 855 generaliter
2459 784 2785 840 conﬁrmare
2829 794 3165 857 preceptnm,
3197 787 3343 857 quod

1750 886 1849 927 nos
1874 888 1975 943 pro
2020 873 2202 928 divino
2229 883 2481 943 respectu
2530 875 2617 929 vel
2664 877 2934 932 mercedis
2979 886 3165 934 nostre
3211 895 3341 951 aug-

1750 970 1933 1017 mento
1984 963 2288 1031 prestitisse
2329 973 2514 1019 vestra
2568 980 2675 1021 non
2734 966 2942 1021 dubitet
2985 968 3337 1037 magnitudo;

1751 1053 1913 1108 etiam
1940 1062 1996 1109 et
2029 1055 2371 1126 privilegium
2418 1056 2588 1126 ipsius
2625 1059 2961 1124 monasterii,
3008 1061 3153 1130 quod
3185 1061 3341 1131 juxta

1752 1147 2143 1204 institutionem
2192 1150 2493 1220 priscorum
2522 1151 2747 1207 Patrum
2773 1161 2829 1208 et
2868 1154 3196 1225 reliquorum
3227 1156 3342 1226 epi-

1752 1253 2037 1307 scoporum
2066 1238 2168 1293 visi
2188 1247 2316 1295 sunt
2334 1241 2614 1305 memisse,
2656 1251 2712 1296 et
2728 1245 2875 1312 quod
2914 1258 3011 1314 per
3050 1244 3343 1300 auctorita-

1753 1338 1863 1385 tem
1906 1337 2168 1393 nostram,
2195 1343 2291 1385 seu
2317 1326 2646 1400 reliquorum
2672 1331 2741 1387 de
2769 1334 3171 1390 successoribus
3212 1334 3344 1405 legi-

1752 1420 1855 1476 bus
1905 1428 2309 1477 antecessorum
2367 1432 2679 1479 nostrorum
2729 1425 3110 1479 adumbratum
3177 1425 3343 1480 fuisse

1754 1510 2070 1577 dinoscitur,
2094 1513 2249 1583 juxta
2270 1515 2414 1583 quod
2438 1522 2726 1585 antequam
2754 1530 2853 1585 per
2879 1516 3117 1586 priorem
3155 1528 3343 1585 prece-

1752 1600 1991 1671 ptionem
2013 1611 2255 1657 nostram
2277 1618 2404 1674 erga
2426 1619 2485 1658 se
2504 1604 2823 1674 prohibendi
2846 1614 2989 1660 esset
3009 1605 3275 1660 munitum
3290 1614 3337 1669 ο,

1752 1708 1852 1762 pro
1885 1694 2110 1763 perenni
2150 1695 2447 1749 stabilitate
2473 1695 2813 1752 decrevimus
2852 1696 3129 1751 roborare.
3162 1694 3345 1751 Preci-

1753 1784 1961 1852 pientes
1985 1799 2115 1854 ergo
2151 1785 2501 1854 precipimus,
2532 1793 2595 1839 ut
2631 1799 2821 1845 omnes
2848 1784 3132 1841 facultates
3176 1785 3345 1855 ipsius

87 1899 231 1955 luam
254 1898 438 1939 servos
459 1885 550 1954 qui
578 1899 740 1954 super
762 1898 952 1941 eorum
982 1894 1157 1941 terras
1180 1885 1264 1941 vel
1300 1886 1461 1941 mieio
1503 1902 1651 1941 com-

1768 1875 2087 1939 monasterii,
2116 1875 2375 1945 quicquid
2399 1883 2494 1930 aut
2520 1876 2669 1947 regia
2710 1876 3015 1941 collatione,
3045 1884 3139 1930 aut
3164 1877 3346 1946 priva-

87 1987 290 2027 nanere
327 1973 598 2039 videntur,
626 1975 719 2044 qui
769 1974 967 2030 ibidem
1009 1975 1277 2045 aspiciunt
1320 1976 1387 2030 de
1432 1976 1654 2046 quibus—

94 2062 203 2117 ihet
241 2062 420 2118 causis
454 2063 885 2135 distringendum
914 2080 1017 2122 nec
1043 2065 1151 2120 ulla
1189 2067 1536 2122 redibucione
1569 2082 1654 2123 re-

87 2153 394 2225 juirendum
420 2152 620 2210 ibidem
661 2155 948 2226 ingredere
972 2171 1078 2211 non
1115 2157 1367 2223 debeant,
1390 2160 1485 2213 sed
1512 2158 1655 2213 sicut

87 2243 394 2299 ieneﬁciosa
437 2259 467 2298 a
502 2245 616 2315 jam
659 2245 820 2301 dictis
859 2249 1291 2303 antecessoribus
1329 2250 1531 2305 nostris
1569 2249 1654 2303 in-

87 2339 254 2403 Lpecta
280 2334 521 2404 priorum
547 2335 848 2406 principum
880 2338 1198 2394 auctoritate
1220 2340 1287 2394 ad
1317 2340 1428 2410 jam
1453 2336 1652 2394 dictam

87 2419 353 2475 :cclesiam
382 2436 554 2491 usque
576 2439 720 2479 nunc
754 2423 857 2487 fuit
885 2435 1284 2490 conversatum,
1320 2428 1391 2482 ita
1416 2437 1471 2483 et
1505 2428 1657 2483 dein-

87 2525 195 2579 'eps
223 2526 321 2580 per
349 2524 591 2569 nostram
620 2518 1001 2572 auctoritatem
1024 2518 1347 2588 generaliter
1368 2529 1550 2575 manet
1577 2522 1658 2575 in-

87 2599 406 2665 :oovulsum,
436 2611 492 2655 et
517 2618 846 2674 quamquam
867 2606 1062 2662 exinde
1102 2607 1267 2663 ﬁscus
1297 2617 1485 2665 noster
1507 2619 1656 2679 pote-

87 2699 155 2745 ἰιι
194 2691 460 2763 imperare
499 2695 552 2750 in
595 2694 954 2753 lnminaribus
1008 2698 1176 2767 ipsius
1211 2700 1414 2755 domini
1453 2700 1658 2756 Leodo—

87 2781 205 2852 garii
231 2790 287 2837 et
326 2785 499 2840 sancti
533 2785 680 2841 Petri
718 2793 774 2842 et
815 2796 1016 2845 sancta:
1044 2788 1210 2845 Marie
1235 2805 1335 2860 pro
1362 2792 1658 2847 stabilitate

87 2875 221 2946 'egni
241 2882 411 2931 nostri
438 2879 686 2948 proﬁciat
712 2881 767 2938 in
792 2891 1132 2951 perpetuum.
1157 2883 1224 2939 Et
1248 2894 1309 2939 ut
1331 2887 1447 2942 haec
1467 2894 1654 2942 aucto—

87 2964 204 3019 ‘itas
230 2975 341 3021 tam
385 2971 730 3038 presentibus
774 2987 939 3042 quam
977 2980 1034 3027 et
1077 2973 1272 3029 futuris
1315 2977 1651 3047 temporibus

87 3057 241 3112 iussit
266 3070 538 3127 constare,
568 3078 730 3119 manu
755 3072 943 3119 nostra
978 3066 1164 3122 subter
1186 3069 1561 3125 roboravimus
1601 3078 1659 3127 et

87 3150 272 3205 innulo
301 3161 487 3208 nostro
513 3154 749 3226 sigillare
768 3157 1046 3227 jussimus.

796 3269 937 3325 XXI.

87 3362 102 3396 ι
131 3352 631 3434 Diploma__Pippini
663 3362 798 3434 regis
823 3359 1176 3434 _Francorum
1210 3381 1304 3434 pro
1340 3370 1657 3424 monasterio

381 3425 433 3480 Η
438 3425 745 3500 onaugiensi
752 3471 765 3495 ,
797 3431 979 3486 datum
1010 3450 1185 3489 versus
1210 3425 1342 3490 .760.

137 3516 298 3578 (Apud
318 3517 627 3579 Grandidier,
651 3521 869 3572 Histoire
889 3523 952 3573 de
970 3523 1166 3588 l‘Eglise
1182 3525 1244 3576 de
1262 3527 1596 3592 Slrasbourg.)

142 3595 402 3669 Pippinus
449 3615 546 3655 rex
600 3601 933 3658 Francorum
991 3606 1075 3659 vir
1127 3606 1382 3677 inluster,
1427 3610 1660 3667 dominis

87 3689 277 3744 sanctis
327 3698 383 3744 et
426 3692 739 3761 apostolicis
788 3711 853 3752 ac
898 3699 1295 3755 venerabilibus
1344 3700 1400 3755 in
1446 3701 1661 3757 Christo

87 3779 345 3847 Patribus,
376 3785 626 3841 omnibus
648 3786 935 3859 episcopis,
979 3791 1284 3857 abbatibus,
1314 3808 1411 3847 seu
1437 3793 1662 3849 illustri-

87 3865 176 3925 ius
199 3885 263 3926 ac
290 3874 590 3942 magniﬁcis
612 3877 763 3942 viris,
789 3880 1033 3946 ducibus,
1068 3883 1374 3949 comitibus,
1406 3885 1689 3942 domestir

87 3961 176 4028 :is,
206 3963 443 4031 vicariis,
466 3971 811 4038 centenariis,
835 3982 996 4044 atque
1022 3977 1274 4033 omnibus
1301 3981 1583 4049 agentibus
1607 3983 1657 4037 ι).

87 4050 305 4108 Rectum
334 4071 455 4112 esse
495 4073 798 4127 censemus,
826 4072 886 4117 ut
909 4067 1261 4135 petitionibus
1296 4075 1659 4140 sacerdotum,

87 4156 183 4213 [ue
204 4145 273 4198 ad
296 4145 597 4217 profectum
636 4152 910 4219 pertinent
933 4170 1031 4224 pro
1077 4155 1210 4212 locis
1235 4168 1560 4226 sanctorum,
1592 4150 1661 4221 ad

87 4234 357 4303 affectum,
400 4238 617 4296 Christo
662 4243 905 4312 presule,
957 4246 1336 4315 perducamus.
1391 4250 1558 4320 Igitur
1607 4253 1662 4307 in

87 4326 295 4382 Christo
322 4327 484 4389 Pater
502 4329 757 4387 Dubauus
783 4334 1066 4406 episcopus
1083 4336 1168 4391 vel
1189 4338 1360 4392 abbas
1385 4341 1452 4394 de
1472 4354 1661 4394 mona—

87 4418 246 4473 sterio
289 4418 633 4491 Hohenaugia
663 4423 717 4478 in
743 4438 883 4496 pago
917 4426 1209 4482 Alsacense
1240 4443 1404 4498 super
1442 4428 1662 4484 ﬂuvium

87 4502 314 4569 Renum,
340 4506 488 4574 quod
507 4515 593 4562 est
633 4517 1004 4567 constructum
1034 4513 1089 4567 in
1116 4514 1322 4570 honore
1354 4517 1531 4571 sancti
1561 4515 1663 4570 Mi-

87 4595 286 4650 :haelis
312 4605 367 4651 et
394 4599 564 4653 sancti
593 4600 737 4656 Petri
758 4610 814 4656 et
839 4605 1011 4659 sancti
1037 4604 1210 4671 Pauli,
1233 4607 1316 4661 vel
1345 4618 1663 4663 ceterorum

87 4694 393 4741 sanctorum
413 4688 642 4759 gloriose
664 4693 812 4763 regni
844 4694 1014 4749 nostri
1040 4696 1378 4768 majestatem
1400 4698 1576 4769 petiit,
1607 4706 1667 4754 ut

87 4778 210 4833 dum
239 4777 416 4848 ipsum
445 4785 833 4839 monasterium
858 4786 925 4840 de
952 4786 1237 4844 collatione
1263 4798 1665 4847 antecessorum

87 4880 412 4940 nostrorum,
435 4872 529 4954 vel
557 4875 623 4930 de
670 4876 947 4933 hominum
976 4878 1147 4935 Deum
1174 4880 1477 4939 timentium
1517 4885 1669 4954 adju-

87 4961 225 5018 torio
261 4952 474 5017 videtur
511 4979 633 5019 esse
676 4976 1046 5024 constructum
1068 5009 1084 5035 ,
1135 4986 1235 5026 nos
1270 4987 1431 5027 omne
1472 4952 1670 5044 corpus

87 5053 401 5111 facultatum
421 5053 561 5122 ejus,
590 5064 705 5111 tam
742 5060 887 5128 quod
930 5069 1297 5117 antecessores
1318 5062 1541 5119 abbates
1562 5064 1667 5121 ibi-

87 5143 205 5199 dem
228 5142 635 5211 laboraverunt,
649 5161 812 5215 quam
832 5149 975 5218 quod
1005 5150 1122 5221 ipse
1142 5150 1399 5207 Dubauus
1421 5154 1487 5209 de
1508 5155 1670 5212 rebus

155 5285 181 5352 ξ
222 5275 412 5352 Exstat
440 5276 555 5352 haec
575 5278 767 5352 charta
795 5283 937 5352 apud
981 5281 1342 5352 Mabillonem,
1384 5287 1441 5342 in
1470 5288 1666 5345 Annal.

87 5345 1500 5446 ιπξῑε,ἓ.·..¹ἱεηξξιὶοιξωι.;,ιέζιξῖεξξεξξθῖίἕρδειγίταξιων
1517 5358 1665 5446 (ὶτξεο

87 5417 696 5498 Ηειιεὺιξιιεκρίιεέοὲς
730 5417 1088 5498 Bonquetnm,
1120 5417 1254 5479 tom.
1288 5428 1353 5492 V,
1383 5417 1505 5498 pag.
1545 5417 1668 5497 703,

87 5498 137 5568 et
163 5488 307 5573 apud
330 5487 733 5573 Sclimpﬁinum,
766 5487 931 5548 Alfat.
963 5493 1183 5564 diplom.
1216 5487 1349 5552 tom.
1369 5487 1410 5565 l,
1431 5487 1555 5570 pag.
1577 5487 1666 5570 55,

87 5557 176 5614 sed
207 5573 397 5612 omnes
419 5557 631 5617 vitiose.

158 5627 265 5709 Piri
310 5636 413 5709 est,
456 5633 777 5709 generaliter
822 5650 1009 5709 omnes
1046 5638 1188 5708 regis
1234 5649 1484 5709 agentes,
1531 5643 1672 5698 unde

87 5698 589 5791 orta'estlﬁotg'tnula
610 5703 815 5791 Gallica
844 5726 856 5762 :
894 5706 989 5763 Les
1019 5698 1236 5791 pavide
1265 5698 1359 5765 nos
1389 5698 1561 5791 conn.

162 5780 182 5845 ς
212 5767 471 5845 intelligit
499 5788 627 5845 sane
652 5775 881 5845 diploma
912 5767 1041 5833 anni
1066 5778 1187 5845 759,
1222 5796 1371 5836 num.
1403 5781 1491 5835 21.

160 5838 183 5877 ἀ
208 5838 353 5895 idem
389 5838 452 5895 tie
508 5838 811 5901 Widma'rns
840 5847 928 5916 qni
966 5838 1184 5905 chartas
1218 5849 1426 5920 Pippini
1458 5853 1671 5922 scripsit

1755 1972 1934 2020 torum
1962 1980 2186 2021 munere
2211 1965 2297 2020 vel
2331 1969 2770 2024 antecessoribus
2796 1969 3104 2031 abbatibus,
3130 1968 3217 2022 vel
3240 1966 3348 2021 Du-

1752 2057 1894 2114 bano
1920 2059 2175 2128 episeopo
2202 2059 2286 2114 vel
2313 2061 2496 2116 abbati
2524 2060 2722 2117 ibidem
2744 2070 2829 2116 est
2847 2061 3094 2131 legaliter
3114 2057 3348 2129 acquisi-

1754 2155 1871 2204 tum
1915 2157 2010 2203 aut
2046 2160 2437 2219 comparatum,
2480 2152 2592 2208 imo
2624 2153 2768 2221 quod
2811 2151 2880 2207 de
2919 2153 3347 2221 quibuscumque

1754 2240 1918 2294 rebus
1942 2241 2051 2295 rite
2078 2248 2391 2306 attractum,
2441 2242 2820 2312 quodcumque
2855 2241 3151 2297 dominatio
3176 2240 3348 2310 ipsius

1754 2331 1929 2386 sancti
1954 2332 2268 2386 monasterii
2310 2331 2777 2405 Hohenaugiensis
2820 2332 3198 2400 undecumque
3232 2344 3348 2385 mo-

1755 2422 1924 2478 derno
1964 2432 2207 2494 tempore
2231 2425 2299 2480 de
2326 2425 2557 2481 villabus
2582 2467 2597 2491 ,
2628 2426 2898 2490 domibus,
2927 2423 3232 2493 mancipiis,
3266 2421 3348 2476 vi-

1755 2513 1892 2577 neis,
1922 2515 2110 2583 sylvis,
2136 2515 2326 2583 pratis,
2357 2517 2590 2584 pascuis,
2620 2525 2713 2571 aut
2734 2517 2802 2571 de
2824 2514 3153 2584 quibuslibet
3184 2516 3347 2567 benc-

1756 2601 1893 2657 ﬁeiis
1940 2605 2180 2658 cernitur
2210 2620 2336 2661 cum
2374 2606 2632 2675 equitatis
2670 2606 2861 2661 ordine
2903 2603 3201 2675 possidere,
3250 2618 3348 2672 per

1756 2692 1899 2749 hanc
1922 2695 2301 2750 auctoritatem
2330 2695 2605 2751 sull‘ultum
2627 2697 2831 2765 absque
2853 2694 3142 2764 cujuslibet
3168 2693 3346 2749 inlici-

1756 2783 1828 2838 tis
1865 2785 2255 2840 controversiis
2308 2786 2460 2849 inibi,
2510 2796 2621 2841 tam
2669 2786 2910 2855 presenti
2962 2799 3125 2854 quam
3166 2782 3349 2841 futuro

1758 2885 1999 2945 tempore
2027 2876 2244 2933 Christo
2262 2878 2494 2949 praesule
2535 2876 2782 2947 proﬁciat
2810 2879 2869 2932 in
2889 2885 3256 2948 augmentum.
3282 2876 3350 2931 Et

1758 2967 2134 3037 undecumque
2162 2968 2340 3038 ipsum
2380 2968 2766 3024 monasterium
2794 2982 2966 3038 usque
2990 2983 3133 3023 nunc
3160 2967 3351 3023 habuit

1758 3073 2075 3113 concessum
2104 3068 2161 3114 et
2182 3074 2356 3130 usque
2385 3061 2647 3115 hactenus
2680 3068 3081 3124 conservatum,
3124 3059 3209 3113 vel
3249 3073 3348 3128 per

1760 3154 2134 3202 antecessores
2176 3157 2396 3204 nostros
2423 3163 2578 3219 reges
2618 3151 2761 3205 circa
2788 3164 2847 3204 se
2871 3150 3162 3209 ﬁrmatum.
3190 3150 3267 3202 ita
3294 3156 3351 3203 et

1683 3215 1732 3282 ο
1762 3238 1978 3294 inantea
2002 3241 2262 3295 resecatis
2286 3215 2715 3312 quibuscumque
2748 3240 3032 3311 superﬁnis
3081 3242 3350 3311 inquietu-

1759 3329 1976 3385 dinibns
2019 3345 2114 3385 sua
2144 3344 2207 3385 ea
2246 3332 2437 3387 ordine
2480 3333 2695 3388 valeant
2742 3334 2797 3388 in
2841 3342 3031 3388 nostro
3073 3348 3345 3401 sermone,

1759 3420 2055 3475 auxiliante
2098 3421 2348 3487 Domino,
2396 3436 2495 3493 per
2514 3430 2764 3494 tempora
2792 3437 3131 3494 permanere,
3156 3432 3213 3480 et
3246 3438 3347 3481 vos

1760 3521 1817 3567 et
1839 3528 2182 3570 successores
2206 3516 2392 3580 vestri,
2420 3516 2513 3571 ubi
2542 3517 2842 3571 necessitas
2867 3514 3032 3571 fuerit
3054 3518 3127 3571 'in
3163 3516 3351 3572 condi-

1758 3609 2001 3666 tionibus
2030 3611 2199 3679 ipsius
2225 3613 2562 3676 monasterii,
2585 3612 2790 3682 justum
2836 3609 3052 3666 faciatis
3086 3610 3349 3664 auxilium

1761 3702 2057 3773 impertiri;
2082 3712 2143 3759 ut
2180 3705 2373 3761 melius
2400 3705 2632 3761 delectet
2664 3705 2836 3774 ipsam
2878 3703 3349 3775 congregationem

1760 3794 1933 3864 ipsius
1963 3797 2276 3852 monasterii
2298 3812 2398 3867 pro
2426 3796 2596 3853 salute
2630 3805 2815 3852 nostra
2837 3795 2922 3851 vel
2948 3795 3242 3850 stabilitate
3267 3807 3352 3848 re-

1761 3887 1853 3958 gni
1890 3887 2061 3943 nostri
2112 3884 2326 3944 Domini
2371 3889 2801 3945 misericordiam
2844 3886 3049 3960 iugiter
3098 3901 3347 3943 exorare.

1760 3977 1828 4031 Et
1850 3985 1909 4032 nt
1937 3978 2037 4035 hec
2077 3980 2352 4049 preceptio
2378 3979 2535 4034 ﬁrma
2573 3979 2868 4035 stabilitate
2911 3979 3188 4043 subsistat,
3217 3992 3349 4050 pro-

1759 4069 1880 4138 pria
1918 4085 2082 4124 manu
2120 4069 2265 4125 infra
2293 4070 2633 4127 decrevimus
2670 4071 2949 4138 roborare,
2980 4078 3035 4126 et
3058 4071 3125 4125 de
3152 4070 3352 4127 annulo

1762 4169 1953 4214 nostro
1980 4160 2238 4229 sigillare.

1836 4249 2058 4319 Signum
2087 4251 2128 4320 ἰν
2155 4250 2529 4319 gloriosissimi
2555 4250 2737 4305 domui
2764 4250 2975 4321 Pippini
3006 4252 3169 4321 regis.

1839 4341 2153 4397 Wulmarus
2177 4339 2205 4381 δ
2232 4342 2418 4412 jussus
2444 4341 2756 4411 recognovit
2781 4350 2837 4397 et
2858 4342 3094 4413 scripsit.

2474 4449 2642 4505 XXII.

1692 4563 1743 4624 D
1769 4562 1989 4634 Pipinus
2025 4578 2116 4617 rex
2166 4560 2446 4617 Wiomado
2476 4563 2653 4617 archie
2689 4565 2862 4633 iscopo
2888 4572 2937 4616 et
2972 4561 3201 4616 ecclesia’
3233 4561 3353 4617 Treo

1838 4633 2027 4688 virensi
2055 4632 2332 4689 conﬁrmat
2358 4632 2603 4688 ecclesias
2631 4582 2737 4689 ξε.
2769 4632 3071 4689 Maximini.
3113 4631 3349 4689 Paulini.

1838 4631 2027 4688 uirensi
2055 4632 2332 4696 conﬁrmat
2358 4632 2603 4688 ecclesias
2631 4631 2737 4689 SS.
2769 4631 3071 4696 Maximini,
3113 4631 3349 4696 Paulini,

1839 4701 2114 4773 Eucharii,
2144 4701 2357 4766 Oreum,
2393 4702 2453 4759 S.
2486 4702 2727 4773 Martini,
2754 4720 2817 4758 ac
2858 4702 3111 4773 qnidquid
3134 4701 3351 4773 ecclesia

1841 4772 2158 4828 Treuirensis
2188 4772 2339 4827 habet
2385 4782 2431 4826 et
2473 4772 2677 4827 habebit
2715 4771 3137 4828 citra-Rhenum
3183 4782 3229 4826 et
3259 4771 3350 4827 Li-

1837 4845 2017 4915 gerim,
2046 4852 2093 4897 et
2122 4841 2260 4914 quod
2288 4843 2354 4896 sit
2383 4841 2545 4897 libera
2570 4861 2604 4896 a
2632 4842 2794 4897 talliis
2821 4852 2870 4898 ct
2900 4842 3111 4897 teloneis
3138 4853 3162 4881 ε
3190 4842 3353 4915 (αηηο

1841 4912 1988 5023 ⁷91).
2047 4982 2140 5042 (Ex
2163 4981 2451 5044 Hontheim,
2470 4982 2685 5031 Historia
2707 4981 3061 5044 Trevirensis.)

1836 5065 1894 5120 ιη
1921 5066 2136 5121 nomine
2165 5065 2377 5121 Domini
2407 5064 2503 5121 Dei
2530 5066 2703 5122 cterni
2732 5074 2789 5123 et
2816 5065 3116 5121 Salvatoris
3138 5063 3353 5121 Domini

1767 5157 1942 5213 nostri
1986 5154 2115 5213 Jesu
2155 5156 2377 5217 Christi.
2425 5156 2647 5229 Pipinus
2687 5158 2867 5213 divina
2890 5157 3178 5214 ordinante
3224 5172 3355 5228 pro-

1770 5308 2034 5349 annorum
2064 5290 2169 5348 755
2192 5300 2247 5363 et
2276 5292 2400 5357 760,
2425 5308 2608 5363 supra.

1839 5364 1867 5404 ιι
1893 5363 2137 5418 Meminit
2164 5362 2320 5431 hujus
2342 5362 2651 5433 diploinatis
2674 5363 3013 5420 Mabillonius
3043 5365 3112 5420 de
3154 5363 3234 5419 Re
3274 5363 3356 5419 div

1806 5433 1959 5509 lorum,
1988 5433 2082 5489 lib.
2116 5450 2178 5499 ιι,
2209 5436 2346 5509 c.__5_,
2377 5451 2433 5489 n.
2473 5434 2625 5509 ﬁ,__et
2647 5435 2842 5509 Annal.
2888 5434 3185 5509 Benedic“
3218 5443 3351 5490 tom.
3422 5454 3427 5455 ί

1818 5545 1833 5567 ,
1868 5504 2240 5589 libum-tonum
2534 5504 2666 5560 illud
2708 5504 3206 5589 intorpolatioqibus
3245 5517 3351 5589 non

1770 5572 2181 5645 carerejudicat
2203 5589 2218 5628 :
2239 5572 2623 5639 addita’ctiam,
2647 5572 2979 5645 praeter—ejus
2995 5572 3095 5630 πῆ
3121 5587 3351 5645 morem,

1772 5645 2083 5701 indictione.
2105 5644 2356 5701 Mendosa
2383 5645 2434 5700 ei
2465 5646 2625 5700 etiam
2648 5643 2903 5701 videtur
2922 5643 3275 5701 invocationis
3295 5650 3352 5695 et

1772 5713 2136 5785 inscriptionis
2186 5714 2395 5781 forma,
2446 5717 2661 5771 tametsi
2704 5726 2989 5799 contentus
3028 5714 3195 5796 valori
3242 5726 3349 5794 non

1771 5785 1968 5867 habeat
1999 5785 2149 5867 quod
2179 5787 2575 5867 opponat._Eo_
2598 5797 2781 5843 autem
2821 5800 3021 5867 minus
3042 5783 3350 5867 dignatas

1772 5853 2071 5911 substantia
2123 5853 2263 5913 falsa
2292 5857 2459 5914 videri
2492 5857 2671 5927 debet,
2722 5856 2864 5925 quod
2906 5853 3106 5911 auctor
3132 5853 3343 5910 Ccstor.
