3920 6310
619 352 757 410 1555

1605 345 1874 404 δτΕΕΕΙᾸ
1913 345 2022 402 VIII
2065 340 2495 402 MONUMENTA
2535 336 2863 396 SELECTA.

2140 340 2495 402 )NUMENTA
2535 336 2863 396 SELECTA.

617 467 850 523 videntia
883 482 975 522 rex
1004 466 1355 520 Francorum.
1399 461 1456 517 Si
1492 460 1830 516 liberalitatis
1870 468 2054 515 nostre
2081 475 2198 514 mu-
2227 463 2274 520 Α
2302 459 2354 512 in
2383 456 2726 515 monasteria,
2771 454 3054 514 ecclesias,
3103 451 3327 511 castella.
3368 451 3487 508 vicos
3517 456 3576 510 vel
3602 475 3688 531 agn;

619 575 746 614 nere
769 559 904 613 locis
928 558 1038 612 Deo
1069 555 1261 612 dicatis
1290 553 1542 624 quiddam
1571 553 1902 608 conferimus
1925 550 2195 617 beneﬁcii,

616 659 674 706 et
712 651 1062 705 necessitates
1108 645 1504 702 ecclesiasticas
1531 644 1597 697 ad
1622 642 1908 711 petitiones
1948 641 2199 696 sacerdo-

621 749 735 793 tum
783 745 1089 793 nostrorum
1133 734 1434 790 relevamus
1461 731 1777 802 juvamine,
1823 737 1985 799 atque
2031 729 2197 799 regali

621 839 868 882 tueamur
897 825 1213 885 munimine,
1245 824 1295 876 id
1325 822 1479 876 nobis
1520 829 1575 874 et
1611 820 1679 874 ad
1720 819 1998 874 mortalem
2031 819 2198 873 vitam

621 915 970 986 temporalem
1002 911 1423 981 transigendam,
1450 920 1507 964 et
1533 912 1600 964 ad
1625 916 1865 964 eternam
1887 908 2196 964 felicitatem

621 1004 987 1063 obtinendam,
1025 1001 1368 1072 profuturum
1404 1000 1604 1068 liquido
1645 999 1935 1054 credimus.
1970 998 2198 1052 Proinde

624 1095 832 1150 noverit
855 1094 1094 1148 omnium
1122 1092 1356 1147 ﬁdelium
1381 1100 1684 1146 nostrorum
1711 1098 1820 1144 tam
1845 1089 2195 1157 presentium,

624 1202 784 1257 quam
849 1184 1149 1246 futurorum
1207 1183 1507 1252 sagacitas,
1554 1183 1681 1252 quia
1741 1181 1824 1234 vir
1876 1179 2198 1234 venerabilis

627 1286 654 1314 α
687 1271 995 1327 Wiomadus
1016 1277 1201 1326 sancte
1227 1269 1563 1325 Trevirensis
1590 1269 1817 1324 ecelesie
1843 1270 2198 1336 archiepisco.

623 1379 727 1434 pus
749 1362 940 1418 obtulit
967 1361 1246 1417 obtutibus
1283 1360 1484 1414 nostris
1521 1366 1833 1430 preeeptum
1871 1359 2200 1412 anteriorum

627 1470 814 1526 regum
843 1453 1192 1516 Francorum,
1223 1450 1276 1504 in
1303 1466 1410 1519 quo
1441 1460 1557 1504 erat
1599 1451 1855 1505 insertum
1900 1450 2043 1519 quod
2081 1465 2202 1517 pre-

627 1547 936 1601 decessores
971 1542 1163 1604 nostri,
1202 1540 1452 1595 videlicet
1494 1540 1848 1604 Francorum,
1879 1554 2066 1593 omnes
2091 1554 2197 1602 res,

627 1652 976 1706 quascunque
1021 1633 1147 1688 boni
1175 1641 1229 1687 et
1277 1632 1446 1686 sancti
1496 1633 1597 1685 viri
1635 1647 1732 1700 pro
1760 1632 1938 1686 divine
1963 1639 2202 1686 contem-

628 1726 877 1796 plationis
925 1724 1120 1778 intuitu
1164 1723 1230 1776 ad
1259 1730 1464 1791 partem
1502 1725 1671 1776 sancti
1697 1721 1839 1776 Petri
1865 1722 2199 1778 Trevirensis

2299 547 2434 609 loca,
2467 563 2560 601 seu
2591 545 2828 613 reliquas
2854 544 3221 612 possessiones
3245 544 3447 610 predicte
3469 546 3694 606 ecclesiae:

2298 639 2442 692 ultra
2489 653 2651 708 quam
2677 637 2829 707 juxta
2868 635 3120 688 Rhenum
3146 633 3226 687 vel
3249 633 3462 703 Ligerunt
3491 635 3651 700 ﬂuvium,
3671 645 3697 696 in

2296 728 2450 796 pagis
2483 726 2567 780 vel
2616 725 2920 786 territoriis,
2975 723 3117 777 infra
3144 730 3431 793 potestatem
3464 728 3573 794 regni
3593 734 3698 795 nostri,

2298 825 2590 872 memorata
2633 815 2871 885 possidet
2894 813 3144 878 ecclesia,
3171 814 3248 866 vel
3275 830 3367 883 que
3387 815 3578 885 deinceps
3593 821 3700 888 injtm

2298 906 2465 975 ipsius
2501 905 2672 959 sancti
2714 905 2816 959 loci
2858 903 3092 958 voluerit
3136 903 3304 958 divina
3342 904 3484 972 pietas
3519 912 3700 977 augetis!

2298 1011 2488 1051 causas
2532 995 2842 1057 audiendas,
2879 993 2965 1048 vel
2993 993 3148 1049 {reda
3181 1003 3269 1047 aut
3309 995 3494 1057 tributa,
3529 1009 3593 1050 aut
3609 1004 3702 1071 conjs

2298 1094 2414 1142 ctos
2449 1086 2658 1155 aliquos
2680 1085 3002 1155 exigendos,
3031 1093 3125 1138 aut
3169 1085 3445 1140 mansiones
3477 1087 3540 1140 vel
3559 1101 3699 1156 namus

2299 1177 2592 1240 faciendas,
2644 1186 2737 1231 aut
2790 1175 3136 1244 ﬁdeiussores
3173 1176 3427 1239 tollendos,
3463 1187 3532 1231 ant
3563 1180 3700 1236 homines

2301 1269 2469 1338 ipsius
2495 1269 2720 1323 ecclesie
2744 1268 3167 1338 distringendos,
3190 1283 3352 1338 neque
3377 1269 3553 1340 injustas
3568 1277 3700 1328 exactio-

2301 1374 2395 1413 nes
2438 1359 2810 1428 requirendas,
2842 1359 2924 1413 vel
2971 1359 3277 1414 theloneum
3304 1360 3573 1428 exigendum,
3594 1367 3704 1418 nostris

2300 1459 2356 1504 et
2394 1450 2590 1504 futuris
2626 1451 2958 1520 temporibus
3003 1450 3213 1520 ingredi
3259 1449 3441 1511 audeat,
3483 1449 3544 1503 vel
3567 1465 3619 1514 et,
3639 1468 3700 1520 qua

2301 1559 2461 1612 supra
2506 1551 2797 1596 memorata
2824 1551 2969 1608 sunt,
3016 1543 3235 1611 penitus
3277 1543 3462 1612 exigere
3497 1559 3700 1612 nequaquam

2300 1643 2645 1704 presumant;
2699 1635 2794 1690 sed
2837 1634 2999 1689 liceat
3049 1641 3338 1688 memorato
3389 1635 3544 1704 presuli
3583 1634 3704 1706 suisqn

2303 1726 2703 1780 successoribus
2749 1725 2928 1779 omnia
2989 1724 3198 1794 prel‘ata
3269 1725 3562 1789 monasteria,
3602 1726 3702 1780 villa.

631 1816 858 1870 ecclesie
911 1814 1313 1884 relegaverunt,
1366 1828 1584 1867 suorum
1632 1813 2042 1867 auctoritatibus
2087 1828 2210 1867 con-
2243 1801 2285 1860 Β
2311 1817 2458 1871 vicos
2525 1825 2581 1870 et
2641 1816 2857 1871 castella
2923 1832 3051 1871 cum
3113 1817 3224 1870 suis
3281 1817 3594 1886 adjacentibus,
3640 1818 3705 1871 iuta.L

633 1910 1004 1972 ﬁrmaverunt,
1027 1917 1291 1978 quatenus
1319 1922 1508 1961 eorum
1533 1922 1755 1975 regnum
1785 1921 2016 1975 superno
2059 1907 2211 1960 auxi-

635 2000 708 2054 lio
739 2007 999 2058 tueretur.
1028 2007 1082 2052 et
1104 1998 1443 2068 postmodum
1469 2013 1589 2051 cum
1623 1997 1840 2051 Christo
1873 2011 1996 2066 rege
2023 2012 2210 2066 regum

637 2100 922 2158 regnarent
981 2089 1032 2142 in
1084 2089 1232 2143 celis.
1298 2089 1402 2142 Pro
1449 2089 1528 2142 rei
1578 2088 1831 2142 ﬁrmitate
1886 2103 2016 2142 vero
2070 2089 2211 2142 idem

635 2174 873 2245 prelatus
914 2175 1096 2243 prcsul
1147 2175 1460 2229 Wiomadus
1506 2175 1794 2244 postulavit
1842 2175 2213 2229 celsitudinem

638 2277 919 2330 nostram,
971 2277 1030 2320 ut
1086 2279 1367 2334 paternum
1399 2307 1414 2330 ,
1473 2282 1568 2321 seu
1627 2267 2064 2335 predecessorum
2123 2282 2212 2321 re-

637 2373 782 2420 gum,
813 2371 1016 2412 morem
1043 2366 1354 2425 sequentes,
1401 2356 1768 2424 hujuscemodi
1801 2365 1985 2412 nostre
2028 2357 2216 2410 autho-

639 2447 813 2500 ritatis
860 2454 1168 2514 preceptum
1225 2446 1293 2500 ob
1335 2461 1570 2500 amorem
1620 2445 1714 2500 Dei
1761 2454 1815 2500 et
1861 2445 2214 2500 reverentiam

644 2537 814 2589 sancti
853 2536 992 2589 Petri
1035 2537 1099 2590 de
1139 2536 1339 2588 eisdem
1389 2539 1546 2589 rebus
1587 2535 1701 2590 ﬁeri
1741 2537 2080 2606 juberemus;
2126 2551 2218 2590 cu-

635 2625 724 2693 jus
791 2628 1029 2696 petitioni
1088 2627 1314 2681 libenter
1373 2643 1693 2682 consensum
1753 2629 2102 2696 prebuimus,
2166 2639 2218 2685 et

644 2719 744 2773 hoc
767 2727 946 2773 nostre
970 2719 1314 2772 authoritatis
1343 2728 1649 2788 preceptum
1689 2735 1815 2788 erga
1854 2720 2024 2788 ipsam
2049 2722 2219 2776 eccle-

643 2810 778 2864 siam
822 2825 922 2879 pro
969 2810 1135 2864 divini
1182 2809 1356 2864 cultus
1394 2824 1592 2872 amore,
1627 2820 1682 2864 et
1719 2810 1896 2864 anime
1923 2817 2106 2865 nostre
2135 2826 2221 2866 re—

648 2902 841 2962 medio,
877 2901 992 2956 ﬁeri
1023 2902 1377 2964 decrevimus,
1411 2917 1508 2971 per
1543 2903 1683 2971 quod
1709 2903 2033 2972 precipimus
2061 2913 2222 2973 atque

641 2991 914 3062 jubcmus,
961 3000 1019 3046 ut
1061 3008 1248 3047 omnes
1289 2991 1570 3047 facultates
1615 2994 1698 3048 vel
1731 3009 1820 3048 res
1845 2993 1913 3047 ad
1941 2994 2221 3049 ecclesiam

646 3083 816 3138 sancti
843 3081 988 3137 Petri
1019 3082 1300 3137 Treverice
1326 3083 1474 3137 urbis
1501 3083 1849 3151 pertinentes,
1881 3083 2087 3138 scilicet
2109 3084 2218 3138 cel-

2310 1921 2464 1974 grum
2506 1914 2765 1974 perpetuo
2825 1914 3088 1976 tempore,
3141 1921 3236 1976 pro
3295 1908 3493 1960 remedio
3524 1908 3637 1960 anime
3662 1925 3702 1960 in

2312 2004 2421 2048 stre
2474 2011 2566 2050 seu
2606 2003 2886 2065 parentum
2929 2006 3264 2061 nostrorum,
3294 1997 3454 2066 quieto
3477 1999 3607 2050 ordine
3620 1999 3705 2066 pisi-

2313 2086 2460 2150 dere,
2490 2096 2545 2140 et
2569 2095 2755 2142 nostro
2798 2086 3029 2143 ﬁdeliter
3054 2103 3244 2158 parere
3285 2089 3510 2152 mandato,
3547 2097 3645 2158 atque
3659 2105 3703 2156 pta

2314 2176 2679 2231 incolumitate
2705 2185 2889 2232 nostra
2923 2187 2976 2233 et
3005 2178 3268 2248 conjugis,
3298 2194 3356 2233 ac
3381 2179 3528 2247 prolis.
3551 2180 3704 2231 serenam

2316 2266 2480 2319 totius
2508 2266 2676 2335 regni,
2712 2281 2741 2318 a
2770 2267 2879 2320 Deo
2918 2269 3079 2322 nobis
3106 2267 3308 2332 collati,
3348 2276 3395 2323 et
3418 2267 3509 2334 ejus
3536 2267 3704 2320 clementis

2315 2357 2449 2410 sima
2498 2359 2845 2414 miseratione
2885 2375 2986 2428 per
3025 2361 3338 2415 immensum
3365 2358 3632 2414 conservandi.
3658 2373 3703 2410 un

2317 2462 2437 2501 cum
2472 2447 2619 2503 clero
2668 2457 2724 2504 et
2750 2450 2943 2519 populo
2988 2451 3092 2504 sibi
3145 2451 3387 2520 subjecto,
3431 2447 3703 2503 immensarum

2319 2537 2570 2590 mentiam
2592 2536 2794 2608 jugiter
2820 2555 3068 2594 exorare.
3101 2540 3164 2594 Et
3205 2539 3439 2608 quidquid
3461 2537 3512 2591 de
3531 2535 3705 2605 ursinae

2318 2626 2418 2680 bus
2439 2628 2664 2683 ecclesie
2679 2627 2768 2694 jus
2796 2629 2910 2684 ﬁsci
2938 2631 3160 2700 exigere
3181 2637 3393 2700 poterat,
3417 2628 3605 2694 integrum
3621 2624 3702 2677 ciien

2319 2718 2680 2772 concessimus
2724 2719 2968 2783 ecclesie,
3007 2720 3217 2774 scilicet
3261 2728 3315 2772 ut
3348 2727 3552 2787 perpetuo
3583 2724 3705 2780 tempus

2319 2809 2368 2864 ei
2416 2809 2481 2862 ad
2527 2809 2887 2878 peragendum
2940 2810 3039 2866 Dei
3092 2811 3387 2872 servitium,
3432 2808 3704 2876 augmentum!

2323 2899 2750 2967 supplementum
2787 2899 2899 2954 ﬁat.
2929 2901 3080 2956 Hanc
3109 2903 3285 2971 itaque
3320 2889 3703 2952 authoritatemncétri

2322 2991 2581 3060 Ρτεεθνιί,
2612 3000 2672 3045 ιιι
2691 2993 2984 3061 pleniorem
3013 2994 3070 3047 in
3107 2993 3206 3047 Dei
3231 2991 3426 3046 nomine
3459 2983 3702 3049 obtineat

2325 3097 2459 3146 rem,
2490 3093 2543 3137 et
2573 3099 2602 3136 a
2640 3083 2886 3139 ﬁdelibus
2924 3095 3113 3140 sancte
3137 3085 3228 3138 Dei
3252 3079 3468 3141 ecclesie,
3488 3083 3527 3130 et
3545 3069 3705 3128 nostrisrr

644 3172 749 3226 lam
777 3172 945 3227 sancti
994 3171 1286 3235 Maximini,
1319 3187 1424 3241 que
1468 3145 1523 3224 in
1567 3145 1842 3225 territorio»
1876 3173 2049 3226 sancti
2073 3170 2218 3225 Petri
2249 3145 2293 3206 Ο
2324 3170 2517 3225 delicet
2544 3173 2882 3240 presentibus
2908 3182 2963 3229 et
2993 3173 3191 3228 futuris
3218 3168 3504 3242 temporibus
3528 3163 3639 3217 verius
3652 3172 3705 3211 ur-

645 3262 900 3331 principis
945 3260 1305 3330 apostolorum
1336 3269 1662 3322 constructa,
1695 3269 1748 3314 et
1767 3260 2023 3316 ecclesias
2051 3261 2221 3316 sancti

644 3347 851 3404 Paulini
893 3359 946 3403 et
985 3351 1152 3404 sancti
1199 3350 1469 3413 Eucharii,
1518 3358 1573 3404 et
1610 3351 1996 3404 monasterium
2039 3358 2223 3405 sancte

648 3438 834 3504 Marie,
861 3440 1002 3509 quod
1031 3440 1277 3494 dominus
1305 3439 1600 3494 Modoaltus
1642 3439 1882 3508 pontifex
1927 3440 2101 3495 eidem
2135 3456 2224 3495 ec-

645 3529 808 3584 clesie
845 3529 900 3583 in
943 3529 1214 3584 territorio
1257 3529 1428 3585 sancti
1476 3528 1620 3584 Petri
1652 3545 1683 3583 a
1715 3530 2062 3586 fundamento
2101 3547 2226 3585 con-

647 3619 862 3680 struxit.
893 3619 1033 3689 quod
1057 3627 1279 3674 vocatur
1307 3619 1464 3684 Orca,
1495 3627 1549 3674 et
1572 3620 1852 3675 ecclesiam
1893 3621 2065 3674 sancti
2095 3619 2228 3673 Mar-

651 3709 746 3763 tini
790 3710 818 3749 b
864 3709 918 3763 in
966 3724 1102 3778 pago
1154 3709 1424 3766 Ambitivo
1466 3719 1862 3777 constructam,
1914 3719 1968 3767 et
2016 3720 2227 3768 ceteras

650 3800 920 3863 basilicas,
970 3801 1206 3867 castella,
1237 3803 1404 3866 vicos,
1449 3803 1620 3867 villas,
1659 3804 1866 3868 vineas,
1898 3804 2090 3874 sylvas,
2137 3806 2228 3859 bo-

651 3892 842 3955 mines,
874 3899 929 3944 et
952 3891 1210 3960 quidquid
1260 3892 1370 3947 Deo
1413 3894 1645 3948 donante
1685 3894 1752 3947 ad
1792 3895 2016 3950 eandem
2057 3895 2228 3949 eccle-

652 3981 786 4036 siam
841 3969 1119 4050 dcinceps'
1155 3983 1426 4053 augmenti
1479 3983 1616 4038 citra
1666 3983 1913 4037 Rhenum
1965 3991 2020 4038 et
2062 3983 2229 4054 ‘Lige-

653 4088 772 4127 rum
808 4069 1048 4138 fluvium,
1085 4073 1137 4127 in
1169 4090 1332 4144 regno
1376 4084 1563 4130 nostro
1601 4075 1862 4142 sistentia,
1886 4075 2082 4139 omnia,
2131 4077 2229 4130 sub

647 4163 770 4236 jure
817 4171 870 4218 et
908 4172 1170 4233 potestate
1211 4165 1381 4220 sancti
1428 4165 1574 4220 Petri
1625 4165 1958 4221 Trevirensis
2004 4166 2229 4221 ecclesie

652 4255 874 4325 ejusque
931 4256 1197 4324 pontilicis
1249 4257 1634 4328 perpetualiter
1679 4257 1979 4327 mancipata
2018 4271 2231 4326 perma-

656 4355 837 4401 neant.
867 4345 1118 4402 Preterea
1152 4348 1270 4416 pari
1315 4349 1473 4404 modo
1512 4347 1818 4412 statuimus,
1856 4355 1917 4402 ut
1958 4347 2134 4403 nullus
2162 4363 2228 4402 ex

655 4435 882 4504 publicis
899 4434 1190 4504 judicibus,
1223 4435 1305 4491 vel
1335 4434 1529 4504 aliquis
1563 4449 1627 4489 ex
1653 4433 1938 4504 judiciaria
1968 4443 2232 4506 potestate

2326 3266 2506 3331 datur,
2547 3275 2602 3322 et
2627 3267 2934 3338 diligentius
2963 3286 2993 3323 a
3022 3267 3409 3325 successoribus
3432 3259 3706 3316 nostrum

2327 3366 2497 3421 vetur,
2531 3373 2593 3412 ea
2617 3374 2776 3414 manu
2806 3361 3023 3430 propria
3053 3361 3238 3416 subter
3258 3355 3550 3412 ﬁrmavimus
3570 3339 3706 3400 ειειιωθ

2327 3445 2496 3499 nostri
2520 3445 2869 3516 impressione
2897 3449 3100 3520 signari
3116 3448 3379 3520 jussimus.

2397 3537 2620 3609 Signum
2668 3539 2840 3612 Pipini
2883 3542 3339 3614 percellentissimi
3369 3540 3500 3608 regis.
3520 3534 3595 3603 Ego
3611 3525 3706 3591 ιοεφδ

2328 3631 2685 3686 subdiaconus
2717 3633 2783 3688 ad
2815 3635 2987 3690 vicem
3032 3633 3264 3690 Wulfart
3309 3625 3555 3698 recognovi.
3579 3619 3655 3674 Dat:
3677 3627 3704 3661 ιν

2327 3719 2582 3776 kalendas
2628 3719 2774 3788 Julii,
2827 3724 3120 3782 indictione
3151 3725 3236 3789 15,
3275 3735 3401 3776 anno
3439 3728 3546 3772 nono
3575 3709 3706 3776 regni“?

2329 3811 2529 3883 inclyte
2555 3828 2700 3885 rege.
3509 3877 3516 3884 ,

2400 3903 2593 3960 Actum
2623 3906 2916 3976 'l'ulpiacko
2946 3907 2999 3962 in
3041 3909 3138 3964 Dei
3173 3906 3375 3963 nomine
3413 3895 3596 3954 feliciter,
3621 3893 3703 3936 ιωα-

3023 3993 3205 4074 xxiii.

2331 4105 2573 4175 Diploma
2618 4105 2827 4181 Rippini
2879 4110 3034 4181 regis,
3060 4127 3164 4181 quo
3198 4107 3359 4181 villam
3392 4076 3706 4181 Tinfffltlwm

2627 4165 2774 4231 ἀέήεὶ
2801 4165 3033 4234 ecclesias
3067 4165 3227 4235 donat
3262 4178 3406 4249 (anno
3431 4165 3540 4235 7θῆ

2517 4271 2678 4333 (Apud
2703 4271 2762 4322 D.
2790 4273 3034 4336 Bouquet,
3059 4281 3179 4323 tom.
3204 4272 3260 4332 ν,
3280 4284 3338 4319 ex
3356 4254 3599 4336 Scbtnntlflfl
3647 4333 3655 4336 4
3688 4319 3695 4336 1

2402 4321 2658 4420 Pippinns
2687 4367 2780 4407 rex
2803 4321 3472 4413 Francorum—vir'inluster.
3497 4321 3707 4420 Nihilqtl’l'

2336 4415 2642 4509 Apostolus,
2671 4443 2724 4497 in
2774 4443 2916 4498 hunc
2952 4446 3207 4501 mundum
3243 4439 3480 4499 intulimus
3509 4415 3706 4481 nectit!bim

657 4610 1030 4690 :I‘revir.,_cap.
1052 4609 1143 4690 39,
1173 4611 1302 4666 edit.
1336 4611 1599 4690 Lcibniz?
1633 4609 1700 4666 de
1727 4624 1791 4690 re.
1819 4610 1932 4690 ipsa
1967 4611 2224 4690 siemseri-
2259 4630 2307 4690 ι)
2333 4616 2605 4690 Maximini
2631 4619 2816 4675 abbas.
2864 4657 2885 4690 ,-

653 4680 789 4735 bat:
824 4697 842 4730 (
890 4680 1219 4748 Praeceptum
1257 4691 1433 4735 tamen
1474 4681 1635 4750 regite
1677 4680 2010 4750 auctoritatis
2040 4681 2226 4747 (Weo-

657 4750 865 4818 madus)
886 4750 952 4804 ab
978 4750 1163 4804 eodem
1191 4749 1378 4819 Piptno
1421 4749 1583 4819 super
1610 4749 1798 4805 cellam
1845 4751 2015 4805 sancti
2062 4751 2230 4805 Maxi-

655 4823 786 4876 mini
815 4828 870 4875 et
892 4819 1012 4874 aliis
1040 4821 1198 4874 rebus
1237 4821 1488 4875 Ecclesiae
1522 4820 1860 4874 Trebirensis
1895 4821 2145 4885 obtinuit,
2175 4832 2230 4875 et

657 4908 687 4972 ξι
709 4889 897 4972 Carolo
927 4889 1116 4972 Magno
1142 4889 1314 4972 Pip'i‘n‘i
1352 4889 1500 4972 ﬁlio;
1528 4889 1668 4972 quod
1696 4890 1952 4972 quiscire
1976 4891 2226 4972 voluerit,

657 4961 896 5042 invenire
923 4959 1144 5042 poterit;
1173 4977 1191 5010 ι
1336 4959 1526 5042 deinde
1549 4959 1813 5042 Pitt‘ifniani
1844 4959 2000 5029 hujus
2028 4961 2228 5016 mentio

1369 5046 1401 5070 σ

659 5031 713 5084 in
740 5029 1008 5112 praecepto
1033 5029 1285 5084 Ludovici
1309 5030 1451 5112 regis
1474 5044 1558 5084 an.
1593 5029 1717 5085 902.
1848 5099 1859 5111 ο
1936 5100 1947 5111 .
2085 5099 2097 5112 ι

727 5111 753 5139 ι
785 5099 1183 5154 ινιοηιηάιιε....
1222 5101 1658 5170 archteptscopus.
1696 5097 2101 5169 Archteptscopt
2132 5116 2230 5153 no-

659 5183 781 5222 men
818 5178 941 5222 ante
969 5170 1222 5224 smculum
1253 5169 1449 5223 nonum
1473 5171 1525 5223 in
1544 5169 1845 5225 Occidente
1871 5171 2228 5233 rarissimum,

657 5238 960 5308 suspicione
1003 5253 1106 5294 non
1147 5247 1313 5294 caret.
1359 5240 1478 5296 Vid.
1509 5238 1710 5294 Mabill.
1748 5240 1812 5294 de
1849 5239 1928 5294 Re
1955 5239 2106 5308 dipl..
2136 5239 2229 5294 lib.

658 5324 719 5368 tt,
764 5321 813 5378 c.
859 5307 912 5370 2,
961 5325 1015 5362 n.
1065 5311 1116 5378 5.
1168 5310 1509 5365 Wiomadum
1541 5317 1722 5365 autem
1755 5309 1952 5378 eojam
1994 5307 2233 5378 tempore

660 5375 962 5447 ’Irevirensi
986 5377 1283 5447 prmfuisse,
1307 5380 1527 5434 minime
1551 5375 1920 5434 dubitandum.
1953 5375 2234 5435 lmmédia-

661 5459 747 5501 tus
775 5445 891 5514 ejus
911 5445 1161 5517 decessor
1184 5449 1304 5502 Milo
1319 5448 1429 5517 jam
1455 5451 1598 5504 circa
1629 5465 1825 5504 annum
1852 5449 1956 5504 753
1982 5449 2125 5504 inter
2151 5450 2232 5502 vi-

660 5532 756 5572 vos
801 5531 921 5572 esse
963 5516 1212 5571 desierat.
1249 5516 1366 5573 Vid.
1401 5518 1670 5574 Mabillou.
1703 5520 1895 5574 Annal.
1938 5520 2232 5582 Benedict.,

659 5597 794 5642 tum.
820 5587 880 5651 ll,
913 5587 1006 5640 lib.
1041 5602 1174 5650 χχιι,
1206 5603 1258 5640 n.
1303 5588 1399 5651 74;
1431 5589 1724 5655 Eckhard.,
1753 5589 1880 5644 Rer.
1924 5589 2231 5645 Francicar.

660 5657 752 5711 lib.
783 5673 935 5721 χχιιι,
962 5671 1016 5710 n.
1050 5657 1170 5712 126.
1202 5657 1351 5712 Adde
1380 5658 1784 5725 Testamentum
1830 5661 2000 5715 sancti
2052 5661 2236 5715 Salva—

662 5728 796 5782 toris
823 5743 911 5782 an.
958 5728 1077 5792 762,
1111 5736 1221 5784 not.
1258 5727 1300 5783 ί.
1331 5727 1527 5783 Fuerat
1549 5729 1874 5787 Weomadus
1914 5739 2040 5787 ante
2065 5729 2238 5787 sancti

2356 4662 3027 4778 :E'zs'ézia‘iw.
3071 4662 3708 4778 uoueraftjrfﬂ'iﬁét

2335 4754 2427 4810 lib.
2456 4771 2554 4821 vn,
2584 4746 2636 4811 'n.
2653 4746 2795 4821 "497,
2826 4759 2952 4860 legit
2979 4760 3311 4821 Ambitarino,
3338 4746 3706 4833 sednecsicﬂt'f‘f’f

2335 4826 2532 4860 ηιιηηι-ἱί
2575 4828 2696 4860 πὶοηῖ
2748 4830 2886 4860 ΙὶσιιιΔ
2925 4830 3032 4860 ει..-
3074 4827 3374 4860 .:....:t:Mi:n
3431 4821 3590 4860 Roclttls
3618 4808 3700 4860 Iuli”

2333 4819 2548 4895 proprii
2575 4828 2697 4896 pagi
2748 4819 3032 4884 habebitur
3074 4819 3390 4897 signiﬁcatio.
3431 4819 3590 4876 Rectius
3618 4819 3700 4900 ξιῆιξυί

2333 4895 2473 4950 infra
2508 4897 2560 4950 in
2597 4897 2884 4957 diplomate
2920 4899 3168 4957 Carolino
3193 4902 3254 4956 de
3278 4909 3401 4951 anno
3425 4888 3505 4943 775
3534 4874 3709 4957 nom'f‘f,’

2333 4913 2473 4950 lllll‘a
2503 4913 2560 4977 tn
2597 4913 2884 4966 atptomatc
2920 4913 3168 4957 uaronno
3193 4913 3254 4956 de
3278 4913 3505 4973 annuum
3535 4913 3704 4982 uva-"~61

2332 4965 2548 5047 ecclesia
2592 4970 2759 5047 sancti
2787 4968 3009 5047 Martini
3055 4972 3108 5024 in
3155 4985 3286 5047 pago
3305 4953 3706 5047 ligantem-tigna“!

2333 5015 2898 5118 ῑιὸάῖἐὶῖιείέὸέῖὲὲῖεἱίξ
2911 5015 3483 5118 ﬂagitabant...
3507 5031 3546 5076 ει
3565 5015 3682 5069 Severi

2335 5107 2644 5160 monasterii
2677 5107 3013 5163 Meinfeldize.

2334 5259 2494 5320 quam
2519 5236 2886 5320 ampla‘l‘ue'rit
2904 5236 3024 5303 haec
3044 5247 3314 5320 possessio.
3341 5236 3601 5320 Qiﬁdﬂ’fﬁf

2333 5285 2668 5390 iinembranfa,
2839 5285 3707 5390 siclzable‘tarfaln’villafilfﬂ'ﬁﬂ:

2336 5385 2388 5472 :9
2695 5360 2829 5472 “si;
2846 5360 2935 5442 ῖξι
2953 5360 3226 5458 fissam
3259 5398 3362 5472 εεεη
3396 5360 3705 5472 navata.

2337 5435 3246 5537 minoiaconscensa:
3263 5435 3700 5537 ἷῖίιιπξίείξὲἱὶξςἭζ

2344 5525 2543 5579 uicales
2567 5499 3104 5596 sui;
3128 5499 3359 5598 depratis
3382 5515 3435 5572 ad
3453 5499 3625 5619 eam;

2345 5595 2463 5619 ,ηυξ
2495 5594 2558 5619 ΕΩ
2628 5597 2754 5619 ---ηε
2805 5597 2862 5619 ει
2929 5599 3047 5619 ..-ηε
3083 5594 3304 5619 ξυλημειε
3335 5589 3391 5619 on
3430 5588 3558 5619 uan
3686 5618 3689 5619 ,

2343 5595 2466 5663 equi
2492 5594 2581 5658 52,
2628 5597 2755 5667 pulli
2801 5588 2887 5660 51,
2925 5599 3050 5668 equi
3083 5588 3305 5655 indomiti
3333 5589 3406 5646 80.
3430 5588 3558 5637 vam
3580 5588 3623 5643 ³9

2343 5665 2526 5720 vitulis
2561 5666 2645 5723 55.
2679 5682 2808 5722 oves
2848 5667 2972 5723 200.
3016 5670 3163 5723 norci
3206 5665 3285 5723 90.
3328 5657 3498 5723 lidicuﬂ!
3533 5637 3682 5723 “Ws.”

2343 5681 2526 5720 Vlllllls
2561 5681 2645 5732 ῧῧ,
2679 5682 2808 5722 ογεε
2848 5681 2972 5732 Συυ,
3016 5684 3163 5739 pora
3206 5681 3285 5729 ευ,
3328 5681 3498 5727 "unum,
3533 5681 3613 5716 ...τη

2343 5735 2432 5804 9-⁷.
2462 5736 2846 5794 molcndinaria
2869 5739 2921 5805 9,
2954 5739 3190 5797 ecclesia:
3212 5736 3258 5802 5,
3279 5745 3380 5788 cum
3403 5722 3519 5781 httth
3534 5716 3644 5764 StlIS-l
