3920 6310
128 349 287 408 153⁵1

936 337 1195 400 ΡΙΡΡΙΝΙ,
1235 329 1726 393 οΑιιοιιοΜΑΝκι
1763 327 1848 383 ΕΤ
1887 326 2192 384 ALIORL’M
2237 323 2646 381 DlPl.0.\lATA.

3267 320 3404 376 I538

121 461 278 532 quin
315 456 447 514 nihil
493 471 559 512 ex
597 468 661 508 eo
693 452 979 523 quicquam
1024 449 1302 505 nobiscum
1331 445 1546 500 auferre
1579 451 1730 532 pote-
1759 443 1804 500 Α
1833 437 2189 507 propitiatorii
2243 438 2492 532 ordinare
2514 435 2813 532 praecepit;
2858 434 3200 532 balamonen)
3239 437 3409 514 quod:

123 529 342 612 rimus,
372 545 476 602 nisi
496 543 640 614 quod
664 542 734 597 ob
757 542 951 596 animae
970 537 1162 594 salutis
1179 536 1369 591 devota
1399 539 1578 588 mente
1602 529 1734 584 locis

125 651 482 702 sanctorum,
517 635 628 690 Deo
657 635 972 704 inspirante,
1001 625 1258 699 inpertire
1285 622 1529 680 videmur
1561 639 1574 674 :
1605 635 1734 690 ergo

126 735 440 798 cognoscat
464 723 774 793 magnitudo
815 735 909 776 seu
940 718 1199 774 industria
1241 724 1439 777 vestra,
1469 711 1610 782 quod
1636 726 1735 764 nos

126 827 372 888 propter
396 828 589 870 nomen
628 810 840 867 Domini
883 809 968 864 vel
1017 816 1217 864 mterna
1262 804 1615 860 retributione
1641 802 1736 855 do-

129 923 344 964 namus
394 921 425 961 a
469 905 556 960 die
596 909 861 975 praesente
910 899 979 955 ad
1032 895 1349 953 monastirio
1394 897 1735 962 noncupante

128 999 318 1056 Fnlda
353 998 445 1068 qui
473 1004 557 1052 est
586 1002 931 1051 constructus
955 991 1011 1046 in
1046 989 1250 1044 honore
1283 985 1456 1042 sancti
1487 983 1733 1039 Salvato-

134 1090 226 1144 ris
256 1102 422 1158 quem
465 1092 684 1140 sanctus
707 1079 1011 1136 Bonifacius
1047 1092 1186 1132 novo
1222 1073 1523 1131 construxit
1549 1084 1731 1140 opere.

130 1180 243 1236 ubi
295 1179 409 1248 ipse
445 1176 734 1247 praeciosus
758 1181 966 1242 martyr
1008 1184 1235 1239 corpore
1272 1165 1574 1238 requiescit,
1604 1163 1734 1233 quin

128 1269 326 1341 potius
370 1265 768 1338 promptissima
819 1260 1102 1319 devotione
1148 1259 1407 1314 tradimus
1450 1255 1598 1320 villa,
1641 1253 1731 1324 qui

128 1359 347 1415 dicitur
383 1356 680 1428 Thininga,
717 1353 873 1410 sitam
921 1367 976 1406 ιιι
1016 1365 1154 1422 pago
1202 1348 1333 1404 Rezi
1372 1361 1534 1416 super
1572 1343 1734 1398 ﬂuvio

131 1443 236 1514 qui
285 1451 511 1496 vocatur
553 1438 717 1509 Agira
741 1457 745 1464 ι
768 1451 892 1493 cum
925 1434 1070 1491 omni
1109 1433 1446 1504 integritate,
1478 1428 1735 1501 quicquid

131 1531 208 1586 ad
238 1532 356 1601 ipsa
382 1529 508 1585 villa
547 1527 789 1597 aspicere
831 1524 914 1580 vel
944 1530 1225 1594 pertenere
1268 1521 1500 1585 videtur,
1550 1518 1604 1574 id
1649 1524 1733 1572 est

131 1630 254 1676 tam
315 1619 506 1684 terris,
558 1617 757 1672 mansis
799 1631 924 1670 cum
973 1614 1280 1670 hominibus
1326 1617 1729 1674 conmanentes,

131 1712 445 1783 mancipys,
483 1709 651 1774 silvis,
700 1723 914 1763 marcas
956 1706 1038 1762 vel
1071 1706 1227 1770 lines,
1266 1704 1502 1775 campis,
1537 1706 1727 1773 pratis,

1837 541 1941 595 que
1991 541 2167 596 regem
2215 526 2470 595 templum
2513 527 2565 580 in
2605 527 2817 580 nomine
2857 525 3026 595 ipsius
3059 524 3406 591 mdiﬁcatum,

1836 615 2034 669 scimus
2083 631 2215 669 auro
2269 614 2640 684 lapidibusque
2695 603 3002 668 exornasse.
3060 614 3169 670 Nos
3218 615 3364 670 enim
3391 653 3410 682 ,

1835 705 2080 773 quamvis
2117 722 2222 760 non
2253 705 2326 758 ita
2356 721 2548 776 magna
2573 705 2773 760 eisdem
2800 721 3081 774 exmquare
3114 705 3405 774 valeamus,

1836 806 2034 862 tamen,
2066 797 2208 866 quod
2237 796 2447 852 facilius
2473 812 2783 866 possumus,
2816 811 2882 850 ex
2924 797 3158 866 propriis
3187 796 3408 853 faculza-

1836 881 1979 939 tibus
2019 900 2154 955 quas
2206 886 2500 950 habemus,
2559 885 2783 939 Domino
2825 895 3183 954 cooperante,
3232 887 3406 943 eidem

1835 972 2029 1030 oll'erre
2066 976 2467 1042 desideramus,
2519 977 2642 1045 quia
2691 975 2844 1039 nihil,
2891 967 2950 1029 ul
2990 976 3066 1030 ait
3098 977 3410 1046 Apostolus,

1837 1063 1892 1118 in
1929 1065 2071 1120 hunc
2099 1066 2354 1120 mundum
2401 1065 2709 1128 intulimus,
2752 1080 2873 1129 nec,
2911 1065 3037 1134 quia
3063 1079 3130 1119 ex
3160 1079 3225 1119 eo
3252 1065 3407 1135 quid-

1835 1166 1994 1222 quam
2019 1152 2209 1209 eﬂ‘erre
2236 1154 2549 1224 poterimus,
2580 1156 2674 1209 sed
2703 1153 2831 1208 illud
2860 1154 2928 1208 ad
2963 1154 3155 1208 animm.
3181 1155 3408 1209 salutent

1837 1241 2105 1298 credimus
2136 1243 2416 1313 prolicere,
2442 1243 2700 1312 quidquid
2740 1243 2930 1298 devota
2954 1251 3133 1297 mente
3157 1245 3223 1298 de
3249 1245 3411 1300 rebus

1835 1332 2163 1388 transitoriis
2186 1332 2412 1387 Domino
2441 1333 2684 1387 videmur
2711 1331 3051 1387 distribuere.
3085 1333 3251 1402 Igitur
3282 1333 3407 1388 dum

1836 1429 2022 1476 notum
2069 1430 2154 1476 est
2188 1421 2436 1476 omnibus
2485 1429 2594 1474 tam
2627 1421 2963 1491 propinquis,
3005 1435 3165 1489 quam
3205 1421 3412 1476 exteris

1835 1513 2162 1579 nationibus,
2201 1529 2301 1568 nos
2333 1521 2388 1566 et
2433 1510 2712 1582 coniugem
2742 1521 2978 1567 nostram
3010 1512 3322 1566 Bertradam
3354 1511 3409 1567 in

1834 1621 2017 1660 amore
2041 1606 2212 1661 sancti
2243 1604 2555 1669 Salvatoris,
2590 1621 2688 1660 nec
2710 1621 2814 1660 non
2837 1615 2892 1660 et
2917 1613 3114 1660 sancta:
3143 1605 3234 1660 Dei
3257 1606 3410 1673 geni-

1836 1697 1987 1750 tricis
2010 1696 2210 1760 Marizc,
2234 1704 2396 1766 atque
2418 1696 2699 1750 beatorum
2722 1696 3022 1764 principum
3049 1696 3412 1762 apostolorum

131 1782 376 1874 pascois,
429 1801 584 1872 aquis
621 1814 952 1879 aquarumve
995 1796 1333 1860 decursibus,
1365 1795 1653 1850 mobilibus
1677 1801 1733 1850 et
1766 1788 1806 1845 Β
1833 1785 1978 1841 Petri
2003 1795 2059 1840 et
2087 1784 2258 1850 Pauli,
2290 1786 2371 1838 vel
2403 1785 2573 1840 sancti
2605 1782 2827 1838 Joannis
2854 1785 3124 1854 Baptisttc,
3156 1801 3249 1840 seu
3275 1802 3416 1840 mar-

135 1891 516 1948 imruobilibus
558 1889 816 1960 pmsidys
854 1887 1179 1957 quibuslibet
1206 1885 1528 1956 adjrecentys
1560 1893 1730 1939 totum

133 1993 194 2041 et
227 1985 304 2038 ad
333 1983 625 2052 integrum,
674 1989 733 2033 ut
774 1980 1024 2042 diximus,
1055 1994 1083 2032 a
1120 1978 1206 2032 die
1231 1986 1493 2048 prasente
1521 1976 1587 2031 ad
1617 1976 1732 2045 ipso

134 2075 477 2128 monasterio
504 2069 675 2125 sancti
706 2069 1004 2124 Salvatoris
1028 2067 1117 2123 ubi
1140 2068 1253 2138 ipse
1277 2068 1568 2137 praeciosus
1592 2080 1732 2118 mar-

137 2172 232 2234 tyr
265 2171 487 2216 sanctus
517 2159 822 2215 Bonifacius
849 2174 1074 2229 corpore
1102 2158 1408 2227 requiescit,
1441 2172 1601 2226 super
1637 2154 1734 2208 lin-

135 2248 231 2300 vio
262 2245 454 2308 Fulda,
485 2259 578 2313 per
607 2245 746 2298 hanc
773 2243 968 2298 seriem
1013 2242 1315 2296 traditionis
1342 2256 1440 2310 pro
1472 2240 1734 2294 mercedis

135 2345 348 2390 nostra:
377 2344 720 2404 augmentum
749 2333 1013 2388 donamus
1041 2333 1422 2402 perpetualiter
1453 2333 1518 2386 ad
1553 2346 1734 2400 posse-

135 2424 409 2488 dcndum,
439 2425 511 2477 ita
537 2433 594 2476 ut
621 2425 688 2478 ab
713 2439 778 2478 ac
820 2424 905 2478 die
934 2432 1172 2478 rectores
1201 2424 1366 2492 ipsius
1405 2431 1732 2492 monastery,

136 2515 262 2585 ipsa
296 2513 420 2568 villa
449 2516 541 2584 qui
569 2515 766 2569 dicitur
793 2513 1018 2582 Tininga
1061 2529 1183 2568 cum
1212 2513 1462 2568 omnibus
1488 2511 1736 2582 adjacen-

138 2616 231 2675 tys
259 2602 344 2658 vel
371 2603 696 2674 appendicys
724 2603 836 2657 suis
869 2603 936 2656 ad
958 2602 1257 2672 profectum
1287 2603 1453 2670 ipsius
1483 2602 1737 2656 Ecclesia:

136 2707 270 2747 eam
311 2699 526 2746 teneant
564 2701 618 2747 et
646 2692 989 2761 possedeant,
1023 2698 1077 2745 et
1112 2705 1281 2761 usque
1326 2692 1380 2744 in
1423 2699 1736 2760 perpetuum

138 2784 229 2839 eis
259 2783 511 2853 proficiat
549 2784 602 2837 in
649 2792 1024 2853 augmentum;
1072 2789 1125 2837 et
1166 2790 1228 2836 ut
1279 2783 1396 2838 haec
1448 2781 1740 2837 auctoritas

141 2872 364 2927 firmior
393 2874 678 2938 habeatur,
702 2872 785 2928 vel
812 2887 909 2941 per
934 2871 1101 2926 multa
1128 2879 1370 2942 tempora
1397 2873 1590 2926 melius
1612 2889 1740 2926 can-

143 2973 422 3032 servetur,
452 2966 638 3021 subter
659 2981 780 3021 eam
810 2965 1146 3019 tlrmavimus
1168 2965 1254 3019 vel
1280 2966 1344 3019 de
1370 2965 1530 3019 anulo
1559 2975 1742 3018 nostro

144 3057 531 3127 sigillavitnus.

227 3151 457 3224 Signum
482 3152 522 3220 -ξ-
547 3151 772 3221 Pippino
800 3148 1188 3220 gloriosissimo
1215 3163 1360 3220 rege.

229 3245 510 3300 Hitherius
550 3245 603 3298 in
645 3244 763 3298 vice
789 3242 1100 3306 Baddilone,
1127 3243 1250 3297 data
1274 3243 1325 3296 in
1357 3256 1542 3297 mense
1565 3239 1744 3304 Junio,

1836 1887 2012 1949 tyrum
2039 1878 2210 1932 sancti
2241 1876 2519 1946 Stephani,
2556 1876 2795 1947 Dionysii
2825 1884 2879 1930 et
2908 1875 3162 1942 Mauritii,
3191 1885 3244 1931 et
3285 1892 3413 1932 con-

1835 1967 2098 2024 fessorum
2133 1967 2378 2031 Martini,
2415 1968 2654 2031 Vedasti,
2701 1977 2862 2036 atque
2902 1963 3175 2031 Germani,
3230 1983 3418 2022 mona-

1835 2059 2056 2114 sterium
2085 2058 2138 2112 iu
2169 2073 2227 2112 re
2257 2057 2599 2128 pr0prietatis
2631 2065 2826 2110 nostra:
2855 2057 3140 2120 aedificare,
3167 2060 3307 2126 quod
3332 2067 3415 2112 cst

1834 2151 2067 2221 positum
2088 2148 2226 2204 infra
2254 2150 2512 2204 terminos
2534 2149 2760 2203 Bidense
2782 2157 2941 2216 atque
2963 2148 3249 2212 Ardennm,
3275 2149 3301 2188 δ
3325 2152 3415 2205 ubi

1836 2241 2041 2296 rivulus
2079 2241 2170 2309 qui
2218 2239 2412 2294 dicitur
2458 2239 2822 2303 Berdenbach,
2860 2239 3157 2307 ingreditur
3189 2241 3239 2292 in
3277 2240 3412 2292 Pru-

1837 2333 2023 2395 miam,
2046 2331 2100 2384 in
2134 2331 2300 2400 ipsius
2326 2345 2452 2384 vero
2481 2330 2789 2384 monasterii
2813 2331 3041 2384 ecclesia
3067 2333 3133 2384 de
3160 2333 3412 2388 smdaliis

1837 2423 2047 2478 Domini
2073 2422 2242 2477 nostri
2270 2421 2396 2477 Jesu
2424 2421 2647 2486 Christi,
2679 2437 2776 2476 nec
2803 2436 2907 2474 non
2947 2422 3114 2492 ipsius
3143 2425 3416 2494 genitricis

1839 2513 2021 2570 Maria:
2049 2522 2472 2582 ceterorumque
2498 2521 2827 2579 sanctorum,
2855 2529 3083 2584 quorum
3113 2514 3224 2582 jam
3255 2531 3417 2584 supra

1839 2602 2065 2658 fecimus
2091 2604 2440 2667 mentionem,
2468 2602 2568 2656 visi
2598 2601 2796 2656 fuimus
2819 2604 3111 2658 recondere
3141 2604 3418 2674 reliquias,

1839 2705 2001 2764 atque
2035 2695 2230 2749 ibidem
2267 2695 2642 2749 constituimus
2676 2695 2988 2758 monachos,
3021 2697 3112 2763 qui
3154 2697 3251 2749 sub
3285 2711 3417 2751 san-

1840 2797 1939 2842 cta:
1964 2787 2385 2842 conversationis
2407 2802 2597 2840 norma
2615 2826 2630 2850 ,
2654 2787 2737 2840 vel
2763 2788 3054 2840 secundum
3107 2789 3414 2856 praeceden-

1842 2878 1974 2932 tium
2012 2876 2232 2930 Patrum
2263 2915 2276 2929 .
2303 2915 2318 2930 .
2353 2914 2366 2929 .
2399 2876 2631 2930 debeant
2658 2876 2877 2930 omnino
2912 2877 3182 2936 exerceri.
3228 2889 3419 2946 quate-

1843 2983 1975 3030 nus,
2014 2975 2072 3019 ut
2098 2982 2189 3034 qut
2221 2967 2469 3020 monachi
2500 2966 2727 3019 solitarii
2767 2976 3172 3036 nuncupantur,
3207 2969 3270 3022 de:
3299 2983 3422 3036 per-

1847 3057 1985 3112 fecta
2013 3057 2196 3127 quiete
2218 3057 2434 3112 valeant
2459 3057 2594 3111 duce
2640 3055 2867 3109 Domino
2895 3072 2992 3126 per
3021 3067 3259 3126 tempora
3283 3057 3429 3112 exul-

1768 3129 1814 3190 (ἶ
1850 3157 1989 3210 tare,
2023 3156 2077 3202 et
2095 3147 2197 3201 sub
2239 3154 2426 3200 sancta
2452 3144 2636 3217 regula
2673 3145 2913 3200 viventes
2942 3155 2998 3200 et
3019 3147 3297 3201 beatorum
3329 3147 3428 3201 Pa-

1852 3249 1993 3292 trum
2015 3238 2181 3291 vitam
2213 3245 2482 3292 sectantes
2510 3251 2609 3305 pro
2630 3245 2774 3291 statu
2802 3235 3058 3292 Ecclesia:
3083 3247 3137 3291 et
3171 3238 3428 3308 longaevi-

152 3349 307 3392 anno
333 3348 476 3390 nono
502 3333 653 3404 regni
682 3333 874 3388 nostri.
908 3333 1104 3386 Actum
1147 3330 1398 3402 Atiniago
1421 3330 1627 3399 palacio
1650 3345 1750 3398 pu—
1853 3338 1963 3384 tate
1991 3327 2140 3398 regni
2188 3327 2392 3390 nostri,
2421 3342 2521 3381 nec
2570 3343 2673 3380 non
2704 3336 2764 3381 ut
2786 3342 2954 3381 uxore
2976 3335 3031 3381 et
3069 3328 3193 3382 tiliis
3232 3329 3435 3384 nostris

155 3426 334 3483 blico.

866 3492 1055 3549 XXIV.

1853 3419 2154 3490 populoque
2185 3417 2473 3480 catholico,
2522 3415 2739 3471 Christo
2780 3417 3006 3486 prznsule
3049 3419 3276 3472 debeant
3322 3419 3434 3488 ple-

1858 3511 1976 3563 nius
2019 3507 2231 3562 Domini
2279 3506 2705 3560 miscricordiam
2741 3519 2987 3560 exorare.
3036 3505 3432 3560 Providendum

165 3585 1145 3668 Testamentumhsancti.Saluatoris,
1195 3584 1334 3668 quod
1390 3582 1612 3668 Pipin‘u‘s
1665 3599 1750 3636 rex

1856 3611 1937 3656 est
1967 3611 2176 3664 tamen,
2207 3607 2268 3653 ut
2295 3599 2419 3654 dum
2450 3615 2480 3652 a
2508 3598 2661 3653 nobis
2681 3613 2780 3668 pro
2807 3613 2990 3652 amore
3034 3598 3233 3652 Christi
3262 3600 3435 3668 ipsum

311 3658 428 3726 ﬁeri
447 3657 610 3727 jussit
637 3656 858 3708 abbatia:
881 3667 907 3694 ⁸
937 3652 1239 3708 Prumiensi
1276 3653 1437 3724 (anno
1461 3652 1610 3724 762.).

525 3771 689 3834 (Apud
722 3769 1008 3830 Honthelm,
1050 3768 1175 3820 Hist.
1199 3768 1414 3830 Trevir.)

248 3881 464 3952 Pipinus
492 3894 586 3932 rex
615 3877 948 3932 Francorum
989 3876 1076 3930 vir
1118 3875 1361 3930 illustris.
1394 3875 1529 3942 Quia
1575 3875 1757 3930 divina

174 3989 276 4030 nos
307 3971 641 4043 providentia
679 3970 734 4024 in
761 3969 953 4024 solium
983 3969 1132 4038 regni
1159 3969 1371 4024 venisse
1417 3967 1759 4023 manifestum

177 4073 283 4129 est,
307 4070 521 4133 oportet
565 4076 630 4114 ea
680 4060 734 4113 in
765 4059 858 4114 Dei
904 4059 1123 4113 nomine
1171 4059 1434 4122 exerceri,
1475 4058 1529 4112 in
1567 4057 1763 4127 quibus

182 4154 356 4226 potius
382 4151 628 4222 gratiam,
662 4157 823 4218 atque
850 4148 1178 4204 voluntatem
1204 4149 1466 4203 Altissimi
1505 4148 1762 4218 consequi

187 4247 472 4304 valeamus.
497 4243 838 4300 Meminimus
866 4242 1010 4296 enim
1040 4241 1209 4310 ipsius
1238 4240 1537 4310 Evangelii,
1571 4241 1623 4293 in
1658 4255 1765 4308 quo

189 4343 302 4397 ait:
333 4340 424 4410 qui
445 4337 574 4394 facit
599 4335 929 4391 voluntatem
953 4332 1131 4388 Patris
1150 4331 1278 4397 mei,
1299 4333 1390 4402 qui
1412 4332 1464 4386 in
1486 4331 1636 4387 caelis
1660 4340 1764 4396 est,

193 4434 302 4502 ipse
331 4428 573 4486 introibit
601 4427 654 4482 in
682 4440 905 4496 regnum
934 4423 1214 4479 caelorum.
1243 4423 1310 4478 Et
1350 4423 1477 4492 quia
1506 4437 1661 4492 reges
1699 4437 1765 4476 ex

1860 3690 2245 3746 monasterium
2271 3703 2302 3741 a
2329 3703 2468 3742 novo
2494 3703 2657 3758 opere
2705 3695 2917 3742 constat
2961 3701 3082 3742 esse
3124 3686 3438 3757 fundatum,

1867 3787 2105 3857 qualiter
2133 3793 2557 3855 pertractemus,
2587 3784 2819 3854 qualiter
2851 3783 3102 3853 deinceps
3131 3782 3440 3838 sacerdotes

1861 3887 2022 3949 atque
2049 3876 2334 3940 monachi,
2357 3876 2448 3946 qui
2479 3875 2675 3930 ibidem
2703 3875 2962 3940 aderunt,
2993 3875 3173 3929 vivere
3199 3874 3284 3930 vel
3312 3889 3442 3930 con-

1861 3972 2179 4027 solationem
2224 3979 2385 4042 atque
2441 3961 2884 4040 tranquillitatem
2937 3969 3136 4024 habere
3182 3971 3441 4036 debeant,

1863 4075 1918 4120 et
1944 4081 2281 4136 nequaquam
2309 4065 2564 4136 dispersis
2607 4064 2798 4118 ovibus
2837 4071 3024 4131 pastor
3065 4064 3318 4127 inveniat,
3350 4066 3443 4133 qui

1864 4170 2080 4225 gregem
2104 4170 2259 4209 suum
2287 4154 2676 4223 providendum
2701 4153 2972 4207 commisit
3025 4152 3198 4215 nobis,
3227 4153 3321 4206 sed
3349 4139 3463 4207 ad:

1863 4243 2030 4312 juncti
2055 4243 2214 4297 simul
2253 4242 2463 4312 possint
2493 4241 2606 4296 Deo
2631 4240 2984 4310 omnipotenti
3035 4241 3127 4296 diu
3178 4250 3447 4310 noctuque

1867 4331 2051 4388 laudes
2077 4330 2298 4386 referre.
2328 4331 2533 4386 Idcirco
2571 4330 2866 4400 inspirante
2893 4331 3049 4386 nobis
3073 4346 3301 4400 superna
3327 4345 3448 4402 gra-

1870 4424 1944 4478 tia
1973 4423 2235 4478 donamus
2276 4422 2480 4492 pariter
2511 4430 2566 4475 et
2619 4435 2718 4492 ego
2741 4430 2795 4476 et
2819 4420 3014 4489 conjux
3041 4437 3159 4476 mea
3184 4419 3446 4476 Bertrada

196 4489 301 4578 Deo
325 4525 573 4590 regnant.
600 4489 863 4585 nobisque
889 4521 1076 4584 gentes
1115 4521 1172 4567 et
1212 4489 1384 4582 regna
1403 4527 1502 4582 pro
1539 4489 1636 4566 sua
1665 4512 1768 4566 mi-
1798 4489 1846 4549 Ῑ)
1871 4514 1938 4567 ad
1981 4513 2157 4583 ipsum
2207 4489 2629 4566 sacratissimum
2657 4489 2889 4578 vlocum,
2939 4526 3098 4583 quem
3148 4512 3202 4566 in
3246 4512 3452 4569 honore

197 4607 480 4668 sericordia
502 4606 570 4661 ad
597 4604 1000 4677 gubernandum
1027 4603 1319 4668 commisit,
1344 4602 1730 4674 providendum
1752 4645 1767 4667 ,

201 4710 258 4757 ut
281 4707 332 4756 et
351 4699 608 4755 sublimes
635 4707 874 4752 rectores
900 4695 1070 4751 simus
1094 4696 1366 4766 inopibus,
1409 4705 1465 4750 et
1509 4710 1774 4766 pauperes

202 4805 295 4864 pro
320 4801 502 4844 amore
535 4787 737 4843 Christi
769 4801 996 4856 regnare
1025 4795 1186 4856 atque
1213 4785 1444 4842 educare
1471 4802 1577 4841 non
1605 4786 1772 4856 negli-

207 4895 401 4951 gamus.
439 4879 580 4934 Deus
606 4877 805 4933 etenim
836 4876 1003 4948 Moysi
1032 4876 1325 4946 legislatori
1370 4876 1773 4932 tabernaculum

277 5064 300 5093 ι
319 5048 532 5106 Prumia
553 5064 585 5103 a
611 5047 838 5104 Prona»
856 5049 974 5104 rivo
997 5048 1052 5104 in
1072 5047 1376 5104 Arduennae
1397 5047 1586 5111 limite,
1605 5049 1777 5102 amica

213 5122 350 5193 stirpi
378 5119 640 5176 Carolina:
659 5119 844 5193 sedes,
873 5127 929 5174 et
956 5134 1062 5173 non
1089 5127 1199 5193 tam
1226 5119 1296 5193 ob
1327 5118 1437 5193 loci
1465 5119 1781 5193 Opportuni-

217 5187 364 5250 tatem
402 5205 564 5270 quam
587 5187 841 5270 eximiam
890 5187 1525 5270 monastictediscipl‘inze
1565 5189 1782 5270 clarita-

219 5277 316 5319 tem
334 5257 563 5384 ex‘petita
588 5257 883 5327 quondam,
906 5267 962 5314 et
987 5259 1054 5339 ab
1074 5257 1316 5312 omnium
1339 5257 1590 5340 ordinum
1613 5259 1784 5339 homi-

221 5333 363 5388 nibus
406 5325 923 5410 requentatanlonge
961 5328 1097 5410 aliis.
1113 5327 1441 5410 antecellunt,
1474 5342 1586 5410 suve
1612 5328 1785 5410 digni-

223 5411 370 5482 tatem
391 5397 601 5482 spectes
619 5397 912 5482 religionis,
933 5399 1046 5453 sive
1065 5397 1496 5482 doctissima-um
1518 5406 1573 5451 et
1590 5409 1784 5480 caetera

224 5466 500 5529 celebrium
531 5466 772 5524 virorum
801 5468 998 5524 ibidem
1027 5466 1393 5592 professorum
1421 5466 1642 5531 famam,
1673 5469 1787 5524 sive

227 5544 424 5624 δεπειιιι
439 5539 1035 5624 πίειςτίεροεςοιῖτξεθιην
1057 5537 1314 5624 swine!"
1328 5537 1788 5624 esseesse“,-

230 5611 382 5666 rantis
392 5606 700 5732 principalis
715 5609 992 5732 dignitatis.
1002 5606 1367 5691 splendorem.
1382 5606 1538 5689 C_onf.
1553 5607 1786 5692 diploma

232 5680 484 5732 ltertradae
511 5695 542 5732 a
603 5694 730 5732 ann.
792 5679 882 5732 21.
905 5681 995 5732 ubi
1024 5693 1199 5732 nrtma
1227 5677 1457 5732 celebris
1476 5687 1786 5732 monasterii

232 5677 484 5762 [κτιτεῖιω
511 5677 730 5762 βάρη)-
760 5677 882 5762 ῖ²¹.ν
905 5679 995 5762 ubi
1024 5677 1457 5762 emissis???
1476 5679 1787 5762 τηρηιξιςῑὶί

235 5753 559 5806 fundamenta
576 5747 915 5820 (Patrologia'
935 5746 1073 5803 ιοηὶο
1089 5747 1180 5802 LX
1187 5747 1234 5803 Χ
1241 5747 1288 5801 Χ
1306 5746 1466 5812 VIII,
1479 5746 1580 5802 col.
1608 5748 1786 5818 1274).

1873 4603 2044 4659 sancti
2083 4602 2378 4658 Salvatoris
2423 4602 2505 4657 vel
2549 4612 2746 4657 sancta:
2795 4599 2977 4657 Mariae
3026 4604 3451 4668 construximus,

1876 4709 1963 4749 res
1989 4694 2333 4765 proprietatis
2379 4701 2578 4750 nostrae
2609 4704 2629 4731 ο
2657 4693 2711 4747 in
2739 4708 2878 4764 pago
2907 4691 3132 4758 Charos,
3180 4692 3306 4748 villa
3335 4709 3457 4762 qua:

1877 4784 2076 4840 dicitur
2125 4782 2568 4845 Rumeresheim,
2626 4791 2736 4837 tam
2786 4781 2932 4836 illam
2988 4783 3290 4853 portionem
3336 4798 3457 4852 qua:

1878 4877 1944 4932 de
1971 4876 2212 4948 genitore
2240 4889 2361 4930 meo
2372 4874 2582 4947 _Carolo
2610 4874 2740 4928 mihi
2771 4875 3006 4941 advenit,
3038 4891 3200 4944 quam
3221 4886 3278 4931 et
3309 4875 3458 4932 illam

1952 5049 1979 5089 ιι
2011 5047 2112 5128 U_bi
2142 5047 2338 5128 riuulus
2365 5049 2455 5120 qui
2479 5051 2674 5128 dicitur
2701 5051 3058 5128 Berdenjraclt,
3089 5057 3378 5128 ingreditur
3405 5061 3458 5114 in

1884 5119 2178 5199 Prumiem.
2207 5119 2468 5199 Pronnaaa
2495 5129 2548 5174 et
2578 5119 2819 5199 Nemesis
2853 5119 3120 5199 (Prtim'et
3145 5119 3326 5199 Nims)
3354 5129 3462 5183 Au-

1883 5190 2036 5263 sonio
2087 5189 2142 5242 in
2199 5189 2478 5263 noscam,
2504 5207 2646 5263 vers.
2687 5192 2808 5254 554,
2852 5189 3116 5258 celebrati
3162 5189 3372 5263 amnes,
3410 5201 3463 5255 in

1883 5259 2054 5339 Eitlige
2075 5259 2564 5339 e_xorti__mo_ntibus
2595 5262 2720 5339 inde
2746 5263 2891 5316 velut
2904 5264 3137 5339 jugales,
3162 5259 3467 5339 exiguo’se-

1885 5330 2018 5383 creti
2043 5328 2344 5393 intervallo,
2370 5330 2634 5394 feruntur,
2661 5333 2830 5386 donec
2853 5348 2883 5386 a
2905 5328 3058 5390 'Sura
3106 5328 3158 5392 in
3206 5328 3464 5394 familiam

1886 5399 2143 5523 cooptati,
2163 5413 2477 5453 communes
2497 5415 2618 5454 cum
2642 5417 2706 5458 eo
2729 5417 2897 5471 aquas
2914 5404 2967 5458 in
2994 5404 3266 5464 Mosellam
3285 5408 3466 5466 devol-

1888 5483 1994 5523 vun
2026 5509 2039 5522 .

1888 5483 2039 5523 vunt.

1959 5551 1982 5612 εξ
2013 5538 2080 5592 In
2103 5553 2237 5612 pago
2265 5537 2484 5612 Clgqrog.
2514 5538 2666 5612 Hunc
2692 5556 2888 5612 pagum
2915 5559 2981 5602 ex
3007 5545 3160 5601 Alex.
3185 5546 3468 5603 Wilhthei-

1890 5609 1981 5685 mii
2010 5608 2834 5685 msLdescribit‘PapebroQiius
2875 5616 3102 5685 appcnd.
3135 5617 3170 5671 5
3194 5617 3259 5670 ad
3299 5616 3468 5672 Hens-

1891 5679 2066 5734 clienii
2096 5677 2357 5747 Exegesin
2389 5679 2454 5735 de
2480 5677 2656 5750 Episc.
2688 5681 2890 5752 Tungr.
2909 5677 2973 5738 ἐἰ
3003 5685 3298 5752 Trajecten.
