3920 6310
633 322 768 387 4559

1619 316 1888 381 secuti
1927 318 2039 379 vni
2079 312 2511 407 nescitam
2545 277 2872 371 SELEC'l‘A.
3094 276 3101 283 “
3622 324 3695 379 ιω

627 440 929 511 portionem
950 436 1119 508 ipsius
1146 428 1439 501 Bertradze,
1468 451 1630 507 quam
1654 436 1865 506 genitor
1888 450 2018 490 suus
2043 431 2211 489 Here-
2234 432 2290 494 Α
2314 432 2453 486 citur
2481 428 2731 484 Ruivinio
2751 429 2804 482 in
2824 442 2963 498 pago
2989 424 3246 482 Lomense
3268 443 3405 499 super
3426 431 3698 503 naviumin,

626 526 816 588 bertus
849 529 898 585 ei
929 529 984 585 in
1023 529 1148 584 dote
1174 526 1491 596 dereliquit,
1541 541 1664 580 cum
1713 525 2075 596 appendiciis,
2131 522 2212 578 vel

627 620 778 677 omni
806 620 1118 691 integritate
1144 633 1261 683 sua,
1294 626 1491 688 praeter
1514 616 1692 685 aliqua
1719 614 1987 684 mancipia
2012 613 2096 668 bis
2117 628 2214 667 no-

632 709 899 766 minibus:
942 708 1327 772 Wucdramno,
1364 705 1666 775 Arnulpho,
1713 704 2042 769 Crodoaldo,
2084 703 2213 758 Wa‘

635 798 806 867 nuli‘o,
831 798 1115 864 Ghiorino,
1141 795 1543 862 Chrodramno,
1571 796 1842 853 Wulfrido
1860 832 1875 862 ,
1898 794 2212 867 Tancradoj,

634 888 956 957 Adalberto,
992 879 1346 958 Beringhiso,
1399 885 1637 953 Oti'redo,
1660 884 2005 951 Matalt‘redo,
2030 885 2214 942 Wala-

636 977 803 1042 fredo,
841 977 1187 1043 Madall‘redo,
1215 976 1456 1042 Airoino,
1483 976 1764 1041 Aret‘redo,
1803 974 2047 1037 Adalivo,
2079 974 2211 1030 Um-

636 1055 783 1131 neli’n
803 1067 871 1123 de
897 1068 1232 1133 Bertelinde,
1278 1065 1586 1133 Gunberto,
1634 1065 1956 1131 Harelinde,
1999 1064 2215 1120 Wnilde

638 1171 734 1215 seu
762 1156 1002 1224 Cbarde,
1039 1155 1304 1229 Sigfrido,
1364 1156 1584 1220 Ratleo,
1637 1154 1922 1210 Dulodulfo
1967 1162 2021 1210 et
2048 1152 2212 1220 Lut'o,

638 1244 824 1312 Mulio,
854 1245 1055 1317 Ratgar
1079 1245 1145 1300 de
1175 1245 1483 1311 Gerolinde,
1512 1244 1890 1309 Hildoarance,
1920 1243 2213 1310 Wineade,

636 1336 948 1403 Aznarane,
994 1328 1306 1407 Alpelinde,
1354 1334 1719 1408 Magnelinde,
1755 1333 2061 1391 Zebelinde.
2091 1334 2217 1391 Haec

636 1427 804 1499 igitur
836 1428 1103 1497 mancipia
1136 1427 1203 1481 ad
1229 1435 1473 1482 nostrum
1503 1441 1639 1497 opus
1660 1425 2003 1491 retinuimus,
2032 1426 2087 1480 in
2126 1441 2214 1480 re-

584 1552 594 1561 -
637 1517 786 1590 liquo
803 1533 933 1574 vero
980 1519 1151 1589 ipsam
1194 1516 1380 1571 villam
1407 1530 1531 1571 cum
1583 1516 1730 1571 omni
1776 1515 2083 1587 integritate
2115 1531 2217 1571 sua

640 1609 708 1665 ad
737 1610 912 1680 ipsum
943 1618 1191 1665 sanctum
1236 1609 1411 1664 locum
1442 1609 1707 1665 tradimus
1755 1618 1917 1680 atque
1945 1610 2219 1665 transfun-

638 1696 848 1764 dimus,
883 1699 937 1752 in
963 1697 1114 1767 cujus
1143 1698 1373 1753 termino
1406 1698 1580 1769 ipsum
1626 1700 2010 1755 monasterium
2045 1700 2219 1755 sancti

642 1790 938 1846 Salvatoris
965 1798 1048 1845 est
1073 1790 1378 1856 fundatum,
1409 1801 1465 1846 et
1490 1791 1635 1845 illam
1683 1791 2018 1847 mansionem
2059 1808 2222 1862 super

638 1875 937 1946 Prumiam,
962 1882 1051 1936 ubi
1078 1881 1286 1936 rivulus
1305 1880 1397 1950 qui
1424 1880 1621 1936 dicitur
1642 1880 2071 1946 Escutmisbacb,
2094 1897 2222 1937 con-

639 1970 757 2028 ﬂuit
781 1973 835 2028 in
860 1973 1158 2038 Prumiam,
1189 1973 1280 2044 qui
1310 1982 1390 2028 est
1432 1982 1774 2029 constructus
1824 1989 1989 2044 super
2018 1964 2224 2029 termi-

638 2076 771 2118 num
798 2063 1071 2134 praedictae
1093 2062 1253 2117 villae.
1282 2062 1543 2118 Similiter
1585 2063 1850 2119 donamus
1887 2063 1954 2118 ad
1976 2064 2090 2134 jam
2111 2064 2225 2119 dic-

638 2160 756 2208 tum
794 2152 1183 2207 monasterium
1226 2153 1279 2207 in
1309 2168 1448 2224 pago
1486 2152 1767 2217 Muslinse,
1813 2169 1975 2224 super
2004 2152 2225 2209 ﬂuvium

643 2240 896 2307 Mosellae,
943 2241 1099 2297 villas
1154 2252 1370 2298 nOstras
1427 2243 1513 2298 his
1564 2244 1872 2299 nominibus
1924 2242 2227 2315 Meringum

642 2330 917 2403 (Mei-ing),
943 2330 1207 2386 Scoacum
1242 2331 1577 2405 (Schweich),
1605 2346 1631 2374 ι
1658 2349 1761 2387 una
1802 2333 1923 2388 c'um
1952 2334 2148 2390 merito
2173 2342 2229 2390 et

642 2421 885 2476 terminis
936 2421 1023 2476 vel
1065 2421 1399 2492 appendiciis
1447 2422 1577 2477 suis.
1623 2420 1897 2477 Donamus
1943 2430 2000 2478 et
2043 2423 2229 2478 villam

642 2519 882 2568 nostram
904 2514 961 2567 in
978 2526 1117 2583 pago
1142 2512 1389 2578 Bidense,
1421 2528 1540 2583 qua:
1559 2513 1757 2568 dicitur
1782 2512 2045 2569 Marciaco
2066 2512 2231 2586 (Mer—

641 2601 791 2674 tich),
821 2618 926 2657 una
960 2617 1087 2659 cum
1114 2603 1324 2658 meritis
1360 2611 1414 2658 et
1438 2604 1770 2673 appendiciis
1810 2605 1941 2661 suis.
1969 2602 2233 2661 Similiter

640 2690 905 2749 donamus
927 2692 995 2747 ad
1034 2686 1212 2763 ipsum
1240 2693 1626 2748 monasterium
1674 2693 1858 2748 villam
1890 2703 2131 2750 nostram
2175 2696 2231 2750 in

645 2791 785 2853 pago
812 2780 1009 2838 Eﬂinse
1037 2780 1336 2839 Sarabodis
1359 2782 1775 2857 (Sa‘rensdorph)
1814 2785 1939 2840 villa
1980 2801 2084 2841 una
2108 2802 2232 2842 cum

643 2871 944 2936 soliditate,
979 2871 1227 2927 terminis
1256 2883 1432 2941 atque
1464 2873 1794 2942 appendiciis
1833 2874 1985 2941 suis,
2036 2875 2174 2930 sicut
2200 2892 2233 2931 a

642 2960 942 3017 Garaberto
965 2975 1210 3032 possessa
1255 2960 1374 3018 luit.
1407 2962 1693 3019 Tradimus
1740 2965 1843 3020 alia
1889 2964 1996 3022 duo
2035 2966 2150 3024 loca
2178 2966 2233 3023 in

643 3051 880 3107 Carasco
918 3054 987 3108 ad
1028 3052 1169 3108 idem
1216 3056 1603 3111 monasterium
1644 3056 2137 3131 Wathit-Lendorp
2177 3070 2232 3116 et

643 3140 1005 3214 Birgisburias
1033 3156 1157 3200 cum
1179 3146 1430 3201 omnibus
1458 3146 1775 3216 adjacentiis
1797 3150 1909 3205 suis
1944 3160 1998 3205 et
2032 3167 2233 3222 appen-

644 3232 822 3288 diciis.
853 3232 1120 3289 Similiter
1147 3234 1410 3292 donamus
1446 3238 1499 3292 in
1537 3252 1674 3309 pago
1708 3238 2046 3296 Riboariensi
2088 3242 2235 3298 illam

644 3326 948 3395 portionem
977 3327 1032 3381 in
1075 3323 1389 3396 Reginbach
1418 3327 1767 3401 (Reinbach),
1796 3347 1960 3401 quam
2000 3333 2234 3390 vasallus

645 3415 1159 3489 nosterAglibertus
1200 3433 1297 3488 per
1343 3418 1664 3475 beneficium
1712 3421 1901 3477 habuit
1926 3433 1982 3478 et
2025 3425 2237 3495 genitor

645 3522 800 3565 meus
827 3509 1052 3566 Carolus
1083 3510 1213 3565 mihi
1243 3510 1460 3581 reliquit
1480 3512 1533 3567 in
1560 3510 1882 3582 allodem,et
1904 3514 2047 3570 illam
2071 3516 2232 3572 aliam

646 3602 948 3673 portionem
982 3602 1035 3656 in
1069 3602 1183 3672 ipsa
1201 3601 1346 3668 villa,
1374 3619 1536 3674 quam
1568 3602 1887 3661 Heribertus
1915 3607 2070 3661 uxori
2103 3622 2236 3662 mea:

647 3690 922 3747 Bertradm
944 3692 997 3746 in
1018 3692 1246 3747 allodem
1274 3693 1497 3749 dimisit.
1526 3694 1924 3751 Confirmamus
1945 3698 2107 3751 etiam
2133 3697 2238 3751 ibi-

649 3786 771 3841 dem
798 3793 852 3839 et
880 3786 1009 3849 illas
1036 3801 1142 3851 res,
1169 3801 1287 3854 qua:
1313 3797 1468 3843 antea
1499 3790 1566 3843 ad
1609 3789 1782 3858 ipsam
1832 3789 2117 3844 ecclesiam
2142 3805 2239 3860 per

651 3879 1011 3932 instrumenta
1070 3877 1384 3931 chartarum
1439 3879 1636 3932 ibidem
1688 3875 1944 3949 delegata:
1969 3903 1972 3906 η
1999 3878 2235 3944 fuerunt,

652 3979 774 4019 cum
813 3964 959 4019 omni
990 3964 1301 4035 integritate
1332 3979 1541 4020 earum.
1569 3967 1854 4023 Tradimus
1881 3967 2043 4037 igitur
2070 3969 2137 4023 ad
2159 3970 2240 4038 ip-

652 4071 774 4111 sum
820 4055 1246 4110 sacratissimum
1291 4054 1468 4109 locum
1498 4055 1745 4125 superius
1790 4058 2239 4126 comprehensum

652 4146 844 4203 cellam
878 4147 1000 4218 jure
1043 4145 1395 4217 proprietatis
1445 4154 1644 4200 nostra:
1690 4146 1744 4201 in
1787 4161 1924 4218 pago
1971 4146 2237 4218 Spirensi,

652 4255 773 4310 quae
793 4247 877 4295 est
912 4247 1221 4294 constructa
1253 4240 1306 4293 in
1348 4238 1555 4295 honore
1581 4239 1753 4294 sancti
1800 4239 2071 4306 Medardi,
2116 4256 2237 4296 cum

653 4331 793 4389 villis
814 4341 869 4387 et
903 4330 1234 4402 appendiciis
1266 4332 1408 4395 suis,
1433 4347 1594 4401 quem
1628 4326 1984 4386 ﬂerlibandus
2029 4339 2085 4386 et
2112 4330 2243 4386 We-é

651 4423 886 4487 olentia,
921 4437 1023 4477 nec
1050 4437 1156 4477 non
1198 4421 1455 4493 Bagull‘us
1482 4423 1615 4478 mihi
1666 4422 2034 4487 tradiderunt,
2070 4429 2239 4476 totum

654 4515 798 4571 etad
824 4515 1115 4586 integrum,
1161 4521 1271 4570 tam
1319 4514 1562 4571 ecclesim
1604 4516 1928 4582 ministeria,
1979 4530 2142 4586 quam
2185 4524 2241 4570 et

654 4604 788 4661 alias
817 4619 907 4661 res
929 4606 1127 4661 ibidem
1165 4605 1518 4675 pertinentes.
1568 4605 1847 4663 Donamus
1877 4608 2040 4663 etiam
2070 4606 2137 4662 ad
2164 4605 2242 4677 ip-

654 4710 774 4752 sum
802 4695 1188 4751 monasterium
1222 4695 1416 4752 cellam
1460 4697 1656 4764 aliam,
1705 4713 1826 4768 qua:
1852 4698 2062 4769 dicitur
2107 4697 2242 4755 Cas—

646 4787 840 4856 leoca,
878 4802 1000 4858 quae
1047 4794 1132 4843 est
1155 4789 1330 4860 posita
1358 4788 1501 4845 infra
1528 4791 1790 4846 terminos
1842 4790 2137 4857 Senciaco,
2187 4800 2243 4848 et

655 4880 817 4937 estin
841 4880 1046 4935 honore
1069 4880 1243 4935 sancti
1268 4876 1419 4936 Petri
1454 4889 1793 4947 constructa,
1819 4897 1942 4937 cum
1991 4881 2241 4937 omnibus

656 4971 977 5043 adjacentiis
998 4971 1081 5026 vel
1108 4972 1437 5043 appendiciis
1473 4974 1606 5029 suis.
1639 4972 2036 5030 Conﬁrmamus
2080 4974 2247 5046 igitur

657 5074 714 5120 et
743 5066 960 5121 tertiam
987 5064 1179 5121 cellam
1199 5065 1269 5122 ad
1309 5064 1487 5136 ipsum
1515 5074 1762 5122 sanctum
1787 5066 1987 5132 beam,
2011 5081 2131 5136 quas
2164 5067 2246 5122 di-

732 5210 756 5239 ιι
790 5195 911 5272 Uno
933 5214 1051 5272 cum
1077 5200 1282 5265 merito,
1321 5199 1376 5255 id
1404 5208 1516 5265 est,
1572 5198 1778 5265 reditu,
1823 5210 2106 5272 proventu.
2168 5202 2247 5256 Du

662 5264 863 5323 Frcsne
888 5268 942 5323 in
966 5269 1205 5326 Glossar.
1225 5264 1325 5326 hac
1350 5286 1500 5327 voce.

732 5340 761 5378 δ
779 5337 949 5393 Abbas
977 5342 1181 5396 nomine
1204 5342 1480 5397 Assuerus.
1512 5340 1946 5405 Waudelbertus,
1971 5341 2252 5397 Prumien—

661 5407 740 5482 sis
765 5409 1026 5482 scriptor,
1065 5411 1173 5482 bis,
1194 5413 1525 5481 temporibus
1560 5426 1791 5482 suppar,
1822 5412 1877 5466 in
1899 5411 2048 5466 Actis
2078 5414 2251 5468 sancti

662 5478 858 5551 Goaris
876 5478 1121 5551 reliquit.
1149 5478 1465 5551 Assuarium
1487 5523 1502 5549 ,
1521 5478 1833 5551 primosque
1859 5483 2092 5539 cmnobii
2122 5482 2250 5537 Pru-

664 5550 888 5623 iniensis
918 5548 1266 5623 habita'ores,
1299 5548 1463 5623 fuisse
1489 5548 1962 5623 Romam—lingua:
1990 5561 2039 5607 et
2061 5555 2246 5622 gentis.

665 5622 769 5678 hoc
805 5622 1107 5693 est.__quod
1150 5622 1346 5693 eruditi
1398 5638 1587 5679 omnes
1622 5622 1953 5693 intelligunt,
2001 5624 2252 5693 quodque

667 5702 787 5747 acta
826 5692 889 5745 D.
921 5690 1113 5746 Gouris
1148 5692 1444 5747 clarissime
1464 5690 2028 5751 ostendunthallos.

744 5772 768 5800 ε
793 5761 871 5815 Dc
894 5762 1288 5833 congregatione
1312 5763 1524 5836 .domim'
1580 5762 1801 5817 Romani
1853 5773 1899 5816 et
1952 5763 2254 5833 Wolfrmmt'

2259 3113 2306 3176 C

2275 4468 2321 4528 ο
2343 4408 2724 4513 pmcipimus,
2751 4450 2812 4498 ut
2837 4408 2983 4497 nuila
3011 4436 3311 4511 prmiudicia
3336 4439 3478 4528 atque

2313 535 2435 589 qua:
2454 524 2764 573 constructa
2812 524 2894 571 est
2936 515 2993 569 in
3028 515 3223 570 honore
3261 498 3438 573 Sancta:
3471 519 3613 590 Maria,
3635 498 3701 582 mg
3776 498 3777 571 Ϊ

2312 610 2459 666 omni
2496 604 2691 664 merito
2720 615 2774 664 et
2802 604 3136 676 appendiciis
3162 606 3283 660 suis.
3312 607 3377 661 Ea
3400 608 3584 666 videlicet
3602 618 3704 669 condi-

2314 702 2459 757 tione
2483 700 2876 769 snprascriptas
2906 713 3019 763 res,
3046 705 3154 751 tam
3195 697 3354 762 villas,
3384 714 3510 767 quam
3536 713 3574 755 et
3601 706 3704 769 cellas,

2315 809 2436 850 cum
2468 792 2615 847 omni
2655 789 2967 861 integritate
3002 803 3189 843 eorum
3211 790 3274 846 ad
3296 790 3445 860 ipsum
3464 798 3705 851 monasterium

2314 883 2717 946 conﬁrmamus,
2733 870 2786 938 id
2805 889 2905 946 est,
2937 896 3048 936 una
3078 896 3199 937 cum
3229 881 3384 945 terris,
3406 882 3600 948 domibus,
3616 886 3706 941 adii-

2314 976 2433 1041 ciis,
2459 973 2761 1038 accolabus,
2780 973 3090 1042 mancipiis,
3112 971 3291 1031 vineis.
3314 970 3467 1041 sylvis,
3483 975 3708 1045 θεωρίων

2314 1068 2404 1132 tis,
2432 1065 2673 1138 pascuis,
2702 1063 2877 1133 aquis,
2912 1076 3179 1132 aquarum
3223 1061 3508 1125 decursibus,
3541 1063 3711 1119 mobith

2316 1163 2372 1209 et
2423 1153 2811 1217 immobilibus,
2842 1151 3124 1222 pecuniis,
3152 1149 3358 1220 peculiis
3380 1151 3590 1220 utriusque
3607 1169 3709 1215 senis.

2316 1259 2508 1318 greges
2535 1260 2656 1301 cum
2683 1244 3025 1314 pastoribus,
3074 1242 3249 1297 omnia
3275 1252 3324 1297 et
3347 1257 3404 1296 ex
3423 1242 3711 1304 omnibus,adie

2315 1337 2591 1409 praesenti,
2621 1344 2675 1392 et
2724 1337 3003 1406 deinceps,
3047 1334 3248 1404 absque
3291 1332 3429 1388 ullius
3463 1332 3710 1407 impedimento.

2317 1428 2462 1484 omni
2486 1437 2730 1497 tempore
2756 1426 3083 1497 supradictae
3112 1440 3198 1479 res
3217 1424 3285 1478 ad
3304 1425 3454 1494 ipsum
3475 1426 3714 1479 monasterium

2264 1566 2269 1571 .
2313 1518 2424 1590 jam
2460 1518 2805 1588 smpedictum
2833 1516 3010 1572 sancti
3035 1514 3323 1571 Salvatoris
3354 1514 3574 1585 proﬁciant
3597 1517 3630 1569 in
3643 1533 3713 1589 au;-

2320 1610 2532 1665 mentis.
2563 1608 2640 1665 lta
2670 1618 2848 1661 tamen
2877 1606 3150 1670 volumus,
3198 1615 3255 1659 ut
3298 1606 3451 1673 ipsum
3479 1609 3714 1660 mountains

2321 1700 2493 1756 sancti
2522 1694 2838 1763 Salvatoris,
2860 1712 2954 1752 seu
2986 1712 3076 1752 res
3096 1711 3215 1767 qua:
3233 1695 3295 1750 ad
3316 1695 3463 1765 ipsum
3480 1697 3715 1750 monasterium

2252 1774 2298 1836 Β
2322 1792 2611 1862 pertinent,
2642 1800 2753 1845 tam
2775 1806 2893 1860 qua:
2914 1806 2984 1845 ex
3010 1790 3322 1844 auctoritate
3347 1786 3496 1841 nostra
3514 1794 3600 1840 sunt
3614 1786 3717 1840 motio

2322 1891 2510 1947 mata},
2538 1897 2700 1951 quam
2727 1896 2847 1951 qua:
2869 1896 2900 1935 a
2955 1878 3133 1935 Deum
3178 1877 3461 1933 timentibus
3496 1875 3637 1930 inautea
3659 1874 3716 1927 fae-

2324 1972 2435 2027 rint
2462 1971 2766 2038 collatum,
2793 1972 2849 2026 in
2893 1980 3087 2027 nostra
3135 1972 3243 2026 sint
3286 1977 3513 2043 potestate
3537 1969 3595 2025 vel
3625 1966 3717 2022 dein-

2324 2042 2474 2118 sione
2502 2077 2595 2118 seu
2622 2062 2892 2117 haeredum
2940 2042 3291 2126 nostrorum,
3315 2067 3364 2114 et
3388 2060 3480 2128 ipsa
3496 2056 3716 2128 migrantis

2325 2168 2489 2225 quam
2513 2154 2570 2208 in
2605 2153 2781 2223 ipsum
2830 2153 3223 2209 monasterium
3268 2151 3597 2213 intromisimus,
3622 2154 3718 2202 sese:

2326 2243 2356 2283 δ
2382 2244 2547 2299 abbas
2577 2244 2794 2299 nomine
2823 2243 3097 2299 Assuerus
3125 2251 3219 2297 aut
3259 2255 3544 2297 successores
3568 2238 3718 2308 ejusdem.

2328 2336 2454 2391 dum
2476 2336 2574 2391 sub
2595 2344 2781 2391 sancta
2824 2335 3011 2406 regula
3055 2334 3254 2390 ibidem
3279 2332 3380 2389 Deo
3415 2331 3625 2386 auxiliante
3650 2326 3718 2380 inii

2327 2433 2447 2482 tare
2471 2426 2719 2482 voluerit.
2769 2425 2878 2481 Nos
2912 2427 2977 2481 de
3007 2426 3115 2481 alia
3165 2423 3529 2496 congregatione
3563 2418 3716 2474 abbatem

2330 2533 2436 2575 nec
2484 2518 2808 2573 monachum
2857 2526 3051 2574 contra
3076 2525 3314 2573 nostrum
3339 2515 3538 2571 ordinem
3554 2527 3621 2578 non
3637 2509 3717 2563 istn-

2329 2610 2620 2683 mittimus,
2651 2625 2752 2679 nec
2775 2610 3019 2665 haeredes
3043 2609 3236 2665 nostri.
3261 2608 3325 2662 Et
3345 2606 3454 2679 quia
3491 2604 3612 2674 ipsum
3628 2611 3719 2653 non

2337 2700 2568 2756 sterium
2589 2699 2658 2754 ab
2680 2700 2828 2755 omni
2856 2698 3188 2755 secularium
3209 2712 3331 2752 cura
3353 2684 3717 2759 secumtniesfcitlr

2331 2807 2451 2848 mus
2469 2833 2484 2857 ,
2515 2799 2728 2862 oportet
2752 2800 2813 2846 ut
2837 2798 3038 2846 nostra:
3066 2788 3355 2851 clementize
3373 2783 3562 2856 provisio
3578 2776 3720 2833 defuturi

2335 2882 2516 2953 quiete
2544 2881 2772 2937 fratrum
2797 2881 2995 2936 ibidem
3045 2880 3364 2935 manentium
3405 2872 3561 2931 salubri
3590 2870 3719 2953 dispulit

2332 2950 2690 3037 ordinatione,
2719 2982 2985 3043 quatenus
3017 2971 3075 3026 in
3099 2969 3194 3024 Dei
3219 2968 3418 3024 servitio
3442 2963 3570 3035 gmtia
3585 2955 3655 3024 eius
3668 2950 3719 3006 5""

2334 3060 2577 3133 frag-ante
2612 3070 2977 3135 perseverent.
3018 3060 3134 3116 Nos
3166 3049 3322 3114 etiam
3353 3072 3410 3112 ex
3446 3049 3719 3143 autoritatentr

2335 3162 2418 3211 tra
2448 3157 2599 3211 vobis
2627 3154 2990 3219 concedimus,
3030 3162 3094 3208 ut
3116 3165 3139 3193 ο
3170 3153 3235 3207 de
3270 3146 3600 3221 congregatione
3619 3138 3722 3190 deum

2333 3246 2560 3303 Romani
2574 3254 2628 3302 et
2649 3245 2950 3302 Wolfranni
2972 3244 3358 3316 episcoporum,
3380 3252 3491 3309 quos
3502 3235 3541 3288 in
3557 3233 3724 3316 bona?

2331 3340 2423 3395 bio
2453 3338 2626 3395 sancti
2667 3336 2966 3392 Salvatoris
3001 3310 3455 3405 congregavimus,
3476 3320 3624 3394 quando
3639 3310 3722 3366 aliis

2333 3428 2401 3484 de
2426 3429 2528 3484 hac
2576 3428 2685 3482 vita
2713 3425 3057 3497 migraverit,
3077 3404 3188 3478 una
3210 3436 3327 3478 cum
3367 3427 3573 3473 consensu
3587 3404 3723 3501 nosttttf1

2336 3530 2521 3578 vestro
2539 3496 2885 3575 abbatemide
2905 3517 3019 3586 ipsa
3038 3512 3435 3587 congregatione
3455 3503 3572 3596 vobis
3582 3496 3723 3596 πφδ·

2335 3622 2418 3668 ter
2470 3614 2668 3684 eligere
2702 3610 2961 3665 debeatis.
2987 3607 3051 3662 Et
3091 3616 3155 3662 ut
3197 3620 3288 3660 vos
3313 3616 3401 3673 pro
3436 3594 3609 3653 remedio
3627 3594 3722 3643 anim

2339 3716 2540 3762 nostra:
2579 3714 2634 3761 et
2685 3704 2932 3774 conjugis
2976 3702 3248 3774 prolisque
3295 3702 3468 3752 νοείτω
3501 3697 3544 3745 θῖ
3573 3692 3722 3779 ωαδξθ

2344 3816 2466 3854 rum
2505 3807 2844 3862 nostrorum,
2873 3805 2929 3851 et
2954 3811 3054 3866 pro
3097 3792 3374 3851 stabilitate
3418 3779 3723 3873 ιοιὶιιε

2336 3891 2450 3944 Deo
2468 3889 2626 3944 nobis
2654 3887 2897 3944 concessi
2942 3864 2998 3940 et
3039 3885 3161 3954 ejus
3186 3880 3401 3955 gratuita
3441 3864 3722 3958 ιηὶεετὶφηιὴῗ

2338 3988 2597 4033 aeternum
2621 3975 2992 4032 conservanda
3025 3973 3331 4045 perenniter
3350 3963 3526 4023 Domini
3560 3956 3724 4045 Saltim

2340 4067 2511 4123 nostri
2536 4064 2663 4122 Jesu
2689 4065 2891 4121 Christi
2916 4043 3333 4120 misericordiam
3353 4055 3582 4125 implorare
3592 4043 3723 4100 Μαῖαν

2340 4169 2504 4229 atque
2542 4160 2594 4213 in
2618 4159 2789 4228 ipsius
2814 4157 3063 4213 laudibus
3100 4158 3189 4214 die
3238 4160 3472 4221 nocteque
3498 4144 3725 4215 perseverare.

2340 4264 2395 4308 et
2425 4251 2646 4307 remotis
2671 4249 3045 4326 temporalium
3070 4229 3725 4326 meditationibusﬁﬂm

2342 4345 2658 4417 Bandiorum
2698 4313 3139 4413 contemplationi
3187 4347 3356 4395 mente
3395 4333 3530 4386 libera

2348 4495 2813 4604 ἷιυῆέίὲἦίεωροηί
2670 4495 2686 4497 “
2711 4495 2724 4507 ’
2760 4495 2784 4498 ᾖ
2799 4495 2892 4587 frmi
2912 4495 3361 4588 πειέπέυιπίεω
3383 4495 3728 4604 amamus

2346 4626 2502 4681 redes
2529 4592 2717 4681 nostri
2737 4639 2835 4696 per
2864 4624 3040 4679 nullas
3075 4630 3221 4678 artes
3254 4619 3372 4674 dum
3397 4610 3483 4682 ipsi
3501 4592 3727 4696 ζῖ

2346 4677 2621 4788 ἧςὲὶᾆὲίὶὲῖ
2636 4677 2702 4772 ἑὲ
2730 4677 3061 4773 usus.
3095 4721 3249 4786 pm
3289 4677 3451 4764 nostra
3489 4694 3553 4788 tu

2347 4773 2677 4872 bostrorum,
2704 4806 2905 4867 ibidem
2930 4816 3251 4862 conversam
3268 4799 3492 4854 videntur.

2350 4899 2449 4953 stri
2478 4899 2622 4967 ipsos
2667 4898 2721 4953 in
2765 4899 3015 4954 coenobio
3060 4906 3247 4954 nostro
3282 4889 3543 4964 ιποιεεεηιν
3574 4872 3729 4967 mgf

2348 4957 2633 5048 anim-Deo
2664 4996 2887 5044 auctore
2905 4989 3087 5059 ipsum
3109 4957 3612 5044 luem-m'i‘m
3631 4957 3728 5059 de:

2350 5046 2454 5153 que
2487 5080 2543 5136 in
2590 5088 2851 5135 aeternum
2890 5046 3234 5134 inconvulsus
3271 5064 3545 5144 peritiam"
3579 5059 3640 5120 pro

2350 5217 2729 5310 Episcoporum.
2778 5214 3052 5310 Romanus
3071 5224 3125 5271 et
3144 5163 3730 5310 βτοπῗξηῐᾚεέρξῐέέᾝὲξί

2352 5271 2545 5365 denses
2576 5302 2717 5365 unus
2743 5292 2864 5365 post
2889 5286 3117 5365 alterum
3144 5271 3729 5365 fuerunt,

2353 5337 2712 5442 ἔὶιὶίἶιῖἐηῖἶίέ
2728 5337 3117 5442 “iussisti;
3146 5337 3727 5442 ᾧπφεείζὲηδϊῖιὲῖ

2352 5410 2583 5483 ῗεῖιιόὴὶε
2607 5410 2745 5482 infra
2785 5410 3116 5481 Meldensem
3130 5410 3304 5481 urbem
3336 5417 3394 5472 ad
3426 5410 3587 5495 99‘1"”

2353 5514 2478 5527 ...ιω
2510 5498 2583 5527 η..
2621 5496 2818 5527 u---.\
2841 5496 3242 5527 ιηι-ηιι..-η...ηι
3285 5478 3533 5527 ..ηΛριΙῙιιιε
3562 5476 3628 5519 σου
3721 5507 3728 5527 ε

2353 5514 2479 5553 nam
2509 5498 2583 5569 (la
2613 5496 2819 5569 Mante)
2841 5496 3262 5557 introduxerunt,
3285 5488 3406 5544 unde
3426 5478 3542 5553 illius
3562 5476 3628 5579 ςοιῖ

2355 5570 2428 5591 ιι-
2460 5583 2652 5591 _-_.-..
2686 5583 2712 5591 -
2756 5566 3195 5591 ....r.......-.-_n.---
3239 5564 3370 5591 μευ-ο
3404 5545 3620 5591 nummi."

2355 5570 2433 5655 ιίο
2460 5558 2725 5655 "(ivstae
2756 5558 3197 5655 τέῐφνπιριοτίβειεέ
3215 5558 3636 5655 Δδὲἕξείέξξξθξίἓὶιέιέιῐ

2356 5619 2610 5693 magna
2624 5619 3005 5694 "nausiam
3023 5619 3123 5692 1»;
3135 5619 3250 5693 iac
3269 5619 3477 5687 Meldensi
3508 5619 3592 5667 can

2356 5709 2532 5765 vocati
2571 5717 2715 5763 sunt.
