3920 6310
516 295 660 359 154⁸5

1507 295 1776 354 δίεϐυιι
1815 296 1926 354 VIII
1966 294 2399 354 IIONUMEN'I‘A
2437 291 2775 348 SELEC'I'A.

3639 289 3757 341 ιδμ

514 427 640 476 sent
662 417 773 472 Deo
797 413 1147 486 omnipotenti
1188 413 1278 468 diu
1307 412 1584 480 'noctuque
1627 411 1812 466 laudes
1857 411 2080 465 referre.
2111 413 2160 471 Α
2189 408 2373 478 pratis,
2395 407 2630 476 pascuis,
2658 406 2830 474 aquis,
2862 417 3230 473 aquarumque
3274 403 3626 464 decursibus,
3656 418 3760 456 mo-

511 505 738 568 Idcirco,
785 504 1078 574 inspirante
1119 501 1274 557 nobis
1321 515 1551 570 superna
1597 499 1790 568 gratia,
1821 500 2084 554 donamus

511 596 744 665 pariter,
772 610 872 666 ego
900 602 954 649 et
982 593 1175 662 conjux
1217 607 1335 647 mea
1378 591 1631 646 Bertrada
1675 591 1743 644 ad
1784 590 1956 658 ipsum
1996 605 2085 644 sa-

512 684 873 738 cratissimum
909 681 1102 746 locum,
1132 697 1292 751 quem
1321 681 1374 735 in
1403 682 1606 735 honore
1643 680 1813 734 sancti
1843 680 2087 735 Salvato-

515 773 588 827 ris
616 774 700 826 vel
729 782 926 828 sancta:
969 773 1146 826 Mariae
1174 772 1591 836 construximus,
1624 786 1709 825 res
1738 771 2084 840 proprietatis

514 871 711 917 nostra:
732 863 783 916 in
800 878 937 932 pago
957 861 1309 924 Cborosvilla,
1325 876 1445 930 qua:
1459 861 1656 914 dicitur
1674 858 2078 918 Rumeresheim,

514 960 624 1004 tam
668 951 810 1004 illam
854 951 1175 1019 portionem,
1218 964 1338 1018 quae
1375 950 1441 1003 de
1465 948 1708 1017 genitore
1745 962 1864 1002 meo
1891 947 2084 1003 Carolo

514 1040 646 1094 mibi
687 1040 921 1101 advenit,
949 1055 1112 1108 quam
1139 1047 1194 1097 et
1233 1038 1375 1092 illam
1403 1037 1705 1107 portionem
1739 1038 1907 1107 ipsius
1945 1038 2080 1091 Ber-

513 1129 700 1190 tradae.
742 1144 902 1198 quam
931 1130 1138 1199 genitor
1172 1144 1302 1182 suus
1332 1127 1646 1183 Heribcrtus
1668 1127 1717 1182 ei
1758 1128 1811 1181 in
1841 1128 1965 1182 dote
1990 1127 2086 1180 de-

513 1220 748 1289 reliquit,
773 1235 894 1279 cum
922 1219 1266 1289 appendiciis,
1293 1219 1438 1273 omni
1460 1219 1766 1288 integritate
1796 1232 1912 1280 sua,
1946 1233 2085 1286 pm-

512 1317 598 1366 ter
615 1311 791 1381 aliqua
817 1312 1102 1381 mancipia.
1129 1311 1255 1364 Haec
1274 1310 1436 1379 igitur
1460 1309 1724 1378 mancipia
1745 1309 1810 1362 ad
1838 1317 2081 1362 nostrum

511 1416 647 1474 opus
687 1403 1036 1467 retinuimus,
1064 1403 1116 1456 in
1145 1401 1351 1470 reliquo
1381 1415 1507 1455 vero
1531 1401 1699 1469 ipsam
1735 1399 1914 1452 villam
1958 1413 2080 1452 cum

511 1492 659 1550 omni
687 1493 992 1564 integritate
1022 1508 1118 1548 sua
1143 1493 1210 1545 ad
1237 1491 1410 1560 ipsum
1439 1498 1683 1545 sanctum
1715 1489 1891 1544 locum
1918 1489 2083 1544 tradi-

512 1599 632 1640 mus
664 1592 823 1653 atque
870 1582 1322 1644 transfundimus,
1352 1581 1404 1634 in
1437 1581 1590 1650 cujus
1631 1581 1859 1635 termino
1906 1581 2082 1649 ipsum

511 1676 896 1731 monasterium
918 1673 1090 1728 sancti
1111 1671 1408 1726 Salvatoris
1429 1681 1512 1725 est
1530 1671 1836 1734 fundatum;
1857 1679 1911 1725 et
1936 1671 2081 1725 illam

512 1768 842 1822 mansionem
869 1779 1029 1832 super
1055 1763 1350 1824 Prumiam,
1382 1762 1470 1815 ubi
1505 1761 1728 1825 rivulus,
1761 1762 1851 1830 qui
1887 1761 2084 1815 dicitur

512 1853 928 1915 Escutmisbach,
959 1849 1179 1906 conﬁuit
1207 1852 1259 1904 in
1283 1849 1576 1914 Prumiam,
1607 1851 1698 1920 qui
1725 1860 1806 1905 est
1830 1861 2082 1906 constru-

511 1953 630 1999 ctus
659 1958 819 2012 super
847 1943 1133 1996 terminum
1159 1941 1426 2010 praedictae
1448 1941 1603 1996 villae.
1635 1941 1897 1995 Similiter
1919 1942 2086 1995 dona-

511 2047 632 2086 mus
659 2033 726 2085 ad
760 2031 873 2100 jam
903 2032 1102 2086 dictum
1131 2032 1516 2085 monasterium
1554 2032 1607 2084 in
1648 2047 1784 2101 pago
1831 2031 2083 2086 hluslinse

511 2138 670 2192 super
700 2122 917 2176 ﬂuvium
949 2122 1174 2176 Mosella:
1200 2121 1352 2176 villas
1392 2130 1602 2176 nostras
1645 2121 1727 2174 bis
1756 2122 2081 2186 nominibus,

511 2211 805 2282 Meringum
837 2211 1084 2283 (Mering)
1112 2221 1166 2265 et
1188 2211 1447 2267 Sacocum
1477 2211 1797 2282 (Sc/tivach),
1827 2229 1928 2266 una
1961 2229 2083 2268 cum

511 2302 717 2356 meritis
744 2309 798 2356 et
823 2302 1068 2354 terminis
1097 2301 1182 2354 vel
1207 2302 1532 2369 appendiciis
1561 2302 1690 2356 suis.
1730 2301 2001 2356 Donamus
2031 2310 2085 2356 et

511 2391 688 2446 villam
757 2399 992 2444 nostram
1042 2390 1316 2455 Bedcnse,
1373 2406 1492 2459 quae
1560 2392 1757 2446 dicitur
1819 2392 2084 2448 Mareiaco

513 2480 839 2548 (Merlhscb),
869 2497 974 2534 una
1002 2496 1124 2536 cum
1163 2482 1369 2535 meritis
1396 2489 1449 2533 et
1472 2482 1802 2550 appendiciis
1830 2484 1962 2538 suis.
1996 2483 2084 2538 Si-

513 2571 711 2624 militer
751 2571 1010 2625 donamus
1036 2572 1104 2625 ad
1134 2572 1306 2640 ipsum
1339 2573 1722 2626 monasterium
1771 2573 1951 2626 villam
1996 2589 2086 2628 no-

510 2669 676 2718 stram
712 2663 764 2716 in
802 2677 938 2732 pago
966 2662 1180 2717 Eiﬁinse
1208 2662 1497 2718 Sarabodis
1524 2663 1646 2717 villa
1680 2663 2080 2733 (Saremdorm,

509 2765 617 2807 una
649 2767 771 2806 cum
803 2751 1093 2817 Soliditate,
1121 2754 1363 2807 terminis
1389 2761 1549 2822 atque
1577 2754 1906 2822 appendiciis
1949 2755 2082 2818 suis,

513 2845 651 2900 sicut
678 2862 707 2899 a
737 2844 1034 2900 Garaberto
1060 2861 1304 2914 possessa
1338 2845 1456 2898 fuit.
1505 2845 1788 2898 Tradimus
1829 2846 1931 2898 alia
1979 2846 2084 2900 duo

513 2933 629 2988 loca
660 2934 710 2987 in
740 2933 959 2988 Carasio
987 2933 1052 2988 ad
1085 2934 1222 2988 idem
1252 2933 1632 2987 monasterium
1666 2932 2093 3002 Wathitlindor/j‘

511 3032 566 3077 et
596 3022 950 3092 Birgisbnrias
984 3038 1107 3078 cum
1135 3023 1387 3078 omnibus
1416 3022 1730 3091 adjacentiis
1758 3024 1868 3077 suis
1905 3033 1959 3076 et
1986 3038 2083 3092 ap-

507 3081 786 3181 pendiciis.
836 3111 1096 3167 Similiter
1155 3113 1416 3167 donamus
1458 3081 1510 3166 iIl
1571 3127 1704 3182 pago
1749 3081 2155 3168 BiboariensiC

510 3203 652 3257 illam
695 3205 994 3274 portionem
1032 3203 1086 3257 in
1129 3202 1439 3273 Reginbacb
1489 3201 1872 3272 (Rheimbach),
1920 3217 2080 3270 quam

510 3293 743 3348 vasallus
782 3304 965 3348 noster
989 3276 1294 3363 Aglibertus
1323 3307 1420 3362 per
1444 3290 1761 3345 beneﬁcium
1794 3291 2002 3356 habuit,
2029 3299 2083 3345 et

510 3384 720 3454 genitor
759 3399 911 3438 meus
953 3383 1178 3438 Carolus
1223 3382 1352 3436 mihi
1403 3381 1618 3451 reliquit
1664 3381 1718 3435 in
1755 3382 2000 3446 alodem;
2031 3389 2086 3435 et

511 3475 655 3529 illam
681 3476 839 3530 aliam
864 3477 1162 3545 portionem
1183 3476 1238 3529 in
1269 3475 1384 3544 ipsa
1409 3474 1556 3539 villa,
1579 3490 1740 3543 quam
1771 3473 2084 3529 Heribertus

511 3567 664 3621 uxori
710 3583 842 3622 mea:
869 3566 1139 3621 Bertradas
1187 3567 1240 3621 in
1273 3565 1483 3621 alodem
1512 3565 1733 3620 dimisit.
1781 3565 2081 3620 Conﬁrma-

511 3671 632 3711 mus
657 3657 820 3711 etiam
862 3657 1058 3712 ibidem
1105 3666 1161 3711 et
1189 3657 1308 3713 illas
1342 3675 1458 3723 res,
1483 3674 1602 3728 qua:
1631 3667 1788 3713 antea
1816 3659 1882 3712 ad
1913 3660 2083 3729 ipsam

509 3746 793 3801 ecclesiam
816 3761 912 3815 per
932 3748 1284 3802 instrumenta
1307 3747 1580 3804 cartarum
1604 3751 1799 3808 ibidem
1827 3750 2084 3821 delegata:

510 3835 766 3900 luerunt,
814 3853 937 3891 cum
981 3839 1127 3892 omni
1180 3841 1488 3911 integritate
1541 3857 1747 3896 earum.
1801 3843 2085 3898 Tradimus

514 3925 678 3994 igitur
704 3925 770 3978 ad
795 3926 969 3995 ipsum
999 3930 1420 3984 sacratissimum
1452 3932 1625 3985 locum
1654 3933 1900 4002 superius
1940 3949 2086 3989 com-

512 4013 833 4081 prehensum
872 4015 1060 4070 cellam
1097 4017 1220 4086 jure
1253 4019 1599 4088 pr0prietatis
1627 4030 1820 4077 nostra:
1860 4023 1913 4076 in
1945 4023 2082 4085 loco,

513 4105 603 4174 qui
635 4105 830 4161 dicitur
875 4107 1138 4178 Altrepio,
1169 4124 1331 4180 super
1372 4110 1592 4166 ﬂuvium
1629 4112 1824 4180 Rheni,
1861 4115 1914 4169 in
1949 4129 2086 4184 pago

514 4196 778 4267 Spirensi,
806 4213 924 4267 qua:
949 4207 1033 4253 est
1075 4209 1386 4256 constructa
1416 4203 1468 4256 in
1515 4204 1718 4258 honore
1765 4207 1936 4259 sancti
1981 4205 2088 4260 Me-

513 4287 684 4352 dardi,
713 4303 834 4342 cum
860 4289 1000 4344 villis
1028 4299 1083 4344 et
1106 4292 1435 4360 appendiciis
1460 4293 1595 4358 suis,
1623 4309 1783 4363 quem
1807 4292 2087 4349 Herliban-

513 4377 614 4432 dus
635 4386 688 4431 et
712 4377 1017 4441 Wiolentio,
1048 4395 1254 4434 necnon
1285 4381 1542 4452 Bagull‘us
1564 4383 1692 4436 mihi
1726 4384 2078 4446 tradiderunt,

2163 498 2379 568 ~vilibus
2406 505 2461 551 et
2506 495 2898 557 immovilibus,
2925 493 3186 563 pecuniis,
3212 491 3446 560 peculiis
3489 493 3760 558 utriusque

2182 602 2361 651 sexus,
2398 601 2587 657 greges
2616 601 2739 641 cum
2779 585 3106 654 pastoribus,
3136 584 3319 638 omnia
3348 592 3408 637 et
3430 598 3502 638 ex
3527 587 3764 639 omnibus

2181 697 2212 735 a
2239 683 2325 736 die
2349 690 2615 750 praesente
2660 689 2717 735 et
2759 680 3031 748 deinceps,
3065 680 3269 747 absque
3316 678 3492 732 ullius
3548 679 3762 748 ipedi-

2181 781 2381 835 mento,
2413 771 2558 826 omni
2598 779 2839 840 tempore
2881 770 3203 840 supradictae
3233 785 3324 824 res
3349 770 3421 823 ad
3451 770 3636 839 ipsum
3666 787 3765 826 mo-

2182 862 2477 917 nasterium
2493 860 2607 930 jam
2650 877 2792 932 saepe
2818 862 3020 917 dictum
3047 862 3223 916 sancti
3269 860 3588 915 Salvatoris
3614 864 3763 930 proﬁ-

2181 951 2326 1005 ciant
2373 951 2427 1004 in
2474 950 2795 1019 augmentls,
2842 949 2918 1002 ita
2973 956 3152 1004 tamen
3200 949 3485 1012 volumus,
3513 956 3579 1002 ut
3609 949 3764 1018 ipmn

2183 1040 2566 1094 monasterium
2589 1039 2761 1093 sancti
2785 1037 3106 1102 Salvatoris,
3130 1049 3226 1093 seu
3251 1054 3343 1093 res
3366 1053 3497 1106 qua:
3519 1040 3591 1092 ad
3609 1039 3766 1108 ipsa

2182 1128 2566 1182 monasterium
2597 1128 2902 1196 pertinent,
2930 1136 3039 1181 tam
3067 1143 3188 1198 quae
3217 1129 3564 1182 auctoritate
3603 1138 3766 1183 noun

2180 1226 2305 1273 sunt
2347 1218 2675 1273 conﬁrmata:
2693 1258 2708 1283 ,
2739 1233 2902 1288 quam
2928 1234 2959 1272 a
2986 1217 3156 1272 Deum
3184 1219 3524 1273 timentibus
3567 1219 3764 1274 inania

2181 1306 2382 1362 fuerint
2422 1307 2711 1369 collaturae,
2745 1308 2798 1362 in
2845 1317 3030 1362 nostra
3086 1307 3195 1361 sint
3241 1315 3548 1378 potestate,
3577 1309 3659 1361 vel
3685 1310 3764 1362 de-

2180 1396 2443 1461 fensione,
2468 1413 2562 1451 seu
2591 1398 2864 1452 haeredum
2909 1405 3255 1461 nostrorum;
3302 1406 3366 1452 et
3414 1398 3539 1467 ipsa
3566 1414 3768 1468 ciu-gm-

2183 1488 2345 1557 gatio,
2378 1502 2538 1556 quam
2585 1487 2638 1540 in
2688 1486 2862 1555 ipsum
2909 1487 3307 1542 monasterium
3361 1487 3768 1548 intromisimas,

2183 1595 2275 1635 seu
2305 1589 2360 1634 et
2385 1581 2552 1634 abbas
2591 1579 2810 1633 nomine
2837 1577 3128 1642 Assuerus,
3151 1587 3209 1632 et
3254 1592 3624 1634 successum
3663 1578 3769 1645 eius

2185 1671 2305 1724 dem
2325 1711 2338 1731 ,
2368 1671 2492 1725 dum
2523 1671 2624 1724 sub
2662 1678 2848 1723 sancta
2880 1669 3063 1739 regula
3102 1669 3308 1723 ibidem
3351 1669 3474 1723 Deo
3503 1670 3774 1724 auxiliante

2187 1761 2419 1814 militare
2445 1760 2746 1824 voluerunt,
2773 1773 2873 1814 nos
2897 1759 2963 1814 de
2992 1759 3096 1813 alia
3125 1760 3574 1829 congregatim
3601 1760 3771 1813 ibidem

2187 1847 2436 1902 abbatem
2457 1887 2472 1912 ,
2504 1861 2604 1901 nec
2635 1849 2960 1902 monachum
3010 1855 3202 1902 contra
3249 1855 3520 1902 nostrum
3555 1848 3772 1903 ordinem

2185 1953 2292 1992 non
2315 1937 2741 2002 intermittimus,
2757 1953 2857 1992 nec
2876 1938 3115 1993 hatredes
3141 1940 3344 1993 nostri.
3367 1939 3442 1992 Et
3468 1942 3599 2008 quia
3626 1942 3772 2008 ipsum

2185 2026 2570 2080 monasterium
2595 2027 2664 2079 ab
2687 2027 2832 2080 omni
2853 2025 3190 2079 s.ecularium
3222 2042 3366 2080 cura
3397 2041 3660 2081 securum
3676 2043 3772 2081 ess:-

2185 2114 2460 2179 volumus,
2498 2124 2712 2184 oportet
2739 2124 2795 2169 ut
2828 2125 3026 2169 nostra:
3073 2115 3396 2170 clementiae
3447 2118 3688 2186 provisio
3722 2121 3771 2168 (ὲ

2185 2202 2366 2257 futura
2408 2205 2586 2274 quiete
2642 2205 2870 2258 fratrum
2917 2205 3115 2259 ibidem
3181 2206 3546 2259 manentium
3602 2207 3770 2261 salubri

2185 2294 2431 2364 disponat
2454 2295 2819 2360 ordinatione;
2847 2303 3112 2364 quatenus
3140 2294 3192 2348 in
3217 2294 3319 2348 Dei
3343 2297 3611 2358 servitio,
3631 2299 3771 2365 gratia

2185 2383 2300 2452 ejus
2325 2383 2672 2453 suﬁragante,
2704 2394 3064 2454 perseverent.
3097 2383 3206 2440 Nos
3238 2387 3424 2440 etiam
3463 2401 3533 2440 ex
3566 2389 3769 2440 auctori—

2186 2487 2295 2534 tate
2333 2489 2514 2534 nostra
2558 2481 2710 2535 vobis
2754 2481 3115 2542 concedimus,
3146 2489 3206 2533 ut
3237 2480 3311 2534 de
3358 2482 3767 2551 congregaioer

2186 2567 2386 2622 domini
2417 2567 2645 2622 Romani
2677 2577 2731 2623 et
2761 2567 3065 2622 Wolfranni
3091 2569 3502 2638 episcoporum
3522 2610 3539 2634 ,
3568 2587 3697 2638 quos

2185 2657 2288 2712 hoc
2304 2659 2548 2713 cmnobio
2563 2659 2732 2712 sancti
2753 2657 3046 2712 Salvatoris
3068 2660 3576 2728 congregavimus,
3588 2661 3772 2728 quandi

2186 2748 2351 2802 abbas
2399 2749 2462 2802 de
2510 2749 2611 2803 hac
2654 2750 2763 2804 vita
2809 2751 3143 2821 migraverit,
3171 2765 3284 2803 una
3335 2767 3480 2805 cum
3533 2768 3770 2806 conm

2185 2848 2369 2894 nostro
2392 2847 2445 2893 et
2473 2848 2655 2894 vestro
2680 2842 2929 2895 abbatem
2952 2842 3016 2894 de
3038 2841 3151 2910 ipsa
3175 2843 3628 2911 congregatione
3650 2844 3770 2896 vobis

2187 2934 2506 3004 regulariter
2536 2934 2734 3004 eligere
2777 2935 3037 2990 debeatis.
3088 2934 3152 2987 Et
3181 2943 3239 2986 ut
3268 2949 3374 2988 vos
3415 2951 3525 3005 pro
3563 2937 3770 2990 remer

2186 3026 2378 3079 animae
2422 3032 2621 3080 nostra:
2647 3034 2702 3080 et
2729 3024 2972 3095 conjugis
2999 3026 3278 3094 prolisque
3323 3036 3568 3091 nostrae,
3596 3038 3651 3080 et
3671 3043 3768 3081 sec-

2185 3131 2460 3170 cessorum
2490 3125 2815 3180 nostrorum,
2839 3124 2894 3170 et
2919 3132 3015 3185 pro
3045 3115 3348 3170 stabilitate
3373 3120 3560 3172 totius
3588 3118 3770 3186 imperii

2187 3221 2216 3258 a
2244 3205 2352 3259 Deo
2381 3206 2536 3260 nobis
2581 3207 2842 3271 concessi,
2871 3217 2925 3262 et
2963 3205 3080 3274 ejus
3128 3209 3374 3276 gratuita
3413 3210 3770 3264 misericordia

2187 3296 2240 3349 in
2269 3306 2528 3350 internum
2571 3297 2941 3352 conservanda
2971 3297 3288 3366 perenniter
3333 3298 3564 3352 Domini
3610 3298 3771 3353 Salta-

2186 3388 2319 3442 toris
2365 3389 2534 3441 nostri
2581 3386 2707 3441 Jesu
2753 3387 2955 3442 Christi
2999 3387 3445 3442 misericordiam
3500 3391 3768 3460 implorare

2187 3477 2433 3541 delectet,
2460 3485 2620 3546 atque
2660 3477 2714 3531 in
2754 3477 2921 3546 ipsius
2963 3477 3210 3531 laudibus
3233 3477 3328 3531 die
3363 3488 3644 3547 nocteque
3671 3494 3751 3546 per

2187 3581 2462 3630 severare;
2495 3575 2565 3630 et,
2618 3568 2840 3622 remotis
2888 3565 3259 3636 temporalium
3306 3569 3766 3629 meditationibus.

2185 3675 2537 3729 supernorum
2563 3662 2880 3730 gaudiorum
2923 3659 3367 3729 contemplationi
3397 3672 3591 3716 mente
3619 3662 3765 3715 libera

2188 3750 2465 3806 intendere
2511 3753 2894 3822 praecipimus,
2943 3759 3003 3805 ut
3048 3751 3189 3804 nulla
3246 3749 3579 3820 pris-judicia
3628 3764 3769 3820 atque

2187 3841 2496 3908 gravamina
2527 3857 2556 3894 a
2587 3841 2735 3894 nullo
2780 3839 3149 3910 episcoporum
3179 3855 3273 3893 seu
3319 3842 3673 3895 saecularium
3701 3843 3765 3894 in-

2187 3930 2446 3994 ferantur,
2468 3938 2522 3983 et
2550 3931 2786 3984 hieredes
2809 3931 2978 3984 nostri
3007 3941 3103 4000 per
3124 3929 3303 3983 nullas
3324 3938 3509 3995 artes,
3531 3933 3660 3985 dum
3681 3927 3761 3998 ipa

2187 4022 2434 4078 monachi
2482 4022 2802 4090 regulariter
2841 4031 2894 4076 et
2939 4021 3166 4077 ﬁdeliter
3193 4037 3225 4075 a
3253 4030 3416 4090 parte
3469 4032 3658 4077 nostra
3700 4023 3762 4072 ul

2187 4113 2460 4167 hairedum
2505 4121 2813 4166 nostrorum
2866 4112 3062 4166 ibidem
3115 4126 3462 4165 conversare
3514 4113 3764 4166 videatur.

2187 4203 2424 4256 hzeredes
2455 4201 2624 4256 nostri
2656 4201 2803 4270 ipsos
2836 4201 2890 4254 in
2934 4201 3036 4254 hoc
3069 4199 3320 4275 coenobio
3360 4209 3563 4254 nostro
3609 4211 3769 4269 prote-

2187 4298 2333 4360 gant,
2364 4290 2504 4344 sicut
2528 4289 2630 4343 visi
2657 4297 2802 4354 sunt,
2837 4288 2946 4342 Deo
2981 4295 3202 4342 auctore
3229 4288 3409 4356 ipsum
3445 4288 3632 4342 locum
3661 4305 3771 4342 coa-

2189 4380 2491 4444 stituimus,
2544 4379 2624 4433 sic
2661 4393 2830 4447 usque
2876 4379 2930 4432 in
2981 4377 3375 4448 sempiternum
3428 4377 3774 4432 inconvnlsus

514 4477 686 4524 totum
711 4477 765 4523 et
789 4469 855 4523 ad
877 4470 1142 4540 integrum
1171 4480 1279 4524 tam
1308 4449 1549 4526 ecclesitc
1576 4473 1890 4544 ministeria,
1921 4486 2082 4540 quam
2116 4449 2168 4511 θ
2190 4472 2338 4526 locus
2382 4478 2695 4540 permaneat
2735 4486 2832 4540 pro
2874 4478 3160 4539 augmento
3209 4469 3407 4522 animas
3455 4479 3666 4524 nostra:
3703 4467 3776 4520 te!

514 4565 569 4612 et
595 4559 730 4612 alias
757 4574 845 4614 res
876 4559 1070 4614 ibidem
1107 4561 1452 4631 pertinentes.
1499 4561 1770 4616 Donamus
1809 4563 1971 4616 etiam
2018 4561 2085 4616 ad

515 4649 692 4722 ipsum
735 4651 1120 4704 monasterium
1165 4651 1355 4705 cellam
1400 4653 1590 4715 aliam,
1620 4667 1740 4720 qua:
1769 4652 1965 4706 dicitur
1987 4650 2086 4705 Ga-

514 4747 720 4801 steaco,
749 4755 868 4808 qum
895 4748 977 4794 est
1018 4741 1190 4810 posita
1236 4741 1375 4794 infra
1421 4741 1678 4796 terminos
1725 4741 2003 4805 Senciaco,
2034 4749 2090 4795 et

513 4840 600 4888 est
623 4833 678 4888 in
701 4833 904 4886 honore
933 4833 1104 4887 sancti
1144 4831 1290 4886 Petri
1319 4840 1625 4888 constructa
1643 4873 1658 4898 ,
1681 4847 1803 4887 cum
1838 4833 2086 4888 omnibus

515 4923 830 4992 adjacentiis
850 4923 934 4978 vel
959 4923 1288 4993 appendiciis
1331 4925 1461 4979 suis.
1507 4924 2087 5001 Conﬁrmamus_igitur

515 5023 570 5068 et
593 5015 806 5068 tertiam
835 5013 1024 5069 cellam
1048 5013 1117 5067 ad
1162 5013 1334 5081 ipsum
1362 5023 1604 5069 sanctum
1630 5015 1827 5080 locum,
1857 5031 1976 5084 quae
2006 5015 2086 5068 di-

516 5106 657 5160 citur
704 5103 990 5170 Ruivinio,
1040 5105 1097 5161 in
1151 5119 1288 5175 pago
1343 5105 1606 5162 Lomense
1655 5124 1816 5178 super
1867 5109 2086 5162 ﬁuvium

518 5193 707 5260 Music,
733 5210 852 5264 quae.
885 5204 1192 5252 constructa
1220 5205 1303 5252 est
1329 5197 1383 5250 in
1413 5198 1618 5253 honore
1646 5208 1843 5255 sanctae
1885 5199 2084 5265 Mariae,

515 5299 640 5339 cum
687 5286 830 5340 omni
862 5287 1054 5342 merito
1101 5295 1155 5341 et
1201 5288 1536 5357 appendiciis
1577 5290 1708 5344 suis.
1740 5291 1814 5344 Ea
1839 5291 2090 5345 videlicet

515 5372 843 5440 conditione,
870 5390 1032 5444 supra
1071 5376 1302 5446 scriptas
1337 5390 1444 5440 res,
1479 5385 1587 5432 tam
1634 5379 1788 5433 villas
1831 5395 1993 5449 quam
2037 5387 2091 5432 et

515 5458 699 5531 cellas,
724 5480 847 5521 cum
875 5467 1020 5522 omni
1055 5467 1359 5539 integritate
1397 5483 1583 5523 eorum
1611 5469 1677 5524 ad
1707 5470 1880 5540 ipsum
1907 5485 2092 5524 mona-

516 5556 740 5612 sterium
762 5556 1166 5621 conﬁrmamus,
1182 5556 1236 5611 id
1259 5566 1343 5613 est
1361 5573 1464 5612 una
1485 5573 1606 5613 cum
1629 5560 1810 5624 terris,
1825 5560 2088 5624 domibus,

519 5646 776 5713 aediﬁciis,
801 5643 1101 5712 accolabus,
1123 5649 1420 5718 mancipiis.
1451 5649 1644 5714 vineis,
1675 5651 1840 5716 silvis,
1864 5653 2088 5722 campis,

2191 4561 2462 4615 lueredum
2501 4568 2826 4614 nostrorum.
2876 4559 2943 4612 Et
2971 4567 3029 4612 ut
3071 4559 3185 4612 haec
3239 4558 3559 4611 anetoritas
3602 4567 3777 4612 nostra

2191 4654 2420 4708 ﬁrmiter
2447 4654 2728 4717 habeatur,
2756 4663 2811 4708 et
2838 4654 2892 4708 in
2918 4663 3234 4724 perpetuum
3265 4652 3470 4708 melius
3498 4669 3779 4708 consene

2190 4754 2299 4809 tur,
2331 4760 2491 4798 manu
2519 4745 2734 4813 propria
2763 4744 3097 4799 decrevimus
3123 4745 3405 4797 roborare.
3451 4744 3574 4816 Ego
3605 4742 3780 4814 Pippi-

2191 4851 2291 4890 nus
2324 4843 2377 4889 et
2392 4826 2594 4905 conqu
2620 4851 2736 4890 mea
2779 4834 3058 4889 Bertrada.
3105 4833 3218 4904 Sig.
3249 4833 3288 4904 -ιο
3316 4833 3510 4888 Caroli
3537 4835 3636 4890 ﬁlii
3664 4850 3782 4889 con-

2188 4926 2488 4980 sentientis.
2541 4924 2652 4993 Sig.
2682 4924 2724 4994 1-
2760 4922 3123 4978 Carolimanni
3162 4921 3256 4977 ﬁlii
3291 4924 3376 4978 sui
3409 4925 3780 4980 consentiat.

2189 5015 2301 5085 Sig.
2333 5015 2374 5085 1-
2409 5014 2715 5070 Genebaudi
2745 5013 3001 5084 episcopi.
3049 5013 3160 5085 Sig.
3183 5014 3225 5083 -ῐ-
3253 5013 3492 5069 Gauloni

2193 5107 2306 5179 Sig.
2335 5108 2374 5178 -ι-
2402 5106 2666 5161 Fulcarici
2691 5106 2948 5177 episcopi.
2994 5107 3106 5177 Sig.
3135 5107 3176 5177 τ’
3201 5105 3487 5160 Adalfredi
3522 5107 3779 5177 episcopi.

2193 5197 2305 5270 Sig.
2339 5200 2379 5269 1-
2415 5197 2696 5252 Vull'ranni
2741 5199 2998 5268 episcopi.
3053 5197 3164 5269 Sig.
3195 5199 3235 5268 -ι-
3280 5197 3633 5269 Μθείηεευάἰ
3682 5199 3786 5266 epi-

2193 5289 2361 5358 scopi.
2394 5287 2507 5358 Sig.
2537 5288 2577 5357 1-
2604 5286 2900 5342 Bertlielini
2941 5287 3195 5358 episcopi.
3240 5287 3354 5357 Sig.
3383 5289 3426 5357 ἢ·
3449 5287 3644 5343 Basini
3674 5290 3786 5358 qui-

2195 5377 2361 5446 scopi.
2401 5375 2514 5446 Sig.
2542 5376 2586 5446 -ι-
2610 5375 2876 5431 Wiomadi
2909 5376 3164 5447 episcopi.
3196 5375 3309 5446 Sig.
3342 5376 3387 5444 -ι-
3415 5375 3665 5431 Draconi
3694 5389 3786 5432 cur

2193 5469 2360 5523 mitis.
2383 5466 2493 5538 Sig.
2523 5465 2562 5538 σι·
2586 5466 2888 5523 Theodardi
2913 5468 3146 5524 comitis.
3173 5465 3286 5538 Sig.
3313 5467 3356 5536 -ι-
3376 5466 3606 5523 Warini
3630 5468 3788 5523 cuni-

2193 5561 2282 5615 tis.
2333 5559 2444 5628 Sig.
2466 5558 2508 5630 1-
2532 5559 2768 5614 Welanti
2791 5557 3023 5614 comitis.
3059 5557 3173 5628 Sig.
3195 5556 3236 5627 1-
3261 5554 3521 5627 Gangulﬂ
3551 5557 3784 5616 comitis.

2198 5639 2316 5720 Sig.’
2341 5650 2380 5722 1-
2411 5650 2674 5704 Gerhardi
2714 5651 2943 5703 comitis.
2995 5647 3110 5718 Sig.
3140 5649 3181 5718 1-
3204 5647 3500 5702 Froamed.
3553 5648 3783 5703 comitis.
