3920 6310
217 364 350 422 iﬁlli

964 359 1222 422 PlPl‘lNl.
1264 357 1759 416 CAROLOMANNI
1791 357 1880 413 ET
1917 350 2228 416 ALIORUM
2268 359 2676 416 DlPLOilATA.

3337 329 3477 416 ista

215 481 326 554 Sig.
354 482 394 550 1-
421 477 707 536 Waltliarii
747 477 990 550 comitis.
1037 478 1149 550 Sig.
1193 479 1232 550 -ι-
1279 480 1522 555 liorloini
1557 479 1789 535 comitis.
1821 478 1871 539 Α
1899 485 2273 532 antecessores
2304 485 2518 532 nostros
2548 490 2702 550 reges
2731 474 2874 532 circa
2903 490 2963 530 se
2991 475 3290 542 ﬁrmatum,
3322 475 3400 532 ita
3425 487 3478 532 et

214 570 330 644 Sig.
359 573 399 644 1-
425 570 708 629 Gumberti
727 569 960 626 comitis.
987 568 1100 642 Sig.
1125 571 1164 641 -ι-
1184 569 1391 625 liaculﬁ
1417 571 1648 628 comitis.
1679 568 1790 640 Sig.

213 663 256 737 1³
281 663 489 722 Warini
517 661 754 717 comitis.
785 660 843 714 in
877 654 972 714 Dei
1003 661 1220 718 nomine
1245 653 1459 717 Bradilo
1485 651 1796 733 recognovit

214 765 270 812 et
287 753 623 825 subscripsit;
653 753 788 808 Acta
819 768 1002 809 mense
1028 752 1278 823 Augusti,
1303 751 1389 806 die
1422 752 1510 818 l3,
1535 766 1678 806 anno
1707 749 1762 804 ll
1779 788 1794 815 ,

216 851 474 915 regnante
499 843 726 914 Pippino
749 842 984 913 glorioso
1011 857 1157 914 rege.

285 933 477 988 Actum
535 931 849 1004 Trisgodios
895 930 1020 986 villa
1065 925 1280 1004 publica
1333 933 1390 987 in
1437 930 1534 987 Dei
1583 929 1799 988 nomine

215 1023 460 1080 feliciter.
493 1022 689 1079 Amen.

903 1113 1090 1170 XXVI.

214 1223 458 1296 Diploma
482 1241 588 1296 quo
619 1222 875 1294 Pippinum
905 1240 996 1278 rex
1021 1222 1650 1296 conﬁrmat__monasterio
1679 1219 1798 1296 llo-

285 1292 558 1366 rtaugierisi
589 1292 764 1370 omnes
785 1311 910 1370 suos
933 1294 1278 1362 possessiones
1299 1293 1519 1362 (incerto
1540 1292 1724 1362 anno).

425 1449 432 1458 _
579 1385 680 1444 (Ex
709 1366 887 1456 blabill.
916 1383 1040 1432 Ann.
1067 1383 1168 1430 0rd.
1196 1381 1498 1458 S..llened.)

287 1449 546 1540 liippinus
597 1483 690 1521 rex
746 1449 1113 1530 Francorum,
1161 1449 1515 1531 virilluster,
1568 1463 1801 1518 dominis

213 1555 422 1612 sanctis
469 1565 525 1612 et
584 1554 891 1628 apostolicis
937 1569 1001 1610 ac
1041 1549 1437 1610 venerabilibus
1488 1553 1542 1607 in
1585 1553 1800 1608 Christo

217 1633 488 1711 Patribus,
518 1647 768 1702 omnibus
795 1644 1082 1716 episcopis,
1113 1643 1419 1709 abbatibus,
1440 1660 1542 1706 seu
1572 1643 1800 1702 illustri-

213 1740 322 1815 bus
351 1755 417 1793 ac
444 1739 742 1810 magniﬁcis
787 1738 921 1793 viris
939 1777 955 1804 ,
983 1737 1225 1815 ducibus,
1273 1737 1582 1804 comitibus,
1613 1736 1800 1794 dome-

1900 571 2136 636 inantea,
2172 572 2430 628 resecatis
2456 571 2866 642 quibuscuuque
2896 570 3182 642 superﬁuis
3206 570 3477 641 inquietu-

1898 667 2141 732 dinibus,
2169 681 2269 722 suo
2313 681 2378 722 ea
2407 665 2598 722 ordine
2636 664 2855 751 valeant
2891 663 2951 718 in
2997 671 3186 720 nostro
3229 677 3483 720 sermone

1898 757 2191 812 auxiliante
2228 757 2456 812 Domino
2505 767 2603 827 per
2640 764 2882 826 tempora
2925 759 3348 825 permanere,et
3385 767 3486 812 vos

1896 856 1952 902 et
1977 861 2324 904 successores
2347 845 2531 910 vestri,
2565 845 2656 900 ubi
2699 844 2996 900 necessitas
3026 841 3190 900 fuerit
3210 843 3270 899 in
3298 843 3484 899 condi-

1899 936 2134 992 tionibus
2169 935 2342 1007 ipsius
2367 935 2706 1000 monasterii,
2725 932 2936 1003 justum
2976 933 3190 990 faciatis
3221 932 3484 990 auxilium

1900 1017 2197 1095 impertiri;
2237 1034 2298 1081 ut
2325 1026 2516 1098 melius
2555 1023 2787 1080 delectet
2807 1023 2983 1094 ipsam
3012 1021 3484 1100 congregationem

1899 1116 2068 1185 ipsius
2114 1116 2428 1190 monasterii
2463 1131 2564 1187 pro
2607 1114 2784 1172 salute
2827 1121 3016 1190 nostra
3063 1111 3148 1168 vel
3187 1110 3488 1171 stabilitate

1900 1207 2052 1277 regni
2097 1207 2271 1262 nostri
2299 1206 2516 1262 Domini
2547 1205 2977 1262 misericordiam
2999 1205 3208 1276 jugiter
3233 1217 3482 1260 exorare.

1899 1296 1970 1352 Et
1996 1307 2054 1352 ut
2083 1298 2198 1354 haec
2220 1299 2511 1374 prteceptio
2540 1297 2695 1353 ﬁrma
2719 1296 3014 1352 stabilitate
3056 1295 3336 1362 subsistat,
3361 1310 3486 1365 pro-

1899 1379 2016 1454 pria
2062 1402 2224 1442 manu
2273 1386 2412 1442 infra
2458 1387 2794 1444 decrevimus
2833 1387 3088 1443 roborare
3129 1395 3186 1441 et
3229 1386 3300 1443 de
3325 1385 3488 1444 anulo

1901 1480 2369 1554 nostrosigillarqo
2405 1549 2432 1554 _
2470 1549 2515 1554 __
2581 1549 2594 1554 _
2659 1548 2672 1554 _
2717 1545 2758 1554 _,
2832 1530 3017 1554 μιν.
3073 1545 3197 1554 --.

1981 1543 2206 1624 Signum
2235 1551 2274 1621 -ι-
2301 1548 2677 1622 gloriosissimi
2703 1545 2904 1604 domini
2931 1543 3146 1620 Pippini
3180 1545 3342 1624 regis.

1971 1642 2288 1700 Wulmarus
2311 1639 2492 1696 iussus
2520 1637 2834 1712 recognovit
2866 1649 2921 1694 et
2947 1639 3184 1711 scripsit.

2583 1744 2795 1808 XXVII.

211 1813 388 1912 sticis,
431 1829 676 1896 vicariis,
705 1828 1030 1884 centenariis
1082 1813 1244 1898 atque
1289 1830 1540 1885 omnibus
1589 1829 1799 1902 agenti-

1915 1846 2223 1902 lmmunitas
2268 1844 2492 1899 abbatia:
2541 1843 2842 1915 Ι)ηωίεωὶ
2884 1859 2987 1915 per,
3023 1859 3193 1914 regem
3241 1823 3489 1915 l’ipimtm

217 1922 342 1977 bus.

210 1995 218 2004 ’
289 1995 517 2066 Rectum
541 2020 658 2064 esse
673 2025 978 2076 censemus,
995 2001 1056 2066 ut
1069 1999 1421 2080 petitionibus
1439 1995 1802 2076 sacerdotum,

213 2116 342 2170 qua:
373 2102 442 2157 ad
464 2091 766 2172 profectum
795 2103 1065 2172 pertinent
1105 2100 1344 2157 locorum
1376 2112 1706 2166 sanctorum,
1737 2103 1806 2184 ad

211 2189 468 2246 effectum
492 2191 710 2247 Christo
732 2192 960 2262 prtesule
982 2193 1362 2263 perducamus.
1386 2195 1557 2266 Igitur
1577 2195 1633 2250 in
1655 2193 1810 2252 Chri-

211 2291 305 2336 sto
334 2281 496 2370 lfater
521 2283 776 2339 Dubanus
818 2283 1102 2362 epiScopus
1129 2277 1213 2342 vel
1247 2288 1416 2343 abbas
1441 2288 1508 2343 de
1535 2296 1806 2370 monaste-

214 2370 302 2426 rio
352 2368 702 2441 Hoheuaugia
750 2373 804 2427 in
845 2389 983 2445 pago
1028 2373 1318 2432 Alsacense
1367 2392 1532 2450 super
1589 2368 1808 2434 ﬁuviu'm

211 2459 503 2524 Rhenum,
547 2463 692 2532 quod
741 2471 824 2518 est
870 2473 1239 2522 constructum
1286 2469 1340 2522 in
1387 2469 1592 2524 honore
1635 2469 1808 2526 sancti

215 2549 497 2607 Michaelis
519 2561 574 2608 et
607 2555 779 2609 sancti
807 2555 952 2610 Petri
989 2567 1046 2612 et
1071 2560 1242 2615 sancti
1279 2559 1431 2615 Pauli
1459 2561 1545 2617 vel
1580 2571 1807 2619 caetero-

215 2655 341 2722 rum
396 2646 744 2710 sanetorum,
781 2640 1003 2717 gloriosi
1055 2650 1206 2719 regni
1251 2652 1423 2706 nostri
1469 2649 1809 2722 maiestatem

211 2720 398 2802 petiit,
423 2743 484 2790 ut
507 2735 634 2790 dum
664 2736 842 2806 ipsum
866 2740 1259 2796 monasterium
1299 2741 1367 2798 de
1399 2720 1690 2798 collatione
1713 2757 1811 2797 au-

215 2831 556 2880 tecessorum
587 2835 896 2883 nostrorum
921 2870 936 2894 ,
967 2829 1050 2884 vel
1081 2830 1148 2886 de
1189 2831 1496 2888 hominibus
1530 2832 1700 2889 Deum
1745 2833 1812 2888 ti-

215 2917 498 2972 mentibus
539 2917 837 2988 adiutorem
874 2921 1088 2976 videtur
1126 2935 1246 2978 esse
1291 2931 1683 2991 constructum,
1713 2940 1812 2982 nos

2383 1927 2628 1968 concessa
2671 1914 2833 1986 (anno
2872 1911 3019 1986 763).

2276 2003 2439 2068 (Apud
2462 2004 2749 2066 Hontbeim,
2771 2003 2896 2054 Hist.
2920 2004 3140 2070 Trevir.)

1975 2075 2232 2161 Pippinus
2275 2087 2369 2164 rex
2419 2085 2776 2153 Franctirum,
2819 2086 2906 2141 vir
2949 2085 3193 2153 illustris,
3241 2073 3494 2144 omnibus

1906 2179 2196 2250 episcopis,
2225 2177 2532 2241 abbatibus,
2555 2175 2801 2243 ducibus,
2829 2175 3134 2240 comitibus,
3159 2175 3492 2239 domesticis.

1907 2270 2144 2336 vicariis,
2176 2267 2526 2343 centenariis,
2555 2265 2642 2322 vel
2681 2281 2874 2322 omnes
2913 2266 3112 2322 missos
3145 2273 3362 2322 nostros
3387 2265 3483 2321 dis

1910 2361 2280 2417 currentibus.
2309 2358 2601 2413 Maximum
2632 2357 2783 2428 regni
2806 2357 2980 2413 nostri
2999 2369 3198 2429 augere
3224 2356 3496 2414 credimus

1911 2455 2324 2518 munimentum,
2344 2443 2390 2507 si
2416 2440 2675 2508 beneﬁcia
2695 2445 2994 2522 Opportuna
3021 2443 3138 2507 loca
3163 2447 3495 2516 sanctorum,

1910 2545 1994 2602 vel
2031 2544 2382 2600 ecclesiarum
2419 2541 2676 2598 benevola
2699 2539 3100 2600 deliberatione
3126 2541 3495 2606 concedimus,

1911 2650 1977 2692 ac
2002 2635 2230 2692 Domino
2258 2641 2592 2705 protegente,
2620 2640 2676 2688 et
2708 2632 2975 2688 stabiliter
3000 2633 3299 2704 perdurare
3322 2633 3496 2690 conﬁ-

1913 2726 2113 2782 dimus.
2914 2768 2920 2773 .

1981 2819 2152 2892 Igitur
2175 2819 2386 2875 noverit
2413 2817 2632 2874 solertia
2656 2825 2861 2884 vestra,
2890 2817 3126 2888 qualiter
3155 2831 3258 2874 nos
3278 2816 3350 2872 ad
3378 2832 3498 2874 Ino-'-

1915 2910 2230 2975 nasterium,
2255 2909 2346 2980 qui
2373 2909 2571 2986 dicitur
2595 2907 2834 2974 Prumia,
2855 2922 3015 2978 quem
3036 2921 3135 2962 nos
3157 2907 3210 2962 in
3236 2907 3498 2986 honorent

215 3024 387 3065 omne
413 3025 609 3082 corpus
635 3011 950 3070 facultatum
972 3016 1110 3086 ejus,
1135 3024 1244 3072 tam
1270 3019 1415 3087 quod
1439 3028 1808 3076 antecessores

1915 3003 2090 3059 sancti
2137 3001 2437 3058 Salvatoris
2476 3016 2509 3056 a
2555 3015 2695 3060 novo
2737 3000 3141 3058 eonstruximus
3181 2999 3366 3071 opere,
3409 3001 3499 3056 tibi

215 3101 450 3158 abbates
476 3103 676 3159 ibidem
701 3104 1112 3173 laboraverunt,
1135 3122 1297 3178 quam
1323 3109 1466 3178 quod
1493 3109 1608 3179 ipse
1633 3109 1811 3163 Duba-
1915 3092 2184 3150 Αεειιθτυε
2214 3093 2352 3148 abba
2377 3105 2612 3162 limes“
2637 3091 2882 3156 νίάθιυτν
2914 3091 3022 3147 me
3049 3091 3374 3148 “mendum
3399 3107 3500 3162 Ρνο

221 3209 334 3250 nus
357 3193 426 3250 de
462 3196 625 3252 rebus
666 3199 1006 3264 monasterii,
1035 3213 1156 3269 qua)
1203 3199 1402 3254 ibidem
1449 3197 1615 3256 fuisse
1659 3200 1810 3256 diuo.
1839 3201 1890 3275 ε
1918 3195 2120 3243 :eterna
2148 3182 2500 3275 retributione
2526 3181 2628 3237 visi
2657 3181 2858 3275 fuimus
2881 3181 3078 3275 ibidem
3109 3180 3415 3248 indulsisse,
3443 3193 3499 3275 ιιι

218 3289 476 3350 ‘swntur,
502 3284 653 3341 visus
677 3294 762 3342 est
801 3285 1210 3359 augméntassé,
1245 3298 1338 3346 aut
1364 3289 1728 3360 comparasse,
1756 3301 1810 3347 ej
1857 3273 1885 3275 ⁷
1918 3279 1972 3334 in
2005 3275 2160 3332 villas
2187 3276 2357 3346 ipsius
2387 3274 2487 3331 loci
2521 3273 2733 3338 sancti,
2760 3278 2896 3344 quas
2937 3273 3196 3329 moderno
3237 3273 3501 3344 tempore,

219 3373 373 3444 quod
399 3373 468 3428 ab
492 3374 610 3444 ipso
639 3385 829 3432 sancto
874 3376 993 3434 loco
1022 3379 1281 3436 moderno
1309 3387 1552 3450 tempore
1572 3381 1812 3451 posside.
1913 3382 2010 3428 aut
2049 3381 2254 3434 nostro,
2289 3378 2384 3425 aut
2428 3366 2718 3438 cujuslibet
2753 3381 2978 3422 munere
3029 3367 3232 3422 habere
3262 3365 3502 3432 videtur,

219 3471 340 3529 tur,
368 3480 467 3535 per
493 3474 735 3522 nostrum
763 3467 1084 3525 deberemus
1128 3470 1456 3540 generaliter
1487 3471 1811 3527 conﬁrmare
1915 3462 1999 3519 vel
2027 3477 2164 3534 quas
2192 3460 2444 3530 deinceps
2490 3457 2544 3512 in
2565 3457 2690 3528 jure
2719 3457 2888 3528 ipsius
2914 3453 3250 3522 monasterii,
3280 3452 3502 3525 ejusque

216 3561 572 3623 praeceptum,
597 3555 740 3624 quod
765 3557 920 3613 nobis
943 3567 1043 3627 pro
1068 3559 1248 3614 divino
1275 3567 1522 3630 respectu
1550 3553 1635 3617 vel
1665 3569 1809 3617 mer-

221 3644 375 3699 cedis
400 3652 598 3701 nostra:
624 3656 914 3718 augmento
941 3649 1259 3720 prtestitisse
1279 3659 1460 3718 vestra
1483 3667 1592 3707 non
1607 3651 1813 3710 dubitet

221 3735 571 3805 magnitudo;
602 3737 768 3792 etiam
793 3747 849 3793 et
870 3739 1213 3811 privilegium
1259 3741 1428 3813 ipsius
1467 3745 1810 3809 monasterii,

222 3823 370 3893 quod
393 3823 548 3894 juxta
577 3825 968 3883 institutionem
996 3829 1297 3900 priscorum
1341 3831 1562 3888 Patrum
1597 3840 1652 3889 et
1691 3833 1814 3888 reli-

223 3915 457 3982 quorum
483 3915 862 3989 episcoporum
881 3919 982 3976 visi
1010 3930 1135 3976 sunt
1161 3922 1444 3990 meruisse,
1467 3924 1691 3994 etquod
1713 3939 1814 3995 per

223 4003 607 4060 auctoritatem
653 4017 894 4064 nostram
917 4049 934 4074 ,
961 4024 1058 4066 seu
1088 4011 1420 4081 reliquorum
1444 4013 1512 4069 de
1540 4029 1812 4072 successo-

227 4091 383 4148 ribus
422 4096 640 4166 regihus
662 4105 1066 4176 antecessorum
1093 4107 1402 4156 nostrorum
1433 4103 1810 4159 adumbratum

225 4179 396 4238 fuisse
423 4183 740 4249 dinoscitur,
759 4183 916 4254 juxta
963 4189 1106 4256 quad
1145 4196 1434 4260 antequam
1454 4205 1552 4260 per
1577 4191 1810 4261 priorem

219 4269 645 4342 praeceptionem
675 4284 917 4330 nostram
941 4291 1070 4347 erga
1091 4293 1150 4334 se
1179 4279 1497 4348 prohibendi
1526 4289 1669 4339 esset
1694 4298 1812 4336 mu-

225 4361 422 4427 nitum,
452 4379 550 4434 pro
575 4366 800 4435 perenni
847 4368 1143 4423 stabilitate
1165 4371 1504 4426 decrevimus
1531 4373 1808 4429 roborare.

1915 3555 2221 3613 rectoribus
2272 3551 2503 3608 voluerit
2549 3550 2729 3609 divina
2773 3550 2947 3622 pietas
2993 3549 3276 3619 ampliare,
3322 3547 3502 3604 nullus

1907 3646 2074 3716 iudex
2104 3643 2369 3716 publicus,
2395 3643 2604 3712 absque
2620 3639 2865 3711 iussione
2889 3642 3088 3704 nostra,
3115 3639 3199 3696 vel
3223 3639 3499 3697 hmredum

1915 3746 2252 3802 nostrorum,
2282 3743 2378 3790 aut
2407 3748 2604 3790 causas
2643 3732 2932 3798 audiendo,
2963 3737 3059 3786 aut
3087 3728 3236 3786 freda
3261 3729 3503 3801 undique

1914 3827 2196 3899 exigendo,
2222 3841 2438 3898 quoquo
2460 3828 2701 3896 tempere
2727 3835 2833 3878 non
2862 3829 3156 3894 [mnstth
3183 3820 3496 3893 ingredere:

1915 3922 2012 3978 sed
2035 3921 2138 3976 hoc
2171 3919 2242 3976 ad
2282 3919 2460 3990 ipsum
2499 3907 2890 3974 monasterium
2928 3911 3154 3984 ejusque
3198 3912 3503 3970 rectoribus

1913 4011 2302 4069 concessimus.
2333 4009 2402 4064 Et
2427 4008 2529 4064 sub
2557 4005 2872 4064 emunitatis
2905 4003 3122 4060 nomine
3146 4005 3247 4058 sub
3273 4001 3504 4059 tuitione

1913 4103 1999 4158 vel
2027 4100 2338 4158 defensione
2365 4106 2550 4154 nostra
2587 4111 2682 4152 seu
2729 4093 3006 4150 ha-rcdum
3052 4100 3362 4148 uestrorum
3403 4091 3503 4149 de-

1913 4194 2078 4249 beant
2100 4189 2269 4260 quieti
2294 4188 2350 4244 itt
2379 4187 2610 4243 Domino
2637 4183 2896 4242 residere.

1985 4282 2295 4338 Statuentes
2319 4293 2451 4348 ergo
2484 4277 2756 4347 iubemus;
2785 4284 2848 4331 ut
2870 4288 3046 4344 neque
3079 4280 3196 4336 vos,
3221 4277 3399 4346 neque
3413 4273 3502 4344 ju-

1913 4377 2114 4440 niores,
2141 4381 2236 4428 aut
2290 4373 2634 4428 successores
2675 4369 2868 4434 vestri,
2913 4380 3088 4439 neque
3133 4367 3241 4423 ulla
3287 4367 3502 4438 publica

225 4453 608 4546 Przecipientes
647 4472 777 4530 ergo
820 4460 1184 4530 praecipimus,
1211 4469 1270 4516 ut
1297 4463 1484 4520 omnes
1525 4449 1847 4546 facultates,
1907 4460 2193 4539 jndiciaria
2238 4471 2499 4533 potestas,
2527 4459 2640 4515 ullo
2668 4468 2906 4529 unquam
2957 4466 3199 4528 tempore
3247 4457 3303 4546 in
3345 4455 3505 4516 villas

227 4545 398 4617 ipsius
444 4548 777 4615 monasterii,
823 4550 1085 4621 quidquid
1119 4562 1213 4608 aut
1257 4554 1406 4626 regia
1452 4554 1690 4622 collatio,
1715 4566 1810 4616 aut
1833 4541 1887 4615 Ῐ)
1913 4559 2224 4628 ubicunque
2265 4556 2322 4612 in
2365 4569 2531 4625 regna
2575 4561 2762 4610 nostra
2800 4551 2969 4624 ipsius
3005 4541 3326 4607 monasterii
3363 4549 3503 4606 Pru-

228 4637 565 4709 privatorum
622 4657 843 4698 munere
888 4644 972 4700 vel
1015 4649 1452 4705 antecessoribus
1502 4650 1807 4721 abbatibus;

228 4727 316 4783 vel
342 4729 564 4786 Dubano
586 4733 838 4804 episcopo
866 4733 954 4788 vel
979 4736 1172 4792 abbate
1218 4736 1413 4794 ibidem
1442 4748 1527 4795 est
1567 4737 1812 4814 legaliter

229 4822 553 4892 acquisittmt
599 4833 692 4880 aut
739 4839 1109 4897 comparatum
1134 4869 1148 4894 ,
1182 4829 1289 4886 imo
1317 4832 1462 4901 quod
1490 4833 1556 4890 de
1583 4835 1808 4904 quibus-

231 4928 446 4982 cunque
474 4915 634 4971 rebus
659 4916 762 4972 rite
789 4925 1100 4984 attractum,
1127 4913 1486 4992 quodcunque
1514 4923 1812 4982 dominatio

231 5003 401 5075 ipsius
431 5005 605 5060 sancti
634 5009 945 5063 monasterii
975 5009 1272 5083 Hohenaug
1292 5013 1527 5083 undique
1551 5017 1811 5074 moderno

232 5104 472 5162 tempore
520 5094 585 5150 de
631 5095 884 5163 villabus,
934 5099 1212 5164 domibtts,
1265 5104 1567 5174 mancipiis,
1618 5107 1810 5173 vineis,

231 5180 401 5251 silvis,
431 5183 620 5254 pratis,
652 5185 868 5255 pascuis
887 5226 903 5251 ,
932 5197 1026 5242 aut
1067 5190 1133 5244 de
1161 5191 1488 5260 quibuslibet
1535 5197 1817 5256 beneﬁciis

234 5274 478 5330 cernitur
505 5291 628 5331 cum
671 5277 940 5346 aequitatis
982 5281 1172 5334 ordine
1213 5283 1632 5356 possidere,per
1676 5289 1814 5345 hanc

231 5365 610 5422 auctoritatem
668 5366 944 5424 suﬁ‘ultum
1004 5370 1207 5441 absque
1268 5373 1552 5444 cujuslibet
1615 5379 1816 5440 illicitis

233 5460 614 5516 controversiis
643 5461 808 5526 inibi,
840 5467 948 5517 tam
981 5465 1231 5535 prasenti
1277 5471 1441 5538 Quam
1475 5461 1659 5530 futuro
1683 5481 1816 5529 tem-

233 5555 368 5620 pore
414 5548 630 5609 Christo
675 5556 904 5626 praesule
948 5558 1194 5628 proﬁciat
1241 5560 1295 5616 in
1341 5572 1712 5636 augmentum.
1751 5569 1819 5625 Et

227 5641 590 5714 undecunque
619 5644 792 5714 ipsum
819 5641 1209 5706 monasferium
1238 5665 1410 5723 usque
1449 5664 1596 5712 nunc
1626 5657 1817 5714 habuit

234 5748 552 5796 concessum
587 5745 643 5794 et
680 5753 848 5808 usque
883 5740 1142 5798 hactenus
1185 5754 1584 5818 conservatum,
1613 5749 1692 5803 vel
1719 5765 1818 5821 per

638 5831 798 5892 Pna
810 5849 906 5893 οι..
955 5833 1152 5896 XCVI

1916 4651 2141 4708 miensis
2163 4658 2258 4706 aut
2284 4649 2454 4720 regia,
2480 4655 2580 4703 aut
2604 4647 2938 4717 privatorum
2976 4644 3226 4716 largitate
3251 4642 3500 4708 collatas,

1916 4750 2015 4798 aut
2037 4741 2131 4812 qui
2153 4749 2317 4798 antea
2343 4739 2562 4796 fuerunt
2593 4736 2812 4792 Christo
2835 4734 3068 4806 propitio
3085 4733 3402 4799 collaturas,
3435 4733 3506 4788 ad

1915 4833 2213 4890 audiendas
2233 4830 2616 4890 altercationes
2635 4828 2939 4898 ingredere,
2963 4835 3058 4882 aut
3079 4823 3227 4881 freda
3251 4825 3320 4881 de
3340 4838 3506 4896 quas;

1915 4927 2048 4983 libet
2069 4942 2262 4984 causas
2287 4925 2528 4996 exigere,
2556 4939 2658 4980 nec
2683 4923 2994 4980 mansiones
3013 4931 3107 4976 aut
3133 4929 3354 4991 paratas
3369 4959 3388 4988 ,
3417 4919 3506 4977 vel

1917 5018 2262 5089 ﬁdejussores
2301 5019 2490 5076 tollere
2535 5029 2641 5072 non
2690 5015 3059 5088 praesumatis;
3105 5014 3202 5070 sed
3243 5012 3506 5084 quidquid

1913 5113 2110 5169 exinde
2135 5121 2230 5168 aut
2259 5103 2686 5171 deservientibus
2727 5108 2814 5165 vel
2855 5095 3236 5164 ecclesiasticis
3271 5104 3506 5164 homini-

1915 5201 2040 5266 bus,
2065 5201 2158 5272 qui
2199 5209 2325 5256 sunt
2369 5198 2507 5255 infra
2537 5215 2716 5270 agros,
2749 5198 2834 5254 vel
2863 5197 3018 5263 ﬁnes,
3045 5197 3130 5252 vel
3158 5211 3320 5269 supra
3353 5204 3503 5254 terra

1915 5291 2158 5362 prtedicti
2179 5291 2489 5347 monasterii
2511 5302 2828 5347 commanen
2835 5297 2932 5354 tes,
2954 5286 3115 5344 ﬁscus
3131 5296 3224 5343 aut
3235 5287 3306 5343 de
3321 5285 3500 5353 freda,

1917 5393 2011 5438 aut
2047 5385 2402 5453 undecunque
2445 5386 2693 5454 potuerat
2731 5395 2974 5452 sperare,
3013 5383 3081 5437 ex
3109 5389 3298 5454 nostra
3326 5365 3504 5434 indul-

1918 5476 2098 5544 gentia
2128 5489 2226 5544 pro
2269 5472 2450 5529 futura
2490 5473 2665 5530 salute
2710 5474 2768 5530 in
2813 5471 3174 5530 luminaribus
3219 5466 3502 5542 ipsihsmet

1917 5566 2272 5637 suprascripti
2299 5567 2613 5621 monasterii
2645 5581 2747 5637 per
2788 5581 2982 5623 manus
3012 5567 3284 5640 agentium
3311 5563 3500 5620 eorum

1917 5657 2167 5730 proﬁciat
2192 5657 2247 5713 in
2273 5663 2610 5730 perpetuum,
2634 5665 2713 5713 'et
2739 5658 2882 5730 quod
2912 5674 3012 5714 nos
3038 5664 3258 5728 propter
3302 5658 3501 5710 ηοιιιιιιι

1921 5748 2154 5814 Domini,
2176 5757 2232 5803 et
2259 5749 2452 5804 anima:
2483 5759 2681 5806 nostra:
2710 5751 3029 5810 remeditant.
3049 5765 3145 5804 seu
3167 5754 3350 5804 nostra
3375 5743 3478 5800 sub

2974 5840 3052 5900 ω
