3920 6310
84 329 249 387 1555

858 316 1130 385 PIPPINI,
1174 310 1670 374 CAROLOMANNI
1710 310 1796 366 ΕΤ
1838 308 2145 367 ALIORUM
2184 312 2600 372 DIPLOMATA.

3256 317 3392 373 1554

80 440 402 520 “naidas,
432 448 487 496 et
524 437 782 511 quidquid
805 437 1003 494 ibidem
1029 437 1203 492 visum
1232 434 1334 490 fuit
1360 432 1490 489 mihi
1515 430 1699 487 deser—
1724 430 1775 489 Δ
1803 426 1966 483 tionis
1996 442 2151 493 mete,
2184 444 2347 499 quam
2369 445 2469 502 ego
2498 441 2720 502 propter
2761 448 2954 488 nomen
2984 432 3195 489 Domini
3224 444 3279 490 et
3300 452 3393 492 ve-

86 540 250 593 vire.
280 533 549 591 Similiter
569 538 751 586 autem
781 530 923 584 dono
951 528 1106 583 villas
1143 541 1293 583 meas
1326 532 1705 596 nuncupantes

90 626 408 689 Nuilliaeo,
456 622 712 693 Duciago,
758 619 1027 683 Flaviaeo,
1076 618 1410 682 Calviniaco,
1457 615 1666 673 Juliaco
1690 658 1705 683 ,

91 717 380 782 Caniaco,
403 713 627 770 Cubicio
671 711 793 768 sitis
830 711 885 766 in
911 724 1051 781 pago
1098 707 1396 774 Bodonico,
1424 722 1546 765 cum
1595 723 1710 763 om-

96 809 285 866 nibus
302 803 657 875 appcndieiis,
689 800 773 856 vel
796 799 1057 871 quidquid
1078 798 1153 855 ad
1186 799 1331 872 ipsas
1376 799 1536 855 villas
1565 799 1710 869 napi-

98 901 190 955 eit
213 907 277 954 et
314 898 491 955 visum
518 894 619 951 fuit
648 893 780 949 mihi
810 892 1011 952 ibidem
1051 892 1357 956 deservire,
1380 893 1523 950 dono
1550 906 1580 947 a
1625 891 1713 948 die

96 996 397 1059 praesente
420 987 488 1043 ad
517 986 632 1056 ipsa
656 999 781 1041 casa
806 983 867 1040 S.
909 983 1210 1043 Salvatoris
1236 1000 1357 1043 cum
1403 984 1551 1039 omni
1576 985 1713 1041 inte-

101 1087 346 1159 gritate.
380 1082 642 1139 Similiter
667 1090 723 1136 et
748 1080 886 1136 alias
908 1094 1016 1146 res,
1054 1095 1175 1150 qua:
1196 1078 1253 1135 S.
1307 1078 1575 1135 Salvatori
1601 1088 1713 1134 tra-

100 1178 256 1245 didi,
290 1177 435 1233 dono
459 1176 526 1231 ad
554 1176 726 1248 ipsum
771 1181 1021 1230 sanctum
1050 1172 1251 1236 locum,
1282 1187 1443 1242 quem
1474 1171 1583 1227 mei
1630 1173 1715 1227 in-

103 1268 304 1324 fantes
341 1268 431 1323 his
460 1266 769 1322 nominibus
794 1263 1111 1335 Aginaldus,
1142 1278 1245 1319 nec
1279 1279 1387 1318 non
1413 1262 1711 1329 Bertricus,

105 1361 239 1417 sive
260 1358 520 1414 Botlenus
544 1366 706 1427 atque
732 1354 932 1412 Paulus
955 1366 982 1396 ι
1008 1368 1106 1425 per
1131 1363 1369 1410 vestram
1408 1354 1716 1425 precariam

105 1454 381 1511 excolere
397 1452 648 1516 debeant,
668 1450 1179 1522 ut‘qualemcunque
1202 1466 1419 1506 sensum
1443 1449 1714 1523 [censum]

106 1547 308 1602 visum
321 1544 476 1601 vobis
492 1542 675 1607 fuerit,
700 1542 808 1598 illis
824 1541 1135 1613 injungatis,
1155 1557 1318 1612 quem
1330 1541 1485 1597 vobis
1497 1556 1593 1612 per
1604 1542 1718 1598 sin-

110 1638 285 1712 gulos
302 1653 474 1694 annos
494 1636 725 1702 solvant,
753 1643 809 1691 et
832 1634 1202 1704 unusquisque
1227 1649 1295 1690 ex
1326 1634 1437 1689 illis
1458 1643 1578 1705 post
1607 1634 1721 1692 obi-

109 1740 244 1787 tum
270 1746 454 1796 suum,
483 1728 738 1800 quiequid
764 1744 863 1800 per
889 1728 1197 1799 precariam
1223 1727 1420 1792 tenuit,
1451 1743 1575 1784 cum
1599 1744 1716 1784 om-

111 1821 294 1878 nibus
316 1822 481 1877 rebus
509 1819 809 1875 melioratis
830 1818 901 1873 ad
925 1818 1040 1889 ipsa
1060 1833 1189 1875 casa
1217 1817 1315 1873 Dei
1339 1819 1591 1889 superius
1617 1834 1714 1877 no-

114 1914 342 1970 minata
366 1927 501 1969 cum'
520 1909 669 1968 omni
708 1908 1020 1981 integritate
1057 1910 1111 1964 in
1141 1907 1260 1979 ejus
1286 1909 1724 1967 dominationem

114 2005 344 2075 absque
369 2002 475 2059 ulla
494 2001 813 2058 marritioae
829 2000 1276 2057 vel-contentione
1304 2001 1503 2056 reverti
1532 2000 1693 2056 faciat
1708 2018 1727 2055 ες

117 2096 242 2153 hoc
292 2103 377 2151 est
417 2093 675 2158 Gomuis,
727 2093 1051 2162 Viva-aqua,
1086 2091 1346 2159 Caihaco,
1405 2092 1519 2157 Fel,
1553 2093 1729 2149 Patri-

121 2191 316 2256 niaco,
339 2189 551 2245 Altiaeo
576 2190 711 2245 sitas
740 2190 795 2244 in
816 2204 957 2260 pago
985 2187 1297 2245 Gelmanico
1322 2203 1445 2243 cum
1474 2187 1729 2243 omnibus

120 2281 472 2354 appendl'ciis
500 2289 555 2336 et
594 2281 743 2336 omni
796 2280 1126 2352 integritate.
1183 2279 1446 2336 Similiter
1505 2279 1647 2335 dono
1673 2286 1730 2334 et

121 2377 276 2431 alias
295 2375 452 2430 villas
466 2383 823 2444 nuncupatas,
838 2372 1099 2440 Calvono,
1111 2373 1424 2440 Laviniaco,
1438 2371 1725 2438 Averiaco,

122 2464 381 2530 Aurudo,
416 2465 633 2527 Serant,
669 2462 907 2531 Colrido,
934 2464 1097 2531 Bron,
1141 2473 1391 2536 quartam
1420 2474 1632 2537 partem
1664 2467 1732 2523 de

124 2554 360 2619 Serant,
377 2554 616 2610 Duniaco
636 2554 773 2609 sitas
796 2553 851 2610 in
878 2570 1017 2627 pago
1044 2555 1424 2627 Andegavinse
1471 2571 1595 2612 cum
1637 2573 1732 2629 apo

127 2644 494 2716 pendiciis'et
517 2645 665 2701 omni
693 2644 1021 2715 integritate.
1049 2643 1317 2701 Similiter
1344 2645 1487 2702 dono
1510 2654 1567 2701 et
1594 2646 1731 2702 alias

128 2735 298 2791 villas
323 2745 660 2806 nuncupatas
686 2736 906 2803 Druvio,
939 2734 1257 2802 Palriciaco,
1305 2734 1510 2803 Qucvo,
1548 2736 1733 2793 Bursi-

128 2841 268 2893 nas,
290 2826 535 2893 Piriallo,
562 2828 939 2898 Dimisiniago,
964 2827 1248 2899 Cuptiago,
1272 2816 1563 2900 balatiago,
1599 2829 1733 2885 sitas

134 2920 199 2974 in
221 2933 363 2989 pago
394 2919 671 2976 Rodonieo
722 2935 846 2975 cum
884 2934 1074 2975 eorum
1121 2919 1459 2990 appendiciis
1484 2926 1539 2975 et
1580 2919 1730 2976 omni

137 3013 463 3086 integritate
490 3031 505 3080 ;
535 3019 590 3068 et
610 3013 744 3070 alias
770 3008 878 3079 res,
907 3028 1029 3083 quae
1054 3013 1305 3084 superius
1333 3012 1423 3069 hic
1454 3027 1562 3068 non
1588 3027 1736 3069 com-

1809 521 2141 579 nerationem
2187 523 2357 594 ipsius
2390 525 2565 580 sancti
2603 525 2705 581 loci
2745 525 2861 580 ﬁeri
2910 525 3156 592 decrevi,
3208 527 3398 583 venire

1811 613 2132 680 decreverit,
2144 624 2239 670 aut
2248 630 2368 671 eam
2387 616 2682 687 infringere
2696 625 2924 673 conatus
2935 615 3116 683 fuerit,
3133 626 3224 674 aut
3239 617 3400 689 hujus

1812 707 2073 778 repetitur
2099 708 2393 773 exstiterit,
2418 709 2555 764 iram
2575 708 2669 765 Dei
2689 708 2889 775 Patris,
2906 718 2963 766 et
2977 710 3123 773 Filii,
3148 720 3204 765 et
3226 709 3400 782 Spiri-

1815 807 1900 854 tus
1928 800 2099 855 sancti
2128 816 2291 872 super
2326 815 2385 857 se
2415 802 2662 874 recipiat,
2692 811 2746 859 et
2772 818 2802 858 a
2839 803 3115 863 liminibus
3142 805 3407 862 ecclesia-'

1815 907 1957 959 rum,
1987 901 2042 949 et
2061 908 2093 947 a
2135 893 2412 951 consortio
2440 902 2755 953 sanctorum
2799 905 3092 954 extraneas
3120 905 3400 968 appareat,

1815 992 1871 1040 et
1904 984 2124 1054 insuper
2167 982 2365 1040 inferat
2392 985 2639 1057 partibus
2689 985 2860 1055 ipsius
2890 986 3241 1051 monasterii,
3276 1002 3403 1043 eum

1816 1082 2041 1144 cogente
2086 1074 2239 1140 ﬁsco,
2266 1076 2383 1133 auri
2441 1075 2608 1132 libras
2639 1076 2705 1143 V,
2756 1076 2967 1147 argenti
3012 1066 3251 1145 pondera
3277 1075 3396 1130 Χῖ.

1816 1173 2036 1221 coactus
2062 1166 2397 1232 exsolvat,et
2416 1167 2561 1238 quod
2587 1167 2779 1237 repetit
2806 1168 3094 1238 quisquam
3130 1167 3408 1223 vindicare

1818 1274 1923 1314 non
1941 1259 2138 1325 valeat,
2170 1259 2262 1315 sed
2286 1275 2529 1331 praesens
2544 1259 2764 1316 donatio
2788 1258 3080 1317 voluntatis
3104 1274 3236 1315 mete
3259 1260 3408 1315 omni

1821 1359 2060 1421 tempore
2097 1352 2251 1407 ﬁrma
2300 1360 2354 1409 et
2387 1353 2643 1409 inviolata
2684 1360 3034 1424 permaneat,
3063 1351 3412 1422 stipulatione

1820 1442 2069 1497 subnixa.
2098 1441 2293 1498 Actum
2318 1442 2550 1498 Prumiae
2590 1444 2920 1500 monasterio
2941 1442 3178 1513 publico,
3200 1440 3301 1498 sub
3321 1441 3410 1497 die

1820 1549 1908 1588 xvr
1951 1532 2219 1589 Kalendas
2241 1532 2451 1599 Martii,
2482 1549 2624 1590 anno
2645 1550 2760 1600 xxv,
2797 1542 3058 1605 regnante
3086 1534 3283 1592 domno
3315 1550 3415 1590 no-

1822 1635 1935 1682 stro
1963 1626 2187 1699 Pippino
2209 1625 2601 1697 gloriosissimo
2624 1643 2769 1699 rege.

2545 1737 2712 1793 XXX.

1932 1831 2142 1903 Pippim'
2171 1831 2655 1903 regi_s_privilcgium
2676 1848 2772 1902 pro
2800 1832 3115 1903 monasterio
3144 1832 3310 1886 sancti
3418 1840 3423 1843 ‘

2266 1900 2559 1957 Maximini.
2603 1904 2621 1973 (
2639 1900 2793 1957 anno.
2825 1900 2979 1971 765).

2291 1991 2457 2057 (Apud
2477 1991 2758 2054 Hontheim,
2783 1992 2939 2065 ibid.)

1899 2100 2134 2156 Domino
2170 2106 2228 2155 et
2278 2096 2560 2154 Salvatore
2606 2105 2793 2153 nostro
2838 2098 3005 2153 vitam
3051 2105 3309 2152 :eternam
3366 2097 3421 2150 in

1831 2192 2118 2263 Evangelio
2168 2190 2539 2262 promittente,
2585 2188 2742 2260 plena
2791 2197 2846 2243 et
2897 2188 3106 2258 integra
3154 2187 3260 2243 ﬁde
3307 2186 3427 2241 sine

1831 2284 1993 2339 dubio
2026 2283 2317 2346 credimus,
2355 2281 2513 2341 nobis
2551 2280 2605 2336 in
2644 2278 2828 2336 futuro
2866 2280 3064 2336 saeculo
3102 2294 3423 2349 recompen-

1831 2374 1975 2441 sari,
2006 2374 2053 2431 si
2082 2373 2433 2431 stabilitatem
2459 2381 2514 2428 et
2537 2372 2775 2442 quietem
2805 2370 3263 2428 monasteriorum
3290 2385 3423 2427 con-

1833 2467 2139 2532 ﬁrmamus,
2167 2480 2233 2521 ac
2269 2479 2358 2521 res
2392 2462 2817 2529 ecclesiasticas,
2855 2463 2969 2519 Deo
3006 2462 3259 2530 donante,
3300 2476 3424 2519 cum

1830 2557 2168 2628 protectione
2191 2564 2625 2626 augmentamus.
2652 2554 2885 2635 Proinde
2911 2567 3013 2627 ego
3034 2552 3275 2625 Pipiuus,
3305 2569 3429 2626 επις

1831 2650 1906 2706 tia
1934 2649 2028 2705 Dei
2055 2663 2150 2704 rex
2179 2646 2534 2719 Francorum,
2562 2646 2816 2702 omnibus
2846 2644 3065 2715 regibus
3085 2644 3141 2698 in
3162 2651 3427 2699 asternum

1832 2739 2028 2796 futuris
2064 2738 2119 2793 in
2154 2738 2257 2793 hoc
2291 2744 2620 2792 testamento
2649 2734 2939 2801 denuncio,
2967 2748 3055 2789 me
3089 2734 3292 2789 habere
3328 2734 3431 2788 sub

1833 2837 2101 2902 potestate
2135 2828 2304 2898 regali
2330 2826 2601 2897 quoddam
2637 2825 3053 2891 monasterium,
3077 2824 3168 2880 ubi
3204 2828 3430 2880 sanctus

1836 2921 2158 2978 Maximinus
2180 2920 2275 2977 Dei
2298 2919 2495 2991 praesul
2512 2910 2851 2989 esteat-pore
2874 2916 3147 2988 sepultus,
3175 2926 3432 2974 constru-

1834 3022 1982 3069 ctum
2004 3011 2255 3067 videlicet
2282 3011 2345 3065 in.
2363 3009 2623 3066 suburhio
2645 3008 2906 3074 Treviris,
2934 3017 3099 3080 atque
3124 2992 3432 3066 dedicatum
3540 3018 3545 3023 '

139 3108 590 3171 memoravimus,
623 3115 717 3162 aut
741 3106 1075 3177 comparavi,
1107 3114 1201 3161 aut
1230 3106 1337 3160 mei
1360 3113 1736 3162 antecessores
1760 3126 1809 3189 ρ
1841 3106 1896 3162 iu
1942 3105 2149 3161 honore
2197 3102 2370 3158 sancti
2412 3099 2637 3157 Joannis
2684 3101 2913 3172 apostoli
2963 3108 3020 3157 et
3060 3101 3430 3173 evangelistae,

141 3200 286 3256 mihi
308 3200 652 3264 dimiserunt,
669 3207 761 3253 aut
781 3213 901 3269 quae
922 3197 1262 3269 requirenda:
1273 3205 1466 3254 suntet
1481 3196 1731 3263 inventae,

143 3290 219 3346 ad
250 3289 363 3359 ipsa
392 3304 518 3344 casa
570 3288 745 3344 sancti
779 3288 1081 3344 Salvatoris
1131 3288 1294 3355 dono,
1325 3297 1381 3343 et
1420 3289 1566 3359 ipsas
1594 3303 1626 3343 a
1649 3288 1738 3343 die

142 3388 440 3452 prtesente,
481 3378 563 3435 vel
592 3380 853 3451 quidquid
874 3381 940 3436 de
968 3388 1123 3451 parte
1150 3379 1410 3450 genitoris
1432 3380 1539 3436 mei
1587 3380 1739 3435 Beri-

147 3472 277 3542 rigi,
304 3480 359 3530 et
390 3472 455 3525 de
477 3478 629 3541 parte
654 3471 931 3542 genitricis
959 3486 1094 3527 mea:
1123 3469 1623 3526 Viventianasmihi,
1642 3470 1741 3526 ob-

150 3563 323 3627 venit,
357 3561 440 3616 vel
476 3561 540 3616 de
566 3571 896 3642 comparato,
931 3561 1027 3617 vel
1060 3562 1127 3618 de
1154 3561 1394 3633 qualibet
1434 3562 1739 3618 adtractum

153 3652 223 3707 ad
251 3667 335 3707 me
364 3654 609 3709 noscitur
631 3652 943 3732 pervenisse
970 3694 986 3719 ,
1011 3651 1155 3708 dono
1184 3644 1307 3708 cum
1334 3654 1484 3709 omni
1514 3653 1739 3724 integri-

156 3751 286 3809 tate,
317 3750 426 3798 tam
455 3743 636 3809 terrls,
661 3743 940 3809 domibus,
971 3742 1237 3810 aediﬁciis,
1266 3745 1739 3811 accolabus,man-

155 3833 332 3904 cipiis,
382 3834 553 3889 vineis
573 3875 588 3902 ,
619 3834 787 3900 silvis,
820 3835 1044 3907 campis,
1071 3836 1263 3907 pratis,
1300 3836 1535 3907 pascuis,
1585 3837 1742 3907 aquis

159 3940 523 3995 aquarumque
539 3925 883 3993 decursibus,
909 3925 1183 3983 farinariis
1211 3928 1260 3995 δ,
1284 3943 1407 3983 cum
1432 3927 1739 3998 pastoribus

161 4014 336 4087 gregis
372 4014 635 4084 pecudum
666 4016 949 4085 utriusque
982 4030 1166 4083 sexus,
1213 4017 1504 4074 mobilibus
1524 4025 1580 4074 et
1636 4017 1736 4073 im-

163 4107 465 4173 mobilibus,
517 4107 774 4177 quicquid
830 4107 937 4163 dici
972 4116 1065 4163 aut
1102 4110 1370 4164 nominari
1419 4118 1616 4180 potest,
1655 4110 1740 4165 vel

165 4198 413 4269 quicquid
461 4200 527 4254 ad
579 4200 694 4269 ipsa
740 4199 857 4254 loca
894 4199 1143 4268 superius
1192 4201 1468 4255 nominata
1497 4202 1741 4272 aspicere

167 4290 247 4345 vel
271 4292 541 4361 pertinere
572 4292 785 4359 videtur
807 4292 872 4347 de
892 4299 1176 4361 prtesente,
1205 4306 1330 4347 cum
1371 4293 1519 4347 omni
1544 4307 1605 4349 re
1646 4307 1743 4348 ex-

1839 3196 1982 3270 quod
2005 3195 2396 3252 monasterium
2416 3207 2561 3249 cum‘
2581 3193 2838 3249 thesauro
2870 3201 3033 3263 atque
3065 3200 3181 3248 tota
3217 3193 3432 3249 abbatia

1840 3290 1940 3347 sub
1967 3286 2119 3344 illius
2130 3286 2241 3344 loci
2269 3286 2464 3343 abbate
2490 3298 2706 3355 semper
2728 3292 2982 3342 constare
3004 3283 3281 3354 principio,
3296 3282 3437 3354 quia

1836 3397 1935 3452 per
1969 3377 2344 3437 antecedentia
2374 3385 2615 3448 tempora
2651 3392 2682 3432 a
2718 3376 2936 3448 regibus
2973 3376 3061 3431 ita-
3080 3375 3441 3436 constitutum

1836 3487 1967 3529 esse
2006 3479 2284 3544 repertum
2328 3477 2505 3525 teneo.
2552 3468 2892 3541 Quapropter
2930 3469 3075 3525 hunc
3109 3476 3434 3541 praesentem

1839 3567 2087 3624 abbatem
2117 3563 2421 3622 Utilradum
2441 3605 2455 3629 ,
2494 3574 2551 3621 et
2578 3579 2767 3620 omnes
2789 3565 3015 3620 abbates
3047 3570 3170 3635 post
3192 3575 3317 3619 eum
3345 3560 3439 3620 fu?

1841 3670 1992 3716 turos
2015 3657 2084 3715 de
2102 3656 2297 3714 eodem
2320 3656 2458 3721 loco,
2485 3655 3106 3727 simulcum-monachis
3133 3663 3190 3715 et
3218 3654 3437 3712 abbatia

1840 3752 1942 3807 sub
1972 3764 2160 3822 regum
2195 3748 2580 3804 mundiburdio
2608 3748 2663 3803 in
2697 3747 2896 3805 saecula
2933 3761 3157 3805 manere
3178 3747 3432 3811 decerno,
3461 3806 3473 3815 ,

1841 3852 1901 3898 ut
1926 3842 1995 3898 ab
2016 3843 2165 3898 omni
2187 3841 2557 3912 inquietudine
2576 3826 2832 3911 expediti,
2859 3841 2971 3897 Deo
2993 3842 3208 3899 valeant
3229 3842 3439 3900 servire
3469 3880 3485 3891 .

1840 3952 1963 3993 cum
1988 3937 2184 4008 gaudio
2215 3936 2467 4009 spiritali.
2504 3936 2839 3993 Electionem
2863 3949 3081 4009 quoque
3104 3936 3315 3994 abbatis
3339 3953 3433 3992 su-
3472 3984 3475 3987 λ

1840 4028 2100 4098 pradietis
2125 4028 2406 4084 monachis
2441 4027 2606 4099 regali
2640 4028 2929 4084 amaritate
2953 4029 3211 4095 concedo,
3240 4038 3301 4086 ut
3333 4029 3433 4085 ha-

1840 4121 2004 4176 beant
2024 4127 2351 4190 potestatem
2371 4119 2602 4191 eligendi
2623 4132 3006 4190 quemcunque
3022 4120 3137 4177 sive
3156 4135 3435 4192 quoscung

1840 4225 1946 4281 que
1967 4211 2258 4276 voluerint,
2283 4225 2347 4266 ea
2379 4195 2606 4277 ratione,
2642 4218 2702 4264 ut
2739 4209 2979 4281 regulam
3015 4225 3140 4267 cum
3166 4210 3271 4266 sibi
3299 4210 3427 4268 sub-

1836 4303 1998 4373 jectis
2021 4302 2308 4358 custodiat.
2335 4301 2394 4357 Si
2416 4302 2537 4372 quis
2555 4310 2752 4365 autem,
2779 4303 2924 4372 quod
2947 4302 3109 4369 absit,
3142 4304 3283 4360 hanc
3310 4318 3435 4360 car-

162 4383 375 4456 ‘quisita,
407 4392 579 4453 totum
605 4392 665 4438 et
695 4384 963 4454 integrum
994 4384 1063 4439 ad
1084 4383 1259 4455 ipsum
1287 4392 1534 4441 sanctum
1562 4385 1739 4441 locum
1845 4404 1955 4450 tam
2002 4392 2297 4464 infringere
2340 4392 2589 4459 voluerit,
2644 4393 2728 4450 vel
2776 4392 3017 4463 ejusdem
3068 4393 3171 4451 loci
3200 4394 3438 4452 familia:

170 4493 199 4531 ιι
225 4476 301 4539 die
336 4484 603 4546 ιιι-ωεθηῑθ
633 4475 753 4531 νοΙο
788 4491 910 4533 esse
955 4475 1210 4532 donatum
1236 4486 1398 4547 atque
1443 4476 1737 4543 ﬁrmatum.
1770 4478 1824 4540 Β
1847 4486 2009 4541 ullam
2036 4485 2338 4542 molestiam
2369 4485 2423 4541 in
2450 4484 2628 4556 aliqua
2664 4500 2724 4541 re
2762 4484 3005 4540 intulerit
3033 4494 3222 4543 contra
3250 4486 3445 4542 volunq

169 4567 241 4624 ita
267 4579 320 4621 ut
348 4568 418 4622 ab
443 4567 545 4622 hac
571 4566 659 4621 die
684 4566 937 4631 habendi,
973 4567 1212 4633 tenendi,
1244 4567 1328 4623 vel
1366 4569 1622 4649 quicquid
1648 4586 1742 4625 ex-

170 4659 285 4715 inde
301 4658 603 4729 elegeritis,
634 4657 867 4714 faciendi
902 4658 1133 4714 liberam
1171 4674 1235 4714 ac
1276 4658 1644 4716 ﬁrmissimam
1687 4661 1741 4715 in

173 4752 411 4809 omnibus
428 4753 675 4808 habeatis
703 4760 1067 4823 potestatem,
1087 4752 1271 4823 Siquis
1308 4769 1459 4821 vero,
1484 4756 1628 4824 quod
1658 4753 1743 4809 fu-

177 4854 338 4899 turum
369 4858 487 4899 esse
526 4859 633 4900 non
659 4844 857 4909 credo;
892 4846 935 4900 si
975 4861 1073 4920 ego
1113 4848 1247 4918 ipse,
1295 4848 1453 4917 quod
1478 4848 1620 4904 absit
1672 4865 1739 4904 ne

176 4936 278 4997 ﬁat,
304 4942 397 4988 aut
422 4934 619 5004 aliquis
642 4934 709 4989 de
733 4935 867 4990 meis
880 4935 1204 5003 hieredibus,
1236 4946 1331 4992 aut
1358 4938 1466 4993 ulla
1492 4941 1741 5012 opposita

177 5042 390 5100 persona
422 5027 505 5082 vel
552 5026 808 5096 quislibet
835 5037 1023 5084 contra
1059 5029 1197 5085 hanc
1244 5031 1528 5101 epistolam
1572 5034 1743 5089 dona-

181 5183 395 5246 faciunt;
426 5189 485 5237 ut
512 5189 639 5251 pote
671 5182 762 5252 qui
796 5190 876 5236 tot
899 5193 955 5237 et
991 5192 1170 5238 tantas
1191 5184 1244 5239 in
1275 5184 1466 5247 Gallia,
1509 5190 1744 5245 maxime

181 5270 297 5329 vero
337 5255 391 5308 in
439 5268 576 5325 pago
620 5253 993 5323 Audcgavensi
1021 5262 1076 5309 et
1101 5254 1312 5320 vicinis,
1345 5264 1518 5313 terras
1567 5260 1745 5329 possi-

182 5325 407 5468 όιξθῖετ
448 5404 668 5468 vestrum
715 5394 1027 5468 precariam.
1085 5394 1141 5468 Id
1178 5404 1261 5451 est
1290 5396 1447 5453 titulo
1484 5399 1744 5468 precariae

180 5483 279 5537 quo
312 5466 433 5536 quis
455 5466 713 5537 prtedium
744 5467 819 5537 ad,
842 5466 1008 5537 vitam
1039 5466 1211 5521 solum
1239 5475 1295 5521 et
1342 5466 1743 5525 usufructuarie

183 5535 407 5599 tenebat,
447 5536 605 5606 pleno
626 5535 749 5604 jure.
790 5536 1011 5591 dominii
1054 5537 1246 5591 deinde
1271 5538 1338 5591 ad
1365 5540 1528 5595 alium
1569 5542 1746 5597 chol-

180 5616 344 5663 vente.

251 5682 272 5718 ιι
302 5678 621 5734 Farinariis.
685 5679 796 5733 lloc
818 5690 921 5744 est,
961 5680 1305 5735 molendinis.

250 5766 279 5791 ιι
306 5750 546 5827 Sigillum
573 5752 666 5808 teri
692 5750 1010 5824 incisumOex
1033 5760 1191 5824 autog
1202 5754 1368 5822 rapho
1391 5753 1615 5824 subjecit
1640 5756 1756 5829 Zyl-

1844 4587 2013 4634 tatem
2035 4578 2268 4644 abbatis,
2294 4578 2429 4633 iram
2457 4578 2550 4633 Dei
2578 4578 2839 4642 incurrat,
2863 4594 2928 4635 ac
2955 4577 3119 4649 regia:
3137 4576 3444 4647 maiestatis
3462 4628 3485 4639 η,

1849 4689 1973 4729 rens
2010 4673 2156 4728 omni
2197 4682 2439 4744 tempore
2478 4682 2745 4729 teneatur.
2785 4673 2853 4730 Et
2889 4682 2951 4729 ut
2991 4675 3109 4730 haec
3146 4674 3445 4744 descriptio

1849 4763 2004 4818 ﬁrma
2028 4763 2119 4827 sit,
2149 4763 2367 4819 annullo
2393 4762 2611 4834 sigillari
2639 4779 2758 4818 eam
2778 4761 3040 4833 iussimus
3062 4772 3270 4821 nostro.
3299 4765 3445 4819 Ada-t

1853 4853 2010 4910 lolﬁis
2033 4854 2343 4925 resignavit.
2373 4853 2564 4909 Datum
2586 4855 2728 4923 quod
2754 4852 2880 4910 fecit
2905 4855 3106 4911 mensis
3125 4853 3437 4911 Ianuarius.

1852 4947 1907 5002 In
1938 4947 2153 5016 publico
2180 4946 2383 5016 palatio
2414 4946 2489 5015 (id
2518 4955 2602 5001 est
2629 4946 2939 5016 Iugelliemii
2979 4962 3084 5002 non
3129 4944 3442 5021 Moguntina)

1854 5038 1907 5091 in
1937 5037 1973 5091 ἥ
1999 5052 2053 5091 m
2081 5053 2198 5091 xnn
2227 5037 2377 5107 regni
2403 5037 2572 5092 nostri
2597 5037 2829 5093 feliciter
2856 5049 2902 5092 ας
3099 5042 3107 5050 ’
3262 5072 3269 5077 -

1852 5188 2048 5264 lesius;
2091 5189 2234 5264 si_stit
2269 5191 2374 5247 hoc
2415 5189 2668 5261 Pipinum
2701 5192 2998 5248 imberbem
3039 5208 3162 5250 cum
3207 5194 3440 5264 perigra-

1852 5261 1957 5330 phe
1987 5278 2001 5313 :
2036 5260 2347 5335 Pii’iNUS
2379 5260 2733 5335 inusitatos,
2748 5277 2852 5335 non
2883 5264 3090 5335 vulgari
3117 5260 3443 5335 suspicionis

1854 5330 2145 5407 nota,_aliis
2164 5330 2327 5407 etiam
2348 5332 2631 5407 observata
2650 5349 2674 5407 ;_
2688 5330 3066 5407 Heineccio'de
3089 5330 3282 5407 sigillis
3305 5351 3360 5407 p.
3387 5335 3440 5399 l,

3227 5405 3437 5477 legere:

1859 5492 1875 5522 ι
1918 5471 2283 5544 fliirumsane,
2309 5471 2558 5541 Pipinum
2584 5489 2642 5529 se
2666 5471 3306 5544 vocareimperatoremI
3317 5490 3442 5529 cum

1854 5543 1925 5596 ad
1942 5542 2081 5615 hanc
2095 5541 2409 5615 dignitatem
2428 5558 2699 5611 nunquam
2720 5541 3005 5615 aspirarit;
3026 5547 3243 5609 mirum,
3256 5544 3440 5615 plane,

1855 5612 2100 5684 omisisse
2133 5612 2257 5668 eum
2287 5612 2501 5684 titulum
2540 5616 2673 5684 regis
2717 5612 3084 5681 Francorum,
3126 5612 3286 5683 quem
3328 5613 3440 5684 ipse

1852 5683 2078 5756 Carolus
2114 5684 2337 5756 Magnus
2379 5682 2618 5754 Augusta
2649 5685 2762 5753 jam
2805 5686 3067 5756 dignitate
3104 5682 3296 5756 auctus
3333 5682 3440 5739 non

1860 5754 2087 5823 dimisit;
2122 5754 2317 5811 nurum
2344 5771 2578 5826 quoque,
2604 5756 2707 5814 alio
2729 5773 2853 5814 eum
2867 5754 3111 5817 tituloiu
3129 5754 3438 5825 diplomate,

1852 5416 1972 5470 cap.
1992 5400 2077 5466 10,
2094 5416 2150 5455 n.
2170 5403 2221 5464 8,
2248 5402 2569 5472 prgesertim,
2592 5402 2744 5471 cujus
2767 5403 2855 5457 hic
2869 5402 3021 5472 juvat
3039 5409 3138 5460 ver
