3920 6310
539 277 681 337 I555

1245 399 1435 454 XXXI.

1547 284 1816 342 SASCULI
1857 287 1966 342 VIII
2009 285 2442 345 MO-.UMENTA
2481 285 2813 352 SELEC’I‘A.

2153 410 2199 468 Α
2226 404 2328 471 dis,
2352 421 2706 481 quiscumque
2739 412 3025 484 acquisivit
3054 429 3154 486 per
3177 417 3392 490 singula
3419 428 3738 480 stt-ument:
3759 429 3814 487 th

533 483 1016 586 Tellenis—episcopi
1049 486 1315 544 Curiensis
1343 497 1704 544 testamentum
1736 489 1921 562 (Anno
1958 490 2132 565 766.)
2221 510 2562 570 quocumque
2587 501 2805 573 ingenio
2826 483 3137 576 conquisita
3161 524 3226 564 ac
3261 483 3402 565 mihi
3431 511 3712 570 Dominus

715 577 812 642 (Ex
840 579 1046 640 διώξει..
1072 579 1290 632 Διιιιιιρς
1306 581 1414 632 ord.
1439 582 1599 632 sancti
1617 581 1922 645 Benedicti.)

597 683 660 741 In
683 687 906 742 nomine
925 697 1127 743 sancte
1147 687 1445 744 Trinitatis.
1469 686 1604 744 Cum
1626 690 1941 761 mysterium
1964 697 2119 763 opta-

527 777 653 833 mus
676 778 975 839 recordari.
989 786 1048 834 et
1063 788 1272 835 secreta
1293 780 1473 836 cordis
1493 779 1666 836 nostri
1687 795 1902 852 semper
1921 783 2118 838 debere

526 867 805 924 reminisci
832 867 1094 924 Altissimi
1119 867 1380 924 beneﬁcia
1405 870 1640 926 humano
1663 871 1847 940 generi
1871 871 2072 927 tributa
2098 890 2110 925 :

524 972 656 1012 cum.
673 956 932 1018 Dominus
949 957 1094 1014 Deus
1111 965 1296 1014 noster
1315 956 1473 1014 Jesus
1493 957 1744 1015 Christus
1759 959 2010 1031 dignatus
2029 971 2115 1016 est

521 1047 852 1104 descendere
875 1049 940 1104 de
956 1049 1077 1105 sinu
1101 1049 1278 1106 Patris
1303 1049 1370 1105 ad
1395 1066 1495 1106 nos
1521 1051 1886 1119 redimendos,
1903 1053 1997 1123 qui
2026 1069 2114 1110 me

519 1140 686 1195 etiam
725 1140 1006 1213 indignum
1033 1151 1089 1197 et
1116 1143 1369 1214 exiguum
1397 1143 1640 1199 omnium
1679 1159 1960 1200 servorum
1992 1145 2108 1212 Dei,

517 1245 630 1290 non
654 1233 792 1288 meis
823 1233 1053 1300 meritis,
1095 1233 1191 1289 sed
1231 1249 1326 1290 sua
1364 1234 1650 1289 clementia
1692 1235 1833 1289 inter
1856 1235 2113 1306 praesules

516 1323 762 1380 ecclesiis
803 1340 916 1381 suae
948 1325 1200 1398 dignatus
1237 1334 1323 1382 est
1359 1325 1623 1382 collocare
1670 1340 1688 1379 :
1736 1333 1819 1389 et,
1873 1334 1934 1380 ut
1983 1341 2108 1396 per-

513 1419 694 1488 pendo
719 1411 1090 1475 infelicitatem
1113 1433 1289 1474 meam
1318 1434 1418 1474 nec
1444 1419 1625 1474 minus
1647 1431 1777 1474 casu
1801 1415 2112 1489 fragilitatis

513 1523 672 1575 metu,
703 1509 846 1580 quod
883 1525 989 1565 non
1021 1511 1163 1566 meis
1188 1510 1399 1566 meritis
1427 1509 1565 1574 ullis,
1598 1509 1692 1564 sed
1721 1524 1818 1564 sua
1848 1510 2108 1565 immensa

510 1598 716 1669 pietate
737 1599 894 1670 cupio
918 1599 1192 1656 reminisci
1217 1617 1230 1654 :
1252 1601 1427 1656 adhuc
1449 1600 1588 1654 sicut
1607 1599 1762 1664 meis,
1787 1606 1841 1654 et
1860 1600 2110 1665 humanae

511 1684 827 1758 “agilitatis
844 1689 1161 1746 obvolutum
1183 1689 1424 1760 peccatis
1443 1689 1817 1759 proximorum
1840 1705 2106 1748 meorum.

2219 605 2374 648 suam
2400 589 2708 664 largitatem
2735 595 2868 652 dare
2901 597 3156 670 dknatus
3179 607 3266 656 est
3291 615 3307 654 :
3337 601 3450 656 hoc
3489 612 3588 656 est
3621 615 3810 660 curte-

2217 696 2394 738 meam
2417 683 2471 739 in
2495 683 2761 754 Secanio;
2792 688 2850 744 in
2871 689 3064 758 primis
3086 691 3256 746 salem
3291 699 3425 748 cum
3463 694 3685 750 solaris
3709 698 3812 751 nb-

2215 781 2303 828 ter
2329 776 2618 842 eaminata,
2657 779 2893 849 desuper
2928 781 3064 838 alias
3099 783 3412 838 caminatas
3447 785 3652 841 subter
3676 787 3812 841 ecﬂa-

2216 864 2355 920 rium
2373 905 2388 931 ,
2417 869 2680 938 coquina,
2708 877 2882 937 stuta,
2913 871 3060 927 circa
3082 881 3295 928 curtem
3326 875 3650 938 stabulum,
3683 877 3811 931 taba-

2214 954 2345 1022 lata,
2391 959 2658 1025 torbaces,
2710 960 2795 1016 vel
2840 961 2944 1015 alia
2993 961 3306 1032 hospitalia,
3347 963 3440 1018 vel
3481 963 3734 1030 cellaria,
3770 977 3812 1020 et
3918 954 3920 1032 ἓ

2214 1045 2475 1117 quidquid
2511 1049 2580 1104 ad
2617 1049 2790 1120 ipsam
2817 1059 3029 1108 curtem
3067 1052 3344 1122 pertinet,
3376 1053 3578 1108 omnia
3604 1068 3674 1108 ex
3699 1055 3813 1110 ints

2213 1153 2330 1210 gro.
2363 1139 2495 1196 Item
2533 1142 2809 1196 curtinum
2837 1157 2962 1198 cum
2997 1142 3281 1213 pomiferis
3321 1144 3471 1198 suis.
3516 1143 3662 1200 Item
3689 1154 3813 1203 om

2213 1239 2268 1286 et
2292 1231 2478 1288 vineas
2514 1233 2704 1288 subter
2736 1242 2948 1289 curtem
2980 1249 3048 1289 ex
3087 1235 3324 1305 integro.
3373 1235 3522 1290 [tem
3565 1237 3625 1290 in
3661 1247 3813 1293 castra

2214 1320 2339 1377 Sala
2363 1323 2594 1379 muricia
2615 1325 2804 1380 subter
2829 1324 3069 1390 cellaria,
3100 1325 3360 1381 torbaces
3391 1327 3454 1380 in
3481 1327 3613 1396 ipso
3638 1337 3809 1390 castra.

2211 1419 2475 1480 quantum
2501 1413 2570 1467 ad
2595 1427 2683 1469 me
2711 1413 2952 1484 legitime
2977 1415 3240 1484 pertinet,
3269 1415 3472 1470 omnia
3503 1431 3576 1470 ex
3605 1419 3810 1489 integro.

2209 1501 2345 1558 Item
2373 1503 2441 1558 ad
2464 1503 2656 1558 Vicum
2681 1512 2892 1560 curtem
2914 1520 3092 1560 meam
3119 1520 3246 1560 eum
3276 1506 3570 1570 tabulata,
3599 1524 3720 1562 cum
3741 1511 3810 1564 Isa-

2212 1609 2358 1659 reca,
2395 1609 2519 1649 cum
2549 1595 2805 1651 omnibus
2828 1611 2950 1666 qua:
2973 1597 3041 1652 ad
3079 1597 3255 1666 ipsam
3281 1607 3518 1652 curtem
3545 1600 3810 1668 perlitum,

2212 1701 2334 1741 cum
2363 1687 2590 1742 introitu
2612 1703 2712 1743 suo
2733 1703 2800 1744 ex
2823 1690 3053 1760 integro.
3075 1689 3207 1745 Item
3230 1690 3289 1746 in
3315 1693 3637 1748 tctritoriis
3655 1710 3808 1766 agna

513 1779 660 1847 quod
683 1793 783 1850 per
805 1779 1040 1848 primum
1067 1787 1349 1849 parentem
1386 1788 1637 1834 nostrum
1673 1779 1860 1836 datum
1898 1788 2012 1847 est,
2051 1788 2108 1835 et
2140 1765 2182 1829 Β
2212 1779 2280 1834 ad
2310 1777 2467 1834 Buliu
2497 1780 2760 1836 modiales
2786 1783 3066 1853 sexaginta
3097 1783 3371 1854 quinque,
3409 1765 3808 1842 conﬁnientead

511 1868 738 1926 iacerta:
764 1869 890 1925 vitae
916 1869 1078 1940 huius
1104 1870 1302 1937 exitus,
1341 1879 1396 1927 et
1423 1885 1574 1941 spem
1610 1885 1956 1941 recuperans,
1988 1871 2106 1940 ipso

509 1959 742 2018 Domino
787 1961 1084 2018 clementer
1127 1963 1480 2034 promittente
1521 1963 1916 2033 peccatoribus,
1960 1963 2105 2035 quod

509 2051 870 2124 eleemosynis
897 2052 1124 2123 possint,
1153 2053 1245 2124 qui
1275 2053 1565 2120 voluerint,
1591 2060 1815 2124 peccata
1840 2067 1936 2108 sua
1965 2054 2108 2110 redi-

508 2157 682 2200 mere.
718 2142 856 2200 Nam
881 2153 938 2200 et
963 2160 1064 2215 ego
1091 2145 1344 2216 indignus
1369 2145 1520 2202 Tello
1545 2154 1770 2201 vocatus
1795 2146 2102 2216 episcopus,

507 2251 619 2294 non
647 2250 767 2291 mea
803 2237 852 2292 ei
895 2237 1094 2302 tribuo,
1131 2237 1226 2293 scd
1263 2252 1380 2303 sua,
1413 2239 1532 2308 ipso
1562 2239 1852 2302 tribuente,
1895 2237 2060 2294 reddo
2089 2255 2102 2290 :

507 2341 637 2383 eum.
671 2327 788 2397 ipse
822 2343 920 2398 per
957 2329 1274 2398 orophetam
1301 2329 1434 2384 dicit
1465 2346 1478 2382 :
1511 2328 1731 2384 Domini
1765 2336 1850 2384 est
1879 2336 2024 2384 terra
2053 2336 2107 2386 et

502 2418 782 2490 plenitudo
811 2418 949 2489 ejus.
985 2419 1086 2484 Et,
1114 2427 1174 2477 ut
1200 2420 1403 2491 possim
1441 2420 1644 2485 dicere,
1683 2435 1806 2476 cum
1839 2420 1954 2491 ipse
1981 2436 2107 2491 pro-

503 2510 786 2582 pheta-ait
827 2525 841 2565 :
883 2511 1145 2566 Dominus
1180 2525 1310 2582 pars
1337 2512 1656 2569 hereditatis
1693 2527 1849 2568 mem.
1879 2511 1946 2566 Et
1977 2513 2105 2568 dum

502 2609 618 2659 tres
659 2601 909 2658 ecclesiae
949 2603 1108 2658 istius
1150 2609 1353 2659 sancta:
1399 2602 1582 2658 Marire
1626 2617 1839 2673 semper
1879 2602 2106 2671 virginis

503 2694 696 2750 matris
726 2695 940 2750 Domini
970 2695 1143 2750 nostri
1179 2695 1309 2752 Jesu
1343 2694 1577 2762 Christi,
1619 2710 1715 2752 seu
1755 2695 1928 2752 sancti
1965 2694 2106 2748 Mar-

503 2784 636 2850 tini,
674 2799 770 2840 seu
798 2785 972 2840 sancti
1009 2783 1156 2840 Petri
1177 2825 1193 2849 ,
1230 2800 1367 2854 quas
1392 2785 1448 2866 in
1479 2787 1584 2842 hoc
1613 2785 1732 2842 loco
1762 2793 2103 2842 constructas

502 2887 625 2932 esse
657 2874 878 2940 scimus,
912 2889 1005 2930 seu
1040 2883 1346 2930 ceterorum
1374 2885 1716 2941 sanctorum,
1745 2891 1976 2946 quorum
2001 2891 2102 2931 no-

502 2955 652 3024 mina
683 2967 740 3021 in
779 2967 884 3022 hoc
920 2967 1040 3022 loco
1079 2974 1391 3022 constructa
1428 2975 1555 3028 sunt
1587 2985 1600 3020 :
1637 2983 1868 3038 quorum
1909 2986 2099 3028 norma

500 3057 855 3134 plurimorum
884 3073 1164 3115 servorum
1201 3059 1298 3116 Dei
1335 3059 1388 3114 in
1417 3059 1534 3115 loco
1562 3060 1656 3129 qui
1683 3059 1882 3116 dicitur
1906 3063 2100 3119 Deser-

2217 1869 2389 1940 ipsam
2412 1879 2622 1927 curtem
2638 1913 2654 1937 ,
2683 1872 2789 1927 alia
2813 1881 2971 1944 parte
2997 1874 3066 1928 ad
3095 1883 3356 1930 sanctum
3389 1875 3808 1932 Columbam:

2209 1976 2400 2032 agrum
2429 1969 2585 2018 trans
2620 1963 2812 2019 Vicum
2845 1964 3106 2022 modiales
3133 1966 3328 2022 decem
3349 2007 3371 2033 ,
3403 1968 3806 2024 conﬁniatead

2208 2053 2545 2112 Gallonicum
2565 2098 2580 2123 ,
2611 2057 2716 2113 alia
2745 2067 2900 2128 parte
2937 2061 3006 2116 ad
3041 2061 3265 2116 Amanti
3297 2081 3312 2116 :
3343 2077 3561 2132 agrum
3591 2065 3648 2120 i
3675 2064 3806 2119 ειη

2208 2144 2474 2202 modiales
2519 2148 2856 2214 octodecim,
2901 2150 3230 2206 continicnte
3278 2151 3354 2208 ad
3407 2153 3689 2217 Victoris,
3727 2155 3806 2208 in

2207 2243 2362 2303 parte
2395 2235 2451 2290 in
2485 2237 2572 2292 via
2615 2255 2628 2290 :
2674 2252 2866 2307 agrum
2907 2239 2961 2296 in
3007 2238 3169 2294 Sarrs
3207 2241 3500 2299 modiales
3543 2245 3803 2315 octoginta,

2209 2326 2534 2382 conliniente
2561 2329 2627 2382 ad
2665 2329 2837 2384 sancti
2876 2329 3192 2386 Columbani
3211 2371 3230 2396 ,
3268 2331 3388 2386 alia
3419 2345 3592 2404 parte
3623 2337 3674 2390 in
3697 2337 3801 2388 ria:

2209 2435 2402 2490 agrum
2425 2419 2692 2476 Astiredae
2721 2421 2980 2478 modiales
3015 2422 3433 2494 quinquaginta
3453 2465 3471 2488 ,
3511 2427 3797 2481 conﬁnium

2208 2512 2274 2566 ad
2301 2509 2659 2578 Calausionis,
2686 2511 2791 2566 alia
2813 2521 2968 2582 parte
2992 2513 3060 2568 ad
3091 2513 3252 2582 Vigili
3287 2532 3302 2568 :
3334 2530 3557 2586 agrum
3589 2517 3644 2572 in
3669 2517 3800 2571 lienis

2207 2601 2468 2658 modiales
2490 2601 2732 2672 triginta,
2762 2602 3088 2660 continicnte
3111 2604 3182 2658 ad
3201 2603 3528 2672 Lobeceni,
3556 2607 3662 2661 alia
3683 2615 3800 2678 pne

2206 2691 2273 2746 ad
2305 2690 2519 2746 Viventi
2554 2709 2566 2744 :
2597 2705 2789 2761 agrum
2829 2691 2902 2746 in'
2923 2691 3095 2746 Renio
3135 2693 3422 2750 modiales
3451 2695 3797 2767 quadm'nta.

2205 2780 2530 2837 conﬁnientc
2555 2782 2623 2838 ad
2643 2780 2860 2848 laetati,
2881 2783 2986 2838 alia
3009 2793 3164 2854 parte
3188 2785 3261 2840 ad
3295 2784 3582 2842 Urseceni
3607 2807 3624 2842 ;
3646 2804 3794 2859 agt-In

2206 2873 2259 2929 in
2302 2875 2418 2944 ipso
2453 2873 2594 2940 loco,
2625 2875 2953 2933 conliniente
2981 2873 3050 2930 ad
3083 2873 3278 2940 Pauli,
3311 2877 3605 2934 modiales
3637 2881 3795 2934 duode-

2205 2966 2310 3020 cim
2339 2984 2353 3020 :
2385 2983 2578 3038 agrum
2609 2975 2734 3023 ante
2761 2958 2892 3023 Sala'
2912 2967 3172 3023 modiales
3204 2969 3316 3024 duo
3353 2987 3369 3023 :
3413 2986 3622 3043 agru
3649 2973 3798 3028 subter

2205 3055 2330 3111 Sola
2359 3057 2622 3114 modiales
2649 3073 2764 3125 sex,
2790 3058 3117 3115 conliniente
3143 3059 3199 3114 in
3229 3059 3321 3114 via
3353 3074 3372 3113 :
3407 3076 3620 3132 agrum
3643 3063 3794 3120 Abs

517 3121 636 3217 ina,
663 3151 1051 3206 monasterium
1093 3151 1422 3222 regularium
1447 3121 1818 3206 constructum
1847 3167 1969 3210 esse
1993 3155 2100 3211 sci-
2125 3121 2171 3183 ο
2205 3163 2339 3202 noce
2370 3147 2631 3204 modiales
2658 3148 2877 3220 triginta
2897 3189 2914 3214 ,
2938 3149 3269 3204 continicnte
3296 3151 3367 3206 ad
3395 3153 3592 3208 sancti
3615 3153 3796 3208 Com-

497 3255 642 3308 mus,
673 3253 780 3310 qua
816 3256 916 3312 ego
955 3241 1224 3313 indignus,
1259 3257 1324 3298 ac
1359 3243 1405 3299 si
1432 3251 1688 3312 peccator
1716 3243 1866 3300 Tello
1890 3247 2101 3316 episco—

495 3346 600 3401 pus
621 3331 899 3402 possidere
927 3333 1134 3400 videor,
1161 3342 1218 3390 et
1243 3335 1500 3406 impensis
1527 3335 1666 3390 meis
1692 3335 1978 3406 plusquam
2007 3339 2100 3394 de.

496 3423 618 3487 beo,
649 3429 793 3488 utor,
820 3437 916 3478 seu
943 3438 1042 3494 pro
1067 3425 1308 3494 peccatis
1334 3425 1476 3482 meis
1497 3424 1684 3480 multis
1707 3425 1994 3484 abluendis
2015 3429 2100 3484 vel

493 3520 783 3590 parentum
813 3529 1078 3580 meorum,
1107 3516 1250 3571 dono
1275 3527 1332 3572 et
1355 3515 1423 3571 ad
1453 3515 1626 3587 ipsam
1656 3517 1944 3574 ecclesiam
1973 3535 2097 3575 san-

493 3614 598 3662 ctae
625 3605 810 3662 Mariae
835 3622 932 3663 seu
957 3609 1134 3663 sancti
1163 3607 1401 3674 Martini,
1427 3623 1522 3664 seu
1547 3610 1720 3666 sancti
1745 3610 1896 3666 Petri
1923 3619 2098 3667 trans-

493 3694 682 3763 fundo,
711 3696 816 3753 hoc
841 3706 956 3764 est,
987 3697 1074 3752 avi
1105 3698 1212 3753 mei
1248 3696 1445 3754 laetati
1472 3707 1529 3754 et
1553 3700 1688 3756 avia:
1713 3716 1851 3757 meae
1881 3701 2091 3767 Salviae,

493 3797 550 3843 et
601 3787 867 3858 genitoris
917 3791 1024 3844 mei
1070 3790 1308 3848 Victoris
1349 3792 1434 3848 vel
1481 3791 1705 3848 illustris
1751 3794 2000 3863 praesidis
2041 3803 2098 3849 et

493 3879 777 3948 genitricis
813 3895 948 3936 meae
987 3881 1300 3946 Teusindze,
1349 3899 1444 3939 seu
1484 3885 1735 3940 avunculi
1777 3887 1884 3941 mei
1916 3887 2094 3957 Vigilii

493 3968 732 4041 episcopi
759 3977 815 4026 et
837 3986 1220 4042 germanorum
1243 3987 1488 4028 meorum
1517 3973 1798 4040 Zacconis,
1820 3974 2018 4032 Jactati
2040 3986 2096 4032 et

493 4062 708 4136 Yigilii,
755 4073 812 4120 et
855 4065 1067 4136 nepotis
1112 4066 1218 4121 mei
1266 4067 1503 4122 Victoris
1546 4074 1602 4122 et
1644 4082 1916 4138 germana:
1959 4083 2094 4126 meae

494 4154 712 4224 Salviae,
739 4172 832 4212 seu
863 4158 1042 4228 neptis
1067 4173 1200 4214 meae
1222 4158 1506 4215 Teusindaa
1533 4167 1589 4214 et
1614 4159 1800 4216 Oddae.
1825 4159 1894 4214 Et
1915 4159 2094 4216 adhuc

489 4247 704 4308 dicente
730 4248 1019 4320 scriptura,
1045 4250 1188 4318 quod
1213 4249 1305 4319 qui
1329 4263 1418 4305 res
1440 4249 1684 4306 ecclesia:
1712 4249 1976 4322 possedit,
1995 4265 2092 4306 seu

488 4337 693 4408 aliquid
717 4338 1064 4412 proprietatis
1093 4340 1373 4405 habuerit,
1408 4350 1678 4397 testantur
1701 4356 1940 4398 canones
1965 4355 2090 4398 cum

490 4429 653 4484 rebus
691 4427 934 4484 ecclesiae
977 4429 1140 4485 debet
1176 4431 1370 4486 sociari
1414 4449 1427 4485 :
1471 4440 1758 4502 prepterea
1796 4446 1898 4503 ego
1937 4431 2088 4488 Tello

485 4529 740 4596 peccator
772 4521 1058 4579 ordinatus
1088 4522 1390 4593 episcopus,
1431 4525 1520 4579 hic
1554 4525 1801 4594 superius
1838 4525 2082 4581 testimo-

486 4611 593 4667 niis
629 4611 988 4673 contirmatis.
1021 4612 1156 4668 cedo
1191 4621 1316 4686 post
1347 4615 1553 4669 obitum
1581 4628 1762 4668 meum
1785 4614 1870 4670 vel
1897 4614 2082 4670 deces-

487 4717 607 4762 sum
635 4703 704 4758 ad
728 4703 1090 4774 supradictam
1131 4715 1531 4761 sacrosanctam
1567 4705 1852 4761 ecclesiam
1879 4715 2081 4763 sanctis

486 4790 671 4850 Mariae
705 4800 761 4849 et
802 4794 975 4850 sancti
1012 4793 1252 4862 Martini,
1294 4809 1390 4851 seu
1431 4795 1605 4852 sancti
1647 4795 1793 4852 Petri
1835 4811 2074 4862 censum,

484 4901 648 4963 quem
681 4885 737 4942 in
777 4896 1096 4960 perpetuum
1144 4901 1265 4943 esse
1295 4887 1566 4944 constituo
1605 4895 1768 4958 atque
1804 4887 2079 4953 discerno,

485 4985 542 5034 et
567 4978 635 5035 de
652 4977 778 5048 jure
804 4993 927 5035 meo
953 4979 1006 5034 in
1029 4979 1140 5054 jus,
1170 4987 1226 5035 et
1255 4978 1612 5034 dominationi
1640 4977 1758 5048 ejus
1792 4979 1966 5044 trado,
1999 4987 2080 5035 at-

487 5083 591 5142 que
626 5083 800 5142 usque
833 5069 888 5125 in
923 5078 1242 5141 perpetuum
1279 5069 1597 5126 translundo
1637 5088 1649 5124 :
1681 5070 1786 5125 hoc
1819 5078 1904 5126 est
1935 5077 2080 5124 terra

485 5158 572 5217 vel
606 5159 884 5218 hereditas
905 5163 1080 5234 patris
1107 5163 1214 5218 mei
1239 5163 1475 5222 Victoris
1509 5163 1596 5218 vel
1633 5161 1858 5219 illustris
1883 5163 2078 5224 Praesi—

435 5403 448 5408 -
487 5356 596 5436 alio
615 5356 671 5413 in
691 5357 866 5428 sigillo
891 5362 1034 5436 n_ti..._.
1064 5361 1486 5436 Scio_equidem,
1511 5377 2076 5436 regesnonnunquam

487 5429 1126 5506 imperatorumutitulurn
1143 5429 1442 5497 affectasse,
1469 5435 1522 5491 id
1545 5429 1688 5504 q'uod
1712 5434 1779 5489 de
1805 5429 2072 5506 Bulgaris,

485 5497 1004 5575 angloﬁaxonibus
1033 5503 1262 5574 aliisque
1290 5513 1480 5561 notum
1507 5497 1594 5559 es't
1619 5513 1674 5560 et
1699 5497 2070 5575 provocatum.

489 5570 616 5646 Scio
661 5571 884 5646 Francis
923 5570 1398 5646 quoque—regibus
1435 5570 1820 5645 nonnunquam
1857 5575 2075 5646 idipla-

487 5642 685 5698 cuisse.
715 5642 1056 5698 Clodovzeum
1082 5645 1226 5700 enim
1247 5642 1646 5715 imperatorem
1675 5642 1834 5700 vocat
1859 5642 2074 5700 Balihe—

491 5728 582 5772 rus
619 5715 674 5777 in
705 5715 825 5776 Vita
847 5715 1021 5772 sancti
1059 5715 1317 5774 Fridolini
1345 5718 1490 5784 abb.,
1530 5733 1584 5772 n.
1613 5717 1702 5777 3.0.
1743 5715 1853 5773 Nec
1883 5717 2071 5790 ignoro

2201 3239 2350 3305 bani,
2378 3253 2508 3296 cum
2533 3254 2678 3304 casa,
2711 3256 2836 3296 cum
2865 3241 3075 3296 duobus
3109 3241 3399 3308 tabulatis,
3433 3260 3570 3300 cum
3596 3255 3795 3300 curteet

2201 3328 2424 3385 introitu
2471 3344 2589 3395 suo,
2637 3338 2694 3385 et
2740 3345 2862 3385 cum
2905 3329 3189 3386 canicunis
3231 3332 3369 3398 suis,
3433 3334 3794 3390 conlinit-uta

2200 3417 2374 3487 ipsum
2409 3434 2600 3489 agrum
2637 3419 2705 3474 ad
2740 3421 2884 3476 viam
2913 3435 2928 3474 :
2966 3421 3130 3476 alium
3163 3437 3383 3492 agrum,
3427 3426 3694 3481 modiales
3719 3427 3789 3480 dc-

2199 3525 2338 3576 ccm,
2363 3509 2746 3567 confinientem
2771 3511 2838 3566 ad
2863 3510 3135 3566 Solemnis
3157 3513 3228 3567 ad
3255 3514 3445 3569 sancti
3473 3515 3788 3572 Martini.“

2199 3617 2469 3658 summum
2493 3601 2776 3658 Levenoce
2809 3602 3048 3658 Roncale
3075 3619 3200 3659 cum
3224 3603 3472 3670 aedilicio
3507 3623 3613 3662 suo
3642 3624 3702 3662 ex
3721 3606 3788 3662 ἣ-

2199 3703 2350 3765 tegro
2391 3711 2407 3748 :
2451 3693 2582 3749 item
2626 3695 2858 3764 pradum
2895 3695 3170 3750 curtininn
3210 3697 3412 3752 subter
3464 3699 3708 3768 Secanio,
3739 3709 3788 3756 et

2195 3800 2362 3842 onera
2409 3785 2690 3856 sexaginta
2737 3800 2862 3840 cum
2902 3784 3130 3840 aedilicio
3175 3801 3310 3852 suo,
3361 3787 3697 3848 eonﬁniente
3728 3790 3784 3843 ad

2195 3875 2744 3941 sanctiColumbani,
2781 3875 2886 3930 alia
2915 3883 3066 3945 parte
3094 3875 3146 3930 in
3173 3876 3260 3930 via
3293 3891 3308 3930 :
3344 3877 3509 3935 aliud
3543 3882 3780 3935 amica

2194 3968 2382 4026 subter
2409 3967 2541 4022 Vico
2569 3982 2736 4021 onera
2765 3967 2951 4022 decem
2968 4007 2982 4032 ,
3011 3966 3342 4022 conliniente
3379 3970 3458 4026 ad
3501 3974 3673 4028 sancti
3700 3971 3773 4026 Ce-

2193 4055 2432 4113 lumbani
2455 4055 2521 4111 de
2545 4055 2808 4112 ambabus
2829 4055 3074 4126 partibus
3097 4074 3110 4108 :
3137 4055 3287 4111 aliud
3308 4059 3622 4123 curtinum,
3641 4073 3772 4114 onera

2191 4158 2336 4216 octo,
2357 4147 2683 4204 conﬁniente
2705 4147 2775 4203 ad
2797 4155 3026 4202 curtem.
3049 4146 3287 4204 Pradum
3315 4149 3374 4204 in
3394 4149 3626 4206 Heresis
3641 4167 3773 4208 eum

2189 4241 2488 4314 sexaginta,
2519 4239 2844 4296 conliniente
2869 4240 2937 4296 ad
2965 4249 3167 4296 sancta!
3193 4240 3402 4307 Mariae,
3431 4244 3549 4300 alia
3569 4255 3715 4316 parte
3733 4245 3780 4298 in

2189 4332 2297 4387 via.
2338 4329 2573 4385 Pradum
2609 4329 2666 4386 in
2705 4328 3004 4396 Levenocc,
3037 4344 3203 4386 onera
3242 4331 3594 4398 quindeci,
3633 4333 3776 4389 eui—

2189 4425 2344 4480 nicns
2369 4424 2437 4479 ad
2465 4421 2637 4478 sancti
2668 4421 2984 4477 Columbani
3003 4462 3020 4485 ,
3050 4421 3153 4475 alia
3184 4432 3346 4491 parte
3376 4424 3438 4480 in
3470 4426 3778 4488 Vedalionis,

2189 4525 2451 4590 quantum
2477 4531 2564 4574 me
2593 4517 2644 4570 in
2673 4515 2790 4586 ipso
2815 4513 3096 4570 Levenoce
3122 4515 3326 4571 habere
3357 4517 3608 4584 videtur,
3637 4535 3699 4573 ex
3721 4520 3780 4572 ia-

2189 4621 2362 4683 tegro.
2389 4609 2526 4666 Item
2557 4608 2612 4662 in
2645 4607 2766 4678 alpe
2793 4607 2954 4678 Agise
2987 4622 3157 4662 onera
3187 4615 3434 4662 centum.
3475 4609 3714 4665 Pradum
3735 4610 3778 4691 ia

2187 4703 2459 4760 Castrices
2507 4703 2563 4756 in
2607 4700 2862 4766 Roncale,
2911 4714 3080 4756 onera
3125 4699 3337 4770 viginti,
3379 4702 3693 4758 conﬁniens
3726 4704 3780 4756 ad

2187 4791 2398 4862 Agusti,
2435 4792 2538 4845 alia
2579 4797 2732 4860 parte
2771 4789 2823 4844 in
2852 4789 2962 4844 via.
3002 4787 3238 4844 Pradum
3277 4804 3450 4860 supra
3487 4806 3629 4847 saxa
3657 4792 3779 4848 Ren-

2181 4885 2298 4939 calc
2321 4898 2488 4938 onera
2516 4883 2755 4952 triginta,
2783 4879 3082 4936 conliniens
3106 4879 3160 4932 in
3188 4880 3366 4934 sancti
3399 4879 3665 4948 Martini,
3693 4883 3776 4936 alia

2179 4985 2333 5046 parte
2384 4974 2439 5030 in
2490 4973 2894 5030 Vedcranionis.
2941 4971 3008 5026 Et
3060 4985 3223 5040 super
3271 4969 3517 5028 Falaria:
3569 4975 3776 5044 gradum

2181 5083 2346 5122 onera
2381 5081 2496 5132 sex,
2527 5065 2827 5121 conliniens
2861 5065 2914 5118 in
2949 5065 3122 5120 sancti
3162 5063 3453 5134 Stephani,
3495 5067 3609 5122 alia
3642 5077 3778 5137 pne

2182 5161 2250 5216 ad
2293 5159 2547 5216 Lobonis.
2593 5157 2724 5221 Item
2769 5157 2824 5212 in
2869 5156 3108 5214 Flemme
3148 5157 3393 5215 Roncale
3435 5173 3513 5215 ex
3561 5162 3770 5232 integro.

2180 5360 2421 5430 denique
2439 5358 2724 5431 Pippinum
2748 5359 2934 5431 etiam
2956 5358 3124 5431 hunc
3169 5358 3345 5431 ipsum
3393 5359 3774 5431 imperatore.

2179 5428 2404 5486 salutari
2433 5446 2464 5484 a
2493 5428 2839 5501 Sugeriolib.
2870 5445 2906 5482 II
2937 5429 3006 5501 de
3031 5428 3322 5501 Administ.
3353 5428 3490 5485 sua;
3525 5431 3636 5486 Sed
3665 5444 3771 5501 rara

2178 5503 2296 5557 haec
2321 5499 2830 5572 exempla'nondum
2857 5499 3152 5572 coniiciunt
3191 5499 3450 5572 Pipinum
3499 5502 3682 5572 ipsum
3709 5500 3771 5556 ti-

2178 5573 2351 5628 tulum
2385 5569 2548 5625 istum
2575 5569 2780 5640 nomini
2804 5569 3153 5640 ascripsisse.
3195 5591 3212 5623 »
3256 5569 3542 5628 Praetereo
3571 5573 3770 5629 aliain

2176 5644 2277 5698 hac
2307 5643 2498 5712 charta
2521 5639 2844 5712 suspicionis
2878 5639 3054 5704 notas,
3083 5641 3386 5712 interquas
3410 5658 3524 5698 non
3559 5646 3768 5700 minim

2174 5724 2257 5770 cst
2287 5715 2403 5786 ipse
2427 5709 2734 5785 diplomatis
2762 5710 3066 5786 ingressus,
3087 5709 3396 5786 Carolingis
3430 5713 3706 5773 insolitus.

3917 2301 3920 2508 ἵ

3918 2647 3920 2794 ;

3917 3239 3920 3386 ι
