  <div class='ocr_page' id='page_1' title='image "/cluster/home/n/w/nwhite01/storage/ocr_20150623/96/hvd.32044015471204/784.png"; bbox 0 0 3920 6310; ppageno 0'>
   <div class='ocr_carea' id='block_1_1' title="bbox 55 469 80 496">
    <p class='ocr_par' dir='ltr' id='par_1_1' title="bbox 55 469 80 496">
     <span class='ocr_line' id='line_1_1' title="bbox 55 469 80 496; baseline 0 0"><span class='ocrx_word' id='word_1_1' title='bbox 55 469 80 496; x_wconf 69' lang='grc' dir='ltr'>δ</span> 
     </span>
    </p>
   </div>
   <div class='ocr_carea' id='block_1_2' title="bbox 151 301 296 362">
    <p class='ocr_par' dir='ltr' id='par_1_2' title="bbox 151 301 296 362">
     <span class='ocr_line' id='line_1_2' title="bbox 151 301 296 362; baseline -0.007 -2"><span class='ocrx_word' id='word_1_2' title='bbox 151 301 296 362; x_wconf 65' lang='grc'><strong>1557</strong></span> 
     </span>
    </p>
   </div>
   <div class='ocr_carea' id='block_1_3' title="bbox 897 291 2640 380">
    <p class='ocr_par' dir='ltr' id='par_1_3' title="bbox 897 291 2640 380">
     <span class='ocr_line' id='line_1_3' title="bbox 897 291 2640 380; baseline -0.003 -26"><span class='ocrx_word' id='word_1_3' title='bbox 897 295 1140 355; x_wconf 74' lang='lat' dir='ltr'><strong>PIPPINI</strong></span> <span class='ocrx_word' id='word_1_4' title='bbox 1163 341 1194 380; x_wconf 88' lang='lat'><strong>,_</strong></span> <span class='ocrx_word' id='word_1_5' title='bbox 1219 291 1716 354; x_wconf 64' lang='lat' dir='ltr'><strong>CAROLOBIAN&#39;NI</strong></span> <span class='ocrx_word' id='word_1_6' title='bbox 1755 291 1843 346; x_wconf 81' lang='lat' dir='ltr'><strong>ET</strong></span> <span class='ocrx_word' id='word_1_7' title='bbox 1885 291 2193 354; x_wconf 77' lang='lat' dir='ltr'><strong>ALIORUM</strong></span> <span class='ocrx_word' id='word_1_8' title='bbox 2231 295 2640 353; x_wconf 71' lang='lat' dir='ltr'><strong>DIPLOIIATA.</strong></span> 
     </span>
    </p>
   </div>
   <div class='ocr_carea' id='block_1_4' title="bbox 3281 291 3420 358">
    <p class='ocr_par' dir='ltr' id='par_1_4' title="bbox 3281 291 3420 358">
     <span class='ocr_line' id='line_1_4' title="bbox 3281 291 3420 358; baseline 0 -10"><span class='ocrx_word' id='word_1_9' title='bbox 3281 291 3420 358; x_wconf 80' lang='lat' dir='ltr'><strong>I558</strong></span> 
     </span>
    </p>
   </div>
   <div class='ocr_carea' id='block_1_5' title="bbox 147 401 3420 484">
    <p class='ocr_par' dir='ltr' id='par_1_5' title="bbox 147 401 3420 484">
     <span class='ocr_line' id='line_1_5' title="bbox 147 401 3420 484; baseline -0.005 -7"><span class='ocrx_word' id='word_1_10' title='bbox 147 421 284 477; x_wconf 69' lang='lat' dir='ltr'><strong>Item</strong></span> <span class='ocrx_word' id='word_1_11' title='bbox 310 418 376 475; x_wconf 89' lang='lat' dir='ltr'><strong>de</strong></span> <span class='ocrx_word' id='word_1_12' title='bbox 402 414 608 473; x_wconf 87' lang='lat' dir='ltr'><strong>colonis</strong></span> <span class='ocrx_word' id='word_1_13' title='bbox 630 413 695 470; x_wconf 88' lang='lat' dir='ltr'><strong>de</strong></span> <span class='ocrx_word' id='word_1_14' title='bbox 721 413 834 484; x_wconf 82' lang='lat' dir='ltr'><strong>ipsa</strong></span> <span class='ocrx_word' id='word_1_15' title='bbox 857 421 1012 468; x_wconf 89' lang='lat' dir='ltr'><strong>curte</strong></span> <span class='ocrx_word' id='word_1_16' title='bbox 1037 411 1266 467; x_wconf 88' lang='lat' dir='ltr'><strong>Secanio</strong></span> <span class='ocrx_word' id='word_1_17' title='bbox 1292 425 1306 464; x_wconf 90' lang='lat'><strong>:</strong></span> <span class='ocrx_word' id='word_1_18' title='bbox 1334 407 1562 472; x_wconf 82' lang='lat' dir='ltr'><strong>Ariscio,</strong></span> <span class='ocrx_word' id='word_1_19' title='bbox 1589 403 1703 461; x_wconf 81' lang='lat' dir='ltr'><strong>Gau</strong></span> <span class='ocrx_word' id='word_1_20' title='bbox 1719 432 1735 440; x_wconf 91' lang='lat'><strong>-</strong></span> <span class='ocrx_word' id='word_1_21' title='bbox 1767 405 1816 464; x_wconf 78' lang='grc' dir='ltr'><strong>Δ</strong></span> <span class='ocrx_word' id='word_1_22' title='bbox 1841 401 2000 461; x_wconf 88' lang='lat' dir='ltr'><strong>launo</strong></span> <span class='ocrx_word' id='word_1_23' title='bbox 2022 416 2229 464; x_wconf 91' lang='lat' dir='ltr'><strong>curtem</strong></span> <span class='ocrx_word' id='word_1_24' title='bbox 2257 424 2457 476; x_wconf 84' lang='lat' dir='ltr'><strong>meam,</strong></span> <span class='ocrx_word' id='word_1_25' title='bbox 2476 425 2599 464; x_wconf 90' lang='lat' dir='ltr'><strong>cum</strong></span> <span class='ocrx_word' id='word_1_26' title='bbox 2625 407 2880 471; x_wconf 87' lang='lat' dir='ltr'><strong>tabulata,</strong></span> <span class='ocrx_word' id='word_1_27' title='bbox 2905 421 3027 460; x_wconf 88' lang='lat' dir='ltr'><strong>cum</strong></span> <span class='ocrx_word' id='word_1_28' title='bbox 3053 406 3268 470; x_wconf 86' lang='lat' dir='ltr'><strong>bareca,</strong></span> <span class='ocrx_word' id='word_1_29' title='bbox 3298 423 3420 462; x_wconf 89' lang='lat' dir='ltr'><strong>cum</strong></span> 
     </span>
    </p>
   </div>
   <div class='ocr_carea' id='block_1_6' title="bbox 149 495 1740 572">
    <p class='ocr_par' dir='ltr' id='par_1_6' title="bbox 149 495 1740 572">
     <span class='ocr_line' id='line_1_6' title="bbox 149 495 1740 572; baseline -0.011 -6"><span class='ocrx_word' id='word_1_30' title='bbox 149 509 388 572; x_wconf 87' lang='lat' dir='ltr'><strong>dentius,</strong></span> <span class='ocrx_word' id='word_1_31' title='bbox 419 504 738 572; x_wconf 80' lang='lat' dir='ltr'><strong>Exoberius,</strong></span> <span class='ocrx_word' id='word_1_32' title='bbox 759 501 1018 569; x_wconf 85' lang='lat' dir='ltr'><strong>Calanho,</strong></span> <span class='ocrx_word' id='word_1_33' title='bbox 1048 502 1314 564; x_wconf 81' lang='lat' dir='ltr'><strong>Valerius,</strong></span> <span class='ocrx_word' id='word_1_34' title='bbox 1343 496 1590 563; x_wconf 82' lang='lat' dir='ltr'><strong>Auulfus,</strong></span> <span class='ocrx_word' id='word_1_35' title='bbox 1613 495 1740 552; x_wconf 86' lang='lat' dir='ltr'><strong>Cre-</strong></span> 
     </span>
    </p>
   </div>
   <div class='ocr_carea' id='block_1_7' title="bbox 149 587 1738 672">
    <p class='ocr_par' dir='ltr' id='par_1_7' title="bbox 149 587 1738 672">
     <span class='ocr_line' id='line_1_7' title="bbox 149 587 1738 672; baseline -0.009 -15"><span class='ocrx_word' id='word_1_36' title='bbox 149 600 292 672; x_wconf 87' lang='lat' dir='ltr'><strong>spio,</strong></span> <span class='ocrx_word' id='word_1_37' title='bbox 315 596 558 654; x_wconf 77' lang='lat' dir='ltr'><strong>Iactatus</strong></span> <span class='ocrx_word' id='word_1_38' title='bbox 583 613 596 649; x_wconf 90' lang='lat'><strong>:</strong></span> <span class='ocrx_word' id='word_1_39' title='bbox 629 594 717 651; x_wconf 98' lang='lat' dir='ltr'><strong>isti</strong></span> <span class='ocrx_word' id='word_1_40' title='bbox 739 609 930 649; x_wconf 89' lang='lat' dir='ltr'><strong>omnes</strong></span> <span class='ocrx_word' id='word_1_41' title='bbox 954 609 1079 649; x_wconf 92' lang='lat' dir='ltr'><strong>cum</strong></span> <span class='ocrx_word' id='word_1_42' title='bbox 1101 591 1360 648; x_wconf 78' lang='lat' dir='ltr'><strong>uxoribus</strong></span> <span class='ocrx_word' id='word_1_43' title='bbox 1380 599 1434 646; x_wconf 92' lang='lat' dir='ltr'><strong>et</strong></span> <span class='ocrx_word' id='word_1_44' title='bbox 1457 589 1580 644; x_wconf 88' lang='lat' dir='ltr'><strong>ﬁliis</strong></span> <span class='ocrx_word' id='word_1_45' title='bbox 1607 587 1738 654; x_wconf 82' lang='lat' dir='ltr'><strong>suis,</strong></span> 
     </span>
    </p>
   </div>
   <div class='ocr_carea' id='block_1_8' title="bbox 150 677 1740 761">
    <p class='ocr_par' dir='ltr' id='par_1_8' title="bbox 150 677 1740 761">
     <span class='ocr_line' id='line_1_8' title="bbox 150 677 1740 761; baseline -0.009 -16"><span class='ocrx_word' id='word_1_46' title='bbox 150 689 292 761; x_wconf 90' lang='lat' dir='ltr'><strong>agri,</strong></span> <span class='ocrx_word' id='word_1_47' title='bbox 329 693 508 758; x_wconf 89' lang='lat' dir='ltr'><strong>prata,</strong></span> <span class='ocrx_word' id='word_1_48' title='bbox 541 692 596 739; x_wconf 89' lang='lat' dir='ltr'><strong>et</strong></span> <span class='ocrx_word' id='word_1_49' title='bbox 627 682 888 754; x_wconf 83' lang='lat' dir='ltr'><strong>quidquid</strong></span> <span class='ocrx_word' id='word_1_50' title='bbox 925 682 993 737; x_wconf 91' lang='lat' dir='ltr'><strong>ad</strong></span> <span class='ocrx_word' id='word_1_51' title='bbox 1030 682 1178 752; x_wconf 90' lang='lat' dir='ltr'><strong>ipsas</strong></span> <span class='ocrx_word' id='word_1_52' title='bbox 1215 679 1454 736; x_wconf 90' lang='lat' dir='ltr'><strong>colonias</strong></span> <span class='ocrx_word' id='word_1_53' title='bbox 1487 677 1740 749; x_wconf 90' lang='lat' dir='ltr'><strong>pertinet,</strong></span> 
     </span>
    </p>
   </div>
   <div class='ocr_carea' id='block_1_9' title="bbox 151 766 1743 843">
    <p class='ocr_par' dir='ltr' id='par_1_9' title="bbox 151 766 1743 843">
     <span class='ocr_line' id='line_1_9' title="bbox 151 766 1743 843; baseline -0.008 -9"><span class='ocrx_word' id='word_1_54' title='bbox 151 793 278 835; x_wconf 91' lang='lat' dir='ltr'><strong>cum</strong></span> <span class='ocrx_word' id='word_1_55' title='bbox 301 776 450 834; x_wconf 91' lang='lat' dir='ltr'><strong>omni</strong></span> <span class='ocrx_word' id='word_1_56' title='bbox 473 776 672 831; x_wconf 89' lang='lat' dir='ltr'><strong>sondro</strong></span> <span class='ocrx_word' id='word_1_57' title='bbox 699 789 797 829; x_wconf 88' lang='lat' dir='ltr'><strong>suo</strong></span> <span class='ocrx_word' id='word_1_58' title='bbox 824 788 891 826; x_wconf 89' lang='lat' dir='ltr'><strong>ex</strong></span> <span class='ocrx_word' id='word_1_59' title='bbox 919 773 1151 843; x_wconf 82' lang='lat' dir='ltr'><strong>integro.</strong></span> <span class='ocrx_word' id='word_1_60' title='bbox 1179 769 1310 826; x_wconf 87' lang='lat' dir='ltr'><strong>Item</strong></span> <span class='ocrx_word' id='word_1_61' title='bbox 1338 770 1404 826; x_wconf 89' lang='lat' dir='ltr'><strong>de</strong></span> <span class='ocrx_word' id='word_1_62' title='bbox 1438 766 1743 839; x_wconf 88' lang='lat' dir='ltr'><strong>Spebaticis</strong></span> 
     </span>
    </p>
   </div>
   <div class='ocr_carea' id='block_1_10' title="bbox 153 857 1740 934">
    <p class='ocr_par' dir='ltr' id='par_1_10' title="bbox 153 857 1740 934">
     <span class='ocr_line' id='line_1_10' title="bbox 153 857 1740 934; baseline -0.009 -7"><span class='ocrx_word' id='word_1_63' title='bbox 153 869 458 927; x_wconf 75' lang='lat' dir='ltr'><strong>Froncione</strong></span> <span class='ocrx_word' id='word_1_64' title='bbox 483 862 1080 934; x_wconf 77' lang='lat' dir='ltr'><strong>Projectum,.Evalem,</strong></span> <span class='ocrx_word' id='word_1_65' title='bbox 1111 861 1482 923; x_wconf 80' lang='lat' dir='ltr'><strong>Flechosvum,</strong></span> <span class='ocrx_word' id='word_1_66' title='bbox 1514 857 1740 914; x_wconf 88' lang='lat' dir='ltr'><strong>Lobeci—</strong></span> 
     </span>
    </p>
   </div>
   <div class='ocr_carea' id='block_1_11' title="bbox 152 948 1744 1028">
    <p class='ocr_par' dir='ltr' id='par_1_11' title="bbox 152 948 1744 1028">
     <span class='ocr_line' id='line_1_11' title="bbox 152 948 1744 1028; baseline -0.01 -12"><span class='ocrx_word' id='word_1_67' title='bbox 152 975 309 1028; x_wconf 90' lang='lat' dir='ltr'><strong>num,</strong></span> <span class='ocrx_word' id='word_1_68' title='bbox 336 955 644 1020; x_wconf 80' lang='lat' dir='ltr'><strong>Aurelium,</strong></span> <span class='ocrx_word' id='word_1_69' title='bbox 671 955 941 1010; x_wconf 76' lang='lat' dir='ltr'><strong>Victorem</strong></span> <span class='ocrx_word' id='word_1_70' title='bbox 958 992 973 1018; x_wconf 94' lang='lat'><strong>,</strong></span> <span class='ocrx_word' id='word_1_71' title='bbox 1003 951 1355 1007; x_wconf 73' lang='lat' dir='ltr'><strong>Saturninum</strong></span> <span class='ocrx_word' id='word_1_72' title='bbox 1373 991 1390 1014; x_wconf 93' lang='lat'><strong>,</strong></span> <span class='ocrx_word' id='word_1_73' title='bbox 1420 948 1744 1011; x_wconf 83' lang='lat' dir='ltr'><strong>Massonem,</strong></span> 
     </span>
    </p>
   </div>
   <div class='ocr_carea' id='block_1_12' title="bbox 153 1040 1743 1114">
    <p class='ocr_par' dir='ltr' id='par_1_12' title="bbox 153 1040 1743 1114">
     <span class='ocr_line' id='line_1_12' title="bbox 153 1040 1743 1114; baseline -0.008 -8"><span class='ocrx_word' id='word_1_74' title='bbox 153 1049 463 1114; x_wconf 73' lang='lat' dir='ltr'><strong>Rusticum,</strong></span> <span class='ocrx_word' id='word_1_75' title='bbox 486 1045 844 1110; x_wconf 89' lang='lat' dir='ltr'><strong>Desiderium,</strong></span> <span class='ocrx_word' id='word_1_76' title='bbox 875 1043 1262 1100; x_wconf 81' lang='lat' dir='ltr'><strong>Lobueionem.</strong></span> <span class='ocrx_word' id='word_1_77' title='bbox 1290 1040 1380 1097; x_wconf 89' lang='lat' dir='ltr'><strong>Isti</strong></span> <span class='ocrx_word' id='word_1_78' title='bbox 1407 1055 1596 1097; x_wconf 92' lang='lat' dir='ltr'><strong>omnes</strong></span> <span class='ocrx_word' id='word_1_79' title='bbox 1619 1053 1743 1095; x_wconf 91' lang='lat' dir='ltr'><strong>cum</strong></span> 
     </span>
    </p>
   </div>
   <div class='ocr_carea' id='block_1_13' title="bbox 151 1128 1744 1206">
    <p class='ocr_par' dir='ltr' id='par_1_13' title="bbox 151 1128 1744 1206">
     <span class='ocr_line' id='line_1_13' title="bbox 151 1128 1744 1206; baseline -0.009 -8"><span class='ocrx_word' id='word_1_80' title='bbox 151 1141 416 1200; x_wconf 76' lang='lat' dir='ltr'><strong>uxoribus</strong></span> <span class='ocrx_word' id='word_1_81' title='bbox 443 1147 500 1195; x_wconf 89' lang='lat' dir='ltr'><strong>et</strong></span> <span class='ocrx_word' id='word_1_82' title='bbox 528 1137 654 1194; x_wconf 89' lang='lat' dir='ltr'><strong>ﬁliis</strong></span> <span class='ocrx_word' id='word_1_83' title='bbox 681 1137 824 1203; x_wconf 87' lang='lat' dir='ltr'><strong>suis,</strong></span> <span class='ocrx_word' id='word_1_84' title='bbox 863 1135 1010 1204; x_wconf 84' lang='lat' dir='ltr'><strong>agri,</strong></span> <span class='ocrx_word' id='word_1_85' title='bbox 1043 1143 1234 1206; x_wconf 89' lang='lat' dir='ltr'><strong>prata,</strong></span> <span class='ocrx_word' id='word_1_86' title='bbox 1262 1132 1345 1188; x_wconf 86' lang='lat' dir='ltr'><strong>vel</strong></span> <span class='ocrx_word' id='word_1_87' title='bbox 1375 1129 1634 1202; x_wconf 86' lang='lat' dir='ltr'><strong>quidquid</strong></span> <span class='ocrx_word' id='word_1_88' title='bbox 1675 1128 1744 1184; x_wconf 89' lang='lat' dir='ltr'><strong>ad</strong></span> 
     </span>
    </p>
   </div>
   <div class='ocr_carea' id='block_1_14' title="bbox 151 1215 1742 1304">
    <p class='ocr_par' dir='ltr' id='par_1_14' title="bbox 151 1215 1742 1304">
     <span class='ocr_line' id='line_1_14' title="bbox 151 1215 1742 1304; baseline -0.009 -16"><span class='ocrx_word' id='word_1_89' title='bbox 151 1215 304 1304; x_wconf 83' lang='lat' dir='ltr'><strong>ipsos</strong></span> <span class='ocrx_word' id='word_1_90' title='bbox 331 1229 531 1300; x_wconf 89' lang='lat' dir='ltr'><strong>spicios</strong></span> <span class='ocrx_word' id='word_1_91' title='bbox 552 1227 808 1298; x_wconf 81' lang='lat' dir='ltr'><strong>pertinet,</strong></span> <span class='ocrx_word' id='word_1_92' title='bbox 839 1241 964 1280; x_wconf 91' lang='lat' dir='ltr'><strong>cum</strong></span> <span class='ocrx_word' id='word_1_93' title='bbox 985 1224 1133 1282; x_wconf 90' lang='lat' dir='ltr'><strong>omni</strong></span> <span class='ocrx_word' id='word_1_94' title='bbox 1158 1223 1357 1278; x_wconf 91' lang='lat' dir='ltr'><strong>sondro</strong></span> <span class='ocrx_word' id='word_1_95' title='bbox 1381 1236 1480 1277; x_wconf 90' lang='lat' dir='ltr'><strong>suo</strong></span> <span class='ocrx_word' id='word_1_96' title='bbox 1507 1235 1574 1275; x_wconf 89' lang='lat' dir='ltr'><strong>ex</strong></span> <span class='ocrx_word' id='word_1_97' title='bbox 1602 1219 1742 1274; x_wconf 87' lang='lat' dir='ltr'><strong>inte-</strong></span> 
     </span>
    </p>
   </div>
   <div class='ocr_carea' id='block_1_15' title="bbox 152 1311 1746 1395">
    <p class='ocr_par' dir='ltr' id='par_1_15' title="bbox 152 1311 1746 1395">
     <span class='ocr_line' id='line_1_15' title="bbox 152 1311 1746 1395; baseline -0.009 -16"><span class='ocrx_word' id='word_1_98' title='bbox 152 1338 274 1395; x_wconf 77' lang='lat' dir='ltr'><strong>gro.</strong></span> <span class='ocrx_word' id='word_1_99' title='bbox 302 1319 588 1376; x_wconf 82' lang='lat' dir='ltr'><strong>Amantius</strong></span> <span class='ocrx_word' id='word_1_100' title='bbox 613 1332 845 1389; x_wconf 85' lang='lat' dir='ltr'><strong>persona</strong></span> <span class='ocrx_word' id='word_1_101' title='bbox 873 1324 1072 1387; x_wconf 66' lang='lat' dir='ltr'><strong>praeter</strong></span> <span class='ocrx_word' id='word_1_102' title='bbox 1099 1323 1300 1369; x_wconf 88' lang='lat' dir='ltr'><strong>terram</strong></span> <span class='ocrx_word' id='word_1_103' title='bbox 1339 1311 1510 1368; x_wconf 88' lang='lat' dir='ltr'><strong>solam</strong></span> <span class='ocrx_word' id='word_1_104' title='bbox 1545 1318 1746 1366; x_wconf 62' lang='lat' dir='ltr'><strong>sanctae</strong></span> 
     </span>
    </p>
   </div>
   <div class='ocr_carea' id='block_1_16' title="bbox 153 1398 1747 1474">
    <p class='ocr_par' dir='ltr' id='par_1_16' title="bbox 153 1398 1747 1474">
     <span class='ocr_line' id='line_1_16' title="bbox 153 1398 1747 1474; baseline -0.009 -7"><span class='ocrx_word' id='word_1_105' title='bbox 153 1411 359 1474; x_wconf 69' lang='lat' dir='ltr'><strong>Mariae,</strong></span> <span class='ocrx_word' id='word_1_106' title='bbox 385 1405 584 1465; x_wconf 78' lang='lat' dir='ltr'><strong>Auster</strong></span> <span class='ocrx_word' id='word_1_107' title='bbox 611 1422 734 1462; x_wconf 89' lang='lat' dir='ltr'><strong>cum</strong></span> <span class='ocrx_word' id='word_1_108' title='bbox 762 1405 932 1461; x_wconf 85' lang='lat' dir='ltr'><strong>fratre</strong></span> <span class='ocrx_word' id='word_1_109' title='bbox 956 1419 1077 1470; x_wconf 92' lang='lat' dir='ltr'><strong>suo,</strong></span> <span class='ocrx_word' id='word_1_110' title='bbox 1105 1401 1448 1466; x_wconf 79' lang='lat' dir='ltr'><strong>Aurelianus,</strong></span> <span class='ocrx_word' id='word_1_111' title='bbox 1479 1398 1747 1455; x_wconf 61' lang='lat' dir='ltr'><strong>Paestan-</strong></span> 
     </span>
    </p>
   </div>
   <div class='ocr_carea' id='block_1_17' title="bbox 148 1491 1747 1566">
    <p class='ocr_par' dir='ltr' id='par_1_17' title="bbox 148 1491 1747 1566">
     <span class='ocr_line' id='line_1_17' title="bbox 148 1491 1747 1566; baseline -0.008 -8"><span class='ocrx_word' id='word_1_112' title='bbox 148 1501 284 1566; x_wconf 75' lang='lat' dir='ltr'><strong>tius,</strong></span> <span class='ocrx_word' id='word_1_113' title='bbox 314 1498 593 1563; x_wconf 82' lang='lat' dir='ltr'><strong>Valerius,</strong></span> <span class='ocrx_word' id='word_1_114' title='bbox 623 1496 932 1562; x_wconf 83' lang='lat' dir='ltr'><strong>Viventius,</strong></span> <span class='ocrx_word' id='word_1_115' title='bbox 965 1493 1245 1550; x_wconf 80' lang='lat' dir='ltr'><strong>Columba.</strong></span> <span class='ocrx_word' id='word_1_116' title='bbox 1274 1491 1384 1548; x_wconf 92' lang='lat' dir='ltr'><strong>IIos</strong></span> <span class='ocrx_word' id='word_1_117' title='bbox 1407 1507 1596 1548; x_wconf 89' lang='lat' dir='ltr'><strong>omnes</strong></span> <span class='ocrx_word' id='word_1_118' title='bbox 1623 1506 1747 1546; x_wconf 90' lang='lat' dir='ltr'><strong>cum</strong></span> 
     </span>
    </p>
   </div>
   <div class='ocr_carea' id='block_1_18' title="bbox 149 1571 1748 1657">
    <p class='ocr_par' dir='ltr' id='par_1_18' title="bbox 149 1571 1748 1657">
     <span class='ocr_line' id='line_1_18' title="bbox 149 1571 1748 1657; baseline -0.006 -10"><span class='ocrx_word' id='word_1_119' title='bbox 149 1571 415 1654; x_wconf 77' lang='lat' dir='ltr'><strong>uxoribus</strong></span> <span class='ocrx_word' id='word_1_120' title='bbox 443 1599 499 1644; x_wconf 91' lang='lat' dir='ltr'><strong>et</strong></span> <span class='ocrx_word' id='word_1_121' title='bbox 525 1587 651 1642; x_wconf 89' lang='lat' dir='ltr'><strong>ﬁliis</strong></span> <span class='ocrx_word' id='word_1_122' title='bbox 673 1595 728 1641; x_wconf 90' lang='lat' dir='ltr'><strong>et</strong></span> <span class='ocrx_word' id='word_1_123' title='bbox 751 1582 1012 1657; x_wconf 82' lang='lat' dir='ltr'><strong>quidquid</strong></span> <span class='ocrx_word' id='word_1_124' title='bbox 1037 1584 1139 1656; x_wconf 84' lang='lat' dir='ltr'><strong>ipsi</strong></span> <span class='ocrx_word' id='word_1_125' title='bbox 1163 1583 1341 1642; x_wconf 83' lang='lat' dir='ltr'><strong>colere</strong></span> <span class='ocrx_word' id='word_1_126' title='bbox 1370 1583 1637 1649; x_wconf 90' lang='lat' dir='ltr'><strong>videntur,</strong></span> <span class='ocrx_word' id='word_1_127' title='bbox 1662 1597 1748 1638; x_wconf 90' lang='lat' dir='ltr'><strong>re-</strong></span> 
     </span>
    </p>
   </div>
   <div class='ocr_carea' id='block_1_19' title="bbox 147 1673 1744 1749">
    <p class='ocr_par' dir='ltr' id='par_1_19' title="bbox 147 1673 1744 1749">
     <span class='ocr_line' id='line_1_19' title="bbox 147 1673 1744 1749; baseline -0.004 -14"><span class='ocrx_word' id='word_1_128' title='bbox 147 1688 437 1736; x_wconf 76' lang='lat' dir='ltr'><strong>vertantur</strong></span> <span class='ocrx_word' id='word_1_129' title='bbox 471 1679 610 1735; x_wconf 87' lang='lat' dir='ltr'><strong>sicut</strong></span> <span class='ocrx_word' id='word_1_130' title='bbox 644 1677 873 1749; x_wconf 82' lang='lat' dir='ltr'><strong>priores.</strong></span> <span class='ocrx_word' id='word_1_131' title='bbox 911 1677 1045 1732; x_wconf 91' lang='lat' dir='ltr'><strong>Item</strong></span> <span class='ocrx_word' id='word_1_132' title='bbox 1088 1675 1272 1730; x_wconf 87' lang='lat' dir='ltr'><strong>villam</strong></span> <span class='ocrx_word' id='word_1_133' title='bbox 1313 1690 1489 1729; x_wconf 89' lang='lat' dir='ltr'><strong>meam</strong></span> <span class='ocrx_word' id='word_1_134' title='bbox 1519 1673 1744 1739; x_wconf 90' lang='lat' dir='ltr'><strong>lliande,</strong></span> 
     </span>
    </p>
   </div>
   <div class='ocr_carea' id='block_1_20' title="bbox 1843 496 3422 571">
    <p class='ocr_par' dir='ltr' id='par_1_20' title="bbox 1843 496 3422 571">
     <span class='ocr_line' id='line_1_20' title="bbox 1843 496 3422 571; baseline 0.001 -20"><span class='ocrx_word' id='word_1_135' title='bbox 1843 497 2090 565; x_wconf 83' lang='lat' dir='ltr'><strong>torbaee,</strong></span> <span class='ocrx_word' id='word_1_136' title='bbox 2125 515 2250 556; x_wconf 92' lang='lat' dir='ltr'><strong>cum</strong></span> <span class='ocrx_word' id='word_1_137' title='bbox 2282 500 2434 556; x_wconf 90' lang='lat' dir='ltr'><strong>omni</strong></span> <span class='ocrx_word' id='word_1_138' title='bbox 2475 497 2867 571; x_wconf 84' lang='lat' dir='ltr'><strong>adpertinentia</strong></span> <span class='ocrx_word' id='word_1_139' title='bbox 2911 513 3030 562; x_wconf 89' lang='lat' dir='ltr'><strong>sua,</strong></span> <span class='ocrx_word' id='word_1_140' title='bbox 3071 505 3125 553; x_wconf 93' lang='lat' dir='ltr'><strong>et</strong></span> <span class='ocrx_word' id='word_1_141' title='bbox 3163 496 3422 568; x_wconf 90' lang='lat' dir='ltr'><strong>quidquid</strong></span> 
     </span>
    </p>
   </div>
   <div class='ocr_carea' id='block_1_21' title="bbox 1842 585 3421 660">
    <p class='ocr_par' dir='ltr' id='par_1_21' title="bbox 1842 585 3421 660">
     <span class='ocr_line' id='line_1_21' title="bbox 1842 585 3421 660; baseline 0.001 -19"><span class='ocrx_word' id='word_1_142' title='bbox 1842 586 1909 642; x_wconf 88' lang='lat' dir='ltr'><strong>ad</strong></span> <span class='ocrx_word' id='word_1_143' title='bbox 1938 587 2108 657; x_wconf 83' lang='lat' dir='ltr'><strong>ipsam</strong></span> <span class='ocrx_word' id='word_1_144' title='bbox 2138 598 2344 645; x_wconf 90' lang='lat' dir='ltr'><strong>curtem</strong></span> <span class='ocrx_word' id='word_1_145' title='bbox 2381 591 2648 660; x_wconf 85' lang='lat' dir='ltr'><strong>pertinet,</strong></span> <span class='ocrx_word' id='word_1_146' title='bbox 2690 604 2757 645; x_wconf 87' lang='lat' dir='ltr'><strong>ex</strong></span> <span class='ocrx_word' id='word_1_147' title='bbox 2797 588 3025 658; x_wconf 82' lang='lat' dir='ltr'><strong>integro.</strong></span> <span class='ocrx_word' id='word_1_148' title='bbox 3061 585 3194 642; x_wconf 91' lang='lat' dir='ltr'><strong>Item</strong></span> <span class='ocrx_word' id='word_1_149' title='bbox 3233 602 3421 658; x_wconf 80' lang='lat' dir='ltr'><strong>agrum</strong></span> 
     </span>
    </p>
   </div>
   <div class='ocr_carea' id='block_1_22' title="bbox 1843 675 3423 751">
    <p class='ocr_par' dir='ltr' id='par_1_22' title="bbox 1843 675 3423 751">
     <span class='ocr_line' id='line_1_22' title="bbox 1843 675 3423 751; baseline 0.002 -21"><span class='ocrx_word' id='word_1_150' title='bbox 1843 677 1912 734; x_wconf 89' lang='lat' dir='ltr'><strong>ad</strong></span> <span class='ocrx_word' id='word_1_151' title='bbox 1963 675 2210 746; x_wconf 77' lang='lat' dir='ltr'><strong>Feniles,</strong></span> <span class='ocrx_word' id='word_1_152' title='bbox 2261 680 2520 737; x_wconf 86' lang='lat' dir='ltr'><strong>modiales</strong></span> <span class='ocrx_word' id='word_1_153' title='bbox 2564 679 2867 751; x_wconf 74' lang='lat' dir='ltr'><strong>octoginta,</strong></span> <span class='ocrx_word' id='word_1_154' title='bbox 2922 677 3302 733; x_wconf 87' lang='lat' dir='ltr'><strong>conﬁnientem</strong></span> <span class='ocrx_word' id='word_1_155' title='bbox 3354 679 3423 733; x_wconf 91' lang='lat' dir='ltr'><strong>ad</strong></span> 
     </span>
    </p>
   </div>
   <div class='ocr_carea' id='block_1_23' title="bbox 1843 767 3424 842">
    <p class='ocr_par' dir='ltr' id='par_1_23' title="bbox 1843 767 3424 842">
     <span class='ocr_line' id='line_1_23' title="bbox 1843 767 3424 842; baseline -0.001 -18"><span class='ocrx_word' id='word_1_156' title='bbox 1843 768 2015 838; x_wconf 83' lang='lat' dir='ltr'><strong>ipsam</strong></span> <span class='ocrx_word' id='word_1_157' title='bbox 2069 777 2276 826; x_wconf 89' lang='lat' dir='ltr'><strong>curtem</strong></span> <span class='ocrx_word' id='word_1_158' title='bbox 2325 787 2338 824; x_wconf 91' lang='lat'><strong>:</strong></span> <span class='ocrx_word' id='word_1_159' title='bbox 2391 785 2579 842; x_wconf 89' lang='lat' dir='ltr'><strong>agrum</strong></span> <span class='ocrx_word' id='word_1_160' title='bbox 2630 769 2862 825; x_wconf 75' lang='lat' dir='ltr'><strong>Arduum</strong></span> <span class='ocrx_word' id='word_1_161' title='bbox 2917 767 3176 824; x_wconf 85' lang='lat' dir='ltr'><strong>modiales</strong></span> <span class='ocrx_word' id='word_1_162' title='bbox 3231 767 3424 824; x_wconf 82' lang='lat' dir='ltr'><strong>sexde-</strong></span> 
     </span>
    </p>
   </div>
   <div class='ocr_carea' id='block_1_24' title="bbox 1843 855 3420 928">
    <p class='ocr_par' dir='ltr' id='par_1_24' title="bbox 1843 855 3420 928">
     <span class='ocr_line' id='line_1_24' title="bbox 1843 855 3420 928; baseline -0.003 -13"><span class='ocrx_word' id='word_1_163' title='bbox 1843 859 1981 924; x_wconf 87' lang='lat' dir='ltr'><strong>cim,</strong></span> <span class='ocrx_word' id='word_1_164' title='bbox 2021 859 2403 916; x_wconf 88' lang='lat' dir='ltr'><strong>conﬁnientem</strong></span> <span class='ocrx_word' id='word_1_165' title='bbox 2443 861 2511 915; x_wconf 88' lang='lat' dir='ltr'><strong>ad</strong></span> <span class='ocrx_word' id='word_1_166' title='bbox 2547 860 2846 925; x_wconf 87' lang='lat' dir='ltr'><strong>Evalcntis,</strong></span> <span class='ocrx_word' id='word_1_167' title='bbox 2889 858 2992 913; x_wconf 89' lang='lat' dir='ltr'><strong>alia</strong></span> <span class='ocrx_word' id='word_1_168' title='bbox 3031 867 3185 928; x_wconf 89' lang='lat' dir='ltr'><strong>parte</strong></span> <span class='ocrx_word' id='word_1_169' title='bbox 3227 857 3282 912; x_wconf 93' lang='lat' dir='ltr'><strong>in</strong></span> <span class='ocrx_word' id='word_1_170' title='bbox 3325 855 3420 912; x_wconf 77' lang='lat' dir='ltr'><strong>Iu-</strong></span> 
     </span>
    </p>
   </div>
   <div class='ocr_carea' id='block_1_25' title="bbox 1844 949 3422 1023">
    <p class='ocr_par' dir='ltr' id='par_1_25' title="bbox 1844 949 3422 1023">
     <span class='ocr_line' id='line_1_25' title="bbox 1844 949 3422 1023; baseline -0.001 -19"><span class='ocrx_word' id='word_1_171' title='bbox 1844 951 1990 1007; x_wconf 86' lang='lat' dir='ltr'><strong>venti</strong></span> <span class='ocrx_word' id='word_1_172' title='bbox 2028 969 2041 1004; x_wconf 93' lang='lat'>:</span> <span class='ocrx_word' id='word_1_173' title='bbox 2087 966 2273 1023; x_wconf 90' lang='lat' dir='ltr'><strong>agrum</strong></span> <span class='ocrx_word' id='word_1_174' title='bbox 2305 952 2359 1006; x_wconf 90' lang='lat' dir='ltr'><strong>in</strong></span> <span class='ocrx_word' id='word_1_175' title='bbox 2397 951 2708 1018; x_wconf 82' lang='lat' dir='ltr'><strong>Vicinaves,</strong></span> <span class='ocrx_word' id='word_1_176' title='bbox 2752 951 3010 1008; x_wconf 87' lang='lat' dir='ltr'><strong>modiales</strong></span> <span class='ocrx_word' id='word_1_177' title='bbox 3045 949 3422 1021; x_wconf 84' lang='lat' dir='ltr'><strong>septemdecim</strong></span> 
     </span>
    </p>
   </div>
   <div class='ocr_carea' id='block_1_26' title="bbox 1844 1042 3421 1114">
    <p class='ocr_par' dir='ltr' id='par_1_26' title="bbox 1844 1042 3421 1114">
     <span class='ocr_line' id='line_1_26' title="bbox 1844 1042 3421 1114; baseline -0.001 -15"><span class='ocrx_word' id='word_1_178' title='bbox 1844 1043 2226 1100; x_wconf 76' lang='lat' dir='ltr'><strong>wuﬁuientem</strong></span> <span class='ocrx_word' id='word_1_179' title='bbox 2273 1043 2342 1100; x_wconf 90' lang='lat' dir='ltr'><strong>ad</strong></span> <span class='ocrx_word' id='word_1_180' title='bbox 2379 1042 2780 1114; x_wconf 89' lang='lat' dir='ltr'><strong>Lomeleugum,</strong></span> <span class='ocrx_word' id='word_1_181' title='bbox 2829 1042 2931 1100; x_wconf 84' lang='lat' dir='ltr'><strong>alia</strong></span> <span class='ocrx_word' id='word_1_182' title='bbox 2972 1050 3126 1114; x_wconf 89' lang='lat' dir='ltr'><strong>parte</strong></span> <span class='ocrx_word' id='word_1_183' title='bbox 3169 1043 3222 1098; x_wconf 93' lang='lat' dir='ltr'><strong>in</strong></span> <span class='ocrx_word' id='word_1_184' title='bbox 3250 1045 3421 1098; x_wconf 88' lang='lat' dir='ltr'><strong>sancti</strong></span> 
     </span>
    </p>
   </div>
   <div class='ocr_carea' id='block_1_27' title="bbox 1846 1131 3423 1205">
    <p class='ocr_par' dir='ltr' id='par_1_27' title="bbox 1846 1131 3423 1205">
     <span class='ocr_line' id='line_1_27' title="bbox 1846 1131 3423 1205; baseline 0.003 -20"><span class='ocrx_word' id='word_1_185' title='bbox 1846 1131 2062 1188; x_wconf 83' lang='lat' dir='ltr'><strong>Martini</strong></span> <span class='ocrx_word' id='word_1_186' title='bbox 2093 1148 2108 1187; x_wconf 91' lang='lat'><strong>:</strong></span> <span class='ocrx_word' id='word_1_187' title='bbox 2134 1134 2262 1189; x_wconf 89' lang='lat' dir='ltr'><strong>item</strong></span> <span class='ocrx_word' id='word_1_188' title='bbox 2283 1135 2510 1205; x_wconf 88' lang='lat' dir='ltr'><strong>pradum</strong></span> <span class='ocrx_word' id='word_1_189' title='bbox 2537 1135 2603 1190; x_wconf 92' lang='lat' dir='ltr'><strong>ad</strong></span> <span class='ocrx_word' id='word_1_190' title='bbox 2648 1133 2875 1200; x_wconf 88' lang='lat' dir='ltr'><strong>Sorclla,</strong></span> <span class='ocrx_word' id='word_1_191' title='bbox 2911 1149 3076 1190; x_wconf 85' lang='lat' dir='ltr'><strong>onera</strong></span> <span class='ocrx_word' id='word_1_192' title='bbox 3116 1143 3258 1200; x_wconf 93' lang='lat' dir='ltr'><strong>octo,</strong></span> <span class='ocrx_word' id='word_1_193' title='bbox 3289 1149 3423 1192; x_wconf 87' lang='lat' dir='ltr'><strong>cou-</strong></span> 
     </span>
    </p>
   </div>
   <div class='ocr_carea' id='block_1_28' title="bbox 1847 1221 3422 1297">
    <p class='ocr_par' dir='ltr' id='par_1_28' title="bbox 1847 1221 3422 1297">
     <span class='ocr_line' id='line_1_28' title="bbox 1847 1221 3422 1297; baseline 0.003 -20"><span class='ocrx_word' id='word_1_194' title='bbox 1847 1221 2123 1280; x_wconf 89' lang='lat' dir='ltr'><strong>ﬁuientem</strong></span> <span class='ocrx_word' id='word_1_195' title='bbox 2153 1225 2221 1281; x_wconf 89' lang='lat' dir='ltr'><strong>ad</strong></span> <span class='ocrx_word' id='word_1_196' title='bbox 2273 1224 2458 1282; x_wconf 88' lang='lat' dir='ltr'><strong>Lidori</strong></span> <span class='ocrx_word' id='word_1_197' title='bbox 2504 1244 2516 1279; x_wconf 89' lang='lat'><strong>:</strong></span> <span class='ocrx_word' id='word_1_198' title='bbox 2566 1226 2793 1297; x_wconf 86' lang='lat' dir='ltr'><strong>pradum</strong></span> <span class='ocrx_word' id='word_1_199' title='bbox 2820 1224 3020 1281; x_wconf 84' lang='lat' dir='ltr'><strong>Auives</strong></span> <span class='ocrx_word' id='word_1_200' title='bbox 3067 1226 3121 1282; x_wconf 93' lang='lat' dir='ltr'><strong>iu</strong></span> <span class='ocrx_word' id='word_1_201' title='bbox 3179 1225 3422 1291; x_wconf 90' lang='lat' dir='ltr'><strong>Curtino,</strong></span> 
     </span>
    </p>
   </div>
   <div class='ocr_carea' id='block_1_29' title="bbox 1847 1315 3426 1386">
    <p class='ocr_par' dir='ltr' id='par_1_29' title="bbox 1847 1315 3426 1386">
     <span class='ocr_line' id='line_1_29' title="bbox 1847 1315 3426 1386; baseline 0.003 -16"><span class='ocrx_word' id='word_1_202' title='bbox 1847 1329 2014 1370; x_wconf 91' lang='lat' dir='ltr'><strong>onera</strong></span> <span class='ocrx_word' id='word_1_203' title='bbox 2033 1315 2336 1383; x_wconf 90' lang='lat' dir='ltr'><strong>duodecim,</strong></span> <span class='ocrx_word' id='word_1_204' title='bbox 2359 1315 2738 1373; x_wconf 88' lang='lat' dir='ltr'><strong>conﬁnientem</strong></span> <span class='ocrx_word' id='word_1_205' title='bbox 2761 1316 2830 1372; x_wconf 91' lang='lat' dir='ltr'><strong>ad</strong></span> <span class='ocrx_word' id='word_1_206' title='bbox 2871 1315 3134 1373; x_wconf 63' lang='lat' dir='ltr'><strong>Abatissaa</strong></span> <span class='ocrx_word' id='word_1_207' title='bbox 3160 1335 3172 1370; x_wconf 91' lang='lat'>:</span> <span class='ocrx_word' id='word_1_208' title='bbox 3197 1317 3426 1386; x_wconf 90' lang='lat' dir='ltr'><strong>pradum</strong></span> 
     </span>
    </p>
   </div>
   <div class='ocr_carea' id='block_1_30' title="bbox 1851 1401 3428 1486">
    <p class='ocr_par' dir='ltr' id='par_1_30' title="bbox 1851 1401 3428 1486">
     <span class='ocr_line' id='line_1_30' title="bbox 1851 1401 3428 1486; baseline 0.004 -24"><span class='ocrx_word' id='word_1_209' title='bbox 1851 1407 1903 1462; x_wconf 93' lang='lat' dir='ltr'><strong>in</strong></span> <span class='ocrx_word' id='word_1_210' title='bbox 1936 1401 2092 1474; x_wconf 88' lang='lat' dir='ltr'><strong>Esce,</strong></span> <span class='ocrx_word' id='word_1_211' title='bbox 2116 1423 2281 1465; x_wconf 90' lang='lat' dir='ltr'><strong>onera</strong></span> <span class='ocrx_word' id='word_1_212' title='bbox 2301 1410 2510 1482; x_wconf 75' lang='lat' dir='ltr'><strong>viginti,</strong></span> <span class='ocrx_word' id='word_1_213' title='bbox 2543 1410 2919 1467; x_wconf 86' lang='lat' dir='ltr'><strong>conﬁuientem</strong></span> <span class='ocrx_word' id='word_1_214' title='bbox 2951 1411 3020 1468; x_wconf 90' lang='lat' dir='ltr'><strong>ad</strong></span> <span class='ocrx_word' id='word_1_215' title='bbox 3044 1410 3237 1468; x_wconf 86' lang='lat' dir='ltr'><strong>Beravi</strong></span> <span class='ocrx_word' id='word_1_216' title='bbox 3262 1431 3274 1467; x_wconf 90' lang='lat'>:</span> <span class='ocrx_word' id='word_1_217' title='bbox 3304 1427 3428 1486; x_wconf 86' lang='lat' dir='ltr'><strong>pra-</strong></span> 
     </span>
    </p>
   </div>
   <div class='ocr_carea' id='block_1_31' title="bbox 1849 1497 3426 1574">
    <p class='ocr_par' dir='ltr' id='par_1_31' title="bbox 1849 1497 3426 1574">
     <span class='ocr_line' id='line_1_31' title="bbox 1849 1497 3426 1574; baseline 0.001 -20"><span class='ocrx_word' id='word_1_218' title='bbox 1849 1497 1976 1554; x_wconf 90' lang='lat' dir='ltr'><strong>dum</strong></span> <span class='ocrx_word' id='word_1_219' title='bbox 1993 1498 2047 1553; x_wconf 92' lang='lat' dir='ltr'><strong>in</strong></span> <span class='ocrx_word' id='word_1_220' title='bbox 2069 1497 2334 1566; x_wconf 86' lang='lat' dir='ltr'><strong>Colimue,</strong></span> <span class='ocrx_word' id='word_1_221' title='bbox 2352 1515 2521 1558; x_wconf 87' lang='lat' dir='ltr'><strong>onera</strong></span> <span class='ocrx_word' id='word_1_222' title='bbox 2543 1503 2782 1574; x_wconf 90' lang='lat' dir='ltr'><strong>quinque</strong></span> <span class='ocrx_word' id='word_1_223' title='bbox 2805 1520 2818 1556; x_wconf 90' lang='lat'><strong>:</strong></span> <span class='ocrx_word' id='word_1_224' title='bbox 2841 1501 3067 1573; x_wconf 90' lang='lat' dir='ltr'><strong>pradum</strong></span> <span class='ocrx_word' id='word_1_225' title='bbox 3096 1502 3164 1558; x_wconf 90' lang='lat' dir='ltr'><strong>ad</strong></span> <span class='ocrx_word' id='word_1_226' title='bbox 3193 1501 3426 1566; x_wconf 82' lang='lat' dir='ltr'><strong>Renum,</strong></span> 
     </span>
    </p>
   </div>
   <div class='ocr_carea' id='block_1_32' title="bbox 1848 1590 3428 1662">
    <p class='ocr_par' dir='ltr' id='par_1_32' title="bbox 1848 1590 3428 1662">
     <span class='ocr_line' id='line_1_32' title="bbox 1848 1590 3428 1662; baseline 0.001 -14"><span class='ocrx_word' id='word_1_227' title='bbox 1848 1606 2016 1648; x_wconf 89' lang='lat' dir='ltr'><strong>onera</strong></span> <span class='ocrx_word' id='word_1_228' title='bbox 2042 1590 2260 1662; x_wconf 83' lang='lat' dir='ltr'><strong>viginti,</strong></span> <span class='ocrx_word' id='word_1_229' title='bbox 2279 1592 2662 1649; x_wconf 85' lang='lat' dir='ltr'><strong>confiuientem</strong></span> <span class='ocrx_word' id='word_1_230' title='bbox 2709 1594 2776 1648; x_wconf 92' lang='lat' dir='ltr'><strong>ad</strong></span> <span class='ocrx_word' id='word_1_231' title='bbox 2811 1593 3229 1660; x_wconf 74' lang='lat' dir='ltr'><strong>Yicturueiouis,</strong></span> <span class='ocrx_word' id='word_1_232' title='bbox 3255 1593 3428 1649; x_wconf 87' lang='lat' dir='ltr'><strong>altera</strong></span> 
     </span>
    </p>
   </div>
   <div class='ocr_carea' id='block_1_33' title="bbox 1850 1678 3424 1752">
    <p class='ocr_par' dir='ltr' id='par_1_33' title="bbox 1850 1678 3424 1752">
     <span class='ocr_line' id='line_1_33' title="bbox 1850 1678 3424 1752; baseline 0.003 -17"><span class='ocrx_word' id='word_1_233' title='bbox 1850 1689 2005 1752; x_wconf 85' lang='lat' dir='ltr'><strong>parte</strong></span> <span class='ocrx_word' id='word_1_234' title='bbox 2025 1680 2094 1735; x_wconf 88' lang='lat' dir='ltr'><strong>ad</strong></span> <span class='ocrx_word' id='word_1_235' title='bbox 2127 1678 2324 1736; x_wconf 80' lang='lat' dir='ltr'><strong>Iuliani</strong></span> <span class='ocrx_word' id='word_1_236' title='bbox 2355 1701 2366 1734; x_wconf 90' lang='lat'><strong>:</strong></span> <span class='ocrx_word' id='word_1_237' title='bbox 2397 1682 2626 1752; x_wconf 87' lang='lat' dir='ltr'><strong>pradum</strong></span> <span class='ocrx_word' id='word_1_238' title='bbox 2666 1682 2720 1737; x_wconf 92' lang='lat' dir='ltr'><strong>in</strong></span> <span class='ocrx_word' id='word_1_239' title='bbox 2775 1681 2987 1750; x_wconf 80' lang='lat' dir='ltr'><strong>Ruane,</strong></span> <span class='ocrx_word' id='word_1_240' title='bbox 3023 1699 3189 1740; x_wconf 89' lang='lat' dir='ltr'><strong>onera</strong></span> <span class='ocrx_word' id='word_1_241' title='bbox 3218 1683 3424 1748; x_wconf 88' lang='lat' dir='ltr'><strong>decem,</strong></span> 
     </span>
    </p>
   </div>
   <div class='ocr_carea' id='block_1_34' title="bbox 147 1765 3428 1842">
    <p class='ocr_par' dir='ltr' id='par_1_34' title="bbox 147 1765 3428 1842">
     <span class='ocr_line' id='line_1_34' title="bbox 147 1765 3428 1842; baseline -0.002 -7"><span class='ocrx_word' id='word_1_242' title='bbox 147 1773 323 1831; x_wconf 72' lang='lat' dir='ltr'><strong>sala!!!</strong></span> <span class='ocrx_word' id='word_1_243' title='bbox 351 1787 475 1828; x_wconf 79' lang='lat' dir='ltr'><strong>cum</strong></span> <span class='ocrx_word' id='word_1_244' title='bbox 499 1769 738 1834; x_wconf 68' lang='lat' dir='ltr'><strong>cellario.</strong></span> <span class='ocrx_word' id='word_1_245' title='bbox 772 1783 897 1824; x_wconf 75' lang='lat' dir='ltr'><strong>cum</strong></span> <span class='ocrx_word' id='word_1_246' title='bbox 937 1767 1210 1834; x_wconf 64' lang='lat' dir='ltr'><strong>omnibus:</strong></span> <span class='ocrx_word' id='word_1_247' title='bbox 1249 1780 1370 1835; x_wconf 69' lang='grc' dir='ltr'><strong>(ιιιω</strong></span> <span class='ocrx_word' id='word_1_248' title='bbox 1397 1765 1544 1821; x_wconf 64' lang='lat' dir='ltr'><strong>Circa</strong></span> <span class='ocrx_word' id='word_1_249' title='bbox 1576 1765 1748 1835; x_wconf 67' lang='lat' dir='ltr'><strong>ipsam</strong></span> <span class='ocrx_word' id='word_1_250' title='bbox 1778 1770 1828 1833; x_wconf 78' lang='grc' dir='ltr'><strong><em>Β</em></strong></span> <span class='ocrx_word' id='word_1_251' title='bbox 1852 1773 2232 1831; x_wconf 75' lang='lat' dir='ltr'><strong>conﬁcientem</strong></span> <span class='ocrx_word' id='word_1_252' title='bbox 2253 1771 2322 1827; x_wconf 90' lang='lat' dir='ltr'><strong>ad</strong></span> <span class='ocrx_word' id='word_1_253' title='bbox 2350 1771 2522 1827; x_wconf 85' lang='lat' dir='ltr'><strong>sancti</strong></span> <span class='ocrx_word' id='word_1_254' title='bbox 2546 1771 2759 1826; x_wconf 77' lang='lat' dir='ltr'><strong>Martini</strong></span> <span class='ocrx_word' id='word_1_255' title='bbox 2782 1773 3037 1842; x_wconf 88' lang='lat' dir='ltr'><strong>:pradum</strong></span> <span class='ocrx_word' id='word_1_256' title='bbox 3065 1773 3122 1828; x_wconf 90' lang='lat' dir='ltr'><strong>in</strong></span> <span class='ocrx_word' id='word_1_257' title='bbox 3149 1773 3428 1829; x_wconf 82' lang='lat' dir='ltr'><strong>Vallecava</strong></span> 
     </span>
    </p>
   </div>
   <div class='ocr_carea' id='block_1_35' title="bbox 149 1857 1744 1930">
    <p class='ocr_par' dir='ltr' id='par_1_35' title="bbox 149 1857 1744 1930">
     <span class='ocr_line' id='line_1_35' title="bbox 149 1857 1744 1930; baseline -0.005 -10"><span class='ocrx_word' id='word_1_258' title='bbox 149 1865 323 1926; x_wconf 84' lang='lat' dir='ltr'><strong>salam</strong></span> <span class='ocrx_word' id='word_1_259' title='bbox 349 1863 537 1920; x_wconf 86' lang='lat' dir='ltr'><strong>haberi</strong></span> <span class='ocrx_word' id='word_1_260' title='bbox 559 1862 810 1917; x_wconf 91' lang='lat' dir='ltr'><strong>videntur</strong></span> <span class='ocrx_word' id='word_1_261' title='bbox 829 1875 896 1915; x_wconf 85' lang='lat' dir='ltr'><strong>ex</strong></span> <span class='ocrx_word' id='word_1_262' title='bbox 923 1859 1162 1930; x_wconf 87' lang='lat' dir='ltr'><strong>integro;</strong></span> <span class='ocrx_word' id='word_1_263' title='bbox 1192 1858 1461 1923; x_wconf 90' lang='lat' dir='ltr'><strong>torbaces,</strong></span> <span class='ocrx_word' id='word_1_264' title='bbox 1486 1857 1744 1923; x_wconf 86' lang='lat' dir='ltr'><strong>tabulata,</strong></span> 
     </span>
    </p>
   </div>
   <div class='ocr_carea' id='block_1_36' title="bbox 147 1945 1749 2016">
    <p class='ocr_par' dir='ltr' id='par_1_36' title="bbox 147 1945 1749 2016">
     <span class='ocr_line' id='line_1_36' title="bbox 147 1945 1749 2016; baseline -0.007 -4"><span class='ocrx_word' id='word_1_265' title='bbox 147 1957 384 2016; x_wconf 62' lang='lat' dir='ltr'><strong>bareca,</strong></span> <span class='ocrx_word' id='word_1_266' title='bbox 409 1959 608 2016; x_wconf 90' lang='lat' dir='ltr'><strong>curtes,</strong></span> <span class='ocrx_word' id='word_1_267' title='bbox 639 1958 815 2014; x_wconf 88' lang='lat' dir='ltr'><strong>ortus,</strong></span> <span class='ocrx_word' id='word_1_268' title='bbox 845 1948 1024 2003; x_wconf 89' lang='lat' dir='ltr'><strong>omnia</strong></span> <span class='ocrx_word' id='word_1_269' title='bbox 1051 1963 1177 2003; x_wconf 91' lang='lat' dir='ltr'><strong>cum</strong></span> <span class='ocrx_word' id='word_1_270' title='bbox 1215 1945 1436 2002; x_wconf 86' lang='lat' dir='ltr'><strong>introitu</strong></span> <span class='ocrx_word' id='word_1_271' title='bbox 1465 1962 1595 2012; x_wconf 91' lang='lat' dir='ltr'><strong>suo;</strong></span> <span class='ocrx_word' id='word_1_272' title='bbox 1629 1961 1749 2015; x_wconf 63' lang='lat' dir='ltr'><strong>quae</strong></span> 
     </span>
    </p>
   </div>
   <div class='ocr_carea' id='block_1_37' title="bbox 147 2036 1750 2113">
    <p class='ocr_par' dir='ltr' id='par_1_37' title="bbox 147 2036 1750 2113">
     <span class='ocr_line' id='line_1_37' title="bbox 147 2036 1750 2113; baseline -0.006 -13"><span class='ocrx_word' id='word_1_273' title='bbox 147 2045 298 2101; x_wconf 84' lang='lat' dir='ltr'><strong>circa</strong></span> <span class='ocrx_word' id='word_1_274' title='bbox 329 2043 502 2113; x_wconf 87' lang='lat' dir='ltr'><strong>ipsam</strong></span> <span class='ocrx_word' id='word_1_275' title='bbox 529 2049 739 2096; x_wconf 91' lang='lat' dir='ltr'><strong>curtem</strong></span> <span class='ocrx_word' id='word_1_276' title='bbox 765 2038 949 2095; x_wconf 86' lang='lat' dir='ltr'><strong>haberi</strong></span> <span class='ocrx_word' id='word_1_277' title='bbox 972 2036 1244 2104; x_wconf 87' lang='lat' dir='ltr'><strong>videntur,</strong></span> <span class='ocrx_word' id='word_1_278' title='bbox 1267 2053 1387 2108; x_wconf 66' lang='lat' dir='ltr'><strong>quae</strong></span> <span class='ocrx_word' id='word_1_279' title='bbox 1413 2036 1480 2091; x_wconf 87' lang='lat' dir='ltr'><strong>ad</strong></span> <span class='ocrx_word' id='word_1_280' title='bbox 1508 2053 1594 2092; x_wconf 90' lang='lat' dir='ltr'><strong>me</strong></span> <span class='ocrx_word' id='word_1_281' title='bbox 1620 2036 1750 2108; x_wconf 87' lang='lat' dir='ltr'><strong>legi-</strong></span> 
     </span>
    </p>
   </div>
   <div class='ocr_carea' id='block_1_38' title="bbox 148 2127 1749 2205">
    <p class='ocr_par' dir='ltr' id='par_1_38' title="bbox 148 2127 1749 2205">
     <span class='ocr_line' id='line_1_38' title="bbox 148 2127 1749 2205; baseline -0.005 -15"><span class='ocrx_word' id='word_1_282' title='bbox 148 2136 284 2191; x_wconf 82' lang='lat' dir='ltr'><strong>time</strong></span> <span class='ocrx_word' id='word_1_283' title='bbox 304 2134 579 2205; x_wconf 87' lang='lat' dir='ltr'><strong>pertinent</strong></span> <span class='ocrx_word' id='word_1_284' title='bbox 598 2147 666 2186; x_wconf 87' lang='lat' dir='ltr'><strong>ex</strong></span> <span class='ocrx_word' id='word_1_285' title='bbox 691 2131 920 2201; x_wconf 92' lang='lat' dir='ltr'><strong>integro.</strong></span> <span class='ocrx_word' id='word_1_286' title='bbox 945 2128 1150 2200; x_wconf 77' lang='lat' dir='ltr'><strong>Agrum</strong></span> <span class='ocrx_word' id='word_1_287' title='bbox 1179 2130 1366 2184; x_wconf 85' lang='lat' dir='ltr'><strong>subter</strong></span> <span class='ocrx_word' id='word_1_288' title='bbox 1394 2127 1610 2183; x_wconf 87' lang='lat' dir='ltr'><strong>L&#39;obene</strong></span> <span class='ocrx_word' id='word_1_289' title='bbox 1635 2143 1749 2182; x_wconf 92' lang='lat' dir='ltr'><strong>mo—</strong></span> 
     </span>
    </p>
   </div>
   <div class='ocr_carea' id='block_1_39' title="bbox 147 2218 1744 2294">
    <p class='ocr_par' dir='ltr' id='par_1_39' title="bbox 147 2218 1744 2294">
     <span class='ocr_line' id='line_1_39' title="bbox 147 2218 1744 2294; baseline -0.004 -14"><span class='ocrx_word' id='word_1_290' title='bbox 147 2224 321 2280; x_wconf 83' lang='lat' dir='ltr'><strong>diales</strong></span> <span class='ocrx_word' id='word_1_291' title='bbox 368 2223 666 2294; x_wconf 80' lang='lat' dir='ltr'><strong>sexaginta,</strong></span> <span class='ocrx_word' id='word_1_292' title='bbox 721 2219 1103 2277; x_wconf 85' lang='lat' dir='ltr'><strong>conﬁnientem</strong></span> <span class='ocrx_word' id='word_1_293' title='bbox 1149 2220 1202 2274; x_wconf 92' lang='lat' dir='ltr'><strong>iu</strong></span> <span class='ocrx_word' id='word_1_294' title='bbox 1253 2219 1427 2275; x_wconf 90' lang='lat' dir='ltr'><strong>sancti</strong></span> <span class='ocrx_word' id='word_1_295' title='bbox 1473 2218 1687 2274; x_wconf 81' lang='lat' dir='ltr'><strong>Martini</strong></span> <span class='ocrx_word' id='word_1_296' title='bbox 1734 2238 1744 2272; x_wconf 94' lang='lat'>:</span> 
     </span>
    </p>
   </div>
   <div class='ocr_carea' id='block_1_40' title="bbox 148 2311 1747 2387">
    <p class='ocr_par' dir='ltr' id='par_1_40' title="bbox 148 2311 1747 2387">
     <span class='ocr_line' id='line_1_40' title="bbox 148 2311 1747 2387; baseline -0.003 -17"><span class='ocrx_word' id='word_1_297' title='bbox 148 2331 341 2387; x_wconf 63' lang='lat' dir='ltr'><strong>agrum</strong></span> <span class='ocrx_word' id='word_1_298' title='bbox 367 2316 433 2371; x_wconf 85' lang='lat' dir='ltr'><strong>ad</strong></span> <span class='ocrx_word' id='word_1_299' title='bbox 459 2323 690 2380; x_wconf 89' lang='lat' dir='ltr'><strong>curtem,</strong></span> <span class='ocrx_word' id='word_1_300' title='bbox 718 2313 983 2369; x_wconf 82' lang='lat' dir='ltr'><strong>modiales</strong></span> <span class='ocrx_word' id='word_1_301' title='bbox 1009 2311 1336 2382; x_wconf 88' lang='lat' dir='ltr'><strong>quindecim,</strong></span> <span class='ocrx_word' id='word_1_302' title='bbox 1364 2311 1747 2368; x_wconf 87' lang='lat' dir='ltr'><strong>conﬁnieutem</strong></span> 
     </span>
    </p>
   </div>
   <div class='ocr_carea' id='block_1_41' title="bbox 145 2402 1747 2476">
    <p class='ocr_par' dir='ltr' id='par_1_41' title="bbox 145 2402 1747 2476">
     <span class='ocr_line' id='line_1_41' title="bbox 145 2402 1747 2476; baseline -0.001 -16"><span class='ocrx_word' id='word_1_303' title='bbox 145 2422 202 2460; x_wconf 81' lang='lat' dir='ltr'><strong>tu</strong></span> <span class='ocrx_word' id='word_1_304' title='bbox 230 2413 432 2462; x_wconf 64' lang='lat' dir='ltr'><strong>sancta:</strong></span> <span class='ocrx_word' id='word_1_305' title='bbox 463 2406 648 2460; x_wconf 73' lang='lat' dir='ltr'><strong>Maria:</strong></span> <span class='ocrx_word' id='word_1_306' title='bbox 673 2419 687 2459; x_wconf 92' lang='lat'><strong>:</strong></span> <span class='ocrx_word' id='word_1_307' title='bbox 713 2420 902 2476; x_wconf 88' lang='lat' dir='ltr'><strong>agrum</strong></span> <span class='ocrx_word' id='word_1_308' title='bbox 931 2402 1164 2476; x_wconf 81' lang='lat' dir='ltr'><strong>Allupio,</strong></span> <span class='ocrx_word' id='word_1_309' title='bbox 1191 2404 1454 2460; x_wconf 88' lang='lat' dir='ltr'><strong>modiales</strong></span> <span class='ocrx_word' id='word_1_310' title='bbox 1478 2419 1596 2470; x_wconf 88' lang='lat' dir='ltr'><strong>sex,</strong></span> <span class='ocrx_word' id='word_1_311' title='bbox 1620 2419 1747 2459; x_wconf 84' lang='lat' dir='ltr'><strong>con-</strong></span> 
     </span>
    </p>
   </div>
   <div class='ocr_carea' id='block_1_42' title="bbox 145 2495 1744 2567">
    <p class='ocr_par' dir='ltr' id='par_1_42' title="bbox 145 2495 1744 2567">
     <span class='ocr_line' id='line_1_42' title="bbox 145 2495 1744 2567; baseline -0.003 -15"><span class='ocrx_word' id='word_1_312' title='bbox 145 2496 427 2552; x_wconf 74' lang='lat' dir='ltr'><strong>ﬁnieutcm</strong></span> <span class='ocrx_word' id='word_1_313' title='bbox 453 2497 506 2551; x_wconf 92' lang='lat' dir='ltr'><strong>in</strong></span> <span class='ocrx_word' id='word_1_314' title='bbox 533 2497 782 2564; x_wconf 86' lang='lat' dir='ltr'><strong>Quartiui</strong></span> <span class='ocrx_word' id='word_1_315' title='bbox 809 2515 822 2550; x_wconf 89' lang='lat'>:</span> <span class='ocrx_word' id='word_1_316' title='bbox 850 2511 1042 2567; x_wconf 88' lang='lat' dir='ltr'><strong>agrum</strong></span> <span class='ocrx_word' id='word_1_317' title='bbox 1070 2495 1308 2552; x_wconf 81' lang='lat' dir='ltr'><strong>Roncale</strong></span> <span class='ocrx_word' id='word_1_318' title='bbox 1334 2495 1593 2551; x_wconf 85' lang='lat' dir='ltr'><strong>modiales</strong></span> <span class='ocrx_word' id='word_1_319' title='bbox 1618 2510 1744 2550; x_wconf 87' lang='lat' dir='ltr'><strong>sex:</strong></span> 
     </span>
    </p>
   </div>
   <div class='ocr_carea' id='block_1_43' title="bbox 142 2587 1745 2660">
    <p class='ocr_par' dir='ltr' id='par_1_43' title="bbox 142 2587 1745 2660">
     <span class='ocr_line' id='line_1_43' title="bbox 142 2587 1745 2660; baseline -0.002 -14"><span class='ocrx_word' id='word_1_320' title='bbox 142 2606 337 2660; x_wconf 89' lang='lat' dir='ltr'><strong>agrum</strong></span> <span class='ocrx_word' id='word_1_321' title='bbox 362 2597 488 2645; x_wconf 90' lang='lat' dir='ltr'><strong>ante</strong></span> <span class='ocrx_word' id='word_1_322' title='bbox 515 2590 546 2645; x_wconf 56' lang='grc' dir='ltr'><strong>ν</strong></span> <span class='ocrx_word' id='word_1_323' title='bbox 561 2590 706 2643; x_wconf 87' lang='lat' dir='ltr'><strong>icum</strong></span> <span class='ocrx_word' id='word_1_324' title='bbox 729 2587 988 2644; x_wconf 89' lang='lat' dir='ltr'><strong>modiales</strong></span> <span class='ocrx_word' id='word_1_325' title='bbox 1008 2604 1125 2654; x_wconf 87' lang='lat' dir='ltr'><strong>sex,</strong></span> <span class='ocrx_word' id='word_1_326' title='bbox 1151 2589 1536 2645; x_wconf 91' lang='lat' dir='ltr'><strong>conﬁnientem</strong></span> <span class='ocrx_word' id='word_1_327' title='bbox 1562 2589 1614 2643; x_wconf 93' lang='lat' dir='ltr'><strong>in</strong></span> <span class='ocrx_word' id='word_1_328' title='bbox 1637 2589 1745 2643; x_wconf 86' lang='lat' dir='ltr'><strong>via.</strong></span> 
     </span>
    </p>
   </div>
   <div class='ocr_carea' id='block_1_44' title="bbox 142 2679 1744 2752">
    <p class='ocr_par' dir='ltr' id='par_1_44' title="bbox 142 2679 1744 2752">
     <span class='ocr_line' id='line_1_44' title="bbox 142 2679 1744 2752; baseline -0.001 -19"><span class='ocrx_word' id='word_1_329' title='bbox 142 2680 280 2734; x_wconf 89' lang='lat' dir='ltr'><strong>Item</strong></span> <span class='ocrx_word' id='word_1_330' title='bbox 299 2680 526 2752; x_wconf 87' lang='lat' dir='ltr'><strong>pradum</strong></span> <span class='ocrx_word' id='word_1_331' title='bbox 551 2681 604 2733; x_wconf 92' lang='lat' dir='ltr'><strong>in</strong></span> <span class='ocrx_word' id='word_1_332' title='bbox 621 2679 990 2750; x_wconf 87' lang='lat' dir='ltr'><strong>Campaniola.</strong></span> <span class='ocrx_word' id='word_1_333' title='bbox 1011 2694 1179 2734; x_wconf 88' lang='lat' dir='ltr'><strong>onera</strong></span> <span class='ocrx_word' id='word_1_334' title='bbox 1199 2679 1404 2740; x_wconf 90' lang='lat' dir='ltr'><strong>decem,</strong></span> <span class='ocrx_word' id='word_1_335' title='bbox 1429 2679 1744 2733; x_wconf 84' lang='lat' dir='ltr'><strong>conlinient.</strong></span> 
     </span>
    </p>
   </div>
   <div class='ocr_carea' id='block_1_45' title="bbox 143 2770 1749 2842">
    <p class='ocr_par' dir='ltr' id='par_1_45' title="bbox 143 2770 1749 2842">
     <span class='ocr_line' id='line_1_45' title="bbox 143 2770 1749 2842; baseline -0.003 -13"><span class='ocrx_word' id='word_1_336' title='bbox 143 2788 202 2829; x_wconf 85' lang='lat' dir='ltr'><strong>tn</strong></span> <span class='ocrx_word' id='word_1_337' title='bbox 237 2780 439 2829; x_wconf 76' lang='lat' dir='ltr'><strong>sancta:</strong></span> <span class='ocrx_word' id='word_1_338' title='bbox 476 2772 679 2828; x_wconf 74' lang='lat' dir='ltr'><strong>Marize.</strong></span> <span class='ocrx_word' id='word_1_339' title='bbox 719 2770 954 2827; x_wconf 83' lang='lat' dir='ltr'><strong>Pradum</strong></span> <span class='ocrx_word' id='word_1_340' title='bbox 995 2772 1048 2826; x_wconf 92' lang='lat' dir='ltr'><strong>in</strong></span> <span class='ocrx_word' id='word_1_341' title='bbox 1091 2771 1415 2842; x_wconf 86' lang='lat' dir='ltr'><strong>Logorione,</strong></span> <span class='ocrx_word' id='word_1_342' title='bbox 1452 2784 1618 2825; x_wconf 86' lang='lat' dir='ltr'><strong>onera</strong></span> <span class='ocrx_word' id='word_1_343' title='bbox 1657 2770 1749 2825; x_wconf 83' lang='lat' dir='ltr'><strong>de-</strong></span> 
     </span>
    </p>
   </div>
   <div class='ocr_carea' id='block_1_46' title="bbox 145 2864 1745 2934">
    <p class='ocr_par' dir='ltr' id='par_1_46' title="bbox 145 2864 1745 2934">
     <span class='ocr_line' id='line_1_46' title="bbox 145 2864 1745 2934; baseline -0.003 -13"><span class='ocrx_word' id='word_1_344' title='bbox 145 2880 298 2930; x_wconf 86' lang='lat' dir='ltr'><strong>cem,</strong></span> <span class='ocrx_word' id='word_1_345' title='bbox 336 2865 652 2921; x_wconf 90' lang='lat' dir='ltr'><strong>conﬁnieut.</strong></span> <span class='ocrx_word' id='word_1_346' title='bbox 696 2866 750 2920; x_wconf 90' lang='lat' dir='ltr'><strong>in</strong></span> <span class='ocrx_word' id='word_1_347' title='bbox 780 2875 979 2920; x_wconf 64' lang='lat' dir='ltr'><strong>sanctae</strong></span> <span class='ocrx_word' id='word_1_348' title='bbox 1011 2866 1212 2921; x_wconf 77' lang='lat' dir='ltr'><strong>Marize.</strong></span> <span class='ocrx_word' id='word_1_349' title='bbox 1253 2864 1388 2920; x_wconf 91' lang='lat' dir='ltr'><strong>Item</strong></span> <span class='ocrx_word' id='word_1_350' title='bbox 1425 2878 1588 2934; x_wconf 84' lang='lat' dir='ltr'><strong>super</strong></span> <span class='ocrx_word' id='word_1_351' title='bbox 1615 2878 1745 2918; x_wconf 87' lang='lat' dir='ltr'><strong>saxa</strong></span> 
     </span>
    </p>
   </div>
   <div class='ocr_carea' id='block_1_47' title="bbox 149 2955 1746 3022">
    <p class='ocr_par' dir='ltr' id='par_1_47' title="bbox 149 2955 1746 3022">
     <span class='ocr_line' id='line_1_47' title="bbox 149 2955 1746 3022; baseline 0 -14"><span class='ocrx_word' id='word_1_352' title='bbox 149 2955 328 3010; x_wconf 87' lang='lat' dir='ltr'><strong>villam</strong></span> <span class='ocrx_word' id='word_1_353' title='bbox 369 2970 544 3010; x_wconf 87' lang='lat' dir='ltr'><strong>meam</strong></span> <span class='ocrx_word' id='word_1_354' title='bbox 570 2971 694 3012; x_wconf 91' lang='lat' dir='ltr'><strong>cum</strong></span> <span class='ocrx_word' id='word_1_355' title='bbox 725 2971 870 3018; x_wconf 83' lang='lat' dir='ltr'><strong>casa,</strong></span> <span class='ocrx_word' id='word_1_356' title='bbox 903 2971 1026 3010; x_wconf 89' lang='lat' dir='ltr'><strong>cum</strong></span> <span class='ocrx_word' id='word_1_357' title='bbox 1051 2957 1318 3022; x_wconf 89' lang='lat' dir='ltr'><strong>tabulata,</strong></span> <span class='ocrx_word' id='word_1_358' title='bbox 1359 2971 1480 3010; x_wconf 92' lang='lat' dir='ltr'><strong>cum</strong></span> <span class='ocrx_word' id='word_1_359' title='bbox 1511 2955 1746 3012; x_wconf 90' lang='lat' dir='ltr'><strong>torbaci-</strong></span> 
     </span>
    </p>
   </div>
   <div class='ocr_carea' id='block_1_48' title="bbox 144 3047 1746 3117">
    <p class='ocr_par' dir='ltr' id='par_1_48' title="bbox 144 3047 1746 3117">
     <span class='ocr_line' id='line_1_48' title="bbox 144 3047 1746 3117; baseline -0.005 -10"><span class='ocrx_word' id='word_1_360' title='bbox 144 3055 270 3114; x_wconf 80' lang='lat' dir='ltr'><strong>bus,</strong></span> <span class='ocrx_word' id='word_1_361' title='bbox 309 3063 432 3106; x_wconf 89' lang='lat' dir='ltr'><strong>cum</strong></span> <span class='ocrx_word' id='word_1_362' title='bbox 469 3055 610 3113; x_wconf 91' lang='lat' dir='ltr'><strong>orto,</strong></span> <span class='ocrx_word' id='word_1_363' title='bbox 640 3056 695 3103; x_wconf 92' lang='lat' dir='ltr'><strong>et</strong></span> <span class='ocrx_word' id='word_1_364' title='bbox 727 3048 979 3103; x_wconf 89' lang='lat' dir='ltr'><strong>omnibus</strong></span> <span class='ocrx_word' id='word_1_365' title='bbox 1007 3063 1128 3117; x_wconf 76' lang='lat' dir='ltr'><strong>quae</strong></span> <span class='ocrx_word' id='word_1_366' title='bbox 1163 3047 1308 3104; x_wconf 89' lang='lat' dir='ltr'><strong>circa</strong></span> <span class='ocrx_word' id='word_1_367' title='bbox 1339 3047 1510 3117; x_wconf 89' lang='lat' dir='ltr'><strong>ipsam</strong></span> <span class='ocrx_word' id='word_1_368' title='bbox 1537 3053 1746 3100; x_wconf 88' lang='lat' dir='ltr'><strong>curtem</strong></span> 
     </span>
    </p>
   </div>
   <div class='ocr_carea' id='block_1_49' title="bbox 146 3115 1816 3211">
    <p class='ocr_par' dir='ltr' id='par_1_49' title="bbox 146 3115 1816 3211">
     <span class='ocr_line' id='line_1_49' title="bbox 146 3115 1816 3211; baseline -0.004 -15"><span class='ocrx_word' id='word_1_369' title='bbox 146 3141 508 3211; x_wconf 90' lang='lat' dir='ltr'><strong>adpertinent,</strong></span> <span class='ocrx_word' id='word_1_370' title='bbox 537 3154 603 3194; x_wconf 84' lang='lat' dir='ltr'><strong>ex</strong></span> <span class='ocrx_word' id='word_1_371' title='bbox 632 3138 843 3210; x_wconf 82' lang='lat' dir='ltr'><strong>integro</strong></span> <span class='ocrx_word' id='word_1_372' title='bbox 867 3156 880 3192; x_wconf 90' lang='lat'><strong>:</strong></span> <span class='ocrx_word' id='word_1_373' title='bbox 903 3115 1114 3208; x_wconf 74' lang='lat' dir='ltr'><strong>agrum,</strong></span> <span class='ocrx_word' id='word_1_374' title='bbox 1137 3115 1400 3192; x_wconf 80' lang='lat' dir='ltr'><strong>modiales</strong></span> <span class='ocrx_word' id='word_1_375' title='bbox 1421 3135 1702 3207; x_wconf 78' lang='lat' dir='ltr'><strong>sexaginta</strong></span> <span class='ocrx_word' id='word_1_376' title='bbox 1727 3153 1738 3189; x_wconf 91' lang='lat'>:</span> <span class='ocrx_word' id='word_1_377' title='bbox 1769 3115 1816 3178; x_wconf 65' lang='grc' dir='ltr'><strong>(ἶ</strong></span> 
     </span>
    </p>
   </div>
   <div class='ocr_carea' id='block_1_50' title="bbox 147 3225 1743 3301">
    <p class='ocr_par' dir='ltr' id='par_1_50' title="bbox 147 3225 1743 3301">
     <span class='ocr_line' id='line_1_50' title="bbox 147 3225 1743 3301; baseline -0.004 -15"><span class='ocrx_word' id='word_1_378' title='bbox 147 3232 410 3301; x_wconf 80' lang='lat' dir='ltr'><strong>pradum,</strong></span> <span class='ocrx_word' id='word_1_379' title='bbox 446 3245 611 3286; x_wconf 87' lang='lat' dir='ltr'><strong>onera</strong></span> <span class='ocrx_word' id='word_1_380' title='bbox 649 3236 886 3286; x_wconf 90' lang='lat' dir='ltr'><strong>centum.</strong></span> <span class='ocrx_word' id='word_1_381' title='bbox 921 3227 1102 3283; x_wconf 81' lang='lat' dir='ltr'><strong>Alium</strong></span> <span class='ocrx_word' id='word_1_382' title='bbox 1142 3227 1320 3282; x_wconf 89' lang='lat' dir='ltr'><strong>locum</strong></span> <span class='ocrx_word' id='word_1_383' title='bbox 1359 3225 1743 3291; x_wconf 80' lang='lat' dir='ltr'><strong>Mauiniocum,</strong></span> 
     </span>
    </p>
   </div>
   <div class='ocr_carea' id='block_1_51' title="bbox 148 3317 1748 3395">
    <p class='ocr_par' dir='ltr' id='par_1_51' title="bbox 148 3317 1748 3395">
     <span class='ocr_line' id='line_1_51' title="bbox 148 3317 1748 3395; baseline -0.004 -18"><span class='ocrx_word' id='word_1_384' title='bbox 148 3339 337 3395; x_wconf 87' lang='lat' dir='ltr'><strong>agrum</strong></span> <span class='ocrx_word' id='word_1_385' title='bbox 367 3321 628 3380; x_wconf 84' lang='lat' dir='ltr'><strong>modiales</strong></span> <span class='ocrx_word' id='word_1_386' title='bbox 652 3321 841 3393; x_wconf 79' lang='lat' dir='ltr'><strong>viginti</strong></span> <span class='ocrx_word' id='word_1_387' title='bbox 873 3339 886 3374; x_wconf 89' lang='lat'><strong>:</strong></span> <span class='ocrx_word' id='word_1_388' title='bbox 917 3320 1064 3376; x_wconf 91' lang='lat' dir='ltr'><strong>aliud</strong></span> <span class='ocrx_word' id='word_1_389' title='bbox 1102 3319 1240 3391; x_wconf 88' lang='lat' dir='ltr'><strong>prad</strong></span> <span class='ocrx_word' id='word_1_390' title='bbox 1259 3334 1330 3373; x_wconf 78' lang='lat' dir='ltr'><strong>im</strong></span> <span class='ocrx_word' id='word_1_391' title='bbox 1359 3317 1548 3384; x_wconf 86' lang='lat' dir='ltr'><strong>Naulo,</strong></span> <span class='ocrx_word' id='word_1_392' title='bbox 1579 3333 1748 3373; x_wconf 88' lang='lat' dir='ltr'><strong>onera</strong></span> 
     </span>
    </p>
   </div>
   <div class='ocr_carea' id='block_1_52' title="bbox 149 3416 1758 3490">
    <p class='ocr_par' dir='ltr' id='par_1_52' title="bbox 149 3416 1758 3490">
     <span class='ocr_line' id='line_1_52' title="bbox 149 3416 1758 3490; baseline -0.001 -19"><span class='ocrx_word' id='word_1_393' title='bbox 149 3418 508 3488; x_wconf 89' lang='lat' dir='ltr'><strong>quadraginta</strong></span> <span class='ocrx_word' id='word_1_394' title='bbox 550 3437 562 3472; x_wconf 91' lang='lat'>:</span> <span class='ocrx_word' id='word_1_395' title='bbox 607 3419 726 3475; x_wconf 69' lang='grc' dir='ltr'><strong>ιιωο</strong></span> <span class='ocrx_word' id='word_1_396' title='bbox 753 3419 934 3474; x_wconf 89' lang='lat' dir='ltr'><strong>omnia</strong></span> <span class='ocrx_word' id='word_1_397' title='bbox 973 3419 1085 3473; x_wconf 89' lang='lat' dir='ltr'><strong>siut</strong></span> <span class='ocrx_word' id='word_1_398' title='bbox 1117 3417 1244 3472; x_wconf 90' lang='lat' dir='ltr'><strong>data</strong></span> <span class='ocrx_word' id='word_1_399' title='bbox 1273 3418 1341 3472; x_wconf 93' lang='lat' dir='ltr'><strong>ad</strong></span> <span class='ocrx_word' id='word_1_400' title='bbox 1381 3416 1758 3490; x_wconf 86' lang='lat' dir='ltr'><strong>supradictam</strong></span> 
     </span>
    </p>
   </div>
   <div class='ocr_carea' id='block_1_53' title="bbox 148 3509 1744 3582">
    <p class='ocr_par' dir='ltr' id='par_1_53' title="bbox 148 3509 1744 3582">
     <span class='ocr_line' id='line_1_53' title="bbox 148 3509 1744 3582; baseline -0.002 -15"><span class='ocrx_word' id='word_1_401' title='bbox 148 3511 460 3567; x_wconf 87' lang='lat' dir='ltr'><strong>ecclesiam.</strong></span> <span class='ocrx_word' id='word_1_402' title='bbox 482 3511 615 3568; x_wconf 92' lang='lat' dir='ltr'><strong>Item</strong></span> <span class='ocrx_word' id='word_1_403' title='bbox 642 3511 822 3567; x_wconf 89' lang='lat' dir='ltr'><strong>coloni</strong></span> <span class='ocrx_word' id='word_1_404' title='bbox 848 3513 914 3568; x_wconf 90' lang='lat' dir='ltr'><strong>de</strong></span> <span class='ocrx_word' id='word_1_405' title='bbox 942 3511 1058 3582; x_wconf 84' lang='lat' dir='ltr'><strong>ipsa</strong></span> <span class='ocrx_word' id='word_1_406' title='bbox 1081 3519 1233 3566; x_wconf 90' lang='lat' dir='ltr'><strong>curte</strong></span> <span class='ocrx_word' id='word_1_407' title='bbox 1253 3509 1489 3574; x_wconf 72' lang='lat' dir='ltr'><strong>lliande,</strong></span> <span class='ocrx_word' id='word_1_408' title='bbox 1502 3509 1744 3580; x_wconf 88' lang='lat' dir='ltr'><strong>Sporcio,</strong></span> 
     </span>
    </p>
   </div>
   <div class='ocr_carea' id='block_1_54' title="bbox 154 3601 1747 3672">
    <p class='ocr_par' dir='ltr' id='par_1_54' title="bbox 154 3601 1747 3672">
     <span class='ocr_line' id='line_1_54' title="bbox 154 3601 1747 3672; baseline -0.001 -14"><span class='ocrx_word' id='word_1_409' title='bbox 154 3602 450 3668; x_wconf 69' lang='lat' dir='ltr'><strong>Vidaliuus,</strong></span> <span class='ocrx_word' id='word_1_410' title='bbox 489 3603 589 3659; x_wconf 87' lang='lat' dir='ltr'><strong>bos</strong></span> <span class='ocrx_word' id='word_1_411' title='bbox 631 3603 770 3659; x_wconf 90' lang='lat' dir='ltr'><strong>duos</strong></span> <span class='ocrx_word' id='word_1_412' title='bbox 808 3619 936 3660; x_wconf 91' lang='lat' dir='ltr'><strong>cum</strong></span> <span class='ocrx_word' id='word_1_413' title='bbox 979 3603 1244 3660; x_wconf 76' lang='lat' dir='ltr'><strong>uxoribus</strong></span> <span class='ocrx_word' id='word_1_414' title='bbox 1284 3611 1340 3658; x_wconf 90' lang='lat' dir='ltr'><strong>et</strong></span> <span class='ocrx_word' id='word_1_415' title='bbox 1380 3601 1526 3667; x_wconf 88' lang='lat' dir='ltr'><strong>ﬁliis,</strong></span> <span class='ocrx_word' id='word_1_416' title='bbox 1569 3616 1747 3672; x_wconf 84' lang='lat' dir='ltr'><strong>agros,</strong></span> 
     </span>
    </p>
   </div>
   <div class='ocr_carea' id='block_1_55' title="bbox 150 3692 1749 3764">
    <p class='ocr_par' dir='ltr' id='par_1_55' title="bbox 150 3692 1749 3764">
     <span class='ocr_line' id='line_1_55' title="bbox 150 3692 1749 3764; baseline -0.001 -16"><span class='ocrx_word' id='word_1_417' title='bbox 150 3700 326 3763; x_wconf 82' lang='lat' dir='ltr'><strong>prata,</strong></span> <span class='ocrx_word' id='word_1_418' title='bbox 372 3702 428 3750; x_wconf 92' lang='lat' dir='ltr'><strong>et</strong></span> <span class='ocrx_word' id='word_1_419' title='bbox 473 3709 596 3750; x_wconf 93' lang='lat' dir='ltr'><strong>cum</strong></span> <span class='ocrx_word' id='word_1_420' title='bbox 638 3694 789 3750; x_wconf 86' lang='lat' dir='ltr'><strong>omni</strong></span> <span class='ocrx_word' id='word_1_421' title='bbox 829 3695 1030 3750; x_wconf 90' lang='lat' dir='ltr'><strong>sondro</strong></span> <span class='ocrx_word' id='word_1_422' title='bbox 1079 3709 1199 3760; x_wconf 91' lang='lat' dir='ltr'><strong>suo,</strong></span> <span class='ocrx_word' id='word_1_423' title='bbox 1238 3711 1306 3750; x_wconf 88' lang='lat' dir='ltr'><strong>ex</strong></span> <span class='ocrx_word' id='word_1_424' title='bbox 1343 3695 1574 3764; x_wconf 85' lang='lat' dir='ltr'><strong>integro.</strong></span> <span class='ocrx_word' id='word_1_425' title='bbox 1617 3692 1749 3748; x_wconf 89' lang='lat' dir='ltr'><strong>Item</strong></span> 
     </span>
    </p>
   </div>
   <div class='ocr_carea' id='block_1_56' title="bbox 153 3783 1748 3856">
    <p class='ocr_par' dir='ltr' id='par_1_56' title="bbox 153 3783 1748 3856">
     <span class='ocr_line' id='line_1_56' title="bbox 153 3783 1748 3856; baseline 0 -16"><span class='ocrx_word' id='word_1_426' title='bbox 153 3785 432 3856; x_wconf 87' lang='lat' dir='ltr'><strong>Despicus,</strong></span> <span class='ocrx_word' id='word_1_427' title='bbox 455 3785 782 3852; x_wconf 82' lang='lat' dir='ltr'><strong>Vidalianus,</strong></span> <span class='ocrx_word' id='word_1_428' title='bbox 807 3784 1161 3852; x_wconf 83' lang='lat' dir='ltr'><strong>Maureutius,</strong></span> <span class='ocrx_word' id='word_1_429' title='bbox 1181 3784 1461 3847; x_wconf 78' lang='lat' dir='ltr'><strong>Martinus,</strong></span> <span class='ocrx_word' id='word_1_430' title='bbox 1479 3783 1748 3850; x_wconf 81' lang='lat' dir='ltr'><strong>Calvolus,</strong></span> 
     </span>
    </p>
   </div>
   <div class='ocr_carea' id='block_1_57' title="bbox 153 3875 1753 3943">
    <p class='ocr_par' dir='ltr' id='par_1_57' title="bbox 153 3875 1753 3943">
     <span class='ocr_line' id='line_1_57' title="bbox 153 3875 1753 3943; baseline -0.001 -11"><span class='ocrx_word' id='word_1_431' title='bbox 153 3875 404 3932; x_wconf 80' lang='lat' dir='ltr'><strong>Lidorius</strong></span> <span class='ocrx_word' id='word_1_432' title='bbox 440 3895 453 3931; x_wconf 91' lang='lat'>:</span> <span class='ocrx_word' id='word_1_433' title='bbox 496 3878 584 3932; x_wconf 71' lang='lat' dir='ltr'><strong>isti</strong></span> <span class='ocrx_word' id='word_1_434' title='bbox 619 3893 809 3934; x_wconf 92' lang='lat' dir='ltr'><strong>omnes</strong></span> <span class='ocrx_word' id='word_1_435' title='bbox 837 3893 962 3934; x_wconf 91' lang='lat' dir='ltr'><strong>cum</strong></span> <span class='ocrx_word' id='word_1_436' title='bbox 992 3877 1249 3934; x_wconf 77' lang='lat' dir='ltr'><strong>uxoribus</strong></span> <span class='ocrx_word' id='word_1_437' title='bbox 1286 3885 1342 3934; x_wconf 93' lang='lat' dir='ltr'><strong>et</strong></span> <span class='ocrx_word' id='word_1_438' title='bbox 1375 3878 1500 3933; x_wconf 79' lang='lat' dir='ltr'><strong>filiis</strong></span> <span class='ocrx_word' id='word_1_439' title='bbox 1532 3881 1665 3943; x_wconf 90' lang='lat' dir='ltr'><strong>suis,</strong></span> <span class='ocrx_word' id='word_1_440' title='bbox 1696 3884 1753 3934; x_wconf 89' lang='lat' dir='ltr'><strong>et</strong></span> 
     </span>
    </p>
   </div>
   <div class='ocr_carea' id='block_1_58' title="bbox 156 3968 1752 4041">
    <p class='ocr_par' dir='ltr' id='par_1_58' title="bbox 156 3968 1752 4041">
     <span class='ocr_line' id='line_1_58' title="bbox 156 3968 1752 4041; baseline 0.001 -16"><span class='ocrx_word' id='word_1_441' title='bbox 156 3981 281 4025; x_wconf 89' lang='lat' dir='ltr'><strong>cum</strong></span> <span class='ocrx_word' id='word_1_442' title='bbox 308 3969 458 4026; x_wconf 90' lang='lat' dir='ltr'><strong>omni</strong></span> <span class='ocrx_word' id='word_1_443' title='bbox 503 3969 706 4026; x_wconf 89' lang='lat' dir='ltr'><strong>sondro</strong></span> <span class='ocrx_word' id='word_1_444' title='bbox 746 3985 863 4034; x_wconf 92' lang='lat' dir='ltr'><strong>suo,</strong></span> <span class='ocrx_word' id='word_1_445' title='bbox 906 3985 973 4025; x_wconf 84' lang='lat' dir='ltr'><strong>ex</strong></span> <span class='ocrx_word' id='word_1_446' title='bbox 1015 3969 1244 4040; x_wconf 78' lang='lat' dir='ltr'><strong>integro.</strong></span> <span class='ocrx_word' id='word_1_447' title='bbox 1291 3969 1472 4041; x_wconf 88' lang='lat' dir='ltr'><strong>Lopus</strong></span> <span class='ocrx_word' id='word_1_448' title='bbox 1500 3977 1553 4025; x_wconf 92' lang='lat' dir='ltr'><strong>et</strong></span> <span class='ocrx_word' id='word_1_449' title='bbox 1587 3968 1752 4026; x_wconf 82' lang='lat' dir='ltr'><strong>Urse-</strong></span> 
     </span>
    </p>
   </div>
   <div class='ocr_carea' id='block_1_59' title="bbox 156 4059 1751 4129">
    <p class='ocr_par' dir='ltr' id='par_1_59' title="bbox 156 4059 1751 4129">
     <span class='ocr_line' id='line_1_59' title="bbox 156 4059 1751 4129; baseline 0.001 -16"><span class='ocrx_word' id='word_1_450' title='bbox 156 4059 292 4123; x_wconf 90' lang='lat' dir='ltr'><strong>cius,</strong></span> <span class='ocrx_word' id='word_1_451' title='bbox 317 4059 410 4129; x_wconf 89' lang='lat' dir='ltr'><strong>qui</strong></span> <span class='ocrx_word' id='word_1_452' title='bbox 435 4067 563 4114; x_wconf 90' lang='lat' dir='ltr'><strong>sunt</strong></span> <span class='ocrx_word' id='word_1_453' title='bbox 591 4059 708 4114; x_wconf 87' lang='lat' dir='ltr'><strong>sine</strong></span> <span class='ocrx_word' id='word_1_454' title='bbox 737 4069 902 4124; x_wconf 89' lang='lat' dir='ltr'><strong>terra,</strong></span> <span class='ocrx_word' id='word_1_455' title='bbox 928 4068 985 4114; x_wconf 91' lang='lat' dir='ltr'><strong>et</strong></span> <span class='ocrx_word' id='word_1_456' title='bbox 1011 4059 1111 4128; x_wconf 87' lang='lat' dir='ltr'><strong>ipsi</strong></span> <span class='ocrx_word' id='word_1_457' title='bbox 1143 4059 1252 4114; x_wconf 90' lang='lat' dir='ltr'><strong>sint</strong></span> <span class='ocrx_word' id='word_1_458' title='bbox 1273 4059 1383 4114; x_wconf 90' lang='lat' dir='ltr'><strong>dati</strong></span> <span class='ocrx_word' id='word_1_459' title='bbox 1409 4059 1478 4113; x_wconf 90' lang='lat' dir='ltr'><strong>ad</strong></span> <span class='ocrx_word' id='word_1_460' title='bbox 1505 4066 1751 4114; x_wconf 86' lang='lat' dir='ltr'><strong>sanctam</strong></span> 
     </span>
    </p>
   </div>
   <div class='ocr_carea' id='block_1_60' title="bbox 155 4147 1752 4217">
    <p class='ocr_par' dir='ltr' id='par_1_60' title="bbox 155 4147 1752 4217">
     <span class='ocr_line' id='line_1_60' title="bbox 155 4147 1752 4217; baseline -0.001 -13"><span class='ocrx_word' id='word_1_461' title='bbox 155 4147 460 4204; x_wconf 83' lang='lat' dir='ltr'><strong>ecclesiam.</strong></span> <span class='ocrx_word' id='word_1_462' title='bbox 484 4148 616 4203; x_wconf 89' lang='lat' dir='ltr'><strong>Item</strong></span> <span class='ocrx_word' id='word_1_463' title='bbox 644 4157 854 4202; x_wconf 88' lang='lat' dir='ltr'><strong>curtem</strong></span> <span class='ocrx_word' id='word_1_464' title='bbox 879 4163 1057 4202; x_wconf 88' lang='lat' dir='ltr'><strong>meam</strong></span> <span class='ocrx_word' id='word_1_465' title='bbox 1084 4149 1137 4201; x_wconf 91' lang='lat' dir='ltr'><strong>in</strong></span> <span class='ocrx_word' id='word_1_466' title='bbox 1159 4147 1404 4217; x_wconf 85' lang='lat' dir='ltr'><strong>Bregelo,</strong></span> <span class='ocrx_word' id='word_1_467' title='bbox 1426 4163 1588 4217; x_wconf 70' lang='lat' dir='ltr'><strong>Quam</strong></span> <span class='ocrx_word' id='word_1_468' title='bbox 1612 4147 1752 4202; x_wconf 91' lang='lat' dir='ltr'><strong>addo</strong></span> 
     </span>
    </p>
   </div>
   <div class='ocr_carea' id='block_1_61' title="bbox 157 4236 1753 4309">
    <p class='ocr_par' dir='ltr' id='par_1_61' title="bbox 157 4236 1753 4309">
     <span class='ocr_line' id='line_1_61' title="bbox 157 4236 1753 4309; baseline -0.002 -15"><span class='ocrx_word' id='word_1_469' title='bbox 157 4240 226 4294; x_wconf 89' lang='lat' dir='ltr'><strong>ad</strong></span> <span class='ocrx_word' id='word_1_470' title='bbox 274 4239 452 4309; x_wconf 90' lang='lat' dir='ltr'><strong>ipsum</strong></span> <span class='ocrx_word' id='word_1_471' title='bbox 503 4237 893 4293; x_wconf 90' lang='lat' dir='ltr'><strong>monasterium</strong></span> <span class='ocrx_word' id='word_1_472' title='bbox 942 4244 1144 4292; x_wconf 70' lang='lat' dir='ltr'><strong>sancta:</strong></span> <span class='ocrx_word' id='word_1_473' title='bbox 1187 4236 1388 4299; x_wconf 64' lang='lat' dir='ltr'><strong>Mariis,</strong></span> <span class='ocrx_word' id='word_1_474' title='bbox 1434 4252 1530 4291; x_wconf 91' lang='lat' dir='ltr'><strong>seu</strong></span> <span class='ocrx_word' id='word_1_475' title='bbox 1576 4237 1753 4292; x_wconf 88' lang='lat' dir='ltr'><strong>sancti</strong></span> 
     </span>
    </p>
   </div>
   <div class='ocr_carea' id='block_1_62' title="bbox 160 4323 1750 4395">
    <p class='ocr_par' dir='ltr' id='par_1_62' title="bbox 160 4323 1750 4395">
     <span class='ocr_line' id='line_1_62' title="bbox 160 4323 1750 4395; baseline -0.005 -9"><span class='ocrx_word' id='word_1_476' title='bbox 160 4329 370 4386; x_wconf 72' lang='lat' dir='ltr'><strong>Martini</strong></span> <span class='ocrx_word' id='word_1_477' title='bbox 387 4369 416 4395; x_wconf 88' lang='lat'><strong>,.</strong></span> <span class='ocrx_word' id='word_1_478' title='bbox 433 4343 528 4384; x_wconf 90' lang='lat' dir='ltr'><strong>seu</strong></span> <span class='ocrx_word' id='word_1_479' title='bbox 559 4327 736 4382; x_wconf 88' lang='lat' dir='ltr'><strong>sancti</strong></span> <span class='ocrx_word' id='word_1_480' title='bbox 769 4326 936 4384; x_wconf 86' lang='lat' dir='ltr'><strong>Petri.</strong></span> <span class='ocrx_word' id='word_1_481' title='bbox 965 4326 1098 4382; x_wconf 89' lang='lat' dir='ltr'><strong>Item</strong></span> <span class='ocrx_word' id='word_1_482' title='bbox 1126 4325 1406 4380; x_wconf 80' lang='lat' dir='ltr'><strong>Muriciam</strong></span> <span class='ocrx_word' id='word_1_483' title='bbox 1432 4323 1597 4379; x_wconf 84' lang='lat' dir='ltr'><strong>salam</strong></span> <span class='ocrx_word' id='word_1_484' title='bbox 1626 4338 1750 4379; x_wconf 92' lang='lat' dir='ltr'><strong>cum</strong></span> 
     </span>
    </p>
   </div>
   <div class='ocr_carea' id='block_1_63' title="bbox 159 4415 1839 4485">
    <p class='ocr_par' dir='ltr' id='par_1_63' title="bbox 159 4415 1839 4485">
     <span class='ocr_line' id='line_1_63' title="bbox 159 4415 1839 4485; baseline -0.003 -10"><span class='ocrx_word' id='word_1_485' title='bbox 159 4418 400 4485; x_wconf 84' lang='lat' dir='ltr'><strong>cellario,</strong></span> <span class='ocrx_word' id='word_1_486' title='bbox 437 4433 561 4473; x_wconf 91' lang='lat' dir='ltr'><strong>cum</strong></span> <span class='ocrx_word' id='word_1_487' title='bbox 591 4417 896 4482; x_wconf 88' lang='lat' dir='ltr'><strong>caminatis,</strong></span> <span class='ocrx_word' id='word_1_488' title='bbox 931 4433 1054 4474; x_wconf 91' lang='lat' dir='ltr'><strong>cum</strong></span> <span class='ocrx_word' id='word_1_489' title='bbox 1089 4416 1307 4480; x_wconf 88' lang='lat' dir='ltr'><strong>solario,</strong></span> <span class='ocrx_word' id='word_1_490' title='bbox 1347 4431 1471 4472; x_wconf 92' lang='lat' dir='ltr'><strong>cum</strong></span> <span class='ocrx_word' id='word_1_491' title='bbox 1509 4415 1748 4482; x_wconf 89' lang='lat' dir='ltr'><strong>torbace,</strong></span> <span class='ocrx_word' id='word_1_492' title='bbox 1782 4462 1839 4485; x_wconf 76' lang='lat'><strong>_.</strong></span> 
     </span>
    </p>
   </div>
   <div class='ocr_carea' id='block_1_64' title="bbox 1775 4465 1830 4527">
    <p class='ocr_par' dir='ltr' id='par_1_64' title="bbox 1775 4465 1830 4527">
     <span class='ocr_line' id='line_1_64' title="bbox 1775 4465 1830 4527; baseline 0 0"><span class='ocrx_word' id='word_1_493' title='bbox 1775 4465 1830 4527; x_wconf 85' lang='lat' dir='ltr'><strong><em>D</em></strong></span> 
     </span>
    </p>
   </div>
   <div class='ocr_carea' id='block_1_65' title="bbox 159 4508 1749 4576">
    <p class='ocr_par' dir='ltr' id='par_1_65' title="bbox 159 4508 1749 4576">
     <span class='ocr_line' id='line_1_65' title="bbox 159 4508 1749 4576; baseline -0.003 -9"><span class='ocrx_word' id='word_1_494' title='bbox 159 4526 280 4567; x_wconf 85' lang='lat' dir='ltr'><strong>cum</strong></span> <span class='ocrx_word' id='word_1_495' title='bbox 307 4509 538 4575; x_wconf 89' lang='lat' dir='ltr'><strong>stabulo,</strong></span> <span class='ocrx_word' id='word_1_496' title='bbox 564 4525 688 4565; x_wconf 92' lang='lat' dir='ltr'><strong>cum</strong></span> <span class='ocrx_word' id='word_1_497' title='bbox 717 4511 948 4576; x_wconf 90' lang='lat' dir='ltr'><strong>barecis,</strong></span> <span class='ocrx_word' id='word_1_498' title='bbox 972 4525 1095 4565; x_wconf 91' lang='lat' dir='ltr'><strong>cum</strong></span> <span class='ocrx_word' id='word_1_499' title='bbox 1123 4508 1384 4573; x_wconf 85' lang='lat' dir='ltr'><strong>tabulata,</strong></span> <span class='ocrx_word' id='word_1_500' title='bbox 1406 4515 1552 4572; x_wconf 89' lang='lat' dir='ltr'><strong>orto,</strong></span> <span class='ocrx_word' id='word_1_501' title='bbox 1574 4515 1749 4573; x_wconf 91' lang='lat' dir='ltr'><strong>curte,</strong></span> 
     </span>
    </p>
   </div>
   <div class='ocr_carea' id='block_1_66' title="bbox 160 4597 1750 4670">
    <p class='ocr_par' dir='ltr' id='par_1_66' title="bbox 160 4597 1750 4670">
     <span class='ocr_line' id='line_1_66' title="bbox 160 4597 1750 4670; baseline 0 -16"><span class='ocrx_word' id='word_1_502' title='bbox 160 4611 215 4655; x_wconf 88' lang='lat' dir='ltr'><strong>et</strong></span> <span class='ocrx_word' id='word_1_503' title='bbox 235 4599 493 4670; x_wconf 90' lang='lat' dir='ltr'><strong>quidquid</strong></span> <span class='ocrx_word' id='word_1_504' title='bbox 513 4599 580 4654; x_wconf 92' lang='lat' dir='ltr'><strong>ad</strong></span> <span class='ocrx_word' id='word_1_505' title='bbox 603 4599 776 4670; x_wconf 88' lang='lat' dir='ltr'><strong>ipsam</strong></span> <span class='ocrx_word' id='word_1_506' title='bbox 799 4607 1009 4654; x_wconf 89' lang='lat' dir='ltr'><strong>curtem</strong></span> <span class='ocrx_word' id='word_1_507' title='bbox 1029 4598 1354 4668; x_wconf 88' lang='lat' dir='ltr'><strong>adpertinet,</strong></span> <span class='ocrx_word' id='word_1_508' title='bbox 1375 4613 1498 4654; x_wconf 89' lang='lat' dir='ltr'><strong>cum</strong></span> <span class='ocrx_word' id='word_1_509' title='bbox 1524 4597 1750 4654; x_wconf 87' lang='lat' dir='ltr'><strong>introitu</strong></span> 
     </span>
    </p>
   </div>
   <div class='ocr_carea' id='block_1_67' title="bbox 161 4691 1756 4765">
    <p class='ocr_par' dir='ltr' id='par_1_67' title="bbox 161 4691 1756 4765">
     <span class='ocr_line' id='line_1_67' title="bbox 161 4691 1756 4765; baseline -0.001 -16"><span class='ocrx_word' id='word_1_510' title='bbox 161 4709 277 4760; x_wconf 91' lang='lat' dir='ltr'><strong>suo,</strong></span> <span class='ocrx_word' id='word_1_511' title='bbox 300 4693 482 4749; x_wconf 88' lang='lat' dir='ltr'><strong>omnia</strong></span> <span class='ocrx_word' id='word_1_512' title='bbox 504 4708 569 4748; x_wconf 83' lang='lat' dir='ltr'><strong>ex</strong></span> <span class='ocrx_word' id='word_1_513' title='bbox 596 4693 829 4765; x_wconf 86' lang='lat' dir='ltr'><strong>integro.</strong></span> <span class='ocrx_word' id='word_1_514' title='bbox 858 4692 990 4748; x_wconf 87' lang='lat' dir='ltr'><strong>Item</strong></span> <span class='ocrx_word' id='word_1_515' title='bbox 1015 4708 1208 4765; x_wconf 91' lang='lat' dir='ltr'><strong>agrum</strong></span> <span class='ocrx_word' id='word_1_516' title='bbox 1241 4692 1296 4748; x_wconf 90' lang='lat' dir='ltr'><strong>in</strong></span> <span class='ocrx_word' id='word_1_517' title='bbox 1322 4692 1529 4758; x_wconf 78' lang='lat' dir='ltr'><strong>Iluane,</strong></span> <span class='ocrx_word' id='word_1_518' title='bbox 1551 4691 1756 4748; x_wconf 88' lang='lat' dir='ltr'><strong>modia-</strong></span> 
     </span>
    </p>
   </div>
   <div class='ocr_carea' id='block_1_68' title="bbox 162 4782 1752 4857">
    <p class='ocr_par' dir='ltr' id='par_1_68' title="bbox 162 4782 1752 4857">
     <span class='ocr_line' id='line_1_68' title="bbox 162 4782 1752 4857; baseline -0.003 -14"><span class='ocrx_word' id='word_1_519' title='bbox 162 4789 228 4843; x_wconf 90' lang='lat' dir='ltr'><strong>lis</strong></span> <span class='ocrx_word' id='word_1_520' title='bbox 253 4786 472 4856; x_wconf 87' lang='lat' dir='ltr'><strong>triginta</strong></span> <span class='ocrx_word' id='word_1_521' title='bbox 497 4785 768 4857; x_wconf 89' lang='lat' dir='ltr'><strong>quinque,</strong></span> <span class='ocrx_word' id='word_1_522' title='bbox 796 4785 1179 4841; x_wconf 87' lang='lat' dir='ltr'><strong>conﬁnieutem</strong></span> <span class='ocrx_word' id='word_1_523' title='bbox 1217 4785 1271 4840; x_wconf 91' lang='lat' dir='ltr'><strong>in</strong></span> <span class='ocrx_word' id='word_1_524' title='bbox 1299 4782 1547 4848; x_wconf 82' lang='lat' dir='ltr'><strong>flumine,</strong></span> <span class='ocrx_word' id='word_1_525' title='bbox 1584 4782 1752 4838; x_wconf 90' lang='lat' dir='ltr'><strong>altera</strong></span> 
     </span>
    </p>
   </div>
   <div class='ocr_carea' id='block_1_69' title="bbox 162 4874 1754 4950">
    <p class='ocr_par' dir='ltr' id='par_1_69' title="bbox 162 4874 1754 4950">
     <span class='ocr_line' id='line_1_69' title="bbox 162 4874 1754 4950; baseline -0.003 -18"><span class='ocrx_word' id='word_1_526' title='bbox 162 4885 313 4950; x_wconf 87' lang='lat' dir='ltr'><strong>parte</strong></span> <span class='ocrx_word' id='word_1_527' title='bbox 343 4878 399 4933; x_wconf 92' lang='lat' dir='ltr'><strong>in</strong></span> <span class='ocrx_word' id='word_1_528' title='bbox 437 4885 638 4933; x_wconf 81' lang='lat' dir='ltr'><strong>sancta:</strong></span> <span class='ocrx_word' id='word_1_529' title='bbox 675 4876 857 4933; x_wconf 63' lang='lat' dir='ltr'><strong>Mariae</strong></span> <span class='ocrx_word' id='word_1_530' title='bbox 887 4894 902 4930; x_wconf 91' lang='lat'><strong>:</strong></span> <span class='ocrx_word' id='word_1_531' title='bbox 933 4891 1125 4948; x_wconf 87' lang='lat' dir='ltr'><strong>agrum</strong></span> <span class='ocrx_word' id='word_1_532' title='bbox 1155 4875 1210 4930; x_wconf 89' lang='lat' dir='ltr'><strong>iu</strong></span> <span class='ocrx_word' id='word_1_533' title='bbox 1248 4874 1365 4945; x_wconf 87' lang='lat' dir='ltr'><strong>ipso</strong></span> <span class='ocrx_word' id='word_1_534' title='bbox 1395 4874 1600 4937; x_wconf 80' lang='lat' dir='ltr'><strong>Ruaue,</strong></span> <span class='ocrx_word' id='word_1_535' title='bbox 1633 4887 1754 4928; x_wconf 90' lang='lat' dir='ltr'><strong>mo-</strong></span> 
     </span>
    </p>
   </div>
   <div class='ocr_carea' id='block_1_70' title="bbox 163 4961 1753 5038">
    <p class='ocr_par' dir='ltr' id='par_1_70' title="bbox 163 4961 1753 5038">
     <span class='ocr_line' id='line_1_70' title="bbox 163 4961 1753 5038; baseline -0.003 -16"><span class='ocrx_word' id='word_1_536' title='bbox 163 4969 330 5024; x_wconf 80' lang='lat' dir='ltr'><strong>diales</strong></span> <span class='ocrx_word' id='word_1_537' title='bbox 344 4975 600 5038; x_wconf 90' lang='lat' dir='ltr'><strong>quatuor,</strong></span> <span class='ocrx_word' id='word_1_538' title='bbox 617 4974 670 5021; x_wconf 89' lang='lat' dir='ltr'><strong>et</strong></span> <span class='ocrx_word' id='word_1_539' title='bbox 683 4965 1065 5022; x_wconf 85' lang='lat' dir='ltr'><strong>conﬁnieutem</strong></span> <span class='ocrx_word' id='word_1_540' title='bbox 1080 4964 1145 5022; x_wconf 86' lang='lat' dir='ltr'><strong>ad</strong></span> <span class='ocrx_word' id='word_1_541' title='bbox 1157 4962 1374 5026; x_wconf 81' lang='lat' dir='ltr'><strong>Iuliani,</strong></span> <span class='ocrx_word' id='word_1_542' title='bbox 1390 4963 1504 5020; x_wconf 82' lang='lat' dir='ltr'><strong>alia</strong></span> <span class='ocrx_word' id='word_1_543' title='bbox 1518 4971 1672 5034; x_wconf 87' lang='lat' dir='ltr'><strong>parte</strong></span> <span class='ocrx_word' id='word_1_544' title='bbox 1685 4961 1753 5018; x_wconf 92' lang='lat' dir='ltr'><strong>ad</strong></span> 
     </span>
    </p>
   </div>
   <div class='ocr_carea' id='block_1_71' title="bbox 162 5054 1754 5129">
    <p class='ocr_par' dir='ltr' id='par_1_71' title="bbox 162 5054 1754 5129">
     <span class='ocr_line' id='line_1_71' title="bbox 162 5054 1754 5129; baseline -0.003 -15"><span class='ocrx_word' id='word_1_545' title='bbox 162 5059 324 5114; x_wconf 85' lang='lat' dir='ltr'><strong>Canis</strong></span> <span class='ocrx_word' id='word_1_546' title='bbox 352 5073 368 5112; x_wconf 92' lang='lat'><strong>:</strong></span> <span class='ocrx_word' id='word_1_547' title='bbox 398 5073 588 5129; x_wconf 89' lang='lat' dir='ltr'><strong>agrum</strong></span> <span class='ocrx_word' id='word_1_548' title='bbox 613 5065 768 5112; x_wconf 91' lang='lat' dir='ltr'><strong>trans</strong></span> <span class='ocrx_word' id='word_1_549' title='bbox 797 5056 996 5113; x_wconf 85' lang='lat' dir='ltr'><strong>ﬁumen</strong></span> <span class='ocrx_word' id='word_1_550' title='bbox 1021 5055 1284 5114; x_wconf 87' lang='lat' dir='ltr'><strong>modiales</strong></span> <span class='ocrx_word' id='word_1_551' title='bbox 1304 5054 1554 5112; x_wconf 90' lang='lat' dir='ltr'><strong>undecim</strong></span> <span class='ocrx_word' id='word_1_552' title='bbox 1571 5093 1588 5120; x_wconf 93' lang='lat'><strong>,</strong></span> <span class='ocrx_word' id='word_1_553' title='bbox 1619 5069 1754 5111; x_wconf 88' lang='lat' dir='ltr'><strong>eon-</strong></span> 
     </span>
    </p>
   </div>
   <div class='ocr_carea' id='block_1_72' title="bbox 165 5146 1756 5219">
    <p class='ocr_par' dir='ltr' id='par_1_72' title="bbox 165 5146 1756 5219">
     <span class='ocr_line' id='line_1_72' title="bbox 165 5146 1756 5219; baseline -0.002 -12"><span class='ocrx_word' id='word_1_554' title='bbox 165 5153 439 5208; x_wconf 85' lang='lat' dir='ltr'><strong>ﬁnientem</strong></span> <span class='ocrx_word' id='word_1_555' title='bbox 465 5151 534 5206; x_wconf 90' lang='lat' dir='ltr'><strong>ad</strong></span> <span class='ocrx_word' id='word_1_556' title='bbox 571 5148 834 5219; x_wconf 82' lang='lat' dir='ltr'><strong>Projecti,</strong></span> <span class='ocrx_word' id='word_1_557' title='bbox 875 5150 980 5204; x_wconf 90' lang='lat' dir='ltr'><strong>alia</strong></span> <span class='ocrx_word' id='word_1_558' title='bbox 1007 5158 1163 5219; x_wconf 89' lang='lat' dir='ltr'><strong>parte</strong></span> <span class='ocrx_word' id='word_1_559' title='bbox 1203 5148 1257 5202; x_wconf 93' lang='lat' dir='ltr'><strong>in</strong></span> <span class='ocrx_word' id='word_1_560' title='bbox 1292 5146 1490 5202; x_wconf 87' lang='lat' dir='ltr'><strong>ﬁumen</strong></span> <span class='ocrx_word' id='word_1_561' title='bbox 1520 5165 1532 5202; x_wconf 90' lang='lat'><strong>:</strong></span> <span class='ocrx_word' id='word_1_562' title='bbox 1565 5163 1756 5219; x_wconf 89' lang='lat' dir='ltr'><strong>agrum</strong></span> 
     </span>
    </p>
   </div>
   <div class='ocr_carea' id='block_1_73' title="bbox 167 5239 1757 5312">
    <p class='ocr_par' dir='ltr' id='par_1_73' title="bbox 167 5239 1757 5312">
     <span class='ocr_line' id='line_1_73' title="bbox 167 5239 1757 5312; baseline -0.002 -14"><span class='ocrx_word' id='word_1_563' title='bbox 167 5258 326 5312; x_wconf 85' lang='lat' dir='ltr'><strong>super</strong></span> <span class='ocrx_word' id='word_1_564' title='bbox 367 5241 699 5307; x_wconf 86' lang='lat' dir='ltr'><strong>Castellum,</strong></span> <span class='ocrx_word' id='word_1_565' title='bbox 746 5240 1008 5296; x_wconf 88' lang='lat' dir='ltr'><strong>modiales</strong></span> <span class='ocrx_word' id='word_1_566' title='bbox 1054 5247 1213 5307; x_wconf 82' lang='lat' dir='ltr'><strong>&#39;octo,</strong></span> <span class='ocrx_word' id='word_1_567' title='bbox 1261 5240 1642 5297; x_wconf 85' lang='lat' dir='ltr'><strong>eonﬁuientem</strong></span> <span class='ocrx_word' id='word_1_568' title='bbox 1688 5239 1757 5296; x_wconf 91' lang='lat' dir='ltr'><strong>ad</strong></span> 
     </span>
    </p>
   </div>
   <div class='ocr_carea' id='block_1_74' title="bbox 168 5331 1752 5405">
    <p class='ocr_par' dir='ltr' id='par_1_74' title="bbox 168 5331 1752 5405">
     <span class='ocr_line' id='line_1_74' title="bbox 168 5331 1752 5405; baseline -0.003 -14"><span class='ocrx_word' id='word_1_569' title='bbox 168 5335 437 5396; x_wconf 86' lang='lat' dir='ltr'><strong>Silvionis.</strong></span> <span class='ocrx_word' id='word_1_570' title='bbox 482 5335 587 5391; x_wconf 90' lang='lat' dir='ltr'><strong>alia</strong></span> <span class='ocrx_word' id='word_1_571' title='bbox 628 5341 783 5405; x_wconf 87' lang='lat' dir='ltr'><strong>parte</strong></span> <span class='ocrx_word' id='word_1_572' title='bbox 808 5334 877 5389; x_wconf 91' lang='lat' dir='ltr'><strong>ad</strong></span> <span class='ocrx_word' id='word_1_573' title='bbox 905 5334 1220 5390; x_wconf 87' lang='lat' dir='ltr'><strong>Evalentis:</strong></span> <span class='ocrx_word' id='word_1_574' title='bbox 1257 5347 1448 5405; x_wconf 85' lang='lat' dir='ltr'><strong>agrum</strong></span> <span class='ocrx_word' id='word_1_575' title='bbox 1476 5333 1544 5388; x_wconf 91' lang='lat' dir='ltr'><strong>ad</strong></span> <span class='ocrx_word' id='word_1_576' title='bbox 1582 5331 1752 5403; x_wconf 89' lang='lat' dir='ltr'><strong>ipsam</strong></span> 
     </span>
    </p>
   </div>
   <div class='ocr_carea' id='block_1_75' title="bbox 167 5421 1751 5493">
    <p class='ocr_par' dir='ltr' id='par_1_75' title="bbox 167 5421 1751 5493">
     <span class='ocr_line' id='line_1_75' title="bbox 167 5421 1751 5493; baseline -0.006 -8"><span class='ocrx_word' id='word_1_577' title='bbox 167 5436 403 5493; x_wconf 86' lang='lat' dir='ltr'><strong>curtem,</strong></span> <span class='ocrx_word' id='word_1_578' title='bbox 449 5427 711 5484; x_wconf 87' lang='lat' dir='ltr'><strong>modiales</strong></span> <span class='ocrx_word' id='word_1_579' title='bbox 757 5436 900 5490; x_wconf 93' lang='lat' dir='ltr'><strong>octo,</strong></span> <span class='ocrx_word' id='word_1_580' title='bbox 949 5424 1330 5483; x_wconf 88' lang='lat' dir='ltr'><strong>eonﬁnientem</strong></span> <span class='ocrx_word' id='word_1_581' title='bbox 1377 5425 1444 5480; x_wconf 91' lang='lat' dir='ltr'><strong>ad</strong></span> <span class='ocrx_word' id='word_1_582' title='bbox 1489 5421 1688 5480; x_wconf 81' lang='lat' dir='ltr'><strong>Iuliani</strong></span> <span class='ocrx_word' id='word_1_583' title='bbox 1738 5441 1751 5476; x_wconf 91' lang='lat'><strong>:</strong></span> 
     </span>
    </p>
   </div>
   <div class='ocr_carea' id='block_1_76' title="bbox 169 5515 1755 5592">
    <p class='ocr_par' dir='ltr' id='par_1_76' title="bbox 169 5515 1755 5592">
     <span class='ocr_line' id='line_1_76' title="bbox 169 5515 1755 5592; baseline -0.001 -20"><span class='ocrx_word' id='word_1_584' title='bbox 169 5535 356 5592; x_wconf 78' lang='lat' dir='ltr'><strong>agrum</strong></span> <span class='ocrx_word' id='word_1_585' title='bbox 380 5518 440 5574; x_wconf 85' lang='lat' dir='ltr'><strong>in</strong></span> <span class='ocrx_word' id='word_1_586' title='bbox 463 5519 656 5584; x_wconf 84' lang='lat' dir='ltr'><strong>Vorce,</strong></span> <span class='ocrx_word' id='word_1_587' title='bbox 679 5517 942 5575; x_wconf 86' lang='lat' dir='ltr'><strong>modiales</strong></span> <span class='ocrx_word' id='word_1_588' title='bbox 965 5518 1268 5590; x_wconf 81' lang='lat' dir='ltr'><strong>sexaginta,</strong></span> <span class='ocrx_word' id='word_1_589' title='bbox 1295 5515 1677 5572; x_wconf 90' lang='lat' dir='ltr'><strong>eouﬁuientem</strong></span> <span class='ocrx_word' id='word_1_590' title='bbox 1703 5515 1755 5570; x_wconf 93' lang='lat' dir='ltr'><strong>in</strong></span> 
     </span>
    </p>
   </div>
   <div class='ocr_carea' id='block_1_77' title="bbox 175 5608 1756 5681">
    <p class='ocr_par' dir='ltr' id='par_1_77' title="bbox 175 5608 1756 5681">
     <span class='ocr_line' id='line_1_77' title="bbox 175 5608 1756 5681; baseline -0.003 -15"><span class='ocrx_word' id='word_1_591' title='bbox 175 5612 443 5678; x_wconf 74' lang='lat' dir='ltr'><strong>Vicaonis,</strong></span> <span class='ocrx_word' id='word_1_592' title='bbox 475 5611 580 5665; x_wconf 90' lang='lat' dir='ltr'><strong>alia</strong></span> <span class='ocrx_word' id='word_1_593' title='bbox 623 5620 777 5681; x_wconf 91' lang='lat' dir='ltr'><strong>parte</strong></span> <span class='ocrx_word' id='word_1_594' title='bbox 819 5612 872 5667; x_wconf 86' lang='lat' dir='ltr'><strong>in</strong></span> <span class='ocrx_word' id='word_1_595' title='bbox 918 5611 1004 5667; x_wconf 88' lang='lat' dir='ltr'><strong>via</strong></span> <span class='ocrx_word' id='word_1_596' title='bbox 1046 5625 1168 5666; x_wconf 90' lang='lat' dir='ltr'><strong>cum</strong></span> <span class='ocrx_word' id='word_1_597' title='bbox 1207 5608 1436 5664; x_wconf 66' lang='lat' dir='ltr'><strong>aedilicio</strong></span> <span class='ocrx_word' id='word_1_598' title='bbox 1472 5623 1592 5676; x_wconf 90' lang='lat' dir='ltr'><strong>suo,</strong></span> <span class='ocrx_word' id='word_1_599' title='bbox 1634 5623 1756 5663; x_wconf 91' lang='lat' dir='ltr'><strong>cum</strong></span> 
     </span>
    </p>
   </div>
   <div class='ocr_carea' id='block_1_78' title="bbox 172 5699 1758 5774">
    <p class='ocr_par' dir='ltr' id='par_1_78' title="bbox 172 5699 1758 5774">
     <span class='ocr_line' id='line_1_78' title="bbox 172 5699 1758 5774; baseline -0.001 -16"><span class='ocrx_word' id='word_1_600' title='bbox 172 5712 321 5758; x_wconf 81' lang='lat' dir='ltr'><strong>curte</strong></span> <span class='ocrx_word' id='word_1_601' title='bbox 348 5711 401 5758; x_wconf 92' lang='lat' dir='ltr'><strong>et</strong></span> <span class='ocrx_word' id='word_1_602' title='bbox 440 5703 660 5759; x_wconf 81' lang='lat' dir='ltr'><strong>introitu</strong></span> <span class='ocrx_word' id='word_1_603' title='bbox 688 5721 805 5772; x_wconf 90' lang='lat' dir='ltr'><strong>suo,</strong></span> <span class='ocrx_word' id='word_1_604' title='bbox 841 5706 1019 5760; x_wconf 87' lang='lat' dir='ltr'><strong>omnia</strong></span> <span class='ocrx_word' id='word_1_605' title='bbox 1049 5719 1112 5759; x_wconf 86' lang='lat' dir='ltr'><strong>ex</strong></span> <span class='ocrx_word' id='word_1_606' title='bbox 1143 5703 1368 5774; x_wconf 82' lang='lat' dir='ltr'><strong>integro.</strong></span> <span class='ocrx_word' id='word_1_607' title='bbox 1401 5700 1531 5756; x_wconf 90' lang='lat' dir='ltr'><strong>Item</strong></span> <span class='ocrx_word' id='word_1_608' title='bbox 1571 5700 1623 5756; x_wconf 90' lang='lat' dir='ltr'><strong>in</strong></span> <span class='ocrx_word' id='word_1_609' title='bbox 1657 5699 1758 5756; x_wconf 74' lang='lat' dir='ltr'><strong>Se~</strong></span> 
     </span>
    </p>
   </div>
   <div class='ocr_carea' id='block_1_79' title="bbox 1850 1863 3428 1946">
    <p class='ocr_par' dir='ltr' id='par_1_79' title="bbox 1850 1863 3428 1946">
     <span class='ocr_line' id='line_1_79' title="bbox 1850 1863 3428 1946; baseline -0.001 -24"><span class='ocrx_word' id='word_1_610' title='bbox 1850 1881 2017 1922; x_wconf 90' lang='lat' dir='ltr'><strong>onera</strong></span> <span class='ocrx_word' id='word_1_611' title='bbox 2042 1872 2292 1935; x_wconf 87' lang='lat' dir='ltr'><strong>quatuor,</strong></span> <span class='ocrx_word' id='word_1_612' title='bbox 2318 1863 2698 1946; x_wconf 79' lang='lat' dir='ltr'><strong>conﬁnientem</strong></span> <span class='ocrx_word' id='word_1_613' title='bbox 2721 1865 2777 1920; x_wconf 92' lang='lat' dir='ltr'><strong>in</strong></span> <span class='ocrx_word' id='word_1_614' title='bbox 2798 1864 2918 1919; x_wconf 87' lang='lat' dir='ltr'><strong>via:</strong></span> <span class='ocrx_word' id='word_1_615' title='bbox 2942 1865 3170 1936; x_wconf 88' lang='lat' dir='ltr'><strong>pradum</strong></span> <span class='ocrx_word' id='word_1_616' title='bbox 3189 1864 3428 1933; x_wconf 79' lang='lat' dir='ltr'><strong>Macene,</strong></span> 
     </span>
    </p>
   </div>
   <div class='ocr_carea' id='block_1_80' title="bbox 1851 1954 3431 2026">
    <p class='ocr_par' dir='ltr' id='par_1_80' title="bbox 1851 1954 3431 2026">
     <span class='ocr_line' id='line_1_80' title="bbox 1851 1954 3431 2026; baseline -0.001 -14"><span class='ocrx_word' id='word_1_617' title='bbox 1851 1972 2017 2012; x_wconf 90' lang='lat' dir='ltr'><strong>onera</strong></span> <span class='ocrx_word' id='word_1_618' title='bbox 2040 1954 2499 2026; x_wconf 82' lang='lat' dir='ltr'><strong>vigintiquinque,</strong></span> <span class='ocrx_word' id='word_1_619' title='bbox 2530 1954 2908 2010; x_wconf 90' lang='lat' dir='ltr'><strong>conﬁnientem</strong></span> <span class='ocrx_word' id='word_1_620' title='bbox 2935 1955 2989 2010; x_wconf 93' lang='lat' dir='ltr'><strong>in</strong></span> <span class='ocrx_word' id='word_1_621' title='bbox 3011 1955 3122 2024; x_wconf 89' lang='lat' dir='ltr'><strong>via,</strong></span> <span class='ocrx_word' id='word_1_622' title='bbox 3148 1955 3255 2010; x_wconf 87' lang='lat' dir='ltr'><strong>alia</strong></span> <span class='ocrx_word' id='word_1_623' title='bbox 3277 1965 3431 2026; x_wconf 89' lang='lat' dir='ltr'><strong>parte</strong></span> 
     </span>
    </p>
   </div>
   <div class='ocr_carea' id='block_1_81' title="bbox 1853 2043 3426 2116">
    <p class='ocr_par' dir='ltr' id='par_1_81' title="bbox 1853 2043 3426 2116">
     <span class='ocr_line' id='line_1_81' title="bbox 1853 2043 3426 2116; baseline -0.001 -15"><span class='ocrx_word' id='word_1_624' title='bbox 1853 2047 1920 2103; x_wconf 91' lang='lat' dir='ltr'><strong>ad</strong></span> <span class='ocrx_word' id='word_1_625' title='bbox 1947 2045 2276 2116; x_wconf 86' lang='lat' dir='ltr'><strong>Crespiouis.</strong></span> <span class='ocrx_word' id='word_1_626' title='bbox 2299 2043 2430 2100; x_wconf 88' lang='lat' dir='ltr'><strong>Item</strong></span> <span class='ocrx_word' id='word_1_627' title='bbox 2448 2043 2624 2100; x_wconf 87' lang='lat' dir='ltr'><strong>coloni</strong></span> <span class='ocrx_word' id='word_1_628' title='bbox 2647 2043 2714 2100; x_wconf 87' lang='lat' dir='ltr'><strong>de</strong></span> <span class='ocrx_word' id='word_1_629' title='bbox 2727 2044 2841 2114; x_wconf 90' lang='lat' dir='ltr'><strong>ipsa</strong></span> <span class='ocrx_word' id='word_1_630' title='bbox 2865 2053 3018 2100; x_wconf 88' lang='lat' dir='ltr'><strong>curte</strong></span> <span class='ocrx_word' id='word_1_631' title='bbox 3043 2045 3109 2100; x_wconf 90' lang='lat' dir='ltr'><strong>de</strong></span> <span class='ocrx_word' id='word_1_632' title='bbox 3126 2044 3426 2103; x_wconf 84' lang='lat' dir='ltr'><strong>Taurento:</strong></span> 
     </span>
    </p>
   </div>
   <div class='ocr_carea' id='block_1_82' title="bbox 1852 2133 3428 2205">
    <p class='ocr_par' dir='ltr' id='par_1_82' title="bbox 1852 2133 3428 2205">
     <span class='ocr_line' id='line_1_82' title="bbox 1852 2133 3428 2205; baseline -0.001 -12"><span class='ocrx_word' id='word_1_633' title='bbox 1852 2135 2175 2194; x_wconf 84' lang='lat' dir='ltr'><strong>Laurentius</strong></span> <span class='ocrx_word' id='word_1_634' title='bbox 2193 2143 2248 2190; x_wconf 90' lang='lat' dir='ltr'><strong>et</strong></span> <span class='ocrx_word' id='word_1_635' title='bbox 2267 2134 2449 2205; x_wconf 81' lang='lat' dir='ltr'><strong>Lepus</strong></span> <span class='ocrx_word' id='word_1_636' title='bbox 2472 2152 2483 2187; x_wconf 91' lang='lat'><strong>:</strong></span> <span class='ocrx_word' id='word_1_637' title='bbox 2513 2134 2613 2189; x_wconf 87' lang='lat' dir='ltr'><strong>bos</strong></span> <span class='ocrx_word' id='word_1_638' title='bbox 2633 2134 2906 2189; x_wconf 89' lang='lat' dir='ltr'><strong>duoscum</strong></span> <span class='ocrx_word' id='word_1_639' title='bbox 2925 2133 3070 2188; x_wconf 90' lang='lat' dir='ltr'><strong>omni</strong></span> <span class='ocrx_word' id='word_1_640' title='bbox 3093 2136 3291 2190; x_wconf 88' lang='lat' dir='ltr'><strong>sondro</strong></span> <span class='ocrx_word' id='word_1_641' title='bbox 3311 2150 3428 2202; x_wconf 89' lang='lat' dir='ltr'><strong>suo,</strong></span> 
     </span>
    </p>
   </div>
   <div class='ocr_carea' id='block_1_83' title="bbox 1851 2223 3428 2298">
    <p class='ocr_par' dir='ltr' id='par_1_83' title="bbox 1851 2223 3428 2298">
     <span class='ocr_line' id='line_1_83' title="bbox 1851 2223 3428 2298; baseline -0.001 -16"><span class='ocrx_word' id='word_1_642' title='bbox 1851 2243 1919 2282; x_wconf 86' lang='lat' dir='ltr'><strong>ex</strong></span> <span class='ocrx_word' id='word_1_643' title='bbox 1939 2227 2169 2298; x_wconf 88' lang='lat' dir='ltr'><strong>integro.</strong></span> <span class='ocrx_word' id='word_1_644' title='bbox 2203 2226 2279 2281; x_wconf 89' lang='lat' dir='ltr'><strong>De</strong></span> <span class='ocrx_word' id='word_1_645' title='bbox 2298 2224 2550 2292; x_wconf 86' lang='lat' dir='ltr'><strong>Selauue,</strong></span> <span class='ocrx_word' id='word_1_646' title='bbox 2577 2223 2845 2288; x_wconf 87' lang='lat' dir='ltr'><strong>Lidorius,</strong></span> <span class='ocrx_word' id='word_1_647' title='bbox 2891 2224 3125 2290; x_wconf 81' lang='lat' dir='ltr'><strong>Maurus,</strong></span> <span class='ocrx_word' id='word_1_648' title='bbox 3154 2224 3428 2292; x_wconf 90' lang='lat' dir='ltr'><strong>Bcfanius,</strong></span> 
     </span>
    </p>
   </div>
   <div class='ocr_carea' id='block_1_84' title="bbox 1853 2314 3516 2383">
    <p class='ocr_par' dir='ltr' id='par_1_84' title="bbox 1853 2314 3516 2383">
     <span class='ocr_line' id='line_1_84' title="bbox 1853 2314 3516 2383; baseline -0.001 -9"><span class='ocrx_word' id='word_1_649' title='bbox 1853 2317 2138 2376; x_wconf 83' lang='lat' dir='ltr'><strong>Sicbarius</strong></span> <span class='ocrx_word' id='word_1_650' title='bbox 2160 2335 2173 2371; x_wconf 90' lang='lat'><strong>:</strong></span> <span class='ocrx_word' id='word_1_651' title='bbox 2197 2316 2287 2372; x_wconf 93' lang='lat' dir='ltr'><strong>isti</strong></span> <span class='ocrx_word' id='word_1_652' title='bbox 2313 2329 2502 2372; x_wconf 85' lang='lat' dir='ltr'><strong>omnes</strong></span> <span class='ocrx_word' id='word_1_653' title='bbox 2520 2331 2643 2372; x_wconf 91' lang='lat' dir='ltr'><strong>cum</strong></span> <span class='ocrx_word' id='word_1_654' title='bbox 2675 2315 2935 2372; x_wconf 81' lang='lat' dir='ltr'><strong>uxoribus</strong></span> <span class='ocrx_word' id='word_1_655' title='bbox 2963 2323 3020 2372; x_wconf 92' lang='lat' dir='ltr'><strong>et</strong></span> <span class='ocrx_word' id='word_1_656' title='bbox 3061 2314 3185 2372; x_wconf 87' lang='lat' dir='ltr'><strong>ﬁliis</strong></span> <span class='ocrx_word' id='word_1_657' title='bbox 3211 2316 3340 2383; x_wconf 88' lang='lat' dir='ltr'><strong>suis,</strong></span> <span class='ocrx_word' id='word_1_658' title='bbox 3377 2326 3434 2372; x_wconf 92' lang='lat' dir='ltr'><strong>et</strong></span> <span class='ocrx_word' id='word_1_659' title='bbox 3509 2351 3516 2356; x_wconf 95' lang='lat'><strong>-</strong></span> 
     </span>
    </p>
   </div>
   <div class='ocr_carea' id='block_1_85' title="bbox 1851 2407 3432 2478">
    <p class='ocr_par' dir='ltr' id='par_1_85' title="bbox 1851 2407 3432 2478">
     <span class='ocr_line' id='line_1_85' title="bbox 1851 2407 3432 2478; baseline -0.003 -10"><span class='ocrx_word' id='word_1_660' title='bbox 1851 2427 1977 2467; x_wconf 92' lang='lat' dir='ltr'><strong>cum</strong></span> <span class='ocrx_word' id='word_1_661' title='bbox 1999 2409 2146 2467; x_wconf 91' lang='lat' dir='ltr'><strong>omni</strong></span> <span class='ocrx_word' id='word_1_662' title='bbox 2188 2409 2388 2465; x_wconf 87' lang='lat' dir='ltr'><strong>sondro</strong></span> <span class='ocrx_word' id='word_1_663' title='bbox 2416 2423 2532 2471; x_wconf 90' lang='lat' dir='ltr'><strong>suo,</strong></span> <span class='ocrx_word' id='word_1_664' title='bbox 2559 2421 2634 2463; x_wconf 76' lang='lat' dir='ltr'><strong>ex</strong></span> <span class='ocrx_word' id='word_1_665' title='bbox 2673 2408 2903 2478; x_wconf 89' lang='lat' dir='ltr'><strong>integro.</strong></span> <span class='ocrx_word' id='word_1_666' title='bbox 2944 2407 3078 2463; x_wconf 91' lang='lat' dir='ltr'><strong>Item</strong></span> <span class='ocrx_word' id='word_1_667' title='bbox 3113 2407 3337 2478; x_wconf 90' lang='lat' dir='ltr'><strong>Specius</strong></span> <span class='ocrx_word' id='word_1_668' title='bbox 3365 2409 3432 2464; x_wconf 90' lang='lat' dir='ltr'><strong>de</strong></span> 
     </span>
    </p>
   </div>
   <div class='ocr_carea' id='block_1_86' title="bbox 1850 2499 3435 2568">
    <p class='ocr_par' dir='ltr' id='par_1_86' title="bbox 1850 2499 3435 2568">
     <span class='ocr_line' id='line_1_86' title="bbox 1850 2499 3435 2568; baseline -0.003 -8"><span class='ocrx_word' id='word_1_669' title='bbox 1850 2503 2107 2568; x_wconf 85' lang='lat' dir='ltr'><strong>Andeste,</strong></span> <span class='ocrx_word' id='word_1_670' title='bbox 2133 2501 2440 2566; x_wconf 79' lang='lat' dir='ltr'><strong>Amulius,</strong></span> <span class='ocrx_word' id='word_1_671' title='bbox 2462 2499 2851 2567; x_wconf 81' lang='lat' dir='ltr'><strong>Montanarius,</strong></span> <span class='ocrx_word' id='word_1_672' title='bbox 2871 2499 3194 2566; x_wconf 81' lang='lat' dir='ltr'><strong>Exoberius,</strong></span> <span class='ocrx_word' id='word_1_673' title='bbox 3211 2499 3435 2557; x_wconf 85' lang='lat' dir='ltr'><strong>Frictel-</strong></span> 
     </span>
    </p>
   </div>
   <div class='ocr_carea' id='block_1_87' title="bbox 1851 2594 3435 2672">
    <p class='ocr_par' dir='ltr' id='par_1_87' title="bbox 1851 2594 3435 2672">
     <span class='ocr_line' id='line_1_87' title="bbox 1851 2594 3435 2672; baseline -0.001 -18"><span class='ocrx_word' id='word_1_674' title='bbox 1851 2598 2013 2665; x_wconf 89' lang='lat' dir='ltr'><strong>linus,</strong></span> <span class='ocrx_word' id='word_1_675' title='bbox 2043 2597 2320 2654; x_wconf 84' lang='lat' dir='ltr'><strong>Jobauues</strong></span> <span class='ocrx_word' id='word_1_676' title='bbox 2347 2613 2360 2649; x_wconf 91' lang='lat'><strong>:</strong></span> <span class='ocrx_word' id='word_1_677' title='bbox 2397 2595 2488 2650; x_wconf 91' lang='lat' dir='ltr'><strong>isti</strong></span> <span class='ocrx_word' id='word_1_678' title='bbox 2517 2609 2708 2649; x_wconf 89' lang='lat' dir='ltr'><strong>omnes</strong></span> <span class='ocrx_word' id='word_1_679' title='bbox 2740 2610 2867 2650; x_wconf 90' lang='lat' dir='ltr'><strong>cum</strong></span> <span class='ocrx_word' id='word_1_680' title='bbox 2913 2594 3172 2672; x_wconf 78' lang='lat' dir='ltr'><strong>uxoribus</strong></span> <span class='ocrx_word' id='word_1_681' title='bbox 3206 2603 3263 2650; x_wconf 90' lang='lat' dir='ltr'><strong>et</strong></span> <span class='ocrx_word' id='word_1_682' title='bbox 3306 2595 3435 2652; x_wconf 81' lang='lat' dir='ltr'><strong>ﬁliis</strong></span> 
     </span>
    </p>
   </div>
   <div class='ocr_carea' id='block_1_88' title="bbox 1851 2683 3434 2757">
    <p class='ocr_par' dir='ltr' id='par_1_88' title="bbox 1851 2683 3434 2757">
     <span class='ocr_line' id='line_1_88' title="bbox 1851 2683 3434 2757; baseline -0.001 -14"><span class='ocrx_word' id='word_1_683' title='bbox 1851 2689 1986 2754; x_wconf 89' lang='lat' dir='ltr'><strong>suis,</strong></span> <span class='ocrx_word' id='word_1_684' title='bbox 2015 2703 2138 2743; x_wconf 91' lang='lat' dir='ltr'><strong>cum</strong></span> <span class='ocrx_word' id='word_1_685' title='bbox 2165 2687 2311 2742; x_wconf 90' lang='lat' dir='ltr'><strong>omni</strong></span> <span class='ocrx_word' id='word_1_686' title='bbox 2341 2684 2541 2742; x_wconf 92' lang='lat' dir='ltr'><strong>sondro</strong></span> <span class='ocrx_word' id='word_1_687' title='bbox 2566 2699 2665 2740; x_wconf 91' lang='lat' dir='ltr'><strong>suo</strong></span> <span class='ocrx_word' id='word_1_688' title='bbox 2688 2697 2755 2738; x_wconf 85' lang='lat' dir='ltr'><strong>ex</strong></span> <span class='ocrx_word' id='word_1_689' title='bbox 2775 2683 3006 2755; x_wconf 89' lang='lat' dir='ltr'><strong>integro.</strong></span> <span class='ocrx_word' id='word_1_690' title='bbox 3045 2683 3178 2740; x_wconf 89' lang='lat' dir='ltr'><strong>Item</strong></span> <span class='ocrx_word' id='word_1_691' title='bbox 3203 2685 3270 2741; x_wconf 90' lang='lat' dir='ltr'><strong>de</strong></span> <span class='ocrx_word' id='word_1_692' title='bbox 3319 2685 3434 2757; x_wconf 89' lang='lat' dir='ltr'><strong>ipsa</strong></span> 
     </span>
    </p>
   </div>
   <div class='ocr_carea' id='block_1_89' title="bbox 1851 2776 3435 2850">
    <p class='ocr_par' dir='ltr' id='par_1_89' title="bbox 1851 2776 3435 2850">
     <span class='ocr_line' id='line_1_89' title="bbox 1851 2776 3435 2850; baseline 0 -16"><span class='ocrx_word' id='word_1_693' title='bbox 1851 2787 2022 2844; x_wconf 90' lang='lat' dir='ltr'><strong>curte,</strong></span> <span class='ocrx_word' id='word_1_694' title='bbox 2076 2777 2384 2840; x_wconf 77' lang='lat' dir='ltr'><strong>Maurelius,</strong></span> <span class='ocrx_word' id='word_1_695' title='bbox 2416 2777 2758 2850; x_wconf 25' lang='lat' dir='ltr'><strong>Dominicus,’</strong></span> <span class='ocrx_word' id='word_1_696' title='bbox 2797 2776 3053 2832; x_wconf 88' lang='lat' dir='ltr'><strong>Donadus</strong></span> <span class='ocrx_word' id='word_1_697' title='bbox 3081 2793 3098 2833; x_wconf 91' lang='lat'><strong>:</strong></span> <span class='ocrx_word' id='word_1_698' title='bbox 3125 2776 3214 2834; x_wconf 91' lang='lat' dir='ltr'><strong>isti</strong></span> <span class='ocrx_word' id='word_1_699' title='bbox 3243 2791 3435 2834; x_wconf 88' lang='lat' dir='ltr'><strong>omnes</strong></span> 
     </span>
    </p>
   </div>
   <div class='ocr_carea' id='block_1_90' title="bbox 1852 2855 3434 2939">
    <p class='ocr_par' dir='ltr' id='par_1_90' title="bbox 1852 2855 3434 2939">
     <span class='ocr_line' id='line_1_90' title="bbox 1852 2855 3434 2939; baseline 0.001 -15"><span class='ocrx_word' id='word_1_700' title='bbox 1852 2884 1976 2924; x_wconf 92' lang='lat' dir='ltr'><strong>cum</strong></span> <span class='ocrx_word' id='word_1_701' title='bbox 2025 2867 2288 2923; x_wconf 79' lang='lat' dir='ltr'><strong>uxoribus</strong></span> <span class='ocrx_word' id='word_1_702' title='bbox 2337 2875 2394 2922; x_wconf 89' lang='lat' dir='ltr'><strong>et</strong></span> <span class='ocrx_word' id='word_1_703' title='bbox 2442 2866 2568 2922; x_wconf 84' lang='lat' dir='ltr'><strong>ﬁliis</strong></span> <span class='ocrx_word' id='word_1_704' title='bbox 2611 2857 2745 2932; x_wconf 82' lang='lat' dir='ltr'><strong>suis,</strong></span> <span class='ocrx_word' id='word_1_705' title='bbox 2795 2855 3005 2939; x_wconf 83' lang='lat' dir='ltr'><strong>agrum,</strong></span> <span class='ocrx_word' id='word_1_706' title='bbox 3051 2869 3299 2938; x_wconf 89' lang='lat' dir='ltr'><strong>pradum,</strong></span> <span class='ocrx_word' id='word_1_707' title='bbox 3347 2870 3434 2926; x_wconf 88' lang='lat' dir='ltr'><strong>vel</strong></span> 
     </span>
    </p>
   </div>
   <div class='ocr_carea' id='block_1_91' title="bbox 1850 2958 3435 3030">
    <p class='ocr_par' dir='ltr' id='par_1_91' title="bbox 1850 2958 3435 3030">
     <span class='ocr_line' id='line_1_91' title="bbox 1850 2958 3435 3030; baseline -0.001 -16"><span class='ocrx_word' id='word_1_708' title='bbox 1850 2958 2112 3030; x_wconf 88' lang='lat' dir='ltr'><strong>quidquid</strong></span> <span class='ocrx_word' id='word_1_709' title='bbox 2139 2958 2284 3014; x_wconf 89' lang='lat' dir='ltr'><strong>circa</strong></span> <span class='ocrx_word' id='word_1_710' title='bbox 2311 2958 2456 3028; x_wconf 89' lang='lat' dir='ltr'><strong>ipsas</strong></span> <span class='ocrx_word' id='word_1_711' title='bbox 2479 2973 2636 3014; x_wconf 88' lang='lat' dir='ltr'><strong>casas</strong></span> <span class='ocrx_word' id='word_1_712' title='bbox 2663 2958 2988 3030; x_wconf 89' lang='lat' dir='ltr'><strong>adpertinet,</strong></span> <span class='ocrx_word' id='word_1_713' title='bbox 3031 2959 3214 3014; x_wconf 89' lang='lat' dir='ltr'><strong>omnia</strong></span> <span class='ocrx_word' id='word_1_714' title='bbox 3246 2974 3314 3016; x_wconf 84' lang='lat' dir='ltr'><strong>ex</strong></span> <span class='ocrx_word' id='word_1_715' title='bbox 3352 2959 3435 3014; x_wconf 90' lang='lat' dir='ltr'><strong>in-</strong></span> 
     </span>
    </p>
   </div>
   <div class='ocr_carea' id='block_1_92' title="bbox 1852 3046 3438 3120">
    <p class='ocr_par' dir='ltr' id='par_1_92' title="bbox 1852 3046 3438 3120">
     <span class='ocr_line' id='line_1_92' title="bbox 1852 3046 3438 3120; baseline 0.001 -16"><span class='ocrx_word' id='word_1_716' title='bbox 1852 3057 2022 3120; x_wconf 89' lang='lat' dir='ltr'><strong>tegro.</strong></span> <span class='ocrx_word' id='word_1_717' title='bbox 2043 3048 2154 3105; x_wconf 89' lang='lat' dir='ltr'><strong>Leo</strong></span> <span class='ocrx_word' id='word_1_718' title='bbox 2173 3062 2402 3118; x_wconf 89' lang='lat' dir='ltr'><strong>persona</strong></span> <span class='ocrx_word' id='word_1_719' title='bbox 2422 3047 2555 3104; x_wconf 88' lang='lat' dir='ltr'><strong>sola.</strong></span> <span class='ocrx_word' id='word_1_720' title='bbox 2580 3046 2874 3104; x_wconf 84' lang='lat' dir='ltr'><strong>Fescianus</strong></span> <span class='ocrx_word' id='word_1_721' title='bbox 2898 3063 3022 3104; x_wconf 91' lang='lat' dir='ltr'><strong>cum</strong></span> <span class='ocrx_word' id='word_1_722' title='bbox 3041 3062 3209 3104; x_wconf 87' lang='lat' dir='ltr'><strong>uxore</strong></span> <span class='ocrx_word' id='word_1_723' title='bbox 3237 3057 3292 3104; x_wconf 93' lang='lat' dir='ltr'><strong>et</strong></span> <span class='ocrx_word' id='word_1_724' title='bbox 3312 3048 3438 3106; x_wconf 87' lang='lat' dir='ltr'><strong>ﬁliis</strong></span> 
     </span>
    </p>
   </div>
   <div class='ocr_carea' id='block_1_93' title="bbox 1850 3137 3432 3208">
    <p class='ocr_par' dir='ltr' id='par_1_93' title="bbox 1850 3137 3432 3208">
     <span class='ocr_line' id='line_1_93' title="bbox 1850 3137 3432 3208; baseline 0.001 -14"><span class='ocrx_word' id='word_1_725' title='bbox 1850 3138 1986 3204; x_wconf 89' lang='lat' dir='ltr'><strong>suis,</strong></span> <span class='ocrx_word' id='word_1_726' title='bbox 2021 3137 2160 3208; x_wconf 87' lang='lat' dir='ltr'><strong>agri,</strong></span> <span class='ocrx_word' id='word_1_727' title='bbox 2189 3137 2380 3208; x_wconf 90' lang='lat' dir='ltr'><strong>prada,</strong></span> <span class='ocrx_word' id='word_1_728' title='bbox 2406 3146 2460 3193; x_wconf 91' lang='lat' dir='ltr'><strong>et</strong></span> <span class='ocrx_word' id='word_1_729' title='bbox 2487 3152 2610 3193; x_wconf 93' lang='lat' dir='ltr'><strong>cum</strong></span> <span class='ocrx_word' id='word_1_730' title='bbox 2637 3137 2786 3192; x_wconf 91' lang='lat' dir='ltr'><strong>omni</strong></span> <span class='ocrx_word' id='word_1_731' title='bbox 2812 3138 3012 3194; x_wconf 90' lang='lat' dir='ltr'><strong>sondro</strong></span> <span class='ocrx_word' id='word_1_732' title='bbox 3040 3153 3162 3204; x_wconf 87' lang='lat' dir='ltr'><strong>suo,</strong></span> <span class='ocrx_word' id='word_1_733' title='bbox 3199 3154 3266 3194; x_wconf 86' lang='lat' dir='ltr'><strong>ex</strong></span> <span class='ocrx_word' id='word_1_734' title='bbox 3292 3139 3432 3196; x_wconf 86' lang='lat' dir='ltr'><strong>inte-</strong></span> 
     </span>
    </p>
   </div>
   <div class='ocr_carea' id='block_1_94' title="bbox 1850 3225 3436 3299">
    <p class='ocr_par' dir='ltr' id='par_1_94' title="bbox 1850 3225 3436 3299">
     <span class='ocr_line' id='line_1_94' title="bbox 1850 3225 3436 3299; baseline 0.001 -16"><span class='ocrx_word' id='word_1_735' title='bbox 1850 3242 1947 3299; x_wconf 88' lang='lat' dir='ltr'><strong>gro</strong></span> <span class='ocrx_word' id='word_1_736' title='bbox 1979 3246 1991 3281; x_wconf 89' lang='lat'><strong>:</strong></span> <span class='ocrx_word' id='word_1_737' title='bbox 2023 3227 2111 3282; x_wconf 91' lang='lat' dir='ltr'><strong>isti</strong></span> <span class='ocrx_word' id='word_1_738' title='bbox 2133 3240 2325 3282; x_wconf 89' lang='lat' dir='ltr'><strong>omnes</strong></span> <span class='ocrx_word' id='word_1_739' title='bbox 2346 3234 2690 3282; x_wconf 90' lang='lat' dir='ltr'><strong>revertantur</strong></span> <span class='ocrx_word' id='word_1_740' title='bbox 2711 3235 2829 3296; x_wconf 90' lang='lat' dir='ltr'><strong>post</strong></span> <span class='ocrx_word' id='word_1_741' title='bbox 2847 3225 3053 3282; x_wconf 90' lang='lat' dir='ltr'><strong>obitum</strong></span> <span class='ocrx_word' id='word_1_742' title='bbox 3088 3235 3334 3283; x_wconf 87' lang='lat' dir='ltr'><strong>nostrum</strong></span> <span class='ocrx_word' id='word_1_743' title='bbox 3363 3228 3436 3285; x_wconf 78' lang='lat' dir='ltr'><strong>ad</strong></span> 
     </span>
    </p>
   </div>
   <div class='ocr_carea' id='block_1_95' title="bbox 1852 3316 3441 3390">
    <p class='ocr_par' dir='ltr' id='par_1_95' title="bbox 1852 3316 3441 3390">
     <span class='ocr_line' id='line_1_95' title="bbox 1852 3316 3441 3390; baseline 0.001 -16"><span class='ocrx_word' id='word_1_744' title='bbox 1852 3319 2027 3390; x_wconf 92' lang='lat' dir='ltr'><strong>ipsum</strong></span> <span class='ocrx_word' id='word_1_745' title='bbox 2049 3317 2438 3374; x_wconf 88' lang='lat' dir='ltr'><strong>monasterium</strong></span> <span class='ocrx_word' id='word_1_746' title='bbox 2459 3327 2661 3374; x_wconf 68' lang='lat' dir='ltr'><strong>sancta:</strong></span> <span class='ocrx_word' id='word_1_747' title='bbox 2683 3316 2865 3372; x_wconf 75' lang='lat' dir='ltr'><strong>Maria:</strong></span> <span class='ocrx_word' id='word_1_748' title='bbox 2891 3332 2990 3373; x_wconf 91' lang='lat' dir='ltr'><strong>seu</strong></span> <span class='ocrx_word' id='word_1_749' title='bbox 3009 3317 3186 3372; x_wconf 89' lang='lat' dir='ltr'><strong>sancti</strong></span> <span class='ocrx_word' id='word_1_750' title='bbox 3217 3317 3441 3375; x_wconf 78' lang='lat' dir='ltr'><strong>Martini</strong></span> 
     </span>
    </p>
   </div>
   <div class='ocr_carea' id='block_1_96' title="bbox 1851 3409 3436 3481">
    <p class='ocr_par' dir='ltr' id='par_1_96' title="bbox 1851 3409 3436 3481">
     <span class='ocr_line' id='line_1_96' title="bbox 1851 3409 3436 3481; baseline 0.001 -15"><span class='ocrx_word' id='word_1_751' title='bbox 1851 3424 1944 3466; x_wconf 90' lang='lat' dir='ltr'><strong>seu</strong></span> <span class='ocrx_word' id='word_1_752' title='bbox 1968 3410 2141 3465; x_wconf 89' lang='lat' dir='ltr'><strong>sancti</strong></span> <span class='ocrx_word' id='word_1_753' title='bbox 2164 3409 2331 3465; x_wconf 89' lang='lat' dir='ltr'><strong>Petri.</strong></span> <span class='ocrx_word' id='word_1_754' title='bbox 2358 3409 2492 3465; x_wconf 85' lang='lat' dir='ltr'><strong>Item</strong></span> <span class='ocrx_word' id='word_1_755' title='bbox 2513 3410 2566 3464; x_wconf 85' lang='lat' dir='ltr'><strong>in</strong></span> <span class='ocrx_word' id='word_1_756' title='bbox 2591 3409 2766 3476; x_wconf 79' lang='lat' dir='ltr'><strong>Maile,</strong></span> <span class='ocrx_word' id='word_1_757' title='bbox 2791 3409 2929 3481; x_wconf 85' lang='lat' dir='ltr'><strong>agri,</strong></span> <span class='ocrx_word' id='word_1_758' title='bbox 2951 3411 3144 3480; x_wconf 91' lang='lat' dir='ltr'><strong>prada,</strong></span> <span class='ocrx_word' id='word_1_759' title='bbox 3168 3410 3303 3477; x_wconf 87' lang='lat' dir='ltr'><strong>sola,</strong></span> <span class='ocrx_word' id='word_1_760' title='bbox 3326 3411 3436 3467; x_wconf 89' lang='lat' dir='ltr'><strong>orti</strong></span> 
     </span>
    </p>
   </div>
   <div class='ocr_carea' id='block_1_97' title="bbox 1851 3495 3434 3575">
    <p class='ocr_par' dir='ltr' id='par_1_97' title="bbox 1851 3495 3434 3575">
     <span class='ocr_line' id='line_1_97' title="bbox 1851 3495 3434 3575; baseline 0.001 -17"><span class='ocrx_word' id='word_1_761' title='bbox 1851 3495 1975 3558; x_wconf 64' lang='lat' dir='ltr'><strong>cum</strong></span> <span class='ocrx_word' id='word_1_762' title='bbox 2004 3501 2303 3574; x_wconf 79' lang='lat' dir='ltr'><strong>pomiferis,</strong></span> <span class='ocrx_word' id='word_1_763' title='bbox 2333 3511 2596 3572; x_wconf 86' lang='lat' dir='ltr'><strong>quantum</strong></span> <span class='ocrx_word' id='word_1_764' title='bbox 2651 3503 2721 3559; x_wconf 90' lang='lat' dir='ltr'><strong>ad</strong></span> <span class='ocrx_word' id='word_1_765' title='bbox 2769 3519 2857 3559; x_wconf 90' lang='lat' dir='ltr'><strong>me</strong></span> <span class='ocrx_word' id='word_1_766' title='bbox 2902 3503 3138 3575; x_wconf 88' lang='lat' dir='ltr'><strong>legitime</strong></span> <span class='ocrx_word' id='word_1_767' title='bbox 3180 3505 3434 3574; x_wconf 85' lang='lat' dir='ltr'><strong>pertinet,</strong></span> 
     </span>
    </p>
   </div>
   <div class='ocr_carea' id='block_1_98' title="bbox 1852 3595 3434 3668">
    <p class='ocr_par' dir='ltr' id='par_1_98' title="bbox 1852 3595 3434 3668">
     <span class='ocr_line' id='line_1_98' title="bbox 1852 3595 3434 3668; baseline 0.001 -16"><span class='ocrx_word' id='word_1_768' title='bbox 1852 3608 2049 3668; x_wconf 65' lang='lat' dir='ltr'><strong>praeter</strong></span> <span class='ocrx_word' id='word_1_769' title='bbox 2099 3604 2300 3652; x_wconf 90' lang='lat' dir='ltr'><strong>terram</strong></span> <span class='ocrx_word' id='word_1_770' title='bbox 2357 3595 2626 3662; x_wconf 88' lang='lat' dir='ltr'><strong>ecclesiis,</strong></span> <span class='ocrx_word' id='word_1_771' title='bbox 2655 3597 2958 3668; x_wconf 91' lang='lat' dir='ltr'><strong>portionem</strong></span> <span class='ocrx_word' id='word_1_772' title='bbox 2989 3610 3168 3652; x_wconf 90' lang='lat' dir='ltr'><strong>meam</strong></span> <span class='ocrx_word' id='word_1_773' title='bbox 3199 3611 3266 3652; x_wconf 89' lang='lat' dir='ltr'><strong>ex</strong></span> <span class='ocrx_word' id='word_1_774' title='bbox 3292 3596 3434 3654; x_wconf 86' lang='lat' dir='ltr'><strong>inte-</strong></span> 
     </span>
    </p>
   </div>
   <div class='ocr_carea' id='block_1_99' title="bbox 1852 3688 3468 3760">
    <p class='ocr_par' dir='ltr' id='par_1_99' title="bbox 1852 3688 3468 3760">
     <span class='ocr_line' id='line_1_99' title="bbox 1852 3688 3468 3760; baseline 0.001 -16"><span class='ocrx_word' id='word_1_775' title='bbox 1852 3703 1950 3760; x_wconf 89' lang='lat' dir='ltr'><strong>gro</strong></span> <span class='ocrx_word' id='word_1_776' title='bbox 1981 3707 1994 3743; x_wconf 92' lang='lat'><strong>:</strong></span> <span class='ocrx_word' id='word_1_777' title='bbox 2025 3696 2081 3746; x_wconf 92' lang='lat' dir='ltr'><strong>et</strong></span> <span class='ocrx_word' id='word_1_778' title='bbox 2123 3695 2322 3760; x_wconf 64' lang='lat' dir='ltr'><strong>praeter</strong></span> <span class='ocrx_word' id='word_1_779' title='bbox 2356 3688 2644 3756; x_wconf 90' lang='lat' dir='ltr'><strong>coloniam,</strong></span> <span class='ocrx_word' id='word_1_780' title='bbox 2671 3705 2792 3759; x_wconf 77' lang='lat' dir='ltr'><strong>qua:</strong></span> <span class='ocrx_word' id='word_1_781' title='bbox 2816 3689 3062 3746; x_wconf 85' lang='lat' dir='ltr'><strong>concessi</strong></span> <span class='ocrx_word' id='word_1_782' title='bbox 3087 3688 3288 3759; x_wconf 88' lang='lat' dir='ltr'><strong>juniori</strong></span> <span class='ocrx_word' id='word_1_783' title='bbox 3314 3703 3468 3746; x_wconf 50' lang='lat' dir='ltr'><strong>meo:</strong></span> 
     </span>
    </p>
   </div>
   <div class='ocr_carea' id='block_1_100' title="bbox 1853 3780 3436 3852">
    <p class='ocr_par' dir='ltr' id='par_1_100' title="bbox 1853 3780 3436 3852">
     <span class='ocr_line' id='line_1_100' title="bbox 1853 3780 3436 3852; baseline -0.003 -14"><span class='ocrx_word' id='word_1_784' title='bbox 1853 3781 2103 3838; x_wconf 84' lang='lat' dir='ltr'><strong>Senatori</strong></span> <span class='ocrx_word' id='word_1_785' title='bbox 2132 3796 2232 3852; x_wconf 91' lang='lat' dir='ltr'><strong>pro</strong></span> <span class='ocrx_word' id='word_1_786' title='bbox 2253 3781 2480 3840; x_wconf 86' lang='lat' dir='ltr'><strong>servitio</strong></span> <span class='ocrx_word' id='word_1_787' title='bbox 2499 3797 2598 3838; x_wconf 90' lang='lat' dir='ltr'><strong>suo</strong></span> <span class='ocrx_word' id='word_1_788' title='bbox 2623 3782 2678 3837; x_wconf 92' lang='lat' dir='ltr'><strong>in</strong></span> <span class='ocrx_word' id='word_1_789' title='bbox 2703 3783 2825 3852; x_wconf 91' lang='lat' dir='ltr'><strong>ipso</strong></span> <span class='ocrx_word' id='word_1_790' title='bbox 2849 3781 3028 3838; x_wconf 79' lang='lat' dir='ltr'><strong>Maile.</strong></span> <span class='ocrx_word' id='word_1_791' title='bbox 3053 3781 3186 3838; x_wconf 90' lang='lat' dir='ltr'><strong>Item</strong></span> <span class='ocrx_word' id='word_1_792' title='bbox 3209 3782 3264 3840; x_wconf 94' lang='lat' dir='ltr'><strong>iu</strong></span> <span class='ocrx_word' id='word_1_793' title='bbox 3290 3780 3436 3838; x_wconf 47' lang='lat' dir='ltr'><strong>Cana-</strong></span> 
     </span>
    </p>
   </div>
   <div class='ocr_carea' id='block_1_101' title="bbox 1849 3858 3458 3948">
    <p class='ocr_par' dir='ltr' id='par_1_101' title="bbox 1849 3858 3458 3948">
     <span class='ocr_line' id='line_1_101' title="bbox 1849 3858 3458 3948; baseline 0.001 -19"><span class='ocrx_word' id='word_1_794' title='bbox 1849 3875 2040 3946; x_wconf 86' lang='lat' dir='ltr'><strong>pellos,</strong></span> <span class='ocrx_word' id='word_1_795' title='bbox 2063 3889 2246 3945; x_wconf 88' lang='lat' dir='ltr'><strong>agros,</strong></span> <span class='ocrx_word' id='word_1_796' title='bbox 2273 3874 2465 3946; x_wconf 88' lang='lat' dir='ltr'><strong>prada,</strong></span> <span class='ocrx_word' id='word_1_797' title='bbox 2495 3873 2627 3939; x_wconf 90' lang='lat' dir='ltr'><strong>sola,</strong></span> <span class='ocrx_word' id='word_1_798' title='bbox 2659 3858 2810 3930; x_wconf 67' lang='lat' dir='ltr'><strong>ortos</strong></span> <span class='ocrx_word' id='word_1_799' title='bbox 2847 3889 2974 3948; x_wconf 85' lang='lat' dir='ltr'><strong>eum</strong></span> <span class='ocrx_word' id='word_1_800' title='bbox 2995 3871 3275 3946; x_wconf 82' lang='lat' dir='ltr'><strong>pomiferis</strong></span> <span class='ocrx_word' id='word_1_801' title='bbox 3301 3873 3458 3938; x_wconf 79' lang='lat' dir='ltr'><strong>suis,.</strong></span> 
     </span>
    </p>
   </div>
   <div class='ocr_carea' id='block_1_102' title="bbox 1851 3965 3478 4040">
    <p class='ocr_par' dir='ltr' id='par_1_102' title="bbox 1851 3965 3478 4040">
     <span class='ocr_line' id='line_1_102' title="bbox 1851 3965 3478 4040; baseline 0.001 -17"><span class='ocrx_word' id='word_1_802' title='bbox 1851 3975 1906 4023; x_wconf 89' lang='lat' dir='ltr'><strong>et</strong></span> <span class='ocrx_word' id='word_1_803' title='bbox 1925 3966 2184 4038; x_wconf 90' lang='lat' dir='ltr'><strong>quidquid</strong></span> <span class='ocrx_word' id='word_1_804' title='bbox 2197 3966 2265 4022; x_wconf 87' lang='lat' dir='ltr'><strong>ad</strong></span> <span class='ocrx_word' id='word_1_805' title='bbox 2282 3981 2369 4022; x_wconf 89' lang='lat' dir='ltr'><strong>me</strong></span> <span class='ocrx_word' id='word_1_806' title='bbox 2388 3965 2628 4038; x_wconf 89' lang='lat' dir='ltr'><strong>legitime</strong></span> <span class='ocrx_word' id='word_1_807' title='bbox 2644 3966 2903 4037; x_wconf 86' lang='lat' dir='ltr'><strong>pertinet,</strong></span> <span class='ocrx_word' id='word_1_808' title='bbox 2915 3967 3096 4024; x_wconf 90' lang='lat' dir='ltr'><strong>omnia</strong></span> <span class='ocrx_word' id='word_1_809' title='bbox 3115 3982 3184 4024; x_wconf 86' lang='lat' dir='ltr'><strong>ex</strong></span> <span class='ocrx_word' id='word_1_810' title='bbox 3203 3967 3446 4040; x_wconf 79' lang='lat' dir='ltr'><strong>integro.</strong></span> <span class='ocrx_word' id='word_1_811' title='bbox 3471 4019 3478 4024; x_wconf 89' lang='lat'><strong>.</strong></span> 
     </span>
    </p>
   </div>
   <div class='ocr_carea' id='block_1_103' title="bbox 1854 4056 3441 4130">
    <p class='ocr_par' dir='ltr' id='par_1_103' title="bbox 1854 4056 3441 4130">
     <span class='ocr_line' id='line_1_103' title="bbox 1854 4056 3441 4130; baseline 0.003 -16"><span class='ocrx_word' id='word_1_812' title='bbox 1854 4058 2118 4114; x_wconf 90' lang='lat' dir='ltr'><strong>Similiter</strong></span> <span class='ocrx_word' id='word_1_813' title='bbox 2144 4065 2201 4115; x_wconf 88' lang='lat' dir='ltr'><strong>et</strong></span> <span class='ocrx_word' id='word_1_814' title='bbox 2224 4057 2359 4115; x_wconf 88' lang='lat' dir='ltr'><strong>silva</strong></span> <span class='ocrx_word' id='word_1_815' title='bbox 2385 4056 2550 4114; x_wconf 89' lang='lat' dir='ltr'><strong>Plana</strong></span> <span class='ocrx_word' id='word_1_816' title='bbox 2577 4071 2740 4130; x_wconf 83' lang='lat' dir='ltr'><strong>super</strong></span> <span class='ocrx_word' id='word_1_817' title='bbox 2765 4057 2944 4122; x_wconf 77' lang='lat' dir='ltr'><strong>Maiis,</strong></span> <span class='ocrx_word' id='word_1_818' title='bbox 2972 4066 3236 4129; x_wconf 87' lang='lat' dir='ltr'><strong>quantum</strong></span> <span class='ocrx_word' id='word_1_819' title='bbox 3253 4059 3320 4116; x_wconf 90' lang='lat' dir='ltr'><strong>ad</strong></span> <span class='ocrx_word' id='word_1_820' title='bbox 3351 4074 3441 4118; x_wconf 88' lang='lat' dir='ltr'><strong>me</strong></span> 
     </span>
    </p>
   </div>
   <div class='ocr_carea' id='block_1_104' title="bbox 1852 4148 3438 4221">
    <p class='ocr_par' dir='ltr' id='par_1_104' title="bbox 1852 4148 3438 4221">
     <span class='ocr_line' id='line_1_104' title="bbox 1852 4148 3438 4221; baseline 0.001 -19"><span class='ocrx_word' id='word_1_821' title='bbox 1852 4149 2089 4221; x_wconf 89' lang='lat' dir='ltr'><strong>legitime</strong></span> <span class='ocrx_word' id='word_1_822' title='bbox 2122 4148 2379 4218; x_wconf 88' lang='lat' dir='ltr'><strong>pertinet,</strong></span> <span class='ocrx_word' id='word_1_823' title='bbox 2405 4148 2480 4203; x_wconf 90' lang='lat' dir='ltr'><strong>sit</strong></span> <span class='ocrx_word' id='word_1_824' title='bbox 2502 4149 2687 4203; x_wconf 89' lang='lat' dir='ltr'><strong>datum</strong></span> <span class='ocrx_word' id='word_1_825' title='bbox 2714 4155 2770 4202; x_wconf 92' lang='lat' dir='ltr'><strong>et</strong></span> <span class='ocrx_word' id='word_1_826' title='bbox 2801 4161 3120 4203; x_wconf 80' lang='lat' dir='ltr'><strong>concessum</strong></span> <span class='ocrx_word' id='word_1_827' title='bbox 3165 4148 3234 4203; x_wconf 89' lang='lat' dir='ltr'><strong>ad</strong></span> <span class='ocrx_word' id='word_1_828' title='bbox 3262 4149 3438 4219; x_wconf 81' lang='lat' dir='ltr'><strong>ipsum</strong></span> 
     </span>
    </p>
   </div>
   <div class='ocr_carea' id='block_1_105' title="bbox 1853 4238 3440 4306">
    <p class='ocr_par' dir='ltr' id='par_1_105' title="bbox 1853 4238 3440 4306">
     <span class='ocr_line' id='line_1_105' title="bbox 1853 4238 3440 4306; baseline -0.001 -8"><span class='ocrx_word' id='word_1_829' title='bbox 1853 4241 2242 4298; x_wconf 85' lang='lat' dir='ltr'><strong>monasterium</strong></span> <span class='ocrx_word' id='word_1_830' title='bbox 2269 4248 2471 4295; x_wconf 64' lang='lat' dir='ltr'><strong>sancte</strong></span> <span class='ocrx_word' id='word_1_831' title='bbox 2499 4238 2702 4305; x_wconf 71' lang='lat' dir='ltr'><strong>Mariaa,</strong></span> <span class='ocrx_word' id='word_1_832' title='bbox 2729 4252 2826 4293; x_wconf 89' lang='lat' dir='ltr'><strong>seu</strong></span> <span class='ocrx_word' id='word_1_833' title='bbox 2867 4239 3040 4294; x_wconf 87' lang='lat' dir='ltr'><strong>sancti</strong></span> <span class='ocrx_word' id='word_1_834' title='bbox 3075 4238 3315 4306; x_wconf 74' lang='lat' dir='ltr'><strong>Martini,</strong></span> <span class='ocrx_word' id='word_1_835' title='bbox 3343 4255 3440 4298; x_wconf 81' lang='lat' dir='ltr'><strong>seu</strong></span> 
     </span>
    </p>
   </div>
   <div class='ocr_carea' id='block_1_106' title="bbox 1855 4327 3440 4400">
    <p class='ocr_par' dir='ltr' id='par_1_106' title="bbox 1855 4327 3440 4400">
     <span class='ocr_line' id='line_1_106' title="bbox 1855 4327 3440 4400; baseline -0.001 -12"><span class='ocrx_word' id='word_1_836' title='bbox 1855 4332 2028 4388; x_wconf 90' lang='lat' dir='ltr'><strong>sancti</strong></span> <span class='ocrx_word' id='word_1_837' title='bbox 2069 4331 2235 4386; x_wconf 87' lang='lat' dir='ltr'><strong>Petri.</strong></span> <span class='ocrx_word' id='word_1_838' title='bbox 2282 4329 2418 4386; x_wconf 89' lang='lat' dir='ltr'><strong>Item</strong></span> <span class='ocrx_word' id='word_1_839' title='bbox 2467 4327 2662 4395; x_wconf 86' lang='lat' dir='ltr'><strong>silvas,</strong></span> <span class='ocrx_word' id='word_1_840' title='bbox 2712 4327 2887 4385; x_wconf 87' lang='lat' dir='ltr'><strong>scales</strong></span> <span class='ocrx_word' id='word_1_841' title='bbox 2929 4327 3258 4397; x_wconf 88' lang='lat' dir='ltr'><strong>fructiferas,</strong></span> <span class='ocrx_word' id='word_1_842' title='bbox 3301 4344 3440 4400; x_wconf 87' lang='lat' dir='ltr'><strong>quas</strong></span> 
     </span>
    </p>
   </div>
   <div class='ocr_carea' id='block_1_107' title="bbox 1855 4418 3438 4492">
    <p class='ocr_par' dir='ltr' id='par_1_107' title="bbox 1855 4418 3438 4492">
     <span class='ocr_line' id='line_1_107' title="bbox 1855 4418 3438 4492; baseline -0.001 -14"><span class='ocrx_word' id='word_1_843' title='bbox 1855 4423 2048 4478; x_wconf 90' lang='lat' dir='ltr'><strong>damus</strong></span> <span class='ocrx_word' id='word_1_844' title='bbox 2071 4422 2140 4477; x_wconf 92' lang='lat' dir='ltr'><strong>ad</strong></span> <span class='ocrx_word' id='word_1_845' title='bbox 2162 4421 2339 4492; x_wconf 88' lang='lat' dir='ltr'><strong>ipsum</strong></span> <span class='ocrx_word' id='word_1_846' title='bbox 2365 4419 2779 4484; x_wconf 88' lang='lat' dir='ltr'><strong>monasterium,</strong></span> <span class='ocrx_word' id='word_1_847' title='bbox 2817 4418 2962 4492; x_wconf 79' lang='lat' dir='ltr'><strong>quod</strong></span> <span class='ocrx_word' id='word_1_848' title='bbox 2985 4418 3234 4488; x_wconf 85' lang='lat' dir='ltr'><strong>superius</strong></span> <span class='ocrx_word' id='word_1_849' title='bbox 3260 4419 3438 4476; x_wconf 65' lang='lat' dir='ltr'><strong>nomir</strong></span> 
     </span>
    </p>
   </div>
   <div class='ocr_carea' id='block_1_108' title="bbox 1857 4487 3440 4582">
    <p class='ocr_par' dir='ltr' id='par_1_108' title="bbox 1857 4487 3440 4582">
     <span class='ocr_line' id='line_1_108' title="bbox 1857 4487 3440 4582; baseline -0.001 -14"><span class='ocrx_word' id='word_1_850' title='bbox 1857 4512 2124 4576; x_wconf 88' lang='lat' dir='ltr'><strong>navimus,</strong></span> <span class='ocrx_word' id='word_1_851' title='bbox 2153 4487 2317 4582; x_wconf 78' lang='lat' dir='ltr'><strong>super</strong></span> <span class='ocrx_word' id='word_1_852' title='bbox 2335 4509 2560 4576; x_wconf 89' lang='lat' dir='ltr'><strong>lliande,</strong></span> <span class='ocrx_word' id='word_1_853' title='bbox 2590 4487 2853 4581; x_wconf 84' lang='lat' dir='ltr'><strong>quantum</strong></span> <span class='ocrx_word' id='word_1_854' title='bbox 2880 4487 2948 4565; x_wconf 80' lang='lat' dir='ltr'><strong>ad</strong></span> <span class='ocrx_word' id='word_1_855' title='bbox 2973 4487 3071 4565; x_wconf 17' lang='lat' dir='ltr'><strong>me,</strong></span> <span class='ocrx_word' id='word_1_856' title='bbox 3092 4509 3348 4579; x_wconf 90' lang='lat' dir='ltr'><strong>pertinet,</strong></span> <span class='ocrx_word' id='word_1_857' title='bbox 3369 4526 3440 4566; x_wconf 83' lang='lat' dir='ltr'><strong>ex</strong></span> 
     </span>
    </p>
   </div>
   <div class='ocr_carea' id='block_1_109' title="bbox 1856 4598 3437 4674">
    <p class='ocr_par' dir='ltr' id='par_1_109' title="bbox 1856 4598 3437 4674">
     <span class='ocr_line' id='line_1_109' title="bbox 1856 4598 3437 4674; baseline -0.004 -14"><span class='ocrx_word' id='word_1_858' title='bbox 1856 4604 2086 4674; x_wconf 84' lang='lat' dir='ltr'><strong>integro.</strong></span> <span class='ocrx_word' id='word_1_859' title='bbox 2116 4601 2251 4659; x_wconf 87' lang='lat' dir='ltr'><strong>Item</strong></span> <span class='ocrx_word' id='word_1_860' title='bbox 2275 4601 2332 4658; x_wconf 91' lang='lat' dir='ltr'><strong>in</strong></span> <span class='ocrx_word' id='word_1_861' title='bbox 2347 4601 2566 4659; x_wconf 83' lang='lat' dir='ltr'><strong>Rucene</strong></span> <span class='ocrx_word' id='word_1_862' title='bbox 2583 4608 2794 4657; x_wconf 87' lang='lat' dir='ltr'><strong>curtem</strong></span> <span class='ocrx_word' id='word_1_863' title='bbox 2816 4613 2993 4656; x_wconf 90' lang='lat' dir='ltr'><strong>meam</strong></span> <span class='ocrx_word' id='word_1_864' title='bbox 3012 4614 3136 4656; x_wconf 90' lang='lat' dir='ltr'><strong>cum</strong></span> <span class='ocrx_word' id='word_1_865' title='bbox 3155 4598 3286 4665; x_wconf 88' lang='lat' dir='ltr'><strong>sala,</strong></span> <span class='ocrx_word' id='word_1_866' title='bbox 3313 4616 3437 4657; x_wconf 87' lang='lat' dir='ltr'><strong>cum</strong></span> 
     </span>
    </p>
   </div>
   <div class='ocr_carea' id='block_1_110' title="bbox 1856 4688 3478 4761">
    <p class='ocr_par' dir='ltr' id='par_1_110' title="bbox 1856 4688 3478 4761">
     <span class='ocr_line' id='line_1_110' title="bbox 1856 4688 3478 4761; baseline -0.002 -11"><span class='ocrx_word' id='word_1_867' title='bbox 1856 4693 2098 4761; x_wconf 89' lang='lat' dir='ltr'><strong>cellario,</strong></span> <span class='ocrx_word' id='word_1_868' title='bbox 2148 4708 2276 4750; x_wconf 91' lang='lat' dir='ltr'><strong>cum</strong></span> <span class='ocrx_word' id='word_1_869' title='bbox 2299 4691 2591 4757; x_wconf 89' lang='lat' dir='ltr'><strong>caminata,</strong></span> <span class='ocrx_word' id='word_1_870' title='bbox 2616 4705 2744 4746; x_wconf 91' lang='lat' dir='ltr'><strong>cum</strong></span> <span class='ocrx_word' id='word_1_871' title='bbox 2791 4688 3014 4756; x_wconf 81' lang='lat' dir='ltr'><strong>salario,</strong></span> <span class='ocrx_word' id='word_1_872' title='bbox 3040 4703 3165 4746; x_wconf 89' lang='lat' dir='ltr'><strong>cum</strong></span> <span class='ocrx_word' id='word_1_873' title='bbox 3195 4690 3438 4754; x_wconf 80' lang='lat' dir='ltr'><strong>torbace,</strong></span> <span class='ocrx_word' id='word_1_874' title='bbox 3473 4745 3478 4752; x_wconf 86' lang='grc'>,</span> 
     </span>
    </p>
   </div>
   <div class='ocr_carea' id='block_1_111' title="bbox 1856 4781 3438 4854">
    <p class='ocr_par' dir='ltr' id='par_1_111' title="bbox 1856 4781 3438 4854">
     <span class='ocr_line' id='line_1_111' title="bbox 1856 4781 3438 4854; baseline -0.006 -7"><span class='ocrx_word' id='word_1_875' title='bbox 1856 4805 1981 4849; x_wconf 90' lang='lat' dir='ltr'><strong>cum</strong></span> <span class='ocrx_word' id='word_1_876' title='bbox 2007 4787 2242 4854; x_wconf 89' lang='lat' dir='ltr'><strong>stabulo,</strong></span> <span class='ocrx_word' id='word_1_877' title='bbox 2276 4802 2400 4843; x_wconf 91' lang='lat' dir='ltr'><strong>cum</strong></span> <span class='ocrx_word' id='word_1_878' title='bbox 2425 4785 2642 4850; x_wconf 89' lang='lat' dir='ltr'><strong>bareca,</strong></span> <span class='ocrx_word' id='word_1_879' title='bbox 2663 4797 2787 4840; x_wconf 88' lang='lat' dir='ltr'><strong>cum</strong></span> <span class='ocrx_word' id='word_1_880' title='bbox 2818 4781 3078 4848; x_wconf 87' lang='lat' dir='ltr'><strong>tabulata,</strong></span> <span class='ocrx_word' id='word_1_881' title='bbox 3121 4796 3246 4838; x_wconf 85' lang='lat' dir='ltr'><strong>eu</strong></span> <span class='ocrx_word' id='word_1_882' title='bbox 3295 4790 3438 4846; x_wconf 91' lang='lat' dir='ltr'><strong>orto,</strong></span> 
     </span>
    </p>
   </div>
   <div class='ocr_carea' id='block_1_112' title="bbox 1857 4871 3438 4952">
    <p class='ocr_par' dir='ltr' id='par_1_112' title="bbox 1857 4871 3438 4952">
     <span class='ocr_line' id='line_1_112' title="bbox 1857 4871 3438 4952; baseline -0.007 -14"><span class='ocrx_word' id='word_1_883' title='bbox 1857 4891 1915 4938; x_wconf 92' lang='lat' dir='ltr'><strong>et</strong></span> <span class='ocrx_word' id='word_1_884' title='bbox 1941 4880 2202 4952; x_wconf 92' lang='lat' dir='ltr'><strong>quidquid</strong></span> <span class='ocrx_word' id='word_1_885' title='bbox 2225 4879 2372 4935; x_wconf 90' lang='lat' dir='ltr'><strong>circa</strong></span> <span class='ocrx_word' id='word_1_886' title='bbox 2401 4877 2572 4948; x_wconf 91' lang='lat' dir='ltr'><strong>ipsam</strong></span> <span class='ocrx_word' id='word_1_887' title='bbox 2601 4882 2809 4931; x_wconf 85' lang='lat' dir='ltr'><strong>curtem</strong></span> <span class='ocrx_word' id='word_1_888' title='bbox 2836 4871 3162 4944; x_wconf 88' lang='lat' dir='ltr'><strong>adpertinet,</strong></span> <span class='ocrx_word' id='word_1_889' title='bbox 3207 4886 3332 4928; x_wconf 90' lang='lat' dir='ltr'><strong>cum</strong></span> <span class='ocrx_word' id='word_1_890' title='bbox 3351 4871 3438 4928; x_wconf 88' lang='lat' dir='ltr'><strong>in-</strong></span> 
     </span>
    </p>
   </div>
   <div class='ocr_carea' id='block_1_113' title="bbox 1859 4961 3437 5036">
    <p class='ocr_par' dir='ltr' id='par_1_113' title="bbox 1859 4961 3437 5036">
     <span class='ocr_line' id='line_1_113' title="bbox 1859 4961 3437 5036; baseline -0.008 -8"><span class='ocrx_word' id='word_1_891' title='bbox 1859 4973 2022 5028; x_wconf 91' lang='lat' dir='ltr'><strong>troitu</strong></span> <span class='ocrx_word' id='word_1_892' title='bbox 2045 4985 2166 5036; x_wconf 87' lang='lat' dir='ltr'><strong>suo,</strong></span> <span class='ocrx_word' id='word_1_893' title='bbox 2180 4977 2236 5026; x_wconf 86' lang='lat' dir='ltr'><strong>et</strong></span> <span class='ocrx_word' id='word_1_894' title='bbox 2260 4969 2432 5032; x_wconf 86' lang='lat' dir='ltr'><strong>exitu,</strong></span> <span class='ocrx_word' id='word_1_895' title='bbox 2459 4982 2582 5022; x_wconf 87' lang='lat' dir='ltr'><strong>cum</strong></span> <span class='ocrx_word' id='word_1_896' title='bbox 2603 4965 2780 5035; x_wconf 85' lang='lat' dir='ltr'><strong>aquis,</strong></span> <span class='ocrx_word' id='word_1_897' title='bbox 2803 4979 2930 5020; x_wconf 92' lang='lat' dir='ltr'><strong>cum</strong></span> <span class='ocrx_word' id='word_1_898' title='bbox 2947 4962 3162 5036; x_wconf 88' lang='lat' dir='ltr'><strong>pascuis</strong></span> <span class='ocrx_word' id='word_1_899' title='bbox 3181 4962 3240 5019; x_wconf 89' lang='lat' dir='ltr'><strong>in</strong></span> <span class='ocrx_word' id='word_1_900' title='bbox 3256 4961 3437 5020; x_wconf 85' lang='lat' dir='ltr'><strong>silvis:</strong></span> 
     </span>
    </p>
   </div>
   <div class='ocr_carea' id='block_1_114' title="bbox 1859 5051 3442 5124">
    <p class='ocr_par' dir='ltr' id='par_1_114' title="bbox 1859 5051 3442 5124">
     <span class='ocr_line' id='line_1_114' title="bbox 1859 5051 3442 5124; baseline -0.006 -5"><span class='ocrx_word' id='word_1_901' title='bbox 1859 5065 1990 5119; x_wconf 87' lang='lat' dir='ltr'><strong>item</strong></span> <span class='ocrx_word' id='word_1_902' title='bbox 2021 5060 2364 5118; x_wconf 80' lang='lat' dir='ltr'><strong>Roboredum</strong></span> <span class='ocrx_word' id='word_1_903' title='bbox 2409 5058 2598 5114; x_wconf 82' lang='lat' dir='ltr'><strong>subter</strong></span> <span class='ocrx_word' id='word_1_904' title='bbox 2625 5055 2866 5122; x_wconf 80' lang='lat' dir='ltr'><strong>Rucene,</strong></span> <span class='ocrx_word' id='word_1_905' title='bbox 2912 5068 2982 5109; x_wconf 88' lang='lat' dir='ltr'><strong>ex</strong></span> <span class='ocrx_word' id='word_1_906' title='bbox 3028 5053 3260 5124; x_wconf 85' lang='lat' dir='ltr'><strong>integro.</strong></span> <span class='ocrx_word' id='word_1_907' title='bbox 3306 5051 3442 5110; x_wconf 88' lang='lat' dir='ltr'><strong>Item</strong></span> 
     </span>
    </p>
   </div>
   <div class='ocr_carea' id='block_1_115' title="bbox 1858 5143 3444 5224">
    <p class='ocr_par' dir='ltr' id='par_1_115' title="bbox 1858 5143 3444 5224">
     <span class='ocr_line' id='line_1_115' title="bbox 1858 5143 3444 5224; baseline -0.005 -14"><span class='ocrx_word' id='word_1_908' title='bbox 1858 5153 2038 5224; x_wconf 81' lang='lat' dir='ltr'><strong>Alpes,</strong></span> <span class='ocrx_word' id='word_1_909' title='bbox 2067 5167 2204 5222; x_wconf 86' lang='lat' dir='ltr'><strong>quas</strong></span> <span class='ocrx_word' id='word_1_910' title='bbox 2229 5151 2422 5208; x_wconf 87' lang='lat' dir='ltr'><strong>damus</strong></span> <span class='ocrx_word' id='word_1_911' title='bbox 2444 5150 2513 5206; x_wconf 88' lang='lat' dir='ltr'><strong>ad</strong></span> <span class='ocrx_word' id='word_1_912' title='bbox 2540 5149 2716 5218; x_wconf 75' lang='lat' dir='ltr'><strong>ipsum</strong></span> <span class='ocrx_word' id='word_1_913' title='bbox 2754 5145 3161 5211; x_wconf 87' lang='lat' dir='ltr'><strong>monasterium,</strong></span> <span class='ocrx_word' id='word_1_914' title='bbox 3183 5143 3328 5216; x_wconf 86' lang='lat' dir='ltr'><strong>quod</strong></span> <span class='ocrx_word' id='word_1_915' title='bbox 3352 5161 3444 5202; x_wconf 84' lang='lat' dir='ltr'><strong>su-</strong></span> 
     </span>
    </p>
   </div>
   <div class='ocr_carea' id='block_1_116' title="bbox 1859 5236 3476 5314">
    <p class='ocr_par' dir='ltr' id='par_1_116' title="bbox 1859 5236 3476 5314">
     <span class='ocr_line' id='line_1_116' title="bbox 1859 5236 3476 5314; baseline -0.006 -15"><span class='ocrx_word' id='word_1_916' title='bbox 1859 5243 2043 5314; x_wconf 89' lang='lat' dir='ltr'><strong>perius</strong></span> <span class='ocrx_word' id='word_1_917' title='bbox 2067 5241 2466 5298; x_wconf 89' lang='lat' dir='ltr'><strong>nominavimus</strong></span> <span class='ocrx_word' id='word_1_918' title='bbox 2510 5257 2523 5293; x_wconf 91' lang='lat'><strong>:</strong></span> <span class='ocrx_word' id='word_1_919' title='bbox 2579 5237 2753 5294; x_wconf 82' lang='lat' dir='ltr'><strong>Naulo</strong></span> <span class='ocrx_word' id='word_1_920' title='bbox 2798 5237 2998 5302; x_wconf 88' lang='lat' dir='ltr'><strong>media,</strong></span> <span class='ocrx_word' id='word_1_921' title='bbox 3029 5236 3290 5294; x_wconf 78' lang='lat' dir='ltr'><strong>Mendane</strong></span> <span class='ocrx_word' id='word_1_922' title='bbox 3317 5252 3476 5294; x_wconf 81' lang='lat' dir='ltr'><strong>cum.</strong></span> 
     </span>
    </p>
   </div>
   <div class='ocr_carea' id='block_1_117' title="bbox 1864 5327 3462 5404">
    <p class='ocr_par' dir='ltr' id='par_1_117' title="bbox 1864 5327 3462 5404">
     <span class='ocr_line' id='line_1_117' title="bbox 1864 5327 3462 5404; baseline -0.005 -12"><span class='ocrx_word' id='word_1_923' title='bbox 1864 5335 2060 5392; x_wconf 89' lang='lat' dir='ltr'><strong>Secivo</strong></span> <span class='ocrx_word' id='word_1_924' title='bbox 2083 5349 2202 5401; x_wconf 86' lang='lat' dir='ltr'><strong>suo,</strong></span> <span class='ocrx_word' id='word_1_925' title='bbox 2227 5349 2293 5390; x_wconf 81' lang='lat' dir='ltr'><strong>ex</strong></span> <span class='ocrx_word' id='word_1_926' title='bbox 2313 5333 2542 5404; x_wconf 89' lang='lat' dir='ltr'><strong>integro.</strong></span> <span class='ocrx_word' id='word_1_927' title='bbox 2563 5330 2621 5386; x_wconf 90' lang='lat' dir='ltr'><strong>lu</strong></span> <span class='ocrx_word' id='word_1_928' title='bbox 2642 5329 2920 5386; x_wconf 86' lang='lat' dir='ltr'><strong>Fadohine</strong></span> <span class='ocrx_word' id='word_1_929' title='bbox 2944 5327 3244 5398; x_wconf 85' lang='lat' dir='ltr'><strong>portionem</strong></span> <span class='ocrx_word' id='word_1_930' title='bbox 3264 5341 3462 5385; x_wconf 80' lang='lat' dir='ltr'><strong>meam-</strong></span> 
     </span>
    </p>
   </div>
   <div class='ocr_carea' id='block_1_118' title="bbox 1863 5418 3439 5498">
    <p class='ocr_par' dir='ltr' id='par_1_118' title="bbox 1863 5418 3439 5498">
     <span class='ocr_line' id='line_1_118' title="bbox 1863 5418 3439 5498; baseline -0.008 -15"><span class='ocrx_word' id='word_1_931' title='bbox 1863 5445 1930 5484; x_wconf 87' lang='lat' dir='ltr'><strong>ex</strong></span> <span class='ocrx_word' id='word_1_932' title='bbox 1963 5427 2192 5498; x_wconf 85' lang='lat' dir='ltr'><strong>integro.</strong></span> <span class='ocrx_word' id='word_1_933' title='bbox 2222 5424 2282 5480; x_wconf 91' lang='lat' dir='ltr'><strong>In</strong></span> <span class='ocrx_word' id='word_1_934' title='bbox 2304 5423 2537 5494; x_wconf 85' lang='lat' dir='ltr'><strong>Ceipene</strong></span> <span class='ocrx_word' id='word_1_935' title='bbox 2560 5421 2865 5493; x_wconf 90' lang='lat' dir='ltr'><strong>portionem</strong></span> <span class='ocrx_word' id='word_1_936' title='bbox 2903 5434 3078 5476; x_wconf 87' lang='lat' dir='ltr'><strong>meam</strong></span> <span class='ocrx_word' id='word_1_937' title='bbox 3105 5434 3173 5475; x_wconf 86' lang='lat' dir='ltr'><strong>ex</strong></span> <span class='ocrx_word' id='word_1_938' title='bbox 3210 5418 3439 5489; x_wconf 88' lang='lat' dir='ltr'><strong>integro.</strong></span> 
     </span>
    </p>
   </div>
   <div class='ocr_carea' id='block_1_119' title="bbox 1866 5510 3443 5582">
    <p class='ocr_par' dir='ltr' id='par_1_119' title="bbox 1866 5510 3443 5582">
     <span class='ocr_line' id='line_1_119' title="bbox 1866 5510 3443 5582; baseline -0.009 -8"><span class='ocrx_word' id='word_1_939' title='bbox 1866 5519 1998 5574; x_wconf 88' lang='lat' dir='ltr'><strong>Item</strong></span> <span class='ocrx_word' id='word_1_940' title='bbox 2023 5515 2309 5572; x_wconf 84' lang='lat' dir='ltr'><strong>definimus</strong></span> <span class='ocrx_word' id='word_1_941' title='bbox 2337 5515 2403 5569; x_wconf 87' lang='lat' dir='ltr'><strong>de</strong></span> <span class='ocrx_word' id='word_1_942' title='bbox 2422 5513 2665 5568; x_wconf 83' lang='lat' dir='ltr'><strong>fidelibus</strong></span> <span class='ocrx_word' id='word_1_943' title='bbox 2685 5511 2900 5575; x_wconf 84' lang='lat' dir='ltr'><strong>nostris,</strong></span> <span class='ocrx_word' id='word_1_944' title='bbox 2929 5510 3148 5582; x_wconf 89' lang='lat' dir='ltr'><strong>quibus,</strong></span> <span class='ocrx_word' id='word_1_945' title='bbox 3184 5514 3443 5578; x_wconf 87' lang='lat' dir='ltr'><strong>quantum</strong></span> 
     </span>
    </p>
   </div>
   <div class='ocr_carea' id='block_1_120' title="bbox 1865 5600 3443 5674">
    <p class='ocr_par' dir='ltr' id='par_1_120' title="bbox 1865 5600 3443 5674">
     <span class='ocr_line' id='line_1_120' title="bbox 1865 5600 3443 5674; baseline -0.007 -12"><span class='ocrx_word' id='word_1_946' title='bbox 1865 5605 2230 5663; x_wconf 67' lang='lat' dir='ltr'><strong>concessimus</strong></span> <span class='ocrx_word' id='word_1_947' title='bbox 2245 5603 2399 5662; x_wconf 80' lang='lat' dir='ltr'><strong>nobis</strong></span> <span class='ocrx_word' id='word_1_948' title='bbox 2413 5603 2735 5669; x_wconf 78' lang='lat' dir='ltr'><strong>viventibus,</strong></span> <span class='ocrx_word' id='word_1_949' title='bbox 2759 5608 2946 5674; x_wconf 88' lang='lat' dir='ltr'><strong>etpost</strong></span> <span class='ocrx_word' id='word_1_950' title='bbox 2967 5600 3172 5657; x_wconf 92' lang='lat' dir='ltr'><strong>obitum</strong></span> <span class='ocrx_word' id='word_1_951' title='bbox 3195 5605 3443 5653; x_wconf 88' lang='lat' dir='ltr'><strong>nostrum</strong></span> 
     </span>
    </p>
   </div>
   <div class='ocr_carea' id='block_1_121' title="bbox 1867 5691 3442 5766">
    <p class='ocr_par' dir='ltr' id='par_1_121' title="bbox 1867 5691 3442 5766">
     <span class='ocr_line' id='line_1_121' title="bbox 1867 5691 3442 5766; baseline -0.005 -16"><span class='ocrx_word' id='word_1_952' title='bbox 1867 5701 2148 5756; x_wconf 85' lang='lat' dir='ltr'><strong>donamus.</strong></span> <span class='ocrx_word' id='word_1_953' title='bbox 2177 5695 2232 5750; x_wconf 93' lang='lat' dir='ltr'><strong>In</strong></span> <span class='ocrx_word' id='word_1_954' title='bbox 2261 5695 2453 5766; x_wconf 75' lang='lat' dir='ltr'><strong>primis</strong></span> <span class='ocrx_word' id='word_1_955' title='bbox 2481 5695 2730 5751; x_wconf 83' lang='lat' dir='ltr'><strong>Lidorius</strong></span> <span class='ocrx_word' id='word_1_956' title='bbox 2780 5703 2926 5750; x_wconf 87' lang='lat' dir='ltr'><strong>tenet</strong></span> <span class='ocrx_word' id='word_1_957' title='bbox 2975 5691 3236 5764; x_wconf 86' lang='lat' dir='ltr'><strong>specium,</strong></span> <span class='ocrx_word' id='word_1_958' title='bbox 3282 5703 3442 5758; x_wconf 88' lang='lat' dir='ltr'><strong>quem</strong></span> 
     </span>
    </p>
   </div>
  </div>
