3920 6310
474 303 618 363 I559

1469 297 1736 358 SECULI
1780 298 1886 355 VIII
1928 295 2365 355 MONUMENT-A
2401 293 2738 361 SELECTA.

3631 309 3757 364 ὶΰιῖ

470 417 604 484 colit
633 415 850 474 Vidales
879 435 892 472 :
927 417 1042 487 ipse
1085 425 1388 472 revertatur
1414 424 1538 485 post
1579 415 1784 469 obitum
1815 421 2058 468 nostrum
2092 415 2135 476 Α
2162 422 2452 483 potestate,
2479 424 2536 472 et
2553 405 2772 475 donatio
2795 421 2912 476 haec
2954 431 3074 492 post
3115 424 3327 480 obitum
3372 441 3569 481 meum
3611 427 3756 483 εγω
3817 465 3825 474 .

469 503 541 580 ad
569 505 742 577 ipsum
761 508 1149 562 monasterium
1173 523 1296 561 eum
1315 505 1462 562 omni
1491 505 1884 574 adpertinentia
1911 521 2006 559 sua
2039 524 2052 557 :

473 594 725 664 similiter
745 603 802 651 et
823 605 970 652 terra
1001 613 1160 666 quam
1193 597 1306 666 ipse
1332 595 1581 661 Lidorius
1604 593 1859 665 possidet.
1887 594 2060 648 Dona-

473 703 596 754 mus
621 687 672 744 ei
692 703 873 760 agros,
903 689 1090 758 prada,
1121 687 1381 746 modiales
1399 685 1767 757 septuaginta;
1793 699 1918 739 nam
1937 699 2056 738 om-

470 776 564 832 nia
594 793 716 847 qua:
741 793 902 848 super
921 778 1067 834 hunc
1089 793 1374 845 numerum
1394 778 1600 834 habere
1625 777 1857 841 videtur,
1879 789 2060 830 rever-

472 873 659 938 tantur
679 865 747 920 ad
775 880 936 944 supra
961 866 1163 932 dictum
1184 866 1601 942 monasterium.
1627 865 1759 920 Item
1784 873 1840 920 et
1860 865 2060 933 Alecqs

471 967 619 1020 tenet
646 957 700 1013 in
727 958 844 1028 ipso
871 957 1072 1035 lllande
1091 974 1281 1030 agrum
1312 958 1573 1030 modiales
1605 960 1982 1032 quadraginta,
2004 968 2060 1016 et

470 1049 585 1120 ipse
631 1056 940 1106 revertatur
975 1058 1095 1119 post
1122 1051 1326 1105 obitum
1357 1059 1603 1107 nostrum
1634 1051 1702 1106 ad
1730 1052 1908 1121 ipsum
1939 1066 2058 1116 mo-

469 1138 791 1208 nasterlum.
841 1137 974 1194 Item
1003 1138 1334 1196 Gaudentius
1377 1148 1524 1206 tenet
1561 1157 1774 1222 agrum,
1801 1141 2060 1207 modiales

467 1228 802 1302 quindecim,
830 1237 887 1285 et
909 1231 1082 1300 ipsum
1109 1239 1414 1287 revertatur
1433 1241 1556 1302 post
1583 1235 1786 1290 obitum
1813 1244 2058 1291 nostrum

468 1303 536 1373 a'd
555 1318 730 1390 ipsum
756 1323 1164 1376 monasterium.
1191 1320 1326 1376 Item
1341 1322 1756 1380 Crescentianus
1777 1333 1924 1380 tenet
1941 1339 2062 1395 spe-

467 1399 611 1464 cinm
639 1410 693 1464 in
721 1409 966 1479 Rucene,
994 1419 1050 1467 et
1078 1422 1312 1482 quatuor
1365 1415 1626 1472 modiales
1673 1415 1728 1470 in
1775 1416 1967 1482 Renio,
2005 1425 2058 1473 et

469 1501 644 1572 ipsum
671 1513 994 1571 revertatur,
1031 1508 1172 1572 sient
1200 1509 1469 1578 superius.
1512 1509 1646 1565 Item
1675 1509 1932 1565 Leontius
1965 1527 2059 1567 ca-

469 1581 741 1652 merarius
768 1605 913 1652 tenet
935 1599 1196 1672 modiales
1221 1600 1459 1670 quinque
1484 1600 1875 1673 de'llelanengo
1895 1621 1909 1656 :
1931 1604 2057 1658 item

467 1686 751 1771 presbyter
763 1686 988 1771 Vigilius
1011 1697 1156 1744 tenet
1175 1689 1431 1762 modiales
1456 1681 1568 1746 fres
1588 1691 1654 1746 de
1677 1690 2053 1771 llelarinengo,

469 1767 526 1831 et
555 1775 730 1844 ipsum
757 1766 1061 1832 revertatur
1104 1785 1226 1847 post
1273 1779 1480 1844 obitum
1512 1788 1756 1836 nostrum
1784 1781 1854 1838 ad
1881 1769 2055 1852 ipsum
2089 1766 2129 1824 Β

468 1869 879 1944 monasterium.
927 1868 1058 1924 Item
1108 1869 1312 1926 Goncio
1361 1878 1511 1927 tenet
1556 1873 1610 1937 in
1641 1873 1815 1937 Vorce
1843 1889 2053 1953 agrum,

468 1941 730 2012 modiales
749 1958 1044 2028 octoginta,
1073 1967 1127 2014 et
1152 1959 1326 2030 ipsum
1358 1969 1662 2020 revertatur
1688 1971 1810 2032 post
1849 1941 2056 2020 obitum

470 2056 712 2104 nostrum
728 2049 796 2103 ad
819 2049 994 2120 ipsum
1009 2051 1395 2108 monasterium
1427 2072 1440 2107 :
1461 2053 1586 2110 item
1611 2055 1893 2112 Vadardus
1913 2065 2058 2128 tenet

475 2153 665 2224 agrum
688 2141 950 2214 modiales
977 2143 1388 2220 quinquaginta,
1417 2147 1590 2218 ipsum
1613 2157 1917 2205 revertatur
1937 2160 2059 2220 post

473 2232 679 2303 obitum
715 2240 960 2309 nostrum
1005 2235 1073 2289 ad
1126 2234 1302 2306 ipsum
1351 2239 1740 2294 monasterium
1774 2258 1786 2293 :
1815 2241 1944 2295 item
1969 2239 2060 2296 Ja-

473 2320 697 2374 nuarius
725 2327 868 2375 tenet
898 2321 950 2374 in
977 2320 1254 2378 Tauronto
1285 2324 1420 2380 duas
1459 2324 1700 2381 colonias
1745 2337 1942 2397 praeter
1967 2329 2060 2385 ho—

473 2411 673 2477 mines;
707 2418 762 2464 et
807 2411 934 2481 ipsa:
963 2421 1306 2480 revertantur
1347 2415 1415 2470 ad
1453 2415 1626 2484 ipsum
1670 2420 2056 2476 monasterium

474 2511 596 2571 post
640 2501 844 2555 obitum
893 2511 1161 2560 nostrum.
1214 2497 1344 2568 Item
1393 2520 1557 2579 quam
1607 2507 1782 2562 coloni
1805 2524 1874 2563 IIII
1915 2517 2063 2565 tenet

473 2592 755 2662 presbyter
787 2591 1055 2656 Silvanus,
1088 2594 1223 2664 agri,
1255 2596 1446 2666 prada,
1487 2597 1624 2663 sola,
1669 2600 1794 2664 orti,
1832 2599 2058 2656 nidiﬁcia

473 2673 600 2736 cum
652 2682 798 2736 omni
851 2682 1245 2753 adpertinentia
1270 2679 1326 2741 et
1365 2701 1490 2742 cum
1521 2688 1640 2758 ipso
1667 2705 1826 2745 servo
1850 2701 2056 2756 nostro,

475 2774 695 2830 nomine
719 2777 988 2844 Viventio,
1035 2781 1129 2850 qui
1169 2782 1224 2836 in
1265 2783 1380 2852 ipsa
1431 2799 1556 2840 casa
1600 2785 1808 2841 habitat
1840 2805 1852 2840 :
1879 2803 2061 2843 rever-

479 2874 662 2920 tantur
681 2866 797 2923 hzec
815 2870 995 2925 omnia
1021 2881 1144 2940 post
1165 2873 1373 2930 obitum
1403 2885 1648 2934 nos'rum
1663 2879 1730 2934 ad
1757 2879 1930 2949 ipsum
1952 2896 2062 2936 mo-

477 2955 797 3029 nasterium.
821 2957 952 3014 Item
977 2960 1215 3018 colonias
1244 2977 1379 3032 quas
1407 2972 1552 3020 tenet
1578 2968 1862 3039 presbyter
1881 2968 2061 3044 Lopus

475 3043 532 3118 in
554 3042 782 3116 Falarie,
811 3062 917 3102 una
943 3063 1064 3104 cum
1097 3051 1336 3119 homine,
1365 3054 1470 3108 alia
1526 3055 1641 3110 sine
1673 3057 1908 3124 homine,
1934 3042 2058 3128 pira-

474 3133 602 3188 dum
631 3136 965 3222 quindecim,
999 3155 1188 3212 agrum
1237 3141 1292 3197 in
1341 3143 1662 3212 Roncalina,
1694 3149 1954 3204 modiales
1979 3151 2060 3204 vi-
2083 3111 2130 3172 ε

475 3225 612 3308 ginti
645 3245 658 3282 :
691 3236 1036 3286 revertantur
1080 3235 1196 3290 hinc
1222 3237 1402 3310 omnia
1431 3245 1552 3310 post
1581 3239 1786 3311 obitum
1816 3249 2058 3297 nostrum

473 3305 588 3372 tam
617 3319 778 3384 servi,
813 3335 974 3392 quam
1007 3332 1150 3378 terra
1181 3305 1452 3396 ad'ipsuni
1479 3308 1886 3395 monasterium.
1928 3330 2062 3405 Item

478 3409 687 3468 colonia
717 3412 771 3466 in
814 3413 932 3486 ipso
988 3415 1216 3485 Falarie,
1245 3436 1410 3491 quam
1441 3421 1568 3478 colit
1594 3422 1860 3491 Iactatus,
1889 3427 2060 3498 ipsam

473 3501 738 3558 donamus
759 3502 962 3574 juniori
993 3516 1178 3565 nostro
1227 3508 1476 3568 Senatori
1509 3520 1617 3568 tam
1665 3530 1766 3570 nos
1794 3515 2059 3584 viventes,

472 3606 636 3660 quam
657 3601 780 3662 post
800 3595 1007 3652 obitum
1030 3607 1274 3654 nostrum
1297 3600 1365 3656 ad
1387 3602 1788 3671 possidendum.
1814 3604 1946 3661 Item
1972 3623 2062 3663 co-

460 3678 684 3760 loniam
705 3700 868 3763 quam
896 3695 1043 3744 tenet
1061 3690 1310 3756 Amicho,
1342 3693 1457 3763 ipsa
1483 3704 1787 3751 revertatur
1807 3707 1928 3766 post
1947 3700 2062 3756 obi-

475 3781 591 3826 tum
622 3771 868 3831 uostrum
895 3779 962 3833 ad
989 3779 1159 3848 ipsam
1183 3783 1490 3838 ecclesiam.
1513 3784 1644 3840 Item
1666 3787 1874 3842 colonia
1897 3805 2061 3860 quam

476 3873 626 3920 tenet
652 3865 862 3943 Laveso
905 3869 958 3922 in
1008 3865 1214 3936 Fieme,
1267 3889 1427 3944 quam
1476 3876 1605 3930 colit
1632 3875 1914 3945 Orsianus,
1948 3881 2058 3950 ipsa

477 3961 783 4008 revertatur
818 3964 942 4026 post
969 3959 1174 4014 obitum
1201 3972 1445 4019 nostrum
1469 3965 1534 4020 ad
1565 3966 1738 4037 ipsum
1785 3979 2058 4028 monaste-

475 4044 637 4099 rium.
665 4044 798 4101 Item
825 4045 878 4103 in
901 4048 1210 4109 Valendano
1231 4053 1522 4124 Majorinus
1551 4047 1699 4115 tenet
1723 4075 1910 4132 agrum
1947 4078 2060 4119 mo-

475 4133 646 4191 diales
670 4137 859 4207 viginti
896 4139 1154 4211 quinque,
1201 4131 1326 4214 ipse.
1363 4157 1668 4204 revertatur
1703 4131 1827 4222 post
1853 4154 2059 4210 obitum

473 4233 716 4280 nostrum
733 4228 802 4282 ad
820 4229 991 4299 ipsum
1009 4236 1417 4292 monasterium.
1443 4236 1704 4295 Similiter
1720 4242 1842 4317 etin
1858 4244 2060 4300 Amede

475 4314 766 4382 coloniam,
803 4333 966 4388 quam
1015 4321 1128 4390 ipse
1167 4325 1422 4393 possidet,
1476 4329 1672 4386 habeat
1717 4314 2060 4392 commenda-

471 4404 642 4472 tione,
677 4407 790 4476 ipse
817 4407 1111 4480 Majorinus
1131 4427 1254 4467 cum
1279 4415 1390 4486 ipsa
1411 4418 1618 4474 colonia
1649 4422 1716 4476 ad
1745 4424 1919 4492 ipsum
1943 4441 2057 4480 mo-
2088 4461 2136 4520 ι)

473 4495 774 4573 nasterium
821 4513 946 4554 cum
991 4515 1160 4556 uxore
1213 4514 1268 4558 et
1319 4505 1443 4562 [iliis
1482 4511 1594 4564 suis
1641 4513 2051 4570 nutrimentum.

470 4585 627 4677 Quod
657 4587 710 4643 si
731 4591 1082 4680 semetipsum
1127 4595 1196 4650 ab
1242 4597 1356 4666 ipso
1387 4597 1503 4653 loco
1541 4601 1890 4669 abstraxerit,
1941 4607 2054 4676 ipsa

472 4677 741 4745 possessio
771 4678 822 4732 in
854 4677 969 4749 ipso
993 4685 1324 4739 monasterio
1349 4687 1556 4741 stabilis
1602 4689 1670 4742 sit
1714 4705 2052 4759 permanere,

473 4759 574 4829 nec
621 4767 779 4823 liceat
823 4771 983 4826 alicui
1020 4774 1088 4828 ab
1135 4773 1236 4830 hoc
1277 4771 1617 4832 abstrahere.
1675 4779 1805 4834 Item
1851 4790 2053 4839 terram

473 4873 638 4927 quam
663 4869 808 4916 tenet
831 4863 1028 4920 Drucio
1074 4865 1127 4920 in
1151 4866 1415 4934 Castrice,
1458 4869 1570 4939 ipsa
1600 4881 1908 4928 revertatur
1935 4885 2057 4944 post

472 4948 686 5006 obitum
731 4960 976 5008 nostrum
1032 4955 1100 5009 ad
1128 4957 1498 5026 supradictum
1537 4965 1948 5033 monasterium,
2004 4974 2060 5020 et

472 5036 649 5105 ipsum
672 5039 996 5099 Drucionem
1025 5042 1325 5102 statuemus
1351 5047 1420 5102 ad
1447 5050 1620 5118 ipsum
1641 5052 1816 5110 locum
1841 5071 2057 5112 sacrum

479 5143 602 5186 esse
631 5139 1080 5214 commendatum.
1107 5139 1220 5196 Hoc
1241 5143 1660 5223 stabilimentum
1682 5150 2056 5223 proponimus,

474 5230 530 5276 et
559 5223 820 5295 quidquid
861 5229 1206 5308 immemores
1251 5234 1470 5302 fuimus,
1530 5220 1624 5292 aut
1675 5220 1730 5293 in
1758 5241 1859 5296 hac
1887 5241 2055 5296 dona-

473 5319 620 5375 tione
646 5311 954 5380 sanctorum
975 5342 1080 5382 non
1106 5329 1548 5400 conscripsimus,
1571 5341 1768 5402 prteter
1782 5342 2050 5403 quartam,

474 5425 638 5481 quam
672 5411 985 5480 reliquimus
1005 5418 1145 5472 curti
1167 5428 1366 5474 nostra:
1394 5420 1649 5486 Flamini,
1694 5423 1760 5477 de
1783 5425 2055 5480 ominibus

476 5503 645 5558 rebus
669 5501 870 5557 nostris
919 5503 1317 5565 absolucionem
1365 5512 1441 5565 uti
1471 5513 1770 5582 conscripta
1799 5522 1902 5579 est,
1933 5529 2056 5584 per-

481 5610 722 5649 manere.
757 5593 822 5648 Et
855 5594 982 5650 dum
1025 5597 1154 5652 mihi
1183 5603 1525 5673 omnipotens
1571 5605 1709 5658 Deus
1751 5604 1804 5658 in
1826 5605 1929 5660 hoc
1957 5619 2055 5661 sa:-

477 5686 598 5762 ςιιιρ
643 5689 807 5748 vitam
861 5691 1210 5760 concesserit,
1243 5695 1423 5750 omnia
1469 5696 1522 5750 in
1558 5711 1676 5752 mea
1706 5706 2058 5768 permaneant

2160 517 2473 578 permaneat
2501 517 2611 564 tam
2639 513 2802 581 agris,
2833 504 2996 583 quam
3024 517 3229 585 pradis,
3253 517 3413 580 solis,
3442 521 3611 582 ortis,
3642 522 3756 574 tedi-

2161 597 2317 661 hciis,
2359 594 2655 665 farinariis,
2685 587 2932 672 'alpibus,
2977 605 3142 668 silvis,
3177 607 3361 677 aquis,
3403 609 3652 678 pascuis,
3678 625 3761 667 It»-

2158 687 2516 756 cessionibus,
2543 691 2738 758 vineis,
2767 695 3378 765 pomiferiis,'peculiis,
3407 698 3651 768 majore,
3669 701 3762 756 ui-

2159 789 2312 843 uore,
2343 781 2675 850 iuramentis,
2699 781 3004 849 ferratnris,
3029 784 3378 850 loramentis,
3417 789 3596 851 vasis,
3618 798 3762 844 utui-

2158 866 2365 934 sillbus,
2390 871 2587 930 mobile
2607 881 2664 927 et
2687 874 2962 944 immobile
2982 892 3164 946 omne,
3209 879 3492 949 quidquid
3513 880 3584 934 ad
3605 882 3760 936 vitam

2159 959 2394 1015 hominis
2417 962 2672 1042 pertinet,
2729 966 2800 1019 sit
2840 966 3043 1031 datum,
3104 977 3271 1038 atque
3319 985 3659 1042 concessum
3703 975 3763 1028 ad

2158 1049 2336 1119 ipsum
2365 1041 2750 1108 monasterium
2802 1064 3006 1121 sanctae
3055 1056 3260 1122 Marim,
3292 1075 3396 1114 seu
3422 1041 3610 1114 Sancti
3638 1061 3763 1133 lar-

2161 1144 2280 1210 tini,
2309 1144 2424 1199 sive
2453 1145 2628 1201 sancti
2671 1145 2840 1212 Petri,
2883 1149 3028 1222 quod
3073 1159 3434 1222 nuncupatur
3461 1152 3762 1207 besertina.

2161 1233 2218 1290 Si
2243 1235 2366 1306 quis
2395 1235 2562 1306 (quod
2593 1236 2833 1293 futurum
2860 1255 2983 1296 esse
3025 1257 3130 1310 non
3158 1243 3479 1314 credimus)
3508 1245 3660 1314 quod
3682 1261 3766 1315 ego

2163 1324 2244 1397 (ut
2266 1325 2432 1398 absit)
2458 1336 2554 1382 aut
2595 1327 2741 1384 ullus
2785 1330 2854 1386 de
2902 1331 3212 1399 heredibus,
3255 1335 3350 1390 vel
3378 1330 3766 1407 proheredilns

2163 1415 2320 1479 meis,
2352 1424 2462 1470 tam
2490 1417 2664 1473 virilis
2685 1433 2862 1479 sexus.
2898 1437 3061 1490 quam
3090 1420 3313 1491 feminei
3369 1440 3589 1501 genere
3613 1437 3767 1490 ortus.

2161 1520 2256 1560 seu
2285 1507 2353 1561 de
2374 1508 2540 1563 certis
2565 1509 2648 1564 vel
2676 1510 2919 1577 incertis,
2945 1520 3040 1566 aut
3061 1517 3420 1583 praetextatis
3441 1521 3768 1589 cognatian-

2164 1593 2263 1650 bus
2292 1595 2424 1660 nati,
2472 1605 2583 1652 tam
2611 1601 2901 1673 propinqui
2952 1617 3020 1656 ex
3059 1619 3262 1674 genere
3303 1621 3466 1671 meo,
3525 1624 3688 1678 quam
3711 1623 3764 1664 EI

2147 1687 2460 1760 'Ionginquo
2482 1690 2614 1745 mihi
2643 1691 2896 1766 proximi,
2929 1693 3014 1747 vel
3053 1695 3315 1764 quaelibet
3358 1706 3642 1752 extranea
3668 1716 3766 1770 per-

2160 1795 2314 1843 sona,
2343 1781 2567 1835 minima
2592 1772 2674 1837 vel
2707 1783 2967 1849 maxima,
2995 1785 3201 1856 judicia
3255 1803 3467 1860 agens,
3507 1807 3666 1855 cura,
3693 1802 3766 1844 aut

2161 1869 2356 1946 regalis
2383 1879 2656 1949 potestas,
2681 1874 2767 1929 vel
2788 1875 2983 1944 aliquis
3009 1891 3108 1946 per
3134 1879 3419 1949 regalium
3451 1889 3764 1950 potestatem

2159 1978 2498 2028 concessam,
2546 1973 2642 2019 aut
2699 1965 2968 2038 dogal‘ium
3022 1969 3383 2038 praesentiam
3428 1983 3764 2033 commotas.

2159 2061 2252 2108 aut
2280 2069 2379 2125 per
2404 2055 2646 2111 muneris
2667 2055 2828 2118 dona,
2875 2057 2961 2112 vel
2990 2067 3264 2128 potestate
3307 2061 3552 2130 propria
3613 2062 3766 2133 inepte

2159 2146 2391 2216 superba
2417 2147 2732 2214 crediderit,
2780 2155 2875 2202 aut
2906 2163 3073 2204 ausus
3115 2148 3286 2204 fuerit
3313 2152 3396 2206 ab
3419 2151 3515 2206 his
3542 2153 3770 2208 eodesiis

2160 2237 2504 2304 abstrahere,
2533 2247 2588 2294 et
2609 2249 2798 2295 contra
2827 2240 2930 2296 hoc
2953 2241 3154 2296 factum
3181 2251 3483 2310 nostrum,
3516 2255 3616 2300 aut
3640 2248 3768 2317 genio

2161 2329 2296 2386 toris
2319 2330 2448 2395 mei,
2479 2333 2621 2401 quod
2656 2333 2770 2402 ipse
2797 2335 3072 2404 praecepit,
3116 2343 3178 2389 ut
3221 2336 3300 2391 ita
3333 2336 3530 2403 fieret,
3559 2343 3766 2396 manda-

2161 2427 2310 2484 tum,
2363 2427 2426 2474 ut
2477 2421 2593 2476 hac
2648 2423 2974 2493 conscriptio
3031 2425 3402 2494 pr0prietatis
3459 2427 3764 2484 facultatm

2161 2520 2470 2574 nostrarum
2495 2509 2670 2582 fieret,
2701 2520 2810 2568 tam
2837 2515 2903 2569 de
2936 2517 3340 2585 compactione,
3366 2535 3551 2590 quam
3573 2521 3641 2576 de
3657 2537 3762 2592 pro-

2161 2601 2413 2670 prietate,
2467 2600 2534 2656 de
2581 2601 2959 2674 qualicumque
3013 2614 3210 2669 tractu,
3240 2605 3332 2661 vel
3367 2611 3766 2680 conquisitos!

2162 2708 2261 2747 nos
2283 2707 2444 2748 nosse
2469 2695 2808 2768 pervenisse,
2832 2694 2943 2751 [Ioc
2982 2697 3430 2766 stabilimentum
3455 2703 3765 2771 ralempth-

2161 2783 2246 2837 nis
2269 2791 2616 2853 peccatorum
2645 2795 2951 2842 nostrorum
2980 2789 3277 2844 statuimus
3306 2791 3560 2857 habere,
3581 2803 3639 2848 et
3659 2809 3765 2849 αο-

2161 2874 2330 2929 sortio
2355 2883 2669 2940 sanctorum
2691 2877 2994 2944 obﬁrmari,
3037 2880 3182 2950 quod
3205 2896 3314 2952 ego
3349 2883 3629 2956 indignus
3653 2902 3762 2941 sam

2161 2973 2340 3020 mente
2360 2974 2416 3020 et
2441 2967 2642 3037 sospite
2670 2968 2857 3034 corde,
2894 2984 2981 3023 me
3006 2959 3476 3042 vivente,‘patris
3507 2977 3619 3031 mei
3644 2992 3762 3046 pra-

2161 3064 2340 3125 cepta,
2365 3071 2483 3113 mea
2510 3057 2775 3112 desideria
2796 3059 2980 3120 curavi
3009 3061 3330 3130 adimplere,
3361 3073 3434 3118 ut
3459 3079 3569 3130 pm
3593 3083 3694 3132 me,
3715 3081 3760 3122 et

2161 3160 2260 3215 pro
2311 3147 2562 3203 omnibus
2601 3158 2886 3222 parentum
2935 3166 3204 3216 meorum,
3233 3153 3334 3223 qui
3362 3159 3763 3225 super-inscen-

2160 3238 2347 3308 scripti
2397 3247 2542 3306 sunt,
2573 3241 2640 3296 ab
2672 3241 2936 3297 altissimo
2963 3242 3152 3299 Judice
3196 3261 3540 3303 mercamur
3565 3253 3766 3304 veniam

2161 3331 2228 3385 de
2267 3333 2506 3403 peccatis
2532 3336 2853 3403 promereri.
2886 3333 3114 3406 Propter
3150 3337 3256 3394 hoc
3304 3343 3511 3396 mundi
3555 3343 3762 3398 Creato-

2161 3435 2275 3475 rcm
2305 3423 2459 3495 posui
2483 3423 2861 3488 intermedium
2887 3427 3140 3497 iudicari,
3174 3439 3235 3484 ut
3256 3429 3513 3488 infestus
3537 3433 3762 3490 linteon-

2162 3523 2244 3567 tra
2266 3516 2530 3585 eum,qni
2548 3525 2740 3571 contra
2769 3516 2971 3572 factum
3002 3519 3144 3574 istud
3169 3535 3346 3576 ausus
3368 3521 3551 3579 fuerit
3573 3526 3758 3580 intum

2161 3620 2312 3674 pcre,
2337 3613 2430 3660 aut
2457 3593 2742 3676 temptare,
2793 3609 2886 3665 vel
2901 3609 3140 3680 quolibet
3170 3611 3396 3682 ingenio
3441 3617 3757 3671 calumniam

2161 3705 2350 3750 contra
2377 3697 2520 3765 ipsas
2539 3698 2798 3755 ecclesias
2815 3695 3221 3771 prteSumpscrit
3247 3717 3554 3773 generare.
3577 3707 3636 3762 l
3657 3708 3756 3776 pri-

2161 3785 2266 3841 mis
2291 3786 2428 3840 iram
2475 3787 2687 3843 Domini
2742 3791 2912 3846 nostri
2942 3790 3068 3846 Iesu
3108 3791 3315 3847 Christi
3349 3794 3631 3860 incurrat,
3659 3807 3758 3870 eta,

2161 3883 2348 3931 sancta
2379 3876 2668 3944 Trinitate,
2697 3880 2752 3935 id
2779 3889 2884 3946 est,
2912 3880 3111 3948 Patris,
3139 3891 3195 3938 et
3237 3883 3394 3948 Filii,
3451 3897 3515 3941 et
3539 3887 3755 3958 Spiritus

2161 3966 2358 4034 sancti,
2383 3969 2672 4024 anathema
2695 3969 2810 4036 fiat,
2832 3973 3054 4042 parique
3083 3974 3244 4028 modo
3276 3975 3335 4029 in
3367 3976 3468 4031 die
3489 3977 3676 4034 iudicii
3699 3983 3752 4034 ad

2163 4056 2438 4112 sini.tram
2465 4073 2588 4113 cum
2615 4059 2797 4130 impiis
2827 4061 2881 4116 in
2911 4061 3234 4132 profundum
3282 4067 3500 4125 inferni
3545 4073 3752 4128 descen-

2161 4147 2274 4212 dat,
2327 4147 2468 4202 sicut
2519 4147 2729 4204 Dathan
2781 4159 2838 4225 et
2879 4151 3100 4218 Abiron,
3145 4164 3201 4211 et
3245 4156 3416 4223 Core,
3447 4166 3553 4232 qui
3582 4177 3750 4219 contra

2164 4236 2380 4307 Moysen
2413 4237 2639 4293 rebelles
2667 4247 2950 4308 steterant,
2982 4245 3060 4299 sic
3102 4245 3214 4311 ille,
3258 4248 3410 4304 sicut
3439 4251 3549 4318 illi,
3574 4264 3750 4310 semct-

2161 4326 2335 4394 ipsum
2367 4328 2517 4383 hiato
2547 4336 2706 4384 terra:
2725 4331 3004 4404 demergat
3037 4353 3049 4388 :
3079 4343 3133 4390 et
3161 4338 3302 4393 sicut
3328 4339 3514 4400 ludas
3541 4348 3752 4401 traditur

2162 4416 2396 4482 Domini,
2426 4419 2774 4502 semetipsum
2825 4422 2879 4476 in
2906 4423 3099 4494 laqueo
3126 4431 3454 4499 suspendat,
3487 4452 3688 4507 eoi-pm:
3707 4449 3754 4491 et

2163 4509 2398 4564 animam
2444 4499 2734 4582 prrnalinm
2779 4517 3024 4589 gelienna
3068 4520 3185 4574 sine
3229 4521 3338 4577 ﬁne
3370 4527 3628 4584 obtineat
3659 4551 3672 4562 ο
3709 4543 3757 4584 et

2163 4610 2424 4671 quantum
2475 4607 2542 4660 de
2584 4611 2822 4676 peccatis
2873 4611 3094 4676 nostris,
3132 4621 3188 4668 ct
3225 4629 3532 4684 parentum
3560 4637 3756 4678 nostro-

2164 4708 2306 4757 rum,
2329 4704 2386 4748 et
2411 4695 2646 4770 fidelium
2675 4709 2988 4756 nostrorum
3015 4704 3196 4760 divina
3217 4708 3399 4777 pietas
3419 4728 3531 4781 pro
3559 4716 3645 4770 his
3665 4718 3758 4771 cle-

2165 4791 2376 4840 menter
2397 4785 2623 4854 jusserit
2650 4789 2949 4862 indulgere,
2989 4795 3183 4850 horum
3241 4802 3499 4858 omnium
3548 4818 3758 4877 peccat:

2165 4888 2274 4934 tota
2304 4895 2468 4951 super
2489 4882 2662 4952 ipsum
2690 4884 2925 4944 veniant.
2945 4896 3002 4942 et
3020 4905 3142 4944 cum
3167 4891 3389 4947 diabolo
3414 4905 3470 4950 et
3501 4901 3760 4955 ministris

2158 4968 2276 5037 ejus
2304 4970 2705 5047 damnationem
2747 4977 2996 5048 accipiat,
3042 4989 3098 5036 et
3119 4997 3150 5035 a
3177 4992 3509 5041 cunctorum
3537 4992 3758 5046 φειδοῦ-

2159 5075 2345 5115 eorum
2377 5061 2614 5138 ﬁdelium
2645 5069 2919 5125 consortio
2945 5080 3236 5128 extr-ancus
3274 5089 3566 5148 appareat.
3615 5084 3756 5139 Insu—

2159 5164 2256 5221 per
2282 5159 2338 5206 et
2362 5150 2416 5206 in
2449 5157 2843 5212 resurrectione
2873 5161 3090 5232 humani
3121 5167 3337 5233 generis
3373 5178 3595 5240 septem
3615 5173 3758 5228 dam-

2157 5249 2406 5305 nationes
2433 5251 2624 5306 mortis
2667 5253 2718 5307 in
2761 5262 2950 5330 stagno
2979 5257 3118 5328 ignis
3145 5271 3311 5330 super
3333 5263 3521 5333 ipsum
3551 5267 3758 5324 incrim-

2159 5337 2308 5393 bant.
2337 5339 2517 5414 Prima
2552 5341 2842 5406 damnatio,
2873 5338 2902 5397 a
2929 5347 3132 5403 sanctis
3154 5339 3452 5420 separatio.
3504 5353 3756 5411 Secunda

2162 5445 2190 5482 a
2221 5429 2357 5486 facie
2384 5429 2595 5486 Domini
2621 5433 2872 5503 rcpulsio.
2907 5435 3090 5491 Tertia
3131 5438 3186 5492 in
3213 5439 3430 5497 inferno
3459 5445 3753 5502 demersin.

2161 5519 2362 5585 Quarta
2388 5523 2570 5590 operis
2595 5524 2712 5594 ejus
2741 5525 3041 5582 retributio.
3071 5527 3270 5596 Quinta
3316 5533 3437 5589 sine
3483 5539 3754 5605 penita.

2163 5610 2256 5675 tia,
2289 5612 2411 5680 quia
2446 5613 2586 5667 nulla
2613 5615 2717 5669 erit
2745 5618 3010 5672 remissio.
3047 5619 3212 5674 Sexta
3247 5623 3363 5678 sine.
3401 5619 3513 5680 line
3544 5628 3756 5682 crucia—

2165 5701 2254 5753 tio.
2299 5699 2556 5771 Septima,
2597 5706 2833 5760 ninnium
2878 5723 3160 5776 pinnarum
3189 5727 3298 5765 non
3321 5712 3425 5768 erit
3465 5715 3672 5792 finitio,
3704 5725 3756 5779 et
