3920 6310
179 303 309 370 1561

916 311 1154 368 ΡΙΡΡΙΝΙ
1181 355 1195 379 ,
1235 308 1734 369 CAROLOMANNI
1771 311 1862 368 ET
1898 312 2210 372 ALIORUM
2249 315 2663 375 DII'LOIIA’I'A.

3301 323 3444 384 0569

177 430 244 484 ab
270 429 386 498 ipso
408 426 679 481 consortio
723 424 816 494 qui
846 425 954 481 illic
991 426 1081 482 diu
1108 435 1378 496 noctuque
1414 424 1746 480 deserviunt.
1777 427 1832 486 Α
1855 424 2080 492 vientes,
2131 442 2224 482 seu
2265 427 2548 483 luminaria
2606 430 2774 498 ipsius
2805 429 3049 486 ecclesia:
3083 435 3435 500 procuranda,

176 519 246 576 Et
263 533 421 588 super
445 519 559 572 haec
579 517 758 572 omnia
781 517 1000 587 insuper
1027 517 1098 572 sit
1117 517 1402 586 culpabilis
1448 517 1516 570 ad
1543 522 1758 572 actores

173 623 319 680 sape
339 608 496 664 dictis
508 607 753 663 ecclesiis
775 608 892 663 auri
912 607 1078 664 libras
1103 608 1294 678 viginti
1314 613 1370 662 et
1394 607 1607 677 argenti
1625 621 1759 676 pon-

175 699 278 757 dus
312 700 685 776 quadraginta,
717 707 772 754 et
799 699 942 768 quod
971 699 1184 770 repetit,
1204 699 1258 752 in
1281 698 1428 760 nullo
1447 698 1638 768 petitio
1657 713 1755 752 sua

176 791 419 846 obtineat
459 789 729 856 eﬁ'ectum,
760 790 854 844 sed
895 789 1011 854 ﬁat,
1061 797 1122 844 ut
1169 789 1344 853 decet,
1394 787 1654 843 confusus
1691 788 1757 842 de

173 879 532 936 omnibus.Et
555 881 730 936 cessio
751 894 872 935 mea
900 895 1062 950 quam
1075 895 1176 958 ego
1205 888 1452 952 prompta
1480 879 1758 934 voluntate

172 979 229 1028 et
241 972 436 1026 devota
451 980 631 1026 mente
649 972 832 1043 rogavi
853 971 991 1037 ﬁeri,
1014 971 1326 1028 inconvulsa
1345 971 1493 1026 omni
1513 981 1756 1040 tempore

172 1078 346 1133 usque
373 1062 427 1117 in
455 1070 772 1133 perpetuum
807 1063 1049 1118 obtineat
1069 1062 1384 1117 ﬁrmitatem
1408 1061 1755 1131 stipulatione

168 1154 434 1209 subnexa.
464 1151 620 1208 Anno
668 1152 735 1207 15
783 1152 884 1209 sub
913 1169 1080 1224 regno
1099 1153 1300 1210 domini
1329 1153 1502 1207 nostri
1541 1150 1752 1222 Pippini

167 1243 336 1314 regis,
366 1242 512 1313 quod
539 1251 625 1298 est
646 1259 777 1298 xvm
797 1243 916 1297 Kal.
937 1243 1244 1309 Ianuarias,
1279 1243 1418 1298 facta
1447 1229 1632 1297 charta
1659 1243 1753 1298 do-

165 1333 405 1389 nationis
444 1341 774 1389 sanctorum.
806 1334 938 1390 Acta
981 1334 1144 1390 Curia
1192 1335 1244 1390 in
1271 1335 1490 1390 civitate
1513 1334 1750 1404 publica,

166 1426 269 1479 sub
282 1426 569 1495 przesentia
586 1427 827 1480 virorum
847 1427 1112 1482 honorum
1132 1427 1488 1496 plurimorum
1511 1426 1747 1480 testium.

164 1517 205 1586 1-
231 1515 456 1588 Signum
479 1534 674 1573 manus
691 1519 900 1574 Domini
929 1518 1162 1573 Tellenis
1181 1519 1419 1589 episcopi
1447 1517 1746 1587 largitoris,

163 1607 258 1677 qui
289 1607 405 1662 hac
433 1608 550 1662 ﬁeri
569 1609 732 1678 jussi,
781 1617 838 1662 et
878 1624 1044 1663 manu
1089 1624 1208 1663 mea
1252 1608 1468 1678 propria
1517 1607 1748 1661 ﬁrmavi.

165 1700 207 1772 1-
235 1700 459 1772 Signum
490 1703 792 1774 presbyteri
821 1703 1027 1759 Silvani
1054 1703 1227 1760 testis.
1249 1703 1290 1774 1-
1312 1702 1538 1774 Signum
1561 1718 1750 1758 manus

162 1789 454 1858 Iustiniani
478 1791 680 1861 judicis
710 1793 881 1849 testis.
903 1794 944 1863 1-
967 1793 1192 1864 Signum
1218 1793 1507 1848 Praesentis
1533 1794 1752 1850 curialis

166 1882 339 1937 testis.
362 1883 403 1953 1-
427 1882 654 1954 Signum
673 1883 997 1940 Lobucionis
1015 1885 1083 1940 de
1103 1884 1307 1940 Amede
1326 1885 1548 1941 curialis
1576 1887 1745 1941 testis.

159 1971 453 2043 1Signum
497 1972 779 2029 Constanti
829 1973 898 2030 de
949 1975 1264 2046 Senegaunc
1317 1975 1537 2030 curialis
1575 1975 1746 2032 testis.

163 2063 204 2132 1-
221 2061 448 2132 Signum
465 2062 787 2121 Lobucionis
801 2064 868 2120 de
889 2065 1047 2132 Maile
1073 2066 1260 2129 militis
1278 2067 1453 2123 testis.
1471 2069 1508 2138 1-
1524 2067 1749 2138 Signum

163 2151 315 2224 Panli
348 2154 415 2207 de
439 2153 696 2210 Tremine
723 2155 913 2219 militis
943 2156 1116 2211 testis.
1141 2159 1181 2228 1-
1204 2157 1428 2228 Signum
1453 2157 1661 2224 Claudii
1685 2161 1750 2216 de

163 2243 324 2297 Curia
366 2244 586 2300 curialis
625 2247 798 2301 testis.
821 2247 861 2317 1-
887 2245 1110 2317 Signum
1167 2247 1424 2304 Urseceni
1457 2250 1523 2308 de
1549 2249 1751 2306 Scana-

161 2331 284 2388 vico
307 2334 528 2389 curialis
552 2337 720 2391 testis.
736 2337 778 2415 1-
806 2336 1031 2416 Signum
1055 2339 1287 2395 Victoris
1317 2339 1412 2395 ﬁlii
1438 2341 1750 2398 Praestantis

160 2424 353 2480 militis
379 2429 615 2499 testis.1
640 2427 864 2500 Signum
890 2429 1177 2486 Iustiniani
1221 2431 1285 2487 de
1329 2433 1460 2488 Vico
1508 2433 1750 2500 liieldone

161 2514 348 2571 militis
374 2519 544 2573 testis.
573 2518 857 2590 1-Signum
883 2519 1184 2578 'Foscionis
1235 2523 1300 2577 de
1356 2523 1522 2594 Pogio
1563 2525 1750 2581 militis

163 2606 338 2676 testis.
371 2607 436 2660 Et
459 2623 558 2677 ego
589 2608 778 2663 Foscio
808 2611 1091 2692 presbyter
1107 2611 1294 2680 jussus
1322 2629 1352 2666 a
1382 2614 1601 2669 domino
1628 2631 1751 2670 meo

160 2697 380 2754 'l‘cllone
417 2699 669 2770 episcOpo
719 2701 860 2757 hanc
887 2701 1229 2772 donationem
1260 2703 1474 2776 scripsi,
1504 2713 1559 2760 et
1586 2720 1749 2774 manu

159 2804 282 2864 mea
307 2791 522 2861 propria
548 2791 864 2862 subscripsi.
1376 2777 1382 2784 ’

843 2904 1064 2963 XXXII.

161 2989 497 3068 I’ra’ceptunt
547 2993 789 3068 Pippini_
807 2997 969 3068 regis,
1011 3010 1116 3068 quo
1152 2998 1329 3052 uillam
1365 2999 1605 3056 Emonam
1634 3020 1748 3058 mo-

305 3065 530 3119 nasterio
556 3065 724 3119 sancti
754 3065 992 3137 Dionysii
1024 3065 1246 3122 restituit
1271 3071 1430 3140 (anno
1455 3071 1601 3144 766).

591 3154 684 3216 (Ex
719 3155 776 3205 D.
802 3155 1049 3218 Bonquet.
1086 3165 1202 3208 tom.
1225 3157 1311 3221 ν.)

232 3233 488 3304 Pippinus
540 3251 634 3290 rex
683 3235 1014 3293 Francorum
1057 3239 1142 3294 vir
1187 3239 1413 3296 illuster.
1465 3241 1748 3300 Credimus

161 3328 322 3382 nobis
344 3328 485 3400 apud
514 3336 772 3384 atternum
811 3329 1050 3399 iudicem
1081 3332 1133 3386 in
1174 3335 1421 3390 mercede
1440 3336 1668 3401 sociare,
1701 3338 1748 3394 si

164 3416 269 3471 hoc
300 3403 696 3488 cognoscimus,
721 3421 865 3492 quod
881 3420 948 3476 ad
973 3421 1088 3483 loca
1115 3431 1425 3480 sanctorum
1465 3425 1630 3479 fuisse
1650 3426 1746 3481 dc-

162 3504 419 3575 legatum,
470 3513 524 3560 et
560 3519 658 3576 per
715 3509 1128 3579 praeceptionem
1183 3513 1513 3567 anteriormn
1562 3529 1746 3585 regum

165 3613 326 3652 manu
355 3599 621 3670 suscripta
648 3601 778 3655 inibi
805 3600 1218 3658 conﬁrmatione
1262 3619 1358 3675 per
1386 3606 1590 3661 nostris
1618 3623 1744 3662 ora-

172 3689 305 3768 culis
329 3705 429 3760 pro
471 3705 656 3746 amore
701 3690 817 3757 Dei,
857 3700 912 3746 et
963 3683 1369 3749 retributionem
1413 3704 1744 3764 sanctorum,

162 3773 508 3834 allirmamus.
556 3780 786 3852 Ideoque
833 3784 1156 3841 venerabilis
1203 3787 1289 3842 vir
1315 3787 1578 3844 Folradns
1607 3791 1744 3846 abba

163 3870 231 3924 de
255 3870 474 3925 basilica
506 3871 795 3941 peculiaris
815 3875 1028 3944 patroni
1061 3877 1231 3930 nostri
1274 3878 1447 3934 sancti
1483 3879 1740 3950 Dionysii,

165 3962 256 4015 ubi
286 3962 400 4031 ipse
427 3962 698 4031 pretiosus
724 3954 931 4036 martyr
955 3982 1077 4021 cum
1101 3967 1263 4023 sociis
1283 3969 1396 4037 suis
1438 3968 1491 4023 in
1521 3957 1746 4041 corpore

163 4049 443 4120 quiescere
465 4050 696 4115 videtur,
728 4051 813 4106 vel
837 4053 950 4121 ipse
977 4055 1115 4109 abba
1148 4070 1253 4108 una
1275 4072 1396 4110 cum
1427 4065 1604 4112 turma
1627 4058 1746 4128 plu-

168 4145 304 4198 rima
331 4144 720 4199 monachorum
755 4145 948 4214 degere
972 4147 1244 4212 videntur,
1276 4149 1360 4202 vel
1391 4150 1618 4206 Domino
1645 4152 1745 4206 mi-

163 4235 321 4290 litare
349 4245 664 4299 noscuntur,
695 4236 859 4290 missa
891 4235 1150 4305 petitione
1183 4238 1340 4293 nobis
1364 4249 1746 4310 suggesserunt

164 4343 232 4382 eo
263 4329 407 4397 quod
453 4327 758 4382 Clntharius
801 4343 895 4382 rex
952 4327 1284 4385 Francorum
1329 4345 1428 4401 per
1471 4345 1567 4387 sua
1608 4347 1745 4402 pra:-

162 4419 410 4488 ceptionc
437 4417 504 4472 ad
533 4419 646 4488 ipsa
670 4434 794 4474 casa
825 4419 1007 4475 domni
1033 4420 1270 4493 Dionysii
1297 4421 1597 4494 delegasset
1620 4423 1738 4477 villa
1767 4441 1820 4508 ο

163 4509 577 4578 cognominante
601 4509 806 4586 Exona,
824 4510 925 4566 sita
950 4527 1112 4588 super
1135 4511 1296 4568 ﬁuvio
1317 4514 1503 4569 Exonc
1525 4516 1576 4570 in
1601 4515 1744 4586 Page

163 4599 431 4668 parisiaco
458 4613 472 4652 :
508 4608 562 4654 et
588 4609 773 4671 postea
802 4601 1130 4658 Chlodovins
1172 4621 1266 4659 rex
1293 4605 1620 4660 Francorum
1647 4607 1744 4660 ite-

164 4708 284 4746 rum
319 4693 386 4747 ad
428 4693 644 4748 basilica
695 4695 807 4774 ipsa
855 4698 1287 4755 reconﬁrmassct
1338 4717 1433 4771 per
1480 4717 1575 4757 sua
1602 4718 1742 4772 prm-

162 4784 412 4852 ceptione
441 4798 456 4837 :
489 4785 628 4839 unde
658 4794 712 4840 et
741 4787 883 4856 ipsas
916 4791 1301 4860 pneceptiones
1327 4793 1485 4848 nobis
1509 4793 1744 4850 ostendit

163 4873 230 4926 ad
261 4873 593 4944 rclegendas,
625 4877 718 4930 ubi
747 4876 1050 4935 invenimus
1079 4883 1221 4952 quod
1251 4898 1348 4954 per
1372 4885 1554 4955 iniqua
1591 4888 1742 4955 cupi-

164 4962 334 5018 ditate
361 4979 394 5019 a
425 4964 674 5036 malignis
699 4965 1008 5026 hominibus
1032 4981 1218 5041 postea
1246 4973 1358 5043 ipsa
1400 4975 1525 5029 villa
1559 4975 1744 5031 Exona

164 5052 230 5106 de
255 5052 369 5123 ipsa
389 5068 515 5108 casa
547 5053 606 5108 S.
640 5055 875 5126 Dionysii
898 5057 998 5114 fuit
1023 5061 1419 5129 abstracta,ch
1441 5064 1742 5120 imminuta.

165 5143 336 5199 Peciit
381 5143 495 5214 ipse
523 5146 659 5200 abba
678 5187 692 5210 ,
729 5147 811 5202 vel
841 5149 954 5234 ipsa
983 5154 1334 5224 congregacio
1372 5155 1743 5224 celsitudinem

167 5237 319 5307 regni
350 5237 540 5302 nostri,
569 5247 628 5293 ut
657 5254 754 5308 per
780 5242 1244 5302 conﬁrmationem
1275 5256 1514 5306 nostram
1544 5251 1628 5307 vel
1651 5252 1744 5308 de-

161 5326 548 5385 liberacionem
591 5342 831 5388 nostram
861 5333 967 5390 tale
1007 5338 1246 5393 emanire
1273 5339 1591 5406 deberemus
1607 5359 1744 5412 pra:-

164 5428 403 5488 ceptum,
429 5430 488 5476 ut
506 5421 644 5478 sicut
664 5441 694 5477 a
725 5423 1032 5481 Remchone
1058 5429 1255 5483 comite
1274 5445 1371 5499 per
1391 5443 1633 5487 nostrqu
1655 5434 1744 5488 he-

167 5509 419 5565 ncﬁcium
447 5529 617 5583 usque
657 5515 818 5571 modo
870 5514 968 5572 fuit
1009 5533 1274 5587 possessa,
1329 5537 1452 5575 cum
1494 5524 1746 5580 onmihus

170 5601 416 5662 terminis
438 5603 521 5658 vel
545 5607 879 5675 appendiciis
909 5608 1040 5673 suis,
1071 5608 1143 5662 ita
1190 5625 1311 5664 cum
1352 5611 1500 5666 omni
1526 5611 1745 5684 integri-

171 5702 281 5768 tate
313 5695 378 5750 ad
400 5695 516 5787 ipso
539 5701 866 5768 monasterio
894 5701 974 5754 vel
1004 5704 1301 5761 monachus
1343 5704 1539 5760 ibidem
1563 5706 1744 5762 descr-

1771 3092 1820 3154 C

1859 514 1944 570 vel
1972 516 2235 586 stipendia
2264 532 2582 588 pauperum,
2629 520 2827 574 ibidem
2869 520 3123 588 praedicta
3165 521 3290 578 villa
3317 539 3442 592 pro-

1859 605 2020 660 ﬁcere
2047 605 2240 662 debeat
2265 608 2319 662 in
2363 617 2732 680 augmentum,
2761 617 2832 661 'ct
2883 616 2942 662 ut
2979 609 3173 665 melius
3211 611 3442 668 delectet

1859 697 2003 767 ipsos
2032 699 2324 753 monachos
2348 713 2446 767 pro
2469 698 2646 764 nobis,
2673 698 2756 753 vel
2801 700 2955 753 bona:
2992 701 3267 756 memoria:
3313 716 3437 772 ger-

1857 803 2017 843 mano
2033 796 2219 843 nostro
2239 788 2590 859 Kallomagno
2617 789 2910 858 quondam,
2944 805 3038 845 seu
3078 791 3444 861 subsequente

1855 881 2110 951 progenie
2135 888 2339 944 nostra,
2367 881 2454 936 die
2483 889 2757 951 noctuque
2782 881 2994 938 Domini
3013 882 3441 940 misericordiam

1855 972 2114 1028 attentius
2141 972 2453 1042 deprecare.
2481 972 2651 1042 Igitur
2673 972 2934 1042 praedicta
2959 972 3085 1026 villa
3115 987 3240 1028 cum
3265 973 3441 1030 omni-

1853 1065 1956 1120 bus
1977 1064 2238 1120 theloneis
2267 1065 2518 1135 publicis,
2540 1074 2598 1119 et
2625 1080 2750 1120 cum
2789 1065 2968 1130 terris,
3015 1065 3284 1130 domibus,
3313 1065 3442 1124 tedi-

1856 1154 2014 1220 ﬁciis,
2044 1155 2348 1220 accolabus,
2379 1155 2688 1224 mancipiis,
2742 1155 2934 1220 vineis,
2991 1155 3164 1220 silvis,
3211 1155 3439 1226 campis.

1852 1243 2039 1314 pratis,
2085 1245 2241 1315 aquis
2280 1259 2610 1314 aquarumvc
2663 1245 3002 1310 decursibus,
3055 1243 3344 1305 mobilibus
3385 1253 3444 1300 et

1855 1333 2242 1397 immobilibus,
2274 1333 2570 1400 farinariis,
2619 1335 2760 1390 sicut
2802 1349 2965 1404 supra
3010 1335 3265 1400 diximus,
3316 1348 3440 1392 cum

1853 1425 2003 1486 omni
2039 1425 2349 1496 integritate
2392 1440 2519 1494 pars
2571 1425 2811 1495 praedicti
2862 1425 3177 1482 monasterii
3216 1423 3442 1494 ejusque

1854 1523 2096 1570 rectores
2141 1515 2395 1581 habeant,
2445 1522 2666 1570 teneant
2716 1522 2878 1585 atque
2920 1515 3253 1584 possideant,
3289 1523 3342 1568 et
3371 1515 3440 1568 ad

1854 1604 1976 1674 ipsa
1985 1619 2110 1659 casa
2129 1603 2223 1658 Dei
2247 1604 2305 1657 in
2321 1612 2506 1659 nostra
2521 1604 2861 1676 eleemosyna
2880 1603 2962 1657 vel
2982 1618 3240 1674 germano
3253 1610 3440 1659 nostro

1853 1709 2026 1764 usque
2051 1693 2106 1760 in
2131 1701 2456 1764 perpetuum
2471 1694 2674 1763 absque
2703 1693 2866 1752 ullius
2897 1695 3226 1764 repeticione
3245 1695 3439 1750 debeat

1781 1761 1828 1823 Β
1851 1761 1972 1840 esse
1992 1761 2340 1856 iureintegro
2367 1761 2707 1854 conﬁrmata.
2724 1785 2793 1845 Et
2815 1793 2874 1841 ut
2899 1761 3016 1846 haec
3038 1785 3212 1853 cessio
3233 1785 3442 1841 ﬁrmior

1850 1875 2132 1938 habeatur,
2178 1889 2276 1929 nos
2323 1888 2442 1930 cam
2489 1872 3034 1939 subterﬁrmavimus,
3078 1873 3164 1928 vel
3188 1873 3255 1929 de
3278 1872 3440 1936 anulo

1851 1972 2038 2023 nostro
2058 1964 2293 2035 sigillare
2318 1963 2640 2021 studuimus.
2671 2017 2678 2026 ,

1923 2056 2149 2126 Signum
2175 2056 2216 2125 1-
2239 2055 2450 2128 Pippini
2488 2055 2864 2125 gloriosissimi
2890 2055 3054 2126 regis.

1918 2146 1977 2202 In
2005 2147 2100 2202 Dei
2125 2147 2341 2201 nomine
2370 2145 2593 2202 Baddilo
2621 2148 2952 2218 recognovit.

1921 2242 2115 2296 Datum
2157 2241 2210 2295 in
2233 2256 2418 2295 mense
2443 2240 2606 2304 Iulio,
2645 2255 2788 2299 anno
2816 2241 3026 2295 decimo
3055 2242 3245 2311 quinto
3287 2243 3438 2313 regni

1848 2331 2023 2388 nostri
2061 2331 2369 2387 Aurelianis
2422 2332 2641 2387 civitate
2683 2331 2915 2401 publice.
2962 2332 3192 2392 ltlierins
3220 2334 3438 2405 scripsit

1850 2422 2100 2479 feliciter.
2125 2421 2318 2478 Amen.

2521 2512 2758 2568 XXXIII.

1851 2602 2079 2659 Donatio
2133 2601 2347 2674 Pippini
2397 2605 2716 2692 monasterio
2768 2607 2938 2660 sancti
2988 2607 3237 2662 Antonini
3277 2607 3437 2677 (uinco

2569 2693 2718 2765 767).

2005 2783 2244 2848 (Histoire
2266 2788 2335 2837 du
2359 2787 2666 2850 Langudoc,
2687 2795 2819 2838 tome
2846 2789 2886 2848 l,
2925 2789 3086 2851 prob.,
3111 2803 3157 2852 p.
3180 2790 3284 2852 23.)

1923 2867 2123 2924 Notitia
2171 2869 2452 2924 traditoria
2500 2878 2663 2940 atque
2694 2870 3104 2926 ‘l’orhanditoria
3149 2878 3365 2939 peracta
3407 2885 3438 2929 θ

1847 2957 2068 3013 domino
2097 2957 2290 3029 Pipino
2315 2973 2442 3031 rege
2463 2960 2809 3015 seri-nissime
2836 2957 2876 3012 Ρ
2882 2973 3169 3013 rancorqu
3199 2967 3254 3020 et
3273 2959 3439 3027 Aqui-

1849 3057 2120 3113 tanorum,
2145 3048 2200 3102 in
2230 3049 2500 3118 presentia
2529 3057 2692 3118 atque
2715 3059 2878 3102 manu
2921 3047 3174 3102 Fedancii
3225 3049 3440 3103 abbatis

1841 3139 2094 3196 ecclesia}
2135 3140 2309 3195 sancti
2351 3139 2604 3195 Antonini
2659 3139 2934 3210 martyris,
2985 3153 3106 3208 qua:
3133 3148 3218 3194 est
3247 3139 3350 3192 sita
3379 3139 3434 3192 iu

1851 3229 1990 3286 valle
2013 3245 2135 3300 qua:
2148 3229 2348 3285 dicitur
2375 3229 2572 3286 nobilis
2593 3230 2684 3285 ubi
2707 3229 2973 3284 terminus
2996 3243 3117 3283 esse
3139 3228 3440 3283 dinoscitur

1850 3323 1902 3375 in
1929 3337 2068 3392 pago
2092 3320 2363 3375 Rutinico.

1918 3411 2000 3464 Ad
2022 3411 2162 3466 hanc
2187 3412 2531 3468 traditionem
2555 3409 2760 3467 aﬁ‘uere
2790 3411 2892 3466 viri
2924 3410 3160 3480 religiosi
3197 3417 3432 3466 testes...

1848 3502 2062 3558 abbatis
2108 3501 2362 3558 Fedancii
2401 3503 2609 3558 scilicet
2649 3501 2954 3558 Ildebaldus
2997 3501 3437 3571 archiepiscopus

1847 3593 1991 3650 sedis
2020 3593 2322 3658 Remensis,
2350 3609 2450 3650 nec
2471 3610 2578 3649 non
2599 3593 2851 3649 Aimarns
2888 3593 3246 3649 Bituricensis
3290 3592 3437 3648 sedis

1848 3684 2299 3757 archiepiscopus,
2330 3703 2435 3742 una
2478 3705 2602 3744 cum
2634 3695 2850 3744 caterva
2882 3688 3259 3759 episcoporum
3289 3696 3408 3743 cete

1847 3794 2032 3834 rerum
2055 3767 2280 3836 numero
2297 3797 2394 3847 χιι,
2432 3781 2576 3836 inter
2593 3797 2730 3852 quos
2763 3781 2935 3836 adfuit
2958 3781 3205 3838 Justinus
3227 3781 3435 3852 episco-

1847 3888 1949 3942 pus
1981 3874 2171 3929 morbo
2219 3875 2368 3945 regio
2423 3889 2731 3944 percussus,
2784 3875 2877 3945 qui
2919 3882 3223 3944 prostratus
3249 3889 3434 3930 coram
3535 3915 3542 3921 .

1847 3963 2018 4017 altare
2042 3964 2134 4019 ubi
2175 3972 2337 4034 caput
2382 3965 2558 4021 sancti
2586 3965 2846 4021 Antonini
2887 3967 3290 4022 custodiebatur
3315 3966 3435 4038 glo-

1847 4055 2131 4110 riosissimi
2157 4056 2434 4126 martyris,
2462 4057 2642 4112 subito
2665 4057 2845 4112 divina
2874 4058 3210 4126 protectione
3253 4057 3435 4116 mutti-

1847 4153 1935 4198 tus
1954 4151 2010 4197 et
2042 4141 2160 4211 ejus
2181 4143 2488 4198 interventu
2508 4144 2768 4198 liberatus
2788 4153 2892 4198 est.
2916 4144 3028 4200 IIac
3049 4154 3263 4200 caterva
3294 4147 3434 4201 resi-

1847 4235 2008 4289 dente
2031 4235 2190 4288 simul
2217 4235 2404 4290 aderat
2433 4236 2590 4290 turba
2619 4234 2849 4288 militum
2874 4241 2930 4290 et
2971 4234 3253 4298 comitum,
3291 4235 3433 4290 inter

1846 4338 1985 4394 quos
2008 4331 2125 4378 erat
2154 4322 2498 4395 Bertalargus
2518 4340 2722 4391 comes,
2761 4323 3106 4389 Vull‘randus,
3131 4323 3432 4390 Botclinus,

1845 4417 2074 4473 Paletini
2104 4417 2352 4485 comites,
2375 4426 2430 4473 ct
2448 4417 2537 4473 alii
2564 4433 2792 4474 numero
2817 4434 2929 4472 xvr.
2973 4417 3075 4485 Qui
3105 4433 3295 4472 omnes
3319 4433 3426 4474 una

1845 4523 1978 4564 νοω
2003 4523 2224 4562 censere
2251 4524 2349 4562 nec
2368 4524 2472 4562 non
2495 4507 2862 4563 acclamavere
2884 4522 3006 4564 cum
3026 4507 3258 4561 maxima
3277 4508 3430 4566 turba

1844 4599 2162 4671 populorum
2191 4598 2283 4669 qui
2311 4598 2383 4653 ibi
2415 4599 2661 4662 aderant,
2696 4599 2915 4670 dignum
2945 4613 3067 4654 esse
3093 4599 3432 4667 augmentari

1845 4706 2027 4746 casam
2053 4690 2147 4745 Dei
2169 4690 2239 4746 ob
2268 4705 2508 4746 amorem
2535 4699 2590 4745 et
2617 4689 2975 4745 reverentiam
3005 4690 3150 4745 beati
3171 4689 3429 4746 Antonini

1847 4783 2128 4854 martyris,
2172 4783 2264 4853 qui
2292 4781 2544 4838 defensor
2583 4790 2638 4836 et
2688 4789 2966 4851 protector
3009 4794 3223 4850 semper
3247 4780 3430 4838 extitit

1849 4875 1960 4944 regi
1993 4883 2048 4929 et
2084 4873 2230 4928 omni
2267 4872 2528 4928 exercitui
2569 4887 2688 4928 suo.
2718 4870 2800 4925 Ad
2829 4886 3059 4940 quorum
3086 4869 3430 4924 acclamatio.-

1847 4983 1969 5028 netn
1996 4965 2222 5037 Pipinus
2244 4982 2336 5021 rex
2359 4963 2740 5022 serenissimus
2765 4962 3040 5034 adquievit
3089 4963 3428 5033 augmentari

1847 5072 2028 5112 casam
2059 5056 2153 5112 Dei
2191 5055 2461 5127 regalibus
2489 5053 2889 5116 donationibus.
2935 5053 3119 5122 Itaque
3147 5067 3272 5108 cum
3313 5053 3431 5114 suis

1847 5145 2124 5203 consultus
2149 5144 2509 5222 magnatibus,
2531 5144 2916 5202 monasterium
2943 5141 3002 5198 S.
3032 5141 3177 5198 Petri
3199 5145 3428 5215 apostoli

1846 5237 1990 5308 quod
2012 5237 2211 5292 dicitur
2235 5235 2556 5301 Mormacus,
2572 5235 2716 5306 quod
2737 5241 2820 5290 est
2841 5235 3004 5293 situm
3032 5234 3087 5290 in
3116 5248 3254 5305 pago
3279 5243 3430 5300 catu-

1846 5328 1999 5382 cirno
2028 5342 2190 5396 super
2221 5325 2382 5383 ﬁuvio
2420 5325 2725 5393 Avarionis,
2779 5327 2834 5385 in
2879 5311 3156 5397 proprium
3207 5327 3427 5392 tradidit

1847 5420 1988 5476 beati
2036 5418 2294 5474 Antonini
2339 5419 2592 5490 martyris
2637 5419 2803 5489 capiti
2830 5427 2885 5474 et
2909 5419 3092 5485 altari,
3118 5419 3170 5473 in
3197 5433 3306 5489 quo
3331 5418 3423 5472 Dei

1847 5523 2051 5576 honore
2075 5527 2129 5573 et
2153 5516 2523 5572 benedictione
2551 5515 2800 5586 quiescit,
2852 5524 2907 5572 et
2948 5515 3130 5572 abbati
3157 5513 3426 5581 chancio

1847 5611 2140 5670 venerabili
2167 5610 2284 5665 viro
2303 5618 2359 5664 et
2391 5610 2668 5666 monachis
2692 5619 2747 5666 et
2787 5610 3000 5666 clericis
3024 5608 3151 5664 inibi
3181 5605 3426 5677 degenti-

1847 5709 1946 5762 bus
1972 5703 2308 5776 presentibus
2334 5712 2382 5758 ct
2407 5703 2620 5760 futuris.
2671 5703 2781 5760 lloc
2816 5700 3202 5759 n'onasterium
3247 5705 3422 5758 totum
