3920 6310
505 277 644 334 1565

1491 271 1758 328 secum
1798 269 1908 328 vui
1946 268 2376 342 MoNUMsNrA
2417 272 2744 330 SELECTA.

3647 279 3767 336 ἔξω

493 390 801 464 prediaum
825 397 880 444 et
907 389 976 444 ab
999 387 1265 458 integrum
1291 401 1415 442 cum
1431 385 1543 440 suis
1566 383 1898 454 adjacentiis,
1929 381 2076 438 scili-
2103 387 2148 446 Α
2175 382 2494 440 decursibus
2534 384 2824 441 mobilibus
2849 394 2906 440 et
2939 387 3307 444 immobilibus
3337 389 3490 444 sicut
3515 405 3677 460 supra
3699 393 3769 451 di.

500 491 588 539 cet
615 498 739 539 cum
767 481 891 538 aliis
915 479 1126 536 duabus
1169 479 1415 535 ecclesiis
1461 492 1694 548 quarum
1731 491 1839 532 una
1869 475 2083 536 Morna-

489 574 674 646 gallus
693 583 748 630 et
777 573 882 628 alia
901 571 1104 642 capella
1135 569 1306 625 sancti
1338 560 1592 640 martyris
1610 565 1829 632 Felicis,
1853 579 1953 620 nec
1973 580 2083 620 non

489 675 557 727 α
571 683 699 725 cum
715 666 996 723 monachis
1015 673 1072 720 et
1111 663 1396 734 mancipiis
1415 671 1472 718 et
1506 662 1760 719 omnibus
1786 661 2084 732 possessio-

497 763 661 820 nibus
685 779 792 834 que
817 763 886 818 ad
906 761 1036 817 illud
1055 761 1420 830 pertinebant,
1450 768 1509 816 et
1543 759 1599 815 in
1625 759 1827 826 futuro,
1851 758 2082 815 Domino

499 865 788 921 annuente,
816 853 1091 926 largienda
1115 860 1308 916 erunt;
1339 869 1464 908 cum
1489 852 1684 918 vineis,
1719 851 1876 917 ortis,
1921 851 2083 906 terris

483 947 662 1004 cultis
684 953 738 1001 et
765 944 1002 1011 incultis,
1015 943 1171 1014 aquis
1195 958 1525 1014 aquarumve
1548 942 1889 1009 decursibus,
1915 957 2083 1012 pare-

498 1039 618 1108 riis,
645 1039 969 1095 molendinis
991 1038 1134 1108 quod
1167 1052 1326 1093 omne
1373 1035 1514 1090 ultra
1538 1035 1760 1090 ﬂuvium
1786 1050 1904 1090 vnn
1931 1034 2083 1090 cubi—

497 1129 589 1196 tis,
605 1129 755 1184 dedit
775 1144 806 1183 a
827 1128 1058 1182 termino
1073 1125 1272 1183 montis
1290 1123 1546 1182 Cussonis
1569 1138 1740 1193 usque
1759 1123 2080 1179 admediam

496 1221 692 1276 aurem‘
710 1226 768 1274 et
794 1232 964 1289 usque
1007 1217 1076 1272 ad
1113 1232 1178 1273 os
1199 1215 1408 1285 antiqui
1444 1215 1609 1270 vasis.
1641 1213 1913 1281 Quantum
1941 1213 2080 1269 inl'ra

493 1310 618 1367 illos
639 1310 772 1366 ﬁnes
791 1309 1134 1367 concluditur
1153 1315 1328 1364 totum
1355 1314 1412 1363 et
1434 1307 1502 1362 ab
1543 1306 1835 1378 integrum,
1857 1305 2004 1362 dedit
2025 1305 2080 1362 in

490 1397 772 1474 proprium
806 1400 1016 1456 alodem
1043 1414 1205 1470 supra
1229 1398 1388 1454 dictae
1433 1412 1573 1453 casa:
1620 1396 1738 1452 Dei.
1780 1394 1858 1452 De
1885 1395 2084 1466 repeti.

491 1495 641 1550 tione
667 1508 798 1548 vero
822 1491 868 1548 si
897 1491 1021 1562 quis
1045 1491 1343 1561 imperator
1367 1487 1453 1545 vel
1497 1503 1598 1544 rex
1618 1495 1714 1543 aut
1737 1488 1868 1553 dux,
1899 1500 2082 1542 comes

489 1583 578 1638 vel
606 1583 724 1638 vice
743 1595 929 1638 comes
949 1589 1044 1636 aut
1071 1581 1258 1645 abbas,
1288 1579 1373 1634 vel
1394 1593 1627 1648 persona
1665 1575 1920 1648 quaelibet
1961 1592 2080 1631 ma-

2184 472 2363 529 ximus
2389 489 2516 543 cum
2539 475 2689 532 omui
2717 475 3028 547 integritate
3054 477 3314 548 quicquid
3342 483 3617 548 praesenti
3647 493 3769 540 ten-

2182 579 2314 634 pore
2342 573 2526 623 nostra
2560 566 2760 623 ibidem
2787 567 3000 624 videtur
3023 583 3145 625 esse
3173 573 3458 640 possessio
3491 589 3624 644 pars
3650 591 3774 646 pr:-

2183 653 2311 709 dicti
2340 663 2648 728 monastery
2677 657 2944 728 huiusque
2972 669 3214 715 rectores
3239 660 3528 728 habeant,
3572 673 3772 723 teneant

2182 752 2345 816 atque
2369 747 2714 818 possedeant,
2745 757 2802 803 et
2823 749 2891 804 ad
2916 749 3032 820 ipsa
3058 765 3182 806 casa
3212 750 3313 807 Dei
3354 753 3412 807 in
3459 763 3654 810 nostra
3675 757 3773 828 ely-

2183 836 2390 892 mosina
2441 837 2525 892 vel
2577 853 2836 910 germano
2883 847 3072 896 nostro
3117 857 3292 912 usque
3349 842 3406 896 in
3465 855 3778 914 perpetuum

2182 927 2388 998 absque
2435 929 2597 984 ullius
2643 931 2962 1001 repetitione
3005 932 3202 988 debeat
3240 949 3371 990 esse
3408 934 3548 1003 jure
3581 938 3774 1012 iniqu

2181 1019 2530 1088 conﬁrmata;
2583 1031 2641 1077 et
2687 1030 2748 1077 ut
2784 1023 2901 1080 haec
2939 1025 3114 1081 cessio
3141 1025 3359 1082 ﬁrmior
3385 1029 3668 1085 habeatur
3691 1047 3775 1089 tu

2182 1123 2304 1166 eam
2329 1112 2518 1166 subter
2545 1111 2882 1170 ﬁrmavimus
2909 1114 3086 1171 velde
3113 1117 3271 1172 anolo
3307 1129 3514 1175 nostro
3555 1121 3776 1193 sigillam

2141 1205 2147 1210 “
2181 1202 2506 1260 studuimus.

2254 1292 2480 1364 Signum
2504 1296 2543 1366 1-
2573 1296 2784 1368 Pippini
2805 1297 3180 1372 gloriosissimi
3211 1304 3386 1374 regis.

2251 1385 2309 1441 In
2339 1386 2434 1442 Dei
2457 1389 2676 1447 nomine
2699 1389 2925 1448 Baddilo
2947 1395 3261 1464 recognovit
3289 1403 3354 1450 et
3377 1397 3726 1466 subscripsit.

2253 1475 2447 1533 Datum
2484 1478 2540 1534 in
2576 1493 2762 1536 mense
2791 1480 2934 1538 Iulio
2976 1499 3122 1539 anno
3163 1485 3366 1556 quinto
3395 1487 3624 1541 decimo
3646 1489 3774 1559 regni

2176 1570 2352 1634 nostri
2387 1578 2568 1625 actum
2602 1571 2899 1631 Aurilionis
2925 1576 3146 1632 civitate
3171 1578 3404 1648 publice
3448 1581 3512 1634 in
3563 1579 3660 1635 1)εεί
3699 1597 3774 1634 uo-

490 1689 597 1746 gna
625 1675 710 1729 vel
731 1689 898 1744 parva
929 1689 961 1728 a
986 1688 1111 1728 «uisa
1138 1671 1234 1727 Dei
1267 1671 1585 1726 abstrahere
1619 1670 1736 1724 haec
1763 1669 2076 1738 supradicta
2113 1733 2153 1746 κ
2181 1661 2328 1718 mine
2355 1661 2634 1720 Himerius
2656 1666 2873 1734 scripsit
2900 1667 3135 1724 feliciter
3157 1681 3210 1724 ι.
3259 1711 3264 1714 -

490 1733 751 1832 voluerit;
772 1765 1015 1820 omnium
1038 1762 1473 1832 supradictorum
1495 1759 1872 1830 episcoporum
1899 1759 2078 1828 gladio
2111 1733 2157 1794 Β

489 1856 852 1912 anathematis
878 1855 1107 1911 feriatur
1123 1861 1178 1908 et
1207 1867 1330 1910 cum
1364 1852 1576 1906 Dathan
1605 1857 1660 1906 et
1682 1850 1886 1906 Abiron
1911 1850 1968 1904 in
1992 1850 2078 1904 in-

490 1946 642 2001 l‘erno
670 1947 978 2016 sepeliatur.
1028 1946 1163 2000 Data
1209 1961 1247 1999 ιι
1279 1943 1418 1998 Kal.
1443 1943 1616 2014 April.
1663 1957 1805 1997 anno
1835 1942 1903 1998 16
1925 1943 2080 2012 regni

489 2035 663 2106 Pipini
711 2029 1046 2091 serenissimi
1076 2033 1438 2104 imperatoris.
1485 2031 1809 2103 Sigiltredus
1832 2031 2073 2104 scripsit.
2173 2081 2178 2088 .

487 2123 712 2197 Signum
736 2124 910 2197 Pipini
933 2127 1096 2198 regis.
1110 2125 1152 2196 -ι-

1160 2219 1402 2275 XXXIV.

479 2307 700 2380 .Pippiru’
730 2311 1202 2392 regis_prtecept_i¢m
1237 2329 1340 2392 quo
1362 2309 1646 2392 QFulldensi
1681 2309 1915 2392 εεειροὶω
1942 2309 2075 2364 Αω-

720 2379 1010 2435 mtmdistat
1035 2379 1211 2435 villam
1237 2379 1466 2452 largitur
1487 2383 1648 2452 (anno
1681 2379 1828 2451 768).

691 2471 858 2536 (Apud
885 2472 942 2521 D.
966 2471 1217 2534 Bouquet,
1244 2479 1358 2522 tom.
1387 2471 1446 2530 V,
1471 2483 1533 2521 ex
1561 2470 1873 2532 Scliannato.)

553 2553 812 2624 Pippinus
844 2570 940 2610 rex
969 2555 1304 2610 Francorum
1331 2554 1416 2610 vir
1443 2554 1692 2620 inluster,
1731 2561 1785 2608 et
1806 2553 1930 2624 quia
1957 2568 2077 2632 mo-

485 2654 645 2700 nente
675 2645 957 2716 Scriptura
985 2646 1058 2702 ita
1085 2654 1334 2716 oporteat
1361 2637 1800 2716 udumquemque
1826 2655 2080 2700 constan-

485 2747 568 2792 ter
603 2753 908 2809 prteparare
950 2747 1218 2808 quatenus
1267 2739 1520 2793 veniente
1563 2739 1615 2793 in
1665 2745 1956 2807 conspectu
1987 2753 2078 2792 su-

480 2830 638 2899 perni
659 2827 865 2886 Iudicis
884 2830 1032 2886 illam
1054 2839 1331 2888 mereatur
1352 2830 1566 2894 Domini
1593 2832 1736 2900 piam
1765 2845 1950 2886 vocem
1982 2845 2079 2884 au-

481 2923 619 2987 dire,
645 2936 807 2991 quem
823 2936 1012 2976 omnes
1030 2919 1162 2988 justi
1190 2934 1256 2976 ex
1289 2920 1446 2976 bonis
1465 2920 1678 2976 actibus
1699 2928 1860 2976 erunt
1883 2920 2076 2992 gavisi,

483 3020 815 3084 quapropter
839 3027 939 3068 nos
965 3011 1279 3076 salubriter,
1315 3019 1376 3070 ut
1411 3012 1699 3076 credimus,
1730 3012 2079 3068 consideran-

2870 1779 3089 1838 XXXV.

2176 1864 2407 1936 Sigfridi
2427 1841 2672 1938 dynasth
2689 1871 2747 1925 in
2772 1871 2983 1928 Alsacia
3005 1873 3210 1945 tmere
3235 1876 3309 1930 ad
3337 1877 3530 1945 βιιιιηι
3559 1879 3773 1933 sim.-

2251 1953 2374 2018 num
2397 1977 2412 2002 ,
2479 1955 2584 2018 qua
2628 1945 2946 2018 mogg‘rterio
2987 1942 3349 2016 Gregoriano’
3377 1948 3627 2018 plurim
3665 1951 3776 2005 bona

2250 2009 2482 2078 assignat
2509 2009 2670 2081 (anno
2701 2010 2846 2084 768).

2451 2099 2612 2163 (Apud
2636 2101 2925 2164 δειλαιραὶι).
2950 2103 3134 2154 Alsatia
3157 2105 3544 2170 diplomatica.)

2250 2180 2610 2239 Dilectissimo
2641 2193 2696 2239 et
2740 2187 3122 2243 amantissimo
3163 2187 3280 2245 ﬁlio
3311 2207 3450 2246 meo
3483 2191 3776 2249 Altmanao.

2178 2271 2292 2344 Ego
2340 2273 2394 2327 in
2435 2271 2534 2328 Dei
2583 2289 2780 2331 nomen
2829 2275 3178 2346 Sigbil'ridus,
3230 2281 3508 2351 cogitans
3561 2300 3661 2352 pro
3705 2284 3778 2340 Dei

2180 2376 2385 2442 amore,
2412 2370 2472 2416 ut
2501 2363 2599 2419 tibi
2636 2365 2985 2421 tradidissem
3026 2383 3114 2423 res
3159 2383 3318 2425 meas
3369 2371 3436 2425 in
3483 2388 3632 2444 pago
3655 2375 3779 2430 Ais:-

2178 2451 2346 2515 cinse,
2375 2460 2432 2506 et
2467 2452 2613 2522 ipsas
2641 2469 2728 2509 res
2757 2462 2883 2510 sunt
2910 2456 2961 2510 in
2987 2456 3144 2514 villas
3165 2471 3582 2530 nuneupantes
3617 2465 3668 2518 in
3696 2465 3777 2520 ﬁne

2180 2539 2354 2612 Sigolt
2383 2542 2412 2583 ι)
2439 2558 2622 2598 marca
2643 2585 2658 2610 ,
2689 2552 2743 2600 et
2794 2545 2847 2599 in
2896 2545 3132 2602 Altbeim
3161 2560 3183 2587 ε
3219 2550 3358 2604 villa
3388 2592 3408 2616 ,
3469 2564 3530 2607 et
3579 2553 3633 2608 in
3674 2555 3777 2609 alus

2177 2633 2390 2693 duabus
2431 2624 2589 2690 villas
2620 2637 2710 2706 qui
2751 2635 2956 2692 dixitur
2996 2637 3242 2695 Saxones
3267 2642 3322 2706 ά,
3365 2651 3432 2698 et
3465 2645 3526 2698 in
3573 2645 3778 2700 villavel

2180 2723 2232 2779 in
2261 2723 2366 2780 ﬁne
2395 2723 2738 2781 Heiderheiin
2767 2739 2790 2766 θ
2819 2745 3024 2794 marca,
3057 2739 3112 2786 et
3159 2731 3214 2785 in
3269 2733 3411 2788 vilL't
3452 2735 3542 2789 vel
3594 2737 3650 2790 in
3697 2735 3776 2790 ﬁse

2180 2815 2516 2872 Tessinheim
2550 2815 2570 2856 ῐ
2606 2833 2811 2885 marca,
2859 2827 2912 2874 et
2951 2820 3002 2875 in
3051 2820 3176 2875 villa
3225 2821 3634 2894 Tugiuisheim
3658 2830 3682 2865 ε
3706 2828 3776 2895 q

2179 2916 2264 2963 est
2303 2909 2358 2963 in
2395 2925 2576 2964 marca
2606 2895 3018 2968 Heruncbeimh
3048 2922 3102 2970 et
3159 2915 3212 2969 in
3263 2918 3394 2987 ipso
3449 2918 3566 2973 ﬁne
3600 2919 3780 2974 Heru-

2181 3003 2358 3058 cheim
2395 3005 2408 3044 i
2441 3019 2647 3070 marco,
2693 3005 2762 3061 de
2810 2996 2986 3075 silva,
3040 3004 3184 3068 unde
3229 3021 3434 3081 potest
3497 3017 3778 3072 inci-assam

473 3112 566 3162 tes
608 3104 842 3176 qualiter
870 3120 937 3160 ex
970 3104 1203 3160 terrenis
1227 3105 1393 3160 rebus
1421 3104 1620 3174 quibus
1643 3103 1825 3159 divina
1869 3105 2078 3168 miseri,-
2106 3084 2154 3150 ο
2183 3109 2377 3164 POPCOS
2399 3096 2809 3168 quinquaginta,
2840 3108 2896 3154 et
2925 3091 2978 3154 in
3000 3100 3114 3170 ipsa
3137 3117 3336 3159 marca
3364 3103 3766 3164 lleruncbeini

483 3196 671 3253 cordia
717 3195 873 3252 nobis
919 3194 1200 3252 alllueuter
1248 3194 1303 3250 in
1352 3195 1458 3250 hoc
1506 3193 1703 3250 saeculo
1753 3193 1948 3265 largire
1991 3195 2076 3251 di-

484 3296 648 3357 gnata
672 3296 756 3343 est
784 3287 964 3342 saltim
1008 3287 1093 3341 vel
1133 3287 1189 3342 in
1225 3287 1552 3356 pauperibus
1576 3302 1643 3342 ex
1687 3286 1791 3342 hoc
1835 3287 2077 3342 tribuere

481 3382 823 3444 deberemus,
865 3379 1013 3436 unde
1058 3378 1487 3434 misericordiam
1531 3377 1650 3447 ejus
1687 3379 1939 3448 adaepisci
1987 3393 2076 3433 va-

481 3471 710 3536 leamus,
741 3469 945 3526 idcirco
977 3468 1250 3528 donamus
1279 3484 1378 3524 nos
1406 3484 1506 3539 pro
1531 3470 1726 3526 animm
1768 3479 1967 3532 nostra:
1992 3485 2077 3532 re-

481 3559 720 3615 medium
746 3558 830 3614 vel
860 3559 1014 3614 bona:
1043 3557 1318 3622 memoria:
1340 3572 1600 3628 germano
1638 3567 1824 3613 nostro
1847 3558 2072 3615 Carolo-

482 3667 683 3713 manno
703 3651 996 3722 quondam,
1023 3651 1092 3705 ad
1118 3651 1513 3723 monasterium
1537 3650 1706 3706 Fulda
1729 3651 1820 3706 ubi
1845 3651 2076 3708 domnus

478 3741 804 3800 Bonefacius
845 3755 1076 3810 corpore
1119 3740 1432 3809 :cquiescit,
1478 3739 1616 3794 Villa
1649 3739 1830 3808 aliqua
1871 3755 2076 3795 noncu—

478 3839 644 3903 parite
669 3831 1127 3896 Autmundistast,
1161 3833 1253 3899 qui
1280 3833 1499 3901 ponitur
1525 3831 1580 3885 in
1610 3845 1750 3902 pago
1779 3831 2075 3903 Moinigan-

479 3922 571 3993 gio
616 3935 780 3989 super
823 3919 1012 3973 Fluvio
1049 3917 1312 3974 Riecbina
1363 3935 1484 3974 cum
1535 3920 1788 3975 omnibus
1828 3921 2074 3976 terminis

480 4010 568 4067 vel
595 4009 922 4080 appendicys
955 4007 1068 4064 suis
1092 4016 1150 4062 ut
1182 4023 1306 4064 cum
1329 4009 1476 4065 omni
1519 4008 1830 4078 integritate
1859 4011 1926 4065 ad
1957 4012 2073 4080 ipso

479 4102 810 4160 monasterio
849 4101 932 4156 vel
961 4100 1246 4166 monachis
1289 4100 1491 4157 ibidem
1520 4100 1950 4156 deservientibus
1977 4117 2072 4156 seu

479 4193 791 4248 Luminaria
819 4192 988 4262 ipsius
1014 4192 1271 4248 Ecclesia:
1308 4195 1652 4263 procuranda
1685 4191 1770 4248 vel
1801 4193 2072 4263 stipendia

479 4300 798 4358 pauperum,
825 4285 1024 4341 ibidem
1047 4284 1306 4356 prtedi‘cta
1334 4285 1462 4340 villa
1494 4285 1761 4356 proﬁcere
1791 4285 1986 4341 debeat
2013 4287 2070 4342 in

478 4385 848 4449 augmentum,
879 4384 934 4430 et
975 4383 1036 4430 ut
1076 4375 1270 4430 melius
1313 4375 1534 4430 dilectat
1579 4377 1726 4448 ipsos
1770 4378 2068 4435 monachus

2177 3183 2244 3238 de
2276 3195 2453 3255 prata,
2491 3187 2632 3242 unde
2657 3196 2839 3259 potest
2867 3203 3050 3246 secare
3077 3191 3146 3248 de
3173 3191 3306 3249 leno
3341 3199 3628 3253 carradas
3671 3214 3779 3254 cen-

2181 3283 2295 3329 tum
2329 3277 2608 3346 tringinta,
2641 3287 2868 3350 excepto
2893 3283 3188 3352 particulas
3209 3284 3361 3352 illas,
3392 3290 3499 3358 qui
3527 3305 3777 3358 pert-asas

2177 3364 2276 3419 Dei
2315 3358 2764 3424 condonavimus.
2795 3369 2995 3426 lterum
3021 3374 3178 3429 trado
3209 3374 3366 3444 ipsas
3413 3394 3514 3434 res
3551 3380 3773 3435 denomi-

2177 3463 2352 3522 natas,
2381 3459 2526 3527 quod
2551 3459 2802 3529 superius
2823 3461 3078 3529 diximus,
3107 3471 3220 3519 tam
3244 3482 3417 3523 casas
3457 3485 3631 3539 quam
3675 3487 3776 3528 cur.

2177 3548 2301 3605 tiles
2339 3549 2588 3620 ediﬁciis,
2619 3554 2926 3624 mancipiis,
2949 3558 3145 3626 vineis,
3182 3561 3377 3625 terris,
3405 3565 3648 3634 campis,
3673 3581 3774 3636 pn-

2176 3641 2269 3708 tis,
2298 3641 2468 3709 silvis,
2501 3645 2677 3714 aquis,
2701 3661 3033 3716 aquarumve
3058 3651 3414 3718 decursibus,
3447 3655 3604 3711 dono
3635 3665 3772 3726 atque

2176 3734 2522 3814 transfundo.
2545 3735 2730 3817 Siquis
2749 3754 2852 3809 ego
2878 3740 2994 3811 ipse
3021 3749 3114 3796 aut
3137 3742 3206 3798 de
3219 3743 3388 3798 heres
3422 3761 3496 3801 ac
3518 3763 3622 3816 pm
3641 3749 3770 3803 here-

2173 3825 2333 3882 dibus
2358 3829 2494 3884 meis
2521 3828 2606 3883 vel
2650 3829 2906 3899 quislibet
2953 3831 3059 3887 ulla
3107 3834 3363 3904 opposita
3412 3852 3658 3907 persona
3695 3840 3769 3908 ᾳὶ

2175 3924 2364 3971 contra
2392 3917 2529 3974 hanc
2553 3919 2898 3975 traditionem
2918 3921 3102 3976 venire
3125 3925 3438 3990 conaverit,
3465 3937 3566 3982 aut
3593 3927 3765 3982 infran-

2174 4022 2302 4078 gerc
2340 4007 2590 4076 voluerit,
2624 4011 2678 4065 in
2707 4011 2898 4081 primis
2928 4011 3066 4067 iram
3107 4013 3205 4068 Dei
3248 4015 3519 4072 incurrat
3554 4019 3764 4076 oﬂensus

2173 4105 2228 4154 et
2261 4098 2330 4154 ab
2373 4099 2520 4155 omni
2558 4099 2743 4156 limine
2787 4111 3100 4159 sanctorum
3141 4111 3670 4167 excommunicatus
3691 4130 3765 4182 ap-

2173 4197 2382 4262 pareat,
2411 4199 2468 4248 et
2495 4191 2738 4248 sociante
2761 4193 2893 4250 ﬁsco
2917 4196 3038 4250 auri
3072 4196 3262 4254 uncias
3291 4215 3363 4256 ut
3381 4211 3443 4256 et
3465 4203 3540 4258 de
3563 4216 3768 4276 argmtu

2171 4281 2410 4354 pondera
2435 4299 2469 4338 ν
2491 4291 2713 4340 coactus
2739 4286 3006 4342 exsolvat.

2243 4373 2440 4428 Actum
2488 4374 2544 4429 in
2595 4375 2722 4431 villa
2773 4375 3138 4434 Heruncbeim
3179 4381 3207 4419 ι
3243 4381 3496 4451 publice.
3560 4385 3772 4458 Signum

471 4439 582 4538 pro
600 4469 756 4524 nobis
777 4439 861 4524 vel
883 4481 1143 4538 germano
1167 4476 1358 4523 nostro
1382 4483 1478 4523 seu
1499 4439 1918 4539 subsequentem
1945 4483 2070 4538 pro-
2096 4439 2146 4500 θ
2173 4465 2470 4538 Sighil‘rido
2486 4467 2580 4538 qui
2601 4469 2741 4524 hanc
2761 4469 3110 4526 traditionem
3136 4439 3264 4528 ﬁeri.
3277 4478 3504 4546 rogavit
3519 4439 3774 4550 saga;

475 4562 649 4634 genia:
687 4568 892 4626 nostra,
924 4561 1012 4616 die
1040 4567 1313 4630 noctuque
1339 4559 1555 4616 Domini
1580 4561 1951 4635 misericordia
1976 4563 2071 4618 ad-

479 4655 682 4711 tentius
727 4655 1052 4724 deprecare;
1107 4653 1274 4726 igitur
1315 4653 1578 4723 praedicta
1622 4653 1748 4709 villa
1794 4670 1902 4710 una
1945 4669 2072 4714 cum

477 4749 668 4814 terris,
730 4747 1005 4813 domibus,
1069 4746 1334 4818 aediﬁcys,
1389 4747 1712 4814 aecolabus,
1769 4748 2068 4820 mancipys,

476 4840 663 4906 salvis,
711 4838 938 4908 campis,
985 4837 1188 4908 pratis,
1236 4838 1482 4910 pascuis,
1518 4839 1694 4910 aquis,
1741 4852 2072 4909 aquarumve

551 4968 576 4996 α
613 4955 674 5010 In
708 4955 813 5036 hoc
835 4954 1174 5036 autographo
1201 4951 1531 5036 subscriptio
1570 4953 1881 5036 cancellarii
1906 4969 2072 5036 ere-

478 5027 640 5098 gione
679 5025 1090 5098 subscriptionis
1135 5025 1280 5096 regis
1311 5025 1488 5098 posita
1511 5035 1662 5098 est,”
1685 5025 1862 5098 sigillo
1903 5025 2072 5080 inter-

481 5094 679 5178 inedio,
708 5097 854 5168 quod
891 5094 1133 5178 elligie_m_
1153 5094 1427 5178 quandam
1468 5094 1903 5178 liispidincapitis,
1932 5111 2072 5152 cerae

480 5181 615 5223 cavo
641 5165 962 5245 impressam
989 5165 1228 5245 exhibel.
1251 5165 1460 5245 Badillo
1486 5165 1848 5245 cancellarius
1873 5178 2074 5245 praeter
2155 5185 2160 5190 ’

480 5251 689 5292 morem
733 5237 1072 5294 invocatione
1101 5238 1274 5292 utitur
1318 5237 1373 5290 in
1419 5236 1842 5302 subscribendo;
1877 5236 2084 5307 qu'em-.

479 5307 1094 5379 admodumAllitberius,
1126 5309 1218 5379 qui
1250 5307 1626 5379 subPippino,
1643 5323 1751 5363 non
1780 5307 1887 5379 alio
1908 5324 2070 5377 quam

477 5375 881 5450 notariiollicio
903 5377 930 5450 l'
927 5387 1125 5450 unctus
1144 5375 1256 5445 est,
1279 5375 1542 5450 quidquid
1563 5377 1757 5450 alleget
1779 5378 1838 5450 in
1857 5375 2072 5450 contra-

479 5395 678 5437 n0taru
703 5395 881 5458 uincto
903 5395 1120 5460 tunetus
1152 5395 1256 5445 εει,
1279 5395 1542 5502 quiaquia
1563 5395 1757 5450 aueget
1779 5395 1832 5432 ιη
1857 5395 1905 5433 ο(

479 5446 992 5530 riumjlal‘nllontus
1013 5449 1079 5504 de
1105 5449 1296 5530 Re_dip
1317 5465 1424 5530 om:
1451 5449 1545 5504 lib.
1577 5465 1638 5514 ιι,
1667 5465 1786 5520 cap.
1820 5448 1905 5502 12.

548 5523 578 5564 b
617 5517 975 5592 Sigoltzbeim_
990 5517 1649 5592 propelleisersbergam.

551 5606 574 5634 ε
616 5588 1083 5661 Rappoltsweiler,
1115 5589 1446 5646 Ribanviler.

469 5712 476 5718 .
548 5665 575 5704 (ι
619 5660 781 5721 Vicus
805 5663 948 5716 inter
974 5660 1290 5732 Cellenbcrg
1313 5671 1365 5717 et
1397 5663 1643 5721 0stbcim
1675 5663 1854 5734 periit.

555 5748 578 5779 °
615 5734 977 5795 Sassenhcim.

2171 4556 2465 4626 Luitgbero
2501 4559 2542 4630 ἰ-
2581 4559 2800 4631 signum
2846 4561 3203 4632 Sighimundo
3228 4567 3269 4639 -ι-
3297 4569 3532 4640 signum
3561 4573 3776 4630 Marcel-

2170 4657 2240 4712 do
2273 4659 2314 4728 1-
2339 4657 2553 4728 signum
2593 4656 2912 4716 Siwall‘uino
2950 4659 2992 4731 -ι-
3021 4662 3237 4733 signum
3285 4661 3612 4724 Horsenino
3639 4671 3683 4740 εἰ-
3707 4671 3774 4724 si-

2170 4767 2337 4824 gnum
2380 4753 2658 4810 Ebornino
2680 4754 2720 4827 1-
2749 4755 2962 4826 signum
3007 4755 3254 4812 llall‘aldo
3277 4758 3318 4827 -ι-
3345 4759 3578 4830 signum
3623 4763 3776 4818 Bern.

2170 4845 2367 4901 Datum
2410 4845 2556 4916 quod
2597 4845 2726 4902 fecit
2775 4845 2859 4902 dei
2912 4846 3194 4903 Dominico
3219 4864 3318 4904 vui
3370 4850 3504 4906 Kal.
3555 4855 3780 4926 Augusti

2172 4958 2282 5086 to;
2309 4957 2734 5100 Ιῖθίἒθτῧιέὅριιυιο
2758 4973 2923 5028 supra
2950 4973 3150 5015 novum
3173 4957 3502 5028 Brisacum;
3528 4964 3648 5020 Ais.
3681 4965 3782 5028 ill.,

2247 5102 2271 5141 ε
2307 5097 2676 5154 Fessenheim.

2242 5171 2271 5210 ὶι
2309 5169 2618 5242 Ensisbeim
2665 5169 2962 5239 superioris
3010 5169 3232 5226 Alsatize
3282 5172 3592 5242 oppidum;
3649 5175 3780 5231 ibid.

2730 5309 2893 5394 unius
2916 5311 3306 5394 _hor:e__s_patio
3352 5329 3530 5384 supra
3585 5332 3786 5374 nom

2170 5381 2491 5463 Brisatcumi
2512 5379 2626 5438 Als.
2644 5379 2728 5463 _ill.
2757 5386 2887 5463 tom.
2913 5379 3038 5463 id).

2245 5453 2280 5525 i7
2309 5451 2527 5525 Capella
2570 5451 2870 5525 vulgariter
2906 5451 3152 5524 (Dimn)
3195 5453 3469 5524 appeflata
3491 5459 3783 5525 subsistit;

2171 5523 2302 5579 ibid.
2329 5521 2462 5576 tom.
2491 5522 2533 5588 ι,
2562 5538 2617 5592 ιι.
2645 5521 2769 5592 735,
2873 5567 2881 5574 .

2244 5595 2271 5634 ¹ί
2312 5589 2862 5665 Herculei—in,”_vicus
2909 5593 3147 5650 biborio“
3177 5610 3342 5665 supra
3401 5595 3782 5665 Colrnariam;

2175 5664 2304 5722 ibid.
2339 5671 2470 5722 tom.
2499 5664 2537 5730 Ι,
2567 5679 2623 5734 p.
2656 5663 2777 5718 724.
