  <div class='ocr_page' id='page_1' title='image "/cluster/home/n/w/nwhite01/storage/ocr_20150623/96/hvd.32044015471204/788.png"; bbox 0 0 3920 6310; ppageno 0'>
   <div class='ocr_carea' id='block_1_1' title="bbox 225 270 362 327">
    <p class='ocr_par' dir='ltr' id='par_1_1' title="bbox 225 270 362 327">
     <span class='ocr_line' id='line_1_1' title="bbox 225 270 362 327; baseline 0.015 -1"><span class='ocrx_word' id='word_1_1' title='bbox 225 270 362 327; x_wconf 73' lang='grc'><strong>1565</strong></span> 
     </span>
    </p>
   </div>
   <div class='ocr_carea' id='block_1_2' title="bbox 962 263 2698 339">
    <p class='ocr_par' dir='ltr' id='par_1_2' title="bbox 962 263 2698 339">
     <span class='ocr_line' id='line_1_2' title="bbox 962 263 2698 339; baseline 0 -9"><span class='ocrx_word' id='word_1_2' title='bbox 962 273 1233 339; x_wconf 80' lang='lat' dir='ltr'><strong>PlPPiNI,</strong></span> <span class='ocrx_word' id='word_1_3' title='bbox 1269 267 1764 330; x_wconf 76' lang='lat' dir='ltr'><strong>CAROLOMANNI</strong></span> <span class='ocrx_word' id='word_1_4' title='bbox 1802 269 1892 326; x_wconf 82' lang='lat' dir='ltr'><strong>ET</strong></span> <span class='ocrx_word' id='word_1_5' title='bbox 1930 263 2246 329; x_wconf 74' lang='lat' dir='ltr'><strong>ALIORUM</strong></span> <span class='ocrx_word' id='word_1_6' title='bbox 2280 272 2698 332; x_wconf 76' lang='lat' dir='ltr'><strong>DIPLOMATA.</strong></span> 
     </span>
    </p>
   </div>
   <div class='ocr_carea' id='block_1_3' title="bbox 3346 280 3488 344">
    <p class='ocr_par' dir='ltr' id='par_1_3' title="bbox 3346 280 3488 344">
     <span class='ocr_line' id='line_1_3' title="bbox 3346 280 3488 344; baseline 0.042 -6"><span class='ocrx_word' id='word_1_7' title='bbox 3346 280 3488 344; x_wconf 73' lang='lat' dir='ltr'><strong>i566</strong></span> 
     </span>
    </p>
   </div>
   <div class='ocr_carea' id='block_1_4' title="bbox 222 385 3490 468">
    <p class='ocr_par' dir='ltr' id='par_1_4' title="bbox 222 385 3490 468">
     <span class='ocr_line' id='line_1_4' title="bbox 222 385 3490 468; baseline 0.004 -28"><span class='ocrx_word' id='word_1_8' title='bbox 222 401 364 449; x_wconf 82' lang='lat' dir='ltr'><strong>anno</strong></span> <span class='ocrx_word' id='word_1_9' title='bbox 408 386 473 442; x_wconf 79' lang='grc'><strong>18</strong></span> <span class='ocrx_word' id='word_1_10' title='bbox 491 416 562 426; x_wconf 88' lang='grc'><strong>--</strong></span> <span class='ocrx_word' id='word_1_11' title='bbox 585 393 838 456; x_wconf 84' lang='lat' dir='ltr'><strong>regnante</strong></span> <span class='ocrx_word' id='word_1_12' title='bbox 887 386 1104 446; x_wconf 87' lang='lat' dir='ltr'><strong>domino</strong></span> <span class='ocrx_word' id='word_1_13' title='bbox 1147 389 1372 459; x_wconf 90' lang='lat' dir='ltr'><strong>Pippino</strong></span> <span class='ocrx_word' id='word_1_14' title='bbox 1415 387 1800 460; x_wconf 86' lang='lat' dir='ltr'><strong>gloriosissimo</strong></span> <span class='ocrx_word' id='word_1_15' title='bbox 1825 387 1876 450; x_wconf 78' lang='grc' dir='ltr'><strong>Δ</strong></span> <span class='ocrx_word' id='word_1_16' title='bbox 1901 393 2056 456; x_wconf 90' lang='lat' dir='ltr'><strong>parte</strong></span> <span class='ocrx_word' id='word_1_17' title='bbox 2087 385 2414 456; x_wconf 86' lang='lat' dir='ltr'><strong>Epanevilla,</strong></span> <span class='ocrx_word' id='word_1_18' title='bbox 2444 396 2498 444; x_wconf 90' lang='lat' dir='ltr'><strong>et</strong></span> <span class='ocrx_word' id='word_1_19' title='bbox 2525 405 2687 460; x_wconf 86' lang='lat' dir='ltr'><strong>supra</strong></span> <span class='ocrx_word' id='word_1_20' title='bbox 2723 391 2946 468; x_wconf 60' lang='lat' dir='ltr'><strong>scriptio</strong></span> <span class='ocrx_word' id='word_1_21' title='bbox 2987 391 3211 450; x_wconf 85' lang='lat' dir='ltr'><strong>Putiolis</strong></span> <span class='ocrx_word' id='word_1_22' title='bbox 3233 404 3288 451; x_wconf 94' lang='lat' dir='ltr'><strong>et</strong></span> <span class='ocrx_word' id='word_1_23' title='bbox 3315 396 3490 453; x_wconf 79' lang='lat' dir='ltr'><strong>Rum-</strong></span> 
     </span>
    </p>
   </div>
   <div class='ocr_carea' id='block_1_5' title="bbox 225 494 1807 640">
    <p class='ocr_par' dir='ltr' id='par_1_5' title="bbox 225 494 1807 640">
     <span class='ocr_line' id='line_1_5' title="bbox 225 494 1807 640; baseline -0.002 -14"><span class='ocrx_word' id='word_1_24' title='bbox 225 494 406 640; x_wconf 42' lang='grc' dir='ltr'><strong>Ιϐιὲἒο</strong></span> <span class='ocrx_word' id='word_1_25' title='bbox 445 565 700 624; x_wconf 81' lang='lat' dir='ltr'><strong>Hurulfus</strong></span> <span class='ocrx_word' id='word_1_26' title='bbox 738 569 888 624; x_wconf 98' lang='lat' dir='ltr'><strong>haesi</strong></span> <span class='ocrx_word' id='word_1_27' title='bbox 937 569 1188 640; x_wconf 89' lang='lat' dir='ltr'><strong>indignus</strong></span> <span class='ocrx_word' id='word_1_28' title='bbox 1224 577 1479 640; x_wconf 77' lang='lat' dir='ltr'><strong>peccator</strong></span> <span class='ocrx_word' id='word_1_29' title='bbox 1526 570 1807 640; x_wconf 74' lang='lat' dir='ltr'><strong>presbyter</strong></span> 
     </span>
    </p>
   </div>
   <div class='ocr_carea' id='block_1_6' title="bbox 221 659 1630 732">
    <p class='ocr_par' dir='ltr' id='par_1_6' title="bbox 221 659 1630 732">
     <span class='ocr_line' id='line_1_6' title="bbox 221 659 1630 732; baseline -0.002 -16"><span class='ocrx_word' id='word_1_30' title='bbox 221 660 365 716; x_wconf 82' lang='lat' dir='ltr'><strong>hanc</strong></span> <span class='ocrx_word' id='word_1_31' title='bbox 398 659 747 716; x_wconf 88' lang='lat' dir='ltr'><strong>tradicionem</strong></span> <span class='ocrx_word' id='word_1_32' title='bbox 775 659 982 732; x_wconf 87' lang='lat' dir='ltr'><strong>rogitus</strong></span> <span class='ocrx_word' id='word_1_33' title='bbox 1011 659 1202 730; x_wconf 82' lang='lat' dir='ltr'><strong>scripsi</strong></span> <span class='ocrx_word' id='word_1_34' title='bbox 1233 669 1288 714; x_wconf 92' lang='lat' dir='ltr'><strong>et</strong></span> <span class='ocrx_word' id='word_1_35' title='bbox 1315 659 1630 730; x_wconf 84' lang='lat' dir='ltr'><strong>subscripsi.</strong></span> 
     </span>
    </p>
   </div>
   <div class='ocr_carea' id='block_1_7' title="bbox 895 772 1135 830">
    <p class='ocr_par' dir='ltr' id='par_1_7' title="bbox 895 772 1135 830">
     <span class='ocr_line' id='line_1_7' title="bbox 895 772 1135 830; baseline -0.013 0"><span class='ocrx_word' id='word_1_36' title='bbox 895 772 1135 830; x_wconf 78' lang='lat' dir='ltr'><strong>XXXVI.</strong></span> 
     </span>
    </p>
   </div>
   <div class='ocr_carea' id='block_1_8' title="bbox 219 861 1804 936">
    <p class='ocr_par' dir='ltr' id='par_1_8' title="bbox 219 861 1804 936">
     <span class='ocr_line' id='line_1_8' title="bbox 219 861 1804 936; baseline -0.001 -16"><span class='ocrx_word' id='word_1_37' title='bbox 219 861 784 936; x_wconf 61' lang='lat' dir='ltr'><strong>Praceptttm_Pipgirti</strong></span> <span class='ocrx_word' id='word_1_38' title='bbox 812 865 970 936; x_wconf 76' lang='lat' dir='ltr'><strong>regis,</strong></span> <span class='ocrx_word' id='word_1_39' title='bbox 1009 881 1114 935; x_wconf 82' lang='lat' dir='ltr'><strong>quo</strong></span> <span class='ocrx_word' id='word_1_40' title='bbox 1137 863 1267 936; x_wconf 72' lang='lat' dir='ltr'><strong>silua</strong></span> <span class='ocrx_word' id='word_1_41' title='bbox 1292 863 1804 936; x_wconf 62' lang='lat' dir='ltr'><strong>Equalingmona-</strong></span> 
     </span>
    </p>
   </div>
   <div class='ocr_carea' id='block_1_9' title="bbox 346 932 1694 1006">
    <p class='ocr_par' dir='ltr' id='par_1_9' title="bbox 346 932 1694 1006">
     <span class='ocr_line' id='line_1_9' title="bbox 346 932 1694 1006; baseline -0.001 -19"><span class='ocrx_word' id='word_1_42' title='bbox 346 932 504 988; x_wconf 73' lang='lat' dir='ltr'><strong>sterio</strong></span> <span class='ocrx_word' id='word_1_43' title='bbox 531 932 1003 1006; x_wconf 65' lang='lat' dir='ltr'><strong>SanoDiongsiano</strong></span> <span class='ocrx_word' id='word_1_44' title='bbox 1022 932 1326 990; x_wconf 67' lang='lat' dir='ltr'><strong>conceditur</strong></span> <span class='ocrx_word' id='word_1_45' title='bbox 1347 932 1508 1005; x_wconf 73' lang='lat' dir='ltr'><strong>(anno</strong></span> <span class='ocrx_word' id='word_1_46' title='bbox 1547 933 1694 1005; x_wconf 85' lang='lat'><strong>768).</strong></span> 
     </span>
    </p>
   </div>
   <div class='ocr_carea' id='block_1_10' title="bbox 743 1022 1278 1088">
    <p class='ocr_par' dir='ltr' id='par_1_10' title="bbox 743 1022 1278 1088">
     <span class='ocr_line' id='line_1_10' title="bbox 743 1022 1278 1088; baseline 0 -16"><span class='ocrx_word' id='word_1_47' title='bbox 743 1022 904 1085; x_wconf 80' lang='lat' dir='ltr'><strong>(Apud</strong></span> <span class='ocrx_word' id='word_1_48' title='bbox 927 1023 986 1074; x_wconf 94' lang='lat' dir='ltr'><strong>D.</strong></span> <span class='ocrx_word' id='word_1_49' title='bbox 1013 1024 1278 1088; x_wconf 88' lang='lat' dir='ltr'><strong>Bouquet.)</strong></span> 
     </span>
    </p>
   </div>
   <div class='ocr_carea' id='block_1_11' title="bbox 289 1103 1800 1188">
    <p class='ocr_par' dir='ltr' id='par_1_11' title="bbox 289 1103 1800 1188">
     <span class='ocr_line' id='line_1_11' title="bbox 289 1103 1800 1188; baseline 0.002 -29"><span class='ocrx_word' id='word_1_50' title='bbox 289 1103 548 1175; x_wconf 83' lang='lat' dir='ltr'><strong>Pippinus</strong></span> <span class='ocrx_word' id='word_1_51' title='bbox 583 1106 758 1178; x_wconf 87' lang='lat' dir='ltr'><strong>gratia</strong></span> <span class='ocrx_word' id='word_1_52' title='bbox 794 1107 888 1162; x_wconf 86' lang='lat' dir='ltr'><strong>Dei</strong></span> <span class='ocrx_word' id='word_1_53' title='bbox 925 1123 1020 1162; x_wconf 64' lang='lat' dir='ltr'><strong>rex</strong></span> <span class='ocrx_word' id='word_1_54' title='bbox 1065 1106 1401 1164; x_wconf 73' lang='lat' dir='ltr'><strong>Francorum</strong></span> <span class='ocrx_word' id='word_1_55' title='bbox 1446 1108 1531 1163; x_wconf 89' lang='lat' dir='ltr'><strong>vir</strong></span> <span class='ocrx_word' id='word_1_56' title='bbox 1556 1108 1800 1188; x_wconf 85' lang='lat' dir='ltr'><strong>inluster,</strong></span> 
     </span>
    </p>
   </div>
   <div class='ocr_carea' id='block_1_12' title="bbox 219 1195 1800 1269">
    <p class='ocr_par' dir='ltr' id='par_1_12' title="bbox 219 1195 1800 1269">
     <span class='ocr_line' id='line_1_12' title="bbox 219 1195 1800 1269; baseline 0.003 -20"><span class='ocrx_word' id='word_1_57' title='bbox 219 1195 468 1251; x_wconf 90' lang='lat' dir='ltr'><strong>omnibus</strong></span> <span class='ocrx_word' id='word_1_58' title='bbox 487 1195 770 1268; x_wconf 88' lang='lat' dir='ltr'><strong>agentibus</strong></span> <span class='ocrx_word' id='word_1_59' title='bbox 791 1205 901 1253; x_wconf 90' lang='lat' dir='ltr'><strong>tam</strong></span> <span class='ocrx_word' id='word_1_60' title='bbox 930 1199 1288 1269; x_wconf 75' lang='lat' dir='ltr'><strong>pnesentibus</strong></span> <span class='ocrx_word' id='word_1_61' title='bbox 1314 1215 1478 1269; x_wconf 91' lang='lat' dir='ltr'><strong>quam</strong></span> <span class='ocrx_word' id='word_1_62' title='bbox 1507 1207 1563 1255; x_wconf 86' lang='lat' dir='ltr'><strong>et</strong></span> <span class='ocrx_word' id='word_1_63' title='bbox 1585 1199 1800 1256; x_wconf 89' lang='lat' dir='ltr'><strong>futuris.</strong></span> 
     </span>
    </p>
   </div>
   <div class='ocr_carea' id='block_1_13' title="bbox 218 1280 1804 1358">
    <p class='ocr_par' dir='ltr' id='par_1_13' title="bbox 218 1280 1804 1358">
     <span class='ocr_line' id='line_1_13' title="bbox 218 1280 1804 1358; baseline 0.003 -20"><span class='ocrx_word' id='word_1_64' title='bbox 218 1280 522 1354; x_wconf 89' lang='lat' dir='ltr'><strong>Optabilem</strong></span> <span class='ocrx_word' id='word_1_65' title='bbox 582 1299 703 1340; x_wconf 79' lang='lat' dir='ltr'><strong>esse</strong></span> <span class='ocrx_word' id='word_1_66' title='bbox 762 1295 978 1356; x_wconf 89' lang='lat' dir='ltr'><strong>oportet</strong></span> <span class='ocrx_word' id='word_1_67' title='bbox 1025 1286 1091 1343; x_wconf 85' lang='lat' dir='ltr'><strong>de</strong></span> <span class='ocrx_word' id='word_1_68' title='bbox 1139 1287 1451 1343; x_wconf 84' lang='lat' dir='ltr'><strong>transitoria</strong></span> <span class='ocrx_word' id='word_1_69' title='bbox 1506 1289 1804 1358; x_wconf 86' lang='lat' dir='ltr'><strong>promereri</strong></span> 
     </span>
    </p>
   </div>
   <div class='ocr_carea' id='block_1_14' title="bbox 216 1373 1804 1447">
    <p class='ocr_par' dir='ltr' id='par_1_14' title="bbox 216 1373 1804 1447">
     <span class='ocr_line' id='line_1_14' title="bbox 216 1373 1804 1447; baseline 0.003 -20"><span class='ocrx_word' id='word_1_70' title='bbox 216 1379 437 1436; x_wconf 65' lang='lat' dir='ltr'><strong>aeterna,</strong></span> <span class='ocrx_word' id='word_1_71' title='bbox 464 1373 548 1428; x_wconf 91' lang='lat' dir='ltr'><strong>vel</strong></span> <span class='ocrx_word' id='word_1_72' title='bbox 573 1373 638 1429; x_wconf 87' lang='lat' dir='ltr'><strong>de</strong></span> <span class='ocrx_word' id='word_1_73' title='bbox 666 1377 870 1431; x_wconf 86' lang='lat' dir='ltr'><strong>caduca</strong></span> <span class='ocrx_word' id='word_1_74' title='bbox 893 1376 1195 1432; x_wconf 84' lang='lat' dir='ltr'><strong>substantia</strong></span> <span class='ocrx_word' id='word_1_75' title='bbox 1232 1378 1560 1447; x_wconf 83' lang='lat' dir='ltr'><strong>erogandum</strong></span> <span class='ocrx_word' id='word_1_76' title='bbox 1591 1379 1804 1434; x_wconf 89' lang='lat' dir='ltr'><strong>lucrare</strong></span> 
     </span>
    </p>
   </div>
   <div class='ocr_carea' id='block_1_15' title="bbox 217 1462 1805 1536">
    <p class='ocr_par' dir='ltr' id='par_1_15' title="bbox 217 1462 1805 1536">
     <span class='ocr_line' id='line_1_15' title="bbox 217 1462 1805 1536; baseline 0.005 -21"><span class='ocrx_word' id='word_1_77' title='bbox 217 1462 414 1533; x_wconf 90' lang='lat' dir='ltr'><strong>gaudia</strong></span> <span class='ocrx_word' id='word_1_78' title='bbox 440 1465 788 1533; x_wconf 88' lang='lat' dir='ltr'><strong>sempiterna.</strong></span> <span class='ocrx_word' id='word_1_79' title='bbox 819 1465 988 1536; x_wconf 85' lang='lat' dir='ltr'><strong>Igitur</strong></span> <span class='ocrx_word' id='word_1_80' title='bbox 1015 1483 1118 1523; x_wconf 90' lang='lat' dir='ltr'><strong>nos</strong></span> <span class='ocrx_word' id='word_1_81' title='bbox 1151 1467 1339 1523; x_wconf 89' lang='lat' dir='ltr'><strong>eadem</strong></span> <span class='ocrx_word' id='word_1_82' title='bbox 1378 1485 1436 1524; x_wconf 89' lang='lat' dir='ltr'><strong>re</strong></span> <span class='ocrx_word' id='word_1_83' title='bbox 1458 1470 1805 1526; x_wconf 90' lang='lat' dir='ltr'><strong>consideran-</strong></span> 
     </span>
    </p>
   </div>
   <div class='ocr_carea' id='block_1_16' title="bbox 217 1553 1804 1628">
    <p class='ocr_par' dir='ltr' id='par_1_16' title="bbox 217 1553 1804 1628">
     <span class='ocr_line' id='line_1_16' title="bbox 217 1553 1804 1628; baseline 0.006 -22"><span class='ocrx_word' id='word_1_84' title='bbox 217 1559 321 1616; x_wconf 90' lang='lat' dir='ltr'><strong>tes,</strong></span> <span class='ocrx_word' id='word_1_85' title='bbox 361 1553 624 1608; x_wconf 89' lang='lat' dir='ltr'><strong>donamus</strong></span> <span class='ocrx_word' id='word_1_86' title='bbox 658 1555 725 1610; x_wconf 89' lang='lat' dir='ltr'><strong>ad</strong></span> <span class='ocrx_word' id='word_1_87' title='bbox 754 1555 1029 1612; x_wconf 83' lang='lat' dir='ltr'><strong>basilicam</strong></span> <span class='ocrx_word' id='word_1_88' title='bbox 1073 1557 1244 1612; x_wconf 88' lang='lat' dir='ltr'><strong>sancti</strong></span> <span class='ocrx_word' id='word_1_89' title='bbox 1273 1557 1533 1628; x_wconf 85' lang='lat' dir='ltr'><strong>Dionysii,</strong></span> <span class='ocrx_word' id='word_1_90' title='bbox 1564 1558 1655 1614; x_wconf 88' lang='lat' dir='ltr'><strong>ubi</strong></span> <span class='ocrx_word' id='word_1_91' title='bbox 1691 1559 1804 1627; x_wconf 88' lang='lat' dir='ltr'><strong>ipse</strong></span> 
     </span>
    </p>
   </div>
   <div class='ocr_carea' id='block_1_17' title="bbox 215 1640 1798 1716">
    <p class='ocr_par' dir='ltr' id='par_1_17' title="bbox 215 1640 1798 1716">
     <span class='ocr_line' id='line_1_17' title="bbox 215 1640 1798 1716; baseline 0.006 -22"><span class='ocrx_word' id='word_1_92' title='bbox 215 1640 486 1712; x_wconf 89' lang='lat' dir='ltr'><strong>pretiosus</strong></span> <span class='ocrx_word' id='word_1_93' title='bbox 511 1657 738 1712; x_wconf 69' lang='lat' dir='ltr'><strong>corpore</strong></span> <span class='ocrx_word' id='word_1_94' title='bbox 765 1644 1054 1713; x_wconf 89' lang='lat' dir='ltr'><strong>requiescit</strong></span> <span class='ocrx_word' id='word_1_95' title='bbox 1091 1662 1214 1701; x_wconf 91' lang='lat' dir='ltr'><strong>cum</strong></span> <span class='ocrx_word' id='word_1_96' title='bbox 1236 1647 1348 1702; x_wconf 87' lang='lat' dir='ltr'><strong>suis</strong></span> <span class='ocrx_word' id='word_1_97' title='bbox 1384 1649 1586 1703; x_wconf 86' lang='lat' dir='ltr'><strong>sanctis</strong></span> <span class='ocrx_word' id='word_1_98' title='bbox 1617 1649 1798 1716; x_wconf 84' lang='lat' dir='ltr'><strong>sociis,</strong></span> 
     </span>
    </p>
   </div>
   <div class='ocr_carea' id='block_1_18' title="bbox 217 1725 1879 1809">
    <p class='ocr_par' dir='ltr' id='par_1_18' title="bbox 217 1725 1879 1809">
     <span class='ocr_line' id='line_1_18' title="bbox 217 1725 1879 1809; baseline 0.005 -21"><span class='ocrx_word' id='word_1_99' title='bbox 217 1740 270 1788; x_wconf 89' lang='lat' dir='ltr'><strong>et</strong></span> <span class='ocrx_word' id='word_1_100' title='bbox 303 1731 569 1790; x_wconf 85' lang='lat' dir='ltr'><strong>Fulradus</strong></span> <span class='ocrx_word' id='word_1_101' title='bbox 596 1736 735 1791; x_wconf 89' lang='lat' dir='ltr'><strong>abba</strong></span> <span class='ocrx_word' id='word_1_102' title='bbox 779 1745 959 1794; x_wconf 87' lang='lat' dir='ltr'><strong>rector</strong></span> <span class='ocrx_word' id='word_1_103' title='bbox 985 1753 1218 1809; x_wconf 73' lang='lat' dir='ltr'><strong>prmesse</strong></span> <span class='ocrx_word' id='word_1_104' title='bbox 1247 1739 1483 1806; x_wconf 89' lang='lat' dir='ltr'><strong>videtur,</strong></span> <span class='ocrx_word' id='word_1_105' title='bbox 1510 1739 1798 1797; x_wconf 88' lang='lat' dir='ltr'><strong>donatum-</strong></span> <span class='ocrx_word' id='word_1_106' title='bbox 1829 1725 1879 1788; x_wconf 77' lang='grc' dir='ltr'><strong>Β</strong></span> 
     </span>
    </p>
   </div>
   <div class='ocr_carea' id='block_1_19' title="bbox 215 1823 1797 1895">
    <p class='ocr_par' dir='ltr' id='par_1_19' title="bbox 215 1823 1797 1895">
     <span class='ocr_line' id='line_1_19' title="bbox 215 1823 1797 1895; baseline 0.008 -18"><span class='ocrx_word' id='word_1_107' title='bbox 215 1838 322 1893; x_wconf 92' lang='lat' dir='ltr'><strong>que</strong></span> <span class='ocrx_word' id='word_1_108' title='bbox 367 1823 422 1878; x_wconf 92' lang='lat' dir='ltr'><strong>in</strong></span> <span class='ocrx_word' id='word_1_109' title='bbox 468 1832 788 1895; x_wconf 89' lang='lat' dir='ltr'><strong>perpetuum</strong></span> <span class='ocrx_word' id='word_1_110' title='bbox 836 1841 936 1895; x_wconf 93' lang='lat' dir='ltr'><strong>pro</strong></span> <span class='ocrx_word' id='word_1_111' title='bbox 981 1828 1175 1883; x_wconf 69' lang='lat' dir='ltr'><strong>anima:</strong></span> <span class='ocrx_word' id='word_1_112' title='bbox 1227 1837 1426 1884; x_wconf 71' lang='lat' dir='ltr'><strong>nostra:</strong></span> <span class='ocrx_word' id='word_1_113' title='bbox 1465 1831 1761 1888; x_wconf 74' lang='lat' dir='ltr'><strong>remeditln</strong></span> <span class='ocrx_word' id='word_1_114' title='bbox 1783 1871 1797 1894; x_wconf 88' lang='lat'><strong>,</strong></span> 
     </span>
    </p>
   </div>
   <div class='ocr_carea' id='block_1_20' title="bbox 217 1915 1804 1989">
    <p class='ocr_par' dir='ltr' id='par_1_20' title="bbox 217 1915 1804 1989">
     <span class='ocr_line' id='line_1_20' title="bbox 217 1915 1804 1989; baseline 0.004 -21"><span class='ocrx_word' id='word_1_115' title='bbox 217 1928 313 1968; x_wconf 91' lang='lat' dir='ltr'><strong>seu</strong></span> <span class='ocrx_word' id='word_1_116' title='bbox 364 1923 421 1968; x_wconf 90' lang='lat' dir='ltr'><strong>et</strong></span> <span class='ocrx_word' id='word_1_117' title='bbox 467 1921 688 1984; x_wconf 88' lang='lat' dir='ltr'><strong>propter</strong></span> <span class='ocrx_word' id='word_1_118' title='bbox 733 1915 911 1970; x_wconf 92' lang='lat' dir='ltr'><strong>locum</strong></span> <span class='ocrx_word' id='word_1_119' title='bbox 957 1917 1246 1987; x_wconf 75' lang='lat' dir='ltr'><strong>sepultura:</strong></span> <span class='ocrx_word' id='word_1_120' title='bbox 1275 1919 1516 1989; x_wconf 89' lang='lat' dir='ltr'><strong>corporis</strong></span> <span class='ocrx_word' id='word_1_121' title='bbox 1552 1919 1680 1984; x_wconf 91' lang='lat' dir='ltr'><strong>mei,</strong></span> <span class='ocrx_word' id='word_1_122' title='bbox 1719 1919 1804 1974; x_wconf 77' lang='lat' dir='ltr'><strong>&#39;ad</strong></span> 
     </span>
    </p>
   </div>
   <div class='ocr_carea' id='block_1_21' title="bbox 217 2003 1807 2070">
    <p class='ocr_par' dir='ltr' id='par_1_21' title="bbox 217 2003 1807 2070">
     <span class='ocr_line' id='line_1_21' title="bbox 217 2003 1807 2070; baseline 0.003 -12"><span class='ocrx_word' id='word_1_123' title='bbox 217 2003 445 2058; x_wconf 87' lang='lat' dir='ltr'><strong>eundem</strong></span> <span class='ocrx_word' id='word_1_124' title='bbox 474 2010 722 2059; x_wconf 90' lang='lat' dir='ltr'><strong>sanetum</strong></span> <span class='ocrx_word' id='word_1_125' title='bbox 768 2005 945 2061; x_wconf 91' lang='lat' dir='ltr'><strong>locum</strong></span> <span class='ocrx_word' id='word_1_126' title='bbox 989 2021 1110 2062; x_wconf 89' lang='lat' dir='ltr'><strong>esse</strong></span> <span class='ocrx_word' id='word_1_127' title='bbox 1142 2007 1408 2070; x_wconf 89' lang='lat' dir='ltr'><strong>volumus.</strong></span> <span class='ocrx_word' id='word_1_128' title='bbox 1447 2010 1550 2065; x_wconf 92' lang='lat' dir='ltr'><strong>hoc</strong></span> <span class='ocrx_word' id='word_1_129' title='bbox 1591 2018 1675 2065; x_wconf 91' lang='lat' dir='ltr'><strong>est</strong></span> <span class='ocrx_word' id='word_1_130' title='bbox 1725 2008 1807 2064; x_wconf 84' lang='lat' dir='ltr'><strong>fo-</strong></span> 
     </span>
    </p>
   </div>
   <div class='ocr_carea' id='block_1_22' title="bbox 217 2097 1802 2172">
    <p class='ocr_par' dir='ltr' id='par_1_22' title="bbox 217 2097 1802 2172">
     <span class='ocr_line' id='line_1_22' title="bbox 217 2097 1802 2172; baseline 0.004 -23"><span class='ocrx_word' id='word_1_131' title='bbox 217 2105 363 2150; x_wconf 83' lang='lat' dir='ltr'><strong>reste</strong></span> <span class='ocrx_word' id='word_1_132' title='bbox 403 2105 589 2170; x_wconf 82' lang='lat' dir='ltr'><strong>nostra</strong></span> <span class='ocrx_word' id='word_1_133' title='bbox 627 2099 1041 2170; x_wconf 88' lang='lat' dir='ltr'><strong>cognominante</strong></span> <span class='ocrx_word' id='word_1_134' title='bbox 1073 2097 1362 2170; x_wconf 69' lang='lat' dir='ltr'><strong>AEqualina</strong></span> <span class='ocrx_word' id='word_1_135' title='bbox 1389 2100 1464 2172; x_wconf 85' lang='lat' dir='ltr'><strong>(la</strong></span> <span class='ocrx_word' id='word_1_136' title='bbox 1511 2101 1641 2170; x_wconf 74' lang='grc' dir='ltr'><strong>[οι-ἐι</strong></span> <span class='ocrx_word' id='word_1_137' title='bbox 1683 2101 1802 2156; x_wconf 78' lang='lat' dir='ltr'><strong>Ive-</strong></span> 
     </span>
    </p>
   </div>
   <div class='ocr_carea' id='block_1_23' title="bbox 217 2185 1806 2263">
    <p class='ocr_par' dir='ltr' id='par_1_23' title="bbox 217 2185 1806 2263">
     <span class='ocr_line' id='line_1_23' title="bbox 217 2185 1806 2263; baseline 0.007 -24"><span class='ocrx_word' id='word_1_138' title='bbox 217 2185 364 2256; x_wconf 74' lang='lat' dir='ltr'><strong>line),</strong></span> <span class='ocrx_word' id='word_1_139' title='bbox 416 2203 540 2243; x_wconf 91' lang='lat' dir='ltr'><strong>cum</strong></span> <span class='ocrx_word' id='word_1_140' title='bbox 569 2189 716 2244; x_wconf 89' lang='lat' dir='ltr'><strong>omni</strong></span> <span class='ocrx_word' id='word_1_141' title='bbox 763 2191 958 2248; x_wconf 89' lang='lat' dir='ltr'><strong>merito</strong></span> <span class='ocrx_word' id='word_1_142' title='bbox 1002 2200 1056 2247; x_wconf 93' lang='lat' dir='ltr'><strong>et</strong></span> <span class='ocrx_word' id='word_1_143' title='bbox 1101 2193 1368 2249; x_wconf 90' lang='lat' dir='ltr'><strong>soliditate</strong></span> <span class='ocrx_word' id='word_1_144' title='bbox 1395 2208 1511 2259; x_wconf 90' lang='lat' dir='ltr'><strong>sua,</strong></span> <span class='ocrx_word' id='word_1_145' title='bbox 1549 2193 1806 2263; x_wconf 90' lang='lat' dir='ltr'><strong>quicquid</strong></span> 
     </span>
    </p>
   </div>
   <div class='ocr_carea' id='block_1_24' title="bbox 219 2275 1807 2352">
    <p class='ocr_par' dir='ltr' id='par_1_24' title="bbox 219 2275 1807 2352">
     <span class='ocr_line' id='line_1_24' title="bbox 219 2275 1807 2352; baseline 0.006 -22"><span class='ocrx_word' id='word_1_146' title='bbox 219 2276 285 2330; x_wconf 92' lang='lat' dir='ltr'><strong>ad</strong></span> <span class='ocrx_word' id='word_1_147' title='bbox 329 2275 442 2346; x_wconf 88' lang='lat' dir='ltr'><strong>ipsa</strong></span> <span class='ocrx_word' id='word_1_148' title='bbox 488 2277 636 2349; x_wconf 86' lang='lat' dir='ltr'><strong>sylva</strong></span> <span class='ocrx_word' id='word_1_149' title='bbox 668 2281 911 2348; x_wconf 87' lang='lat' dir='ltr'><strong>aspicere</strong></span> <span class='ocrx_word' id='word_1_150' title='bbox 961 2281 1044 2336; x_wconf 87' lang='lat' dir='ltr'><strong>vel</strong></span> <span class='ocrx_word' id='word_1_151' title='bbox 1089 2283 1359 2352; x_wconf 87' lang='lat' dir='ltr'><strong>pertinere</strong></span> <span class='ocrx_word' id='word_1_152' title='bbox 1401 2283 1636 2348; x_wconf 91' lang='lat' dir='ltr'><strong>videtur,</strong></span> <span class='ocrx_word' id='word_1_153' title='bbox 1667 2284 1807 2340; x_wconf 93' lang='lat' dir='ltr'><strong>sicut</strong></span> 
     </span>
    </p>
   </div>
   <div class='ocr_carea' id='block_1_25' title="bbox 217 2370 1806 2444">
    <p class='ocr_par' dir='ltr' id='par_1_25' title="bbox 217 2370 1806 2444">
     <span class='ocr_line' id='line_1_25' title="bbox 217 2370 1806 2444; baseline 0.006 -24"><span class='ocrx_word' id='word_1_154' title='bbox 217 2381 388 2436; x_wconf 88' lang='lat' dir='ltr'><strong>usque</strong></span> <span class='ocrx_word' id='word_1_155' title='bbox 410 2384 550 2424; x_wconf 93' lang='lat' dir='ltr'><strong>nunc</strong></span> <span class='ocrx_word' id='word_1_156' title='bbox 579 2385 610 2424; x_wconf 94' lang='lat' dir='ltr'><strong>a</strong></span> <span class='ocrx_word' id='word_1_157' title='bbox 639 2370 796 2426; x_wconf 89' lang='lat' dir='ltr'><strong>nobis</strong></span> <span class='ocrx_word' id='word_1_158' title='bbox 817 2370 915 2426; x_wconf 88' lang='lat' dir='ltr'><strong>fuit</strong></span> <span class='ocrx_word' id='word_1_159' title='bbox 937 2388 1205 2442; x_wconf 87' lang='lat' dir='ltr'><strong>possessa.</strong></span> <span class='ocrx_word' id='word_1_160' title='bbox 1228 2373 1518 2444; x_wconf 73' lang='lat' dir='ltr'><strong>Propterea</strong></span> <span class='ocrx_word' id='word_1_161' title='bbox 1544 2388 1643 2444; x_wconf 90' lang='lat' dir='ltr'><strong>per</strong></span> <span class='ocrx_word' id='word_1_162' title='bbox 1667 2375 1806 2430; x_wconf 89' lang='lat' dir='ltr'><strong>hanc</strong></span> 
     </span>
    </p>
   </div>
   <div class='ocr_carea' id='block_1_26' title="bbox 216 2457 1802 2534">
    <p class='ocr_par' dir='ltr' id='par_1_26' title="bbox 216 2457 1802 2534">
     <span class='ocr_line' id='line_1_26' title="bbox 216 2457 1802 2534; baseline 0.006 -25"><span class='ocrx_word' id='word_1_163' title='bbox 216 2457 632 2528; x_wconf 71' lang='lat' dir='ltr'><strong>prmceptionem</strong></span> <span class='ocrx_word' id='word_1_164' title='bbox 673 2461 964 2530; x_wconf 82' lang='lat' dir='ltr'><strong>specialius</strong></span> <span class='ocrx_word' id='word_1_165' title='bbox 993 2462 1278 2532; x_wconf 85' lang='lat' dir='ltr'><strong>juhemus;</strong></span> <span class='ocrx_word' id='word_1_166' title='bbox 1324 2471 1485 2534; x_wconf 89' lang='lat' dir='ltr'><strong>atque</strong></span> <span class='ocrx_word' id='word_1_167' title='bbox 1510 2472 1802 2534; x_wconf 89' lang='lat' dir='ltr'><strong>perpetua-</strong></span> 
     </span>
    </p>
   </div>
   <div class='ocr_carea' id='block_1_27' title="bbox 218 2547 1804 2626">
    <p class='ocr_par' dir='ltr' id='par_1_27' title="bbox 218 2547 1804 2626">
     <span class='ocr_line' id='line_1_27' title="bbox 218 2547 1804 2626; baseline 0.004 -23"><span class='ocrx_word' id='word_1_168' title='bbox 218 2547 342 2603; x_wconf 89' lang='lat' dir='ltr'><strong>liter</strong></span> <span class='ocrx_word' id='word_1_169' title='bbox 395 2557 658 2604; x_wconf 89' lang='lat' dir='ltr'><strong>statutum</strong></span> <span class='ocrx_word' id='word_1_170' title='bbox 705 2566 828 2607; x_wconf 88' lang='lat' dir='ltr'><strong>esse</strong></span> <span class='ocrx_word' id='word_1_171' title='bbox 878 2552 1157 2620; x_wconf 85' lang='lat' dir='ltr'><strong>volumus,</strong></span> <span class='ocrx_word' id='word_1_172' title='bbox 1212 2563 1271 2608; x_wconf 94' lang='lat' dir='ltr'><strong>ut</strong></span> <span class='ocrx_word' id='word_1_173' title='bbox 1312 2553 1427 2623; x_wconf 89' lang='lat' dir='ltr'><strong>jam</strong></span> <span class='ocrx_word' id='word_1_174' title='bbox 1473 2555 1616 2610; x_wconf 88' lang='lat' dir='ltr'><strong>dicta</strong></span> <span class='ocrx_word' id='word_1_175' title='bbox 1655 2555 1804 2626; x_wconf 81' lang='lat' dir='ltr'><strong>sylva</strong></span> 
     </span>
    </p>
   </div>
   <div class='ocr_carea' id='block_1_28' title="bbox 218 2636 1805 2714">
    <p class='ocr_par' dir='ltr' id='par_1_28' title="bbox 218 2636 1805 2714">
     <span class='ocr_line' id='line_1_28' title="bbox 218 2636 1805 2714; baseline 0.003 -22"><span class='ocrx_word' id='word_1_176' title='bbox 218 2636 505 2708; x_wconf 69' lang='lat' dir='ltr'><strong>Equalina</strong></span> <span class='ocrx_word' id='word_1_177' title='bbox 527 2655 649 2694; x_wconf 92' lang='lat' dir='ltr'><strong>cum</strong></span> <span class='ocrx_word' id='word_1_178' title='bbox 671 2642 817 2696; x_wconf 86' lang='lat' dir='ltr'><strong>omni</strong></span> <span class='ocrx_word' id='word_1_179' title='bbox 838 2641 1148 2713; x_wconf 80' lang='lat' dir='ltr'><strong>integritate</strong></span> <span class='ocrx_word' id='word_1_180' title='bbox 1169 2658 1286 2708; x_wconf 90' lang='lat' dir='ltr'><strong>sua,</strong></span> <span class='ocrx_word' id='word_1_181' title='bbox 1310 2643 1564 2714; x_wconf 83' lang='lat' dir='ltr'><strong>quicquid</strong></span> <span class='ocrx_word' id='word_1_182' title='bbox 1591 2644 1805 2699; x_wconf 89' lang='lat' dir='ltr'><strong>deintus</strong></span> 
     </span>
    </p>
   </div>
   <div class='ocr_carea' id='block_1_29' title="bbox 219 2727 1800 2800">
    <p class='ocr_par' dir='ltr' id='par_1_29' title="bbox 219 2727 1800 2800">
     <span class='ocr_line' id='line_1_29' title="bbox 219 2727 1800 2800; baseline 0.003 -18"><span class='ocrx_word' id='word_1_183' title='bbox 219 2744 310 2783; x_wconf 88' lang='lat' dir='ltr'><strong>seu</strong></span> <span class='ocrx_word' id='word_1_184' title='bbox 339 2727 506 2784; x_wconf 89' lang='lat' dir='ltr'><strong>aforis</strong></span> <span class='ocrx_word' id='word_1_185' title='bbox 531 2729 730 2785; x_wconf 85' lang='lat' dir='ltr'><strong>ibidem</strong></span> <span class='ocrx_word' id='word_1_186' title='bbox 771 2731 961 2800; x_wconf 87' lang='lat' dir='ltr'><strong>aspicit</strong></span> <span class='ocrx_word' id='word_1_187' title='bbox 992 2751 1004 2785; x_wconf 75' lang='grc' dir='ltr'>ε</span> <span class='ocrx_word' id='word_1_188' title='bbox 1055 2732 1107 2786; x_wconf 93' lang='lat' dir='ltr'><strong>id</strong></span> <span class='ocrx_word' id='word_1_189' title='bbox 1132 2739 1216 2787; x_wconf 92' lang='lat' dir='ltr'><strong>est</strong></span> <span class='ocrx_word' id='word_1_190' title='bbox 1239 2740 1348 2786; x_wconf 88' lang='lat' dir='ltr'><strong>tam</strong></span> <span class='ocrx_word' id='word_1_191' title='bbox 1369 2733 1590 2798; x_wconf 90' lang='lat' dir='ltr'><strong>mansis,</strong></span> <span class='ocrx_word' id='word_1_192' title='bbox 1621 2735 1800 2798; x_wconf 89' lang='lat' dir='ltr'><strong>terris,</strong></span> 
     </span>
    </p>
   </div>
   <div class='ocr_carea' id='block_1_30' title="bbox 219 2817 1802 2894">
    <p class='ocr_par' dir='ltr' id='par_1_30' title="bbox 219 2817 1802 2894">
     <span class='ocr_line' id='line_1_30' title="bbox 219 2817 1802 2894; baseline 0.004 -22"><span class='ocrx_word' id='word_1_193' title='bbox 219 2817 487 2885; x_wconf 87' lang='lat' dir='ltr'><strong>domibus,</strong></span> <span class='ocrx_word' id='word_1_194' title='bbox 518 2817 780 2885; x_wconf 70' lang='lat' dir='ltr'><strong>aediﬁciis,</strong></span> <span class='ocrx_word' id='word_1_195' title='bbox 811 2820 1118 2888; x_wconf 88' lang='lat' dir='ltr'><strong>accolabus,</strong></span> <span class='ocrx_word' id='word_1_196' title='bbox 1161 2821 1463 2893; x_wconf 89' lang='lat' dir='ltr'><strong>mancipiis,</strong></span> <span class='ocrx_word' id='word_1_197' title='bbox 1507 2823 1689 2894; x_wconf 80' lang='lat' dir='ltr'><strong>sylvis,</strong></span> <span class='ocrx_word' id='word_1_198' title='bbox 1720 2825 1802 2878; x_wconf 91' lang='lat' dir='ltr'><strong>vi-</strong></span> 
     </span>
    </p>
   </div>
   <div class='ocr_carea' id='block_1_31' title="bbox 221 2908 1801 2983">
    <p class='ocr_par' dir='ltr' id='par_1_31' title="bbox 221 2908 1801 2983">
     <span class='ocr_line' id='line_1_31' title="bbox 221 2908 1801 2983; baseline 0.006 -21"><span class='ocrx_word' id='word_1_199' title='bbox 221 2908 351 2972; x_wconf 88' lang='lat' dir='ltr'><strong>neis,</strong></span> <span class='ocrx_word' id='word_1_200' title='bbox 385 2908 609 2979; x_wconf 85' lang='lat' dir='ltr'><strong>eampis,</strong></span> <span class='ocrx_word' id='word_1_201' title='bbox 634 2909 824 2980; x_wconf 90' lang='lat' dir='ltr'><strong>pratis,</strong></span> <span class='ocrx_word' id='word_1_202' title='bbox 875 2912 1113 2980; x_wconf 89' lang='lat' dir='ltr'><strong>pascuis,</strong></span> <span class='ocrx_word' id='word_1_203' title='bbox 1141 2912 1297 2982; x_wconf 87' lang='lat' dir='ltr'><strong>aquis</strong></span> <span class='ocrx_word' id='word_1_204' title='bbox 1327 2927 1659 2983; x_wconf 90' lang='lat' dir='ltr'><strong>aquarumve</strong></span> <span class='ocrx_word' id='word_1_205' title='bbox 1705 2915 1801 2970; x_wconf 89' lang='lat' dir='ltr'><strong>de-</strong></span> 
     </span>
    </p>
   </div>
   <div class='ocr_carea' id='block_1_32' title="bbox 221 2998 1802 3074">
    <p class='ocr_par' dir='ltr' id='par_1_32' title="bbox 221 2998 1802 3074">
     <span class='ocr_line' id='line_1_32' title="bbox 221 2998 1802 3074; baseline 0.006 -22"><span class='ocrx_word' id='word_1_206' title='bbox 221 2998 488 3063; x_wconf 85' lang='lat' dir='ltr'><strong>cursibus,</strong></span> <span class='ocrx_word' id='word_1_207' title='bbox 519 2999 806 3057; x_wconf 87' lang='lat' dir='ltr'><strong>mobilibus</strong></span> <span class='ocrx_word' id='word_1_208' title='bbox 835 3011 891 3056; x_wconf 89' lang='lat' dir='ltr'><strong>et</strong></span> <span class='ocrx_word' id='word_1_209' title='bbox 918 3000 1301 3070; x_wconf 89' lang='lat' dir='ltr'><strong>immobilibus,</strong></span> <span class='ocrx_word' id='word_1_210' title='bbox 1336 3005 1597 3074; x_wconf 91' lang='lat' dir='ltr'><strong>pecuniis,</strong></span> <span class='ocrx_word' id='word_1_211' title='bbox 1636 3021 1802 3074; x_wconf 83' lang='lat' dir='ltr'><strong>pecu-</strong></span> 
     </span>
    </p>
   </div>
   <div class='ocr_carea' id='block_1_33' title="bbox 218 3069 1880 3166">
    <p class='ocr_par' dir='ltr' id='par_1_33' title="bbox 218 3069 1880 3166">
     <span class='ocr_line' id='line_1_33' title="bbox 218 3069 1880 3166; baseline 0.004 -23"><span class='ocrx_word' id='word_1_212' title='bbox 218 3089 308 3150; x_wconf 84' lang='lat' dir='ltr'><strong>liis</strong></span> <span class='ocrx_word' id='word_1_213' title='bbox 333 3090 618 3160; x_wconf 85' lang='lat' dir='ltr'><strong>utriusque</strong></span> <span class='ocrx_word' id='word_1_214' title='bbox 659 3107 843 3158; x_wconf 75' lang='lat' dir='ltr'><strong>sexus,</strong></span> <span class='ocrx_word' id='word_1_215' title='bbox 871 3093 1051 3166; x_wconf 87' lang='lat' dir='ltr'><strong>gregis</strong></span> <span class='ocrx_word' id='word_1_216' title='bbox 1077 3108 1203 3148; x_wconf 91' lang='lat' dir='ltr'><strong>cum</strong></span> <span class='ocrx_word' id='word_1_217' title='bbox 1236 3069 1568 3164; x_wconf 76' lang='lat' dir='ltr'><strong>pastoribus,</strong></span> <span class='ocrx_word' id='word_1_218' title='bbox 1585 3069 1803 3149; x_wconf 79' lang='lat' dir='ltr'><strong>necnon</strong></span> <span class='ocrx_word' id='word_1_219' title='bbox 1831 3069 1880 3134; x_wconf 69' lang='grc' dir='ltr'><strong>θ</strong></span> 
     </span>
    </p>
   </div>
   <div class='ocr_carea' id='block_1_34' title="bbox 218 3179 1805 3256">
    <p class='ocr_par' dir='ltr' id='par_1_34' title="bbox 218 3179 1805 3256">
     <span class='ocr_line' id='line_1_34' title="bbox 218 3179 1805 3256; baseline 0.003 -18"><span class='ocrx_word' id='word_1_220' title='bbox 218 3187 273 3238; x_wconf 85' lang='lat' dir='ltr'><strong>et</strong></span> <span class='ocrx_word' id='word_1_221' title='bbox 299 3181 514 3236; x_wconf 89' lang='lat' dir='ltr'><strong>diversa</strong></span> <span class='ocrx_word' id='word_1_222' title='bbox 534 3179 856 3238; x_wconf 90' lang='lat' dir='ltr'><strong>feraminum</strong></span> <span class='ocrx_word' id='word_1_223' title='bbox 885 3199 1106 3256; x_wconf 90' lang='lat' dir='ltr'><strong>genera,</strong></span> <span class='ocrx_word' id='word_1_224' title='bbox 1138 3200 1232 3239; x_wconf 90' lang='lat' dir='ltr'><strong>seu</strong></span> <span class='ocrx_word' id='word_1_225' title='bbox 1259 3193 1314 3239; x_wconf 88' lang='lat' dir='ltr'><strong>et</strong></span> <span class='ocrx_word' id='word_1_226' title='bbox 1342 3183 1656 3242; x_wconf 89' lang='lat' dir='ltr'><strong>forestarios</strong></span> <span class='ocrx_word' id='word_1_227' title='bbox 1681 3202 1805 3242; x_wconf 89' lang='lat' dir='ltr'><strong>cum</strong></span> 
     </span>
    </p>
   </div>
   <div class='ocr_carea' id='block_1_35' title="bbox 217 3271 1805 3346">
    <p class='ocr_par' dir='ltr' id='par_1_35' title="bbox 217 3271 1805 3346">
     <span class='ocr_line' id='line_1_35' title="bbox 217 3271 1805 3346; baseline 0.004 -18"><span class='ocrx_word' id='word_1_228' title='bbox 217 3271 460 3343; x_wconf 83' lang='lat' dir='ltr'><strong>ipsorum</strong></span> <span class='ocrx_word' id='word_1_229' title='bbox 506 3273 785 3328; x_wconf 90' lang='lat' dir='ltr'><strong>mansibus</strong></span> <span class='ocrx_word' id='word_1_230' title='bbox 826 3273 882 3328; x_wconf 88' lang='lat' dir='ltr'><strong>in</strong></span> <span class='ocrx_word' id='word_1_231' title='bbox 929 3273 1046 3344; x_wconf 91' lang='lat' dir='ltr'><strong>ipsa</strong></span> <span class='ocrx_word' id='word_1_232' title='bbox 1079 3273 1279 3331; x_wconf 87' lang='lat' dir='ltr'><strong>foreste</strong></span> <span class='ocrx_word' id='word_1_233' title='bbox 1311 3292 1411 3346; x_wconf 90' lang='lat' dir='ltr'><strong>per</strong></span> <span class='ocrx_word' id='word_1_234' title='bbox 1443 3277 1654 3333; x_wconf 87' lang='lat' dir='ltr'><strong>diversa</strong></span> <span class='ocrx_word' id='word_1_235' title='bbox 1689 3277 1805 3334; x_wconf 90' lang='lat' dir='ltr'><strong>loca</strong></span> 
     </span>
    </p>
   </div>
   <div class='ocr_carea' id='block_1_36' title="bbox 219 3367 1805 3442">
    <p class='ocr_par' dir='ltr' id='par_1_36' title="bbox 219 3367 1805 3442">
     <span class='ocr_line' id='line_1_36' title="bbox 219 3367 1805 3442; baseline 0.001 -20"><span class='ocrx_word' id='word_1_236' title='bbox 219 3374 623 3422; x_wconf 88' lang='lat' dir='ltr'><strong>commanentes</strong></span> <span class='ocrx_word' id='word_1_237' title='bbox 664 3383 678 3420; x_wconf 91' lang='lat'><strong>:</strong></span> <span class='ocrx_word' id='word_1_238' title='bbox 721 3367 777 3422; x_wconf 91' lang='lat' dir='ltr'><strong>id</strong></span> <span class='ocrx_word' id='word_1_239' title='bbox 825 3374 910 3422; x_wconf 89' lang='lat' dir='ltr'><strong>est</strong></span> <span class='ocrx_word' id='word_1_240' title='bbox 949 3367 1268 3425; x_wconf 89' lang='lat' dir='ltr'><strong>Cotonarias</strong></span> <span class='ocrx_word' id='word_1_241' title='bbox 1316 3368 1635 3442; x_wconf 70' lang='lat' dir='ltr'><strong>(Couviéres)</strong></span> <span class='ocrx_word' id='word_1_242' title='bbox 1681 3386 1805 3426; x_wconf 92' lang='lat' dir='ltr'><strong>eum</strong></span> 
     </span>
    </p>
   </div>
   <div class='ocr_carea' id='block_1_37' title="bbox 219 3456 1808 3531">
    <p class='ocr_par' dir='ltr' id='par_1_37' title="bbox 219 3456 1808 3531">
     <span class='ocr_line' id='line_1_37' title="bbox 219 3456 1808 3531; baseline 0.004 -21"><span class='ocrx_word' id='word_1_243' title='bbox 219 3457 363 3511; x_wconf 90' lang='lat' dir='ltr'><strong>omni</strong></span> <span class='ocrx_word' id='word_1_244' title='bbox 394 3456 723 3528; x_wconf 75' lang='lat' dir='ltr'><strong>integritate,</strong></span> <span class='ocrx_word' id='word_1_245' title='bbox 771 3465 827 3513; x_wconf 88' lang='lat' dir='ltr'><strong>et</strong></span> <span class='ocrx_word' id='word_1_246' title='bbox 855 3458 909 3512; x_wconf 91' lang='lat' dir='ltr'><strong>in</strong></span> <span class='ocrx_word' id='word_1_247' title='bbox 952 3457 1286 3531; x_wconf 86' lang='lat' dir='ltr'><strong>Ulfrasiagas</strong></span> <span class='ocrx_word' id='word_1_248' title='bbox 1328 3476 1546 3516; x_wconf 89' lang='lat' dir='ltr'><strong>mansos</strong></span> <span class='ocrx_word' id='word_1_249' title='bbox 1569 3461 1722 3526; x_wconf 92' lang='lat' dir='ltr'><strong>duos,</strong></span> <span class='ocrx_word' id='word_1_250' title='bbox 1754 3469 1808 3516; x_wconf 90' lang='lat' dir='ltr'><strong>et</strong></span> 
     </span>
    </p>
   </div>
   <div class='ocr_carea' id='block_1_38' title="bbox 221 3539 1802 3624">
    <p class='ocr_par' dir='ltr' id='par_1_38' title="bbox 221 3539 1802 3624">
     <span class='ocr_line' id='line_1_38' title="bbox 221 3539 1802 3624; baseline 0.004 -20"><span class='ocrx_word' id='word_1_251' title='bbox 221 3539 605 3607; x_wconf 79' lang='lat' dir='ltr'><strong>llutnlonarias</strong></span> <span class='ocrx_word' id='word_1_252' title='bbox 645 3566 768 3606; x_wconf 91' lang='lat' dir='ltr'><strong>eum</strong></span> <span class='ocrx_word' id='word_1_253' title='bbox 814 3552 1160 3622; x_wconf 76' lang='lat' dir='ltr'><strong>integritate;</strong></span> <span class='ocrx_word' id='word_1_254' title='bbox 1213 3553 1476 3611; x_wconf 81' lang='lat' dir='ltr'><strong>Visiniolo</strong></span> <span class='ocrx_word' id='word_1_255' title='bbox 1523 3555 1802 3624; x_wconf 87' lang='lat' dir='ltr'><strong>similiter,</strong></span> 
     </span>
    </p>
   </div>
   <div class='ocr_carea' id='block_1_39' title="bbox 223 3641 1805 3719">
    <p class='ocr_par' dir='ltr' id='par_1_39' title="bbox 223 3641 1805 3719">
     <span class='ocr_line' id='line_1_39' title="bbox 223 3641 1805 3719; baseline 0.005 -21"><span class='ocrx_word' id='word_1_256' title='bbox 223 3641 640 3700; x_wconf 86' lang='lat' dir='ltr'><strong>Ursionevillare</strong></span> <span class='ocrx_word' id='word_1_257' title='bbox 666 3644 944 3713; x_wconf 86' lang='lat' dir='ltr'><strong>similiter;</strong></span> <span class='ocrx_word' id='word_1_258' title='bbox 986 3647 1040 3700; x_wconf 90' lang='lat' dir='ltr'><strong>in</strong></span> <span class='ocrx_word' id='word_1_259' title='bbox 1081 3644 1628 3719; x_wconf 78' lang='lat' dir='ltr'><strong>Putiolis(Puisieua:)</strong></span> <span class='ocrx_word' id='word_1_260' title='bbox 1653 3665 1805 3706; x_wconf 87' lang='lat' dir='ltr'><strong>man-</strong></span> 
     </span>
    </p>
   </div>
   <div class='ocr_carea' id='block_1_40' title="bbox 223 3734 1807 3812">
    <p class='ocr_par' dir='ltr' id='par_1_40' title="bbox 223 3734 1807 3812">
     <span class='ocr_line' id='line_1_40' title="bbox 223 3734 1807 3812; baseline 0.004 -23"><span class='ocrx_word' id='word_1_261' title='bbox 223 3749 311 3789; x_wconf 85' lang='lat' dir='ltr'><strong>sos</strong></span> <span class='ocrx_word' id='word_1_262' title='bbox 355 3734 508 3798; x_wconf 92' lang='lat' dir='ltr'><strong>duos,</strong></span> <span class='ocrx_word' id='word_1_263' title='bbox 539 3742 596 3789; x_wconf 90' lang='lat' dir='ltr'><strong>et</strong></span> <span class='ocrx_word' id='word_1_264' title='bbox 642 3735 1248 3812; x_wconf 79' lang='lat' dir='ltr'><strong>Adsummumbragium</strong></span> <span class='ocrx_word' id='word_1_265' title='bbox 1280 3750 1305 3779; x_wconf 73' lang='grc' dir='ltr'>ι</span> <span class='ocrx_word' id='word_1_266' title='bbox 1337 3755 1461 3794; x_wconf 90' lang='lat' dir='ltr'><strong>cum</strong></span> <span class='ocrx_word' id='word_1_267' title='bbox 1493 3741 1640 3795; x_wconf 91' lang='lat' dir='ltr'><strong>omni</strong></span> <span class='ocrx_word' id='word_1_268' title='bbox 1667 3741 1807 3796; x_wconf 91' lang='lat' dir='ltr'><strong>inte-</strong></span> 
     </span>
    </p>
   </div>
   <div class='ocr_carea' id='block_1_41' title="bbox 221 3827 1808 3898">
    <p class='ocr_par' dir='ltr' id='par_1_41' title="bbox 221 3827 1808 3898">
     <span class='ocr_line' id='line_1_41' title="bbox 221 3827 1808 3898; baseline 0.005 -18"><span class='ocrx_word' id='word_1_269' title='bbox 221 3827 434 3898; x_wconf 86' lang='lat' dir='ltr'><strong>gritate,</strong></span> <span class='ocrx_word' id='word_1_270' title='bbox 456 3836 653 3898; x_wconf 63' lang='lat' dir='ltr'><strong>praeter</strong></span> <span class='ocrx_word' id='word_1_271' title='bbox 678 3845 925 3884; x_wconf 86' lang='lat' dir='ltr'><strong>mansum</strong></span> <span class='ocrx_word' id='word_1_272' title='bbox 951 3830 1262 3897; x_wconf 87' lang='lat' dir='ltr'><strong>dimidium;</strong></span> <span class='ocrx_word' id='word_1_273' title='bbox 1287 3839 1341 3886; x_wconf 90' lang='lat' dir='ltr'><strong>et</strong></span> <span class='ocrx_word' id='word_1_274' title='bbox 1362 3832 1416 3886; x_wconf 91' lang='lat' dir='ltr'><strong>in</strong></span> <span class='ocrx_word' id='word_1_275' title='bbox 1442 3831 1808 3888; x_wconf 75' lang='lat' dir='ltr'><strong>Villareellum</strong></span> 
     </span>
    </p>
   </div>
   <div class='ocr_carea' id='block_1_42' title="bbox 225 3917 1809 3996">
    <p class='ocr_par' dir='ltr' id='par_1_42' title="bbox 225 3917 1809 3996">
     <span class='ocr_line' id='line_1_42' title="bbox 225 3917 1809 3996; baseline 0.006 -25"><span class='ocrx_word' id='word_1_276' title='bbox 225 3917 574 3992; x_wconf 81' lang='lat' dir='ltr'><strong>(Villarceau)</strong></span> <span class='ocrx_word' id='word_1_277' title='bbox 622 3937 870 3978; x_wconf 83' lang='lat' dir='ltr'><strong>mansum</strong></span> <span class='ocrx_word' id='word_1_278' title='bbox 911 3938 1107 3990; x_wconf 90' lang='lat' dir='ltr'><strong>unum;</strong></span> <span class='ocrx_word' id='word_1_279' title='bbox 1149 3925 1202 3978; x_wconf 88' lang='lat' dir='ltr'><strong>in</strong></span> <span class='ocrx_word' id='word_1_280' title='bbox 1237 3923 1523 3996; x_wconf 83' lang='lat' dir='ltr'><strong>Brogarias</strong></span> <span class='ocrx_word' id='word_1_281' title='bbox 1560 3940 1809 3980; x_wconf 90' lang='lat' dir='ltr'><strong>mansum</strong></span> 
     </span>
    </p>
   </div>
   <div class='ocr_carea' id='block_1_43' title="bbox 224 4012 1810 4086">
    <p class='ocr_par' dir='ltr' id='par_1_43' title="bbox 224 4012 1810 4086">
     <span class='ocr_line' id='line_1_43' title="bbox 224 4012 1810 4086; baseline 0.003 -18"><span class='ocrx_word' id='word_1_282' title='bbox 224 4028 412 4079; x_wconf 89' lang='lat' dir='ltr'><strong>unum,</strong></span> <span class='ocrx_word' id='word_1_283' title='bbox 439 4021 495 4068; x_wconf 92' lang='lat' dir='ltr'><strong>et</strong></span> <span class='ocrx_word' id='word_1_284' title='bbox 518 4012 921 4070; x_wconf 87' lang='lat' dir='ltr'><strong>Actricomonte</strong></span> <span class='ocrx_word' id='word_1_285' title='bbox 943 4030 1066 4069; x_wconf 90' lang='lat' dir='ltr'><strong>eum</strong></span> <span class='ocrx_word' id='word_1_286' title='bbox 1099 4015 1432 4086; x_wconf 79' lang='lat' dir='ltr'><strong>integritate,</strong></span> <span class='ocrx_word' id='word_1_287' title='bbox 1455 4024 1510 4072; x_wconf 90' lang='lat' dir='ltr'><strong>et</strong></span> <span class='ocrx_word' id='word_1_288' title='bbox 1533 4017 1588 4070; x_wconf 90' lang='lat' dir='ltr'><strong>in</strong></span> <span class='ocrx_word' id='word_1_289' title='bbox 1613 4017 1810 4073; x_wconf 80' lang='lat' dir='ltr'><strong>Asber-</strong></span> 
     </span>
    </p>
   </div>
   <div class='ocr_carea' id='block_1_44' title="bbox 223 4101 1806 4177">
    <p class='ocr_par' dir='ltr' id='par_1_44' title="bbox 223 4101 1806 4177">
     <span class='ocr_line' id='line_1_44' title="bbox 223 4101 1806 4177; baseline 0.004 -20"><span class='ocrx_word' id='word_1_290' title='bbox 223 4101 476 4158; x_wconf 90' lang='lat' dir='ltr'><strong>tovieinio</strong></span> <span class='ocrx_word' id='word_1_291' title='bbox 499 4103 780 4169; x_wconf 86' lang='lat' dir='ltr'><strong>similiter,</strong></span> <span class='ocrx_word' id='word_1_292' title='bbox 809 4104 863 4158; x_wconf 92' lang='lat' dir='ltr'><strong>in</strong></span> <span class='ocrx_word' id='word_1_293' title='bbox 887 4104 1086 4158; x_wconf 78' lang='lat' dir='ltr'><strong>Vitiare</strong></span> <span class='ocrx_word' id='word_1_294' title='bbox 1109 4104 1370 4177; x_wconf 79' lang='lat' dir='ltr'><strong>(Villiers)</strong></span> <span class='ocrx_word' id='word_1_295' title='bbox 1391 4122 1610 4162; x_wconf 87' lang='lat' dir='ltr'><strong>mansos</strong></span> <span class='ocrx_word' id='word_1_296' title='bbox 1638 4107 1806 4173; x_wconf 88' lang='lat' dir='ltr'><strong>duos;</strong></span> 
     </span>
    </p>
   </div>
   <div class='ocr_carea' id='block_1_45' title="bbox 179 4195 1807 4266">
    <p class='ocr_par' dir='ltr' id='par_1_45' title="bbox 179 4195 1807 4266">
     <span class='ocr_line' id='line_1_45' title="bbox 179 4195 1807 4266; baseline 0.002 -16"><span class='ocrx_word' id='word_1_297' title='bbox 179 4235 186 4240; x_wconf 92' lang='grc'><strong><em>-</em></strong></span> <span class='ocrx_word' id='word_1_298' title='bbox 225 4195 278 4250; x_wconf 91' lang='lat' dir='ltr'><strong>in</strong></span> <span class='ocrx_word' id='word_1_299' title='bbox 305 4195 629 4266; x_wconf 84' lang='lat' dir='ltr'><strong>Popiniagas</strong></span> <span class='ocrx_word' id='word_1_300' title='bbox 657 4210 906 4250; x_wconf 89' lang='lat' dir='ltr'><strong>mansum</strong></span> <span class='ocrx_word' id='word_1_301' title='bbox 941 4212 1130 4260; x_wconf 91' lang='lat' dir='ltr'><strong>unum,</strong></span> <span class='ocrx_word' id='word_1_302' title='bbox 1161 4205 1216 4252; x_wconf 92' lang='lat' dir='ltr'><strong>et</strong></span> <span class='ocrx_word' id='word_1_303' title='bbox 1252 4197 1306 4251; x_wconf 90' lang='lat' dir='ltr'><strong>in</strong></span> <span class='ocrx_word' id='word_1_304' title='bbox 1327 4197 1496 4254; x_wconf 77' lang='lat' dir='ltr'><strong>Vallis</strong></span> <span class='ocrx_word' id='word_1_305' title='bbox 1519 4199 1807 4254; x_wconf 89' lang='lat' dir='ltr'><strong>similiter:</strong></span> 
     </span>
    </p>
   </div>
   <div class='ocr_carea' id='block_1_46' title="bbox 158 5563 179 5622">
    <p class='ocr_par' dir='ltr' id='par_1_46' title="bbox 158 5563 179 5622">
     <span class='ocr_line' id='line_1_46' title="bbox 158 5563 179 5622; baseline 0 0"><span class='ocrx_word' id='word_1_306' title='bbox 158 5563 179 5622; x_wconf 76' lang='grc' dir='ltr'><em>Ι</em></span> 
     </span>
    </p>
   </div>
   <div class='ocr_carea' id='block_1_47' title="bbox 223 4285 1812 4354">
    <p class='ocr_par' dir='ltr' id='par_1_47' title="bbox 223 4285 1812 4354">
     <span class='ocr_line' id='line_1_47' title="bbox 223 4285 1812 4354; baseline 0.001 -12"><span class='ocrx_word' id='word_1_307' title='bbox 223 4287 404 4342; x_wconf 84' lang='lat' dir='ltr'><strong>omnia</strong></span> <span class='ocrx_word' id='word_1_308' title='bbox 442 4294 498 4341; x_wconf 93' lang='lat' dir='ltr'><strong>et</strong></span> <span class='ocrx_word' id='word_1_309' title='bbox 533 4302 601 4342; x_wconf 80' lang='lat' dir='ltr'><strong>ex</strong></span> <span class='ocrx_word' id='word_1_310' title='bbox 635 4287 908 4352; x_wconf 91' lang='lat' dir='ltr'><strong>omnibus,</strong></span> <span class='ocrx_word' id='word_1_311' title='bbox 945 4285 1085 4342; x_wconf 92' lang='lat' dir='ltr'><strong>sicut</strong></span> <span class='ocrx_word' id='word_1_312' title='bbox 1127 4287 1381 4354; x_wconf 80' lang='lat' dir='ltr'><strong>diximus,</strong></span> <span class='ocrx_word' id='word_1_313' title='bbox 1431 4295 1603 4342; x_wconf 91' lang='lat' dir='ltr'><strong>totum</strong></span> <span class='ocrx_word' id='word_1_314' title='bbox 1649 4297 1706 4343; x_wconf 90' lang='lat' dir='ltr'><strong>et</strong></span> <span class='ocrx_word' id='word_1_315' title='bbox 1739 4288 1812 4344; x_wconf 85' lang='lat' dir='ltr'><strong>ad</strong></span> 
     </span>
    </p>
   </div>
   <div class='ocr_carea' id='block_1_48' title="bbox 225 4377 1810 4448">
    <p class='ocr_par' dir='ltr' id='par_1_48' title="bbox 225 4377 1810 4448">
     <span class='ocr_line' id='line_1_48' title="bbox 225 4377 1810 4448; baseline 0.001 -17"><span class='ocrx_word' id='word_1_316' title='bbox 225 4377 494 4447; x_wconf 87' lang='lat' dir='ltr'><strong>integrum</strong></span> <span class='ocrx_word' id='word_1_317' title='bbox 531 4385 730 4448; x_wconf 63' lang='lat' dir='ltr'><strong>praeter</strong></span> <span class='ocrx_word' id='word_1_318' title='bbox 761 4385 972 4434; x_wconf 88' lang='lat' dir='ltr'><strong>tantum</strong></span> <span class='ocrx_word' id='word_1_319' title='bbox 1001 4377 1146 4447; x_wconf 89' lang='lat' dir='ltr'><strong>quod</strong></span> <span class='ocrx_word' id='word_1_320' title='bbox 1183 4386 1340 4433; x_wconf 88' lang='lat' dir='ltr'><strong>antea</strong></span> <span class='ocrx_word' id='word_1_321' title='bbox 1377 4377 1572 4433; x_wconf 78' lang='lat' dir='ltr'><strong>exinde</strong></span> <span class='ocrx_word' id='word_1_322' title='bbox 1607 4379 1674 4433; x_wconf 91' lang='lat' dir='ltr'><strong>ad</strong></span> <span class='ocrx_word' id='word_1_323' title='bbox 1695 4377 1810 4434; x_wconf 85' lang='lat' dir='ltr'><strong>loca</strong></span> 
     </span>
    </p>
   </div>
   <div class='ocr_carea' id='block_1_49' title="bbox 224 4467 1810 4536">
    <p class='ocr_par' dir='ltr' id='par_1_49' title="bbox 224 4467 1810 4536">
     <span class='ocr_line' id='line_1_49' title="bbox 224 4467 1810 4536; baseline 0 -14"><span class='ocrx_word' id='word_1_324' title='bbox 224 4473 536 4522; x_wconf 81' lang='lat' dir='ltr'><strong>sanctorum</strong></span> <span class='ocrx_word' id='word_1_325' title='bbox 567 4480 666 4536; x_wconf 91' lang='lat' dir='ltr'><strong>per</strong></span> <span class='ocrx_word' id='word_1_326' title='bbox 693 4473 996 4521; x_wconf 88' lang='lat' dir='ltr'><strong>strumenta</strong></span> <span class='ocrx_word' id='word_1_327' title='bbox 1038 4475 1312 4522; x_wconf 85' lang='lat' dir='ltr'><strong>cartarum</strong></span> <span class='ocrx_word' id='word_1_328' title='bbox 1359 4467 1603 4523; x_wconf 89' lang='lat' dir='ltr'><strong>noscitur</strong></span> <span class='ocrx_word' id='word_1_329' title='bbox 1642 4467 1810 4524; x_wconf 86' lang='lat' dir='ltr'><strong>fuisse</strong></span> 
     </span>
    </p>
   </div>
   <div class='ocr_carea' id='block_1_50' title="bbox 224 4555 1810 4622">
    <p class='ocr_par' dir='ltr' id='par_1_50' title="bbox 224 4555 1810 4622">
     <span class='ocr_line' id='line_1_50' title="bbox 224 4555 1810 4622; baseline 0 -10"><span class='ocrx_word' id='word_1_330' title='bbox 224 4569 571 4622; x_wconf 88' lang='lat' dir='ltr'><strong>concessum;</strong></span> <span class='ocrx_word' id='word_1_331' title='bbox 597 4557 650 4612; x_wconf 93' lang='lat' dir='ltr'><strong>id</strong></span> <span class='ocrx_word' id='word_1_332' title='bbox 671 4565 797 4612; x_wconf 91' lang='lat' dir='ltr'><strong>sunt</strong></span> <span class='ocrx_word' id='word_1_333' title='bbox 824 4557 892 4612; x_wconf 90' lang='lat' dir='ltr'><strong>ad</strong></span> <span class='ocrx_word' id='word_1_334' title='bbox 917 4563 1162 4612; x_wconf 87' lang='lat' dir='ltr'><strong>sanetum</strong></span> <span class='ocrx_word' id='word_1_335' title='bbox 1191 4555 1520 4613; x_wconf 86' lang='lat' dir='ltr'><strong>Germanum</strong></span> <span class='ocrx_word' id='word_1_336' title='bbox 1539 4556 1810 4614; x_wconf 88' lang='lat' dir='ltr'><strong>Parisien-</strong></span> 
     </span>
    </p>
   </div>
   <div class='ocr_carea' id='block_1_51' title="bbox 224 4651 1812 4724">
    <p class='ocr_par' dir='ltr' id='par_1_51' title="bbox 224 4651 1812 4724">
     <span class='ocr_line' id='line_1_51' title="bbox 224 4651 1812 4724; baseline -0.001 -15"><span class='ocrx_word' id='word_1_337' title='bbox 224 4670 360 4720; x_wconf 88' lang='lat' dir='ltr'><strong>sem,</strong></span> <span class='ocrx_word' id='word_1_338' title='bbox 387 4661 444 4708; x_wconf 91' lang='lat' dir='ltr'><strong>et</strong></span> <span class='ocrx_word' id='word_1_339' title='bbox 468 4651 536 4706; x_wconf 92' lang='lat' dir='ltr'><strong>ad</strong></span> <span class='ocrx_word' id='word_1_340' title='bbox 565 4653 755 4707; x_wconf 89' lang='lat' dir='ltr'><strong>cellam</strong></span> <span class='ocrx_word' id='word_1_341' title='bbox 777 4669 898 4724; x_wconf 71' lang='lat' dir='ltr'><strong>qua:</strong></span> <span class='ocrx_word' id='word_1_342' title='bbox 935 4661 1162 4708; x_wconf 86' lang='lat' dir='ltr'><strong>vocatur</strong></span> <span class='ocrx_word' id='word_1_343' title='bbox 1185 4653 1426 4709; x_wconf 88' lang='lat' dir='ltr'><strong>Fossatis</strong></span> <span class='ocrx_word' id='word_1_344' title='bbox 1453 4670 1573 4724; x_wconf 76' lang='lat' dir='ltr'><strong>qua:</strong></span> <span class='ocrx_word' id='word_1_345' title='bbox 1603 4651 1705 4708; x_wconf 89' lang='lat' dir='ltr'><strong>sita</strong></span> <span class='ocrx_word' id='word_1_346' title='bbox 1727 4661 1812 4708; x_wconf 89' lang='lat' dir='ltr'><strong>est</strong></span> 
     </span>
    </p>
   </div>
   <div class='ocr_carea' id='block_1_52' title="bbox 223 4741 1814 4813">
    <p class='ocr_par' dir='ltr' id='par_1_52' title="bbox 223 4741 1814 4813">
     <span class='ocr_line' id='line_1_52' title="bbox 223 4741 1814 4813; baseline 0.002 -16"><span class='ocrx_word' id='word_1_347' title='bbox 223 4743 278 4807; x_wconf 88' lang='lat' dir='ltr'><strong>in</strong></span> <span class='ocrx_word' id='word_1_348' title='bbox 318 4743 434 4813; x_wconf 90' lang='lat' dir='ltr'><strong>ipso</strong></span> <span class='ocrx_word' id='word_1_349' title='bbox 469 4741 748 4798; x_wconf 89' lang='lat' dir='ltr'><strong>Parisiaco</strong></span> <span class='ocrx_word' id='word_1_350' title='bbox 767 4750 823 4798; x_wconf 91' lang='lat' dir='ltr'><strong>et</strong></span> <span class='ocrx_word' id='word_1_351' title='bbox 856 4743 925 4798; x_wconf 88' lang='lat' dir='ltr'><strong>ad</strong></span> <span class='ocrx_word' id='word_1_352' title='bbox 945 4753 1190 4800; x_wconf 88' lang='lat' dir='ltr'><strong>sanctum</strong></span> <span class='ocrx_word' id='word_1_353' title='bbox 1229 4743 1578 4800; x_wconf 80' lang='lat' dir='ltr'><strong>Benedictum</strong></span> <span class='ocrx_word' id='word_1_354' title='bbox 1606 4741 1814 4800; x_wconf 88' lang='lat' dir='ltr'><strong>Floria-</strong></span> 
     </span>
    </p>
   </div>
   <div class='ocr_carea' id='block_1_53' title="bbox 223 4833 1814 4897">
    <p class='ocr_par' dir='ltr' id='par_1_53' title="bbox 223 4833 1814 4897">
     <span class='ocr_line' id='line_1_53' title="bbox 223 4833 1814 4897; baseline 0.001 -7"><span class='ocrx_word' id='word_1_355' title='bbox 223 4833 402 4890; x_wconf 83' lang='lat' dir='ltr'><strong>censis</strong></span> <span class='ocrx_word' id='word_1_356' title='bbox 419 4833 753 4897; x_wconf 89' lang='lat' dir='ltr'><strong>monasterii,</strong></span> <span class='ocrx_word' id='word_1_357' title='bbox 777 4841 832 4889; x_wconf 92' lang='lat' dir='ltr'><strong>et</strong></span> <span class='ocrx_word' id='word_1_358' title='bbox 852 4834 921 4890; x_wconf 90' lang='lat' dir='ltr'><strong>ad</strong></span> <span class='ocrx_word' id='word_1_359' title='bbox 938 4833 1236 4891; x_wconf 87' lang='lat' dir='ltr'><strong>Ecclesiam</strong></span> <span class='ocrx_word' id='word_1_360' title='bbox 1257 4845 1458 4892; x_wconf 64' lang='lat' dir='ltr'><strong>sancta:</strong></span> <span class='ocrx_word' id='word_1_361' title='bbox 1478 4835 1662 4892; x_wconf 67' lang='lat' dir='ltr'><strong>Maria:</strong></span> <span class='ocrx_word' id='word_1_362' title='bbox 1682 4836 1814 4894; x_wconf 88' lang='lat' dir='ltr'><strong>Car-</strong></span> 
     </span>
    </p>
   </div>
   <div class='ocr_carea' id='block_1_54' title="bbox 222 4923 1817 4999">
    <p class='ocr_par' dir='ltr' id='par_1_54' title="bbox 222 4923 1817 4999">
     <span class='ocr_line' id='line_1_54' title="bbox 222 4923 1817 4999; baseline 0.001 -17"><span class='ocrx_word' id='word_1_363' title='bbox 222 4923 468 4982; x_wconf 86' lang='lat' dir='ltr'><strong>nolensis</strong></span> <span class='ocrx_word' id='word_1_364' title='bbox 489 4925 642 4992; x_wconf 89' lang='lat' dir='ltr'><strong>urbe,</strong></span> <span class='ocrx_word' id='word_1_365' title='bbox 669 4933 724 4980; x_wconf 93' lang='lat' dir='ltr'><strong>et</strong></span> <span class='ocrx_word' id='word_1_366' title='bbox 745 4925 813 4980; x_wconf 87' lang='lat' dir='ltr'><strong>ad</strong></span> <span class='ocrx_word' id='word_1_367' title='bbox 833 4933 1073 4981; x_wconf 91' lang='lat' dir='ltr'><strong>sanctam</strong></span> <span class='ocrx_word' id='word_1_368' title='bbox 1102 4925 1326 4983; x_wconf 87' lang='lat' dir='ltr'><strong>Mariam</strong></span> <span class='ocrx_word' id='word_1_369' title='bbox 1343 4927 1817 4999; x_wconf 83' lang='lat' dir='ltr'><strong>Argentogelensis</strong></span> 
     </span>
    </p>
   </div>
   <div class='ocr_carea' id='block_1_55' title="bbox 227 5015 1818 5078">
    <p class='ocr_par' dir='ltr' id='par_1_55' title="bbox 227 5015 1818 5078">
     <span class='ocr_line' id='line_1_55' title="bbox 227 5015 1818 5078; baseline 0.002 -7"><span class='ocrx_word' id='word_1_370' title='bbox 227 5016 542 5078; x_wconf 82' lang='lat' dir='ltr'><strong>monasterii</strong></span> <span class='ocrx_word' id='word_1_371' title='bbox 565 5023 620 5072; x_wconf 91' lang='lat' dir='ltr'><strong>et</strong></span> <span class='ocrx_word' id='word_1_372' title='bbox 645 5015 712 5071; x_wconf 91' lang='lat' dir='ltr'><strong>ad</strong></span> <span class='ocrx_word' id='word_1_373' title='bbox 740 5025 986 5073; x_wconf 88' lang='lat' dir='ltr'><strong>sanctum</strong></span> <span class='ocrx_word' id='word_1_374' title='bbox 1015 5017 1238 5076; x_wconf 87' lang='lat' dir='ltr'><strong>Petrum</strong></span> <span class='ocrx_word' id='word_1_375' title='bbox 1263 5018 1608 5076; x_wconf 87' lang='lat' dir='ltr'><strong>Pectavensis</strong></span> <span class='ocrx_word' id='word_1_376' title='bbox 1633 5018 1818 5074; x_wconf 82' lang='lat' dir='ltr'><strong>Eccle-</strong></span> 
     </span>
    </p>
   </div>
   <div class='ocr_carea' id='block_1_56' title="bbox 225 5107 1819 5182">
    <p class='ocr_par' dir='ltr' id='par_1_56' title="bbox 225 5107 1819 5182">
     <span class='ocr_line' id='line_1_56' title="bbox 225 5107 1819 5182; baseline 0.001 -18"><span class='ocrx_word' id='word_1_377' title='bbox 225 5109 324 5164; x_wconf 67' lang='lat' dir='ltr'><strong>site</strong></span> <span class='ocrx_word' id='word_1_378' title='bbox 351 5125 364 5161; x_wconf 89' lang='lat'><strong>:</strong></span> <span class='ocrx_word' id='word_1_379' title='bbox 393 5107 450 5162; x_wconf 92' lang='lat' dir='ltr'><strong>in</strong></span> <span class='ocrx_word' id='word_1_380' title='bbox 481 5107 704 5181; x_wconf 87' lang='lat' dir='ltr'><strong>reliquis</strong></span> <span class='ocrx_word' id='word_1_381' title='bbox 748 5122 878 5162; x_wconf 88' lang='lat' dir='ltr'><strong>vero</strong></span> <span class='ocrx_word' id='word_1_382' title='bbox 903 5123 1032 5182; x_wconf 89' lang='lat' dir='ltr'><strong>pars</strong></span> <span class='ocrx_word' id='word_1_383' title='bbox 1074 5108 1286 5180; x_wconf 75' lang='lat' dir='ltr'><strong>prtefati</strong></span> <span class='ocrx_word' id='word_1_384' title='bbox 1335 5109 1652 5166; x_wconf 88' lang='lat' dir='ltr'><strong>monasterii</strong></span> <span class='ocrx_word' id='word_1_385' title='bbox 1677 5125 1708 5164; x_wconf 91' lang='lat' dir='ltr'><strong>a</strong></span> <span class='ocrx_word' id='word_1_386' title='bbox 1731 5110 1819 5166; x_wconf 91' lang='lat' dir='ltr'><strong>die</strong></span> 
     </span>
    </p>
   </div>
   <div class='ocr_carea' id='block_1_57' title="bbox 225 5199 1814 5274">
    <p class='ocr_par' dir='ltr' id='par_1_57' title="bbox 225 5199 1814 5274">
     <span class='ocr_line' id='line_1_57' title="bbox 225 5199 1814 5274; baseline 0.003 -20"><span class='ocrx_word' id='word_1_387' title='bbox 225 5205 493 5270; x_wconf 72' lang='lat' dir='ltr'><strong>prmsente</strong></span> <span class='ocrx_word' id='word_1_388' title='bbox 544 5199 933 5270; x_wconf 86' lang='lat' dir='ltr'><strong>perpetualiter</strong></span> <span class='ocrx_word' id='word_1_389' title='bbox 992 5201 1220 5271; x_wconf 89' lang='lat' dir='ltr'><strong>recipiat</strong></span> <span class='ocrx_word' id='word_1_390' title='bbox 1279 5201 1347 5258; x_wconf 89' lang='lat' dir='ltr'><strong>ad</strong></span> <span class='ocrx_word' id='word_1_391' title='bbox 1397 5203 1814 5274; x_wconf 87' lang='lat' dir='ltr'><strong>possedendum.</strong></span> 
     </span>
    </p>
   </div>
   <div class='ocr_carea' id='block_1_58' title="bbox 227 5289 1817 5363">
    <p class='ocr_par' dir='ltr' id='par_1_58' title="bbox 227 5289 1817 5363">
     <span class='ocr_line' id='line_1_58' title="bbox 227 5289 1817 5363; baseline 0.004 -19"><span class='ocrx_word' id='word_1_392' title='bbox 227 5290 474 5346; x_wconf 85' lang='lat' dir='ltr'><strong>Conﬁnia</strong></span> <span class='ocrx_word' id='word_1_393' title='bbox 506 5305 636 5346; x_wconf 84' lang='lat' dir='ltr'><strong>vero</strong></span> <span class='ocrx_word' id='word_1_394' title='bbox 671 5290 740 5347; x_wconf 92' lang='lat' dir='ltr'><strong>de</strong></span> <span class='ocrx_word' id='word_1_395' title='bbox 790 5291 907 5363; x_wconf 89' lang='lat' dir='ltr'><strong>ipsa</strong></span> <span class='ocrx_word' id='word_1_396' title='bbox 956 5289 1157 5348; x_wconf 89' lang='lat' dir='ltr'><strong>foreste</strong></span> <span class='ocrx_word' id='word_1_397' title='bbox 1217 5295 1335 5350; x_wconf 68' lang='lat' dir='ltr'><strong>haec</strong></span> <span class='ocrx_word' id='word_1_398' title='bbox 1386 5303 1556 5349; x_wconf 90' lang='lat' dir='ltr'><strong>sunt:</strong></span> <span class='ocrx_word' id='word_1_399' title='bbox 1593 5295 1660 5349; x_wconf 91' lang='lat' dir='ltr'><strong>de</strong></span> <span class='ocrx_word' id='word_1_400' title='bbox 1710 5310 1817 5350; x_wconf 90' lang='lat' dir='ltr'><strong>una</strong></span> 
     </span>
    </p>
   </div>
   <div class='ocr_carea' id='block_1_59' title="bbox 227 5383 1821 5457">
    <p class='ocr_par' dir='ltr' id='par_1_59' title="bbox 227 5383 1821 5457">
     <span class='ocr_line' id='line_1_59' title="bbox 227 5383 1821 5457; baseline 0 -18"><span class='ocrx_word' id='word_1_401' title='bbox 227 5394 384 5456; x_wconf 84' lang='lat' dir='ltr'><strong>parte</strong></span> <span class='ocrx_word' id='word_1_402' title='bbox 449 5385 847 5457; x_wconf 90' lang='lat' dir='ltr'><strong>suprascriptas</strong></span> <span class='ocrx_word' id='word_1_403' title='bbox 902 5383 1262 5451; x_wconf 87' lang='lat' dir='ltr'><strong>Cotoniarias,</strong></span> <span class='ocrx_word' id='word_1_404' title='bbox 1315 5393 1372 5440; x_wconf 88' lang='lat' dir='ltr'><strong>et</strong></span> <span class='ocrx_word' id='word_1_405' title='bbox 1422 5384 1716 5452; x_wconf 87' lang='lat' dir='ltr'><strong>Watreias,</strong></span> <span class='ocrx_word' id='word_1_406' title='bbox 1765 5394 1821 5441; x_wconf 88' lang='lat' dir='ltr'><strong>et</strong></span> 
     </span>
    </p>
   </div>
   <div class='ocr_carea' id='block_1_60' title="bbox 231 5475 1819 5550">
    <p class='ocr_par' dir='ltr' id='par_1_60' title="bbox 231 5475 1819 5550">
     <span class='ocr_line' id='line_1_60' title="bbox 231 5475 1819 5550; baseline 0 -18"><span class='ocrx_word' id='word_1_407' title='bbox 231 5475 522 5538; x_wconf 88' lang='lat' dir='ltr'><strong>Sarnetum</strong></span> <span class='ocrx_word' id='word_1_408' title='bbox 567 5475 841 5550; x_wconf 77' lang='lat' dir='ltr'><strong>(Seruay),</strong></span> <span class='ocrx_word' id='word_1_409' title='bbox 892 5483 948 5533; x_wconf 91' lang='lat' dir='ltr'><strong>et</strong></span> <span class='ocrx_word' id='word_1_410' title='bbox 993 5483 1150 5532; x_wconf 88' lang='lat' dir='ltr'><strong>vetus</strong></span> <span class='ocrx_word' id='word_1_411' title='bbox 1199 5476 1544 5544; x_wconf 85' lang='lat' dir='ltr'><strong>monasterii;</strong></span> <span class='ocrx_word' id='word_1_412' title='bbox 1597 5490 1666 5532; x_wconf 79' lang='lat' dir='ltr'><strong>ex</strong></span> <span class='ocrx_word' id='word_1_413' title='bbox 1715 5475 1819 5532; x_wconf 86' lang='lat' dir='ltr'><strong>alia</strong></span> 
     </span>
    </p>
   </div>
   <div class='ocr_carea' id='block_1_61' title="bbox 305 5628 1818 5706">
    <p class='ocr_par' dir='ltr' id='par_1_61' title="bbox 305 5628 1818 5706">
     <span class='ocr_line' id='line_1_61' title="bbox 305 5628 1818 5706; baseline 0.002 -24"><span class='ocrx_word' id='word_1_414' title='bbox 305 5642 328 5668; x_wconf 73' lang='grc' dir='ltr'>η</span> <span class='ocrx_word' id='word_1_415' title='bbox 374 5629 950 5706; x_wconf 77' lang='lat' dir='ltr'><strong>Assummunbragium_</strong></span> <span class='ocrx_word' id='word_1_416' title='bbox 977 5629 1108 5706; x_wconf 76' lang='lat' dir='ltr'><strong>legit</strong></span> <span class='ocrx_word' id='word_1_417' title='bbox 1132 5628 1486 5706; x_wconf 53' lang='lat' dir='ltr'><strong>felibianus,</strong></span> <span class='ocrx_word' id='word_1_418' title='bbox 1527 5630 1626 5706; x_wconf 73' lang='lat' dir='ltr'><strong>qui</strong></span> <span class='ocrx_word' id='word_1_419' title='bbox 1667 5631 1818 5706; x_wconf 78' lang='lat' dir='ltr'><strong>jdem</strong></span> 
     </span>
    </p>
   </div>
   <div class='ocr_carea' id='block_1_62' title="bbox 232 5701 1816 5782">
    <p class='ocr_par' dir='ltr' id='par_1_62' title="bbox 232 5701 1816 5782">
     <span class='ocr_line' id='line_1_62' title="bbox 232 5701 1816 5782; baseline 0 -28"><span class='ocrx_word' id='word_1_420' title='bbox 232 5707 563 5782; x_wconf 61' lang='lat' dir='ltr'><strong>pt&#39;xceptum</strong></span> <span class='ocrx_word' id='word_1_421' title='bbox 584 5715 650 5756; x_wconf 79' lang='lat' dir='ltr'><strong>ex</strong></span> <span class='ocrx_word' id='word_1_422' title='bbox 674 5702 1006 5772; x_wconf 68' lang='lat' dir='ltr'><strong>autographo</strong></span> <span class='ocrx_word' id='word_1_423' title='bbox 1026 5701 1192 5758; x_wconf 80' lang='lat' dir='ltr'><strong>edidit</strong></span> <span class='ocrx_word' id='word_1_424' title='bbox 1213 5703 1266 5756; x_wconf 89' lang='lat' dir='ltr'><strong>in</strong></span> <span class='ocrx_word' id='word_1_425' title='bbox 1289 5703 1500 5772; x_wconf 84' lang='lat' dir='ltr'><strong>probat.</strong></span> <span class='ocrx_word' id='word_1_426' title='bbox 1527 5701 1816 5758; x_wconf 56' lang='lat' dir='ltr'><strong>Histfabb.</strong></span> 
     </span>
    </p>
   </div>
   <div class='ocr_carea' id='block_1_63' title="bbox 1903 476 3487 552">
    <p class='ocr_par' dir='ltr' id='par_1_63' title="bbox 1903 476 3487 552">
     <span class='ocr_line' id='line_1_63' title="bbox 1903 476 3487 552; baseline 0.006 -20"><span class='ocrx_word' id='word_1_427' title='bbox 1903 477 2093 533; x_wconf 88' lang='lat' dir='ltr'><strong>belitto</strong></span> <span class='ocrx_word' id='word_1_428' title='bbox 2107 476 2523 550; x_wconf 76' lang='lat' dir='ltr'><strong>(Rambouitlct);</strong></span> <span class='ocrx_word' id='word_1_429' title='bbox 2545 480 2613 534; x_wconf 90' lang='lat' dir='ltr'><strong>de</strong></span> <span class='ocrx_word' id='word_1_430' title='bbox 2628 481 2784 535; x_wconf 89' lang='lat' dir='ltr'><strong>tertia</strong></span> <span class='ocrx_word' id='word_1_431' title='bbox 2797 495 2926 536; x_wconf 85' lang='lat' dir='ltr'><strong>vero</strong></span> <span class='ocrx_word' id='word_1_432' title='bbox 2950 489 3106 552; x_wconf 87' lang='lat' dir='ltr'><strong>parte</strong></span> <span class='ocrx_word' id='word_1_433' title='bbox 3129 481 3487 542; x_wconf 83' lang='lat' dir='ltr'><strong>Hermolitum</strong></span> 
     </span>
    </p>
   </div>
   <div class='ocr_carea' id='block_1_64' title="bbox 1905 565 3485 648">
    <p class='ocr_par' dir='ltr' id='par_1_64' title="bbox 1905 565 3485 648">
     <span class='ocr_line' id='line_1_64' title="bbox 1905 565 3485 648; baseline 0.008 -29"><span class='ocrx_word' id='word_1_434' title='bbox 1905 565 2268 638; x_wconf 77' lang='lat' dir='ltr'><strong>(Hermeray);</strong></span> <span class='ocrx_word' id='word_1_435' title='bbox 2301 567 2368 623; x_wconf 83' lang='lat' dir='ltr'><strong>de</strong></span> <span class='ocrx_word' id='word_1_436' title='bbox 2399 577 2589 638; x_wconf 80' lang='lat' dir='ltr'><strong>quarta</strong></span> <span class='ocrx_word' id='word_1_437' title='bbox 2620 569 2784 642; x_wconf 86' lang='lat' dir='ltr'><strong>igitur</strong></span> <span class='ocrx_word' id='word_1_438' title='bbox 2829 580 2982 641; x_wconf 88' lang='lat' dir='ltr'><strong>parte</strong></span> <span class='ocrx_word' id='word_1_439' title='bbox 3007 572 3341 630; x_wconf 83' lang='lat' dir='ltr'><strong>Adtanevilla</strong></span> <span class='ocrx_word' id='word_1_440' title='bbox 3365 576 3485 648; x_wconf 76' lang='lat' dir='ltr'><strong>(At-</strong></span> 
     </span>
    </p>
   </div>
   <div class='ocr_carea' id='block_1_65' title="bbox 1905 657 3486 734">
    <p class='ocr_par' dir='ltr' id='par_1_65' title="bbox 1905 657 3486 734">
     <span class='ocr_line' id='line_1_65' title="bbox 1905 657 3486 734; baseline 0.007 -22"><span class='ocrx_word' id='word_1_441' title='bbox 1905 657 2155 731; x_wconf 77' lang='lat' dir='ltr'><strong>tainvitle)</strong></span> <span class='ocrx_word' id='word_1_442' title='bbox 2209 668 2264 714; x_wconf 91' lang='lat' dir='ltr'><strong>et</strong></span> <span class='ocrx_word' id='word_1_443' title='bbox 2321 658 2656 717; x_wconf 85' lang='lat' dir='ltr'><strong>Burdoniaeo</strong></span> <span class='ocrx_word' id='word_1_444' title='bbox 2713 660 3075 734; x_wconf 79' lang='lat' dir='ltr'><strong>(Bourdonné)</strong></span> <span class='ocrx_word' id='word_1_445' title='bbox 3138 673 3194 720; x_wconf 91' lang='lat' dir='ltr'><strong>et</strong></span> <span class='ocrx_word' id='word_1_446' title='bbox 3245 665 3486 723; x_wconf 89' lang='lat' dir='ltr'><strong>Condato</strong></span> 
     </span>
    </p>
   </div>
   <div class='ocr_carea' id='block_1_66' title="bbox 1905 747 3488 828">
    <p class='ocr_par' dir='ltr' id='par_1_66' title="bbox 1905 747 3488 828">
     <span class='ocr_line' id='line_1_66' title="bbox 1905 747 3488 828; baseline 0.008 -26"><span class='ocrx_word' id='word_1_447' title='bbox 1905 747 2127 822; x_wconf 75' lang='lat' dir='ltr'><strong>(Condé)</strong></span> <span class='ocrx_word' id='word_1_448' title='bbox 2169 758 2224 806; x_wconf 90' lang='lat' dir='ltr'><strong>et</strong></span> <span class='ocrx_word' id='word_1_449' title='bbox 2246 751 2513 819; x_wconf 83' lang='lat' dir='ltr'><strong>Vitriaco;</strong></span> <span class='ocrx_word' id='word_1_450' title='bbox 2563 754 2630 808; x_wconf 92' lang='lat' dir='ltr'><strong>de</strong></span> <span class='ocrx_word' id='word_1_451' title='bbox 2660 755 2844 824; x_wconf 88' lang='lat' dir='ltr'><strong>quinta</strong></span> <span class='ocrx_word' id='word_1_452' title='bbox 2874 755 3039 827; x_wconf 91' lang='lat' dir='ltr'><strong>igitur</strong></span> <span class='ocrx_word' id='word_1_453' title='bbox 3071 765 3226 828; x_wconf 91' lang='lat' dir='ltr'><strong>parte</strong></span> <span class='ocrx_word' id='word_1_454' title='bbox 3271 757 3488 815; x_wconf 81' lang='lat' dir='ltr'><strong>Pineio-</strong></span> 
     </span>
    </p>
   </div>
   <div class='ocr_carea' id='block_1_67' title="bbox 1903 839 3486 922">
    <p class='ocr_par' dir='ltr' id='par_1_67' title="bbox 1903 839 3486 922">
     <span class='ocr_line' id='line_1_67' title="bbox 1903 839 3486 922; baseline 0.008 -30"><span class='ocrx_word' id='word_1_455' title='bbox 1903 847 2156 895; x_wconf 88' lang='lat' dir='ltr'><strong>nemoute</strong></span> <span class='ocrx_word' id='word_1_456' title='bbox 2185 839 2486 915; x_wconf 79' lang='lat' dir='ltr'><strong>(Montfort)</strong></span> <span class='ocrx_word' id='word_1_457' title='bbox 2514 851 2569 898; x_wconf 91' lang='lat' dir='ltr'><strong>et</strong></span> <span class='ocrx_word' id='word_1_458' title='bbox 2615 843 2836 900; x_wconf 74' lang='lat' dir='ltr'><strong>Villare.</strong></span> <span class='ocrx_word' id='word_1_459' title='bbox 2863 843 2988 900; x_wconf 68' lang='lat' dir='ltr'><strong>Haac</strong></span> <span class='ocrx_word' id='word_1_460' title='bbox 3030 847 3211 918; x_wconf 78' lang='lat' dir='ltr'><strong>omnia</strong></span> <span class='ocrx_word' id='word_1_461' title='bbox 3240 849 3486 922; x_wconf 89' lang='lat' dir='ltr'><strong>superius</strong></span> 
     </span>
    </p>
   </div>
   <div class='ocr_carea' id='block_1_68' title="bbox 1905 928 3483 1005">
    <p class='ocr_par' dir='ltr' id='par_1_68' title="bbox 1905 928 3483 1005">
     <span class='ocr_line' id='line_1_68' title="bbox 1905 928 3483 1005; baseline 0.006 -24"><span class='ocrx_word' id='word_1_462' title='bbox 1905 928 2290 998; x_wconf 84' lang='lat' dir='ltr'><strong>comprehensa</strong></span> <span class='ocrx_word' id='word_1_463' title='bbox 2315 931 2385 986; x_wconf 92' lang='lat' dir='ltr'><strong>ab</strong></span> <span class='ocrx_word' id='word_1_464' title='bbox 2409 931 2670 988; x_wconf 90' lang='lat' dir='ltr'><strong>hodierno</strong></span> <span class='ocrx_word' id='word_1_465' title='bbox 2713 932 2801 989; x_wconf 92' lang='lat' dir='ltr'><strong>die</strong></span> <span class='ocrx_word' id='word_1_466' title='bbox 2831 942 3069 990; x_wconf 72' lang='lat' dir='ltr'><strong>rectores</strong></span> <span class='ocrx_word' id='word_1_467' title='bbox 3107 934 3276 1005; x_wconf 89' lang='lat' dir='ltr'><strong>ipsius</strong></span> <span class='ocrx_word' id='word_1_468' title='bbox 3311 937 3483 991; x_wconf 89' lang='lat' dir='ltr'><strong>sancti</strong></span> 
     </span>
    </p>
   </div>
   <div class='ocr_carea' id='block_1_69' title="bbox 1903 1015 3486 1092">
    <p class='ocr_par' dir='ltr' id='par_1_69' title="bbox 1903 1015 3486 1092">
     <span class='ocr_line' id='line_1_69' title="bbox 1903 1015 3486 1092; baseline 0.008 -24"><span class='ocrx_word' id='word_1_469' title='bbox 1903 1015 2007 1072; x_wconf 93' lang='lat' dir='ltr'><strong>loci</strong></span> <span class='ocrx_word' id='word_1_470' title='bbox 2048 1018 2270 1088; x_wconf 69' lang='lat' dir='ltr'><strong>praefata</strong></span> <span class='ocrx_word' id='word_1_471' title='bbox 2293 1020 2440 1092; x_wconf 82' lang='lat' dir='ltr'><strong>sylva</strong></span> <span class='ocrx_word' id='word_1_472' title='bbox 2470 1020 2760 1092; x_wconf 65' lang='lat' dir='ltr'><strong>Equalina</strong></span> <span class='ocrx_word' id='word_1_473' title='bbox 2784 1023 2886 1079; x_wconf 89' lang='lat' dir='ltr'><strong>sub</strong></span> <span class='ocrx_word' id='word_1_474' title='bbox 2904 1025 3232 1080; x_wconf 66' lang='lat' dir='ltr'><strong>(emunitatis</strong></span> <span class='ocrx_word' id='word_1_475' title='bbox 3269 1027 3486 1081; x_wconf 91' lang='lat' dir='ltr'><strong>nomine</strong></span> 
     </span>
    </p>
   </div>
   <div class='ocr_carea' id='block_1_70' title="bbox 1907 1109 3486 1188">
    <p class='ocr_par' dir='ltr' id='par_1_70' title="bbox 1907 1109 3486 1188">
     <span class='ocr_line' id='line_1_70' title="bbox 1907 1109 3486 1188; baseline 0.006 -24"><span class='ocrx_word' id='word_1_476' title='bbox 1907 1109 2156 1176; x_wconf 87' lang='lat' dir='ltr'><strong>habeant,</strong></span> <span class='ocrx_word' id='word_1_477' title='bbox 2175 1119 2413 1179; x_wconf 83' lang='lat' dir='ltr'><strong>teneant,</strong></span> <span class='ocrx_word' id='word_1_478' title='bbox 2433 1121 2596 1184; x_wconf 89' lang='lat' dir='ltr'><strong>atque</strong></span> <span class='ocrx_word' id='word_1_479' title='bbox 2622 1114 2676 1168; x_wconf 90' lang='lat' dir='ltr'><strong>in</strong></span> <span class='ocrx_word' id='word_1_480' title='bbox 2702 1129 2805 1169; x_wconf 89' lang='lat' dir='ltr'><strong>usu</strong></span> <span class='ocrx_word' id='word_1_481' title='bbox 2832 1115 3002 1186; x_wconf 87' lang='lat' dir='ltr'><strong>ipsius</strong></span> <span class='ocrx_word' id='word_1_482' title='bbox 3023 1117 3335 1172; x_wconf 88' lang='lat' dir='ltr'><strong>monasterii</strong></span> <span class='ocrx_word' id='word_1_483' title='bbox 3363 1133 3486 1188; x_wconf 91' lang='lat' dir='ltr'><strong>pos-</strong></span> 
     </span>
    </p>
   </div>
   <div class='ocr_carea' id='block_1_71' title="bbox 1904 1200 3486 1279">
    <p class='ocr_par' dir='ltr' id='par_1_71' title="bbox 1904 1200 3486 1279">
     <span class='ocr_line' id='line_1_71' title="bbox 1904 1200 3486 1279; baseline 0.006 -24"><span class='ocrx_word' id='word_1_484' title='bbox 1904 1200 2117 1256; x_wconf 89' lang='lat' dir='ltr'><strong>sideant</strong></span> <span class='ocrx_word' id='word_1_485' title='bbox 2156 1210 2211 1257; x_wconf 92' lang='lat' dir='ltr'><strong>et</strong></span> <span class='ocrx_word' id='word_1_486' title='bbox 2247 1202 2514 1259; x_wconf 83' lang='lat' dir='ltr'><strong>fruantur.</strong></span> <span class='ocrx_word' id='word_1_487' title='bbox 2559 1205 2945 1262; x_wconf 77' lang='lat' dir='ltr'><strong>Verumtamen</strong></span> <span class='ocrx_word' id='word_1_488' title='bbox 3016 1207 3262 1264; x_wconf 91' lang='lat' dir='ltr'><strong>volumus</strong></span> <span class='ocrx_word' id='word_1_489' title='bbox 3325 1217 3486 1279; x_wconf 88' lang='lat' dir='ltr'><strong>atque</strong></span> 
     </span>
    </p>
   </div>
   <div class='ocr_carea' id='block_1_72' title="bbox 1903 1292 3487 1369">
    <p class='ocr_par' dir='ltr' id='par_1_72' title="bbox 1903 1292 3487 1369">
     <span class='ocr_line' id='line_1_72' title="bbox 1903 1292 3487 1369; baseline 0.005 -22"><span class='ocrx_word' id='word_1_490' title='bbox 1903 1292 2272 1362; x_wconf 65' lang='lat' dir='ltr'><strong>praecipimus,</strong></span> <span class='ocrx_word' id='word_1_491' title='bbox 2321 1303 2381 1349; x_wconf 91' lang='lat' dir='ltr'><strong>ut</strong></span> <span class='ocrx_word' id='word_1_492' title='bbox 2426 1294 2570 1350; x_wconf 90' lang='lat' dir='ltr'><strong>nulla</strong></span> <span class='ocrx_word' id='word_1_493' title='bbox 2606 1296 2956 1366; x_wconf 87' lang='lat' dir='ltr'><strong>praesumptio</strong></span> <span class='ocrx_word' id='word_1_494' title='bbox 2991 1296 3292 1368; x_wconf 71' lang='lat' dir='ltr'><strong>iudiciaria:</strong></span> <span class='ocrx_word' id='word_1_495' title='bbox 3337 1308 3487 1369; x_wconf 85' lang='lat' dir='ltr'><strong>pote-</strong></span> 
     </span>
    </p>
   </div>
   <div class='ocr_carea' id='block_1_73' title="bbox 1903 1384 3484 1460">
    <p class='ocr_par' dir='ltr' id='par_1_73' title="bbox 1903 1384 3484 1460">
     <span class='ocr_line' id='line_1_73' title="bbox 1903 1384 3484 1460; baseline 0.004 -22"><span class='ocrx_word' id='word_1_496' title='bbox 1903 1384 2058 1438; x_wconf 90' lang='lat' dir='ltr'><strong>statis</strong></span> <span class='ocrx_word' id='word_1_497' title='bbox 2088 1400 2186 1454; x_wconf 91' lang='lat' dir='ltr'><strong>pro</strong></span> <span class='ocrx_word' id='word_1_498' title='bbox 2215 1385 2534 1456; x_wconf 89' lang='lat' dir='ltr'><strong>quibusdam</strong></span> <span class='ocrx_word' id='word_1_499' title='bbox 2558 1388 2950 1453; x_wconf 90' lang='lat' dir='ltr'><strong>occasionibus,</strong></span> <span class='ocrx_word' id='word_1_500' title='bbox 2981 1397 3074 1443; x_wconf 89' lang='lat' dir='ltr'><strong>aut</strong></span> <span class='ocrx_word' id='word_1_501' title='bbox 3097 1389 3298 1460; x_wconf 87' lang='lat' dir='ltr'><strong>aliquid</strong></span> <span class='ocrx_word' id='word_1_502' title='bbox 3325 1405 3484 1446; x_wconf 80' lang='lat' dir='ltr'><strong>exer-</strong></span> 
     </span>
    </p>
   </div>
   <div class='ocr_carea' id='block_1_74' title="bbox 1903 1473 3494 1549">
    <p class='ocr_par' dir='ltr' id='par_1_74' title="bbox 1903 1473 3494 1549">
     <span class='ocr_line' id='line_1_74' title="bbox 1903 1473 3494 1549; baseline 0.004 -22"><span class='ocrx_word' id='word_1_503' title='bbox 1903 1473 2180 1529; x_wconf 91' lang='lat' dir='ltr'><strong>eitandum</strong></span> <span class='ocrx_word' id='word_1_504' title='bbox 2207 1475 2601 1541; x_wconf 87' lang='lat' dir='ltr'><strong>venationibus,</strong></span> <span class='ocrx_word' id='word_1_505' title='bbox 2632 1476 2835 1549; x_wconf 83' lang='lat' dir='ltr'><strong>absque</strong></span> <span class='ocrx_word' id='word_1_506' title='bbox 2863 1478 3221 1548; x_wconf 89' lang='lat' dir='ltr'><strong>permissuum</strong></span> <span class='ocrx_word' id='word_1_507' title='bbox 3261 1479 3494 1534; x_wconf 86' lang='lat' dir='ltr'><strong>rectoris</strong></span> 
     </span>
    </p>
   </div>
   <div class='ocr_carea' id='block_1_75' title="bbox 1903 1565 3488 1640">
    <p class='ocr_par' dir='ltr' id='par_1_75' title="bbox 1903 1565 3488 1640">
     <span class='ocr_line' id='line_1_75' title="bbox 1903 1565 3488 1640; baseline 0.004 -21"><span class='ocrx_word' id='word_1_508' title='bbox 1903 1565 2076 1634; x_wconf 87' lang='lat' dir='ltr'><strong>ipsius</strong></span> <span class='ocrx_word' id='word_1_509' title='bbox 2101 1567 2418 1632; x_wconf 78' lang='lat' dir='ltr'><strong>monasterii</strong></span> <span class='ocrx_word' id='word_1_510' title='bbox 2446 1567 2558 1623; x_wconf 92' lang='lat' dir='ltr'><strong>ullo</strong></span> <span class='ocrx_word' id='word_1_511' title='bbox 2589 1583 2830 1639; x_wconf 85' lang='lat' dir='ltr'><strong>unquam</strong></span> <span class='ocrx_word' id='word_1_512' title='bbox 2873 1577 3114 1638; x_wconf 90' lang='lat' dir='ltr'><strong>tempore</strong></span> <span class='ocrx_word' id='word_1_513' title='bbox 3160 1569 3299 1626; x_wconf 83' lang='lat' dir='ltr'><strong>infra</strong></span> <span class='ocrx_word' id='word_1_514' title='bbox 3342 1570 3488 1640; x_wconf 88' lang='lat' dir='ltr'><strong>ipsos</strong></span> 
     </span>
    </p>
   </div>
   <div class='ocr_carea' id='block_1_76' title="bbox 1906 1657 3493 1730">
    <p class='ocr_par' dir='ltr' id='par_1_76' title="bbox 1906 1657 3493 1730">
     <span class='ocr_line' id='line_1_76' title="bbox 1906 1657 3493 1730; baseline 0.004 -20"><span class='ocrx_word' id='word_1_515' title='bbox 1906 1657 2167 1712; x_wconf 89' lang='lat' dir='ltr'><strong>terminos</strong></span> <span class='ocrx_word' id='word_1_516' title='bbox 2195 1657 2395 1714; x_wconf 90' lang='lat' dir='ltr'><strong>ibidem</strong></span> <span class='ocrx_word' id='word_1_517' title='bbox 2421 1657 2626 1730; x_wconf 77' lang='lat' dir='ltr'><strong>ingredi</strong></span> <span class='ocrx_word' id='word_1_518' title='bbox 2650 1659 2886 1730; x_wconf 76' lang='lat' dir='ltr'><strong>ptenitus</strong></span> <span class='ocrx_word' id='word_1_519' title='bbox 2910 1675 3015 1714; x_wconf 92' lang='lat' dir='ltr'><strong>non</strong></span> <span class='ocrx_word' id='word_1_520' title='bbox 3054 1667 3366 1728; x_wconf 61' lang='lat' dir='ltr'><strong>praesumat,</strong></span> <span class='ocrx_word' id='word_1_521' title='bbox 3393 1658 3493 1716; x_wconf 81' lang='lat' dir='ltr'><strong>sed</strong></span> 
     </span>
    </p>
   </div>
   <div class='ocr_carea' id='block_1_77' title="bbox 1903 1747 3492 1820">
    <p class='ocr_par' dir='ltr' id='par_1_77' title="bbox 1903 1747 3492 1820">
     <span class='ocr_line' id='line_1_77' title="bbox 1903 1747 3492 1820; baseline 0.001 -18"><span class='ocrx_word' id='word_1_522' title='bbox 1903 1747 2044 1802; x_wconf 91' lang='lat' dir='ltr'><strong>sicut</strong></span> <span class='ocrx_word' id='word_1_523' title='bbox 2081 1748 2138 1802; x_wconf 90' lang='lat' dir='ltr'><strong>in</strong></span> <span class='ocrx_word' id='word_1_524' title='bbox 2173 1757 2358 1806; x_wconf 91' lang='lat' dir='ltr'><strong>nostra</strong></span> <span class='ocrx_word' id='word_1_525' title='bbox 2393 1748 2732 1820; x_wconf 84' lang='lat' dir='ltr'><strong>eleemosyna</strong></span> <span class='ocrx_word' id='word_1_526' title='bbox 2761 1749 3149 1814; x_wconf 89' lang='lat' dir='ltr'><strong>concessimus,</strong></span> <span class='ocrx_word' id='word_1_527' title='bbox 3178 1749 3253 1804; x_wconf 88' lang='lat' dir='ltr'><strong>ita</strong></span> <span class='ocrx_word' id='word_1_528' title='bbox 3285 1749 3340 1804; x_wconf 89' lang='lat' dir='ltr'><strong>in</strong></span> <span class='ocrx_word' id='word_1_529' title='bbox 3365 1763 3492 1820; x_wconf 88' lang='lat' dir='ltr'><strong>per-</strong></span> 
     </span>
    </p>
   </div>
   <div class='ocr_carea' id='block_1_78' title="bbox 1901 1839 3494 1910">
    <p class='ocr_par' dir='ltr' id='par_1_78' title="bbox 1901 1839 3494 1910">
     <span class='ocr_line' id='line_1_78' title="bbox 1901 1839 3494 1910; baseline 0 -16"><span class='ocrx_word' id='word_1_530' title='bbox 1901 1846 2122 1910; x_wconf 90' lang='lat' dir='ltr'><strong>petuum</strong></span> <span class='ocrx_word' id='word_1_531' title='bbox 2141 1840 2214 1894; x_wconf 91' lang='lat' dir='ltr'><strong>sit</strong></span> <span class='ocrx_word' id='word_1_532' title='bbox 2233 1839 2561 1895; x_wconf 89' lang='lat' dir='ltr'><strong>omnimodis</strong></span> <span class='ocrx_word' id='word_1_533' title='bbox 2580 1849 2981 1896; x_wconf 86' lang='lat' dir='ltr'><strong>conservatum.</strong></span> <span class='ocrx_word' id='word_1_534' title='bbox 3007 1839 3178 1906; x_wconf 86' lang='lat' dir='ltr'><strong>Quam</strong></span> <span class='ocrx_word' id='word_1_535' title='bbox 3200 1853 3330 1894; x_wconf 90' lang='lat' dir='ltr'><strong>vero</strong></span> <span class='ocrx_word' id='word_1_536' title='bbox 3354 1853 3494 1908; x_wconf 73' lang='lat' dir='ltr'><strong>prte-</strong></span> 
     </span>
    </p>
   </div>
   <div class='ocr_carea' id='block_1_79' title="bbox 1903 1929 3492 2000">
    <p class='ocr_par' dir='ltr' id='par_1_79' title="bbox 1903 1929 3492 2000">
     <span class='ocr_line' id='line_1_79' title="bbox 1903 1929 3492 2000; baseline 0.001 -16"><span class='ocrx_word' id='word_1_537' title='bbox 1903 1929 2224 2000; x_wconf 88' lang='lat' dir='ltr'><strong>ceptionem,</strong></span> <span class='ocrx_word' id='word_1_538' title='bbox 2265 1937 2324 1984; x_wconf 90' lang='lat' dir='ltr'><strong>ut</strong></span> <span class='ocrx_word' id='word_1_539' title='bbox 2353 1929 2564 1985; x_wconf 91' lang='lat' dir='ltr'><strong>ﬁrmior</strong></span> <span class='ocrx_word' id='word_1_540' title='bbox 2609 1929 2894 1997; x_wconf 87' lang='lat' dir='ltr'><strong>habeatur,</strong></span> <span class='ocrx_word' id='word_1_541' title='bbox 2933 1929 3121 1986; x_wconf 86' lang='lat' dir='ltr'><strong>subter</strong></span> <span class='ocrx_word' id='word_1_542' title='bbox 3147 1944 3270 1986; x_wconf 86' lang='lat' dir='ltr'><strong>eam</strong></span> <span class='ocrx_word' id='word_1_543' title='bbox 3305 1929 3492 1986; x_wconf 84' lang='lat' dir='ltr'><strong>decre-</strong></span> 
     </span>
    </p>
   </div>
   <div class='ocr_carea' id='block_1_80' title="bbox 1905 2017 2408 2075">
    <p class='ocr_par' dir='ltr' id='par_1_80' title="bbox 1905 2017 2408 2075">
     <span class='ocr_line' id='line_1_80' title="bbox 1905 2017 2408 2075; baseline 0.002 -4"><span class='ocrx_word' id='word_1_544' title='bbox 1905 2017 2080 2072; x_wconf 86' lang='lat' dir='ltr'><strong>vimus</strong></span> <span class='ocrx_word' id='word_1_545' title='bbox 2101 2018 2408 2075; x_wconf 87' lang='lat' dir='ltr'><strong>adﬁrmare.</strong></span> 
     </span>
    </p>
   </div>
   <div class='ocr_carea' id='block_1_81' title="bbox 1977 2107 2975 2180">
    <p class='ocr_par' dir='ltr' id='par_1_81' title="bbox 1977 2107 2975 2180">
     <span class='ocr_line' id='line_1_81' title="bbox 1977 2107 2975 2180; baseline -0.001 -17"><span class='ocrx_word' id='word_1_546' title='bbox 1977 2109 2203 2180; x_wconf 77' lang='lat' dir='ltr'><strong>Signum</strong></span> <span class='ocrx_word' id='word_1_547' title='bbox 2236 2115 2294 2173; x_wconf 63' lang='lat'><strong>&gt;14</strong></span> <span class='ocrx_word' id='word_1_548' title='bbox 2325 2107 2535 2180; x_wconf 89' lang='lat' dir='ltr'><strong>Pippini</strong></span> <span class='ocrx_word' id='word_1_549' title='bbox 2562 2108 2781 2180; x_wconf 86' lang='lat' dir='ltr'><strong>gloriosi</strong></span> <span class='ocrx_word' id='word_1_550' title='bbox 2815 2109 2975 2178; x_wconf 86' lang='lat' dir='ltr'><strong>regis.</strong></span> 
     </span>
    </p>
   </div>
   <div class='ocr_carea' id='block_1_82' title="bbox 1904 2199 2876 2272">
    <p class='ocr_par' dir='ltr' id='par_1_82' title="bbox 1904 2199 2876 2272">
     <span class='ocr_line' id='line_1_82' title="bbox 1904 2199 2876 2272; baseline -0.004 -15"><span class='ocrx_word' id='word_1_551' title='bbox 1904 2205 1928 2257; x_wconf 64' lang='grc' dir='ltr'><strong>ε</strong></span> <span class='ocrx_word' id='word_1_552' title='bbox 1975 2201 2004 2241; x_wconf 74' lang='grc' dir='ltr'><strong>ιι</strong></span> <span class='ocrx_word' id='word_1_553' title='bbox 2036 2199 2313 2256; x_wconf 84' lang='lat' dir='ltr'><strong>Hitherius</strong></span> <span class='ocrx_word' id='word_1_554' title='bbox 2332 2201 2619 2272; x_wconf 78' lang='lat' dir='ltr'><strong>recognovi</strong></span> <span class='ocrx_word' id='word_1_555' title='bbox 2646 2207 2700 2256; x_wconf 92' lang='lat' dir='ltr'><strong>et</strong></span> <span class='ocrx_word' id='word_1_556' title='bbox 2727 2199 2876 2256; x_wconf 86' lang='lat' dir='ltr'><strong>subs.</strong></span> 
     </span>
    </p>
   </div>
   <div class='ocr_carea' id='block_1_83' title="bbox 1976 2293 3493 2368">
    <p class='ocr_par' dir='ltr' id='par_1_83' title="bbox 1976 2293 3493 2368">
     <span class='ocr_line' id='line_1_83' title="bbox 1976 2293 3493 2368; baseline 0.004 -20"><span class='ocrx_word' id='word_1_557' title='bbox 1976 2293 2111 2349; x_wconf 88' lang='lat' dir='ltr'><strong>Data</strong></span> <span class='ocrx_word' id='word_1_558' title='bbox 2141 2295 2196 2349; x_wconf 93' lang='lat' dir='ltr'><strong>in</strong></span> <span class='ocrx_word' id='word_1_559' title='bbox 2223 2310 2410 2351; x_wconf 91' lang='lat' dir='ltr'><strong>mense</strong></span> <span class='ocrx_word' id='word_1_560' title='bbox 2446 2293 2806 2366; x_wconf 90' lang='lat' dir='ltr'><strong>Septembrio,</strong></span> <span class='ocrx_word' id='word_1_561' title='bbox 2840 2311 2983 2351; x_wconf 90' lang='lat' dir='ltr'><strong>anno</strong></span> <span class='ocrx_word' id='word_1_562' title='bbox 3017 2296 3225 2353; x_wconf 92' lang='lat' dir='ltr'><strong>decimo</strong></span> <span class='ocrx_word' id='word_1_563' title='bbox 3251 2297 3493 2368; x_wconf 86' lang='lat' dir='ltr'><strong>Septimo</strong></span> 
     </span>
    </p>
   </div>
   <div class='ocr_carea' id='block_1_84' title="bbox 1907 2385 3496 2466">
    <p class='ocr_par' dir='ltr' id='par_1_84' title="bbox 1907 2385 3496 2466">
     <span class='ocr_line' id='line_1_84' title="bbox 1907 2385 3496 2466; baseline 0.003 -26"><span class='ocrx_word' id='word_1_564' title='bbox 1907 2385 2059 2455; x_wconf 85' lang='lat' dir='ltr'><strong>regni</strong></span> <span class='ocrx_word' id='word_1_565' title='bbox 2087 2385 2279 2440; x_wconf 89' lang='lat' dir='ltr'><strong>nostri.</strong></span> <span class='ocrx_word' id='word_1_566' title='bbox 2327 2385 2522 2442; x_wconf 85' lang='lat' dir='ltr'><strong>Actum</strong></span> <span class='ocrx_word' id='word_1_567' title='bbox 2568 2385 2624 2466; x_wconf 89' lang='lat' dir='ltr'><strong>in</strong></span> <span class='ocrx_word' id='word_1_568' title='bbox 2663 2387 2995 2442; x_wconf 88' lang='lat' dir='ltr'><strong>monasterio</strong></span> <span class='ocrx_word' id='word_1_569' title='bbox 3040 2389 3213 2443; x_wconf 88' lang='lat' dir='ltr'><strong>sancti</strong></span> <span class='ocrx_word' id='word_1_570' title='bbox 3255 2387 3496 2462; x_wconf 87' lang='lat' dir='ltr'><strong>Dionysii</strong></span> 
     </span>
    </p>
   </div>
   <div class='ocr_carea' id='block_1_85' title="bbox 1905 2475 2152 2532">
    <p class='ocr_par' dir='ltr' id='par_1_85' title="bbox 1905 2475 2152 2532">
     <span class='ocr_line' id='line_1_85' title="bbox 1905 2475 2152 2532; baseline -0.004 -2"><span class='ocrx_word' id='word_1_571' title='bbox 1905 2475 2152 2532; x_wconf 79' lang='lat' dir='ltr'><strong>feliciter.</strong></span> 
     </span>
    </p>
   </div>
   <div class='ocr_carea' id='block_1_86' title="bbox 1909 2568 3492 2732">
    <p class='ocr_par' dir='ltr' id='par_1_86' title="bbox 1909 2568 3492 2732">
     <span class='ocr_line' id='line_1_86' title="bbox 1909 2568 3492 2732; baseline 0.001 -18"><span class='ocrx_word' id='word_1_572' title='bbox 1909 2660 2239 2732; x_wconf 72' lang='lat' dir='ltr'><strong>Prwccptum</strong></span> <span class='ocrx_word' id='word_1_573' title='bbox 2287 2568 3145 2732; x_wconf 41' lang='lat' dir='ltr'><strong>Pippinﬂzgisxxgimmunitate</strong></span> <span class='ocrx_word' id='word_1_574' title='bbox 3193 2661 3492 2715; x_wconf 77' lang='lat' dir='ltr'><strong>monasterii</strong></span> 
     </span>
    </p>
   </div>
   <div class='ocr_carea' id='block_1_87' title="bbox 2297 2727 3104 2800">
    <p class='ocr_par' dir='ltr' id='par_1_87' title="bbox 2297 2727 3104 2800">
     <span class='ocr_line' id='line_1_87' title="bbox 2297 2727 3104 2800; baseline 0 -16"><span class='ocrx_word' id='word_1_575' title='bbox 2297 2727 2464 2784; x_wconf 62' lang='lat' dir='ltr'><strong>sancti</strong></span> <span class='ocrx_word' id='word_1_576' title='bbox 2489 2727 2731 2798; x_wconf 65' lang='lat' dir='ltr'><strong>Dionysii</strong></span> <span class='ocrx_word' id='word_1_577' title='bbox 2767 2729 2932 2800; x_wconf 81' lang='lat' dir='ltr'><strong>(anno</strong></span> <span class='ocrx_word' id='word_1_578' title='bbox 2959 2729 3104 2800; x_wconf 88' lang='lat'><strong>768).</strong></span> 
     </span>
    </p>
   </div>
   <div class='ocr_carea' id='block_1_88' title="bbox 2317 2816 3104 2881">
    <p class='ocr_par' dir='ltr' id='par_1_88' title="bbox 2317 2816 3104 2881">
     <span class='ocr_line' id='line_1_88' title="bbox 2317 2816 3104 2881; baseline 0.003 -13"><span class='ocrx_word' id='word_1_579' title='bbox 2317 2816 2480 2881; x_wconf 76' lang='lat' dir='ltr'><strong>(Apud</strong></span> <span class='ocrx_word' id='word_1_580' title='bbox 2502 2816 2566 2869; x_wconf 87' lang='lat' dir='ltr'><strong>D.</strong></span> <span class='ocrx_word' id='word_1_581' title='bbox 2592 2817 2838 2880; x_wconf 87' lang='lat' dir='ltr'><strong>Bouquet,</strong></span> <span class='ocrx_word' id='word_1_582' title='bbox 2865 2822 2984 2868; x_wconf 89' lang='lat' dir='ltr'><strong>tom.</strong></span> <span class='ocrx_word' id='word_1_583' title='bbox 3017 2816 3104 2880; x_wconf 74' lang='grc' dir='ltr'><strong>ν.)</strong></span> 
     </span>
    </p>
   </div>
   <div class='ocr_carea' id='block_1_89' title="bbox 1979 2901 3494 2991">
    <p class='ocr_par' dir='ltr' id='par_1_89' title="bbox 1979 2901 3494 2991">
     <span class='ocr_line' id='line_1_89' title="bbox 1979 2901 3494 2991; baseline -0.001 -17"><span class='ocrx_word' id='word_1_584' title='bbox 1979 2919 2236 2991; x_wconf 85' lang='lat' dir='ltr'><strong>Pippinus</strong></span> <span class='ocrx_word' id='word_1_585' title='bbox 2263 2934 2361 2975; x_wconf 80' lang='lat' dir='ltr'><strong>rex</strong></span> <span class='ocrx_word' id='word_1_586' title='bbox 2386 2901 2848 2975; x_wconf 31' lang='lat' dir='ltr'><strong>Francorum&#39;vir</strong></span> <span class='ocrx_word' id='word_1_587' title='bbox 2885 2918 3132 2974; x_wconf 88' lang='lat' dir='ltr'><strong>inluster.</strong></span> <span class='ocrx_word' id='word_1_588' title='bbox 3180 2918 3494 2990; x_wconf 87' lang='lat' dir='ltr'><strong>lneipientia</strong></span> 
     </span>
    </p>
   </div>
   <div class='ocr_carea' id='block_1_90' title="bbox 1907 3007 3498 3082">
    <p class='ocr_par' dir='ltr' id='par_1_90' title="bbox 1907 3007 3498 3082">
     <span class='ocr_line' id='line_1_90' title="bbox 1907 3007 3498 3082; baseline 0 -18"><span class='ocrx_word' id='word_1_589' title='bbox 1907 3011 2064 3082; x_wconf 85' lang='lat' dir='ltr'><strong>regni</strong></span> <span class='ocrx_word' id='word_1_590' title='bbox 2093 3009 2265 3066; x_wconf 88' lang='lat' dir='ltr'><strong>nostri</strong></span> <span class='ocrx_word' id='word_1_591' title='bbox 2293 3007 2490 3065; x_wconf 82' lang='lat' dir='ltr'><strong>aﬁ&#39;ectu</strong></span> <span class='ocrx_word' id='word_1_592' title='bbox 2512 3009 2578 3064; x_wconf 90' lang='lat' dir='ltr'><strong>de</strong></span> <span class='ocrx_word' id='word_1_593' title='bbox 2608 3017 2793 3064; x_wconf 88' lang='lat' dir='ltr'><strong>nostra</strong></span> <span class='ocrx_word' id='word_1_594' title='bbox 2821 3010 3096 3065; x_wconf 89' lang='lat' dir='ltr'><strong>erectione</strong></span> <span class='ocrx_word' id='word_1_595' title='bbox 3119 3009 3325 3081; x_wconf 89' lang='lat' dir='ltr'><strong>integre</strong></span> <span class='ocrx_word' id='word_1_596' title='bbox 3345 3011 3498 3064; x_wconf 78' lang='lat' dir='ltr'><strong>auxi-</strong></span> 
     </span>
    </p>
   </div>
   <div class='ocr_carea' id='block_1_91' title="bbox 1908 3103 3498 3175">
    <p class='ocr_par' dir='ltr' id='par_1_91' title="bbox 1908 3103 3498 3175">
     <span class='ocr_line' id='line_1_91' title="bbox 1908 3103 3498 3175; baseline -0.003 -15"><span class='ocrx_word' id='word_1_597' title='bbox 1908 3105 2074 3161; x_wconf 82' lang='lat' dir='ltr'><strong>liante</strong></span> <span class='ocrx_word' id='word_1_598' title='bbox 2093 3105 2322 3170; x_wconf 81' lang='lat' dir='ltr'><strong>Domino</strong></span> <span class='ocrx_word' id='word_1_599' title='bbox 2341 3103 2559 3175; x_wconf 84' lang='lat' dir='ltr'><strong>vigilavi</strong></span> <span class='ocrx_word' id='word_1_600' title='bbox 2585 3111 2640 3159; x_wconf 91' lang='lat' dir='ltr'><strong>et</strong></span> <span class='ocrx_word' id='word_1_601' title='bbox 2665 3107 2764 3174; x_wconf 75' lang='lat' dir='ltr'><strong>pro</strong></span> <span class='ocrx_word' id='word_1_602' title='bbox 2793 3103 2907 3173; x_wconf 89' lang='lat' dir='ltr'><strong>ipsa</strong></span> <span class='ocrx_word' id='word_1_603' title='bbox 2935 3104 3075 3158; x_wconf 92' lang='lat' dir='ltr'><strong>bona</strong></span> <span class='ocrx_word' id='word_1_604' title='bbox 3096 3118 3257 3174; x_wconf 89' lang='lat' dir='ltr'><strong>opera</strong></span> <span class='ocrx_word' id='word_1_605' title='bbox 3278 3111 3498 3158; x_wconf 87' lang='lat' dir='ltr'><strong>auctum</strong></span> 
     </span>
    </p>
   </div>
   <div class='ocr_carea' id='block_1_92' title="bbox 1908 3193 3496 3266">
    <p class='ocr_par' dir='ltr' id='par_1_92' title="bbox 1908 3193 3496 3266">
     <span class='ocr_line' id='line_1_92' title="bbox 1908 3193 3496 3266; baseline -0.001 -14"><span class='ocrx_word' id='word_1_606' title='bbox 1908 3211 2031 3252; x_wconf 87' lang='lat' dir='ltr'><strong>cum</strong></span> <span class='ocrx_word' id='word_1_607' title='bbox 2060 3194 2287 3252; x_wconf 91' lang='lat' dir='ltr'><strong>consilio</strong></span> <span class='ocrx_word' id='word_1_608' title='bbox 2329 3193 2672 3266; x_wconf 86' lang='lat' dir='ltr'><strong>pontefecum</strong></span> <span class='ocrx_word' id='word_1_609' title='bbox 2693 3234 2709 3261; x_wconf 95' lang='lat'><strong>,</strong></span> <span class='ocrx_word' id='word_1_610' title='bbox 2739 3193 2825 3250; x_wconf 88' lang='lat' dir='ltr'><strong>vel</strong></span> <span class='ocrx_word' id='word_1_611' title='bbox 2861 3194 3137 3250; x_wconf 86' lang='lat' dir='ltr'><strong>seniorum</strong></span> <span class='ocrx_word' id='word_1_612' title='bbox 3175 3193 3496 3266; x_wconf 86' lang='lat' dir='ltr'><strong>optimatum</strong></span> 
     </span>
    </p>
   </div>
   <div class='ocr_carea' id='block_1_93' title="bbox 1906 3285 3499 3359">
    <p class='ocr_par' dir='ltr' id='par_1_93' title="bbox 1906 3285 3499 3359">
     <span class='ocr_line' id='line_1_93' title="bbox 1906 3285 3499 3359; baseline -0.001 -17"><span class='ocrx_word' id='word_1_613' title='bbox 1906 3297 2215 3344; x_wconf 86' lang='lat' dir='ltr'><strong>nostrorum</strong></span> <span class='ocrx_word' id='word_1_614' title='bbox 2239 3287 2558 3352; x_wconf 90' lang='lat' dir='ltr'><strong>emunitate,</strong></span> <span class='ocrx_word' id='word_1_615' title='bbox 2587 3303 2686 3358; x_wconf 89' lang='lat' dir='ltr'><strong>pro</strong></span> <span class='ocrx_word' id='word_1_616' title='bbox 2721 3293 2909 3342; x_wconf 87' lang='lat' dir='ltr'><strong>nostro</strong></span> <span class='ocrx_word' id='word_1_617' title='bbox 2941 3285 3371 3342; x_wconf 89' lang='lat' dir='ltr'><strong>conﬁrmandum</strong></span> <span class='ocrx_word' id='word_1_618' title='bbox 3401 3299 3499 3359; x_wconf 80' lang='lat' dir='ltr'><strong>re-</strong></span> 
     </span>
    </p>
   </div>
   <div class='ocr_carea' id='block_1_94' title="bbox 1907 3376 3494 3450">
    <p class='ocr_par' dir='ltr' id='par_1_94' title="bbox 1907 3376 3494 3450">
     <span class='ocr_line' id='line_1_94' title="bbox 1907 3376 3494 3450; baseline 0.001 -18"><span class='ocrx_word' id='word_1_619' title='bbox 1907 3395 2072 3450; x_wconf 86' lang='lat' dir='ltr'><strong>gnum</strong></span> <span class='ocrx_word' id='word_1_620' title='bbox 2098 3387 2154 3434; x_wconf 90' lang='lat' dir='ltr'><strong>et</strong></span> <span class='ocrx_word' id='word_1_621' title='bbox 2180 3378 2447 3445; x_wconf 88' lang='lat' dir='ltr'><strong>mercide,</strong></span> <span class='ocrx_word' id='word_1_622' title='bbox 2477 3378 2561 3433; x_wconf 88' lang='lat' dir='ltr'><strong>vel</strong></span> <span class='ocrx_word' id='word_1_623' title='bbox 2587 3377 2746 3432; x_wconf 88' lang='lat' dir='ltr'><strong>adine</strong></span> <span class='ocrx_word' id='word_1_624' title='bbox 2785 3377 3099 3448; x_wconf 91' lang='lat' dir='ltr'><strong>piscendam</strong></span> <span class='ocrx_word' id='word_1_625' title='bbox 3136 3376 3305 3432; x_wconf 89' lang='lat' dir='ltr'><strong>vitam</strong></span> <span class='ocrx_word' id='word_1_626' title='bbox 3342 3384 3494 3434; x_wconf 69' lang='lat' dir='ltr'><strong>aeter-</strong></span> 
     </span>
    </p>
   </div>
   <div class='ocr_carea' id='block_1_95' title="bbox 1908 3467 3496 3540">
    <p class='ocr_par' dir='ltr' id='par_1_95' title="bbox 1908 3467 3496 3540">
     <span class='ocr_line' id='line_1_95' title="bbox 1908 3467 3496 3540; baseline 0.001 -16"><span class='ocrx_word' id='word_1_627' title='bbox 1908 3485 2035 3524; x_wconf 86' lang='lat' dir='ltr'><strong>nam</strong></span> <span class='ocrx_word' id='word_1_628' title='bbox 2059 3484 2324 3525; x_wconf 90' lang='lat' dir='ltr'><strong>renovare</strong></span> <span class='ocrx_word' id='word_1_629' title='bbox 2352 3469 2699 3524; x_wconf 88' lang='lat' dir='ltr'><strong>deberimus:</strong></span> <span class='ocrx_word' id='word_1_630' title='bbox 2728 3469 2872 3538; x_wconf 90' lang='lat' dir='ltr'><strong>quod</strong></span> <span class='ocrx_word' id='word_1_631' title='bbox 2899 3469 2974 3523; x_wconf 88' lang='lat' dir='ltr'><strong>ita</strong></span> <span class='ocrx_word' id='word_1_632' title='bbox 2997 3476 3054 3522; x_wconf 90' lang='lat' dir='ltr'><strong>et</strong></span> <span class='ocrx_word' id='word_1_633' title='bbox 3081 3467 3330 3524; x_wconf 80' lang='lat' dir='ltr'><strong>fecimus.</strong></span> <span class='ocrx_word' id='word_1_634' title='bbox 3353 3467 3496 3540; x_wconf 75' lang='lat' dir='ltr'><strong>Ergo</strong></span> 
     </span>
    </p>
   </div>
   <div class='ocr_carea' id='block_1_96' title="bbox 1907 3559 3502 3634">
    <p class='ocr_par' dir='ltr' id='par_1_96' title="bbox 1907 3559 3502 3634">
     <span class='ocr_line' id='line_1_96' title="bbox 1907 3559 3502 3634; baseline -0.003 -16"><span class='ocrx_word' id='word_1_635' title='bbox 1907 3570 2121 3633; x_wconf 85' lang='lat' dir='ltr'><strong>oportet</strong></span> <span class='ocrx_word' id='word_1_636' title='bbox 2155 3562 2446 3619; x_wconf 78' lang='lat' dir='ltr'><strong>elimentite</strong></span> <span class='ocrx_word' id='word_1_637' title='bbox 2479 3561 2766 3634; x_wconf 87' lang='lat' dir='ltr'><strong>principali</strong></span> <span class='ocrx_word' id='word_1_638' title='bbox 2810 3561 2953 3616; x_wconf 89' lang='lat' dir='ltr'><strong>inter</strong></span> <span class='ocrx_word' id='word_1_639' title='bbox 2988 3559 3186 3616; x_wconf 84' lang='lat' dir='ltr'><strong>citeras</strong></span> <span class='ocrx_word' id='word_1_640' title='bbox 3212 3559 3502 3630; x_wconf 88' lang='lat' dir='ltr'><strong>petitiones</strong></span> 
     </span>
    </p>
   </div>
   <div class='ocr_carea' id='block_1_97' title="bbox 1911 3649 3500 3726">
    <p class='ocr_par' dir='ltr' id='par_1_97' title="bbox 1911 3649 3500 3726">
     <span class='ocr_line' id='line_1_97' title="bbox 1911 3649 3500 3726; baseline -0.003 -18"><span class='ocrx_word' id='word_1_641' title='bbox 1911 3654 2041 3710; x_wconf 91' lang='lat' dir='ltr'><strong>illud</strong></span> <span class='ocrx_word' id='word_1_642' title='bbox 2070 3653 2214 3726; x_wconf 91' lang='lat' dir='ltr'><strong>quod</strong></span> <span class='ocrx_word' id='word_1_643' title='bbox 2236 3669 2336 3725; x_wconf 91' lang='lat' dir='ltr'><strong>pro</strong></span> <span class='ocrx_word' id='word_1_644' title='bbox 2357 3653 2530 3710; x_wconf 90' lang='lat' dir='ltr'><strong>salute</strong></span> <span class='ocrx_word' id='word_1_645' title='bbox 2553 3651 2900 3716; x_wconf 89' lang='lat' dir='ltr'><strong>adscribitur,</strong></span> <span class='ocrx_word' id='word_1_646' title='bbox 2929 3659 2984 3706; x_wconf 88' lang='lat' dir='ltr'><strong>et</strong></span> <span class='ocrx_word' id='word_1_647' title='bbox 3001 3665 3100 3720; x_wconf 89' lang='lat' dir='ltr'><strong>pro</strong></span> <span class='ocrx_word' id='word_1_648' title='bbox 3124 3649 3302 3706; x_wconf 89' lang='lat' dir='ltr'><strong>divine</strong></span> <span class='ocrx_word' id='word_1_649' title='bbox 3323 3649 3500 3704; x_wconf 89' lang='lat' dir='ltr'><strong>nomi-</strong></span> 
     </span>
    </p>
   </div>
   <div class='ocr_carea' id='block_1_98' title="bbox 1910 3741 3503 3816">
    <p class='ocr_par' dir='ltr' id='par_1_98' title="bbox 1910 3741 3503 3816">
     <span class='ocr_line' id='line_1_98' title="bbox 1910 3741 3503 3816; baseline -0.004 -15"><span class='ocrx_word' id='word_1_650' title='bbox 1910 3747 1996 3801; x_wconf 88' lang='lat' dir='ltr'><strong>nis</strong></span> <span class='ocrx_word' id='word_1_651' title='bbox 2023 3745 2345 3816; x_wconf 83' lang='lat' dir='ltr'><strong>postulatur,</strong></span> <span class='ocrx_word' id='word_1_652' title='bbox 2385 3743 2650 3815; x_wconf 84' lang='lat' dir='ltr'><strong>plaeabile</strong></span> <span class='ocrx_word' id='word_1_653' title='bbox 2689 3741 2931 3797; x_wconf 90' lang='lat' dir='ltr'><strong>auditum</strong></span> <span class='ocrx_word' id='word_1_654' title='bbox 2959 3741 3268 3810; x_wconf 89' lang='lat' dir='ltr'><strong>suscipere,</strong></span> <span class='ocrx_word' id='word_1_655' title='bbox 3295 3747 3351 3794; x_wconf 87' lang='lat' dir='ltr'><strong>et</strong></span> <span class='ocrx_word' id='word_1_656' title='bbox 3378 3754 3503 3810; x_wconf 83' lang='lat' dir='ltr'><strong>pro-</strong></span> 
     </span>
    </p>
   </div>
   <div class='ocr_carea' id='block_1_99' title="bbox 1912 3829 3503 3904">
    <p class='ocr_par' dir='ltr' id='par_1_99' title="bbox 1912 3829 3503 3904">
     <span class='ocr_line' id='line_1_99' title="bbox 1912 3829 3503 3904; baseline -0.006 -11"><span class='ocrx_word' id='word_1_657' title='bbox 1912 3838 1999 3894; x_wconf 89' lang='lat' dir='ltr'><strong>eul</strong></span> <span class='ocrx_word' id='word_1_658' title='bbox 2035 3837 2260 3892; x_wconf 89' lang='lat' dir='ltr'><strong>dubium</strong></span> <span class='ocrx_word' id='word_1_659' title='bbox 2287 3836 2357 3892; x_wconf 87' lang='lat' dir='ltr'><strong>ad</strong></span> <span class='ocrx_word' id='word_1_660' title='bbox 2379 3833 2630 3891; x_wconf 70' lang='lat' dir='ltr'><strong>effectum</strong></span> <span class='ocrx_word' id='word_1_661' title='bbox 2656 3832 2957 3904; x_wconf 82' lang='lat' dir='ltr'><strong>perducere</strong></span> <span class='ocrx_word' id='word_1_662' title='bbox 2975 3873 2990 3899; x_wconf 91' lang='lat'><strong>,</strong></span> <span class='ocrx_word' id='word_1_663' title='bbox 3021 3839 3289 3902; x_wconf 87' lang='lat' dir='ltr'><strong>quatenus</strong></span> <span class='ocrx_word' id='word_1_664' title='bbox 3317 3829 3385 3885; x_wconf 91' lang='lat' dir='ltr'><strong>de</strong></span> <span class='ocrx_word' id='word_1_665' title='bbox 3412 3844 3503 3885; x_wconf 88' lang='lat' dir='ltr'><strong>ca-</strong></span> 
     </span>
    </p>
   </div>
   <div class='ocr_carea' id='block_1_100' title="bbox 1911 3920 3506 3996">
    <p class='ocr_par' dir='ltr' id='par_1_100' title="bbox 1911 3920 3506 3996">
     <span class='ocr_line' id='line_1_100' title="bbox 1911 3920 3506 3996; baseline -0.005 -14"><span class='ocrx_word' id='word_1_666' title='bbox 1911 3927 2066 3982; x_wconf 91' lang='lat' dir='ltr'><strong>ducis</strong></span> <span class='ocrx_word' id='word_1_667' title='bbox 2119 3926 2282 3982; x_wconf 89' lang='lat' dir='ltr'><strong>rebus</strong></span> <span class='ocrx_word' id='word_1_668' title='bbox 2335 3925 2620 3996; x_wconf 75' lang='lat' dir='ltr'><strong>prtesentis</strong></span> <span class='ocrx_word' id='word_1_669' title='bbox 2675 3921 2858 3980; x_wconf 67' lang='lat' dir='ltr'><strong>saeculi</strong></span> <span class='ocrx_word' id='word_1_670' title='bbox 2913 3931 3116 3978; x_wconf 65' lang='lat' dir='ltr'><strong>aeterna</strong></span> <span class='ocrx_word' id='word_1_671' title='bbox 3169 3920 3506 3991; x_wconf 91' lang='lat' dir='ltr'><strong>conquiritur</strong></span> 
     </span>
    </p>
   </div>
   <div class='ocr_carea' id='block_1_101' title="bbox 1907 4011 3504 4092">
    <p class='ocr_par' dir='ltr' id='par_1_101' title="bbox 1907 4011 3504 4092">
     <span class='ocr_line' id='line_1_101' title="bbox 1907 4011 3504 4092; baseline -0.006 -17"><span class='ocrx_word' id='word_1_672' title='bbox 1907 4019 2066 4090; x_wconf 77' lang='lat' dir='ltr'><strong>juxta</strong></span> <span class='ocrx_word' id='word_1_673' title='bbox 2090 4027 2424 4092; x_wconf 63' lang='lat' dir='ltr'><strong>praeceptum</strong></span> <span class='ocrx_word' id='word_1_674' title='bbox 2456 4017 2670 4074; x_wconf 91' lang='lat' dir='ltr'><strong>Domini</strong></span> <span class='ocrx_word' id='word_1_675' title='bbox 2691 4015 2922 4072; x_wconf 90' lang='lat' dir='ltr'><strong>dicentis</strong></span> <span class='ocrx_word' id='word_1_676' title='bbox 2947 4033 2961 4068; x_wconf 92' lang='lat'>:</span> <span class='ocrx_word' id='word_1_677' title='bbox 2989 4011 3174 4068; x_wconf 81' lang='lat' dir='ltr'><strong>Facite</strong></span> <span class='ocrx_word' id='word_1_678' title='bbox 3200 4013 3341 4070; x_wconf 78' lang='lat' dir='ltr'><strong>vobis</strong></span> <span class='ocrx_word' id='word_1_679' title='bbox 3369 4013 3504 4067; x_wconf 84' lang='lat' dir='ltr'><strong>ami-</strong></span> 
     </span>
    </p>
   </div>
   <div class='ocr_carea' id='block_1_102' title="bbox 1913 4103 3508 4178">
    <p class='ocr_par' dir='ltr' id='par_1_102' title="bbox 1913 4103 3508 4178">
     <span class='ocr_line' id='line_1_102' title="bbox 1913 4103 3508 4178; baseline -0.004 -12"><span class='ocrx_word' id='word_1_680' title='bbox 1913 4131 2000 4168; x_wconf 80' lang='lat' dir='ltr'><strong>cos</strong></span> <span class='ocrx_word' id='word_1_681' title='bbox 2023 4112 2087 4165; x_wconf 85' lang='lat' dir='ltr'><strong>de</strong></span> <span class='ocrx_word' id='word_1_682' title='bbox 2123 4127 2426 4164; x_wconf 84' lang='lat' dir='ltr'><strong>mammona</strong></span> <span class='ocrx_word' id='word_1_683' title='bbox 2467 4108 2759 4178; x_wconf 74' lang='lat' dir='ltr'><strong>iniquitatis</strong></span> <span class='ocrx_word' id='word_1_684' title='bbox 2789 4105 2942 4178; x_wconf 85' lang='lat' dir='ltr'><strong>(Luc.</strong></span> <span class='ocrx_word' id='word_1_685' title='bbox 2990 4121 3082 4159; x_wconf 78' lang='lat' dir='ltr'><strong>xvt</strong></span> <span class='ocrx_word' id='word_1_686' title='bbox 3103 4144 3117 4170; x_wconf 93' lang='lat'><strong>,</strong></span> <span class='ocrx_word' id='word_1_687' title='bbox 3150 4105 3228 4176; x_wconf 88' lang='lat'><strong>9).</strong></span> <span class='ocrx_word' id='word_1_688' title='bbox 3259 4103 3399 4175; x_wconf 88' lang='lat' dir='ltr'><strong>Ergo</strong></span> <span class='ocrx_word' id='word_1_689' title='bbox 3437 4103 3508 4160; x_wconf 87' lang='lat' dir='ltr'><strong>do</strong></span> 
     </span>
    </p>
   </div>
   <div class='ocr_carea' id='block_1_103' title="bbox 1913 4195 3500 4269">
    <p class='ocr_par' dir='ltr' id='par_1_103' title="bbox 1913 4195 3500 4269">
     <span class='ocr_line' id='line_1_103' title="bbox 1913 4195 3500 4269; baseline -0.003 -14"><span class='ocrx_word' id='word_1_690' title='bbox 1913 4215 2222 4255; x_wconf 90' lang='lat' dir='ltr'><strong>mammona</strong></span> <span class='ocrx_word' id='word_1_691' title='bbox 2248 4198 2567 4269; x_wconf 87' lang='lat' dir='ltr'><strong>iniquitatis,</strong></span> <span class='ocrx_word' id='word_1_692' title='bbox 2590 4196 2746 4264; x_wconf 80' lang='lat' dir='ltr'><strong>juxta</strong></span> <span class='ocrx_word' id='word_1_693' title='bbox 2775 4195 2946 4266; x_wconf 87' lang='lat' dir='ltr'><strong>ipsius</strong></span> <span class='ocrx_word' id='word_1_694' title='bbox 2970 4196 3176 4251; x_wconf 88' lang='lat' dir='ltr'><strong>dictum</strong></span> <span class='ocrx_word' id='word_1_695' title='bbox 3209 4211 3308 4250; x_wconf 92' lang='lat' dir='ltr'><strong>nos</strong></span> <span class='ocrx_word' id='word_1_696' title='bbox 3335 4210 3500 4265; x_wconf 89' lang='lat' dir='ltr'><strong>opor-</strong></span> 
     </span>
    </p>
   </div>
   <div class='ocr_carea' id='block_1_104' title="bbox 1915 4284 3506 4352">
    <p class='ocr_par' dir='ltr' id='par_1_104' title="bbox 1915 4284 3506 4352">
     <span class='ocr_line' id='line_1_104' title="bbox 1915 4284 3506 4352; baseline -0.003 -7"><span class='ocrx_word' id='word_1_697' title='bbox 1915 4297 1993 4345; x_wconf 89' lang='lat' dir='ltr'><strong>tet</strong></span> <span class='ocrx_word' id='word_1_698' title='bbox 2045 4303 2287 4344; x_wconf 88' lang='lat' dir='ltr'><strong>mercare</strong></span> <span class='ocrx_word' id='word_1_699' title='bbox 2330 4297 2534 4343; x_wconf 79' lang='lat' dir='ltr'><strong>teterna</strong></span> <span class='ocrx_word' id='word_1_700' title='bbox 2578 4285 2848 4352; x_wconf 82' lang='lat' dir='ltr'><strong>cmlestia;</strong></span> <span class='ocrx_word' id='word_1_701' title='bbox 2891 4291 2946 4342; x_wconf 93' lang='lat' dir='ltr'><strong>et</strong></span> <span class='ocrx_word' id='word_1_702' title='bbox 2991 4285 3120 4341; x_wconf 92' lang='lat' dir='ltr'><strong>dum</strong></span> <span class='ocrx_word' id='word_1_703' title='bbox 3165 4284 3506 4341; x_wconf 88' lang='lat' dir='ltr'><strong>sacerdotum</strong></span> 
     </span>
    </p>
   </div>
   <div class='ocr_carea' id='block_1_105' title="bbox 1915 4374 3510 4449">
    <p class='ocr_par' dir='ltr' id='par_1_105' title="bbox 1915 4374 3510 4449">
     <span class='ocr_line' id='line_1_105' title="bbox 1915 4374 3510 4449; baseline -0.001 -15"><span class='ocrx_word' id='word_1_704' title='bbox 1915 4393 2156 4449; x_wconf 91' lang='lat' dir='ltr'><strong>congrua</strong></span> <span class='ocrx_word' id='word_1_705' title='bbox 2185 4377 2528 4447; x_wconf 89' lang='lat' dir='ltr'><strong>impertimur</strong></span> <span class='ocrx_word' id='word_1_706' title='bbox 2550 4375 2835 4442; x_wconf 89' lang='lat' dir='ltr'><strong>beneﬁcia,</strong></span> <span class='ocrx_word' id='word_1_707' title='bbox 2867 4375 3257 4430; x_wconf 85' lang='lat' dir='ltr'><strong>retributorum</strong></span> <span class='ocrx_word' id='word_1_708' title='bbox 3278 4374 3510 4432; x_wconf 89' lang='lat' dir='ltr'><strong>Domino</strong></span> 
     </span>
    </p>
   </div>
   <div class='ocr_carea' id='block_1_106' title="bbox 1917 4466 3508 4544">
    <p class='ocr_par' dir='ltr' id='par_1_106' title="bbox 1917 4466 3508 4544">
     <span class='ocr_line' id='line_1_106' title="bbox 1917 4466 3508 4544; baseline -0.001 -20"><span class='ocrx_word' id='word_1_709' title='bbox 1917 4469 2328 4544; x_wconf 84' lang='lat' dir='ltr'><strong>[retributorem</strong></span> <span class='ocrx_word' id='word_1_710' title='bbox 2356 4466 2663 4540; x_wconf 91' lang='lat' dir='ltr'><strong>Dominum]</strong></span> <span class='ocrx_word' id='word_1_711' title='bbox 2683 4483 2750 4522; x_wconf 80' lang='lat' dir='ltr'><strong>ex</strong></span> <span class='ocrx_word' id='word_1_712' title='bbox 2773 4467 2876 4522; x_wconf 92' lang='lat' dir='ltr'><strong>hoc</strong></span> <span class='ocrx_word' id='word_1_713' title='bbox 2895 4467 3097 4522; x_wconf 88' lang='lat' dir='ltr'><strong>habere</strong></span> <span class='ocrx_word' id='word_1_714' title='bbox 3123 4481 3431 4521; x_wconf 90' lang='lat' dir='ltr'><strong>mereamur</strong></span> <span class='ocrx_word' id='word_1_715' title='bbox 3452 4467 3508 4524; x_wconf 89' lang='lat' dir='ltr'><strong>in</strong></span> 
     </span>
    </p>
   </div>
   <div class='ocr_carea' id='block_1_107' title="bbox 1915 4555 3508 4629">
    <p class='ocr_par' dir='ltr' id='par_1_107' title="bbox 1915 4555 3508 4629">
     <span class='ocr_line' id='line_1_107' title="bbox 1915 4555 3508 4629; baseline -0.003 -13"><span class='ocrx_word' id='word_1_716' title='bbox 1915 4569 2122 4616; x_wconf 43' lang='lat' dir='ltr'><strong>arterna</strong></span> <span class='ocrx_word' id='word_1_717' title='bbox 2146 4558 2524 4616; x_wconf 88' lang='lat' dir='ltr'><strong>tabernacula.</strong></span> <span class='ocrx_word' id='word_1_718' title='bbox 2554 4557 2725 4629; x_wconf 86' lang='lat' dir='ltr'><strong>Igitur</strong></span> <span class='ocrx_word' id='word_1_719' title='bbox 2765 4556 3089 4613; x_wconf 87' lang='lat' dir='ltr'><strong>venerabilis</strong></span> <span class='ocrx_word' id='word_1_720' title='bbox 3127 4557 3212 4610; x_wconf 91' lang='lat' dir='ltr'><strong>vir</strong></span> <span class='ocrx_word' id='word_1_721' title='bbox 3244 4555 3508 4612; x_wconf 90' lang='lat' dir='ltr'><strong>Fulradus</strong></span> 
     </span>
    </p>
   </div>
   <div class='ocr_carea' id='block_1_108' title="bbox 1912 4649 3509 4722">
    <p class='ocr_par' dir='ltr' id='par_1_108' title="bbox 1912 4649 3509 4722">
     <span class='ocr_line' id='line_1_108' title="bbox 1912 4649 3509 4722; baseline -0.004 -14"><span class='ocrx_word' id='word_1_722' title='bbox 1912 4655 2052 4709; x_wconf 72' lang='lat' dir='ltr'><strong>abba</strong></span> <span class='ocrx_word' id='word_1_723' title='bbox 2105 4652 2174 4708; x_wconf 88' lang='lat' dir='ltr'><strong>tle</strong></span> <span class='ocrx_word' id='word_1_724' title='bbox 2227 4651 2455 4708; x_wconf 87' lang='lat' dir='ltr'><strong>basilica</strong></span> <span class='ocrx_word' id='word_1_725' title='bbox 2503 4651 2794 4722; x_wconf 79' lang='lat' dir='ltr'><strong>peculiaris</strong></span> <span class='ocrx_word' id='word_1_726' title='bbox 2839 4651 3050 4720; x_wconf 88' lang='lat' dir='ltr'><strong>patroni</strong></span> <span class='ocrx_word' id='word_1_727' title='bbox 3105 4649 3278 4706; x_wconf 91' lang='lat' dir='ltr'><strong>nostri</strong></span> <span class='ocrx_word' id='word_1_728' title='bbox 3323 4649 3509 4704; x_wconf 90' lang='lat' dir='ltr'><strong>domni</strong></span> 
     </span>
    </p>
   </div>
   <div class='ocr_carea' id='block_1_109' title="bbox 1915 4737 3510 4815">
    <p class='ocr_par' dir='ltr' id='par_1_109' title="bbox 1915 4737 3510 4815">
     <span class='ocr_line' id='line_1_109' title="bbox 1915 4737 3510 4815; baseline -0.005 -17"><span class='ocrx_word' id='word_1_729' title='bbox 1915 4742 2155 4815; x_wconf 91' lang='lat' dir='ltr'><strong>Dionysii</strong></span> <span class='ocrx_word' id='word_1_730' title='bbox 2181 4741 2568 4814; x_wconf 87' lang='lat' dir='ltr'><strong>martyris,ubi</strong></span> <span class='ocrx_word' id='word_1_731' title='bbox 2596 4741 2712 4811; x_wconf 89' lang='lat' dir='ltr'><strong>ipse</strong></span> <span class='ocrx_word' id='word_1_732' title='bbox 2737 4739 3007 4811; x_wconf 88' lang='lat' dir='ltr'><strong>pretiosus</strong></span> <span class='ocrx_word' id='word_1_733' title='bbox 3039 4739 3274 4794; x_wconf 90' lang='lat' dir='ltr'><strong>domnus</strong></span> <span class='ocrx_word' id='word_1_734' title='bbox 3303 4737 3357 4791; x_wconf 92' lang='lat' dir='ltr'><strong>in</strong></span> <span class='ocrx_word' id='word_1_735' title='bbox 3388 4752 3510 4791; x_wconf 90' lang='lat' dir='ltr'><strong>cor-</strong></span> 
     </span>
    </p>
   </div>
   <div class='ocr_carea' id='block_1_110' title="bbox 1913 4827 3511 4908">
    <p class='ocr_par' dir='ltr' id='par_1_110' title="bbox 1913 4827 3511 4908">
     <span class='ocr_line' id='line_1_110' title="bbox 1913 4827 3511 4908; baseline -0.006 -17"><span class='ocrx_word' id='word_1_736' title='bbox 1913 4851 2047 4908; x_wconf 82' lang='lat' dir='ltr'><strong>pore</strong></span> <span class='ocrx_word' id='word_1_737' title='bbox 2074 4834 2390 4906; x_wconf 87' lang='lat' dir='ltr'><strong>requiescit,</strong></span> <span class='ocrx_word' id='word_1_738' title='bbox 2417 4832 2705 4888; x_wconf 70' lang='lat' dir='ltr'><strong>elimentia:</strong></span> <span class='ocrx_word' id='word_1_739' title='bbox 2734 4831 2882 4901; x_wconf 88' lang='lat' dir='ltr'><strong>regni</strong></span> <span class='ocrx_word' id='word_1_740' title='bbox 2907 4830 3078 4886; x_wconf 87' lang='lat' dir='ltr'><strong>nostri</strong></span> <span class='ocrx_word' id='word_1_741' title='bbox 3105 4827 3426 4899; x_wconf 88' lang='lat' dir='ltr'><strong>supplicavit</strong></span> <span class='ocrx_word' id='word_1_742' title='bbox 3444 4841 3511 4882; x_wconf 90' lang='lat' dir='ltr'><strong>eo</strong></span> 
     </span>
    </p>
   </div>
   <div class='ocr_carea' id='block_1_111' title="bbox 1918 4918 3510 4998">
    <p class='ocr_par' dir='ltr' id='par_1_111' title="bbox 1918 4918 3510 4998">
     <span class='ocr_line' id='line_1_111' title="bbox 1918 4918 3510 4998; baseline -0.006 -17"><span class='ocrx_word' id='word_1_743' title='bbox 1918 4927 2061 4998; x_wconf 87' lang='lat' dir='ltr'><strong>quod</strong></span> <span class='ocrx_word' id='word_1_744' title='bbox 2110 4929 2179 4982; x_wconf 92' lang='lat' dir='ltr'><strong>ab</strong></span> <span class='ocrx_word' id='word_1_745' title='bbox 2235 4922 2668 4979; x_wconf 90' lang='lat' dir='ltr'><strong>antecessoribus</strong></span> <span class='ocrx_word' id='word_1_746' title='bbox 2713 4920 2932 4992; x_wconf 87' lang='lat' dir='ltr'><strong>regibus</strong></span> <span class='ocrx_word' id='word_1_747' title='bbox 2979 4935 3012 4974; x_wconf 89' lang='lat' dir='ltr'><strong>a</strong></span> <span class='ocrx_word' id='word_1_748' title='bbox 3062 4918 3221 4989; x_wconf 88' lang='lat' dir='ltr'><strong>longo</strong></span> <span class='ocrx_word' id='word_1_749' title='bbox 3267 4925 3510 4989; x_wconf 90' lang='lat' dir='ltr'><strong>tempore</strong></span> 
     </span>
    </p>
   </div>
   <div class='ocr_carea' id='block_1_112' title="bbox 1917 5006 3510 5082">
    <p class='ocr_par' dir='ltr' id='par_1_112' title="bbox 1917 5006 3510 5082">
     <span class='ocr_line' id='line_1_112' title="bbox 1917 5006 3510 5082; baseline -0.006 -9"><span class='ocrx_word' id='word_1_750' title='bbox 1917 5017 2096 5073; x_wconf 86' lang='lat' dir='ltr'><strong>omnis</strong></span> <span class='ocrx_word' id='word_1_751' title='bbox 2141 5013 2457 5072; x_wconf 90' lang='lat' dir='ltr'><strong>emunitatis</strong></span> <span class='ocrx_word' id='word_1_752' title='bbox 2501 5012 2567 5067; x_wconf 90' lang='lat' dir='ltr'><strong>de</strong></span> <span class='ocrx_word' id='word_1_753' title='bbox 2593 5011 2752 5066; x_wconf 89' lang='lat' dir='ltr'><strong>villas</strong></span> <span class='ocrx_word' id='word_1_754' title='bbox 2793 5009 3035 5082; x_wconf 61' lang='lat' dir='ltr'><strong>praefatae</strong></span> <span class='ocrx_word' id='word_1_755' title='bbox 3079 5007 3254 5064; x_wconf 87' lang='lat' dir='ltr'><strong>sancti</strong></span> <span class='ocrx_word' id='word_1_756' title='bbox 3290 5006 3510 5064; x_wconf 87' lang='lat' dir='ltr'><strong>Basilici</strong></span> 
     </span>
    </p>
   </div>
   <div class='ocr_carea' id='block_1_113' title="bbox 1920 5099 3511 5172">
    <p class='ocr_par' dir='ltr' id='par_1_113' title="bbox 1920 5099 3511 5172">
     <span class='ocr_line' id='line_1_113' title="bbox 1920 5099 3511 5172; baseline -0.005 -10"><span class='ocrx_word' id='word_1_757' title='bbox 1920 5109 2021 5163; x_wconf 89' lang='lat' dir='ltr'><strong>fuit</strong></span> <span class='ocrx_word' id='word_1_758' title='bbox 2047 5120 2365 5162; x_wconf 85' lang='lat' dir='ltr'><strong>concessum</strong></span> <span class='ocrx_word' id='word_1_759' title='bbox 2384 5145 2400 5171; x_wconf 97' lang='lat'><strong>,</strong></span> <span class='ocrx_word' id='word_1_760' title='bbox 2431 5103 2573 5160; x_wconf 91' lang='lat' dir='ltr'><strong>unde</strong></span> <span class='ocrx_word' id='word_1_761' title='bbox 2614 5109 2670 5158; x_wconf 90' lang='lat' dir='ltr'><strong>et</strong></span> <span class='ocrx_word' id='word_1_762' title='bbox 2714 5103 2860 5172; x_wconf 89' lang='lat' dir='ltr'><strong>ipsas</strong></span> <span class='ocrx_word' id='word_1_763' title='bbox 2888 5099 3267 5172; x_wconf 65' lang='lat' dir='ltr'><strong>praewptionis</strong></span> <span class='ocrx_word' id='word_1_764' title='bbox 3311 5115 3372 5155; x_wconf 86' lang='lat' dir='ltr'><strong>se</strong></span> <span class='ocrx_word' id='word_1_765' title='bbox 3413 5113 3511 5171; x_wconf 91' lang='lat' dir='ltr'><strong>per</strong></span> 
     </span>
    </p>
   </div>
   <div class='ocr_carea' id='block_1_114' title="bbox 1919 5191 3515 5264">
    <p class='ocr_par' dir='ltr' id='par_1_114' title="bbox 1919 5191 3515 5264">
     <span class='ocr_line' id='line_1_114' title="bbox 1919 5191 3515 5264; baseline -0.006 -6"><span class='ocrx_word' id='word_1_766' title='bbox 1919 5201 2170 5258; x_wconf 88' lang='lat' dir='ltr'><strong>manibus</strong></span> <span class='ocrx_word' id='word_1_767' title='bbox 2193 5199 2398 5254; x_wconf 86' lang='lat' dir='ltr'><strong>habere</strong></span> <span class='ocrx_word' id='word_1_768' title='bbox 2418 5196 2690 5262; x_wconf 88' lang='lat' dir='ltr'><strong>adﬁrmat,</strong></span> <span class='ocrx_word' id='word_1_769' title='bbox 2717 5202 2774 5250; x_wconf 88' lang='lat' dir='ltr'><strong>et</strong></span> <span class='ocrx_word' id='word_1_770' title='bbox 2800 5195 2906 5250; x_wconf 88' lang='lat' dir='ltr'><strong>hoc</strong></span> <span class='ocrx_word' id='word_1_771' title='bbox 2931 5207 3104 5264; x_wconf 88' lang='lat' dir='ltr'><strong>usque</strong></span> <span class='ocrx_word' id='word_1_772' title='bbox 3124 5207 3267 5248; x_wconf 90' lang='lat' dir='ltr'><strong>nunc</strong></span> <span class='ocrx_word' id='word_1_773' title='bbox 3290 5191 3515 5248; x_wconf 76' lang='lat' dir='ltr'><strong>inviola-</strong></span> 
     </span>
    </p>
   </div>
   <div class='ocr_carea' id='block_1_115' title="bbox 1918 5283 3512 5356">
    <p class='ocr_par' dir='ltr' id='par_1_115' title="bbox 1918 5283 3512 5356">
     <span class='ocr_line' id='line_1_115' title="bbox 1918 5283 3512 5356; baseline -0.006 -7"><span class='ocrx_word' id='word_1_774' title='bbox 1918 5294 2102 5349; x_wconf 91' lang='lat' dir='ltr'><strong>biliter</strong></span> <span class='ocrx_word' id='word_1_775' title='bbox 2125 5291 2331 5347; x_wconf 87' lang='lat' dir='ltr'><strong>adserit</strong></span> <span class='ocrx_word' id='word_1_776' title='bbox 2352 5304 2473 5346; x_wconf 90' lang='lat' dir='ltr'><strong>esse</strong></span> <span class='ocrx_word' id='word_1_777' title='bbox 2503 5294 2884 5344; x_wconf 88' lang='lat' dir='ltr'><strong>conservatum</strong></span> <span class='ocrx_word' id='word_1_778' title='bbox 2905 5297 2922 5338; x_wconf 85' lang='lat'><strong>:</strong></span> <span class='ocrx_word' id='word_1_779' title='bbox 2943 5283 3085 5340; x_wconf 91' lang='lat' dir='ltr'><strong>unde</strong></span> <span class='ocrx_word' id='word_1_780' title='bbox 3120 5285 3276 5356; x_wconf 83' lang='lat' dir='ltr'><strong>petiit</strong></span> <span class='ocrx_word' id='word_1_781' title='bbox 3310 5292 3372 5339; x_wconf 93' lang='lat' dir='ltr'><strong>ut</strong></span> <span class='ocrx_word' id='word_1_782' title='bbox 3407 5284 3512 5340; x_wconf 86' lang='lat' dir='ltr'><strong>hoc</strong></span> 
     </span>
    </p>
   </div>
   <div class='ocr_carea' id='block_1_116' title="bbox 1919 5374 3509 5454">
    <p class='ocr_par' dir='ltr' id='par_1_116' title="bbox 1919 5374 3509 5454">
     <span class='ocr_line' id='line_1_116' title="bbox 1919 5374 3509 5454; baseline -0.004 -18"><span class='ocrx_word' id='word_1_783' title='bbox 1919 5399 2017 5454; x_wconf 89' lang='lat' dir='ltr'><strong>pro</strong></span> <span class='ocrx_word' id='word_1_784' title='bbox 2039 5387 2282 5437; x_wconf 88' lang='lat' dir='ltr'><strong>nostram</strong></span> <span class='ocrx_word' id='word_1_785' title='bbox 2309 5379 2632 5434; x_wconf 89' lang='lat' dir='ltr'><strong>auctoritate</strong></span> <span class='ocrx_word' id='word_1_786' title='bbox 2651 5377 2816 5433; x_wconf 91' lang='lat' dir='ltr'><strong>dinuo</strong></span> <span class='ocrx_word' id='word_1_787' title='bbox 2842 5391 2943 5446; x_wconf 91' lang='lat' dir='ltr'><strong>pro</strong></span> <span class='ocrx_word' id='word_1_788' title='bbox 2963 5375 3042 5432; x_wconf 88' lang='lat' dir='ltr'><strong>rei</strong></span> <span class='ocrx_word' id='word_1_789' title='bbox 3059 5375 3336 5440; x_wconf 85' lang='lat' dir='ltr'><strong>ﬁrmitate,</strong></span> <span class='ocrx_word' id='word_1_790' title='bbox 3365 5374 3509 5430; x_wconf 86' lang='lat' dir='ltr'><strong>circa</strong></span> 
     </span>
    </p>
   </div>
   <div class='ocr_carea' id='block_1_117' title="bbox 1924 5461 3513 5545">
    <p class='ocr_par' dir='ltr' id='par_1_117' title="bbox 1924 5461 3513 5545">
     <span class='ocr_line' id='line_1_117' title="bbox 1924 5461 3513 5545; baseline -0.006 -17"><span class='ocrx_word' id='word_1_791' title='bbox 1924 5475 2043 5545; x_wconf 89' lang='lat' dir='ltr'><strong>ipso</strong></span> <span class='ocrx_word' id='word_1_792' title='bbox 2089 5480 2282 5528; x_wconf 88' lang='lat' dir='ltr'><strong>sancto</strong></span> <span class='ocrx_word' id='word_1_793' title='bbox 2321 5470 2442 5527; x_wconf 90' lang='lat' dir='ltr'><strong>loco</strong></span> <span class='ocrx_word' id='word_1_794' title='bbox 2465 5469 2549 5526; x_wconf 91' lang='lat' dir='ltr'><strong>vel</strong></span> <span class='ocrx_word' id='word_1_795' title='bbox 2591 5467 2826 5526; x_wconf 90' lang='lat' dir='ltr'><strong>hominis</strong></span> <span class='ocrx_word' id='word_1_796' title='bbox 2851 5468 2944 5539; x_wconf 91' lang='lat' dir='ltr'><strong>qui</strong></span> <span class='ocrx_word' id='word_1_797' title='bbox 2971 5467 3018 5524; x_wconf 90' lang='lat' dir='ltr'><strong>si</strong></span> <span class='ocrx_word' id='word_1_798' title='bbox 3049 5481 3174 5525; x_wconf 89' lang='lat' dir='ltr'><strong>eum</strong></span> <span class='ocrx_word' id='word_1_799' title='bbox 3208 5461 3513 5523; x_wconf 87' lang='lat' dir='ltr'><strong>substantia</strong></span> 
     </span>
    </p>
   </div>
   <div class='ocr_carea' id='block_1_118' title="bbox 1925 5629 2270 5702">
    <p class='ocr_par' dir='ltr' id='par_1_118' title="bbox 1925 5629 2270 5702">
     <span class='ocr_line' id='line_1_118' title="bbox 1925 5629 2270 5702; baseline -0.012 -14"><span class='ocrx_word' id='word_1_800' title='bbox 1925 5634 1981 5688; x_wconf 82' lang='lat' dir='ltr'><strong>S.</strong></span> <span class='ocrx_word' id='word_1_801' title='bbox 2011 5629 2270 5702; x_wconf 87' lang='lat' dir='ltr'><strong>Dionysii.</strong></span> 
     </span>
    </p>
   </div>
   <div class='ocr_carea' id='block_1_119' title="bbox 2000 5697 3172 5770">
    <p class='ocr_par' dir='ltr' id='par_1_119' title="bbox 2000 5697 3172 5770">
     <span class='ocr_line' id='line_1_119' title="bbox 2000 5697 3172 5770; baseline -0.01 -7"><span class='ocrx_word' id='word_1_802' title='bbox 2000 5705 2026 5744; x_wconf 75' lang='grc' dir='ltr'><strong>ι’</strong></span> <span class='ocrx_word' id='word_1_803' title='bbox 2068 5697 2192 5762; x_wconf 67' lang='lat' dir='ltr'><strong>Haec</strong></span> <span class='ocrx_word' id='word_1_804' title='bbox 2222 5701 2372 5759; x_wconf 88' lang='lat' dir='ltr'><strong>addit</strong></span> <span class='ocrx_word' id='word_1_805' title='bbox 2394 5699 2703 5758; x_wconf 84' lang='lat' dir='ltr'><strong>Felibianus</strong></span> <span class='ocrx_word' id='word_1_806' title='bbox 2731 5714 2798 5756; x_wconf 75' lang='lat' dir='ltr'><strong>ex</strong></span> <span class='ocrx_word' id='word_1_807' title='bbox 2823 5697 3172 5770; x_wconf 78' lang='lat' dir='ltr'><strong>autographa.</strong></span> 
     </span>
    </p>
   </div>
  </div>
