3920 6310
489 319 628 380 I567

1469 302 1736 362 SJECULI
1773 301 1884 358 VIII
1923 297 2351 356 MONUMENTA
2392 295 2723 354 SELECTA.

3611 297 3736 353 αδδς

483 450 685 495 eorum‘
699 435 766 490 ad
792 433 904 504 ipsa
930 429 1150 486 basilica
1179 429 1394 484 tradunt
1421 429 1503 482 vel
1539 429 1870 488 condonant,
1897 420 2048 490 iuxta

2157 411 2303 482 regni
2333 411 2502 466 nostri
2531 409 2723 464 ail'ectu
2751 408 2818 464 de
2840 415 3022 463 nostra
3042 408 3317 464 erectionc
3346 409 3569 480 integre
3587 414 3735 466 ausi-

483 527 625 596 quod
647 525 945 579 anteriores
970 521 1110 592 regis
1134 535 1232 589 per
1253 534 1439 574 eorum
1467 517 1818 572 auctoritates
1847 513 1913 568 ad
1938 514 2051 582 ipsa

483 613 706 668 basilica
726 613 828 667 hoc
851 611 1212 682 praestiterunt
1235 615 1292 662 et
1309 606 1714 670 conﬁrmarunt,
1741 605 1842 658 hoc
1864 604 2054 657 iterato

483 708 628 765 circa
659 708 775 776 ipso
817 705 1007 759 abbate
1040 701 1332 758 concedere
1368 707 1422 754 et
1460 698 1782 754 conﬁrmare
1827 695 2052 750 debere-

481 813 624 856 mus.
652 797 776 852 Ideo
799 799 1087 864 cognuscat
1128 789 1438 860 magnitudo
1467 803 1560 842 seu
1595 786 1801 846 utilitas
1845 793 2052 847 vestra,

483 887 624 956 quod
662 901 758 939 nos
784 899 882 952 pro
916 879 1213 936 reverentia
1253 877 1418 950 ipsius
1461 875 1634 931 sancti
1677 875 1811 940 loci,
1845 873 1930 928 vel
1956 887 2056 945 pro

482 977 647 1046 quieti
682 975 736 1029 in
763 973 957 1028 ibidem
983 972 1152 1026 Deum
1189 969 1560 1031 famulantium
1595 964 2055 1040 promptissimam

480 1067 804 1126 voluntatem
834 1063 999 1118 dinuo
1025 1061 1384 1123 concessisse,
1413 1069 1468 1113 et
1495 1057 1547 1112 in
1585 1055 1834 1111 omnibus
1859 1051 2056 1109 conﬁr—

481 1173 688 1222 masse,
740 1165 915 1211 vestra
958 1163 1248 1226 cognoscat
1287 1152 1527 1216 solertia.
1583 1150 1922 1223 Quapropter
1957 1162 2056 1217 per

481 1248 620 1313 hanc
647 1254 975 1323 prmecptum
1011 1245 1154 1314 quod
1181 1242 1466 1314 specialius
1509 1240 1878 1303 decernimus,
1906 1247 1962 1292 et
2000 1237 2054 1292 in

480 1344 797 1410 perpetuum
821 1336 1067 1391 volumus
1099 1349 1218 1389 esse
1245 1347 1578 1400 mansurum,
1603 1329 1854 1400 iubemus
1878 1337 1939 1384 ut
1965 1344 2056 1384 nc-

479 1445 584 1498 que
611 1443 726 1494 vos,
760 1443 934 1506 neque
952 1426 1218 1499 iuniores,
1247 1438 1342 1480 seu
1370 1436 1707 1478 successores
1728 1419 1925 1484 vestri,
1955 1434 2056 1474 nec

478 1519 730 1594 quislibet
756 1519 822 1575 de
847 1527 1112 1598 potestate
1141 1516 1427 1586 iudiciaria
1457 1515 1731 1571 accinctus
1749 1554 1763 1579 ,
1792 1513 1845 1567 in
1873 1521 2056 1568 curtrs

476 1608 716 1687 praefatis
749 1609 919 1664 sancti
949 1608 1153 1664 basilici
1182 1607 1360 1663 domui
1384 1600 1643 1676 Dionysii,
1668 1603 1761 1658 ubi
1787 1613 1843 1656 ct
1863 1602 1974 1666 ubi,
2001 1603 2054 1656 in

476 1712 843 1767 quascumque
889 1712 1058 1768 pagus
1106 1697 1161 1751 in
1204 1710 1367 1766 regno
1403 1695 1513 1750 Deo
1557 1693 1788 1764 propitio
1829 1701 2048 1754 nostro,

2153 499 2317 554 liante
2344 499 2574 554 Domino
2602 498 2836 568 vigilavi,
2859 505 2913 552 ct
2931 513 3032 568 pro
3057 499 3174 566 ipso
3202 498 3348 552 bono
3366 514 3546 568 opere
3565 513 3738 556 actum

2153 604 2276 644 cum
2307 588 2532 645 consilio
2570 587 2918 658 pontiﬁcum,
2960 587 3045 641 vel
3088 587 3370 641 seniorum
3413 589 3741 658 optimatum

2153 685 2462 734 nostrorum
2500 691 2602 748 pro
2641 683 2829 732 nostro
2877 675 3246 732 conﬁrmando
3291 691 3503 747 regno,
3551 685 3607 731 et
3652 693 3742 749 pr.

2153 768 2424 833 mercede,
2445 767 2531 824 vel
2557 766 2900 838 adipiscenda
2925 765 3038 821 vita
3075 773 3275 821 aaterna
3295 807 3311 830 ,
3353 776 3412 820 et
3447 781 3558 836 pro
3595 781 3741 822 reve—

2155 858 2329 919 rentia
2350 857 2520 913 sancti
2543 857 2786 928 Dionysii
2807 855 3083 927 martyris,
3102 855 3318 910 Rustici
3339 864 3396 910 et
3424 855 3740 919 Eleutherii,

2154 949 2249 1018 qui
2285 949 2522 1018 glorioso
2558 964 2623 1004 ac
2661 947 2972 1018 triumphali
3014 955 3140 1004 voto
3169 963 3269 1024 pro
3313 947 3548 1003 Christo
3571 963 3742 1004 amre

2155 1054 2410 1094 coronam
2439 1039 2684 1110 martyrii
2713 1037 2988 1094 consecuti
3009 1046 3162 1102 sunt,
3187 1038 3256 1092 ad
3285 1037 3586 1092 basilicam
3613 1038 3746 1109 ipso-

2155 1143 2296 1194 rum,
2319 1128 2411 1183 ubi
2438 1128 2779 1196 requiescere
2808 1126 3078 1192 videntur,
3108 1136 3163 1180 et
3193 1127 3248 1180 in
3274 1126 3578 1180 miraculis
3601 1141 3747 1182 coru-

2156 1228 2311 1274 scant
2335 1259 2350 1285 ,
2397 1219 2466 1274 ad
2507 1219 2650 1289 ipsos
2693 1215 2984 1272 monachos
3011 1256 3026 1281 ,
3076 1217 3168 1286 qui
3214 1216 3425 1272 ibidem
3482 1217 3748 1275 deservire

2154 1310 2423 1376 videntur,
2455 1309 2554 1364 sub
2581 1309 2833 1363 libertate
2857 1307 3167 1376 evangelica
3198 1307 3547 1377 regulariter
3573 1307 3745 1364 viven-

2155 1409 2268 1465 tes,
2295 1401 2436 1466 sicut
2458 1399 2667 1469 antiqui
2710 1406 2894 1468 patres
2913 1398 2999 1453 vel
3030 1399 3338 1454 anteriores
3367 1412 3544 1467 reges
3569 1400 3750 1454 conﬁr-

2156 1498 2458 1556 maverunt,
2488 1505 2588 1545 nos
2612 1490 2790 1550 denuo
2816 1489 2872 1542 in
2899 1489 3016 1558 ipso
3042 1496 3232 1544 sancto
3258 1488 3387 1542 loco
3414 1496 3617 1542 nostro
3642 1504 3749 1542 mu-

2154 1593 2285 1634 nere
2311 1577 2650 1648 privilegium
2688 1591 2956 1632 renovare
3002 1577 3370 1631 deberemus:
3397 1577 3558 1646 quod
3600 1577 3670 1630 ita
3705 1585 3752 1632 et

2154 1671 2400 1726 fecimus.
2428 1670 2570 1741 Ergo
2597 1678 2808 1740 oportet
2827 1670 3174 1726 clementiam
3210 1671 3594 1746 principalem
3629 1673 3752 1727 inter

476 1745 619 1858 quod
645 1787 710 1840 ad
737 1745 824 1841 die
846 1745 1164 1856 parso'ipsius
1191 1745 1518 1841 mo’nasterio
1545 1745 1823 1854 possidere
1843 1783 1928 1839 vel
1961 1784 2055 1838 do-
2087 1745 2130 1806 8
2157 1769 2382 1858 αιῖίεηδ
2408 1761 2696 1858 ιξσξιξιίοηεε
2723 1759 2872 1858 “ind,
2902 1759 3171 1858 qll0d_Pl'0
3195 1759 3387 1858 salu-le

477 1877 687 1938 minare
716 1877 950 1942 videtur,
976 1877 1061 1932 vel
1081 1876 1224 1946 quod
1249 1892 1279 1930 a
1303 1875 1614 1932 timentibus
1636 1873 2057 1928 Deunrhomini-

476 1968 580 2023 bus
603 1983 700 2037 per
721 1968 960 2039 legitima
981 1969 1339 2023 instrumenta
1367 1965 1468 2020 fuit
1489 1965 1692 2020 ibidum
1716 1977 2052 2026 concessum,

477 2063 570 2110 aut
594 2056 808 2115 inantea
836 2056 1000 2113 fuerit
1027 2057 1262 2112 additum
1280 2096 1292 2119 ,
1324 2065 1485 2126 atque
1509 2053 1830 2125 dilegatum,
1863 2068 1961 2108 nec
1988 2052 2057 2106 ad

477 2159 671 2201 causas
699 2145 1020 2202 audiendum
1042 2185 1058 2211 ,
1085 2153 1178 2200 aut
1217 2143 1560 2216 ﬁdeiussores
1603 2143 1894 2198 tollendum
1911 2181 1926 2207 ,
1957 2156 2057 2196 nec

475 2239 547 2294 ad
571 2237 722 2294 freda
758 2237 1111 2310 exigendum,
1141 2251 1241 2292 nec
1274 2235 1342 2290 ad
1382 2233 1678 2290 mansionis
1716 2230 2053 2294 faciendum,

476 2344 579 2386 nec
602 2337 842 2400 paratas,
871 2343 974 2384 nec
1001 2327 1135 2382 ullas
1158 2325 1509 2383 redibitiones
1539 2323 1943 2394 requirendum,
1968 2322 2053 2376 in-

477 2421 703 2492 gredere
724 2435 823 2474 nec
840 2419 1052 2490 exigere
1071 2432 1288 2487 quoquo
1309 2425 1550 2485 tempore
1568 2414 1782 2485 penitus
1804 2428 1909 2468 non
1923 2428 2058 2487 pra:-

451 2496 736 2574 sumatur,
761 2508 861 2563 nisi
881 2506 1136 2578 quicquid
1164 2506 1360 2564 exinde
1381 2506 1616 2576 potuerit
1641 2519 1860 2576 sperare
1895 2503 2057 2558 ﬁscus

477 2608 682 2664 noster,
712 2599 893 2654 omnia
933 2606 988 2654 ct
1022 2612 1090 2653 ex
1126 2597 1406 2660 omnibus,
1451 2609 1550 2664 pro
1584 2592 1850 2648 mercedis
1885 2591 2056 2646 nostri

476 2689 872 2760 compendium,
897 2703 1016 2744 cum
1039 2687 1290 2742 omnibus
1317 2683 1485 2740 {redis
1507 2683 1574 2739 ad
1600 2685 1869 2752 integrum
1897 2681 2055 2738 simet

476 2794 781 2844 coacessus,
807 2789 868 2835 ut
888 2781 1092 2836 dictum
1113 2788 1214 2844 est,
1243 2779 1515 2848 inspectas
1554 2777 1700 2846 ipsas
1739 2773 2057 2844 praeceptio—

477 2887 573 2928 nes
601 2872 929 2926 anteriorum
958 2886 1164 2942 regum,
1193 2869 1276 2923 vel
1303 2867 1460 2938 iuxta
1493 2866 1637 2938 quod
1680 2877 1922 2936 praesens
1954 2877 2054 2918 no-

477 2973 590 3020 stra
645 2964 924 3027 continere
981 2961 1194 3017 videtur
1255 2960 1589 3026 auctoritas,
1634 2953 1894 3027 quicquid
1943 2954 2054 3024 ipse

477 3063 696 3112 sanctus
723 3054 871 3116 locus
903 3053 972 3117 ad
999 3053 1088 3108 die
1111 3060 1379 3127 prtescnte
1401 3089 1418 3116 ,
1447 3057 1509 3106 ut
1543 3045 1776 3104 diximus
1799 3085 1816 3112 ,
1854 3044 2054 3099 habere

477 3146 712 3211 videtur,
742 3159 904 3215 quam
923 3143 1072 3213 quod
1090 3140 1506 3218 impostmodum
1550 3154 1582 3194 a
1617 3137 1786 3197 Deum
1816 3134 2056 3190 timenti-

475 3236 579 3292 bus
603 3235 930 3298 hominibus,
958 3232 1043 3288 vel
1071 3247 1102 3287 a
1123 3231 1282 3287 nobis
1303 3231 1502 3286 ibidem
1527 3227 1690 3286 fuerit
1709 3225 1951 3286 additum
1972 3223 2056 3278 vel

473 3327 776 3393 conlatum,
824 3340 917 3381 seu
958 3325 1385 3395 quibuscumque
1419 3321 1564 3391 iuste
1587 3327 1642 3374 et
1665 3315 2058 3373 rationabiliter

471 3439 596 3480 cum
628 3435 787 3476 omne
815 3417 1117 3475 substantia
1143 3431 1241 3472 sua
1266 3417 1334 3472 ad
1359 3415 1475 3485 ipso
1503 3411 1836 3492 monasterio
1862 3425 1920 3484 se
1948 3418 2057 3465 tra—

473 3510 700 3576 dcdcrit,
724 3518 778 3564 et
810 3523 894 3563 res
923 3522 1050 3563 suas
1072 3521 1170 3576 per
1195 3505 1446 3576 legitcma
1470 3501 1832 3558 instrumenta
1857 3498 2056 3556 ibidem

472 3599 801 3670 delegaverit
830 3597 912 3653 vel
941 3595 1257 3660 ﬁrmaverit,
1289 3595 1388 3650 sub
1416 3593 1627 3664 integra
1655 3591 1953 3656 emunitate
1989 3589 2058 3649 ad

473 3691 559 3745 die
585 3695 848 3761 praesente
875 3688 1052 3741 valeat
1081 3685 1328 3743 resedere
1361 3683 1576 3762 quietus
1601 3691 1764 3762 atque
1791 3691 2014 3738 securus
2039 3698 2052 3733 ε

474 3789 548 3844 ct,
582 3788 640 3840 ut
669 3779 870 3838 dictum
915 3785 1028 3840 est,
1077 3774 1335 3853 quicquid
1378 3773 1574 3830 exinde
1621 3771 1846 3829 forsitan
1891 3773 2058 3829 ﬁscus

474 3877 661 3924 noster
680 3881 898 3936 sperare
922 3873 1204 3939 potuerat,
1240 3865 1294 3918 in
1336 3864 1725 3929 luminaribus,
1747 3863 1832 3916 vel
1861 3863 1918 3917 in
1961 3862 2058 3918 sti-

474 3960 717 4031 pendiis,
749 3974 842 4014 seu
867 3969 921 4013 et
959 3958 1014 4012 in
1037 3957 1308 4012 alimoniis
1347 3971 1642 4027 pauperum
1673 3957 1839 4025 ipsius
1866 3971 2054 4010 mona—

477 4051 648 4118 sterii,
679 4049 991 4121 perenniter
1010 4063 1108 4118 pro
1129 4049 1330 4104 nostris
1352 4046 1589 4102 oraculis
1616 4047 1684 4103 ad
1707 4048 1976 4116 integrum
2001 4046 2056 4100 in

473 4143 656 4198 omnia
683 4151 738 4195 et
761 4157 828 4196 ex
853 4140 1105 4196 omnibus
1133 4139 1204 4194 sit
1231 4154 1547 4194 concessum
1571 4147 1733 4209 atque
1757 4137 2020 4193 indultum
2037 4177 2052 4202 ,

475 4241 536 4288 ut
579 4229 694 4300 ejus
736 4230 875 4304 [eos]
923 4230 1115 4286 melius
1155 4229 1374 4285 dilectct
1416 4245 1514 4300 pro
1563 4229 1860 4285 stabilitate
1902 4228 2053 4299 regni

475 4326 683 4390 nostri,
728 4325 811 4378 vel
857 4339 954 4392 pro
995 4323 1218 4394 quietim
1264 4323 1591 4393 quibuslibet
1632 4321 1842 4378 cunctis
1883 4319 2056 4375 Ieudis

2154 1853 2242 1908 vel
2283 1867 2381 1929 pro
2418 1851 2602 1908 divino
2633 1853 2850 1907 nomine
2885 1852 3224 1921 postulatur,
3266 1851 3544 1922 placabili
3588 1853 3750 1907 audit-

2156 1943 2432 2022 suseipere
2460 1951 2516 1997 et
2543 1941 2608 1997 ad
2631 1941 2877 1997 eti‘ectum
2902 1941 3221 2012 perducere,
3253 1950 3315 1995 ut
3345 1940 3448 1994 ﬁat
3473 1942 3536 1996 in
3568 1959 3756 1996 atem-

2156 2033 2240 2087 dis
2264 2031 2718 2100 coniunctionem,
2742 2032 2868 2087 dum
2899 2047 2998 2102 pro
3023 2031 3205 2112 quiete
3235 2045 3544 2086 servorum
3569 2031 3666 2085 Dei
3687 2033 3754 2085 tri

2156 2121 2506 2192 congruentia
2537 2120 2670 2176 locis
2717 2118 3122 2180 venerabilibus
3167 2118 3504 2193 impertitur
3549 2120 3754 2192 petitio,

2155 2211 2300 2282 Ergo
2323 2211 2450 2266 dum
2479 2217 2534 2265 et
2566 2209 2912 2279 omnipotens
2926 2207 3109 2273 Pater,
3131 2208 3224 2278 qui
3257 2192 3412 2272 dixit
3433 2209 3510 2263 de
3531 2209 3758 2264 tenebis

2156 2303 2337 2358 lumen
2384 2287 2800 2372 explendescere
2826 2341 2842 2366 ,
2867 2316 2964 2375 per
2990 2300 3400 2362 lucarnationis
3447 2303 3757 2372 mysterium

2156 2391 2416 2462 unigeniti
2438 2390 2558 2446 Filii
2589 2389 2672 2446 sui
2700 2390 2911 2445 Domini
2939 2389 3112 2446 nostri
3137 2389 3272 2446 Jesu
3295 2389 3548 2454 Christi,
3581 2393 3666 2446 vel
3689 2393 3758 2446 il-

2155 2481 2528 2538 lustrationem
2553 2480 2789 2552 Spiritus
2810 2481 2981 2536 sancti
3009 2480 3184 2535 illuxit
3225 2481 3284 2535 in
3332 2483 3520 2536 corda
3563 2493 3758 2538 sancto-

2156 2591 2277 2631 rum
2326 2575 2780 2640 Christianorum,
2823 2589 2923 2644 pro
2952 2573 3105 2644 cuius
3147 2590 3338 2630 amore
3390 2584 3454 2630 et
3498 2577 3755 2634 desider

2155 2671 2298 2726 inter
2324 2680 2550 2726 caeteros
2576 2670 2876 2740 triumphos
2899 2669 3163 2740 gloriosos
3184 2679 3514 2742 martyrum
3534 2715 3552 2737 ,
3581 2675 3756 2730 beatus

2157 2759 2464 2831 Dionysius,
2493 2769 2546 2816 et
2573 2775 2714 2830 smpe
2744 2757 2858 2828 jam
2885 2759 3062 2814 dictus
3092 2759 3357 2816 Rusticus
3409 2772 3472 2816 et
3511 2763 3755 2819 Eleuthe-

2156 2854 2292 2920 rius,
2321 2853 2411 2924 qui
2445 2853 2606 2924 primi
2635 2861 2758 2924 post
2801 2853 3068 2924 apostolos
3100 2855 3202 2910 sub
3221 2855 3599 2912 ordinatione
3626 2858 3753 2920 beati

2156 2943 2471 3009 Clementis,
2498 2944 2646 3000 Petri
2673 2943 2898 3014 apostoli
2922 2947 3275 3010 successoris,
3311 2947 3370 3002 in
3397 2949 3555 3013 hanc
3575 2949 3756 3007 Calliae

2159 3051 2283 3090 rum
2337 3035 2670 3106 provinciam
2716 3036 3089 3104 advenerunt,
3142 3037 3333 3109 ibique
3397 3042 3756 3110 pradicant?»

2160 3127 2486 3204 baptismum
2513 3125 2846 3198 poenitentia:
2869 3127 2924 3191 in
2952 3129 3332 3192 remissionem
3371 3145 3757 3204 peccatorum,

2159 3217 2286 3272 dum
2323 3216 2376 3271 in
2401 3217 2546 3272 hunc
2571 3219 2789 3274 modum
2815 3218 3126 3283 certabant,
3171 3219 3249 3276 ibi
3292 3233 3636 3279 meruerunt
3659 3225 3760 3295 pal-

2158 3324 2304 3364 mam
2343 3309 2590 3387 martyrii
2632 3318 2689 3364 et
2729 3325 2958 3369 coronas
2999 3311 3280 3382 percipere
3329 3314 3618 3386 gloriosas
3643 3333 3658 3370 :
3683 3318 3760 3372 ubi

2155 3414 2255 3476 per
2283 3398 2452 3454 multa
2483 3408 2723 3472 tempora
2753 3409 2808 3455 et
2835 3415 3004 3471 usque
3023 3417 3166 3461 nunc
3196 3402 3250 3457 in
3280 3418 3491 3460 eorum
3517 3407 3762 3470 basilica.

2157 3489 2214 3547 in
2242 3503 2346 3558 qua
2375 3504 2563 3545 eorum
2583 3477 2812 3560 corpora
2837 3479 3180 3560 requiescere
3207 3491 3506 3560 videntur,
3534 3512 3648 3550 non
3671 3497 3760 3550 ni~

2157 3578 2304 3633 nima
2336 3577 2596 3635 miracula
2635 3579 2898 3634 virtutum
2923 3577 3172 3636 Christus
3199 3595 3303 3650 pro
3340 3583 3488 3654 ipsis
3513 3585 3764 3657 dignatur

2155 3671 2371 3742 operari
2402 3689 2415 3724 ε
2447 3671 2502 3726 in
2531 3685 2636 3741 qua
2665 3671 2828 3727 etiam
2860 3672 3089 3728 domnus
3114 3672 3472 3743 Dagobertus
3493 3681 3756 3748 quondm

2156 3777 2253 3817 rex
2273 3761 2490 3817 videtur
2517 3761 2820 3831 quiescere,
2849 3762 3055 3817 utinam
3081 3771 3136 3818 et
3157 3780 3256 3818 nos
3277 3781 3383 3835 per
3409 3767 3758 3826 intercessio-

2155 3871 2279 3911 nem
2303 3863 2614 3911 sanctorum
2646 3855 2885 3927 ipsorum
2909 3855 2964 3910 in
2987 3855 3194 3912 caelesti
3223 3873 3397 3929 regno
3427 3876 3564 3917 cum
3589 3862 3755 3919 omni-

2156 3949 2258 4002 bus
2281 3945 2484 4002 sanctis
2506 3959 2814 4000 mereamur
2839 3946 3180 4022 participari,
3204 3955 3260 4002 et
3290 3949 3472 4008 vitam
3501 3960 3752 4009 eterna

2155 4035 2451 4106 percipere.
2497 4032 2664 4104 Igitur
2707 4035 2794 4088 vir
2837 4035 3158 4092 venerabilis
3195 4035 3480 4097 Folradus
3522 4041 3664 4107 abba
3697 4043 3755 4096 de

2157 4127 2272 4195 ipsa
2299 4123 2526 4180 basilica
2555 4123 2846 4196 peculiaris
2865 4125 3078 4206 patroni
3098 4127 3268 4180 nostri
3291 4127 3498 4184 domui
3519 4129 3751 4203 Dionysii

2156 4216 2456 4272 clementiae
2485 4215 2640 4286 regni
2675 4215 2846 4272 nostri
2874 4215 3104 4272 credidit
3130 4219 3548 4288 suggerendum
3566 4263 3584 4286 ,
3622 4221 3754 4292 quod

2156 4327 2188 4366 a
2215 4310 2374 4381 longo
2401 4318 2644 4386 tempore
2664 4325 2694 4364 a
2722 4309 3068 4386 pontiﬁcibus
3097 4310 3443 4370 Parisiorum
3491 4316 3652 4371 urbis
3683 4316 3753 4370 in-

474 4417 675 4473 nostris
719 4413 930 4472 Domini
971 4413 1396 4470 misericordiam
1433 4413 1706 4471 adtentius
1737 4416 2048 4486 deprecare.

2159 4413 2368 4474 tegrum
2398 4384 2736 4473 privilegium
2767 4399 2833 4456 ad
2859 4401 3031 4476 ipsam
3074 4401 3356 4458 basilicam
3395 4403 3594 4460 domui
3639 4405 3754 4460 Dio-

474 4513 540 4566 Et
569 4519 632 4568 ut
668 4512 784 4567 huic
810 4511 1106 4567 auctoritas
1135 4511 1337 4566 nostris
1377 4519 1431 4567 et
1476 4509 1672 4566 futuris
1721 4510 2055 4580 temporibus
2087 4497 2125 4502 —
2159 4500 2296 4580 nysii
2327 4497 2518 4563 fuisset
2545 4515 2894 4564 concessum.
2937 4508 2992 4554 et
3020 4499 3088 4556 ab
3130 4499 3494 4556 interioribus
3544 4501 3756 4572 regibus

474 4606 620 4660 circa
648 4607 766 4675 ipso
793 4612 979 4659 sancto
1007 4603 1126 4658 loco
1153 4603 1464 4674 perenniter
1511 4603 1666 4658 ﬁrma
1705 4612 1763 4658 ct
1797 4602 2053 4660 inviolata

477 4701 812 4765 permaneat,
840 4692 923 4747 vel
951 4706 1049 4762 per
1076 4698 1315 4761 tempora
1336 4691 1520 4746 inlaesa
1544 4690 1876 4746 custodiatur
1895 4699 2056 4761 atque

473 4792 840 4850 conservetur,
867 4792 923 4839 et
951 4785 1019 4840 ab
1047 4784 1298 4840 omnibus
1315 4783 1527 4856 iudices
1554 4782 1745 4840 melius
1779 4784 2050 4849 credatur,

471 4877 690 4948 propria
710 4890 868 4932 manu
895 4874 1241 4930 annotatione
1267 4866 1572 4938 studuimus
1597 4873 1945 4928 adumbrare.

545 4968 770 5039 Signum
795 4968 834 5038 -Ι-
861 4966 1070 5042 Pippini
1097 4967 1471 5036 gIOI‘IOcISSiIIII
1503 4969 1662 5038 regis,

547 5060 820 5119 llitberius
843 5045 1130 5132 recognovi
1151 5067 1206 5114 et
1227 5058 1548 5137 subscripsi.

547 5154 681 5208 Data
734 5170 875 5210 nono
923 5153 1041 5213 Kal.
1089 5150 1310 5211 Octobr.
1357 5169 1499 5208 anno
1548 5153 1614 5206 i7
1664 5153 1814 5224 regni
1859 5154 2050 5210 nostri.

475 5247 669 5302 Actum
698 5247 753 5299 in
781 5247 896 5316 ipso
929 5245 1260 5309 monasterio
1285 5245 1456 5306 sancti
1480 5245 1735 5316 Dionysii.

1129 5331 1412 5389 XXXVIII.

474 5421 804 5494 Pra'ccpmm
851 5420 1058 5502 Pippini
1103 5424 1190 5502 dc_
1215 5425 1609 5502 conﬁrmatione
1666 5423 2052 5502 pririlrgiormu

698 5493 997 5546 monasterii
1023 5496 1190 5547 sancti
1215 5495 1454 5566 Dionysii
1486 5493 1819 5565 (0111:0768).

877 5581 1036 5645 (Apud
1061 5582 1120 5632 Ι).
1142 5583 1404 5648 Bouquet.,
1423 5593 1537 5636 tom.
1570 5585 1649 5650 ν.)

543 5689 802 5766 Pippinus
844 5703 934 5744 rex
968 5685 1298 5746 Francm'uut
1341 5690 1422 5745 Vir
1463 5690 1690 5748 illustcr.
1739 5686 2054 5760 lncipiculia

2153 4592 2465 4665 parentibus
2489 4590 2692 4646 nostris
2720 4591 2786 4646 de
2811 4606 2876 4645 eo
2907 4599 3148 4660 tempore
3174 4603 3349 4659 usque
3383 4607 3540 4646 nunc
3563 4591 3756 4648 contir-

2156 4690 2358 4747 tnattun
2385 4699 2397 4734 :
2426 4681 2518 4751 qui
2547 4688 2603 4736 et
2628 4681 2804 4749 ipsum
2832 4679 3172 4750 privilegium
3201 4694 3294 4734 seu
3323 4687 3383 4734 et
3423 4679 3582 4751 ipsas
3613 4696 3754 4750 pra:-

2155 4770 2428 4849 ceptiones
2452 4768 2533 4824 vel
2557 4768 2995 4824 conﬁrmationes
3024 4783 3082 4822 se
3116 4782 3228 4848 pne
3267 4767 3535 4823 manibus
3559 4769 3755 4822 habere

2155 4859 2404 4925 allirmat;
2428 4859 2524 4914 sed
2543 4874 2644 4929 pro
2669 4859 2876 4928 integra
2901 4857 3160 4923 ﬁrmitate
3189 4855 3358 4928 peclit
3381 4855 3470 4924 vir
3492 4858 3616 4928 ipse
3633 4855 3756 4912 Fu!-

2157 4951 2318 5017 radus
2330 4952 2466 5008 abba
2483 4967 2513 5006 a
2527 4951 2844 5006 celsitudine
2867 4956 3050 5006 nostra
3065 4956 3121 5002 ut
3148 4962 3254 5012 nos,
3269 4947 3474 5002 iterato
3497 4964 3602 5018 per
3621 4965 3756 5019 pra:-

2155 5044 2456 5114 c-‘ptionem
2482 5051 2720 5108 nostram
2737 5042 2839 5107 hoc
2855 5040 3178 5096 deberemus
3197 5037 3498 5092 aliirmare.
3511 5038 3758 5106 Quorum

2154 5147 2264 5191 tam
2297 5136 2598 5206 religiosam
2621 5134 2933 5216 petitionem
2952 5131 3308 5196 libentissime
3336 5133 3680 5202 suscepisse,
3700 5141 3754 5186 ct

2155 5227 2208 5281 in
2237 5227 2490 5291 omnibus
2513 5223 2861 5278 conﬁrmasse
2885 5229 3064 5287 vestra
3085 5221 3388 5291 comperiat
3409 5222 3752 5293 magnitudo.

2155 5319 2260 5374 Sed
2307 5317 2432 5388 quia
2478 5332 2508 5370 a
2555 5313 2938 5384 suprascriptis
2984 5311 3322 5382 principibus
3346 5312 3436 5366 vel
3474 5328 3512 5366 ι
3541 5314 3758 5368 caeteris

2153 5411 2346 5478 priscis
2372 5407 2586 5478 regibus
2612 5406 2775 5462 etiam
2801 5414 2857 5461 et
2880 5421 2910 5458 a
2942 5404 3113 5458 Deum
3151 5403 3476 5458 timentibus
3521 5405 3758 5460 homini-

2153 5498 2254 5554 bus
2279 5497 2605 5553 Christianis
2633 5496 2808 5566 ipsum
2842 5494 3098 5564 templum
3115 5534 3129 5558 ,
3151 5493 3237 5548 vel
3265 5495 3386 5563 ipse
3410 5505 3650 5552 sanctus
3675 5497 3758 5552 lo-

2153 5607 2249 5647 cus
2293 5597 2515 5660 propter
2561 5603 2800 5644 amorem
2850 5587 2943 5642 Dei
2989 5595 3046 5642 ct
3071 5588 3239 5642 vitam
3284 5590 3766 5644 :eternam.rebus

2155 5686 2368 5747 videtur
2394 5696 2514 5738 esse
2544 5683 2774 5748 ditatus,
2795 5688 2990 5736 nostra
3031 5679 3244 5755 integra
3281 5679 3505 5742 devotio
3550 5689 3676 5746 est,
3705 5686 3762 5746 ω
