3920 6310
194 316 214 370 l
225 302 331 372 569

980 314 1244 384 PlPPlNl,
1286 315 1779 373 CAROLOMANNI
1817 315 1906 371 ET
1942 316 2252 374 ALIORUM
2289 317 2703 376 DIPLOMATA.

3272 306 3278 311 ’
3323 315 3460 385 1570

185 432 442 504 superius
473 433 858 500 iutimavimus,
896 445 954 490 ut
978 436 1318 506 privilegium
1347 437 1412 490 ad
1452 433 1626 504 ipsum
1649 451 1773 490 san-
1805 437 1846 496 Α
1879 431 1979 487 fuit
2007 431 2306 498 institutus,
2329 435 2468 490 sicut
2496 437 2628 491 ordo
2653 444 2874 491 sanctus
2911 437 3130 502 edocet,
3160 440 3246 495 die
3272 451 3460 498 noctu-

187 531 335 580 ctum
368 525 542 581 locum
572 525 755 580 abbati
783 526 866 580 vel
895 526 1155 582 fratribus
1195 527 1390 581 ibidem
1429 526 1774 580 consistenti-

187 618 288 673 bus
317 605 495 673 lacere
522 617 606 673 vel
633 617 954 673 conﬁrmare
979 635 1078 690 pro
1105 619 1286 688 quiete
1327 608 1508 672 futura
1552 616 1775 672 debere-

185 723 328 775 mus,
360 717 420 764 ut
447 708 661 764 facilius
684 709 788 780 ipsi
815 709 1222 780 congregationi
1255 709 1415 764 liceat
1447 723 1546 777 pro
1571 706 1775 762 stabili-

186 811 297 857 tate
327 803 476 872 regni
505 803 678 858 nostri
706 803 774 860 ad
801 802 989 858 limina
1016 802 1100 858 vel
1125 801 1194 858 ad
1218 801 1502 871 sepulchra
1532 800 1772 870 ipsorum

184 900 489 962 martyrum
502 891 708 963 jugiter
729 907 977 947 exorare.
1003 890 1113 947 Nos
1133 905 1263 962 ergo
1289 905 1387 960 per
1409 890 1549 944 hanc
1572 887 1772 944 seriem

181 984 528 1040 auct0ritatis
549 991 771 1047 nostrai,
793 981 948 1052 juxta
971 983 1116 1052 quod
1142 993 1242 1052 per
1269 979 1636 1050 supradictum
1663 979 1772 1048 pri-

179 1071 439 1144 vilegium
468 1089 501 1128 a
528 1071 874 1144 pontiﬁcibus
900 1071 1104 1128 factum
1138 1080 1254 1136 est,
1285 1070 1366 1126 vel
1407 1069 1770 1125 anterioribus

179 1165 400 1235 regibus
423 1163 824 1230 conﬁrmatum,
851 1177 952 1233 pro
974 1163 1272 1220 reverentia
1301 1163 1540 1232 ipsarum
1563 1169 1768 1230 marty-

176 1259 300 1310 I'um
323 1254 727 1320 conﬁrmamus,
753 1262 813 1309 ut
831 1257 877 1310 si
897 1271 1002 1325 qua
1024 1255 1092 1310 ad
1121 1255 1296 1324 ipsum
1319 1261 1565 1308 sanctum
1585 1251 1765 1306 locum

176 1357 290 1414 tam
316 1348 371 1402 in
401 1347 653 1412 villabus,
687 1347 991 1417 mancipiis,
1021 1347 1104 1402 vel
1136 1347 1190 1401 in
1215 1344 1648 1426 quibuscumque
1683 1358 1766 1397 re-

175 1443 279 1496 bus
317 1448 480 1510 atque
520 1439 843 1508 corporibus
893 1455 924 1492 a
967 1437 1164 1508 priscis
1205 1433 1568 1508 principibus,
1607 1448 1704 1488 seu
1731 1449 1762 1487 a

174 1525 346 1586 Deum
394 1531 709 1586 timentibus
755 1530 1064 1584 boniinibus
1113 1535 1332 1600 propter
1377 1539 1618 1579 amorem
1667 1524 1762 1578 Dei

171 1614 278 1674 fuit
307 1619 506 1676 ibidem
531 1619 856 1689 delegatum,
881 1627 974 1674 aut
1002 1618 1259 1686 deinceps
1293 1614 1456 1670 fuerit
1485 1615 1723 1669 additum
1743 1654 1758 1679 ,

170 1697 300 1766 dum
323 1719 378 1766 et
403 1724 470 1765 ex
490 1710 866 1766 muniﬁcentia
894 1721 1104 1781 regum,
1127 1715 1188 1762 ut
1215 1706 1472 1771 diximus,
1503 1705 1616 1776 ipse
1635 1720 1761 1760 san-

1875 538 1981 592 quc
2008 525 2318 594 perenniter
2338 525 2391 579 in
2425 526 2542 595 ipso
2567 535 2756 580 sancto
2785 527 2904 582 loco
2931 528 3256 586 celebretur.
3284 531 3458 599 Quam

1876 615 2285 682 auctoritatem,
2312 615 2530 672 Christo
2556 619 2608 671 in
2631 619 2882 674 omnibus
2909 620 3068 676 nobis
3102 622 3426 694 suffragante
3445 663 3461 689 ,

1873 705 2196 762 conﬁdimus
2224 708 2350 776 quia
2379 706 2596 776 adjuvat
2617 708 2692 764 illi
2718 711 3137 778 consentientes,
3159 721 3215 768 et
3234 715 3462 786 despicit

1872 793 2022 850 illam
2053 797 2334 852 destruere
2368 798 2668 867 cupientes.
2696 799 2764 854 Et
2795 808 2856 855 ut
2892 800 3184 858 ﬁrmiorem
3218 805 3461 860 obtineat

1871 889 2129 960 vigorem,
2172 899 2228 948 et
2267 896 2473 949 nostris
2510 910 2576 951 ac
2611 894 2806 952 futuris
2829 897 3162 966 temporibus
3182 895 3294 950 Deo
3315 900 3464 952 auxi-

1871 979 2036 1036 liante
2062 979 2225 1036 illaesa
2247 984 2604 1049 custodiatur,
2627 997 2684 1040 et
2704 1000 2804 1055 per
2825 993 3063 1056 tempora
3087 997 3459 1054 conservetur,

1869 1073 2086 1142 propria
2113 1089 2278 1129 manu
2306 1075 2613 1132 studuimus
2631 1078 2976 1133 adumbrare.

1940 1160 2164 1232 Signum
2193 1170 2251 1228 μὶ
2278 1163 2491 1234 Pippini
2513 1167 2890 1238 gloriosissimi
2919 1169 3082 1237 regis.

1939 1251 2074 1307 Data
2097 1269 2242 1310 nono
2267 1255 2384 1310 Kal.
2410 1256 2602 1313 Octob.
2625 1269 2768 1314 anno
2787 1260 2852 1313 l7
2873 1260 3023 1332 regni
3044 1259 3235 1316 nostri.
3260 1260 3462 1318 Actum

1865 1342 1923 1397 in
1947 1343 2063 1415 ipso
2084 1348 2412 1402 monasterio
2436 1351 2608 1405 sancti
2634 1352 2893 1423 Dionysii.

2539 1479 2781 1538 XXXIX.

1866 1600 1891 1629 ⁸
1933 1588 2177 1660 Diploma
2213 1590 2422 1662 Pippim'
2465 1595 2600 1663 regis
2659 1593 3021 1662 Francorum,
3066 1614 3170 1667 quo
3217 1596 3459 1654 Fulrada

1933 1659 2108 1713 abbati
2150 1663 2320 1713 sancti
2360 1662 2600 1713 Dionusii
2643 1675 2690 1713 et
2735 1665 3003 1713 agnellum)
3041 1684 3137 1713 suo
3178 1669 3456 1713 conﬁrmat

1933 1662 2108 1714 abbati
2150 1663 2320 1716 sancti
2360 1662 2600 1732 Dionysii
2643 1675 2690 1719 et
2735 1681 2794 1718 ca
2831 1665 3003 1720 ellano
3041 1662 3137 1720 εἱιο
3178 1669 3456 1737 conﬁrmat

1933 1729 2268 1807 traditionem
2287 1730 2368 1785 illi
2395 1731 2589 1807 factam
2613 1751 2646 1807 ᾳ
2673 1683 2896 1807 ινὶίέ-ηε
2918 1735 3134 1807 ᾼΙειιιίω
3157 1737 3379 1807 dynasta
3401 1739 3456 1791 in

169 1811 294 1858 ctus
316 1803 467 1858 locus
494 1802 709 1857 videtur
731 1815 849 1856 esse
871 1801 1072 1856 ditatus
1095 1797 1180 1854 vel
1202 1795 1471 1862 conditus,
1501 1805 1560 1851 ut
1580 1795 1759 1851 nullus
1792 1794 1838 1856 Β
1933 1795 2163 1876 ςῗεερτιαο·ι
2206 1794 2411 1876 sancto:
2441 1801 2722 1876 "ippglyto
2742 1844 2775 1876 ,_
2813 1803 3091 1876 Ensheim,
3150 1794 3457 1876 Sciam/fers-

167 1891 549 1962 e‘piscoporum
591 1899 695 1946 'uec
740 1897 1036 1962 prmsentes
1074 1904 1176 1946 nec
1211 1889 1304 1959 qui
1344 1886 1512 1943 futuri
1543 1887 1759 1942 fuerunt

170 1991 547 2047 successeres,
579 1992 674 2038 aut
717 1991 907 2040 eorum
944 1983 1285 2038 ordinatores
1307 2013 1323 2045 ~,
1373 1981 1458 2036 vel
1507 1979 1760 2051 quaelibet

169 2082 424 2146 persana,
452 2088 557 2130 non
587 2075 758 2145 possit
787 2075 968 2144 aliquo
995 2075 1186 2130 ordine
1230 2073 1298 2130 de
1332 2074 1451 2130 loco
1493 2073 1612 2144 ipso
1657 2073 1760 2129 ali-

168 2164 301 2234 quid
327 2163 576 2231 auferre,
603 2172 699 2219 aut
745 2163 978 2234 aliquam
1025 2171 1348 2233 potestatem
1397 2162 1502 2218 sibi
1548 2163 1603 2217 in
1642 2163 1759 2234 ipso

167 2255 501 2311 monasterio
523 2261 804 2326 usurpare,
829 2253 913 2310 vel
945 2254 1150 2324 aliquid
1189 2254 1345 2324 quasi
1382 2253 1760 2309 commutatio-

165 2345 254 2402 nis
281 2347 436 2402 titulo
463 2347 666 2418 absque
688 2347 966 2402 voluntate
995 2346 1165 2416 ipsius
1197 2344 1442 2410 abbatis,
1468 2343 1553 2400 vel
1587 2343 1760 2414 ipsius

165 2439 601 2510 cengregationis
624 2439 707 2494 vel
735 2447 922 2494 nostro
948 2439 1235 2508 permissu,
1261 2445 1317 2492 et
1339 2451 1514 2508 neque
1538 2435 1754 2501 calices,

163 2541 344 2597 neque
382 2542 602 2593 cruces,
631 2541 727 2582 seu
771 2527 1087 2582 indumenta
1132 2527 1418 2592 altarium,
1447 2526 1532 2583 vel
1572 2540 1758 2582 sacros

162 2617 402 2682 codices,
426 2624 522 2671 aut
548 2631 760 2680 aurum,
790 2623 885 2671 aut
905 2625 1188 2687 argentum
1207 2656 1222 2682 ,
1266 2617 1352 2672 vel
1383 2617 1754 2688 qualemcnms

161 2722 271 2778 que
299 2707 566 2777 speciem,
595 2707 661 2762 de
686 2721 794 2777 quo
822 2706 1020 2766 ibidem
1059 2706 1313 2762 collatum
1343 2705 1533 2773 fuerit,
1557 2707 1642 2762 vel
1665 2708 1752 2762 in-

161 2805 324 2854 antca
359 2795 618 2864 dandum,
647 2796 862 2853 auferre
891 2806 984 2852 aut
1012 2797 1286 2861 minuere,
1330 2812 1504 2868 neque
1529 2798 1598 2853 ad
1623 2797 1756 2853 civi-

163 2896 333 2944 tatem
363 2887 574 2944 deferre
597 2888 815 2958 penitus
847 2888 928 2943 eis
957 2887 1146 2952 liceat,
1179 2904 1282 2944 nec
1324 2886 1502 2944 facere
1545 2904 1752 2960 praesu-

163 2989 316 3036 mant
339 2995 354 3035 :
376 2980 473 3036 sed
498 2980 658 3036 liceat
693 2980 795 3052 ipsi
832 2989 1033 3036 sanctae
1073 2981 1480 3052 congregatim!
1520 2981 1607 3036 vel
1651 2982 1754 3052 ipsi

163 3079 354 3128 stncto
380 3069 500 3128 loco
527 3072 671 3144 quod
697 3073 778 3129 eis
803 3087 902 3144 per
929 3080 1136 3129 rectam
1165 3073 1557 3144 delegationem
1591 3073 1755 3129 colla-

1933 1869 2090 1943 heim,
2121 1869 2463 1943 Grasenhet‘m
2491 1869 2994 1943 et'Rappolsweiler.
3035 1876 3231 1930 Datum
3257 1869 3332 1933 25
3355 1877 3454 1932 Se;

1932 1939 2178 2008 ptembris
2203 1938 2324 1996 768.

1944 2050 2116 2114 (Apud
2139 2051 2452 2112 Grandidicr,
2483 2052 2604 2104 Hist.
2631 2052 2696 2104 de
2715 2053 2916 2118 t‘Bglise
2937 2058 3000 2108 de
3030 2057 3366 2122 Strabourg.)

1929 2153 2188 2226 Pippinus
2227 2171 2321 2212 rex
2362 2155 2724 2223 Francorum,
2771 2160 2856 2214 vir
2902 2160 3150 2218 inluster.
3193 2161 3456 2218 Omnibus

1857 2248 2156 2321 episcopis,
2191 2250 2511 2316 abbatibus,
2539 2265 2633 2306 seu
2670 2253 2990 2320 comitibus,
3021 2253 3107 2309 vel
3140 2256 3456 2325 proceribus

1857 2339 2060 2395 nostris
2087 2348 2249 2410 atque
2275 2340 2458 2396 missis
2493 2355 2522 2395 a
2559 2341 2760 2412 palatio
2797 2351 2982 2400 nostro
3014 2344 3215 2414 ubique
3247 2344 3456 2400 discur-

1860 2434 2120 2490 rentibus.
2149 2431 2214 2488 Et
2241 2435 2367 2504 quia
2400 2448 2498 2504 per
2525 2434 2621 2490 Dei
2650 2435 3076 2492 misericordiam
3106 2451 3269 2508 regna
3293 2443 3455 2493 terra;

1855 2525 2158 2595 gubernare
2179 2525 2444 2592 videmur,
2473 2535 2687 2596 oportet
2714 2543 2778 2583 ea
2799 2527 2854 2583 in
2881 2527 2977 2584 Dei
3004 2529 3223 2584 nomine
3251 2529 3454 2586 indesi-

1855 2624 2052 2672 nenter
2073 2617 2428 2687 perpendere,
2453 2627 2722 2689 quatenus
2744 2619 2958 2675 illorum
2980 2629 3169 2676 nostra
3194 2621 3454 2692 propitia-

1856 2707 1932 2762 tio
1957 2713 2190 2774 tueatur,
2217 2723 2448 2776 quorum
2485 2709 2642 2764 nobis
2679 2709 2982 2765 sollicitudo
3009 2709 3299 2765 commissa
3332 2723 3456 2768 esse

1853 2800 2088 2866 videtur,
2119 2801 2354 2870 qualiter
2381 2809 2436 2855 et
2472 2799 2592 2856 illos
2617 2800 2710 2870 qui
2745 2800 3042 2854 munimine
3083 2800 3326 2872 indigent
3356 2801 3452 2856 de-

1853 2891 2160 2959 fendamds,
2193 2901 2355 2964 atque
2397 2901 2544 2948 recto
2570 2892 2789 2947 tramite
2817 2899 3199 2948 sustentemus.
3231 2890 3366 2946 Nam
3397 2893 3454 2946 in

1855 2984 1940 3040 his
1983 2985 2252 3054 praecipue
2294 2985 2469 3038 honor
2508 2992 2694 3038 noster
2738 2982 3108 3038 indesinenter
3151 2981 3454 3038 clarescere

1857 3075 2035 3141 debet,
2064 3075 2160 3144 qui
2183 3089 2290 3128 non
2312 3073 2486 3128 solum
2513 3072 2671 3128 ﬁdem
2693 3072 2958 3128 intlzesam
2982 3087 3112 3143 erga
3134 3085 3237 3127 nos
3261 3073 3316 3126 in
3335 3087 3456 3126 om-

163 3165 280 3217 tum
309 3170 411 3227 est,
435 3141 698 3234 perpetim
737 3141 1034 3232 possidere.
1069 3163 1202 3219 Illud
1227 3141 1357 3220 vero
1376 3165 1430 3219 in
1455 3164 1560 3220 hoc
1588 3164 1756 3234 privi-
1779 3141 1828 3208 ο
1857 3165 2017 3221 nibus
2041 3141 2144 3221 visi
2169 3172 2293 3220 sunt
2317 3163 2610 3228 custodire,
2637 3163 2732 3218 sed
2758 3162 2923 3218 etiam
2943 3141 3315 3216 assiduitatem
3338 3175 3456 3216 ser-

163 3251 308 3324 legio
334 3260 534 3308 nostra:
559 3253 868 3310 serenitatis
898 3255 1100 3324 placuit
1137 3254 1508 3320 inserendum,
1539 3263 1601 3310 ut
1632 3270 1756 3311 cum

164 3343 304 3398 abba
349 3343 418 3398 de
449 3343 564 3412 ipsa
585 3357 712 3398 casa
755 3341 852 3399 Dei
897 3344 964 3398 de
1008 3344 1112 3400 hoc
1160 3343 1358 3400 seculo
1398 3352 1533 3399 nutu
1571 3344 1756 3400 divino

165 3434 332 3490 fuerit
355 3442 635 3502 evocatus,
681 3434 842 3491 liceat
870 3435 972 3506 ipsi
1012 3445 1215 3492 sanctae
1251 3435 1654 3508 congregationi
1689 3436 1757 3493 de

165 3526 288 3596 ipso
313 3527 644 3582 monasterio
669 3541 735 3582 ex
763 3528 1070 3599 semetipsis
1097 3528 1329 3599 eligere,
1373 3537 1430 3584 et
1458 3543 1620 3600 quem
1653 3530 1764 3585 δα·-

163 3629 294 3672 num
305 3624 360 3672 et
377 3617 704 3688 condignum
717 3618 1040 3685 invenerint,
1061 3619 1156 3689 qui
1178 3619 1354 3688 ipsum
1369 3633 1508 3675 onus
1525 3619 1756 3676 abbatis:

166 3709 462 3765 secundum
489 3710 736 3766 ordinem
763 3718 1010 3766 sanctum
1035 3711 1208 3780 possit
1233 3725 1420 3782 regere
1447 3709 1534 3766 vel
1559 3711 1756 3782 guber-

161 3815 318 3868 nare,
343 3810 399 3858 et
425 3803 755 3858 unanimiter
777 3789 1185 3870 consenserint,
1211 3802 1338 3859 data
1367 3803 1689 3859 auctoritate
1721 3817 1756 3859 a

165 3895 351 3958 nobis,
379 3894 462 3951 vel
507 3910 536 3949 a
579 3895 986 3952 successoribus
1025 3896 1255 3962 nostris,
1289 3895 1487 3952 ibidem
1531 3895 1586 3950 in
1639 3895 1756 3966 ipsa

165 4001 289 4041 casa
331 3986 424 4041 Dei
461 3986 774 4042 instituatur
800 3985 974 4051 abba,
1021 3994 1075 4041 et
1115 4001 1217 4056 pro
1267 3987 1560 4042 stabilitate
1599 3987 1755 4056 regni

167 4078 358 4143 nostri,
384 4077 467 4133 vel
492 4092 592 4148 pro
621 4077 832 4132 cunctis
860 4077 1034 4132 leudis
1063 4078 1266 4132 nostris
1283 4111 1298 4141 ,
1329 4093 1425 4132 seu
1452 4093 1553 4148 pro
1579 4079 1757 4134 salute

163 4167 374 4238 patriae,
397 4166 613 4224 Domini
635 4166 1062 4222 misericordiam
1081 4153 1285 4236 jugiter
1305 4167 1522 4222 valeant
1563 4182 1756 4222 exora-

165 4271 244 4310 re.
297 4255 433 4323 Quia
487 4272 588 4312 nos
629 4271 730 4327 pro
773 4255 869 4310 Dei
917 4270 1102 4311 amore
1121 4296 1137 4322 ,
1178 4254 1263 4310 vel
1306 4271 1406 4326 pro
1451 4258 1756 4312 reverentia

167 4347 407 4418 ipsorum
479 4356 791 4404 sanctorum
867 4357 1164 4421 martyrum
1195 4389 1210 4415 ,
1291 4357 1348 4404 et
1409 4349 1755 4420 adipiscenda

1855 3256 1974 3312 vitii
2007 3256 2133 3311 totis
2156 3251 2363 3310 viribus
2394 3252 2598 3323 junctis
2626 3268 2734 3307 non
2769 3259 2985 3308 cessant
3027 3249 3356 3321 impendere.
3388 3249 3456 3304 Et

1855 3349 1976 3405 ideo
2009 3357 2157 3404 recte
2190 3361 2312 3403 esse
2341 3360 2654 3408 censemus,
2675 3353 2739 3399 ut
2775 3343 2867 3414 qui
2903 3341 3028 3397 talia
3056 3354 3314 3396 exercere
3349 3354 3451 3394 no-

1846 3447 2101 3504 scuntur,
2129 3444 2184 3494 et
2223 3437 2425 3492 nostris
2464 3435 2798 3506 temporibus
2825 3433 2991 3488 vitam
3021 3445 3213 3487 eorum
3249 3429 3452 3486 faciant

1852 3526 2135 3600 paciﬁcum
2163 3529 2382 3593 ducere,
2405 3533 2462 3580 et
2488 3523 2701 3589 futuris,
2729 3522 2852 3593 jure
2879 3521 3194 3578 ﬁrmissimo
3216 3535 3304 3587 ea,
3330 3533 3454 3590 qua:

1855 3636 1886 3676 a
1923 3620 2081 3676 nobis
2122 3633 2378 3675 concessa
2422 3627 2564 3682 sunt,
2604 3617 2807 3687 absque
2849 3614 3220 3686 inquietudine
3263 3612 3457 3669 liberis

1853 3711 2244 3784 potestatibus,
2292 3709 2511 3766 Christo
2551 3709 2802 3781 prmsulc,
2839 3707 3052 3764 valeant
3097 3707 3153 3762 in
3198 3705 3451 3762 omnibus

1854 3804 2156 3860 dominare.
2207 3803 2546 3875 Quapropter
2592 3801 2720 3856 dum
2762 3801 3008 3871 pluribus
3048 3799 3292 3855 noscitur
3330 3813 3458 3854 esse

1855 3905 2220 3967 compertum,
2257 3904 2525 3966 quatenus
2555 3892 2699 3948 ﬁdeli
2741 3891 2851 3948 Deo
2876 3891 3110 3962 propitio
3146 3899 3333 3946 nostro
3369 3897 3453 3946 at-

1854 4002 1960 4058 que
2007 3987 2126 4042 viro
2171 3985 2465 4042 venerabili
2510 3984 2746 4040 Fulrado
2788 3983 3066 4054 eapellano
3106 3993 3293 4040 nostro
3337 3983 3453 4039 sive

1855 4079 2326 4150 archipresbytero
2357 4079 2385 4117 δ
2414 4084 2541 4130 ante
2579 4077 2678 4130 hos
2705 4076 2822 4130 dies
2849 4075 3153 4129 advenienti
3182 4089 3345 4129 causa
3373 4073 3454 4129 la-

1854 4166 2005 4220 boris
2029 4165 2342 4235 paericulum
2367 4178 2505 4234 pene
2532 4163 2728 4242 mortis
2751 4169 2960 4218 constat
2981 4177 3104 4216 eum
3133 4161 3302 4216 luisse
3321 4175 3454 4216 cou-

1855 4271 2074 4311 nexum.
2119 4255 2187 4310 Et
2227 4255 2348 4311 ideo
2382 4255 2599 4310 tradens
2634 4253 2792 4309 nobis
2819 4267 2907 4310 res
2938 4252 3284 4324 proprietatis
3315 4263 3446 4317 sine,

1855 4360 1992 4417 quas
2027 4347 2190 4401 homo
2220 4345 2433 4416 aliquas
2461 4345 2678 4401 nomine
2705 4343 2870 4400 Wido
2896 4355 2919 4384 ε
2951 4343 3127 4399 eidem
3165 4343 3448 4414 delegave-

165 4439 275 4494 vita
327 4443 528 4495 aeterna
551 4477 566 4503 ,
635 4439 738 4494 hoc
778 4439 1097 4496 beneﬁcium
1153 4441 1220 4496 ad
1265 4441 1443 4512 ipsum
1500 4451 1754 4497 sanctum
1785 4489 1834 4512 ,,
1861 4447 1972 4504 rat,
1999 4447 2059 4494 ut
2083 4451 2184 4510 pro
2218 4436 2336 4507 ejus
2370 4437 2551 4492 anima
2579 4436 2728 4507 ipsas
2758 4450 2848 4492 res
2893 4435 2962 4490 ad
2989 4435 3108 4490 loca
3138 4441 3450 4490 sanctorum

166 4533 342 4586 locum
366 4573 381 4598 ,
437 4531 522 4590 vel
563 4531 632 4587 ad
679 4533 856 4602 ipsum
908 4533 1298 4589 monasterium
1324 4573 1340 4599 ,
1385 4548 1483 4603 per
1527 4547 1754 4589 consen-

166 4639 284 4678 sum
332 4624 680 4694 pontiﬁcum,
728 4625 1083 4694 optimatum,
1138 4625 1427 4680 illustrium
1481 4626 1754 4692 virorum,

168 4726 472 4774 nostrorum
517 4734 839 4790 procerum,
881 4720 1191 4792 gratissimo
1223 4721 1407 4777 animo
1450 4730 1507 4777 et
1549 4722 1756 4794 integra

166 4809 450 4866 devotione
477 4811 578 4867 visi
605 4810 806 4866 fuimus
831 4805 1148 4882 prmstitisse
1181 4810 1267 4867 vel
1295 4815 1630 4868 concessisse
1647 4854 1662 4879 ,
1691 4829 1757 4869 eo

167 4899 376 4955 scilicet
410 4900 624 4966 ordine,
654 4909 716 4956 ut
741 4901 883 4956 sicut
906 4910 1152 4972 tempom
1185 4904 1521 4959 anteriorum
1567 4921 1755 4976 regum

167 4989 364 5046 ibidem
393 4991 446 5044 in
479 4992 594 5060 ipsa
619 5000 807 5047 sancta
835 4992 1056 5049 basilica
1088 4992 1393 5064 psaleneius
1426 5009 1526 5065 per
1551 5005 1758 5052 turmas

241 5174 267 5202 ι
292 5161 588 5216 Ediderunt
607 5161 846 5246 F_‘_el_ib_ieu
870 5161 1104 5246 Histoire
1118 5155 1578 5246 ge‘Saint-Dgnys,
1599 5157 1760 5217 Praua

171 5248 273 5314 res,
295 5247 416 5302 pag.
442 5247 581 5297 xxx;
617 5231 886 5314 Mabillon,
911 5233 1079 5315 delle
1098 5233 1375 5303 diplomat.
1407 5231 1516 5286 lib.
1527 5249 1606 5316 vi,
1630 5249 1751 5304 pag.

170 5299 297 5366 495,
333 5310 384 5355 et
418 5301 752 5373 Bouquetus,
789 5319 840 5357 In
883 5303 1147 5373 Scriptor.
1193 5318 1300 5358 rer.
1347 5295 1752 5373 Francicarum,

171 5381 305 5428 tom.
333 5373 394 5433 ν,
430 5371 563 5443 pag.
584 5372 705 5428 708.
734 5372 842 5429 Sed
875 5391 979 5429 non
1009 5371 1146 5429 satis
1167 5381 1375 5429 exacte.
1405 5371 1538 5428 Illud
1573 5390 1754 5428 com-

170 5450 322 5498 ctum
347 5443 556 5506 damus,
584 5445 725 5500 sicut
745 5459 812 5499 ex
839 5445 1149 5501 authentico
1177 5444 1660 5509 nobimransmisit
1687 5443 1750 5500 Π.

173 5512 246 5568 La
273 5513 513 5568 Forcade
535 5529 696 5583 supra
719 5515 984 5572 laudatus.

246 5585 272 5623 ιι
299 5583 561 5638 Fulradus
591 5581 810 5640 vocatur
833 5585 1238 5640 amabiliuimm
1271 5583 1430 5639 abbas
1449 5626 1463 5650 ,
1507 5581 1754 5640 Francia:

172 5653 598 5726 archipresbyter,
624 5652 676 5708 in
709 5657 928 5724 epistola
958 5657 1175 5712 Adriani
1210 5671 1360 5726 papa:
1389 5655 1454 5710 ad
1485 5653 1752 5726 Tilpinnm

174 5721 532 5779 Bhetneusem
571 5721 1062 5797 archiepiscopum,
1103 5721 1406 5796 conscripta
1440 5721 1626 5782 versus
1653 5742 1752 5780 ano

1857 4531 2183 4589 conﬁrmare
2207 4529 2545 4586 deberemus.
2574 4527 2683 4583 Sed
2709 4528 2858 4598 quia,
2889 4525 3241 4582 subveniente
3269 4523 3451 4612 divina

1853 4622 2247 4687 misericordia,
2285 4621 2337 4676 in
2365 4619 2648 4692 pristinam
2673 4617 2855 4673 denuo
2881 4615 3168 4671 restitutus
3194 4621 3278 4669 est
3303 4613 3451 4668 sani-

1854 4723 2043 4782 tatem,
2073 4714 2360 4786 praedictas
2387 4714 2584 4769 iterum
2613 4725 2702 4766 res
2737 4710 2908 4782 ipsius
2942 4701 3176 4764 Fulrado
3198 4705 3303 4761 visi
3340 4703 3448 4760 fui-

1854 4827 1976 4868 mus
2013 4811 2330 4866 tradedisse.
2371 4807 2478 4863 Sed
2518 4821 2712 4862 verens
2739 4805 2854 4876 ipse
2880 4803 3038 4875 quasi
3081 4817 3182 4872 per
3213 4798 3450 4870 quodam

1861 4901 2120 4974 temporis
2148 4901 2391 4972 spacium
2415 4911 2512 4972 pro
2538 4898 2848 4970 cupiditatis
2873 4909 3058 4952 amore
3082 4893 3328 4950 homines
3353 4892 3453 4946 alio

1863 4998 1954 5068 qui
1977 4999 2107 5068 ipsis
2125 4997 2400 5068 praedictis
2415 4995 2583 5051 rebus
2597 5007 2904 5064 requerere,
2925 4989 3010 5046 vel
3030 5004 3128 5060 pro
3149 4987 3265 5059 ipsa
3284 5001 3449 5044 causa

1863 5189 1992 5230 num
2041 5173 2161 5234 775.
2208 5173 2350 5244 apud
2393 5171 2780 5244 Flodoardum,
2825 5169 2878 5224 in
2902 5165 3159 5244 “Historia
3205 5165 3450 5244 ecclesia!

1859 5245 2185 5300 Rbcmensis
2202 5265 2224 5310 ,‘
2241 5236 2353 5298 'lib.
2377 5259 2458 5314 _n,
2485 5258 2604 5314 cap.
2627 5242 2722 5314 _l_7.
2751 5239 2998 5314 Appellat
3021 5239 3171 5314 i_l_ln_m
3200 5236 3445 5308 Capellae

1865 5333 1989 5372 nam
2024 5309 2211 5386 palatii
2242 5315 2328 5368 sui
2361 5309 2586 5396 Carolus
2623 5309 2866 5434 Magnus,
2907 5311 2963 5366 in
3010 5309 3300 5434 diglpmate
3347 5318 3450 5378 pro

1865 5387 2188 5434 monasterio
2217 5384 2499 5434 Salonensr
2525 5399 2650 5434 anni
2674 5382 2705 5434 7
2747 5381 2800 5434 7.
2825 5383 2966 5434 anud
2988 5379 3037 5434 Μ
3111 5379 3348 5434 illonem.
3381 5379 3450 5429 tle

1859 5379 2188 5468 monasterio
2217 5384 2499 5468 Salonepsi
2525 5383 2650 5439 anni
2674 5379 2800 5447 777,
2825 5383 2966 5452 apud
2988 5379 3348 5442 Mabillonem,
3381 5379 3452 5429 de

1859 5455 1957 5600 {hac
1973 5454 2576 5600 éWilggbieggpoteszttem
2601 5524 2892 5600 multorum
2913 5525 2966 5578 in
2983 5521 3184 5600 Alsatia
3201 5520 3444 5600 locta-um

1857 5593 2133 5651 {luminum
2175 5589 2340 5652 fuisse
2381 5597 2574 5668 probat
2619 5594 2995 5661 Schoeatlinus,
3037 5591 3202 5647 Alsat.
3246 5589 3453 5645 illustr.

1863 5677 1988 5722 tom.
2018 5667 2059 5722 Ι.
2085 5683 2207 5722 naa.
2235 5667 2357 5722 067.

1863 5677 1988 5722 tom.
2018 5668 2059 5732 l,
2085 5683 2207 5738 pag.
2235 5668 2357 5722 667.
