3920 6310
163 385 280 444 15τὸ
923 375 1183 442 PlPPlNl,
1224 365 1714 430 CAROLOMANNI
1749 363 1836 422 ET
1875 359 2183 419 ALIORUM
2225 354 2633 416 DlPLOMATA.
3253 345 3392 407 1574

161 511 260 557 stca
299 495 610 569 suggerebat
645 493 757 562 ipse
797 490 1084 555 Fulradus,
1124 487 1206 542 vel
1253 486 1498 542 monachi
1543 480 1715 538 sancti
1744 482 1792 542 Α
1819 477 1962 546 ipsas
1986 473 2358 545 prmeeptionis
2383 469 2463 525 vel
2482 469 2716 539 iudicius
2741 466 3074 569 eviudicatus
3102 464 3168 569 ad
3199 465 3396 519 domno

163 556 466 653 Dionisiifet
487 585 591 640 hoc
617 556 895 646 dicebant,
926 588 984 634 ut
1025 577 1099 634 illi
1141 578 1404 634 telloueus
1432 576 1499 631 de
1535 574 1626 629 illo
1658 574 1714 628 in
1815 565 2040 635 l’ippino
2075 579 2197 634 rege
2223 563 2307 618 vel
2326 563 2566 653 aliorum
2595 575 2779 653 regum
2805 559 3011 613 ﬁrmior
3037 556 3319 618 habeatur,
3343 563 3400 609 et

159 650 372 738 villabus'
393 677 476 733 vel
501 690 660 748 agros
685 685 891 735 eorum,
920 679 1062 726 totus
1083 671 1284 739 absque
1303 668 1502 738 iudicis
1527 666 1716 722 introi-
1815 655 1960 710 circa
2000 655 2116 724 ipsa
2160 667 2288 708 casa
2325 651 2421 748 Dei
2457 650 2767 748 perenniter
2791 654 3186 748 conservetur
3236 657 3400 748 manu

165 781 265 826 tum
287 771 350 826 ad
369 783 494 824 casa
515 764 698 822 domui
727 763 967 836 Dyonisii
992 761 1180 817 adesse
1197 761 1446 825 debebat,
1469 769 1524 814 et
1544 771 1570 799 ι
1595 756 1719 812 Ful-

160 864 308 918 radus
332 861 464 916 abba
495 874 590 915 seu
619 856 929 928 capellanus
955 863 1137 910 noster
1153 851 1414 922 judicium
1449 851 1720 908 evindica-

165 961 266 1006 tum
289 964 376 1005 seu
415 956 470 1002 et
491 944 902 1002 conﬁrmatione
929 942 1126 997 domno
1162 949 1216 996 et
1253 940 1496 1011 genitore
1537 945 1722 992 nostro

163 1039 368 1110 Pippino
393 1035 782 1108 gloriosissimo
809 1045 936 1103 rege
957 1047 1055 1102 per
1079 1031 1330 1086 manibus
1352 1028 1556 1084 adserit
1580 1035 1724 1082 retu-

163 1132 295 1195 lisse,
319 1128 402 1184 vel
433 1126 705 1200 quomodo
739 1140 772 1180 a
814 1123 974 1194 longo
1015 1131 1257 1192 tempore
1297 1135 1484 1188 regum
1526 1119 1723 1174 ibidem

164 1220 255 1275 fuit
273 1218 615 1280 consuetudo,
644 1214 729 1271 vel
755 1213 825 1269 ad
854 1214 968 1284 ipsa
995 1227 1122 1268 casa
1154 1211 1248 1265 Dei
1276 1210 1584 1280 integritate
1612 1209 1726 1278 ipse

157 1312 404 1368 telloueos
431 1307 534 1364 fuit
559 1321 848 1363 concessus
874 1305 958 1360 vel
978 1310 1350 1360 conservatus.
1381 1300 1450 1357 Et
1469 1299 1596 1354 dum
1625 1299 1728 1354 hac

155 1417 310 1459 causa
333 1402 412 1457 sic
438 1407 556 1454 acta
577 1397 660 1452 vel
687 1403 993 1467 perpetrata
1018 1393 1348 1449 invenissent
1369 1406 1468 1462 per
1493 1391 1730 1446 anterio-

157 1510 276 1550 rum
306 1507 488 1562 regum
503 1531 518 1557 ,
557 1489 692 1546 tales
739 1487 1125 1558 praeceptioues
1165 1485 1250 1542 vel
1293 1482 1732 1542 conﬁrmatioues

163 1585 308 1640 nobis
333 1582 662 1638 obtullerunt
689 1579 1020 1648 relegendas.
1057 1577 1124 1632 Et
1149 1577 1326 1632 denuo
1364 1576 1560 1630 iterum
1597 1587 1729 1628 cou-

155 1675 430 1738 cessimus,
455 1681 514 1727 ut
529 1673 598 1728 ab
624 1673 725 1726 hac
745 1671 834 1726 die
859 1669 1036 1724 nullus
1056 1685 1121 1724 ex
1137 1666 1421 1737 iudiciaria
1445 1672 1727 1736 potestate,

153 1783 256 1824 :nec
281 1767 332 1822 in
356 1767 471 1836 ipso
499 1763 774 1829 marcado,
806 1775 908 1816 nec
931 1776 1031 1831 per
1057 1775 1246 1815 eorum
1273 1771 1452 1828 agros,
1477 1771 1579 1811 nec
1603 1771 1732 1827 por-

161 1867 263 1925 tus,
291 1873 388 1914 nec
413 1856 479 1913 de
508 1855 754 1912 homines
779 1867 985 1917 eorum,
1015 1865 1116 1907 nec
1141 1865 1330 1906 eomm
1365 1849 1730 1920 negociantes,
1763 1836 1810 1899 Β

162 1963 260 2007 nec
275 1951 338 2005 de
361 1963 548 2004 omnes
572 1947 827 2002 naciones
851 1957 1234 2016 quascumque,
1256 1942 1348 2012 qui
1373 1943 1442 1998 ad
1455 1941 1569 2011 iam
1589 1941 1735 1997 dicto

163 2041 408 2098 marcado
428 2038 739 2102 adveniunt,
770 2051 868 2092 nec
890 2051 990 2106 per
1007 2035 1162 2090 villas
1185 2048 1390 2098 eorum,
1417 2047 1519 2089 nec
1543 2031 1610 2087 de
1633 2046 1734 2086 na-

161 2131 318 2202 vigia,
344 2143 443 2184 nec
479 2128 548 2183 de
575 2135 784 2198 portus,
815 2139 916 2182 nec
947 2125 1016 2181 de
1053 2138 1210 2180 carra
1231 2163 1246 2189 ,
1277 2137 1378 2178 nec
1421 2123 1488 2177 de
1523 2135 1738 2178 saumas

162 2221 304 2275 nullo
327 2219 574 2282 telloneo,
599 2233 702 2274 nec
726 2217 978 2283 foratieo,
1006 2231 1107 2272 nec
1132 2215 1380 2280 rotatieo,
1413 2230 1514 2270 nec
1544 2220 1738 2284 ponta-

165 2314 286 2377 tico,
331 2327 429 2368 nec
465 2310 754 2380 portatico,
791 2324 892 2364 nec
929 2307 1232 2372 salutatico,
1278 2321 1380 2362 nec
1416 2305 1738 2376 cispitatico,

164 2419 261 2460 nee
281 2403 558 2467 mutatico,
582 2417 682 2458 nec
699 2403 806 2457 ulla
833 2409 1021 2457 exacta
1060 2399 1465 2464 consuetudine,
1492 2413 1593 2453 nec
1627 2395 1746 2451 nul-

154 2497 246 2552 lus
275 2495 514 2551 dinarius
544 2503 777 2564 quatuor
801 2494 868 2548 de
894 2508 1082 2548 omnes
1105 2493 1352 2548 nationes
1378 2491 1522 2562 quod
1547 2491 1745 2546 ibidem

155 2586 230 2641 ad
253 2585 365 2656 ipso
387 2584 637 2639 mareado
655 2583 947 2638 adveniunt
968 2597 1129 2652 quem
1149 2581 1489 2636 Sonachildis
1507 2589 1561 2635 et
1583 2577 1748 2636 Guai-

162 2672 374 2730 reridus
397 2672 567 2728 comis
594 2670 674 2743 (ut
701 2686 862 2740 supra
893 2669 1333 2742 memoravimus)
1364 2670 1418 2724 in
1457 2679 1746 2726 consuetu-

163 2763 288 2820 dine
314 2762 606 2827 miserunt,
635 2762 704 2816 ad
739 2761 850 2831 ipsa
886 2761 1258 2826 necuciantes,
1301 2775 1402 2816 nec
1448 2758 1588 2815 infra
1634 2760 1750 2828 ipso

156 2871 302 2928 pago
332 2854 632 2924 Parisiago,
672 2867 772 2910 nec
808 2854 922 2924 ipsa
959 2854 1176 2910 civitate
1216 2854 1281 2909 de
1319 2853 1433 2924 ipsa
1476 2852 1614 2915 vice,
1652 2865 1752 2906 nec

166 2948 330 3004 aliubi
355 2948 444 3018 qui
473 2948 542 3003 ad
566 2947 678 3017 ipsa
704 2945 996 3003 festivitate
1021 2945 1332 3009 adveniunt,
1368 2943 1512 3000 nulla
1539 2950 1750 3008 exacta,

162 3057 266 3098 nec
286 3040 687 3105 contrarietate,
711 3052 886 3109 neque
906 3053 1022 3103 vos,
1046 3051 1222 3106 neque
1237 3033 1496 3104 iuniores,
1517 3047 1610 3090 seu
1634 3049 1755 3089 suc-

164 3149 411 3190 cessores
445 3131 612 3188 vestri
647 3131 882 3202 exigere,
911 3143 1012 3184 nec
1037 3136 1288 3186 exactare
1316 3143 1420 3182 non
1453 3141 1751 3197 prmsuma-

167 3223 278 3278 tis:
311 3222 415 3278 nisi
445 3221 526 3294 (ut
553 3219 808 3292 diximus)
831 3219 1086 3290 quicquid
1125 3218 1320 3274 exinde
1364 3217 1527 3273 ﬁscus
1572 3207 1756 3272 noster

163 3312 394 3368 forsitan
431 3313 500 3368 ad
543 3319 697 3383 parte
731 3319 938 3376 nostra,
974 3325 1068 3366 seu
1098 3318 1152 3366 et
1189 3309 1259 3365 ad
1297 3323 1488 3364 omnes
1521 3305 1757 3379 Agentes

165 3411 388 3460 nostros
410 3412 663 3475 potuerat
694 3417 942 3474 sperare,
969 3403 1148 3458 omnia
1176 3411 1232 3458 et
1264 3416 1329 3457 ex
1365 3401 1616 3458 omnibus
1643 3400 1758 3471 ipse

170 3495 433 3551 telloneos
457 3495 526 3550 ad
549 3495 664 3565 ipsa
697 3509 824 3550 casa
853 3495 948 3550 Dei
985 3493 1039 3548 in
1071 3494 1338 3566 integrum
1366 3494 1439 3548 sit
1469 3505 1760 3549 concessus

169 3593 336 3656 atque
365 3585 600 3642 indultus
627 3585 714 3642 vel
735 3585 1072 3642 evindieatus
1101 3603 1114 3640 :
1149 3585 1221 3640 ita
1251 3593 1310 3640 ut
1329 3584 1526 3640 futuris
1550 3593 1758 3654 tempo-

172 3677 326 3732 ribus
343 3691 448 3748 per
485 3685 671 3734 nostra
713 3677 1034 3733 auctoritate
1073 3677 1158 3732 vel
1196 3677 1530 3732 anteriorum
1574 3693 1763 3748 regum

173 3765 416 3824 habeant
439 3767 816 3822 conﬁrmatum
835 3765 919 3822 vel
943 3766 1323 3832 evindicatum,
1350 3767 1477 3837 quia
1509 3783 1608 3823 nos
1631 3784 1761 3839 pro-

172 3866 300 3930 pter
324 3857 493 3914 Deum
519 3868 574 3915 et
604 3859 905 3916 reverentia
929 3859 1136 3930 prmfati
1165 3860 1338 3916 sancti
1367 3859 1588 3916 Dionisii
1617 3877 1762 3916 mar-

179 3949 320 4015 tiris,
346 3965 442 4004 seu
467 3963 567 4020 pro
599 3951 792 4006 anima:
820 3959 1018 4008 nostra:
1053 3952 1349 4008 remedium
1385 3953 1468 4008 vel
1497 3953 1765 4010 stabilita-

178 4049 290 4095 tem
320 4043 472 4112 regni
499 4041 852 4108 Francorum,
881 4044 964 4099 vel
994 4043 1238 4100 Proceris
1268 4047 1466 4101 nostris
1504 4054 1560 4102 et
1583 4057 1766 4118 poste-

182 4132 343 4188 ritate
374 4147 564 4187 eorum
603 4133 706 4187 hoc
742 4133 797 4188 in
821 4133 1174 4188 luminaribus
1203 4135 1270 4188 ad
1297 4135 1412 4204 ipsa
1444 4150 1569 4190 casa
1599 4137 1768 4190 sancti

180 4221 409 4276 Dionisii
433 4221 519 4277 vel
544 4221 612 4276 ad
641 4221 756 4291 ipso
781 4221 1096 4286 monachus,
1125 4237 1218 4278 seu
1246 4237 1508 4292 pauperes
1529 4231 1582 4280 et
1613 4239 1768 4293 perc-

180 4314 394 4384 grinus,
427 4314 481 4368 in
508 4321 692 4370 nostra
729 4312 1007 4369 elimosiua
1035 4313 1139 4369 hoc
1176 4314 1230 4368 in
1263 4314 1515 4370 omnibus
1551 4329 1772 4370 conces-

181 4405 360 4461 simus
387 4405 471 4460 vel
516 4405 898 4461 conﬁrmamus
935 4421 947 4457 :
986 4412 1046 4459 ut
1074 4405 1154 4460 eis
1190 4404 1381 4460 melius
1422 4403 1638 4458 dilectet
1677 4419 1776 4475 pro

1815 754 2000 800 nostra
2029 745 2216 799 subter
2235 757 2356 797 eam
2378 741 2714 797 decrevimus
2740 738 3041 810 adsignare,
3065 743 3121 790 et
3147 735 3213 790 de
3239 733 3402 789 anulo

1816 845 2004 892 nostro
2031 837 2218 891 subter
2243 834 2495 905 sigillare.

1891 923 2112 995 Signum
2139 924 2177 996 -ι-
2201 923 2596 980 Carolomanno
2622 917 3012 990 gloriOsissimo
3043 931 3188 986 rege.

1892 1015 2222 1086 Maginarius
2248 1013 2533 1085 recognovi
2557 1021 2612 1068 et
2636 1011 2950 1080 subscripsi.

1895 1103 2027 1159 Data
2060 1105 2113 1159 in
2138 1120 2323 1160 mense
2351 1103 2626 1168 Januario,
2649 1117 2792 1156 anno
2829 1099 3004 1170 primo
3028 1095 3176 1167 regni
3213 1095 3408 1153 nostri.

1824 1193 2019 1249 Actum
2069 1193 2447 1262 Salmuneiago
2475 1192 2686 1262 palacio
2725 1189 2940 1260 publico
2979 1188 3032 1242 in
3063 1187 3157 1242 Dei
3192 1186 3412 1243 nomine

1827 1287 1968 1344 felici
1979 1297 2077 1343 ter.

2550 1357 2686 1412 XLI.

1829 1447 2203 1504 Carolomanni
2230 1449 2368 1520 regis
2390 1450 2418 1488 ι»
2439 1449 2620 1520 charta
2638 1464 2735 1520 pro
2761 1448 3075 1520 monasterio
3101 1448 3269 1501 sancti
3284 1443 3413 1500 Gre-

2351 1520 2484 1589 gorii
2524 1519 2671 1587 (amt.
2705 1517 2852 1589 769).

2083 1609 2247 1674 (Apud
2272 1609 2577 1672 Schmpﬂin.,
2605 1607 2791 1658 Alsatia
2813 1607 3170 1672 diplomatica.)

1901 1691 2294 1747 Carlomannus
2324 1692 2496 1763 gratia
2520 1691 2616 1744 Dei
2652 1706 2746 1744 rex
2771 1690 3126 1755 Francorum,
3160 1689 3246 1745 vir
3281 1689 3418 1745 inlu-

1834 1791 1948 1838 ster
1971 1782 2210 1837 Garinus
2235 1782 2425 1847 comis,
2457 1779 2586 1834 illud
2621 1779 2776 1834 nobis
2797 1779 2868 1832 ad
2892 1777 3238 1833 stabilitatem
3268 1777 3421 1849 regni

1837 1874 2008 1929 nostri
2031 1873 2219 1943 procul
2239 1873 2475 1927 dubium
2502 1871 2556 1924 in
2578 1870 2674 1924 Dei
2695 1870 2914 1925 nomine
2959 1869 3230 1924 credimus
3253 1869 3424 1938 perti-

1838 1979 1991 2031 nere,
2013 1980 2073 2018 se
2093 1963 2452 2035 peticionibus
2477 1963 2820 2017 sacerdotum
2848 1971 2942 2015 aut
2965 1961 3336 2026 ecclesiarum,
3368 1961 3425 2017 in

1839 2071 1946 2127 quo
1986 2064 2186 2111 nostra;
2225 2055 2426 2110 fuerint
2469 2055 2694 2109 auribus
2725 2053 2950 2124 prolata:
2978 2052 3326 2124 producimus
3356 2053 3426 2107 ad

1839 2146 2088 2203 effectum
2117 2157 2280 2218 atque
2323 2146 2445 2201 ideo
2471 2153 2766 2213 cognuseat
2807 2143 3122 2216 magnitudo
3154 2157 3250 2198 seu
3280 2142 3428 2198 utili-

1843 2249 1949 2306 tas,
1995 2239 2122 2308 quia
2160 2237 2482 2293 venerabilis
2521 2235 2607 2290 vir
2630 2234 2889 2290 Restoino
2929 2233 3127 2289 abbate
3160 2240 3430 2306 monaste-

1843 2333 1980 2389 riolo
2019 2334 2163 2388 inter
2223 2333 2358 2387 duas
2380 2329 2648 2386 Pacbinas
2673 2340 2695 2368 ο
2725 2343 2826 2400 pro
2865 2336 3052 2384 nostra
3087 2327 3338 2382 mercede
3362 2325 3431 2380 de

1846 2425 1978 2480 ﬁsco
2004 2433 2190 2479 nostro
2218 2422 2372 2492 iuxta
2394 2419 2656 2475 Aufoldus
2674 2418 2702 2460 τι
2726 2434 2794 2474 ex
2822 2427 3005 2474 nostra
3053 2415 3430 2472 muniﬁcencia

1842 2513 2001 2584 plena
2035 2521 2091 2568 et
2118 2513 2323 2584 integra
2351 2511 2535 2582 gracia
2563 2509 2930 2565 concessimus
2957 2507 3120 2562 talem
3153 2515 3211 2560 et
3231 2505 3433 2576 praesti-

1851 2606 2015 2661 timus
2057 2605 2400 2669 beneﬁcium,
2445 2611 2507 2658 ut
2561 2611 3058 2672 quantumcumque
3089 2599 3156 2654 de
3190 2599 3437 2654 homines

1851 2695 2052 2751 ﬁsealis
2075 2704 2289 2749 nostros
2311 2707 2649 2762 comparare,
2689 2700 2781 2746 aut
2801 2691 2868 2746 de
2889 2690 3131 2760 quidibet
3157 2697 3438 2745 contracto

1851 2784 2051 2840 addere
2091 2793 2186 2838 aut
2219 2792 2435 2838 atraere
2478 2782 2774 2862 potuerint,
2823 2783 2926 2837 hoc
2955 2789 3140 2836 nostra
3172 2778 3440 2835 serenitas

1854 2875 2000 2930 circa
2048 2874 2166 2946 ipso
2211 2872 2596 2929 monasteriolo
2641 2872 2710 2927 ad
2755 2871 2925 2942 ipsius
2953 2871 3210 2926 Restomo
3245 2871 3440 2926 abbate

1855 2967 1930 3022 vil
1956 2967 2177 3036 suisque
2215 2965 2622 3020 successoribus
2649 2963 2976 3035 generaliter
3002 2962 3327 3018 conﬁrmare
3356 2963 3442 3018 de-

1857 3056 2129 3121 beremus,
2154 3054 2516 3124 preeipientes
2547 3053 2692 3108 enim
2717 3062 2778 3106 ut
2811 3066 2984 3122 neque
3027 3068 3126 3106 vos
3151 3067 3326 3122 neque
3361 3051 3444 3119 iu-

1781 3177 1828 3240 ο
1857 3146 2038 3201 niores
2076 3160 2171 3201 seu
2197 3157 2644 3212 successoresque
2675 3142 2843 3198 vestri
2871 3142 3046 3196 eidem
3075 3141 3291 3211 penitus
3315 3157 3446 3196 con-

1859 3235 2026 3292 traria
2073 3249 2180 3289 non
2212 3231 2507 3295 exsistatis,
2549 3231 2653 3286 nisi
2692 3230 2838 3301 quod
2884 3229 3119 3284 diximus
3156 3237 3446 3299 quantum-

1857 3338 2135 3396 cunque...
2166 3323 2402 3393 scriptus
2427 3319 2720 3376 Restuinus
2763 3319 2900 3373 abba
2946 3333 3016 3372 ex
3064 3325 3250 3372 nostra
3277 3317 3447 3372 muni-

1861 3415 2074 3471 ﬁcentia
2097 3429 2262 3485 quam
2286 3411 2354 3468 de
2377 3417 2712 3480 comparato,
2737 3409 2821 3464 vel
2847 3409 2912 3464 de
2943 3409 3193 3480 qualebet
3214 3417 3449 3464 attracto

1861 3505 1930 3560 ad
1971 3504 2089 3574 ipso
2137 3500 2520 3557 monasteriolo
2565 3499 2764 3556 addere
2792 3507 2886 3553 aut
2917 3499 3260 3554 attrahere...
3288 3506 3448 3556 erent

1862 3593 2041 3650 nullus
2071 3591 2270 3647 ﬁsealis
2301 3591 2367 3644 ad
2395 3599 2548 3661 parte
2573 3597 2760 3644 nostra
2787 3589 2835 3645 ei
2863 3603 2930 3643 ex
2960 3590 3064 3644 hoc
3114 3603 3221 3644 non
3277 3587 3454 3658 requi-

1865 3694 2039 3749 ratur,
2069 3683 2172 3739 nisi
2195 3682 2358 3738 liceat
2400 3681 2452 3737 ei
2489 3680 2558 3735 ad
2586 3680 2761 3752 partis
2803 3679 2972 3750 ipsius
2998 3678 3326 3736 monasterie
3351 3679 3454 3735 sub

1869 3775 2184 3831 eaiunitatis
2220 3773 2434 3828 titulum
2473 3781 2584 3827 tam
2626 3773 2794 3842 ipsius
2829 3773 3042 3828 abbatis
3077 3771 3184 3828 (ἒ...
3208 3771 3455 3828 onaculis

1865 3867 1959 3936 qui
1999 3865 2066 3921 ad
2110 3866 2227 3936 ipso
2269 3863 2650 3920 monasteriolo
2699 3864 2972 3920 deservire
3019 3863 3272 3919 videntur
3297 3904 3312 3930 ,
3361 3872 3456 3919 aut

1867 3973 2057 4013 eorum
2086 3956 2506 4012 successorebus
2530 3955 2715 4010 vivere
2737 3965 2794 4012 et
2823 3954 3071 4012 resedere
3100 3971 3226 4012 cum
3251 3955 3452 4025 quiete,

1869 4057 1930 4103 ut
1952 4049 2034 4104 eis
2052 4049 2245 4104 melius
2272 4048 2502 4105 delectet
2527 4063 2626 4119 pro
2648 4047 2998 4103 stabilitatem
3027 4047 3177 4115 regni
3214 4047 3455 4101 nostri...

1870 4150 2164 4209 nostraque
2209 4155 2438 4214 exorare
2487 4147 2544 4192 et
2592 4147 2653 4193 ut
2685 4139 2804 4194 hazc
2831 4137 3136 4207 prmcepeio
3159 4136 3455 4207 pleniorem

1871 4231 2116 4285 obtineat
2147 4230 2410 4301 vigorem,
2459 4243 2654 4283 manus
2696 4234 2897 4282 nostra:
2930 4225 3222 4298 signaculis
3263 4241 3455 4297 superr
3537 4245 3548 4252 ·

1873 4318 2107 4386 scriptas
2137 4333 2258 4371 eam
2285 4317 2626 4372 decrevimus
2660 4317 2938 4371 roborare.

1947 4409 2279 4480 Maginarius
2307 4409 2592 4481 recognovi
2618 4416 2674 4463 et
2699 4407 3016 4476 subscripsi.

182 4501 496 4558 stabiletate
521 4500 668 4572 regni
696 4499 865 4554 nostri
894 4498 979 4554 vel
1009 4512 1108 4568 pro
1133 4498 1342 4553 cunctis
1369 4496 1540 4553 leudis
1565 4505 1774 4552 nostros
1806 4522 1856 4584 υ
1951 4498 2173 4569 Signum
2209 4505 2269 4563 ὦ
2297 4497 2653 4554 Carlomanno
2689 4497 3080 4570 gloriosissimo
3111 4513 3238 4571 rege
3274 4498 3460 4557 datum

182 4593 406 4650 Domini
438 4589 804 4650 misericordia
831 4591 1112 4647 adtencius
1138 4591 1459 4662 deprecare,
1485 4600 1540 4644 et
1566 4599 1625 4644 ut
1664 4591 1779 4646 evis
1880 4589 1981 4645 sub
2010 4589 2096 4645 die
2134 4589 2193 4644 ll
2224 4588 2339 4643 Kal.
2366 4587 2586 4660 Aprilis,
2609 4603 2750 4644 anno
2775 4588 2952 4658 primo
2979 4597 3240 4660 regnante
3264 4588 3465 4650 domno

180 4692 249 4742 et
276 4685 534 4755 perennis
563 4683 895 4753 temporibus
916 4681 985 4737 ad
1008 4682 1123 4752 ipsa
1153 4696 1280 4737 casa
1327 4681 1422 4738 Dei
1451 4681 1697 4752 proﬁciat
1726 4683 1779 4736 in

182 4785 562 4848 augmentum.
593 4773 660 4830 Et
688 4783 749 4829 ut
777 4775 890 4830 haec
915 4772 1254 4830 conﬁrmatio
1289 4780 1472 4828 nostra
1511 4772 1783 4842 inspectas

264 4903 292 4931 ι
325 4889 490 4945 Vides
517 4897 575 4944 ut
594 4885 1019 4943 Carolomannus
1057 4883 1369 4948 Fulradum,
1410 4883 1486 4937 uti
1517 4891 1570 4937 et
1605 4883 1785 4953 Pippi-

185 4977 317 5025 nus,
347 4959 692 5028 Capellanum
718 4965 951 5010 nostrum
980 4963 1178 5028 _vocat,
1206 4954 1456 5028 idemque
1500 4969 1559 5008 se
1589 4968 1784 5028 regem

186 5023 533 5085 Francorum
553 5027 688 5082 dicit
713 5042 811 5096 pro
827 5025 994 5080 veteri
1015 5039 1187 5089 more,
1210 5023 1354 5096 quod
1375 5024 1533 5096 aliter
1553 5023 1788 5096 obtinuit

187 5102 299 5158 sub
325 5097 584 5154 Ludovici
619 5096 699 5152 Pii
715 5093 853 5166 'ﬁliis
903 5096 1137 5166 regibus,
1185 5093 1274 5164 qui
1305 5094 1360 5166 in
1405 5093 1788 5166 diplomatibus

189 5171 316 5226 suis
341 5166 514 5224 solum
545 5167 689 5237 regis
707 5165 921 5220 titulum
969 5163 1225 5237 praeferre
1253 5163 1792 5237 solent,_o_misso__no-

189 5241 351 5296 mine
373 5233 722 5300 Francorum,
769 5243 830 5291 ut
853 5233 1054 5304 passim
1099 5234 1295 5306 legitur
1322 5234 1376 5288 in
1409 5233 1792 5304 diplomatibus

191 5309 385 5366 Caroli
410 5307 579 5364 Calvi.

283 5379 314 5419 δ
337 5379 529 5434 Exstat
552 5379 745 5436 vitiose
769 5376 909 5447 apud
929 5375 1122 5447 Lunig.
1147 5373 1332 5447 Spicil.
1354 5372 1549 5428 eceles.
1572 5383 1718 5447 cont.
1739 5374 1790 5439 l,

192 5465 333 5522 pag.
380 5449 542 5514 1097,
592 5457 650 5505 et
669 5444 822 5520 Apud
868 5444 1132 5516 Bouquet.
1184 5444 1384 5513 Script.
1437 5458 1547 5499 rer.
1593 5445 1792 5500 Franc.

199 5531 348 5574 tom.
383 5519 449 5574 ν.
478 5535 532 5574 n.
558 5519 682 5574 715.

199 5531 348 5576 tom.
390 5531 449 5583 v,
478 5531 682 5589 p.]l5.

281 5600 307 5629 ε
351 5584 500 5644 Alias
527 5587 787 5654 Fackina,
817 5588 1002 5645 Germ.
1033 5584 1217 5654 Fodit.

278 5659 635 5742 d.§ufol1lus,
676 5653 926 5724 Aufholz,
977 5657 1137 5728 vulgo
1175 5653 1391 5726 Ufholz,
1435 5655 1588 5710 vicus
1631 5671 1797 5727 pr0pe

197 5727 876 5864 οῃὲιξέιῖῧιηῇῗιῗιῗῖὀωε
893 5798 1134 5853 Franeizc
1157 5812 1339 5866 regum
1365 5798 1643 5868 palatium,
1674 5813 1796 5853 cum

1879 4689 2066 4738 nostro
2091 4679 2487 4737 Carolomanno
2513 4680 2900 4753 gloriosissimo
2928 4695 3073 4752 rege.
3103 4679 3336 4736 Hactum
3361 4679 3463 4737 At-

1883 4779 2087 4850 tiniago
2119 4790 2142 4818 ε
2172 4778 2379 4848 palacio
2405 4777 2460 4831 in
2487 4775 2582 4831 Dei
2610 4775 2826 4830 nomine
2855 4772 3104 4830 feliciter.

1884 4889 1952 4944 ad
1973 4890 2216 4943 Axonam
2255 4888 2310 4942 in
2338 4885 2517 4942 Caroli
2548 4884 3017 4956 Magnigportione
3044 4883 3229 4956 _situm
3279 4884 3468 4952 fuerit,

1885 4959 2340 5015 Carolomannum
2390 4965 2503 5011 tum
2554 4953 2680 5012 cum
2726 4953 2896 5011 fratre
2947 4953 3146 5009 ibidem
3192 4963 3468 5012 versatum

1885 5043 2029 5082 esse.
2059 5043 2123 5082 ex
2162 5026 2454 5082 diplomate
2481 5026 2585 5080 hoc
2619 5025 2941 5082 colligimus.
2983 5023 3171 5080 Simile
3207 5026 3337 5082 auid
3359 5025 3468 5082 An-

3246 5026 3337 5080 uid
3359 5026 3472 5082 An-

2797 5095 2866 5150 69
2891 5094 3152 5161 indicant,
3182 5094 3275 5150 ubi
3303 5094 3468 5154 Caro-

1888 5169 1976 5226 lus
1992 5183 2116 5224 cum
2137 5183 2386 5238 germano
2405 5182 2502 5221 suo
2541 5164 2893 5238 Gurlomanno
2926 5165 2982 5218 in
2998 5163 3138 5238 ioco,
3157 5166 3250 5237 qui
3272 5167 3472 5238 dicitur

1889 5239 2026 5294 duas
2062 5234 2231 5307 Diues,
2259 5237 2480 5307 iunctus
2512 5235 2792 5307 scribitur.
2827 5235 2957 5307 dum
2981 5234 3342 5307 Aquisgrano,
3379 5237 3472 5295 ubi

1891 5309 2034 5365 diem
2048 5305 2501 5379 Christinatalem
2516 5305 2902 5379 celebraverat,
2918 5305 3341 5379 in‘Aquitaniam
3351 5321 3476 5379 per:

1893 5387 2064 5450 geret.
2079 5374 2340 5450 PerDuas
2353 5376 2514 5432 Dives
2527 5375 2664 5431 forte
2675 5374 2962 5430 Dusiacum
2977 5376 3260 5450 intelligitu
3268 5394 3314 5441 r,
3327 5374 3475 5450 quod

1893 5445 2046 5519 asque
2076 5463 2140 5504 ac
2168 5447 2526 5513 Attiuiacum,
2563 5460 2871 5519 aquonon
2907 5445 3135 5501 multum
3152 5445 3479 5519 _distat,’Ca-

1896 5515 2012 5607 rolo
2037 5519 2381 5607 Aquitaniam
2410 5517 2612 5607 petenti
2640 5517 2710 5607 ‘in
2736 5516 2938 5607 itinere
2952 5516 3220 5607 occurrit3
3394 5531 3476 5598 ra-

1898 5591 2046 5646 tione
2081 5581 2507 5644 Carolomannus
2553 5588 2778 5641 fratrem
2823 5603 2853 5641 a
2881 5581 3110 5642 Dusiaco
3153 5586 3222 5640 ad
3245 5585 3478 5641 Attinia-

1898 5675 2022 5715 cum
2067 5674 2238 5728 usque
2265 5658 2522 5729 palatium
2543 5727 2553 5729 Α
2571 5657 2885 5722 comitatus,
2920 5658 3100 5727 ibique
3128 5670 3226 5726 per
3251 5655 3476 5726 aliquod

1901 5739 2112 5799 tempus
2139 5727 2442 5784 substitisse
2469 5727 2701 5783 videtur.

1885 5043 2029 5093 esse,
2059 5043 2123 5082 ex
2162 5026 2585 5097 diplomatehoc
2619 5025 2941 5097 colligimus.
2965 5023 3171 5097 __Simile

1887 5099 2040 5154 nales
2058 5096 2252 5152 Frane.
2285 5096 2479 5151 Tiliani
2505 5096 2573 5150 ad
2603 5111 2729 5150 ann.
