3920 6310
503 379 637 448 I573

1214 504 1366 558 XLII.

507 650 528 678 ο
564 617 882 688 Ρνιυεεριαηι
909 615 1408 688 (ζυγιωηαηηὶ-ῃεθίδ
1458 609 1870 688 deimpmnitate
1906 615 2064 669 cccle-

900 686 994 738 siw
1021 683 1306 752 Argentoili
1336 685 1496 753 (anno
1517 684 1664 754 769).

592 815 754 880 (Apud
775 813 835 864 D.
858 813 1033 874 Bouq..
1053 799 1248 863 hecueit
1268 811 1356 860 des
1389 809 1534 872 Hist,
1559 824 1619 860 ex
1641 809 1970 872 authentico.)

571 938 990 994 Camlomannus
1016 934 1187 1006 gratia
1210 931 1304 988 Dei
1332 949 1427 988 rex
1451 933 1799 1000 Franwrut'n,
1824 934 1910 988 vir
1935 933 2070 988 inlu-

500 1039 630 1084 ster.
679 1027 844 1083 Decet
877 1027 1021 1080 enim
1067 1025 1262 1093 regalis
1305 1023 1604 1077 clementia
1655 1023 1768 1078 suis
1821 1023 2069 1078 ﬁdelibus

497 1129 762 1190 oportuna
809 1118 1067 1174 beneﬁcia
1118 1117 1302 1172 libenti
1355 1114 1632 1187 [libenter]
1680 1121 1962 1184 prastare,
2014 1123 2069 1168 et

499 1208 642 1279 quod
669 1207 798 1262 recti
827 1206 1116 1276 postulavit
1155 1204 1404 1259 effectum
1453 1203 1759 1271 mancipare
1800 1210 1854 1255 et
1882 1201 2062 1256 ﬁdem.

497 1297 727 1368 Optenta
771 1296 1028 1350 beneﬁcia
1075 1293 1217 1363 quod
1263 1293 1332 1348 ab
1375 1291 1806 1347 antecessoribus
1858 1290 2062 1344 nostris

498 1393 792 1441 noscuntur
837 1383 1034 1438 habere
1085 1381 1308 1448 indulta,
1353 1395 1453 1449 pro
1508 1379 1704 1434 nostris
1745 1377 1964 1434 oracula
2011 1379 2065 1432 in

497 1475 686 1531 eodem
710 1473 954 1528 volumus
983 1471 1217 1534 ﬁrmare,
1249 1477 1309 1523 ut
1340 1469 1422 1524 eis
1457 1466 1648 1522 melius
1679 1465 1908 1520 délectet
1941 1479 2067 1534 erga

497 1567 760 1638 regimine
781 1572 966 1618 nostro
992 1561 1220 1616 ﬁdeliter
1244 1560 1521 1614 famulare.
1555 1557 1723 1628 Igitur
1776 1556 1830 1610 in
1849 1554 2066 1610 Christo

497 1657 724 1712 Domino
752 1654 978 1724 Sagrata
1009 1651 1184 1706 Ailina
1214 1649 1484 1705 abbatissa
1507 1646 1576 1702 de
1605 1645 1930 1701 monasterio
1969 1644 2070 1697 Ar-

499 1747 786 1819 gentolaio,
814 1745 1099 1801 climentize
1121 1743 1272 1813 regni
1301 1743 1470 1797 nostri
1492 1741 1708 1804 direxit,
1739 1741 2072 1812 suggerendo

1520 392 1786 449 sucum
1821 393 1932 448 vm
1970 391 2397 453 MONUMENTA
2438 379 2768 452 SELECTA.

2097 515 2140 571 Λ
2173 509 2358 560 nostri.
2395 508 2584 562 Actum
2613 507 2874 561 Pontione
2905 507 3105 576 palatio
3141 507 3363 577 publico
3384 549 3398 570 ,
3451 507 3508 560 in
3543 507 3638 562 Dei
3671 521 3756 562 no-

3625 399 3751 453 £376

2171 610 2289 648 men
2317 594 2565 649 feliciter.

2873 664 3046 719 XLIII.

2169 748 2583 806 Carolomannus
2619 753 2874 809 iustitiam
2903 753 3070 805 reddit
3101 754 3434 806 monasterio
3466 752 3760 809 W

2519 821 2718 875 deloco
2747 821 3021 891 Bemufeld
3047 821 3222 892 (Am
3246 821 3405 890 770.)

2524 915 2688 979 (Apud
2709 916 2988 979 Hontheim,
3013 917 3140 967 illst.
3161 915 3392 978 Trevir.)

2237 1015 2660 1073 Carolomannus
2691 1019 2866 1089 gratia
2903 1019 2998 1074 Del
3035 1032 3131 1074 rex
3171 1019 3535 1076 Francorum
3571 1025 3656 1078 vir
3691 1027 3763 1078 ia—

2157 1107 2354 1163 ‘luster.
2408 1109 2659 1179 Regalem
2707 1111 2928 1180 quidem
2975 1126 3268 1166 exoramus
3320 1112 3682 1168 clementiam
3717 1123 3766 1168 et

2170 1197 2380 1252 animos
2409 1197 2644 1254 ﬁdelium
2674 1205 2985 1254 nostrorum
3017 1199 3360 1263 adortamus,
3403 1201 3452 1255 si
3486 1202 3639 1256 circa
3661 1218 3764 1266 eos,

2169 1288 2261 1356 qui
2287 1295 2400 1342 tam
2427 1303 2552 1360 erga
2581 1290 2826 1361 genitore
2864 1298 3068 1356 nostro,
3097 1305 3264 1359 quam
3289 1300 3352 1344 et
3385 1307 3498 1346 nos
3526 1292 3764 1350 illibata-

2171 1376 2332 1432 ﬁdem
2358 1387 2416 1433 et
2446 1393 2628 1434 veram
2661 1379 2974 1436 ﬁdelitatem
3005 1394 3178 1448 usque
3212 1395 3368 1435 nunc
3393 1393 3762 1440 exercuerat.

2169 1467 2444 1534 petitionis
2463 1468 2678 1524 illorum
2695 1469 2748 1523 in
2769 1483 2878 1539 quo
2897 1469 3100 1524 nostris
3122 1469 3358 1525 auribus
3377 1471 3764 1538 patefecerunt.

2171 1563 2228 1611 et
2252 1557 2461 1612 animos
2501 1557 2742 1624 illorum,
2783 1573 2922 1628 quos
2957 1573 3101 1614 nunc
3127 1559 3183 1613 in
3225 1567 3497 1614 nostrum
3529 1562 3770 1616 habe-Its

2173 1647 2469 1702 dominium
2494 1648 2864 1704 delectabilem
2889 1657 2946 1704 et
2987 1649 3312 1716 amabilem,
3347 1652 3509 1706 circa
3541 1663 3766 1708 nostra

2174 1737 2452 1792 servitium
2473 1739 2541 1794 de
2561 1737 2650 1794 die
2669 1739 2723 1793 in
2748 1739 2890 1794 diem
2909 1739 3196 1811 hilariores
3216 1748 3395 1816 atque
3423 1743 3770 1814 promptiores

497 1853 564 1894 eo
600 1838 741 1906 quod
785 1830 1142 1890 antecessoris
1166 1833 1334 1888 noStri
1377 1833 1646 1903 quondam
1678 1829 1822 1904 regis
1847 1846 1947 1904 per
1971 1846 2067 1888 eo-
2097 1842 2146 1908 Β
2172 1840 2294 1880 esse
2317 1825 2537 1881 scimus.
2565 1825 2792 1896 Ideoque
2818 1826 3007 1891 ﬁdelis,
3041 1826 3152 1881 Deo
3176 1829 3452 1898 propitio,
3487 1843 3680 1886 noster
3701 1833 3768 1886 in.-

497 1930 620 1978 rum
671 1921 1044 1992 auctoritatem
1095 1923 1282 1978 eortim
1344 1923 1538 1976 manus
1588 1919 1868 1976 roburatas
1923 1921 2068 1974 omni

498 2005 808 2071 aémunitate
846 2015 900 2069 in
940 2012 1133 2084 integri
1161 2015 1226 2068 de
1265 2007 1419 2068 villas
1455 2012 1698 2068 ecclesiae
1733 2025 1843 2067 suae
1870 2012 2072 2082 absque

499 2107 719 2162 introitu
757 2100 996 2176 iudicum
1024 2105 1417 2162 'concesSissent
1438 2103 1524 2159 vel
1553 2103 1878 2170 ﬁrmassent,
1913 2098 1989 2156 ita
2014 2107 2074 2156 ut

501 2213 673 2268 neque
692 2196 856 2267 iudex
890 2195 1134 2267 publicus
1171 2209 1272 2250 nec
1299 2195 1366 2249 ad
1393 2193 1680 2265 agendum,
1711 2209 1811 2248 nec
1837 2190 1904 2246 ad
1935 2187 2072 2245 lrida

497 2289 840 2358 exigendum,
880 2301 980 2341 nec
1018 2285 1086 2340 ad
1116 2285 1423 2340 mansiones
1470 2281 1794 2348 faciendum,
1839 2294 1938 2336 nec
1964 2272 2071 2335 ulla

499 2378 850 2437 retfibu'tidne
885 2377 1266 2449 requirendum
1298 2377 1364 2432 de
1396 2373 1550 2430 villas
1570 2374 1682 2444 iam
1718 2374 1864 2429 dicto
1891 2389 2074 2428 mona-

495 2475 696 2540 steriaa,
727 2459 982 2542 quicquid
1011 2470 1172 2526 ﬁscus
1217 2470 1404 2524 noster
1429 2467 1622 2522 exinde
1653 2471 1903 2536 potuerat
1930 2465 2070 2520 reci-

493 2581 642 2634 pere,
675 2552 922 2635 ingerere
955 2579 1060 2618 non
1090 2562 1303 2616 debeat.
1333 2544 1485 2616 Unde
1513 2562 1568 2614 et
1592 2560 1705 2630 ipsa
1725 2557 2073 2630 preceptione

496 2663 898 2710 antecessorum
928 2656 1233 2708 nostrorum
1280 2665 1378 2722 per
1404 2651 1653 2706 manibus
1679 2651 1878 2704 habere
1907 2647 2072 2703 adﬁr-

496 2746 632 2809 mat,
661 2739 786 2798 dum
815 2751 870 2797 et
900 2743 1012 2812 ipsa
1056 2743 1109 2796 in
1140 2748 1406 2811 praesente
1441 2734 1636 2794 obtulit
1674 2738 1956 2809 relegenda
1976 2777 1990 2801 ,
2017 2733 2073 2790 et

497 2833 598 2902 ipsi
627 2830 923 2887 beneﬁcius
949 2831 1016 2884 ab
1047 2831 1190 2900 ip‘sos
1226 2839 1382 2900 reges
1409 2829 1460 2884 ei
1495 2824 1596 2883 fuit
1622 2828 1906 2892 indultum,
1938 2835 2073 2882 tem-

493 2933 624 2991 pore
667 2917 918 2990 presente
962 2919 1030 2974 ab
1081 2921 1299 2974 eosdem
1345 2933 1560 2974 aserere
1595 2917 1682 2973 vel
1725 2925 2069 2974 censervare.

495 3007 603 3064 Sed
629 3023 728 3080 pro
769 3009 975 3079 integra
1017 3008 1271 3063 ﬁrmitate
1297 3009 1454 3079 petiit
1499 3007 1872 3064 celsitudinem
1899 2997 2072 3063 nostri

497 3107 557 3154 ut
591 3099 735 3154 circa
774 3099 889 3169 ipsa
919 3107 1104 3154 nostra
1131 3099 1236 3153 hoc
1271 3097 1480 3168 plenius
1520 3097 1732 3152 deberit
1779 3097 2072 3153 auctoritas

2175 1914 2344 1970 luster
2361 1915 2447 1970 vir
2467 1915 2790 1972 Dirodoinus
2807 1930 2989 1972 comes
3007 1915 3194 1985 palatii
3221 1919 3410 1972 nostri
3435 1919 3768 1980 augentia:

2173 2005 2324 2075 regni
2347 2005 2457 2060 Deo
2475 2003 2762 2074 adiuvante
2788 2006 2960 2061 nostri
2983 2006 3241 2072 innotuit,
3273 2007 3528 2063 dicendo
3551 2025 3622 2064 eo
3645 2010 3770 2079 quod

2175 2105 2547 2152 antecessores
2563 2097 2833 2166 quondam
2861 2097 3052 2160 nostri,
3078 2097 3188 2152 Deo
3215 2097 3470 2152 instituti
3497 2114 3675 2170 reges,
3691 2115 3770 2169 per

2174 2193 2474 2240 strumenta
2511 2185 2707 2239 seriem
2746 2194 3050 2250 cartarum,
3092 2185 3162 2238 ad
3203 2186 3548 2257 genealogia
3583 2203 3675 2241 sua
3703 2193 3774 2242 vel

2142 2338 2146 2343 ι
2173 2275 2534 2344 subsequente
2563 2274 2732 2344 ipsius
2758 2275 3033 2344 progenie,
3060 2288 3157 2343 per
3173 2289 3385 2330 eorum
3406 2278 3772 2340 auctoritates,

2173 2379 2468 2433 eorumque
2505 2379 2695 2420 manus
2733 2363 3031 2427 roboratas,
3075 2362 3162 2418 vel
3193 2363 3667 2420 conﬁrmationes
3695 2382 3772 2421 re-

2172 2469 2298 2524 gum
2324 2452 2692 2518 indulsissent,
2719 2460 2882 2520 atque
2910 2452 2964 2505 in
2980 2450 3105 2520 jure
3125 2466 3322 2507 eorum
3354 2463 3642 2522 potestate
3659 2472 3769 2511 ω.-

2173 2545 2480 2597 ﬁrmassent
2505 2541 2640 2597 silva
2666 2541 2844 2612 aliqua
2871 2541 2927 2596 in
2953 2541 3092 2611 loco,-
3119 2543 3216 2612 qui
3243 2543 3768 2610 dieitur-Beneﬁcii.

2175 2632 2314 2688 intra
2344 2635 2370 2673 ι’
2400 2633 2615 2688 centina
2659 2633 2956 2704 Belslango,
3003 2633 3147 2688 infra
3192 2645 3360 2690 vasta
3409 2637 3690 2706 Ardeam,
3726 2651 3770 2694 et

2172 2725 2434 2780 cessionis
2455 2741 2638 2796 regum
2665 2725 2718 2778 in
2741 2725 3028 2796 przesentia
3051 2735 3240 2782 nostra
3264 2727 3335 2782 de
3369 2727 3502 2798 ipsa
3532 2730 3680 2800 sylva
3699 2747 3768 2786 re-

2173 2813 2294 2868 tulit
2319 2815 2387 2870 ad
2416 2814 2790 2886 relegendutn,
2820 2823 2876 2870 et
2904 2815 3135 2870 innotuit
3158 2817 3343 2878 nobis,
3381 2827 3454 2872 ut
3481 2831 3771 2890 pet-actore:

2173 2905 2430 2975 iniquiter
2457 2905 2570 2976 ipsa
2605 2905 2754 2976 sylva
2793 2921 2860 2962 ex
2897 2913 3052 2974 parte
3081 2907 3465 2974 invasissent,
3497 2919 3558 2965 et
3587 2913 3770 2982 genitor

2173 3012 2326 3053 meus
2347 2997 2604 3068 Pippinus
2629 2998 3047 3070 gloriosissimus
3071 3014 3166 3054 rex
3191 3002 3483 3069 pmlicto
3505 3003 3770 3060 Dirodaias

2173 3085 2260 3141 vel
2293 3087 2406 3142 suis
2433 3098 2455 3126 ο
2487 3075 2876 3160 gamaladionis
2903 3089 2970 3144 de
3009 3091 3124 3158 ipsa
3155 3089 3297 3145 silva
3325 3090 3354 3130 τι
3392 3109 3578 3149 manu
3603 3098 3768 3156 vestita

494 3186 824 3244 conﬁrmari.
880 3189 986 3244 Sed
1035 3175 1324 3259 cognoscat
1369 3187 1573 3244 utilitas
1625 3203 1718 3244 seo
1760 3189 2072 3260 magnitudo
2099 3193 2145 3255 C
2176 3174 2410 3242 Ῑθθίεδθιι
2437 3179 2563 3232 dum
2589 3179 2656 3234 de
2681 3180 2785 3234 hac
2809 3195 2970 3234 causa
2998 3181 3079 3236 δίο
3105 3190 3232 3235 an“?
3261 3197 3374 3238 nos
3399 3183 3521 3240 Ῑυὶι
3545 3187 3772 3242 mtiliti“

495 3287 693 3344 vestra,
735 3280 880 3350 quod
928 3295 1026 3335 nos
1066 3279 1208 3334 hunc
1255 3278 1574 3334 beneﬁcium
1617 3295 1717 3350 pro
1762 3279 1859 3335 Dei
1887 3282 2072 3338 amore”

493 3366 803 3436 plenissima
839 3367 1103 3422 voluntati
1143 3367 1306 3422 dinuo
1346 3367 1710 3424 conﬁrmassit
1735 3369 1820 3424 vel
1851 3385 2073 3427 conces-

495 3456 655 3510 sisse.
700 3451 929 3511 Proinde
967 3471 1096 3534 ergo
1120 3455 1372 3525 iubemus
1396 3461 1457 3510 ut
1497 3458 1622 3512 dum
1663 3460 1802 3514 Sicut
1831 3461 1898 3514 ab
1926 3461 2072 3530 ipsos

493 3547 636 3617 regis
677 3555 1046 3602 antecessores
1089 3555 1302 3603 nostros
1346 3551 1443 3618 per
1483 3563 1668 3603 eorum
1700 3552 2074 3621 preceptiones

495 3647 689 3694 manus
736 3650 862 3695 suas
912 3641 1196 3696 roboratus
1240 3648 1550 3694 memorata:
1588 3643 1948 3710 monasteria),
1989 3640 2073 3698 vel

486 3728 604 3798 iam
652 3725 810 3785 dictse
848 3729 1072 3786 Ailiante
1107 3730 1392 3786 abbatissae
1428 3731 1494 3786 de
1534 3745 1723 3786 omnes
1761 3731 1918 3787 villas
1949 3733 2074 3788 suas

496 3819 699 3887 absque
726 3818 1006 3872 introitum
1049 3818 1292 3887 iudicum
1322 3821 1528 3890 integra
1555 3821 1856 3886 mmunitas,
1888 3831 1948 3877 ut
1971 3824 2074 3878 hoc

495 3907 734 3979 presenti
765 3915 1006 3976 tempore
1033 3916 1088 3962 et
1127 3907 1368 3962 futurum
1395 3910 1498 3964 hoc
1521 3909 1840 3965 beneﬁcium
1878 3913 1947 3966 ah
1983 3929 2074 3967 ea;

495 3999 618 4052 dem
647 4008 964 4052 conservare
992 3997 1260 4062 videntur,
1291 4006 1468 4068 neQue
1493 4014 1606 4064 vos,
1635 4013 1808 4070 neque
1831 3997 2074 4069 iuniores

495 4104 588 4145 sco
611 4102 952 4144 successores
973 4089 1161 4156 vestri,
1203 4089 1289 4144 vel
1315 4090 1568 4161 quislibet
1595 4089 1883 4160 iudiciaria
1927 4105 2076 4164 potea

495 4187 611 4234 stas
655 4177 711 4232 in
751 4177 921 4233 curtis
958 4178 1126 4248 ipsius
1153 4179 1514 4243 monasteria,
1543 4179 1630 4236 vel
1651 4178 1764 4250 iam
1796 4181 1953 4236 dictae
1980 4182 2074 4237 Ai-

493 4273 672 4328 linane
710 4271 1003 4336 abbatisse,
1034 4283 1134 4324 nec
1173 4264 1240 4323 ad
1266 4269 1554 4340 agendum,
1592 4285 1660 4326 ne
1689 4271 1757 4326 ad
1787 4272 1922 4326 lrida
1961 4273 2073 4327 eii-

387 4375 392 4380 ‘
491 4362 744 4436 gendum,
765 4377 873 4418 nec
901 4361 1210 4416 mansiones
1249 4359 1578 4427 faciendum,
1624 4371 1725 4418 nec
1761 4359 1868 4424 ulla
1915 4361 2073 4418 retri-

494 4457 715 4512 butione
764 4454 1161 4524 requirendum,
1193 4455 1447 4524 quicquid
1475 4454 1638 4512 ﬁscus
1673 4462 1855 4512 noster
1881 4458 2072 4514 exinde

2176 3263 2355 3329 ducta,
2385 3275 2442 3320 et
2471 3282 2623 3322 suam
2652 3267 2737 3323 vel
2773 3269 2888 3323 suis
2918 3266 3330 3326 Gamaladionis
3358 3282 3488 3328 tam
3523 3287 3549 3314 ε
3579 3291 3674 3347 per
3695 3293 3774 3331 ve

2174 3371 2334 3427 ragos
2360 3358 2634 3422 homines,
2665 3374 2936 3430 quamque
2961 3375 3059 3429 per
3085 3349 3548 3423 conﬁrmationis
3577 3366 3772 3440 [conﬁr-

2173 3447 2464 3521 mationes]
2493 3465 2680 3520 regum
2709 3449 3075 3520 cognovimus,
3111 3448 3396 3518 iustitiam
3431 3455 3488 3509 ei
3521 3457 3777 3512 rentius

2174 3537 2242 3592 de
2276 3533 2412 3603 loco,
2454 3539 2546 3608 qui
2575 3539 2777 3594 dicitur
2809 3539 3122 3604 Benezvelt,
3153 3541 3221 3596 de
3260 3541 3357 3596 illa
3389 3543 3648 3612 fortuna,
3674 3564 3772 3616 qua:

2175 3630 2232 3684 in
2255 3629 2369 3700 ipsa
2395 3629 2522 3696 villa
2549 3637 2652 3696 est,
2677 3629 2817 3684 infra
2839 3645 3271 3702 unamquamque
3301 3645 3538 3702 partem
3563 3639 3772 3694 debeant

2175 3721 2378 3776 habere
2413 3727 2674 3790 quantum
2711 3720 2780 3776 ad
2821 3735 2920 3776 nos
2957 3721 3211 3791 pertinet,
3250 3732 3312 3778 et
3351 3727 3582 3782 actoris
3623 3729 3768 3784 nostri

2175 3822 2332 3870 antea
2373 3829 2498 3870 eum
2539 3814 2623 3870 vel
2667 3815 2782 3870 suis
2822 3815 3208 3886 gamaladionis
3249 3817 3474 3889 iniuste
3518 3823 3770 3879 (λωιτθῶ-

2175 3914 2393 3973 xerunt,
2421 3914 2477 3960 et
2504 3904 2643 3962 infra
2671 3908 2850 3964 hanno
2879 3906 2981 3962 fuit
3005 3924 3111 3967 una
3139 3925 3276 3966 vena
3312 3913 3383 3967 de
3417 3914 3548 3984 ipsa
3570 3915 3766 3972 {eam

2175 3986 2232 4052 in
2258 3992 2488 4052 circuitu
2514 4013 2616 4069 per
2640 3990 2757 4053 loca
2786 3999 3018 4064 diversa,-
3049 4015 3167 4068 qua:
3191 4000 3259 4056 de
3291 4012 3498 4059 nostra
3529 4016 3682 4078 parte
3697 4008 3762 4075 "p-

2174 4078 2312 4144 dicis
2340 4089 2511 4144 nostri
2540 4089 2798 4159 iniquiter
2823 4091 2955 4161 ipsis
2981 4091 3464 4150 contradixerunt.
3497 4095 3760 4161 latim.

2175 4175 2234 4232 ut
2260 4179 2328 4233 ab
2361 4180 2465 4235 hac
2491 4180 2578 4235 die
2619 4180 2734 4250 ipsa
2773 4181 2922 4252 sylva
2953 4183 3020 4236 de
3051 4181 3163 4251 iam
3202 4183 3372 4240 dictis
3399 4189 3664 4257 partibus
3685 4208 3762 4245 so-

2174 4268 2322 4334 stris,
2363 4285 2524 4338 quam
2563 4279 2620 4324 et
2657 4268 2852 4326 futuris
2896 4273 3247 4342 temporibus,
3287 4283 3354 4330 ut
3393 4278 3591 4336 nullus
3617 4281 3760 4350 iam

2174 4358 2420 4428 publicus
2458 4360 2524 4415 de
2561 4361 2806 4431 partibus
2833 4364 3044 4423 nostris
3088 4364 3196 4420 ullo
3239 4382 3496 4437 unquam
3537 4380 3762 4444 teme

2176 4450 2511 4516 abstrahere,
2559 4465 2660 4506 nec
2707 4453 2972 4520 minuere,
3019 4469 3192 4525 neque
3233 4460 3630 4518 contradicere
3670 4477 3762 4516 nua

490 4553 742 4617 potuerat
784 4555 1024 4614 sperare,
1076 4543 1324 4614 ingerere
1351 4557 1451 4600 nec
1479 4546 1696 4617 exigere
1737 4563 1844 4604 non
1878 4556 2071 4618 presu-
2103 4532 2154 4594 ι)
2177 4540 2370 4596 debeat
2402 4541 2468 4596 de
2501 4540 2616 4610 ipsa
2652 4541 2801 4613 sylva
2836 4541 2994 4610 infra,
3031 4543 3146 4615 ipsa
3172 4560 3314 4602 vena
3344 4549 3415 4604 de
3446 4567 3764 4624 unaquaque

493 4643 694 4701 matur,
725 4634 828 4690 nisi
857 4649 924 4688 ex
957 4641 1143 4690 nostra
1181 4634 1515 4706 indulgencia
1543 4639 1929 4708 perpetualiter
1955 4655 2069 4693 ma-

492 4735 618 4781 neat
675 4723 1066 4800 inconvulsum.
1132 4721 1200 4778 Et
1251 4723 1358 4780 huc
1405 4725 1520 4780 haec
1567 4727 1860 4782 auctoritas
1914 4727 2069 4782 ﬁrma

491 4823 822 4887 permaneat,
851 4825 1011 4870 manu
1037 4822 1223 4870 nostra
1247 4801 1580 4886 signaculum
1612 4817 1801 4873 subter
1821 4817 2062 4874 deercvi-

492 4919 614 4962 mus
642 4905 918 4961 roborare.

564 4988 789 5068 Signum
814 5002 872 5060 ›Ῑ‹
899 4995 1097 5052 domno
1115 4995 1507 5052 Carolomanno
1525 4996 1909 5068 gloriosissimo
1929 4999 2065 5072 regi.

564 5082 889 5154 Maginarius
923 5086 1210 5156 recognovi
1235 5094 1291 5140 et
1317 5084 1376 5140 S.

565 5171 755 5228 Datum
797 5173 852 5229 in
885 5189 1072 5232 mense
1105 5174 1413 5241 Novembri,
1453 5191 1595 5232 anno
1637 5179 1874 5236 secundo
1913 5179 2070 5252 regni

564 5334 728 5418 llHoc
754 5337 986 5418 diploma
1032 5341 1086 5397 in
1131 5342 1326 5418 angulo
1364 5344 1533 5418 turris
1576 5347 1768 5404 domus
1809 5350 2067 5418 prioralis‘

489 5406 945 5489 Argentugilensis
989 5406 1334 5489 monasterio
1361 5413 1635 5489 inventum
1683 5406 2067 5489 {clarissimo

491 5485 547 5560 et
569 5477 933 5560 eruditissimo
977 5481 1170 5537 abbate
1194 5483 1410 5539 domino
1448 5485 1671 5543 Claudio
1698 5487 1896 5556 Fleuri,
1925 5491 2066 5560 eius-

493 5548 613 5618 dem
641 5547 746 5618 loci
775 5549 976 5618 priore.

533 5617 600 5696 ἰ).
627 5617 844 5696 Centiita
872 5617 1178 5696 Belslgngo._
1208 5621 1377 5677 Sicuti
1410 5624 1534 5696 pagi
1562 5625 1615 5681 in
1642 5631 1928 5686 comitatus
1945 5673 1960 5696 ,
1992 5631 2064 5686 ita

489 5685 546 5769 1)ιί
571 5686 641 5769 lin
689 5695 942 5744 centenas
987 5685 1558 5769 dividebanturfcfat
1612 5698 1792 5769 itaque
1839 5685 2063 5758 centena

489 5753 764 5826 Belslanqo
790 5773 916 5826 pars
947 5759 1163 5828 mai-oris
1189 5762 1306 5832 pagi
1339 5753 1656 5822 Arduennae.

2168 4645 2343 4708 parte,
2385 4645 2495 4692 tam
2526 4637 2578 4692 in
2619 4638 2784 4708 sylvis
2809 4653 3081 4710 quamque
3121 4641 3176 4695 in
3208 4644 3400 4710 terris,
3441 4650 3620 4719 agris,
3657 4665 3764 4720 per-

2171 4727 2342 4793 misis,
2363 4729 2587 4799 campis,
2613 4729 2802 4798 pratis,
2827 4732 3064 4802 pascuis,
3092 4733 3252 4802 aquis
3271 4750 3666 4809 aquarumque
3687 4742 3766 4794 de

2169 4817 2436 4883 cursibus,
2463 4818 2748 4887 adiunctis,
2774 4809 3109 4887 adiacentiis,
3135 4825 3318 4878 omnia
3342 4834 3402 4880 et
3421 4843 3498 4882 ex
3523 4832 3766 4885 omnibus

2171 4911 2270 4967 sub
2293 4911 2616 4982 integritate,
2639 4913 2779 4968 sicut
2791 4911 2904 4982 iam
2925 4907 3184 4982 diximus,
3204 4917 3405 4974 debeat
3426 4922 3644 4980 habere
3665 4927 3768 4996 ipse

2172 5001 2490 5056 Dirodoinus
2516 5001 2599 5056 vel
2635 5003 2716 5059 sui
2753 5004 3170 5074 gamaladionis,
3199 5023 3487 5082 quamque
3514 5025 3576 5070 et
3597 5026 3770 5086 inste-

2171 5089 2304 5145 ritas
2329 5105 2515 5146 eorum
2536 5092 2895 5148 evindicatum
2911 5134 2927 5160 ,
2959 5104 3014 5150 et
3039 5095 3356 5154 elidicatum
3373 5143 3390 5167 ,
3423 5113 3484 5158 et
3509 5106 3768 5176 quidquid

2171 5179 2240 5236 de
2273 5181 2386 5251 ipsa
2415 5183 2564 5254 sylva
2590 5183 2768 5240 facere
2783 5186 3081 5266 voluerint,
3107 5203 3176 5244 ex
3218 5202 3411 5249 nostra
3440 5199 3768 5253 auctoritate

2245 5367 2290 5444 si
2308 5356 2723 5444 Gamaladiogis.
2749 5361 2833 5444 ita
2871 5369 3150 5444 vocantur.
3165 5365 3340 5444 liberi.
3349 5365 3532 5444 iustis
3569 5375 3771 5444 guptiis

2169 5429 2466 5508 procreati,
2497 5431 2564 5484 ad
2600 5430 2890 5508 discrimen
2920 5433 3270 5502 naturalium.
3299 5429 3426 5490 V'id.
3459 5440 3540 5494 du
3570 5429 3772 5499 Frisia

2170 5496 2222 5551 in
2251 5496 2512 5561 Glossar.,
2543 5515 2672 5555 voce
2698 5499 2962 5557 Gamalcs.

2168 5567 2274 5691 (r3.
2303 5567 2466 5690 Mrtmu
2500 5571 2680 5623 vestita
2721 5570 2942 5640 fecisset.
2977 5573 3034 5628 Id
3061 5581 3182 5640 est,
3213 5581 3636 5645 possessionem
3665 5593 3768 5638 tra-

2206 5654 2220 5690 l
2263 5653 2367 5691 isse
2394 5676 2409 5690 .

2206 5646 2409 5691 luisset.

2243 5719 2266 5745 ε
2309 5705 2413 5783 ξεν
2441 5711 2928 5783 t~erqgos_homine_s,
2969 5713 3022 5766 ld
3056 5723 3140 5768 est
3174 5730 3434 5783 veraces,
3475 5735 3582 5776 seu
3610 5731 3771 5779 testes

2170 5777 2272 5830 ﬁde
2298 5777 2504 5848 dignos.
2535 5777 2610 5832 Du
2643 5780 2842 5836 Fresne
2865 5781 3103 5840 Glossar.
3137 5788 3192 5841 h.
3223 5796 3380 5854 voce,
3399 5777 3545 5846 edit.
3569 5808 3678 5848 nov
