3920 6310
502 384 644 444 £385

1481 386 1753 445 SECULI
1793 374 1925 442 VIll’
1942 378 2369 438 MONUMENTA
2412 383 2742 443 SELEC'I'A.

3645 390 3763 449 1581

494 504 669 561 vicem
712 504 953 559 omnium
1001 506 1381 562 codicellorum
1424 505 1793 575 plenissimam
1842 502 2084 557 obtineat
2110 501 2157 558 Δ
2187 498 2416 569 Sophie;
2464 504 2784 557 commendo
2809 512 2863 559 et
2911 505 3024 573 ipse
3055 506 3226 575 ipsam
3269 506 3593 562 ecclesiam.
3622 523 3765 577 quam

496 596 852 661 ﬁrmitatem;
888 605 943 651 et
973 597 1016 651 si
1052 613 1214 653 causa
1258 596 1397 667 juris
1425 597 1600 651 civilis
1626 593 1849 665 pretorii
1890 593 2086 662 aliquis

496 698 753 760 tanquam
804 690 1110 745 intestatum
1164 690 1294 744 velit
1342 689 1639 752 inﬁmare,
1684 695 1740 742 et
1780 695 1842 741 ut
1885 685 1937 739 id
1977 700 2084 740 non

494 780 692 839 valeat,
725 781 922 835 dentur
966 789 1133 837 testes
1183 782 1308 836 huic
1349 781 1534 836 heredi
1586 795 1705 835 mee
1743 785 2086 834 sacrosancte

494 873 743 939 ecclesie,
774 889 837 929 ac
861 875 1056 929 domne
1098 889 1216 929 mec
1261 873 1448 929 Maria:
1470 873 1716 943 genitrici
1746 872 1842 928 Dei
1874 869 2085 926 Domini

494 963 665 1017 nostri
689 961 852 1017 Jehsu
876 963 1077 1019 Christi
1101 964 1503 1035 Argentinensi,
1533 965 1622 1019 ubi
1642 979 1728 1018 me
1747 971 2087 1033 peceatorem

493 1052 783 1123 pictasDei
814 1055 898 1109 vel
943 1055 1315 1111 misericordia
1361 1065 1549 1110 sancte
1598 1053 1781 1109 Mariae
1826 1056 2084 1110 honorem

492 1142 838 1211 pontiﬁcatus
884 1146 1085 1201 habere
1133 1147 1392 1218 precepit.
1440 1145 1731 1216 Propterea
1776 1146 2085 1200 dulcissima

495 1234 691 1288 domna
722 1249 840 1290 mea
871 1245 1056 1293 sancta
1098 1236 1264 1292 Maria
1295 1246 1350 1293 te
1370 1254 1490 1293 esse
1533 1240 1804 1293 constituo
1832 1237 2085 1293 heredem

495 1338 671 1382 meam
693 1334 749 1380 et
776 1326 830 1382 in
859 1328 1112 1383 omnibus
1132 1328 1272 1400 eligo
1294 1338 1460 1399 atque
1483 1329 1735 1393 decerno,
1764 1337 1819 1382 et
1847 1328 1969 1382 fidei
1995 1336 2085 1381 tue

495 1425 689 1471 cuncta
732 1432 838 1487 que
863 1432 892 1472 a
925 1435 1011 1475 me
1039 1420 1253 1475 decreta
1289 1429 1417 1477 sunt
1459 1422 1560 1476 sub
1612 1431 1700 1475 tua
1750 1420 2089 1491 protectione

492 1509 834 1575 commendo,
863 1519 918 1565 et
946 1526 1050 1581 que
1076 1513 1261 1567 subter
1286 1514 1338 1567 in
1370 1514 1474 1569 hoc
1500 1521 1822 1569 testamento
1849 1513 2089 1569 conscri-

491 1612 584 1673 pta
632 1606 995 1671 continentur,
1045 1616 1099 1662 tu
1154 1607 1394 1677 piissima
1438 1616 1493 1663 et
1528 1608 1838 1662 dulcissima
1887 1606 2086 1662 damna

494 1711 680 1752 coram
730 1698 840 1753 Deo
870 1698 973 1755 ccli
1010 1705 1065 1754 et
1090 1709 1235 1754 terre
1261 1714 1436 1753 meam
1482 1699 1534 1753 in
1561 1699 1813 1754 omnibus
1841 1698 2090 1753 volunta-

492 1796 604 1843 tem
635 1788 1052 1858 adimplendam,
1081 1798 1243 1860 atque
1282 1790 1663 1860 perficiendam
1692 1803 1957 1844 summam
1986 1789 2084 1843 ha-

493 1878 627 1932 beas
651 1856 974 1946 potestatem
1005 1890 1052 1932 α.
1087 1856 1253 1949 igitur
1284 1856 1365 1941 tu,
1396 1879 1705 1935 dulcissima
1741 1878 1938 1934 domna
1964 1894 2086 1933 mea
2117 1856 2164 1919 Β

497 1979 683 2027 sancta
733 1970 925 2035 Maria,
955 1987 1077 2027 cum
1114 1988 1199 2027 me
1243 1972 1385 2028 Deus
1412 1973 1479 2027 de
1504 1974 1609 2027 hac
1652 1972 1771 2027 luce
1802 1970 2089 2042 fragilique

494 2079 726 2135 corpore
765 2081 862 2120 sua
912 2065 1195 2121 vocatione
1240 2064 1466 2135 jusserit
1514 2064 1803 2136 emigrare,
1854 2073 1909 2118 tu
1954 2063 2092 2118 mihi

495 2156 710 2212 domina
760 2157 921 2211 heres
972 2156 1215 2212 assistas.
1271 2155 1564 2227 Propterea
1609 2156 1727 2220 tibi,
1780 2154 2091 2210 dulcissima

495 2250 692 2305 domna
715 2264 834 2303 mea
857 2249 1017 2304 heres
1043 2264 1164 2304 mea
1194 2258 1379 2303 sancta
1412 2248 1598 2313 Maria,
1631 2248 1727 2304 tibi
1755 2249 1896 2303 dono
1924 2248 2090 2303 dona-

494 2349 719 2410 tumque
752 2340 806 2394 in
854 2349 1169 2410 perpetuum
1215 2354 1336 2395 esse
1372 2340 1512 2405 volo,
1565 2341 1619 2394 in
1663 2356 1728 2395 ea
1773 2341 2000 2403 ratione,
2032 2348 2092 2394 ut

495 2432 623 2486 dum
653 2431 785 2486 mihi
829 2429 974 2486 Deus
1025 2431 1266 2501 spacium
1310 2431 1518 2487 dederit
1566 2431 1634 2486 ad
1682 2431 1991 2495 vivendum,
2036 2436 2093 2484 et

496 2521 793 2578 Scolastice
821 2531 979 2593 nepte
997 2536 1134 2588 mec,
1155 2522 1240 2577 vel
1265 2521 1601 2579 Redcramno
1623 2523 1873 2593 abnepoti
1893 2537 2017 2577 meo
2037 2522 2088 2587 δ,

495 2612 758 2683 quidquid
794 2614 945 2668 visus
997 2629 1118 2668 sum
1172 2614 1372 2669 habere
1414 2614 1468 2669 in
1507 2628 1643 2684 pago
1668 2613 1979 2677 Alsacense,
2036 2613 2091 2668 in

498 2704 673 2759 insula
696 2694 802 2775 que
829 2712 1058 2760 vocatur
1102 2703 1438 2775 Hascgangia
1467 2714 1514 2768 ο,
1543 2719 1707 2772 super
1729 2702 1950 2757 ﬂuvium
1974 2702 2089 2767 Illa,

496 2805 554 2854 et
594 2805 681 2853 est
719 2797 835 2868 ipsa
883 2797 1057 2852 insula
1106 2797 1159 2852 in
1205 2798 1425 2852 marcha
1472 2796 1845 2851 Blabodsaime
1872 2796 1922 2862 ἀ,
1953 2805 2008 2850 et
2038 2796 2092 2850 in

487 2889 721 2944 marcha
758 2888 1166 2956 Quibilisheime
1216 2900 1270 2954 ε,
1300 2904 1426 2945 cum
1467 2887 1690 2944 basilica
1731 2888 2091 2970 superposita,

496 2994 664 3050 quam
683 2995 789 3052 ego
810 2996 843 3034 a
867 2994 1011 3036 novo
1036 2980 1281 3036 ediﬂcavi
1307 2988 1364 3035 et
1390 2980 1725 3047 consecravi,
1756 2982 1848 3037 ubi
1877 2981 2093 3037 condidi

476 3071 751 3126 domnam
772 3084 949 3127 meam
973 3078 1216 3127 sanctam
1239 3070 1496 3142 Sophiam
1522 3071 1565 3138 ί,
1584 3072 2095 3144 preciosissimoque

475 3165 710 3235 εοοψοιδί
755 3162 872 3232 ejus
927 3162 1106 3221 locum
1148 3164 1422 3236 sepulture
1462 3164 1603 3229 dedi,
1654 3181 1819 3237 quam
1863 3166 2092 3221 domnus

496 3257 768 3313 Adrianus
793 3271 930 3327 papa
973 3256 1210 3329 pontifex
1250 3273 1499 3314 summus
1538 3259 1671 3314 mihi
1712 3259 1856 3314 dedit
1883 3260 1950 3315 ad
1979 3274 2093 3314 ser-

496 3346 775 3415 viendum,
805 3356 860 3402 et
885 3361 986 3419 ego
1014 3362 1128 3418 Ipse
1170 3349 1237 3404 ab
1265 3349 1399 3405 urbe
1439 3347 1606 3405 Roma
1648 3349 1703 3404 in
1732 3351 1872 3405 hanc
1916 3351 2093 3423 regio-

497 3456 625 3497 nem
665 3456 829 3512 super
856 3441 1113 3498 humeros
1157 3456 1309 3497 meos
1353 3456 1477 3497 cum
1520 3440 1782 3497 ministris
1809 3442 1945 3497 meis
1970 3457 2092 3499 cum

496 3546 696 3603 magno
722 3529 921 3587 decore
945 3531 1217 3587 transtuli.
1246 3531 1541 3601 Propterea
1562 3530 1870 3586 dulcissima
1896 3533 2093 3586 domna

492 3629 555 3677 et
575 3622 733 3677 heres
776 3635 896 3676 mea
942 3628 1129 3675 sancta
1160 3620 1347 3685 Maria,
1377 3620 1473 3676 tibi
1499 3621 1642 3677 dono
1681 3635 1877 3691 corpus
1908 3629 2093 3676 sancte

493 3732 1072 3804 testamentoscribit:
1104 3750 1123 3783 ι
1177 3732 1348 3799 Quem
1390 3749 1489 3803 ego
1518 3734 1633 3804 ipse
1668 3734 1899 3790 Aredius
1929 3751 2094 3791 manu

491 3805 715 3875 propria
738 3803 929 3875 scripsi
955 3812 1011 3858 et
1048 3804 1275 3858 testibus
1316 3803 1550 3859 numero
1577 3807 1899 3875 competenti
1930 3805 2095 3861 tradi-

499 3873 678 3944 dimus
707 3873 1175 3944 subscribendum,
1220 3883 1367 3937 etc.;
1400 3894 1417 3925 ι
1464 3875 1603 3944 apud
1650 3873 1903 3939 Ruinart,
1954 3877 2095 3931 inter

499 3942 682 4014 Opera
696 3941 948 4014 Gregorii
975 3941 1327 4014 Turonensis,
1358 3959 1481 4014 pag.
1498 3941 1666 3999 ⁷1508.

570 4024 598 4087 ξ
630 4010 839 4087 Similia
870 4011 983 4069 fere
1025 4012 1184 4087 habet
1217 4010 1832 4087 testamentuni_sancti
1862 4015 2092 4087 Remigii

499 4084 739 4155 episcopi
764 4083 1106 4155 Rhemensis,
1139 4086 1283 4155 quod
1326 4084 1568 4141 referunt
1606 4085 1922 4149 Terrasson,
1956 4083 2097 4142 inter

502 4155 701 4237 veteris
716 4154 1445 4237 jurisprud‘entiai'llomante‘
1459 4156 1831 4237 Monumenta,
1855 4173 1979 4230 pag.
2004 4158 2093 4223 90,

497 4232 560 4298 et
582 4225 801 4298 brevius
820 4225 1096 4298 Mat-lotus,
1129 4225 1390 4298 Historia;
1408 4226 1732 4298 Rhemensis
1757 4225 1952 4294 libfu;
1975 4244 2093 4298 cap.

500 4295 589 4368 12.
620 4314 643 4368 _t
681 4296 740 4368 In
769 4296 988 4351 nomine
1021 4296 1306 4368 Patristet
1353 4296 1495 4363 Filii,
1524 4307 1579 4354 et
1619 4297 1856 4368 Spiritus
1900 4295 2094 4363 sancti,

534 4365 669 4449 loria
700 4365 830 4429 Deo,
858 4381 1065 4449 amen._
1084 4366 1198 4449 Ego
1227 4367 1504 4449 Remigius
1549 4365 1834 4449 episcopus
1864 4369 2098 4425 civitatis

553 4438 832 4508 hemorum
880 4437 1164 4508 sacerdotii
1215 4437 1438 4508 comptis
1486 4437 1873 4495 testamentum
1917 4454 2097 4495 meum

499 4507 716 4579 condidi
738 4508 860 4578 jure
877 4506 1154 4579 praetorio,
1186 4506 1353 4579 atque
1381 4509 1434 4564 id
1458 4510 1827 4566 codicillorum
1860 4511 1978 4566 vice
2004 4526 2100 4565 va-

494 4578 613 4650 lere
657 4571 911 4650 praecepi",
967 4578 1011 4650 si
1056 4575 1200 4650 juris
1260 4571 1466 4650 aliquid
1520 4581 1791 4635 videbitur
1837 4580 2092 4637 defuisse.
2124 4571 2178 4634 Ι)

488 4647 945 4720 Quandoqueego
968 4648 1247 4719 Remigius
1266 4647 1551 4720 episcopus
1570 4651 1637 4706 de
1664 4651 1764 4706 hac
1786 4652 1904 4705 luce
1926 4661 2101 4708 trans-

500 4719 636 4780 iero,
665 4725 721 4772 tu
753 4718 898 4773 mihi
910 4718 1084 4774 haeres
1116 4718 1257 4783 esto,
1287 4718 1472 4776 sancta
1500 4728 1555 4775 et
1582 4722 1905 4778 venerabilis
1923 4723 2101 4778 eccle-

430 4802 439 4805 ‘
501 4790 585 4846 sia
624 4788 777 4844 urbis
822 4788 1181 4854 Rhemorum,
1220 4798 1327 4845 etc.
1364 4812 1382 4844 ι
1439 4790 1652 4847 Pariter
1681 4793 1734 4848 in
1773 4801 2101 4850 testamento

490 4860 675 4935 sancti
700 4858 921 4935 Cgesarii
960 4859 1580 4935 episcopiitrclatensis,
1610 4864 1749 4934 apud
1788 4864 2099 4929 Baronium,

499 4931 557 4988 in
582 4930 898 5005 Annal._ad
941 4930 1142 4986 annum
1183 4930 1310 4997 508,
1354 4948 1505 4987 num.
1546 4930 1661 4995 25(
1686 4935 1940 5005 leguntur
1988 4937 2103 4990 haec
2188 4954 2191 4959 ·

500 5001 709 5084 verba:
743 5020 763 5052 ι
800 5000 915 5090 ἰξοθ
943 5009 1330 5087 testamentum
1353 5018 1533 5059 meum
1559 5000 1799 5089 condidi,
1818 5006 1909 5090 γε]
1939 5021 2103 5090 manu

499 5072 719 5142 propria
751 5071 1069 5143 subscripsi,
1118 5083 1281 5144 atque
1309 5074 1433 5147 jure
1462 5075 1717 5145 praetorio
1749 5071 1835 5132 vel
1878 5077 2001 5147 jure
2026 5078 2103 5132 ei-

504 5141 599 5195 vili
623 5151 679 5195 et
700 5142 769 5197 ad
793 5144 966 5198 vicem
996 5142 1211 5199 illorum
1241 5145 1494 5202 codicillo
1519 5147 1749 5200 ﬁrmavi.
1781 5167 1799 5200 »
1829 5156 1933 5202 etc.
1962 5145 2105 5202 Con-

504 5210 753 5300 solantgr
780 5226 999 5284 quoque
1027 5223 1413 5300 testamentum
1460 5215 1965 5300 sanctipertramni
1991 5218 2104 5287 epi-

506 5281 660 5351 scopi
682 5281 1104 5341 Cenomanensis
1133 5287 1260 5342 anni
1285 5285 1408 5347 6l0,
1440 5287 1580 5359 apud
1628 5286 1986 5351 Mabillonem,
2014 5281 2102 5343 ve-

506 5361 612 5407 ter.
638 5351 883 5428 Analect:
915 5361 1047 5428 tom.
1076 5356 1164 5422 lll,
1190 5373 1312 5428 pag.
1353 5356 1455 5428 ll?
1497 5356 1658 5428 prim.
1704 5359 1835 5413 edit.
1861 5366 1916 5412 et
1941 5366 2105 5413 testa-

504 5428 748 5498 mentum
778 5423 1019 5479 Abbonis
1049 5423 1383 5498 patricii'an.
1411 5423 1539 5494 739,
1570 5428 1710 5497 apud
1743 5429 2013 5495 eumdem,
2038 5430 2103 5485 de

504 5492 590 5567 Re
609 5492 916 5567 diplomat.,
945 5492 1069 5567 pag:
1099 5498 1221 5552 507.

578 5565 607 5604 ι»
647 5563 878 5636 Remigii
929 5563 1164 5640 episcopi
1219 5567 1631 5640 Argentinensis
1677 5576 1886 5640 patrem
1938 5568 2105 5627 fuisse

505 5633 788 5709 nugonem
812 5633 1088 5709 comitem,
1112 5633 1278 5709 :avum
1299 5633 1621 5709 "Adalricum
1668 5633 2104 5709 ducemiAlsatize

505 5702 790 5777 probabile
823 5713 925 5761 est.
954 5704 1082 5777 lude
1110 5707 1384 5777 Remigius
1416 5708 1613 5764 fratres
1633 5710 1821 5765 habuit
1845 5708 2104 5765 Bodolum

508 5774 1070 5852 etBEonum._Codes
1104 5774 1388 5852 diplomat;
1418 5779 1640 5852 tom.__l,_
1665 5795 1813 5852 num.
1846 5779 1935 5845 45,
1976 5796 2100 5852 pag.

480 5840 598 5903 ‘79.
628 5846 767 5917 Ergo
797 5844 1128 5908 Scholastica
1154 5840 1332 5921 neptis
1357 5848 1587 5921 Remigii
1618 5840 1715 5906 fuit
1743 5850 1847 5906 lilia
1879 5840 2103 5908 vel'Bo-

2185 591 2239 644 in
2268 591 2472 648 honore
2518 595 2687 649 sancti
2740 594 3017 666 Trophimi
3051 598 3075 635 5
3101 597 3503 660 dedicavimus,
3536 599 3630 653 ubi
3668 600 3768 671 ipsa

2184 691 2368 740 sancta
2399 684 2599 755 Sophia
2639 688 2909 756 preposita
2950 688 3002 741 in
3043 703 3272 757 corpore
3296 690 3627 759 requiescit,
3660 707 3770 746 cui

2185 774 2298 845 ipsa
2326 776 2496 829 insula
2524 776 2844 848 Ascgaugia,
2872 793 3034 847 quam
3072 780 3295 835 Roduna
3324 781 3591 851 religiosa
3618 781 3704 835 Dei
3726 792 3774 837 et

2183 866 2349 921 Adala
2379 867 2655 923 abbatissa
2680 869 2704 907 ιι
2746 884 2935 923 earum
2989 870 3269 939 portiones
3317 870 3393 924 de
3444 872 3573 940 ipsa
3619 872 3772 926 insula

2184 960 2339 1014 nobis
2363 970 2417 1013 et
2450 969 2634 1015 sancte
2657 958 2857 1029 Sophie
2881 960 3215 1014 tradiderunt
3234 968 3292 1014 et
3310 962 3773 1025 coulonaverunt,

2184 1068 2279 1107 seu
2328 1061 2509 1107 cartas
2552 1067 2733 1106 coram
2780 1051 3007 1107 testibus
3050 1052 3435 1107 ﬁrmaverunt.
3498 1052 3776 1125 Propterea

2184 1147 2302 1211 tibi,
2333 1146 2660 1209 dulcissima,
2690 1145 2853 1209 dono,
2884 1153 2941 1198 et
2976 1145 3134 1199 heres
3179 1161 3304 1200 mea
3354 1157 3565 1200 saneta
3608 1145 3775 1207 θεῖ-ὴ,

2185 1239 2282 1293 tibi
2324 1239 2478 1294 trado
2509 1239 2677 1309 ipsam
2725 1236 2959 1292 insulam
2984 1252 3086 1307 pro
3127 1238 3310 1293 anime
3354 1253 3487 1293 ωδε
3534 1240 3777 1297 remains.

2185 1332 2268 1387 vel
2294 1348 2391 1403 pro
2414 1341 2597 1387 eterna
2625 1331 2999 1393 retributione,
3043 1340 3104 1384 ut
3138 1333 3280 1402 apud
3311 1333 3475 1402 pium
3508 1332 3779 1387 Dominum

2185 1426 2398 1481 veniam
2428 1438 2640 1479 merear
2667 1423 2889 1494 adipisci
2920 1424 3330 1493 sempiternam.
3363 1423 3435 1477 Et
3461 1433 3525 1479 tu
3558 1426 3779 1494 piissim

2186 1515 2403 1572 domina
2451 1530 2571 1570 mea
2618 1530 2722 1585 pro
2749 1531 2835 1570 me
2886 1514 3171 1569 Dominum
3215 1514 3455 1569 Jehsum
3500 1515 3778 1573 Christum.

2186 1621 2347 1676 quem
2370 1613 2424 1659 tu
2448 1605 2499 1659 in
2526 1614 2679 1659 utero
2694 1605 2935 1660 meruisti
2959 1613 3199 1673 portare,
3219 1605 3523 1672 deprecari
3544 1606 3778 1675 digna-‘5.

2186 1708 2247 1754 ut
2279 1699 2411 1755 mihi
2439 1698 2708 1767 peccaturi
2753 1698 2964 1752 veniam
3004 1698 3405 1767 sempiternam
3443 1699 3640 1753 donet.
3667 1699 3782 1753 lim-

2188 1808 2293 1863 quc
2321 1792 2628 1848 dulcissima
2674 1791 2870 1845 domna
2915 1799 2969 1845 et
2995 1791 3153 1845 heres
3190 1805 3316 1845 mea
3360 1789 3468 1844 tibi
3522 1791 3694 1861 ipsam
3721 1793 3785 1845 iu-

2190 1883 2363 1938 sulam
2389 1898 2548 1953 supra
2572 1882 2904 1936 nominatam
2926 1879 3288 1951 Aschaugiam
3313 1882 3487 1935 trado
3508 1898 3639 1936 cum
3659 1883 3785 1936 (tnui

2188 1971 2497 2042 integritate
2525 1981 2580 2024 ct
2603 1970 2890 2035 soliditate,
2922 1986 3043 2025 cum
3070 1969 3333 2035 basilicis,
3368 1987 3506 2026 cum
3534 1973 3784 2037 domibus,

2187 2062 2449 2126 aedificiis,
2478 2063 2673 2126 curtis,
2701 2060 3007 2132 pomiferis,
3030 2061 3347 2131 mancipiis,
3395 2062 3606 2123 vineis,
3637 2063 3782 2120 silvis.

2186 2156 2376 2225 pratis,
2400 2153 2621 2225 campis.
2650 2154 2809 2208 terris
2829 2153 3192 2224 perterrariis,
3217 2152 3551 2214 faranariis,
3576 2157 3783 2225 pascuis,

2187 2246 2413 2317 peculiis
2442 2246 2721 2316 utriusque
2750 2254 2863 2299 tam
2903 2244 3120 2313 majoris
3148 2260 3315 2316 quam
3350 2245 3601 2300 minoris
3630 2263 3785 2307 suos,

2188 2343 2243 2390 et
2268 2333 2681 2404 mancipiorum,
2729 2343 2785 2388 et
2817 2334 3172 2405 peculiorum,
3221 2334 3395 2404 aquis
3432 2351 3786 2407 aquarumque

2189 2426 2527 2491 decursibus,
2552 2427 2637 2481 vel
2667 2427 2922 2496 quicquid
2952 2426 3055 2482 dici
3080 2435 3173 2481 aut
3201 2429 3503 2483 nominari
3528 2440 3720 2500 potest,
3743 2442 3784 2483 et

2190 2535 2313 2575 mea
2342 2519 2543 2576 ibidem
2586 2519 2824 2591 lcgit’m‘ta
2851 2520 3012 2574 hodie
3038 2520 3255 2575 videtur
3279 2536 3417 2576 esse
3458 2525 3721 2592 posst-sio,
3744 2530 3784 2574 rt

2191 2608 2447 2680 quicquid
2469 2608 2537 2665 ad
2567 2609 2739 2679 ipsum
2771 2609 2945 2664 locum
2990 2618 3239 2665 sanetum
3280 2612 3551 2680 aspicere
3578 2614 3783 2675 videtur.

2192 2709 2247 2756 et
2274 2715 2305 2754 a
2328 2700 2483 2755 bouis
2509 2699 2818 2755 hominibus
2838 2715 2937 2770 per
2965 2700 3133 2754 series
3158 2701 3587 2769 scripturarum
3618 2704 3785 2758 ἰωὰ-

2192 2792 2550 2848 condonatum
2580 2792 2701 2859 fuit,
2737 2801 2792 2847 ct
2819 2772 3071 2863 quichuid
3100 2808 3202 2864 ego
3230 2794 3455 2849 ibidem
3487 2798 3785 2867 conun

2192 2894 2287 2941 aut
2311 2885 2441 2941 mihi
2484 2885 2740 2940 traditum
2779 2884 2902 2951 fuit,
2940 2884 3024 2941 vel
3052 2901 3150 2955 per
3194 2889 3648 2957 comparationis
3684 2893 3785 2944 tita-

2196 2975 2302 3031 lum
2327 2973 2647 3046 conquisivi.
2679 2975 2747 3031 Et
2767 2989 2865 3047 ego
2895 2976 3089 3031 iterum
3120 2991 3218 3045 per
3244 2976 3585 3035 donationis
3604 2979 3787 3034 titulun

2194 3066 2262 3120 ad
2305 3066 2479 3136 ipsum
2524 3065 2700 3121 locum
2749 3073 2995 3121 sanctum
3039 3066 3287 3139 delegavi
3331 3070 3468 3133 tibi,
3502 3058 3825 3126 dulciss'na'

2195 3159 2390 3215 ddmna
2420 3174 2540 3214 mea
2587 3166 2772 3214 sancta
2822 3156 3012 3222 Maria,
3059 3158 3203 3214 inea
3255 3160 3516 3226 ratione,
3567 3165 3790 3217 sientsc-

2197 3250 2378 3321 perius
2390 3250 2836 3319 conscripsimus,
2852 3250 3134 3315 tradimus,
3151 3260 3321 3322 atque
3348 3252 3789 3311 transfundinns,

2193 3351 2253 3396 ut
2281 3351 2337 3395 tu
2366 3341 2479 3411 ipsa
2499 3356 2598 3411 pro
2627 3342 2863 3412 peccatis
2906 3343 3044 3397 meis
3068 3357 3305 3397 exorare
3332 3345 3621 3416 digneris,
3650 3354 3791 3399 utve-

2194 3434 2339 3489 niam
2369 3447 2583 3489 merear
2609 3433 2877 3503 accipere,
2907 3440 2962 3488 et
3001 3432 3199 3489 molem
3240 3436 3643 3504 peccaminum
3670 3450 3793 3489 mee-

2194 3542 2313 3581 rum
2343 3525 2615 3586 minuere;
2646 3524 2898 3579 similiter
2925 3524 3021 3579 tibi
3049 3524 3208 3591 dono,
3252 3525 3595 3582 dulcissima
3621 3528 3792 3582 dom

2194 3624 2250 3671 et
2308 3616 2467 3670 heres
2518 3630 2662 3681 mea,
2723 3615 2778 3669 in
2857 3615 2964 3671 alio
3032 3614 3240 3686 pagella
3316 3618 3335 3656 ί
3424 3617 3796 3688 Aragongen:

2187 3712 2326 3801 doli,
2369 3734 2453 3790 vel
2488 3733 2695 3799 Bleoni,
2739 3734 2921 3806 potius
2956 3734 3167 3806 Bodoli,
3195 3749 3325 3789 cum
3365 3735 3585 3806 notitia
3614 3734 3793 3790 ser-ml

2193 3807 2454 3861 Bleonum
2480 3806 2699 3861 unicum
2723 3804 2974 3876 genuisse
3006 3804 3195 3868 ﬁlium,
3223 3806 3476 3876 nomine
3494 3805 3641 3876 Hug.

2265 3889 2287 3917 ε
2322 3876 2682 3948 Hascgaugia,
2715 3875 2832 3948 sive
2853 3876 3065 3931 Eschau
3095 3883 3180 3929 est
3219 3875 3405 3948 insula
3446 3875 3789 3948 libellai?

2195 3957 2281 4018 ter
2305 3963 2370 4003 ac
2395 3945 2596 4013 Ellum,
2620 3962 2783 4017 supra
2806 3946 3243 4018 Argentoratum.
3276 3945 3431 4002 Olim
3463 3946 3572 4002 fuit
3602 3947 3789 4002 famiﬁ:

2193 4017 2555 4074 Benedictiuze
2579 4015 2907 4087 parthenon;
2923 4015 3079 4086 cujus
3097 4018 3237 4073 bona
3261 4018 3334 4073 ad
3354 4018 3687 4088 episcopum
3712 4018 3787 4088 ,υ-

2196 4090 2564 4173 gentiuensem
2582 4086 2970 4171 pervenerunt,
3085 4088 3207 4173 inde
3233 4088 3304 4173 a_d
3346 4086 3613 4173 ejusdem

2196 4158 2292 4216 site
2319 4159 2615 4241 capitulum
2642 4160 2840 4229 majus,
2871 4158 3015 4229 quod
3044 4158 3221 4240 adhuc
3260 4158 3435 4213 hodie
3478 4160 3614 4229 jure
3636 4168 3791 4227 μιν

2197 4240 2355 4312 natus
2387 4247 2445 4312 in.
2468 4230 2679 4285 Esebau
2704 4230 2923 4312 gaudet,
2963 4238 3019 4286 et
3040 4230 3279 4312 decimas
3296 4245 3436 4310 eum
3463 4233 3707 4311 parcetis

2196 4301 2350 4355 vidit.
2388 4300 2549 4371 Vicus
2587 4300 2725 4356 vero
2743 4300 3312 4371 Escbaupartbenoni
3351 4301 3703 4371 propintpns
3725 4307 3794 4351 est

2198 4371 2415 4443 fetidum
2440 4370 2931 4443 Lichtenbergense
2957 4369 3794 4443 Rathsamhausiisconeeasnp.

2266 4442 2293 4482 ἀ
2323 4442 2489 4496 Vicus
2512 4439 2822 4497 Blobsheiin
2842 4455 3012 4511 prope
3036 4441 3271 4505 Eschau,
3308 4441 3611 4510 pertinens
3633 4441 3700 4496 ad
3717 4439 3797 4493 de-

2200 4512 2471 4584 minosde
2495 4510 2777 4584 liempll‘er
2792 4510 2859 4568 et,
2872 4510 2955 4567 de
2971 4511 3230 4584 Guntzer.

2277 4594 2301 4622 α
2335 4580 2711 4652 Wibolsheiin,
2740 4584 2893 4638 vicus
2916 4583 3216 4652 quadrante
3236 4580 3462 4638 distans
3484 4585 3557 4637 ab
3578 4582 3801 4639 Esclnn.

2203 4670 2329 4709 cum
2363 4668 2472 4723 quo
2499 4651 2629 4708 facit
2654 4669 2816 4708 unam
2842 4651 3157 4724 parochiam
3192 4668 3484 4722 unumque
3517 4656 3773 4709 bonum

2279 4723 2297 4762 ί
2331 4723 2616 4779 Aschovize
2647 4731 2792 4778 retro
2828 4724 3000 4780 altare
3044 4723 3221 4779 adhuc
3252 4724 3607 4790 conspicitur
3633 4721 3801 4778 tomb

2204 4795 2432 4865 lapidea,
2457 4808 2598 4865 quae,
2628 4803 2688 4850 ut
2709 4795 2916 4860 dicunt,
2941 4794 3183 4865 continet
3209 4793 3476 4865 reliquias
3500 4804 3803 4849 sanetam

2205 4862 2421 4935 sophiae
2444 4862 2499 4919 et
2527 4864 2761 4948 filiarum
2793 4864 2910 4949 ejus
2944 4864 3117 4949 lf‘idei,
3142 4864 3267 4934 Spei
3296 4872 3355 4918 et
3378 4862 3717 4919 Cbaritatis.

2278 4940 2303 4978 ⁸
2334 4933 2579 5019 Ecclesia
2604 4937 3013 5019 parochiahs_|n
3042 4936 3286 5000 Esehau;
3320 4934 3513 4991 adhuc
3534 4951 3700 4990 sam
3736 4940 3808 4989 est

2204 5015 2393 5063 sancto
2419 5006 2714 5077 Trophimo
2734 5008 2980 5077 martyri.

2274 5079 2300 5118 δ
2340 5075 2585 5137 Roduua,
2617 5077 2730 5132 sive
2761 5075 3042 5133 Ruchuina
3070 5084 3127 5131 et
3167 5075 3362 5139 Adala,
3402 5089 3535 5144 qua:
3557 5092 3673 5130 una
3702 5082 3810 5144 post

2203 5148 2429 5220 alteram
2453 5149 2741 5220 abbatissae
2760 5146 3809 5220 Aschaugiensiprgcfnemtmonstf

2204 5220 2310 5284 rio,
2336 5218 2591 5273 dicuntur
2615 5218 2670 5273 in
2710 5219 2908 5288 notitia
2928 5214 3077 5273 num.
3120 5214 3191 5272 45
3220 5214 3446 5273 Codieis
3479 5214 3811 5288 diplomatici

2205 5298 2338 5345 to'n.
2384 5288 2428 5352 Ι,
2476 5303 2598 5360 pag.
2635 5289 2703 5345 79
2753 5287 2876 5345 ﬁlia:
2901 5287 3108 5351 Bodoli,
3156 5288 3322 5360 quem
3377 5287 3557 5342 fuisse
3587 5288 3811 5360 flgiti-en

2203 5360 2438 5432 Remigii
2465 5357 2719 5432 cpiscoin
2743 5375 2903 5432 supra
2930 5360 3185 5432 dixitnus.
3226 5358 3600 5432 Bgstat‘apud

2202 5427 2450 5500 pllinuin,
2477 5427 2893 5500 Alsatfdiplom.
2920 5440 3051 5487 tom.
3075 5430 3117 5493 l,
3140 5444 3263 5500 pag.
3286 5429 3383 5493 33,
3406 5428 3607 5500 charta
3638 5427 3817 5500 Λάεᾶ

2203 5494 2332 5556 anni
2358 5500 2461 5556 754
2490 5500 2543 5554 in
2574 5516 2683 5571 qua
2718 5494 2955 5557 dicitur:
3004 5500 3117 5571 Ego
3142 5494 3324 5570 itabat!
3361 5498 3548 5552 Adda
3574 5499 3701 5567 ﬁlia
3724 5494 3819 5551 Bo-
3918 5542 3920 5557 ι

2203 5571 2315 5627 doli
2347 5571 2455 5627 Deo
2484 5580 2715 5626 sacrata.

2282 5608 2313 5683 ἶ.
2484 5608 2771 5705 ωίιῖίιὶᾎζέε,
2819 5657 2913 5696 seu
2959 5640 3183 5711 subpagi
3210 5640 3567 5695 vocabantur
3916 5608 3920 5673 ‘-

2282 5713 2630 5763 :Helveticus
2678 5713 2895 5763 Uraniae
2927 5726 3097 5763 nacus
3125 5718 3358 5763 vocatur
3382 5712 3643 5763 pagella:
3726 5720 3819 5759 ἰι-
3914 5676 3920 5763 1

2207 5712 2298 5767 Sic
2319 5708 2630 5768 Helveticus
2678 5713 2895 5769 Urania:
2927 5708 3097 5781 pagus
3125 5708 3358 5765 vocatur
3382 5708 3643 5781 pagellui
3692 5708 3819 5781 lin:

2205 5783 2311 5854 nite
2331 5783 2386 5854 in
2418 5781 2798 5853 diplomatibus
2844 5797 2966 5854 qua:
3007 5797 3150 5854 anno
3174 5781 3282 5837 853
3311 5790 3370 5854 et
3388 5781 3501 5836 854
3539 5781 3822 5839 Turieres

2208 5853 2438 5908 abbatizc
2461 5852 2727 5909 Concessit
2753 5852 3053 5909 Ludovicus
3080 5852 3466 5908 Germanicus.

3914 5676 3920 5839 l

3916 1716 3917 1797 ψ

3915 2314 3917 2455 l
