4042 6154
337 376 444 432 785

1480 373 1846 428 LAUDATIO
1883 375 1944 429 Β.
1982 375 2337 430 BARBARE
2375 377 2597 432 MART.

3626 378 3736 432 786

328 505 426 558 τοῦ
483 498 732 567 σκότους,
803 499 940 573 πρὸς
1011 497 1078 552 τά
1150 493 1488 568 πνευματικά
1542 501 1645 564 τῆς
1703 494 1964 567 πονηρίας

2079 499 2174 554 bus
2202 498 2268 569 9‘,
2297 500 2356 554 id
2390 505 2478 555 est
2524 500 2852 556 caalestium
2901 515 3098 556 causa.
3151 502 3444 556 Praeterea
3485 502 3732 572 propius

330 590 381 646 ἐν
441 594 556 650 τοῖς
618 586 980 661 ἐπουρανίοις,
1040 584 1339 653 τουτέστιν,
1395 581 1485 638 διὰ
1538 584 1608 638 τά
1664 582 1977 657 ἐπουράνια.

334 678 478 753 Πρὸς
504 675 720 736 τούτοις
766 671 842 741 δὲ,
897 674 987 728 καὶ
1043 672 1134 726 τὸν
1194 668 1332 726 ἴδιον
1382 671 1519 726 κατά
1549 673 1716 746 σάρκα
1746 676 1978 744 πνεῦμα,

330 767 421 821 καὶ
478 765 608 827 τοὺς
667 763 968 835 κοσμικοὺς
1019 759 1318 837 ἡγεμόνας,
1353 761 1443 816 καὶ
1493 757 1784 836 ἄρχοντας,
1817 759 1910 823 οὕς
1940 764 1975 831 ἡ

331 855 601 927 πάναγνος
630 855 726 907 τοῦ
779 851 1014 925 Χριστοῦ
1072 847 1242 921 ἀμνάς
1298 843 1557 923 Βαρϐάρα
1594 847 1981 922 παλαιστρίτας

327 940 607 1011 ἐκέκτητο,
662 937 714 1009 ἐξ
771 939 979 1013 ὁρατῶν
1045 935 1134 990 καὶ
1190 936 1436 1010 ἀοράτων
1504 933 1790 1009 πολεμίων
1853 957 1980 1012 συγ-

336 1027 627 1102 κειμένων.

397 1119 468 1195 γ’,
501 1114 779 1185 Τοιαύτης
813 1111 905 1169 οῦν
958 1114 1097 1186 ἡμῖν
1155 1108 1334 1176 ἄθλων
1397 1111 1627 1185 θεωρίας
1658 1112 1985 1186 προτιθεμέ-

329 1226 452 1276 νης,
485 1203 582 1259 οὐκ
611 1201 1008 1274 ἐπισπεύσομεν
1051 1201 1190 1275 πρὸς
1241 1200 1342 1268 τὴν
1401 1200 1606 1254 τούτων
1641 1197 1981 1273 ἐπόπτευσιν,

328 1293 420 1349 καὶ
450 1293 546 1355 τάς
595 1284 898 1362 συμϐολὰς,
954 1289 1045 1342 καὶ
1104 1285 1340 1357 πλοκὰς,
1403 1287 1493 1343 καὶ
1527 1283 1696 1350 λαϐὰς
1743 1289 1980 1366 ἀμφοτέ-

328 1403 436 1458 ρων
471 1382 584 1454 (79)
641 1375 1019 1453 καταρδωμεν,
1074 1375 1164 1431 καὶ
1221 1376 1318 1444 τήν
1379 1375 1532 1446 νίκην
1579 1383 1677 1446 τῆς
1715 1379 1985 1451 ἡμετέρας

344 1468 642 1541 ἱερονίπου,
700 1467 790 1521 καὶ
849 1461 1215 1541 στεφανίτιδος
1273 1463 1688 1539 ἐπαθρήσομεν;
1737 1465 1983 1530 κάὶτοὺς

320 1557 437 1632 ,μὶν
491 1553 777 1631 πυγεροῦς
833 1551 1098 1625 δαίμονας
1150 1551 1505 1625 ἡττωμένους
1551 1553 1639 1608 καὶ
1687 1572 1982 1629 καταισχυ-

337 1646 600 1718 νομένους
626 1642 716 1699 καὶ
749 1643 1068 1712 πίπτοντας,
1112 1640 1240 1703 τοὺς
1288 1640 1620 1716 ἀγγελικοίις
1670 1639 1726 1696 δὲ
1774 1640 1983 1714 δήμους

342 1731 701 1808 ἀλαλαγμοὺς
759 1731 1184 1809 ἐπιφωνοῦιτας,
1265 1729 1353 1784 καὶ
1424 1729 1708 1792 ἐπινικίοις
1763 1732 1980 1804 κρότοις

2090 588 2266 642 etiam
2291 589 2547 644 carnalis
2572 591 2836 661 spiritus,
2859 589 3185 660 mundique
3207 589 3489 660 praesides
3521 595 3580 644 et
3599 607 3725 645 ma-

2087 677 2367 747 gistratus
2398 694 2464 732 ac
2495 679 2815 749 principes,
2848 677 2955 731 hos
2987 677 3318 732 castissima
3357 678 3572 732 Christi
3605 679 3727 731 ovis

2090 765 2343 821 Barbara
2365 766 2682 821 luctatores
2712 771 2886 821 nacta
2909 772 3020 829 est,
3043 766 3295 820 conflato
3320 766 3431 837 ipsi
3463 767 3725 825 hostium

2089 859 2209 909 tam
2236 855 2554 910 visibilium
2583 872 2762 926 quam
2792 853 3183 909 invisibilium
3213 871 3422 911 cuneo.

2157 1121 2211 1175 3.
2243 1121 2478 1176 Talibus
2509 1121 2708 1191 itaque
2739 1121 3165 1175 certaminibus
3191 1120 3363 1174 nobis
3389 1119 3463 1175 ad
3495 1125 3728 1191 specta-

2090 1209 2287 1264 culum
2313 1209 2648 1280 propositis.
2682 1225 2883 1263 annon
2913 1207 3329 1262 festinabimus
3358 1209 3429 1262 ad
3447 1209 3571 1262 haec
3597 1224 3726 1261 cer-

2089 1297 2388 1365 nenda,ut
2416 1302 2802 1367 utrorumque
2845 1296 3321 1368 congressiones,
3346 1296 3725 1362 inﬂexiones,

2091 1392 2150 1440 et
2177 1386 2608 1457 prehensiones
2639 1385 3135 1456 contemplemur,
3169 1389 3228 1438 et
3266 1401 3446 1439 sacrm
3475 1385 3729 1438 victricis

2091 1491 2312 1530 corona
2328 1475 2616 1529 redimitae
2639 1474 3007 1545 triumphum
3029 1489 3341 1528 cernemus
3359 1473 3386 1527 ?
3407 1490 3473 1528 ac
3488 1474 3729 1543 quidem

2092 1563 2336 1618 infestos
2363 1563 2662 1618 daemones
2704 1567 3032 1634 superatos,
3085 1578 3299 1633 magno
3348 1579 3451 1616 suo
3499 1561 3726 1632 pudore

2091 1653 2367 1708 cadentes
2394 1669 2406 1706 :
2438 1653 2784 1724 angelorum
2816 1657 3013 1706 autem
3037 1651 3286 1721 populos
3309 1651 3443 1704 lzeto
3476 1651 3726 1720 strepitu

2091 1739 2506 1804 acclamantes,
2542 1743 2600 1792 et
2628 1737 2882 1792 victorias
2906 1737 3211 1808 plausibus
3237 1737 3533 1791 victricem
3562 1751 3728 1806 egre—

340 1826 440 1893 τήν
499 1821 817 1878 καλλίνικον
875 1821 1258 1898 εὐφημοῦντας
1317 1819 1421 1875 καῖ’
1462 1821 1836 1895 γεραίροντας,
1893 1841 1962 1876 κα

2090 1828 2246 1900 giam
2287 1831 2676 1882 exornantes:
2723 1826 2916 1897 ipsum
2965 1825 3222 1895 denique
3270 1825 3589 1888 Christum,
3639 1823 3723 1876 uti

326 1912 560 1986 Χρίστὸν
591 1910 748 1964 αὐτὸν
778 1909 852 1970 ὡς
900 1908 1282 1982 ἀγωνοθέτην,
1311 1911 1407 1962 τοῦ
1441 1907 1728 1983 βασιλικοῦ
1757 1908 1972 1982 θρόνου,

324 2000 564 2074 καθάπερ
623 1997 712 2053 ἐπὶ
766 1997 1040 2072 Στεφάνου
1096 2001 1195 2052 τοῦ
1259 1999 1747 2072 πρωτομάρτυρος,
1804 1996 1973 2052 ἐπαν-

333 2090 640 2160 ιστάμενον,
695 2086 786 2141 καὶ
867 2087 995 2148 τοὺς
1083 2084 1378 2163 στεφάνους
1460 2086 1829 2154 προτείνοντα,
1886 2085 1976 2140 καὶ

326 2174 521 2250 ἱδρῶσι
580 2170 1012 2250 περιρρεομένην
1068 2174 1168 2241 τὴν
1229 2172 1550 2248 νικηφόρον,
1604 2173 1692 2228 ὑπ’
1733 2172 1973 2248 ἀγγέλων

324 2264 808 2344 δορυφορουμένην
873 2262 1298 2338 ὑποδεχόμενοι,
1375 2264 1466 2318 καὶ
1533 2266 1970 2340 περιπτυσσόμε·

323 2375 432 2424 νον,
492 2355 582 2408 καὶ
643 2358 766 2415 τοῖς
820 2352 1161 2427 ἐπουρανίοις
1219 2351 1513 2425 θαλάμοις,
1571 2353 1969 2430 καὶνυμφῶσιν

326 2443 698 2510 ένευναίοντα;
749 2442 811 2497 Τί
869 2447 986 2504 τοῖς
1043 2440 1406 2515 φιλοθεάμοσι
1456 2446 1553 2496 τοῦ
1602 2441 1815 2497 τοιοῦδε
1843 2441 1966 2496 θεά-

333 2553 500 2605 ματος
545 2530 915 2606 τερπνότερον,
972 2529 1007 2600 ἢ
1055 2527 1338 2605 ἠδύτερον,
1398 2531 1434 2599 ἢ
1490 2528 1964 2606 ἐπικερδέστερονς

333 2642 360 2672 ιι
391 2622 696 2693 Μακάρισον
753 2619 876 2694 γὰρ,
935 2617 1099 2692 φησὶν
1159 2615 1440 2678 Βασιλειος
1473 2618 1500 2672 ὁ
1531 2619 1674 2692 ἱερὸς
1705 2626 1803 2688 τῆς
1839 2620 1966 2674 Ἐκ-

329 2707 564 2777 κλησίας
620 2704 966 2777 διδάσκαλος,
1039 2704 1278 2782 γνησίως
1354 2708 1819 2779 μαρτυρήσαντας,
1873 2704 1965 2760 ’ίνα

329 2785 462 2869 γενη
524 2796 722 2868 μάρτυς
773 2797 842 2869 τῇ
900 2792 1232 2869 προαιρέσει,
1290 2793 1376 2848 καὶ
1437 2787 1602 2867 ἐκϐῇς
1649 2798 1754 2866 (80)
1784 2795 1960 2868 χωρὶς

331 2882 588 2955 αἳματος,
643 2882 728 2938 καὶ
788 2881 1082 2959 μαστίγων,
1139 2871 1235 2936 καὶ.
1287 2881 1553 2955 αἰκισμῶν
1600 2885 1730 2954 (81).
1765 2906 1793 2934 ››
1824 2882 1963 2957 ’Λρά

321 2969 464 3026 ἐστίν
521 2992 605 3034 τις
659 2971 812 3046 ἑτέρα
865 2978 963 3041 τῆς
1017 2969 1275 3040 τοιαύτης
1324 2969 1553 3044 ἐποψίας
1611 2973 1646 3041 ἢ
1700 2991 1960 3046 πραγμα-

315 3059 463 3122 τείας
517 3057 944 3134 κερδαλεωτέρα,
999 3059 1088 3114 καὶ
1141 3059 1232 3114 τὸν
1290 3056 1528 3114 πλοῦτον
1581 3060 1963 3137 προσφέρουσα

316 3147 584 3217 πλείονας
619 3147 680 3203 οῦ
717 3168 809 3221 μοι
834 3146 1003 3203 δοκεῖ.

391 3233 570 3292 Ἀλλά
623 3235 675 3290 τί
729 3238 992 3306 πέπονθα,
1051 3233 1096 3289 ὦ
1149 3234 1342 3310 φίλοις
1395 3235 1522 3310 πρὶν
1579 3239 1647 3310 τῇ
1678 3235 1826 3311 ἀρχῇ
1847 3241 1952 3292 τῶν

318 3323 546 3398 ἀγώνων
580 3319 1004 3400 προσϐάλωμεν,
1055 3324 1193 3399 πρὸς
1239 3324 1301 3378 τὸ
1342 3323 1502 3387 τέλος
1549 3327 1696 3398 ἡμᾶς
1731 3326 1758 3380 ὁ
1790 3323 1954 3399 λόγος

317 3413 711 3486 παρώρμησεν.
767 3413 902 3485 ’Ἀγε
959 3409 1024 3480 δὴ
1094 3409 1205 3480 οὖν,
1264 3411 1421 3466 αὑτὸν
1471 3411 1952 3486 ἀνακαλεσάμενοι,

314 3505 424 3556 τῶν
483 3500 770 3576 προθόρων
826 3504 924 3556 τοῦ
986 3500 1283 3576 μαρτυρίου
1340 3497 1616 3575 ἐπιϐὧμεν
1673 3499 1804 3573 ἤδη,
1861 3503 1949 3558 καὶ

316 3596 416 3658 τῆς
444 3590 581 3644 κατά
614 3589 775 3662 μέρος
797 3585 1104 3663 διηγήσεως
1123 3589 1529 3663 καταρξώμεθα.

392 3674 456 3737 δ’.
501 3679 612 3734 Τοῦ
670 3679 997 3752 παναγάθου,
1053 3677 1144 3732 καὶ
1204 3675 1656 3754 φιλοικτίρμονος
1685 3683 1817 3733 Θεοῦ
1849 3677 1954 3734 Λό-

314 3787 415 3843 γου
471 3765 534 3820 τὸ
594 3763 732 3820 ἷ¹διον
783 3763 1240 3842 πλαστούργημα,
1299 3766 1429 3842 ὅπερ
1487 3770 1600 3822 κατ’
1651 3768 1828 3822 εἰκόνα
1854 3769 1954 3836 τήν

315 3855 512 3908 ἑαυτοῦ
573 3849 812 3927 ἀρχῆθέν
870 3853 1190 3924 πεποίηκεν,
1243 3854 1333 3908 καὶ
1385 3859 1494 3909 τῶν
1553 3854 1802 3930 ἐπιγείων
1853 3858 1952 3926 τήν

313 3941 613 4017 ἠγεμονίαν
647 3939 1034 4016 ἐγκεχείρικεν,
1100 3943 1202 3996 ὑπὸ
1257 3949 1357 4011 τῆς
1411 3947 1506 3997 τοῦ
1560 3948 1755 4013 νοητοῦ
1787 3941 1842 3998 δὲ
1870 3942 1958 3999 διὰ

312 4033 416 4084 τοῦ
448 4028 708 4097 αἰσθητοῦ
765 4025 940 4104 ὄφεως
993 4031 1201 4099 ἀπάτης
1262 4029 1320 4086 ἐκ
1376 4038 1476 4100 τῆς
1502 4035 1599 4086 τοῦ
1630 4029 1955 4106 παραδείσου

312 4119 523 4193 τρυφῆς
558 4117 964 4193 ἐξενηνεγμένον
1025 4119 1348 4192 ἑωρακότος,
1402 4119 1489 4173 καὶ
1541 4117 1734 4174 λοιπὸν
1767 4117 1954 4175 δεδου-

319 4205 594 4278 λωμένον,
625 4206 714 4259 καὶ
747 4205 997 4280 παγγενεὶ
1030 4205 1090 4260 οὗ
1149 4206 1312 4279 μόνον
1342 4210 1411 4281 τῇ
1442 4212 1615 4284 φθορᾷ
1645 4203 1954 4279 ὑποϐεϐλη-

321 4295 508 4367 μένον,
540 4291 687 4348 ἀλλά
743 4294 831 4348 καὶ
889 4294 965 4358 είς
1017 4292 1375 4370 πολυσχεδεῖς
1428 4296 1636 4359 πλάνας
1686 4297 1774 4352 καὶ
1809 4297 1953 4368 πάθη

318 4381 537 4454 ἀτιμίας
571 4381 787 4457 ὑπηγμέ
801 4403 913 4453 νον,
945 4381 1032 4437 καὶ
1088 4387 1343 4438 τοσοῦτον
1400 4388 1478 4456 τῷ
1537 4384 1683 4461 ζόφῳ
1705 4391 1805 4455 τῆς
1837 4387 1954 4440 ἀσε-

318 4465 468 4530 ϐείας
526 4470 651 4532 τοὺς
707 4469 979 4544 ψυχικοὺς
1036 4468 1355 4548 ἀφθαλμοὺς
1417 4470 1822 4546 ἐσκοτισμένον,
1879 4475 1952 4536 ὡς

2086 1916 2475 1971 certaminum
2503 1913 2816 1986 praesidem
2842 1931 2872 1968 e
2904 1913 3064 1985 regia
3086 1913 3245 1980 sede,
3269 1913 3426 1968 haud
3445 1929 3614 1966 secus
3637 1915 3725 1965 at-

2084 2021 2196 2074 que
2211 2005 2505 2075 Stephano
2520 2003 2957 2075 protomartyri,
2975 2007 3382 2072 assurgentem
3398 2006 3454 2054 et
3476 2016 3724 2055 coronas

2081 2093 2500 2163 porrigentem,
2534 2092 2713 2160 inque
2754 2091 3090 2145 coelestibus
3141 2089 3418 2142 thalamis
3469 2094 3526 2141 et
3576 2088 3722 2140 toris

2083 2179 2498 2234 circumfusam
2549 2178 2863 2233 sudoribus
2915 2177 3236 2244 victricem,
3297 2182 3355 2230 et
3409 2175 3720 2229 ambitioso

2082 2268 2424 2338 angelorum
2449 2267 2725 2321 satellitio
2749 2265 3084 2332 deductam,
3110 2265 3504 2320 collocantem
3525 2263 3551 2317 '?
3569 2262 3718 2328 Quid

2083 2357 2549 2427 spectaculorum
2571 2355 2931 2410 amatoribus
2959 2353 3251 2424 ejusmodi
3275 2352 3719 2423 spectaculoju-

2081 2444 2330 2499 cundius
2359 2449 2461 2498 aut
2488 2443 2947 2498 delectabilius?
2979 2465 2998 2490 ι
3028 2443 3236 2496 Beatos
3268 2441 3403 2494 illos
3435 2440 3712 2510 praedica,

2077 2533 2270 2603 inquit
2298 2549 2462 2587 sacer
2482 2531 2755 2586 Ecclesim
2784 2532 2987 2585 doctor
3011 2531 3280 2593 Basilius,
3305 2528 3404 2598 qui
3429 2528 3710 2597 martyrio

2072 2637 2204 2674 vere
2233 2621 2419 2675 sancti
2451 2625 2605 2684 sunt,
2638 2625 2704 2672 ut
2745 2619 2930 2672 animi
2981 2617 3279 2688 proposito
3329 2621 3552 2686 martyr
3583 2616 3709 2684 ipse

2073 2707 2371 2774 efﬁciaris,
2405 2712 2462 2760 et
2487 2705 2694 2760 evadas
2730 2706 2876 2760 897
2928 2705 3053 2758 sine
3087 2720 3315 2769 cruore,
3364 2701 3707 2757 verberibus

2072 2801 2131 2851 et
2160 2795 2486 2866 suppliciis.
2525 2815 2546 2843 ι
2583 2793 2859 2863 Nunquid
2907 2791 3029 2846 ulla
3069 2792 3258 2846 altera
3289 2790 3580 2862 inspectio
3610 2795 3712 2844 aut

2071 2883 2388 2956 negotiatio
2419 2887 2526 2948 est,
2557 2899 2687 2952 qua)
2719 2882 3004 2952 majorem
3033 2887 3346 2951 quaestum,
3377 2897 3444 2935 ac
3477 2879 3709 2936 divitias

2071 2973 2386 3044 ampliores
2418 2971 2664 3027 afferat?
2693 2971 2868 3042 plane
2892 2987 3010 3025 non
3035 2975 3198 3041 puto.

2139 3241 2352 3294 Verum
2382 3237 2525 3309 quid
2555 3237 2786 3304 accidit,
2812 3235 3185 3292 dilectissimi
3204 3235 3231 3290 ?
3261 3251 3394 3292 cum
3426 3234 3699 3290 certami-

2062 3345 2204 3382 num
2236 3327 2560 3399 primordia
2588 3327 2844 3382 necdum
2875 3325 3265 3397 attigerimus,
3291 3325 3352 3379 in
3374 3325 3554 3378 ﬁnem
3585 3339 3696 3377 nos

2063 3417 2248 3472 oratio
2277 3415 2526 3488 pepulit.
2553 3417 2670 3486 Age
2702 3415 2897 3486 igitur,
2931 3431 3000 3469 ea
3033 3413 3106 3468 ad
3137 3414 3372 3467 initium
3403 3417 3695 3477 revocata,

2062 3507 2126 3561 in
2158 3505 2424 3576 martyrii
2455 3505 2606 3558 atria
2634 3505 2845 3574 pedem
2873 3507 3008 3558 ante
3055 3502 3395 3568 inferamus,
3447 3506 3689 3571 tumque

2064 3593 2365 3666 sigillatim
2396 3598 2606 3647 cuncta
2634 3607 2874 3646 narrare
2901 3590 3274 3660 incipiamus.

2131 3684 2186 3738 4.
2255 3683 2399 3735 Cum
2456 3679 2915 3752 benignissimus
2984 3678 3690 3744 misericordissimusque

2063 3773 2216 3825 Deus
2250 3769 2890 3840 Verbum,ﬁgmentum
2918 3783 3112 3833 suum,
3143 3765 3297 3836 quod
3330 3765 3400 3818 ab
3423 3763 3590 3816 initio
3619 3762 3693 3815 ad

2063 3858 2382 3930 imaginem
2435 3873 2602 3911 suam
2651 3855 3014 3921 condiderat,
3063 3855 3274 3923 cuique
3322 3857 3692 3906 terrenorum

2063 3946 2463 4018 principatum
2539 3945 2937 4009 commiserat,
3011 3942 3334 4014 spiritualis
3403 3939 3693 4011 serpentis

2062 4034 2288 4101 fraude,
2311 4032 2687 4104 aspectabilis
2710 4033 3002 4104 serpentis
3019 4047 3218 4102 opera,
3235 4029 3507 4101 paradiso
3529 4027 3695 4082 volu-

2064 4124 2240 4196 ptatis
2271 4123 2524 4193 ejectum
2553 4121 2976 4192 conspexisset,
3015 4121 3258 4190 jamque
3291 4119 3437 4174 adeo
3469 4117 3695 4172 manci-

2063 4217 2266 4284 patum
2282 4228 2390 4266 nec
2405 4212 2613 4265 mortis
2635 4209 3253 4265 duntaxatinteritioni
3270 4225 3402 4262 cum
3421 4207 3694 4261 universa

2063 4300 2340 4372 progenie
2370 4299 2693 4366 addictum,
2719 4299 2821 4354 sed
2846 4303 2903 4353 et
2922 4298 2982 4353 in
3011 4297 3443 4352 diversissimos
3463 4311 3691 4350 errores

2062 4388 2666 4461 probrosissimosque
2705 4389 2948 4442 affectus
2996 4387 3322 4452 devectum,
3369 4400 3554 4455 eaque
3580 4385 3695 4438 im-

2063 4478 2300 4549 pietatis
2329 4477 2578 4548 caligine
2609 4478 2824 4532 mentis
2863 4476 3065 4530 oculos
3116 4475 3496 4538 obcaecatum,
3530 4479 3595 4527 ut
3625 4488 3693 4526 eo

317 4557 530 4612 καὶτὸν
588 4552 757 4619 ὅντως
807 4555 930 4613 ὅντα
987 4558 1115 4614 Θεὸν
1169 4560 1640 4630 καταλελοιπέναι,
1687 4561 1869 4635 ξύλοις
1899 4561 1955 4618 δὲ

2079 4566 2164 4636 qui
2197 4583 2328 4621 vere
2361 4568 2511 4620 Deus
2543 4571 2632 4620 est
2661 4565 2965 4634 derelicto,
2998 4563 3110 4619 diis
3141 4580 3210 4618 ex
3232 4563 3389 4635 ligno
3422 4567 3478 4616 et
3501 4561 3695 4632 lapide

317 4644 407 4700 καὶ
461 4645 663 4714 λίθοις,
720 4645 810 4700 καὶ
867 4646 1180 4719 ἀναισθήτῳ
1238 4647 1342 4723 ὕλῃ
1421 4651 1519 4719 τὴν
1587 4651 1950 4723 προσκύνησιν

318 4735 799 4808 προσενηνοχέναι,
841 4733 932 4789 καὶ
993 4735 1092 4789 ὑπὸ
1147 4740 1245 4790 τοῦ
1301 4742 1562 4811 πονηροῦ,
1602 4740 1690 4793 καὶ
1722 4741 1955 4795 ἀποστα-

317 4825 474 4875 τικοῦ
504 4818 763 4894 δαίμονος
809 4821 886 4883 εἷς
942 4820 1170 4898 ἔσχατον
1228 4821 1359 4895 ᾅδου
1414 4825 1503 4880 καὶ
1555 4823 1797 4892 ἀσεϐείας
1827 4827 1956 4902 ἔξω·

320 4910 517 4982 σμένον
567 4911 654 4963 καὶ
733 4909 1185 4986 κατερῥιμμένον,
1256 4913 1353 4968 οὑκ
1422 4913 1645 4989 ἤνεγκεν
1704 4918 1802 4986 τήν
1859 4923 1956 4972 τοῦ

319 4996 619 5072 ἀλάστορος
676 4997 938 5072 τυράννου
997 4995 1179 5074 ὕϐριν,
1235 5002 1325 5055 καὶ
1382 5007 1478 5056 τοῦ
1535 5001 1955 5077 πεπλανημένου

322 5085 612 5155 ἀνθρώπου
643 5086 1061 5161 ἀπηλπισμένην
1115 5089 1410 5147 ἀπώλειαν.
1443 5089 1624 5164 Οἴκτῳ
1657 5089 1715 5146 δὲ
1747 5093 1959 5165 μᾶλλον

383 5177 412 5188 υ

316 5177 416 5228 τοῦ
446 5171 591 5229 ῗδίου
620 5171 906 5230 ἀναλαϐὼν
937 5178 1272 5250 ποιήματος,
1333 5178 1382 5251 ἐξ
1439 5179 1809 5255 ἀπειρογάμου
1838 5183 1955 5237 νεά-

394 5340 439 5375 ²¹
471 5343 678 5413 Ephes.
712 5361 786 5413 v1,
820 5349 905 5398 12.

394 5508 507 5649 ἓ79ξ
537 5515 775 5583 Legero,
806 5512 1251 5585 κατανοήσωμεν.

418 5581 485 5633 80
530 5583 700 5649 Apud
731 5584 1032 5649 Basilium,
1058 5585 1234 5649 χωρὶς

418 5581 506 5674 ἓρὶ
530 5581 700 5674 s99}!
722 5581 1037 5674 Basiliam;
1058 5581 1234 5674 χώεῖς
1259 5581 1532 5674 διαξγμθδν
1563 5586 1738 5674 Nec
1766 5589 1959 5674 τινὸς,

322 5649 505 5722 χωρὶς
537 5649 829 5728 μαστίγων,
879 5657 986 5708 τῶν
1017 5649 1242 5726 -άῦτῶν,
1304 5649 1490 5720 αὐτοῖς
1518 5649 1742 5730 ’μῖσθῶν
1788 5649 1957 5732 ἠξιωλ

2063 4653 2360 4708 fabricatis
2392 4654 2735 4724 expertique
2761 4670 2968 4707 sensus
2995 4652 3261 4706 materia}
3284 4651 3505 4704 cultum
3527 4648 3695 4702 adhi-

2064 4742 2248 4810 heret,
2279 4747 2452 4812 atque
2483 4759 2518 4796 a
2547 4743 2910 4813 nequissimo
2943 4747 3000 4795 et
3029 4741 3327 4795 desertore
3350 4739 3614 4792 dwmone
3634 4737 3694 4789 in

2065 4836 2387 4885 extremam
2420 4831 2658 4898 inferni,
2687 4836 2748 4886 et
2774 4830 3092 4901 impietatis
3123 4829 3347 4882 foveam
3389 4826 3694 4880 detrusum

2066 4924 2124 4972 et
2152 4919 2479 4990 projectum
2506 4936 2520 4984 ;
2553 4919 2763 4973 nefarii
2795 4917 3031 4990 tyranni
3072 4916 3354 4988 injuriam
3384 4930 3504 4968 non
3536 4913 3689 4982 tulit,

2066 5023 2175 5062 nec
2188 5007 2555 5078 desperatam
2569 5007 2796 5079 decepti
2811 5007 3068 5062 hominis
3081 5005 3468 5077 perditionem
3481 5004 3704 5068 .Quam-

2067 5097 2268 5153 obrem
2291 5103 2356 5151 ut
2384 5104 2666 5152 creaturas
2699 5114 2818 5152 sua)
2841 5097 3246 5168 opitularetur,
3272 5111 3342 5148 ex
3372 5092 3570 5163 puella
3590 5108 3698 5146 nu-

2068 5185 2269 5257 ptialis
2299 5203 2650 5257 congressus
2677 5186 2877 5241 nescia
2905 5189 3272 5255 assumptum
3292 5181 3478 5236 vellus
3508 5180 3696 5234 bonus

2072 5540 2250 5662 μεῖἕῧ
2275 5593 2475 5662 Basil.,
2509 5595 2666 5648 Hom.
2698 5593 2758 5647 in
2787 5594 2856 5645 40
2883 5596 3111 5660 martyr.
