4042 6154
376 379 480 435 787

1646 374 1705 428 Β.
1745 367 2049 425 JOANNIS
2086 362 2501 418 DAMASCENI

3655 359 3766 417 788

383 508 510 578 ipse
555 507 764 560 Pastor
793 502 1006 573 induit,
1041 501 1468 574 seductumque
1492 495 1654 554 illius
1692 493 1885 568 specie
1917 493 2015 548 ad-

2134 485 2278 546 νιδος
2309 485 2370 540 τὸ
2402 482 2596 542 κώδιον
2626 487 2654 542 δ
2687 487 2903 559 Ποιμήν
2962 487 2990 540 ὁ
3046 483 3215 547 καλὸς
3268 485 3571 557 περιεθετο,
3603 480 3672 536 δι’
3699 484 3764 538 οῦ

385 597 731 662 versarium,
775 601 833 649 et
880 611 1050 649 cruce
1103 597 1522 663 expugnatum,
1575 585 1908 660 tyrannide,
1953 588 2021 637 ut

379 687 608 758 justum
642 690 785 752 erat,
820 685 994 754 ejecit
1023 700 1035 748 ;
1068 688 1271 752 utpote
1295 681 1393 750 qui
1417 697 1522 751 per
1545 692 1835 733 summam
1863 675 2016 745 inju-

384 777 556 841 riam,
587 780 837 828 mortem
868 771 942 826 ad
976 771 1264 824 ultionem
1297 769 1521 840 peccati.
1555 767 1872 829 decretam,
1914 761 2017 816 ad-

385 880 587 918 versus
619 862 788 916 illum
819 861 1201 925 instruxerat,
1236 858 1336 928 qui
1387 874 1421 912 a
1467 861 1704 928 peccato
1737 851 2019 908 immunis

387 957 558 1008 esset.
590 953 715 1005 1Non
746 950 905 1004 enim
938 949 1146 1004 mortis
1176 963 1360 1017 parum
1381 952 1438 1000 et
1467 945 1738 998 vindictae
1771 945 1896 997 erat
1915 938 2022 994 ob-

385 1041 618 1107 noxius,
651 1039 750 1110 qui
782 1042 1088 1111 peccatum
1118 1036 1364 1091 minime
1394 1037 1745 1105 gustaverat.

457 1150 509 1202 5.
528 1145 920 1212 Quamobrem
943 1145 1042 1200 ille
1062 1144 1160 1216 qui
1180 1144 1399 1216 injuste
1421 1142 1724 1197 hominem
1748 1138 2019 1212 peremit,

384 1234 642 1290 vicissim
669 1234 793 1305 ipse
817 1233 952 1305 jure
975 1232 1357 1306 perimendus
1380 1231 1510 1298 erit,
1532 1235 1588 1284 et
1608 1246 1752 1301 quas
1771 1228 2020 1300 conqui-

385 1325 562 1380 sierat
580 1339 720 1393 opes
738 1321 1062 1376 amissurus
1083 1327 1188 1377 est.
1205 1321 1370 1375 Illius
1386 1319 1605 1373 etenim
1620 1317 2018 1389 interemptio,

380 1410 688 1484 potestatis
711 1409 952 1464 amissio
976 1415 1034 1464 et
1055 1408 1267 1481 ejectio
1295 1412 1421 1463 est:
1445 1407 1781 1462 dmmonum
1804 1405 2020 1477 quippe

385 1516 569 1572 genus
604 1497 942 1552 immortale
975 1497 1278 1552 conditum
1310 1513 1342 1550 a
1373 1497 1488 1550 Deo
1521 1494 1647 1549 fuit.
1682 1494 1791 1549 Sed
1825 1498 1881 1548 et
1912 1494 2021 1549 Do-

387 1589 585 1643 minus
617 1603 731 1658 quo
763 1601 971 1658 passus
1003 1591 1092 1640 est
1123 1591 1409 1657 tempore,
1443 1583 1670 1640 aiebat:
1711 1584 2024 1653 Veniprin-

386 1694 508 1746 ceps
537 1676 728 1729 mundi
759 1675 940 1746 hujus,
966 1681 1017 1730 et
1049 1677 1107 1727 in
1133 1690 1216 1727 me
1240 1689 1348 1727 non
1375 1675 1612 1726 inveniet
1629 1672 1929 1742 quidquam
1951 1670 2018 1725 "z

388 1765 501 1820 hoc
533 1769 620 1818 est
652 1763 884 1818 nullum
915 1778 1156 1835 germen
1181 1778 1383 1816 eorum
1415 1777 1544 1832 qum
1567 1759 1894 1825 seminavit,
1921 1763 2024 1814 aut

2128 575 2218 628 τὸν
2252 571 2517 629 ἀντίδικον
2549 571 2826 645 δελεάσας,
2873 575 2962 630 καὶ
3010 574 3088 647 τῷ
3139 575 3352 648 σταυρῷ
3391 576 3766 649 καταγωνισά-

2131 683 2307 735 μενος,
2343 660 2563 724 δικαίως
2613 670 2713 732 τῆς
2765 661 3076 736 τυραννίδος
3131 658 3481 732 ἐκϐέϐληκεν,
3543 663 3618 723 ὡς
3646 659 3767 716 ἀδί-

2127 771 2237 814 κως
2263 755 2342 822 τῷ
2377 753 2642 827 ἁμαρτίας
2671 753 2904 827 ἀπείρῳ,
2935 753 3050 806 καθ’
3082 749 3147 819 ἤν
3203 753 3231 806 ὁ
3288 751 3512 811 θάνατος
3545 752 3765 823 ὥριστο,

2125 840 2214 893 τὸν
2251 840 2476 902 θάνατον
2527 838 2916 917 ἐφοπλίσαντα.
2975 839 3050 897 Ού
3111 840 3210 915 γάρ
3271 838 3498 903 θανάτου
3527 837 3774 902 εὐθύναις

2126 925 2215 982 καὶ
2273 925 2570 998 ἐπιτιμίοις
2657 927 2926 1000 ὑπέκειτο,
2988 927 3017 982 ὁ
3087 927 3352 1001 ἁμαρτίας
3437 925 3772 981 παντάπασιν

2128 1011 2405 1088 ἄγευστος.

2199 1125 2255 1177 ε’.
2307 1120 2362 1172 Ὀ
2416 1117 2592 1176 τοίνυν
2650 1125 2843 1176 τοῦτον
2901 1118 3104 1184 ἀδίκως
3160 1120 3468 1195 ἀνῃρηκὼς,
3546 1117 3770 1183 ἐνδίκως

2127 1208 2652 1285 ἀνταναιρεθήσεται,
2711 1210 2799 1266 καὶ
2860 1209 2920 1264 οὗ
2979 1209 3234 1280 ἐκέκτητο
3279 1205 3546 1277 πλούτου,
3579 1231 3774 1285 στερη-

2129 1302 2367 1370 θήσεται.
2427 1301 2670 1358 Έκείνου
2741 1303 2840 1378 γάρ
2929 1300 3218 1374 ἀναίρεσις,
3276 1301 3311 1369 ἡ
3378 1303 3477 1368 τῆς
3532 1300 3774 1370 ἐξουσίας

2127 1389 2268 1447 ἐστὶν
2300 1385 2504 1459 ἐκϐολὴ
2563 1391 2652 1447 καὶ
2707 1389 2992 1453 ἔκπτωσις·
3053 1390 3314 1444 ἀθάνατον
3345 1391 3449 1465 γάρ
3479 1392 3541 1444 τὸ
3575 1389 3776 1464 δαιμό-

2126 1500 2238 1534 νιον
2273 1477 2443 1556 φῦλον
2497 1479 2598 1534 ὑπὸ
2653 1482 2749 1533 τοῦ
2806 1477 3033 1534 Κτίστου
3095 1475 3776 1552 δεδημιούργηταιλίαῆ

2128 1567 2328 1640 Κύριος
2378 1567 2478 1642 γάρ
2540 1568 2686 1642 παρά
2742 1567 2833 1622 τὸν
2890 1571 2987 1622 τοῦ
3043 1566 3247 1629 πάθους
3305 1567 3490 1640 καιρὸν
3524 1562 3776 1644 ἔφασκενο

2128 1657 2386 1731 Ἔρχεται
2446 1658 2630 1731 ἅρχων
2687 1659 2784 1710 τοῦ
2837 1656 3049 1728 κόσμου
3107 1655 3326 1724 τούτου,
3383 1657 3472 1710 καὶ
3533 1655 3584 1710 ἐν
3646 1655 3777 1728 ἐμοὶ

2128 1743 2344 1813 εύρήσει
2423 1741 2597 1798 οὐδὲν·
2672 1745 2938 1813 τουτέστι,
2995 1748 3100 1799 τῶν
3179 1742 3384 1798 ἐκείνου
3444 1743 3774 1819 σπερμάτων

392 1852 616 1923 peccati
631 1833 960 1924 vestigium,
977 1849 1349 1915 autodorem,
1366 1848 1699 1906 autumbrzn
1720 1847 2023 1902 indicium.

2134 1835 2420 1908 γεώργιον,
2454 1833 2489 1903 ἢ
2522 1833 2787 1910 ἁμαρτίας
2819 1833 2994 1910 ἴχνος,
3026 1834 3059 1902 ἢ
3096 1834 3294 1906 ὀσμὴν,
3398 1833 3776 1906 ἀποσκίασμα.

392 1941 560 2008 Nam,
595 1945 660 1993 ut
688 1957 822 1995 cum
854 1939 1145 2011 propheta
1161 1937 1406 2010 loquar:
1439 1939 1726 1992 Peccatum
1746 1952 1853 1990 non
1872 1937 2028 2005 fecit,

392 2045 488 2082 nec
518 2029 670 2082 dolus
698 2027 946 2082 inventus
979 2033 1053 2080 est
1084 2029 1141 2081 in
1173 2043 1263 2080 ove
1289 2027 1406 2096 ejus
1422 2024 1485 2080 ’³.
1511 2026 1794 2091 Quocirca
1815 2025 2028 2079 iterum

393 2116 628 2170 dicebat
663 2131 676 2168 :
711 2117 861 2169 Nunc
903 2115 1180 2183 judicium
1211 2121 1286 2167 est
1335 2113 1546 2179 mundi,
1594 2129 1738 2166 nunc
1769 2113 2029 2182 princeps

393 2203 556 2271 hujus
604 2203 796 2256 mundi
845 2204 1099 2272 ejicietu-r
1142 2205 1300 2269 foras
1348 2199 1432 2268 IM;
1484 2201 1603 2255 sive
1654 2199 2027 2272 tyrannidem

399 2291 651 2357 amittet,
687 2295 745 2343 et
771 2288 1202 2345 amandabitur.
1237 2288 1548 2360 Suaigitur
1572 2289 2024 2354 resurrectione,

383 2378 644 2432 humana
675 2393 870 2434 massa
904 2383 1198 2449 reparata,
1228 2382 1461 2431 sanctos
1485 2375 1762 2449 deinceps
1792 2382 2027 2450 aposto-

400 2467 490 2522 los
510 2467 569 2521 in
592 2466 849 2520 universi
873 2471 1162 2520 terrarum
1187 2464 1345 2519 orbis
1370 2465 1504 2520 linis
1527 2466 1762 2534 emittit,
1783 2471 1844 2520 ut
1877 2465 2026 2520 salu-

384 2561 572 2610 tarem
607 2555 1091 2627 praedicationem
1115 2553 1454 2609 hominibus
1483 2555 1858 2618 annuntient,
1883 2561 1939 2608 et
1954 2553 2027 2608 ad

392 2660 566 2698 suum
597 2642 888 2698 reducant
918 2648 1241 2709 auctorem,
1283 2642 1652 2715 Spiritusque
1703 2642 2026 2715 fulgoribus

388 2732 711 2802 impietatis
746 2731 1016 2786 tenebras
1055 2729 1397 2800 dissolvant,
1447 2747 1706 2785 errorem
1749 2731 2028 2787 extermi-

390 2821 867 2888 nent,veritatem
884 2819 1153 2874 doceant.
1170 2818 1332 2885 Inde,
1355 2819 1853 2890 quemadmodum
1875 2820 2026 2892 ignis

390 2909 801 2980 copiosissima
841 2907 1324 2979 amplissimaque
1356 2907 1649 2978 lignorum
1682 2914 1841 2963 strue
1889 2927 2026 2964 cor-

390 3003 576 3068 cepta,
611 2997 924 3051 celerrime
955 2996 1261 3051 elatiorem
1312 2996 1372 3049 in
1405 2996 1703 3051 flammam
1748 2999 2024 3069 exsurgit,

390 3085 626 3155 aliaque
659 3101 727 3138 ex
760 3084 891 3138 aliis
923 3083 1112 3138 vicina
1143 3084 1498 3154 depascitur,
1520 3101 1712 3154 neque
1734 3085 1883 3140 lucis
1907 3103 2025 3140 sum

390 3174 506 3227 vim
559 3175 622 3226 in
651 3172 803 3226 898
853 3171 1067 3243 angulo
1117 3176 1313 3245 potest
1360 3171 1595 3235 abdere,
1648 3171 1748 3226 sed
1797 3174 2025 3228 cunctis

385 3261 561 3316 etiam
587 3259 1000 3314 remotissimis
1029 3259 1411 3330 conspicuam
1435 3259 1626 3314 reddit
1651 3276 1663 3312 :
1689 3259 1771 3315 sic
1794 3261 2024 3316 divinus

384 3349 484 3403 ille
520 3349 693 3419 ignis,
726 3364 902 3417 quem
933 3353 998 3401 ut
1041 3348 1303 3402 mitteret
1349 3348 1410 3403 in
1457 3353 1696 3418 terram,
1747 3349 2025 3404 Dominus

391 3451 570 3507 supra
601 3441 815 3488 terram
843 3433 1110 3488 ascendit
1146 3432 1213 3502 25,
1248 3433 1368 3504 ille,
1403 3434 1669 3506 inquam,
1702 3435 1801 3507 qui
1848 3452 2020 3492 omne

383 3529 716 3595 peccatum,
739 3538 1093 3592 omnemque
1111 3538 1355 3594 pravum
1375 3527 1744 3577 etterrenum
1758 3522 2025 3579 habitum

387 3617 445 3665 et
475 3611 846 3666 affectionem
865 3610 1124 3666 absumit
1153 3616 1212 3664 et
1239 3609 1456 3680 abolet,
1480 3626 1585 3682 per
1605 3611 1903 3682 apostolos
1927 3628 2022 3667 eo-

390 3717 640 3772 rumque
675 3715 1066 3765 successores,
1098 3699 1158 3753 in
1181 3699 1492 3754 hominum
1523 3700 1752 3756 animos
1779 3700 2025 3756 commi-

387 3806 562 3862 grans
589 3807 603 3856 ;
629 3806 727 3844 eos
750 3788 989 3858 quidem
1015 3793 1304 3860 quotquot
1324 3788 1488 3842 lenes
1507 3793 1675 3842 erant
1695 3788 2022 3861 mollesque

387 3884 446 3933 et
466 3877 868 3932 reformationi
900 3875 1121 3940 idonei,
1155 3892 1445 3946 suumque
1476 3882 1800 3945 auctorem,
1846 3883 2022 3948 atque

395 3983 428 4021 a
457 3967 788 4036 captivitate
819 3965 912 4020 cui
944 3964 1164 4019 addicti
1205 3970 1394 4032 erant,
1439 3965 1876 4036 redemptorem
1925 3983 2020 4021 ex-

389 4053 754 4125 spectabant,
786 4052 1095 4107 confestim
1127 4052 1409 4106 abstersis
1431 4059 1806 4125 peccatorum
1831 4054 2016 4108 sordi-

386 4143 498 4197 bus
529 4147 588 4196 et
617 4142 970 4209 emundatis,
1005 4140 1252 4207 divinos,
1286 4139 1516 4195 lucidos
1549 4145 1607 4193 et
1635 4141 1826 4195 claros
1859 4141 2024 4196 ador-

387 4230 546 4285 navit
570 4245 583 4298 ;
610 4229 744 4282 illos
773 4235 967 4283 autem
992 4228 1090 4300 qui
1116 4228 1436 4300 impietatis
1459 4228 1654 4284 labem
1672 4229 1787 4284 alte
1810 4229 2022 4284 hause-

388 4324 543 4382 rant,
577 4334 642 4371 ac
671 4317 1149 4386 vespertilionum
1180 4333 1366 4385 more,
1410 4334 1482 4371 ne
1515 4317 1750 4373 lucente
1783 4318 2024 4390 quidem

388 4407 511 4462 sole
543 4405 663 4460 suis
691 4406 956 4477 ipsorum
991 4405 1179 4459 oculis
1220 4405 1535 4459 micantem
1572 4405 1763 4461 lucem
1819 4407 2024 4461 inferri

390 4495 779 4562 sustinebant,
813 4493 913 4548 sed
943 4493 1003 4547 in
1046 4492 1304 4547 tenebris
1334 4499 1614 4564 perpetuo
1660 4510 1828 4564 agere
1881 4500 1937 4549 et
1964 4496 2025 4550 in

2134 1921 2425 1999 Ἀμαρτίαν
2485 1922 2582 2002 γάρ
2644 1921 2743 1978 ούκ
2817 1921 3088 1993 ἐποίησεν,

2137 2009 2260 2066 ούδέ
2318 2009 2480 2076 δόλος
2535 2010 2722 2086 εὗρέθη
2783 2010 2834 2066 ἐν
2891 2015 2970 2084 τῷ
3029 2010 3254 2084 στόματι
3313 2012 3497 2066 αὐτοῦ.
3557 2013 3652 2066 Διὸ
3681 2013 3780 2066 καὶ

2134 2101 2297 2157 πάλιν
2331 2099 2531 2177 ἔλεγεν,
2580 2105 2690 2156 Νῦν
2746 2102 2922 2177 κρίσις
2969 2106 3064 2156 τοῦ
3119 2099 3326 2174 κόσμου
3377 2099 3572 2155 τούτου
3606 2100 3777 2156 ἐστίν·

2134 2193 2220 2243 νῦν
2265 2190 2291 2244 ὁ
2333 2187 2518 2266 ἅρχων
2574 2192 2670 2245 τοῦ
2723 2186 2932 2263 κόσμου
2987 2188 3183 2246 τούτου
3215 2186 3615 2260 ἐκϐληθήσεται
3650 2187 3782 2264 ἔξω,

2134 2277 2410 2350 ἤτοι,τῆς
2458 2275 2771 2354 τυραννίδος
2830 2279 3155 2347 ἐκπεσεῖται,
3209 2279 3297 2334 καὶ
3359 2282 3782 2351 μεταστήσεται.

2138 2369 2232 2423 Διά
2287 2370 2383 2435 τῆς
2439 2368 2627 2422 ἑαυτοῦ
2682 2365 2970 2444 τοιγαροῦν
3032 2366 3364 2430 ἀναστάσεως
3414 2368 3475 2422 τὸ
3507 2370 3783 2440 ἡμέτερον

2137 2457 2496 2518 ἀνασκευάσας
2525 2457 2615 2511 καὶ
2659 2458 3097 2530 ἀνανεωσάμενος
3143 2459 3384 2532 φύραμα,
3441 2457 3566 2520 τοὺς
3596 2457 3787 2528 ἱεροὺς

2136 2544 2328 2602 λοιπὸν
2360 2544 2703 2604 ἀποστόλους
2734 2546 2868 2600 κατά
2923 2547 3099 2619 πάσης
3134 2545 3399 2618 ἐκπέμπει
3430 2553 3529 2614 τῆς
3583 2547 3784 2600 οἱκου-

2139 2634 2304 2710 μένης
2323 2633 2390 2689 τά
2417 2635 2640 2707 πέρατα,
2685 2635 2747 2690 τὸ
2782 2635 3050 2709 σωτήριον
3093 2640 3212 2697 τοῖς
3267 2634 3486 2710 βροτοῖς
3517 2630 3784 2710 διαγγέλ-

2136 2721 2328 2784 λοντας
2358 2724 2636 2799 κηρυγμα,
2667 2723 2756 2778 καὶ
2798 2724 2933 2799 πρὸς
2987 2721 3080 2777 τὸν
3136 2720 3271 2776 ἴδιον
3304 2724 3540 2792 ποιητὴν
3574 2721 3784 2776 ἐπανά-

2134 2832 2349 2886 γοντας,
2381 2812 2470 2865 καὶ
2499 2817 2599 2880 τῆς
2645 2808 2825 2875 ἀθεΐας
2881 2811 2970 2865 τὸν
3031 2810 3220 2867 σκότον
3250 2816 3366 2873 τοῖς
3397 2815 3496 2866 τοῦ
3529 2811 3781 2884 πνεύμα-

2132 2919 2224 2959 τος
2254 2897 2628 2974 ἀμαρύγμασιν
2690 2895 3027 2967 διαλύοντας,
3087 2899 3176 2952 καὶ
3233 2900 3331 2966 τὴν
3388 2895 3598 2968 πλάνην
3653 2899 3781 2969 ἐξα-

2135 2985 2469 3066 φανίζοντας,
2517 2986 2606 3039 καὶ
2665 2985 2987 3063 Θεογνωσίαν
3063 2983 3426 3050 διδάσκοντας.
3496 2985 3777 3051 Ἐντεῦθεν

2135 3073 2313 3149 ὥσπερ
2371 3073 2702 3146 πολυξύλου,
2760 3073 2849 3128 καὶ
2930 3073 3408 3153 ἀμφιλαφεστάτης
3467 3074 3605 3144 ὕλης
3663 3081 3779 3153 πῦρ

2133 3157 2576 3237 ἐπιδραξάμενον,
2633 3164 2869 3236 τάχιστα
2925 3161 3000 3224 εἰς
3059 3162 3370 3237 ἐπηρμένην
3415 3162 3590 3242 φλόγα
3620 3163 3786 3218 ἐπαί-

3175 1927 3525 2000 προιρητικῶς
3580 1923 3778 1992 εἰπεῖν,

2261 3222 2270 3237 .
2339 3222 2352 3231 .
2396 3222 2406 3234 .
2563 3222 2574 3229 ι
2707 3222 2743 3236 ,ι
2988 3222 2996 3224 -
3327 3222 3338 3234 .
3426 3222 3436 3242 .
3537 3222 3548 3238 .

2056 3222 2098 3286 C
2134 3249 2421 3324 ρεται,καῖ
2455 3248 2530 3314 εἷς
2581 3249 2647 3305 τά
2702 3258 2950 3329 προσεχῆ
3016 3249 3388 3327 μεταϐατικῶς
3447 3250 3780 3310 διαδίδοταιο

2130 3338 2218 3392 καὶ
2249 3339 2348 3406 τήν
2382 3335 2729 3409 Λαμπηδόνα,
2788 3338 2876 3394 καὶ
2936 3339 3198 3416 ἐνέργειαν
3258 3342 3359 3396 οὐκ
3409 3341 3459 3396 ἐν
3490 3347 3567 3413 τῷ
3596 3362 3786 3417 παρα-

2132 3423 2312 3499 ϐύστῳ
2363 3427 2610 3502 κατέχειν
2673 3425 2913 3500 δύναται,
2974 3428 3100 3484 ἀλλ’
3158 3427 3395 3500 ἔκδηλον
3454 3431 3640 3497 ἅπασι,
3682 3432 3784 3487 καὶ

2129 3521 2246 3579 τοῖς
2303 3517 2508 3588 μακρὰν
2569 3516 2976 3589 ἀπῳκισμένοις
3049 3516 3388 3587 καθίσσησιν.
3452 3517 3644 3581 Οὕτως
3701 3517 3780 3593 δὴ

2132 3603 2325 3660 λοιπὸν
2358 3605 2447 3659 καὶ
2476 3603 2537 3658 τὸ
2569 3609 2710 3667 θεῖον
2743 3607 2870 3678 πῦρ,
2905 3605 2934 3660 8
2967 3603 3152 3680 βαλεῖν
3207 3605 3293 3660 ἐπὶ
3331 3613 3431 3676 τῆς
3458 3613 3582 3681 γῆς,
3614 3609 3643 3661 ὁ
3673 3615 3785 3677 τῆς

2131 3696 2233 3769 γῆς
2282 3695 2482 3759 ἄνωθεν
2539 3696 2974 3769 καταπεῳοίτηκε
3034 3695 3258 3771 Κύριος,
3317 3695 3379 3750 τὸ
3430 3695 3780 3753 ἀναλωτικὸν

2131 3782 2340 3853 ἀπάσης
2373 3785 2657 3856 ἁμαρτίας,
2702 3784 2789 3838 καὶ
2849 3789 3160 3859 μοχθηρᾶς,
3209 3784 3297 3838 καὶ
3335 3781 3580 3847 ὑλώδοῡς
3609 3782 3781 3858 ἓξεώς

2128 3892 2208 3938 τε,
2237 3873 2323 3927 καὶ
2377 3869 2661 3935 διαθέσεως
2709 3869 2797 3927 διά
2844 3876 2949 3928 τῶν
3001 3872 3345 3944 ἀποστόλων,
3379 3872 3606 3928 καὶτῶν
3636 3876 3783 3947 τοῖς·

2127 3981 2236 4015 των
2269 3957 2565 4037 διαδόχων,
2617 3961 2691 4023 εἰς
2737 3961 2838 4016 τάσ
2883 3960 3222 4035 ἀνθρωπίνας
3253 3955 3528 4016 διαϐαῖνυν
3561 3963 3776 4038 ψυχάς.

2131 4049 2232 4108 Καὶ
2263 4051 2356 4112 τάς
2392 4052 2508 4124 μὲν,
2565 4051 2684 4107 ’ὀσαι
2742 4049 2886 4105 λεῖαί
2944 4071 3002 4104 τε
3055 4051 3215 4120 ἦσαν,
3265 4053 3353 4107 καὶ
3411 4051 3640 4120 ἀπαλαί,
3681 4053 3779 4108 καὶ

2129 4139 2263 4215 πρὸς
2296 4139 2594 4195 ἀνάπλασιν
2626 4135 2954 4209 ἐπιτήδειαι,
3013 4139 3103 4193 καὶ
3158 4139 3248 4194 τὸν
3299 4143 3500 4196 ἑαυτῶν
3533 4144 3779 4212 ποιητὴν

2129 4228 2216 4282 καὶ
2253 4225 2533 4305 λυτρωτὴν
2592 4226 2650 4282 ἐκ
2698 4233 2800 4298 τῆς
2859 4225 3191 4303 συνεχούσης
3237 4227 3626 4305 αἰχμαλωσίας
3656 4230 3783 4285 ἐπι-

2133 4317 2415 4384 ποθοῦσαι,
2476 4316 2561 4371 καὶ
2624 4316 3005 4389 ἀναμένουσαι,
3055 4316 3248 4372 αὐτίκα
3295 4324 3393 4386 τῆς
3435 4323 3540 4371 τῶν
3593 4320 3782 4392 ἀμαρ-

2130 4406 2388 4478 τημάτων
2465 4402 2694 4476 κηλίδος
2781 4406 3132 4480 ἆποσμῆχον,
3217 4407 3302 4460 καὶ
3391 4407 3777 4480 ἀνακαοαῖρον,

2133 4491 2404 4561 Θεοειδεῖς,
2436 4495 2524 4547 καὶ
2585 4494 2866 4566 φωτεινάς,
2926 4492 3014 4547 καὶ
3075 4493 3330 4570 λαμπράς
3361 4495 3774 4568 ἀπετόρνευσεν·

395 4601 560 4640 emno
593 4581 841 4637 volutari
883 4581 1236 4645 maluerant,
1287 4587 1548 4636 extremo
1592 4581 1878 4653 gehennay
1913 4583 2023 4656 igni

2135 4581 2260 4644 τοὺς
2293 4579 2349 4636 δὲ
2379 4602 2439 4658 γε
2469 4582 2603 4635 κατά
2658 4578 2825 4656 βάθος
2876 4577 3231 4656 δεδεγμένους
3261 4582 3358 4650 τὴν
3391 4590 3491 4650 τῆς
3521 4578 3770 4644 ἀσεϐείας

391 4675 634 4741 addixit,
657 4689 764 4729 ceu
790 4671 890 4746 qui
914 4675 1122 4745 sponte
1144 4670 1556 4727 insanabiliter
1572 4670 1840 4728 laborare
1864 4673 2024 4746 cupi-

388 4765 599 4819 verint.

2137 4670 2399 4732 ἑκουσίως
2456 4669 2743 4740 ποιότητα,
2799 4670 2888 4726 καὶ
2946 4667 3273 4744 νυκτερίδων
3316 4667 3473 4741 δίκην
3509 4675 3646 4744 μήτε
3677 4675 3774 4726 τοῦ

2134 4757 2300 4829 ἡλίου
2331 4759 2650 4833 λάμψαντος
2700 4757 2762 4812 τὸ
2821 4757 3018 4835 φέγγος
3076 4763 3190 4820 τοῖς
3234 4759 3433 4817 ἑαυτῶν
3467 4757 3775 4836 ὀφθαλμοῖς

394 4850 763 4926 βουλομένους
816 4844 1174 4923 εἰσδέχεσθαι,
1232 4843 1360 4902 ἀλλ’
1425 4842 1478 4902 ἐν
1537 4845 1714 4902 σκότει
1770 4842 1994 4924 διάγειν,
2047 4847 2136 4903 καὶ
2192 4851 2270 4919 τῷ
2329 4841 2582 4924 βορϐόρῳ
2667 4842 3100 4920 ἐγκαλινδεῖσθαι
3161 4843 3426 4917 διηνεκῶς
3479 4867 3776 4927 προαιρουο

389 4938 604 5016 μένους,
633 4941 712 5011 τῷ
733 4933 1029 5008 τελευταίῳ
1057 4941 1155 5004 τῆς
1185 4933 1402 5011 γεέννης
1432 4936 1561 5011 πυρὶ
1591 4937 1961 5013 παρέπεμπεν,
1995 4935 2068 5000 ὡς
2101 4935 2290 4991 ἀνίατα
2317 4940 2489 4992 νοσεῖν
2520 4933 2842 4998 ἐθελουσίως
2872 4935 3242 5006 ποθήσαντας.

455 5070 507 5124 6.
545 5068 760 5121 Verum
792 5063 1083 5132 ejusmodi
1114 5061 1364 5119 nonfuit
1393 5063 1796 5120 celeberrimas
1819 5063 2030 5120 Barba-

378 5176 459 5213 τω
481 5152 912 5212 sacratissimus
925 5151 1352 5221 acpurissimus
1368 5153 1623 5208 animus.
1661 5153 1815 5218 Quin
1834 5153 2028 5222 potius

383 5247 519 5302 ﬁdei
547 5241 861 5314 splendore
894 5245 1189 5310 suscepto,
1218 5245 1275 5292 et
1299 5240 1557 5295 tenebris
1583 5257 1716 5295 cum
1747 5241 1878 5294 luce
1901 5240 2022 5295 col-

384 5335 542 5394 latis,
559 5333 916 5385 immensum
934 5329 1196 5381 intereas
1217 5327 1535 5382 discrimen
1559 5329 1951 5398 comperiens,
1971 5333 2028 5382 et

386 5426 672 5496 quantum
704 5417 805 5471 Dei
851 5415 1060 5469 notitia
1104 5415 1396 5470 idolorum
1443 5415 1627 5470 erorri
1679 5421 1737 5469 et
1784 5416 2021 5486 caligini

389 5507 790 5573 antecelleret,
824 5505 1039 5570 statim,
1074 5519 1182 5557 ceu
1205 5509 1359 5558 terra
1381 5503 1535 5558 bona
1558 5508 1615 5558 et
1635 5503 1890 5575 pinguis,
1914 5519 2024 5558 caa-

2209 5067 2267 5131 ζ.
2301 5061 2459 5118 Ἀλλ’
2517 5059 2579 5116 οὐ
2634 5057 2857 5129 τοιαύτη
2915 5065 3018 5128 τῆς
3085 5062 3443 5136 πανευφήμου
3504 5062 3779 5134 μάρτυρος

2136 5145 2418 5226 Βαρϐάρας
2450 5151 2484 5218 ἡ
2530 5147 2782 5224 πανίερος
2835 5147 2924 5204 καὶ
2982 5150 3337 5223 καθαρωτάτη
3397 5151 3574 5223 ψυχὴ,
3631 5147 3778 5204 δεδε-

2133 5240 2304 5314 γμένη
2341 5235 2397 5291 δὲ
2430 5236 2642 5308 μᾶλλον
2670 5237 2766 5304 τήν
2800 5234 3000 5310 αἴγλην
3041 5243 3143 5305 τῆς
3169 5237 3417 5305 πίστεως,
3450 5237 3539 5291 καὶ
3569 5239 3632 5292 τὸ
3663 5243 3776 5315 φῶς

2132 5330 2211 5396 τῷ
2239 5328 2386 5403 ζόφῳ
2417 5323 2762 5400 συγκρίνασα,
2818 5323 2909 5377 καὶ
2965 5324 3026 5377 τὸ
3085 5324 3410 5400 ἀσύγκριτον
3453 5325 3575 5380 ὅσον
3614 5327 3776 5400 ὑπερ-

2134 5421 2339 5486 οχικῶς
2397 5410 2606 5483 ἱδοῦσα,
2677 5406 2977 5481 κεκτημένη
3066 5413 3165 5480 τήν
3257 5417 3399 5476 θείαν
3487 5413 3771 5488 ἐπίγνωσιν

2129 5500 2265 5576 πρὸς
2321 5503 2420 5570 τὴν
2470 5501 2576 5554 τῶν
2641 5496 3028 5574 βδελυγμάτων
3087 5498 3294 5573 πλάνην
3348 5499 3439 5555 καὶ
3497 5500 3768 5569 σκότασιν,

3066 5413 3165 5480 τήν

462 5670 510 5704 ²²
537 5670 700 5724 Joan.
735 5681 842 5732 XIV,
875 5665 960 5718 30.
995 5662 1042 5697 ³³
1071 5663 1180 5718 Isa.
1215 5680 1265 5734 v,
1300 5666 1352 5730 3,
1384 5667 1436 5720 9.
1469 5665 1514 5698 ²⁴
1541 5666 1704 5719 Joan.
1738 5680 1836 5732 xu,
1868 5665 1954 5717 3i.
1985 5662 2023 5696 ³⁵

2134 5676 2197 5718 lC.
2230 5677 2328 5730 xu,
2359 5662 2447 5716 49·
