4042 6154
347 277 456 335 789

1489 280 1856 337 LAUDATIO
1888 281 1947 335 Β.
1986 278 2343 336 ΒΔΒΒΛΒΒ
2379 279 2600 334 MART.

3625 279 3740 337 790

348 398 504 465 εὐθὺς
535 398 714 480 ὥσπερ
743 405 818 476 γῆ
846 397 990 472 καλή
1020 420 1078 455 τε
1106 401 1195 456 καὶ
1246 400 1405 472 πίων,
1435 400 1526 457 τὸν
1561 401 1809 477 οὐράνιον
1841 398 1956 458 σπό-

2091 399 2226 458 lesti
2254 399 2479 456 semine
2501 399 3219 471 suscepto,mandatorum
3246 402 3622 460 exsecutione
3645 403 3736 461 di-

347 509 441 564 ρον
472 489 881 562 ἀρπάσασα,καὶ
919 489 1194 564 ἐπιμελῶς
1217 494 1287 564 τῇ
1341 489 1558 566 ἇργασίᾳ
1605 495 1712 546 τῶν
1748 487 1983 546 ἰντολῶν

343 579 725 653 γεωργήσασα,
771 576 1210 656 ἐκαρποφόρησεν
1266 578 1344 643 είς
1397 580 1706 654 τριάκοντα,
1763 577 1854 632 καὶ
1913 578 1987 638 εἷς

343 666 625 736 ἑξήκοντα,
674 667 765 720 καὶ
817 667 892 729 εἰς
949 667 1162 736 ὶκατὸν,
1219 663 1501 729 ἀναϐάσεις
1557 667 1608 722 ὶν
1665 671 1734 741 τῇ
1789 664 1988 742 καρδίᾳ

339 755 621 827 τιθεμένη,
665 755 751 809 καὶ
803 754 940 830 πρὸς
994 755 1196 827 ἀρετῶν
1253 751 1622 828 προϐαίνουσα
1645 755 1983 826 τελειότητα.

346 844 519 918 Πέρας
549 840 616 912 δὴ
649 841 767 916 οὖν,
824 845 888 898 τὸ
942 846 1278 919 προφητικὸν
1337 843 1549 917 ἐδέξατο
1609 844 1818 920 λόγιον,
1880 843 1982 901 Καὶ

341 930 742 1002 πλησθήσεται,
802 933 1024 1005 φάσκον,
1081 937 1225 988 πᾶσα
1279 934 1314 1003 ἡ
1371 939 1440 1009 γῆ
1498 937 1597 988 τοῦ
1639 937 1835 1010 γνῶναι
1887 933 1978 989 τὸν

349 1018 568 1093 Κύριον,
620 1020 694 1081 ὡς
751 1016 895 1094 ὕδωρ
957 1019 1099 1076 πολὺ
1157 1023 1270 1093 (82)
1333 1019 1609 1076 καλύπτον
1691 1012 1978 1083 θαλάσσαις⁹

340 1111 454 1162 τῶν
487 1106 651 1162 ἐθνῶν
685 1104 900 1177 δηλαδὴ
956 1110 1025 1163 τά
1071 1111 1406 1181 συστήματα,
1461 1107 1734 1172 θαλάσσας
1785 1129 1980 1185 τροπι-

335 1201 453 1258 κῶς
481 1203 582 1265 τῆς
609 1202 964 1274 προφητικῶς
995 1219 1506 1274 προσαγορευουσης
1535 1201 1786 1275 χάριτος.
1819 1198 1980 1257 Ἀλλ’

336 1285 438 1339 οὐκ
494 1287 718 1358 ἤνεγκεν
780 1287 808 1339 6
867 1285 1159 1362 μισάγαθος
1207 1288 1295 1342 καὶ
1357 1286 1736 1363 φιλοπόνηρος
1767 1285 1977 1360 δαίμων

331 1377 444 1428 τῶν
480 1373 802 1446 σωζομένων
855 1376 956 1443 τήν
997 1374 1212 1444 πληθὺν
1261 1378 1388 1450 ὁρᾷν
1449 1377 1716 1451 ὁσημέραι
1773 1378 1975 1448 προκό-

331 1483 593 1520 πτουσαν.
617 1463 678 1519 Ὁ
706 1462 808 1538 γὰρ
870 1463 923 1517 ἐν
979 1464 1126 1538 ἀρχῇ
1183 1463 1277 1518 τὸν
1310 1462 1490 1537 ’Λδάμ
1523 1465 1656 1537 μετὰ
1677 1472 1777 1534 τῆς
1811 1465 1972 1534 συζύο

330 1573 434 1629 γου
459 1553 729 1628 βασκήνας
756 1555 854 1621 τῆς
886 1551 938 1608 ἐν
969 1551 1281 1628 παραδείσῳ
1338 1552 1643 1630 διαγωγῆς,
1702 1555 1882 1630 σχολῇ
1913 1576 1975 1630 γε

330 1639 394 1696 ἃν
457 1641 726 1716 ἐκαρτέρει
779 1643 874 1703 τὰς
926 1642 1324 1716 ἀναριθμήτους
1383 1641 1664 1718 μυριάδας,
1727 1644 1827 1700 ούκ
1895 1644 1970 1707 είς

2096 488 2344 560 ligenter
2393 488 2643 554 exculta,
2691 488 3057 546 tricesimum
3105 488 3386 555 fructum,
3432 492 3732 562 sexagesi-

2096 593 2397 647 mumque,
2429 593 2497 634 ac
2546 577 2936 634 centesimum
2994 577 3210 645 attulit,
3260 578 3642 635 escensiones
3671 578 3734 636 in

2095 665 2270 720 corde
2301 682 2406 722 suo
2437 665 2512 721 ad
2562 667 2842 722 virtutum
2899 665 3326 736 perfectionem
3380 667 3730 737 provehens.

2093 753 2486 818 Quamobrem
2509 753 2820 824 impletum
2842 753 3080 809 tandem
3113 759 3202 809 est
3233 753 3737 826 propheticumil—

2092 841 2194 897 lud
2207 843 2657 913 oraculum,quo
2681 841 3148 912 diciturzﬂepleta
3169 849 3243 898 est
3259 849 3408 898 terra
3419 842 3735 912 cognitione

2089 933 2342 999 Domini,
2395 933 2554 1001 quasi
2618 946 2766 1000 aqua
2819 931 2994 988 multa
3053 933 3363 1001 cooperiens
3410 933 3590 989 maria
3645 933 3730 999 ²⁶ς

2089 1021 2430 1092 prephetica
2486 1019 2715 1076 scilicet
2742 1019 2928 1091 gratia
2961 1018 3209 1091 ﬁgurato
3242 1035 3420 1076 sensu
3465 1019 3729 1092 gentium

2090 1113 2272 1165 cintus
2304 1109 2388 1164 sic
2409 1107 2764 1179 appellante.
2798 1109 2872 1162 At
2901 1123 3022 1164 non
3054 1107 3190 1163 tulit
3219 1107 3318 1163 ille
3350 1107 3522 1164 bonis
3576 1108 3720 1163 infe-

2088 1201 2213 1254 stus
2246 1203 2304 1252 et
2332 1196 2732 1267 nequissimus
2765 1194 3019 1263 daemon,
3052 1199 3117 1251 ut
3146 1211 3350 1253 eorum
3406 1197 3506 1266 qui
3539 1196 3725 1254 salute

2086 1285 2346 1342 donandi
2367 1289 2583 1353 essent,
2621 1285 2786 1341 novis
2833 1283 3096 1354 quotidie
3153 1284 3593 1341 accessionibus
3623 1301 3726 1339 au-

2083 1379 2420 1446 gescentem
2451 1389 2696 1431 censum
2744 1372 2986 1430 videret.
3044 1373 3151 1438 Qui
3217 1374 3376 1429 enim
3427 1373 3498 1430 ab
3558 1374 3724 1430 initio

2081 1463 2316 1519 felicem
2348 1463 2513 1519 illam
2546 1464 2606 1518 in
2638 1461 2910 1533 paradiso
2959 1462 3092 1517 vitm
3153 1462 3449 1520 rationem
3500 1461 3724 1521 Adamo

2082 1551 2436 1622 conjugique
2468 1551 2775 1618 inviderat,
2808 1550 2992 1606 multo
3020 1550 3238 1614 minus,
3272 1567 3404 1606 cum
3439 1551 3521 1607 sic
3544 1552 3719 1608 innu-

2080 1640 2396 1696 merabiles
2418 1638 2860 1709 myriadas,non
2878 1638 2939 1693 in
2954 1639 3373 1708 aspectabilem
3391 1645 3721 1696 terrenum-

327 1726 657 1802 παράδεισον
691 1728 944 1799 αἶ’σθητὸν
977 1731 1064 1784 καὶ
1098 1731 1354 1806 ἐπίγειον,
1403 1730 1533 1787 ἀλλ’
1589 1732 1662 1794 είς
1721 1733 1956 1812 οὐρανὸν

2084 1745 2197 1800 que
2220 1728 2580 1799 paradisum,
2621 1727 2723 1784 sed
2772 1727 2834 1785 in
2867 1728 3102 1793 cmlum,
3152 1729 3309 1784 unde
3363 1730 3488 1800 ipse
3535 1729 3714 1786 veluti

323 1818 416 1894 ἀφ’
448 1817 614 1890 οὗπερ
646 1817 804 1878 αὐτὸς
851 1817 924 1879 ὡς
972 1815 1223 1891 σιδήρεος
1284 1817 1449 1894 βόλος
1496 1819 1818 1896 ἐξὲῥριπται,
1876 1818 1956 1876 διὰ

2073 1815 2266 1874 ferrea
2293 1817 2481 1872 moles
2512 1817 2812 1888 projectus
2841 1816 3055 1884 fuerat,
3090 1833 3195 1888 per
3243 1818 3422 1873 ﬁdem
3452 1818 3513 1873 in
3545 1817 3714 1873 Chri-

323 1906 559 1969 πίστεως
595 1912 694 1975 τῆς
777 1906 852 1967 είς
925 1908 1150 1982 Χριστὸν
1237 1909 1506 1982 θεώμενος
1562 1906 1959 1972 ἀναϐαίνοντας.

343 1995 644 2064 Εξαιτεῖται
675 1994 851 2049 τοίνυν
874 1995 972 2063 τήν
1033 2001 1222 2070 πεῖραν
1273 1997 1301 2052 6
1356 2000 1672 2074 πειραστής·
1731 2000 1794 2053 ού
1858 1999 1960 2075 γὰρ

320 2076 441 2159 ἔχει
474 2083 548 2154 μὴ
583 2077 875 2155 λαμϐάνων
934 2085 1052 2138 κατ’
1109 2082 1326 2146 ούδενὸς
1373 2087 1473 2155 τὴν
1521 2085 1777 2155 ἐξουσίαν’
1835 2085 1961 2142 ἀλλ’

323 2168 505 2243 ὥσπερ
538 2169 706 2224 πάλαι
737 2169 985 2242 ἀκηκοὼς
1035 2167 1130 2225 τοῦ
1178 2175 1311 2226 Θεοῦ
1361 2175 1440 2244 τῷ
1496 2169 1624 2244 ΐδίῳ
1678 2170 1958 2247 ἑγκαυχω-

329 2257 492 2329 μένου
565 2259 882 2332 θεράποντι,
964 2257 1054 2312 καὶ
1130 2257 1445 2336 φάσκοντος,
1531 2259 1836 2334 Προσὲσχες
1889 2262 1956 2334 τῇ

323 2342 536 2419 διανοίᾳ
592 2366 686 2400 σου
742 2351 820 2418 τῷ
875 2346 1160 2419 θεράποντί
1218 2368 1321 2420 μου
1369 2342 1515 2420 Ἰὼϐ,
1575 2346 1656 2403 ὅτι
1690 2347 1788 2402 οὐκ
1813 2345 1955 2402 εστιν

319 2436 439 2489 κατ’
497 2435 655 2490 αὐτὸν
715 2432 1000 2511 ἅνθρωπος
1073 2434 1161 2490 ἐπὶ
1243 2442 1341 2505 τῆς
1413 2442 1538 2510 γῆς,
1599 2437 1816 2509 ἄκακος,
1874 2435 1956 2492 δί-

322 2543 500 2592 καιος,
557 2522 838 2594 ἀληθινὸς,
925 2517 1202 2594 θεοσεϐὴς,
1260 2523 1603 2600 ἀπεχόμενος
1665 2524 1771 2579 ἀπὸ
1831 2545 1960 2580 παν·-

319 2612 418 2672 τὸς
452 2611 694 2685 πονηροῦ
739 2611 1105 2686 πράγματοςς
1161 2610 1328 2673 Εὐθὺς
1385 2611 1588 2673 ἐκεῖνος
1643 2617 1721 2683 τῷ
1777 2613 1958 2689 φθόνῳ

316 2695 579 2771 πληγεὶς,
611 2698 957 2774 ἀπεκρίνατο,
1163 2697 1368 2774 δωρεὰν
1428 2694 1551 2756 Ἰὼϐ
1606 2703 1695 2753 τὸν
1755 2699 1954 2772 Κύριον

321 2781 536 2840 σὲϐεται
571 2804 584 2854 ;
615 2806 666 2844 κ.
698 2807 747 2845 τ.
801 2807 844 2844 ε.
880 2785 1036 2848 Ἀλλ’
1091 2785 1410 2842 ἂπόστειλόν
1473 2808 1559 2860 με,
1586 2785 1676 2843 ἵνα
1731 2786 1954 2861 ἅψωμαι

315 2877 428 2926 τῶν
491 2878 696 2948 σαρκῶν
755 2874 942 2943 αὐτοῦ,
1000 2872 1054 2928 εἷ’
1102 2876 1177 2947 μὴ
1237 2874 1312 2937 εἰς
1366 2877 1656 2950 πρόσωπον
1715 2874 1950 2951 εὐλογεῖ.

311 2962 454 3017 Εἶτα
488 2962 829 3036 βουλόμενος
860 2969 1022 3017 πᾶσιν
1051 2961 1332 3034 ἀποδεῖξαι
1359 2965 1451 3019 τὸν
1482 2961 1623 3020 ἴδιον
1657 2966 1956 3039 θεράποντα

307 3050 339 3103 ὁ
375 3049 527 3118 Θεὸς,
558 3052 648 3106 καὶ
702 3050 756 3107 ἦν
815 3057 930 3113 τοῖς
990 3050 1243 3126 ἐσχάτοις
1273 3049 1541 3115 κινδύνοις
1591 3052 1810 3128 στεῤῥὸν
1863 3053 1952 3109 καὶ

314 3137 617 3211 ἀνάλωτον,
647 3139 826 3212 τούτῳ
853 3141 952 3208 τὴν
987 3117 1198 3210 α’ίτησιν
1232 3138 1478 3210 δίδωσιν,
1499 3142 1589 3196 ἳνα
1615 3117 1693 3214 μη
1714 3117 1842 3216 δόξῃ
1876 3143 1949 3204 ὡς
1981 3117 2025 3186 c

309 3223 498 3299 ἔτυχεν
519 3226 766 3301 εἰρῆσθαι
799 3230 834 3296 ἡ
866 3226 1159 3302 καύχησις.
1195 3229 1362 3286 Οὕτω
1389 3229 1480 3284 καὶ
1527 3229 1671 3296 τότε,
1703 3229 1956 3299 ἀκηκοὼς

305 3315 336 3370 6
367 3317 729 3391 παμπόνηρος
781 3322 878 3372 τοῦ
909 3319 1110 3392 Κυρίου
1130 3319 1253 3393 περῖ
1283 3326 1384 3388 τῆς
1431 3317 1756 3388 Ἐκκλησίας
1785 3317 1954 3396 ἇγκω·

318 3414 620 3482 μιαστικῶς
672 3410 1137 3484 ἀποφαινομένου,
1167 3411 1268 3468 Καὶ
1324 3412 1494 3468 πύλαι
1549 3411 1680 3484 ᾅδου
1737 3413 1800 3468 σὺ
1844 3433 1951 3468 κα-

309 3497 662 3572 τισχύσουσιν
717 3497 904 3567 αὐτῆς,
960 3497 1138 3562 πύλας
1195 3498 1329 3570 ᾅδου
1381 3500 1478 3562 τὰς
1529 3499 1787 3562 παντοίας
1841 3505 1948 3556 τῶν

298 3585 584 3642 κολάσεων
620 3583 764 3648 ἰδίας
798 3586 874 3648 εἷς
899 3585 1034 3658 ᾅδην
1089 3588 1179 3648 καὶ
1241 3589 1464 3652 θάνατον
1513 3588 1777 3653 ὠθούσας,
1858 3588 1948 3644 καὶ

296 3675 640 3748 καταγούσας
725 3674 1116 3746 ὀνομάζοντος,
1176 3675 1458 3747 ἐξαιτεῖ-ται
1509 3675 1671 3732 πάλιν
1718 3674 1950 3739 ἀναιδῶς

293 3764 401 3830 τήν
431 3767 646 3834 πεῖραν.
677 3761 780 3818 Καὶ
812 3761 878 3830 δὴ
914 3759 1095 3818 λαϐὼν
1127 3765 1226 3834 τήν
1287 3763 1550 3835 ἐξουσίαν,
1581 3760 1785 3839 ὄργανα
1835 3763 1950 3819 λοι-

296 3851 402 3904 πὸν
432 3856 532 3918 τῆς
566 3844 812 3914 ἀσεϐείας
874 3851 1061 3923 μεστὰ,
1114 3853 1205 3906 καὶ
1263 3851 1410 3924 αὐτῷ
1462 3856 1530 3927 τῇ
1591 3856 1687 3907 τοῦ
1739 3853 1946 3928 τρόπου

296 3938 738 4014 παρισουμὲνους
788 3937 1036 4010 ὠμότητι
1087 3939 1464 4014 ἂκλεξάμενος,
1516 3941 1742 4005 τούτους
1789 3941 1946 3997 καθί-

296 4046 490 4094 στησιν
517 4027 794 4098 ἡγεμονας
823 4024 912 4079 καὶ
970 4025 1264 4102 ἄρχοντας·
1327 4029 1418 4083 καὶ
1477 4026 1655 4105 δόγμα
1706 4027 1942 4084 καθολι-

294 4117 409 4176 κῶς
435 4110 506 4166 δι’
536 4112 747 4168 ἐκείνων
776 4112 1066 4183 ἑκτίθησιν,
1118 4119 1214 4170 τοῦ
1271 4116 1364 4188 μὲν
1421 4114 1651 4191 Χριστοῦ
1683 4116 1940 4173 παύεσθαι

291 4201 397 4268 τὴν
438 4196 827 4274 προσκύνησιν,
887 4199 1146 4264 εἷ’δώλοίς
1206 4200 1265 4258 δὲ
1320 4205 1415 4266 τὰς
1459 4203 1642 4268 θυσίας
1697 4203 1939 4280 προσφέ·

296 4300 504 4364 ρεσθαι,
579 4291 666 4344 καὶ
754 4288 987 4367 ἀφειδῶς
1066 4291 1347 4356 παντοίαις
1425 4289 1709 4348 κολάσεσιν
1789 4293 1942 4349 ἀναι-

293 4381 501 4450 ρεῖσθαι
574 4376 700 4439 τοὺς
741 4376 1140 4452 ἀντιλέγοντας.
1199 4382 1468 4444 Ἐντεῦθεν
1526 4379 1723 4448 ἡλικία
1770 4386 1934 4450 πᾶσα,

2072 1910 2225 1961 stum
2255 1906 2645 1963 ascendentes
2674 1911 3095 1973 cerneret,rem
3110 1922 3230 1962 non
3250 1907 3706 1970 sustinuit.Quo-

2071 1995 2227 2050 circa
2248 1997 2514 2052 tentandi
2568 1995 2869 2052 licentiam
2926 2000 3184 2052 tentator
3213 1996 3419 2066 poscit.
3474 1995 3706 2052 Nullam

2071 2084 2286 2154 quippe
2317 2085 2595 2140 adversus
2624 2085 2885 2154 aliquem
2932 2089 3284 2154 potestatem
3333 2083 3529 2150 habet,
3563 2083 3705 2153 quin

2069 2172 2380 2242 acceperit.
2416 2173 2526 2226 Sed
2559 2172 2711 2226 sicut
2740 2170 3043 2236 olim,cnm
3067 2172 3251 2228 Deum
3275 2170 3345 2226 de
3361 2170 3582 2228 famulo
3601 2187 3705 2226 suo

2071 2259 2423 2331 gloriantem
2453 2260 2790 2326 audivisset,
2813 2264 2990 2329 atque
3040 2258 3336 2316 dicentem
3369 2260 3709 2315 :Attendisti

2070 2355 2245 2404 mente
2274 2355 2368 2403 tua
2394 2365 2546 2404 servo
2569 2364 2687 2404 meo
2733 2349 2855 2413 Job,
2915 2349 3063 2418 quod
3109 2363 3219 2403 non
3248 2349 3318 2403 sit
3348 2348 3506 2403 homo
3527 2346 3707 2417 qualis

2066 2436 2161 2491 ille
2201 2453 2364 2507 super
2401 2442 2622 2501 terram,
2677 2439 2959 2503 innocens,
3014 2436 3224 2506 justus,
3273 2453 3464 2500 verax,
3525 2436 3704 2491 colens

2065 2525 2254 2591 Deum,
2285 2526 2559 2578 abstinens
2587 2525 2654 2579 ab
2684 2526 2831 2578 omni
2848 2541 2908 2578 re
2952 2524 3103 2578 mala
3133 2525 3173 2558 ³⁷
3204 2525 3230 2579 ?
3263 2540 3398 2578 mox
3430 2523 3530 2578 ille
3556 2524 3699 2579 invi-

2065 2612 2162 2666 dia
2182 2613 2459 2682 percitus,
2492 2610 2799 2682 respondit
2832 2627 2844 2664 :
2875 2613 3017 2666 Num
3054 2613 3228 2678 gratis
3283 2611 3384 2664 Job
3416 2612 3699 2663 Dominum

2065 2701 2195 2754 colit
2214 2699 2376 2753 2t"Iet
2398 2716 2527 2768 quae
2559 2703 2889 2768 sequuntur
2922 2698 3045 2762 ;sed
3072 2700 3226 2751 mitte
3256 2715 3359 2762 me,
3381 2704 3443 2751 ut
3475 2704 3696 2766 tangam

2064 2789 2180 2857 ejus
2208 2789 2527 2855 carnes,nisi
2556 2789 2614 2843 in
2659 2788 2857 2856 faciem
2914 2786 3193 2844 benedicat
3224 2785 3288 2845 ⁸³9.
3337 2787 3482 2846 Tum
3520 2786 3694 2852 Deus,

2063 2882 2127 2932 ut
2156 2875 2363 2932 famuli
2387 2875 2474 2930 sui
2507 2875 2568 2931 in
2595 2874 2872 2931 extremis
2903 2889 3138 2945 quoque
3163 2874 3444 2945 periculis
3464 2875 3694 2932 firmam

2063 2970 2120 3019 et
2137 2964 2411 3040 invictam
2430 2962 3029 3021 animifortitudinem
3057 2963 3435 3035 conspicuam
3453 2964 3696 3030 faceret,

2061 3053 2286 3123 petenti
2317 3053 2552 3109 diabolo
2573 3052 2804 3116 annuit,
2839 3068 2914 3108 ne
2943 3051 3162 3107 frustra
3204 3051 3486 3123 gloriatus
3536 3051 3693 3107 vide-

2062 3146 2242 3198 retur.
2268 3142 2360 3198 Sic
2384 3147 2522 3198 tunc
2553 3141 2729 3198 etiam
2790 3139 3262 3206 scelestissimus,
3296 3139 3493 3195 audito
3538 3139 3697 3210 quod

2063 3229 2344 3286 Dominus
2374 3230 2446 3286 de
2476 3229 2738 3287 Ecclesia
2758 3245 2877 3286 non
2903 3229 3030 3286 sine
3060 3228 3389 3301 magnificae
3411 3228 3606 3286 laudis
3633 3229 3698 3286 ti-

2061 3317 2182 3374 tulo
2206 3318 2468 3378 dixerat:
2508 3321 2572 3377 Et
2612 3324 2794 3388 portae
2824 3320 2991 3386 inferi
3019 3334 3130 3375 non
3181 3318 3559 3390 praevalebunt
3588 3319 3692 3374 ad-

2057 3422 2237 3464 versus
2274 3424 2392 3466 eam
2420 3405 2467 3444 3°
2508 3406 2629 3477 (ubi
2658 3411 2858 3477 portas
2887 3405 3038 3461 899
3096 3404 3272 3462 inferi
3301 3405 3443 3462 varii
3475 3405 3690 3477 omnis-

2059 3512 2170 3566 que
2201 3496 2432 3567 generis
2463 3494 2776 3560 cruciatus,
2812 3495 2911 3565 qui
2960 3493 3034 3552 ad
3066 3493 3285 3551 inferos
3340 3499 3399 3550 et
3440 3499 3690 3552 mortem

2056 3583 2302 3641 trudunt
2320 3589 2377 3639 et
2393 3581 3362 3654 prmcipitant,appellavit),rursus
3385 3581 3691 3654 impuden-

2056 3675 2144 3730 ter
2175 3671 2439 3728 tentandi
2470 3669 2731 3741 postulat
2759 3669 3120 3726 i‘acultatem.
3147 3671 3269 3737 Qua
3297 3674 3558 3740 accepta,
3581 3668 3686 3723 de-

2051 3759 2221 3819 lectis
2252 3760 2530 3830 deinceps
2559 3759 2724 3814 omni
2753 3759 3054 3830 impietate
3083 3759 3294 3829 plenis,
3321 3757 3550 3828 sibique
3574 3774 3682 3810 sm-

2049 3849 2190 3904 vitia
2215 3848 2455 3920 paribus
2485 3847 2920 3914 instrumentis,
2954 3847 3062 3902 hos
3104 3845 3412 3918 praefectos
3442 3849 3500 3901 et
3527 3845 3686 3916 prin-

2050 3939 2210 4009 cipes
2239 3937 2796 4007 constituit,perque
2828 3953 2930 3994 eos
2946 3934 3276 3993 universale
3295 3934 3406 3990 hoc
3428 3933 3682 3990 edictum

2052 4026 2276 4084 sancit:
2329 4026 2574 4084 Desinat
2629 4025 2862 4082 Christo
2920 4024 3114 4080 cultus
3161 4023 3466 4080 adhiberi:
3508 4022 3683 4079 idolis

2047 4115 2294 4173 victimae
2327 4115 2498 4180 fiant;
2531 4131 2598 4172 ac
2628 4113 3096 4172 contradicentes
3126 4112 3292 4170 nulla
3318 4111 3685 4184 indulgentia

2049 4204 2208 4262 omni
2226 4203 2650 4274 suppliciorum
2665 4218 2878 4274 genere
2892 4207 3155 4278 pereant.
3167 4202 3313 4260 Hinc
3335 4201 3527 4258 omnis
3540 4205 3681 4255 mtas

2047 4298 2106 4348 et
2133 4293 2406 4364 dignitas,
2440 4291 2687 4350 masculi
2745 4296 2804 4348 et
2829 4291 3086 4358 feminas,
3114 4291 3214 4361 qui
3247 4290 3458 4346 Christi
3501 4288 3678 4346 ﬁdem

2046 4382 2119 4438 ad
2151 4386 2399 4439 mortem
2428 4395 2618 4450 usque
2659 4379 3062 4437 inviolabilem
3094 4379 3502 4449 sinceramque
3553 4393 3674 4432 ser-

296 4466 385 4521 καὶ
420 4465 562 4534 ἀξία,
595 4464 828 4540 ἀρῥένων
855 4486 913 4520 τε
938 4467 1026 4521 καὶ
1055 4467 1296 4538 θηλύων,
1329 4469 1534 4544 χόρτου
1562 4467 1716 4540 δίκην
1748 4471 1929 4543 ἀσυμ-

2067 4487 2180 4527 rare
2200 4469 2665 4541 proposuissent,
2716 4468 2872 4526 haud
2904 4485 3072 4525 secus
3133 4484 3199 4526 ac
3254 4467 3456 4525 fenum
3509 4464 3675 4523 nulla

303 4553 490 4614 παθῶς
532 4554 900 4627 κατεθερίζετο
950 4559 1057 4609 τῶν
1117 4557 1351 4628 Χριστοῦ
1405 4559 1504 4628 τήν
1553 4556 1732 4614 πίστιν
1767 4560 1931 4634 μεχρι

2067 4559 2448 4619 niserioordia
2476 4557 2945 4618 demetebantur.
2996 4580 2997 4583 η

300 4640 530 4694 θανάτου
585 4646 769 4717 τηρεῖν
836 4646 1284 4717 προαιρουμένων
1343 4643 1603 4722 ἄτρωτον,
1657 4649 1748 4702 καὶ
1803 4647 1935 4703 άπα-

295 4727 678 4803 ρεγχείρητον.

367 4835 426 4902 ζ’.
465 4835 593 4890 Κατ’
622 4833 829 4889 ἐκείνου
861 4832 926 4905 δὴ
982 4838 1076 4891 οὗν
1132 4843 1342 4913 καιροῦ,
1403 4843 1746 4914 Μαξιμιανοῦ
1829 4845 1926 4897 τοῦ

294 4917 522 4983 ἀσεϐοῦς
555 4922 962 4998 βασιλεύοντος,
993 4926 1450 4999 ἡγεμονεύοντος,
1483 4925 1540 4983 δὶ
1594 4930 1933 5002 Μαρκιανοῦ,

297 5008 364 5077 ἦν
394 5031 478 5071 τις
505 5010 813 5086 τοπάρχης,
847 5014 1037 5090 φησὶν,
1070 5013 1298 5088 ὀνόματι
1332 5020 1646 5089 Διόσκορος,
1667 5016 1934 5080 πλούσιος

299 5095 527 5174 σφόδρα,
562 5099 812 5172 ἐμμανὴς
843 5098 898 5155 δὲ
928 5102 1051 5176 περὶ
1084 5104 1183 5171 τήν
1235 5108 1342 5158 τῶν
1399 5104 1627 5179 ἀψύχων
1687 5103 1931 5160 εἰδώλων

293 5187 681 5261 προσκύνησιν.
713 5189 885 5251 Οὗτος
913 5191 1206 5266 μονογενὲς
1254 5189 1383 5268 ἔσχε
1437 5194 1740 5269 θυγάτριον,
1792 5200 1931 5270 Βαρ-

2108 4842 2164 4897 7.
2199 4843 2310 4896 Per
2329 4841 2387 4895 id
2418 4840 2615 4911 itaque
2646 4844 2899 4910 tempus,
2933 4838 3262 4909 imperante
3285 4835 3466 4906 impio
3498 4833 3675 4889 Maxi-

2042 4931 2263 5000 miano,
2291 4934 2347 4983 et
2371 4929 2662 4986 Marciano
2677 4926 3084 5000 prmside,erat
3109 4926 3241 4996 quis
3254 4925 3676 4996 regionisprm-

2042 5020 2289 5092 positus,
2325 5018 2636 5073 Dioscorus
2667 5018 2928 5086 nomine,
2977 5015 3146 5070 valde
3186 5015 3366 5082 dives,
3401 5029 3538 5084 erga
3593 5012 3678 5066 in-

2043 5109 2300 5164 animata
2329 5107 2488 5161 idola
2545 5106 2618 5161 ad
2678 5105 2970 5160 insaniam
3003 5103 3266 5159 devotus.
3310 5102 3412 5156 llic
3442 5101 3679 5154 unicam

2043 5200 2379 5267 susceperat
2413 5195 2618 5265 filiam,
2650 5195 2892 5250 nomine
2923 5192 3262 5257 Barbaram,
3297 5190 3529 5261 egregia
3555 5187 3679 5258 pulo

364 5369 409 5403 “
433 5369 544 5425 Isa.
575 5374 656 5439 xi,
681 5374 733 5428 9.
767 5370 810 5408 ⁸⁷
839 5373 945 5428 Job
975 5390 1014 5442 I,
1047 5375 1099 5428 8.
1129 5373 1177 5409 '8
1205 5375 1348 5432 ibid.
1379 5379 1431 5430 9.
1465 5377 1512 5412 ⁸ο
1548 5376 1690 5432 ibid.
1727 5380 1810 5432 11.
1841 5376 1956 5430 ³⁰Μ

2067 5392 2106 5430 1.
2137 5392 2246 5440 xw,
2281 5375 2365 5428 18.

361 5565 473 5635 (82)
507 5564 667 5636 Syxt.
695 5562 731 5620 ἅ
753 5563 1150 5640 κατακαλύψαι,
1185 5585 1305 5638 qua
1326 5573 1501 5640 possit
1520 5573 1754 5641 operire,
