4042 6154
329 288 431 342 791

1618 295 1679 347 8.
1717 291 2020 347 JOANNIS
2056 294 2475 350 DAMASCBNI

3600 289 3712 343 792

340 410 677 467 chritudine
732 410 1075 471 formosam.
1106 416 1165 465 et
1194 427 1427 467 morum
1467 413 1776 469 honestate
1825 414 1972 469 insi-

2094 408 2248 489 Ξάραν
2279 414 2526 487 ὀνόματι,
2556 411 2795 475 κάλλους
2828 411 3124 487 ὡραιότητι
3168 408 3595 485 διαπρέπουσαν,
3626 408 3721 465 καὶ

336 500 955 572 gnem..Quamobrem
988 505 1282 555 exstructa
1312 503 1459 555 turri
1490 503 1698 571 alta,in
1725 503 1975 574 eavirgi-

336 604 576 654 nem,ne
597 588 904 642 hominum
923 588 1258 659 aspectibus
1288 595 1536 659 pateret,
1557 590 1629 644 ob
1663 592 1974 646 ﬂorentem

336 676 904 748 prmfulgentemque
918 677 1244 731 venustatis
1277 677 1604 733 claritatem
1628 685 1685 733 et
1706 679 1978 749 splendo-

334 780 463 819 rem
494 764 947 828 conclusit.Qum
965 765 1236 819 cumillic
1266 772 1525 837 ageret,a
1555 768 1754 822 saeculi
1775 784 1974 822 rerum

336 852 689 907 tumultibus
702 869 936 921 vacans,
974 853 1192 923 pietate
1223 854 1429 924 plenas
1444 856 1829 927 cogitationes
1843 856 1975 911 ani-

335 958 429 996 mo
444 940 955 1011 versabat,easque
974 942 1205 997 colebat
1219 947 1277 997 et
1305 943 1618 999 alebat.Sic
1636 945 1795 999 enim
1812 961 1976 1000 com-

333 1036 605 1102 paratum
638 1035 818 1099 est,ut
847 1031 1102 1087 solitudo
1122 1032 1428 1088 subtilium
1442 1039 1500 1089 et
1515 1035 1974 1106 prmmagniﬁco-

330 1137 464 1175 rum
496 1121 855 1193 cogitatuum
882 1138 1098 1192 parens
1129 1123 1223 1176 sit.
1260 1124 1339 1177 Ac
1387 1124 1627 1194 quidem
1680 1124 1975 1179 idolorum

332 1226 592 1264 errorem
625 1215 683 1265 et
710 1210 1038 1276 cultum,ut
1058 1212 1158 1280 qui
1185 1212 1259 1265 ad
1290 1212 1508 1266 inferni
1539 1213 1817 1283 laqueum
1849 1220 1973 1267 tru-

334 1299 519 1364 deret,
571 1299 1023 1353 exsecrabatur:
1055 1316 1250 1355 veram
1282 1306 1479 1355 autem
1507 1301 1974 1355 Christianorum

336 1385 883 1456 ﬁdem,sanctaaque
916 1392 973 1439 et
1002 1388 1525 1443 consubstantialis
1542 1390 1841 1444 Trinitatis
1878 1405 1977 1443 ve-

338 1474 661 1528 nerandam
694 1475 1159 1534 confessionem.
1185 1494 1292 1531 ceu
1320 1494 1449 1547 quas
1481 1478 1540 1531 in
1572 1478 1749 1532 caelos
1772 1477 1974 1531 subve-

335 1563 875 1629 heret,confovebat
930 1570 988 1619 et
1044 1566 1615 1636 amplexabatur;ac
1645 1568 1975 1622 doctrinam

335 1652 407 1705 de
434 1651 616 1705 animi
650 1652 1190 1719 immortalitate,de
1218 1671 1398 1723 regno
1431 1655 1735 1721 ccelorum,
1772 1656 1842 1709 de
1875 1672 1974 1726 pe-

334 1740 505 1794 renni
536 1738 1074 1806 beatitate,necnon
1092 1740 1161 1795 de
1193 1742 1832 1813 gehenna,mternoque
1856 1744 1977 1797 illic

336 1826 663 1897 supplicio;
716 1828 960 1897 insuper
1015 1844 1151 1882 vero
1207 1835 1722 1900 temporanearum
1776 1831 1974 1885 seaculi

335 1931 534 1968 rerum
567 1915 909 1969 instabilem
941 1917 1303 1988 labilemque
1350 1919 1718 1991 vertiginem,
1778 1921 1976 1973 animo

331 2002 611 2074 pingebat
632 2020 697 2057 ac
728 2003 1013 2071 volvebat,
1051 2005 1369 2061 instructas
1403 2007 1543 2061 item
1603 2007 1977 2077 lampadibus

331 2091 606 2160 virgines,
659 2092 1098 2162 incorruptibili
1153 2111 1368 2163 sponso
1400 2096 1628 2149 Christo
1664 2097 1723 2149 in
1756 2097 1978 2150 cmlesti

336 2176 595 2229 thalamo
626 2178 1015 2247 c0pulatas,et
1035 2179 1334 2233 interioris
1350 2186 1649 2235 etarcanaa
1680 2182 1978 2236 felicitatis

340 2263 570 2318 deliciis
600 2264 915 2335 potientes,
937 2272 1221 2337 perpetuo
1256 2267 1368 2321 sibi
1402 2269 1880 2339 repraesentabat,
1912 2287 1980 2324 ac

339 2351 684 2406 beatissima
714 2353 817 2407 illa
848 2360 1003 2407 sorte
1035 2353 1554 2426 inexplicabilique
1585 2357 1893 2427 gaudio,et
1913 2374 1981 2412 ea

342 2440 528 2511 gloria
558 2457 735 2510 quam
768 2458 960 2495 sermo
1011 2442 1212 2496 nullus
1269 2443 1600 2513 eloquatur,
1636 2444 1813 2517 digna.
1852 2445 1979 2500 ﬁeri

340 2526 641 2600 gliscebat,
670 2527 1065 2599 desiderabat,
1100 2534 1157 2583 et
1186 2530 1481 2585 exorabat.

407 2810 458 2863 8.
494 2810 648 2863 Dum
672 2808 933 2880 prudens
953 2814 1180 2865 etcasta
1205 2811 1364 2883 virgo
1395 2812 1686 2883 ejusmodi
1708 2814 1977 2868 conside-

340 2897 671 2951 rationibus
715 2898 980 2952 animum
1005 2900 1384 2970 constiparet,
1433 2901 1621 2956 adfuit
1676 2906 1844 2972 pater
1878 2918 1890 2957 :
1925 2908 1983 2956 et

337 2986 542 3040 multis
555 2986 895 3056 proceribus
910 2986 1323 3057 proﬁtentibus
1340 2988 1524 3059 pluris
1538 3007 1600 3043 se
1616 2990 1806 3045 facere
1820 2991 1980 3045 illius

336 3075 572 3145 nuptias
592 3081 648 3128 et
663 3075 1223 3146 connubium.jubet
1239 3077 1426 3147 ipsam
1449 3079 1596 3132 votis
1618 3081 1982 3134 annuere.At

2083 503 2286 576 τρόπου
2316 502 2608 575 σεμνότητι
2641 500 3077 574 διαλάμπουσαν.
3114 499 3321 574 Πύργον
3354 500 3444 554 οὗν
3507 496 3720 573 ὑψηλὸν

2084 587 2433 663 δειμάμενος,
2492 591 2660 646 ἐκεῖσε
2700 592 2800 659 την
2848 590 3109 665 παρθένον
3167 587 3531 656 κατέκλεισεν,
3584 586 3725 643 ὥστε

2086 680 2162 752 μή
2196 681 2417 754 ὁρᾶσθαι
2448 679 2614 748 αὐτὴν
2652 679 2755 734 ὑπὸ
2784 684 2891 733 τῶν
2925 679 3248 749 ἀνθρώπων,
3303 673 3392 730 διὰ
3426 676 3525 745 τήν
3559 673 3722 730 ἐπαν-

2084 772 2275 830 θοῦσαν
2317 768 2405 822 καὶ
2461 766 2941 842 ἂπαστράπτουσαν
2994 770 3091 822 τοῦ
3145 763 3386 826 κάλλους
3444 763 3726 842 φανότητα

2082 856 2171 910 καὶ
2202 854 2587 930 λαμπρότητα,
2620 854 2819 917 Λύτόθι
2878 855 2968 909 οὗν
3027 852 3382 926 διαιτωμένη,
3432 852 3558 927 ἀτερ
3609 857 3723 907 ⁴τῶν

2083 943 2271 1014 ἔξωθεν
2331 939 2577 1017 θορύϐων
2636 944 3051 1021 ἀφησυχάσασα,
3113 939 3417 1016 λογισμοὺς
3489 942 3725 997 ἀνεκίνει

2084 1026 2374 1099 θεοσεϐεῖς,
2406 1032 2496 1086 καὶ
2525 1031 2751 1093 τούτους
2807 1030 3080 1105 ἐγεώργει,
3132 1029 3222 1084 καὶ
3281 1026 3516 1106 ἔτρεφεν·
3580 1027 3723 1084 οἶδεν

2082 1119 2185 1195 γὰρ
2243 1119 2446 1194 ἐρημία
2501 1119 2716 1175 ἐννοιῶν
2766 1121 2970 1194 ἱσχνῶν
3031 1119 3121 1173 xui
3197 1116 3722 1193 μεγαλοφυεστάτων

2087 1210 2269 1281 μήτηρ
2300 1209 2671 1270 καθίστασθαι.
2703 1207 2799 1262 Καὶ
2830 1207 2928 1275 τήν
2967 1207 3059 1278 μὶν
3117 1210 3223 1260 τῶν
3274 1202 3518 1259 εἰδώλων
3576 1204 3727 1259 πλά-

2083 1317 2181 1365 νην
2213 1296 2301 1350 καὶ
2355 1294 2630 1370 λατρείαν,
2692 1296 2765 1356 ὡς
2822 1294 2898 1355 εἷς
2952 1291 3082 1364 ’ᾲδου
3142 1292 3406 1363 πέταυρον
3450 1294 3725 1367 κατάγουο

2084 1405 2176 1438 σαν
2204 1379 2579 1450 ἐϐδελύττετο,
2605 1384 2701 1451 τὴν
2736 1379 2782 1437 δ’
2814 1380 2994 1451 ἀληθῆ
3050 1385 3157 1436 τῶν
3216 1385 3548 1455 Χριστιανῶν
3604 1381 3729 1435 πίσ-

2082 1494 2186 1544 τιν,
2218 1473 2307 1527 καὶ
2340 1473 2439 1540 τήν
2470 1474 2565 1539 τῆς
2595 1471 2747 1546 ἀγίας
2777 1472 2862 1524 καὶ
2907 1469 3200 1541 ὁμοουσίου
3232 1467 3467 1541 Τριάδος
3520 1470 3725 1537 σεπτὴν

2084 1559 2403 1636 ὁμολογίαν,
2446 1560 2519 1621 ὡς
2570 1559 2645 1620 εἷς
2705 1556 2968 1633 οὐρανοὺς
3024 1558 3341 1632 ἀνάγουσαν,
3392 1557 3727 1630 περιέθαλπε

2083 1648 2171 1702 καὶ
2201 1647 2479 1721 προσίετο’
2511 1645 2637 1708 τούς
2669 1667 2726 1701 τε
2760 1646 2882 1719 περὶ
2916 1644 3202 1708 ἀθανασίας
3252 1648 3439 1719 ψυχῆς
3500 1644 3729 1719 λόγους,

2084 1736 2206 1811 περί
2238 1757 2294 1791 τε
2340 1734 2617 1810 βασιλείας
2668 1733 2926 1810 οὐρανῶν,
2974 1733 3064 1788 καὶ
3116 1737 3215 1798 τῆς
3274 1738 3379 1788 τῶν
3440 1732 3729 1807 ἀκηράτων

2087 1823 2463 1893 ἀπολαύσεως,
2484 1821 2609 1898 περί
2644 1842 2699 1876 τε
2728 1823 2972 1897 γεέννης,
3003 1820 3091 1875 καὶ
3121 1828 3223 1889 τῆς
3276 1820 3445 1875 ἐκεῖσε
3502 1819 3734 1875 ἀτελευ-

2083 1914 2251 1982 τήτου
2280 1910 2582 1979 κολάσεως,
2614 1911 2747 1984 πρὸς
2777 1910 2992 1973 τούτοις
3023 1906 3100 1981 δὲ,
3157 1909 3244 1963 καὶ
3288 1911 3386 1977 τὴν
3416 1913 3523 1963 τῶν
3552 1929 3729 1983 προσ-

2084 2000 2288 2073 καίρων
2318 2004 2416 2053 τοῦ
2448 1999 2658 2070 κόσμου
2686 1996 2884 2052 τούτου
2913 1996 3247 2073 πραγμάτων
3283 2000 3509 2052 ἄστατον
3570 2018 3737 2072 περι-

2088 2087 2255 2163 φορὰν
2340 2086 2430 2141 xui
2499 2082 2751 2141 ἀϐέϐαιον
2834 2086 2971 2139 κατὰ
3024 2090 3151 2140 νοῦν
3236 2085 3561 2161 ἐζωγράφει,
3644 2086 3736 2140 καὶ

2086 2172 2405 2229 ἀνείλιττεν·
2459 2173 2549 2228 καὶ
2604 2174 2701 2235 τάς
2755 2170 3225 2248 λαμπαδηφόρους
3272 2173 3588 2248 παρθένους,
3643 2173 3742 2235 τὰς

2085 2267 2164 2334 τῷ
2194 2261 2447 2339 ἀφθάρτῳ
2476 2261 2696 2337 νυμφίῳ
2738 2262 2955 2335 Χριστῷ
3004 2261 3054 2315 ἐν
3108 2264 3176 2334 τῇ
3235 2261 3538 2336 ἐπουράνίῳ
3592 2281 3737 2314 πασ-

2085 2349 2207 2405 τάδι
2239 2349 2671 2420 συναπτομένας,
2699 2351 2788 2402 xui
2845 2354 2945 2416 τῆς
3004 2344 3153 2402 ἔνδον
3215 2347 3530 2424 ἀπορῥήτου
3568 2369 3740 2403 κατα-

2087 2439 2373 2514 τρυφώσας
2428 2437 2847 2512 μακαριότητος,
2907 2437 2985 2491 ἀεὶ
3047 2435 3388 2510 ἐφαντάζετο.
3470 2436 3575 2493 Καὶ
3630 2443 3734 2506 τῆς

2088 2521 2390 2581 πανολϐίου
2422 2525 2629 2595 ἐκείνης
2660 2524 2853 2600 μοίρας
2882 2525 2970 2578 καὶ
3005 2531 3291 2599 χαρμονῆς
3342 2524 3735 2598 ἀνικφράστου,

2087 2615 2176 2669 καὶ
2207 2612 2583 2684 ἀνεκλαλήτου
2630 2611 2813 2685 δόξης,
2861 2613 3258 2683 καταξιωθῆναι
3304 2612 3584 2686 ἐγλίχετο,
3638 2612 3735 2668 καὶ

2088 2701 2367 2775 ἐπεθύμει,
2399 2702 2489 2756 καὶ
2522 2700 2749 2776 ηὕχετο.

2160 2814 2231 2877 η’.
2264 2810 2353 2863 Ἐν
2376 2813 2493 2869 τοῖς
2520 2806 2793 2868 τοιούτοις
2853 2804 2943 2860 οὖν
2994 2808 3308 2880 θεωρήμασι
3356 2813 3459 2875 τῆς
3515 2808 3740 2883 σώφρο-

2088 2917 2174 2958 νος
2200 2895 2291 2951 καὶ
2324 2897 2492 2971 ἁγνῆς
2550 2895 2817 2970 παρθένου
2892 2896 2991 2963 τὴν
3066 2897 3251 2968 ψυχὴν
3331 2894 3734 2965 πυκναζούσης,

2088 2983 2363 3058 ἐφίσταται
2396 2985 2423 3038 ὁ
2454 2986 2655 3056 πατήρ.
2709 2980 3206 3040 Ἀναδιδασκόντων
3264 2980 3322 3037 δὲ
3376 2982 3534 3038 αὐτὸν
3591 2981 3742 3037 πολ·-

2094 3070 2206 3126 λῶν
2236 3071 2593 3146 μεγιστάνων,
2614 3071 2703 3124 καὶ
2736 3071 2859 3145 περὶ
2890 3069 3105 3125 πολλοῦ
3160 3076 3431 3135 ποιεῖσθαι
3478 3070 3578 3138 τήν
3607 3070 3743 3126 ταύ-

340 3162 445 3217 illa
462 3179 764 3217 sermones
784 3164 1073 3235 ejusmodi
1092 3170 1371 3234 tanquam
1388 3182 1572 3238 nugas
1593 3172 1653 3220 et
1669 3166 1779 3220 sibi
1799 3167 1982 3222 mole-

2094 3183 2193 3232 της
2237 3138 2498 3237 ’συζυγίαν
2553 3181 2635 3231 τε,
2685 3161 2774 3215 xui
2833 3163 2969 3235 πρὸς
3018 3163 3257 3235 γαμικὴν
3308 3160 3529 3234 ὁμιλίαν
3580 3163 3740 3217 συνά-

344 3259 466 3306 stos
488 3268 795 3322 spernens,
823 3253 975 3307 irato
998 3253 1160 3307 vultu
1184 3260 1413 3325 patrem
1436 3256 1990 3327 inspiciens.perni-

342 3340 565 3394 ciosam
591 3341 741 3394 hanc
763 3341 963 3394 animo
982 3342 1451 3397 cohortationem
1484 3360 1727 3413 prorsus
1745 3344 1986 3398 submo-

341 3443 407 3484 ve
422 3426 898 3496 t,denuntiatque
919 3443 1045 3481 rem
1061 3428 1353 3497 ejusmodi
1375 3446 1680 3500 nunquam
1697 3437 1984 3503 suggerat.

352 3514 686 3570 Ridiculum
707 3516 864 3570 enim
886 3532 1244 3587 prorsusque
1265 3518 1586 3573 absurdum
1602 3520 1759 3590 virgo
1782 3536 1985 3574 cense-

352 3604 471 3671 bat,
507 3619 637 3673 quaa
656 3619 716 3657 se
742 3602 925 3657 semel
945 3603 1165 3657 caelesti
1189 3610 1248 3658 et
1268 3604 1588 3660 immortali
1625 3607 1852 3661 Christo
1883 3606 1985 3661 ad-

355 3691 602 3745 dixisset
622 3707 688 3745 ac
720 3690 1073 3761 copulasset,
1099 3691 1171 3745 iis
1198 3692 1299 3762 qui
1346 3694 1633 3748 vermium
1693 3695 1880 3749 instar
1927 3694 1987 3748 in

352 3781 587 3835 cenosis
617 3796 677 3834 se
709 3779 1098 3834 volutantium
1124 3779 1367 3834 lacubus
1392 3782 1453 3835 in
1496 3782 1839 3853 gentilitatis
1865 3782 1987 3837 luto

353 3868 1351 3932 versabantur,obsecundare.900
1364 3870 1646 3933 Quocirca
1660 3872 1871 3941 puella)
1893 3888 1989 3942 pa-

350 3957 676 4021 rens,omni
692 3956 996 4028 diligentia
1016 3956 1295 4010 balneum
1309 3962 1824 4024 construens,cum
1843 3960 1989 4015 duas

351 4044 641 4098 fenestras
663 4044 734 4099 ad
749 4044 1259 4114 austrum,quibus
1281 4044 1483 4100 lumen
1508 4046 1991 4115 induceretur,fa-

351 4131 473 4184 bris
496 4131 930 4201 imperasset,in
944 4132 1137 4185 locum
1153 4132 1468 4202 quemdam
1492 4134 1788 4203 profectus
1806 4138 1993 4191 est.At

351 4219 650 4273 Trinitatis
671 4220 887 4274 ancilla
913 4236 1244 4291 sponsaque
1277 4221 1818 4293 Barbara,dispecto
1850 4223 1992 4277 aedi-

353 4309 507 4377 ﬁcio,
542 4308 861 4378 operarios,
894 4314 959 4361 ut
989 4314 1107 4363 tres
1134 4309 1424 4364 fenestras
1477 4316 1785 4366 structurae
1817 4318 1990 4383 apta-

352 4403 503 4461 rent,
538 4397 841 4468 compulit.
874 4398 1017 4450 Tum
1048 4414 1300 4466 reversa,
1333 4416 1467 4453 cum
1501 4417 1561 4454 se
1591 4400 1804 4455 iterum
1851 4419 1992 4472 spe-

352 4486 509 4540 ciosa
538 4486 693 4556 virgo
738 4486 798 4539 in
841 4485 1048 4539 turrim
1083 4503 1249 4540 suam
1282 4489 1624 4557 recepisset,
1678 4490 1995 4544 simulacra

348 4573 505 4627 videt
527 4590 657 4644 qua)
676 4580 843 4643 pater
866 4574 1308 4639 colebat,animi
1335 4592 1663 4644 sensusque
1683 4577 1946 4647 expertia
1978 4595 1990 4632 :

351 4678 487 4717 mox
509 4661 726 4732 Spiritu
751 4666 953 4715 sancto
977 4662 1221 4731 repleta,
1257 4662 1632 4731 divinamque
1656 4680 1721 4717 ac
1754 4664 1996 4735 praefer-

350 4750 542 4804 vidam
574 4749 1014 4804 aemulationem
1047 4750 1456 4817 assumens,in
1490 4766 1693 4804 eorum
1728 4750 1993 4821 despica-

354 4838 504 4891 biles
532 4838 723 4892 vultus
755 4838 1048 4908 conspuit,
1083 4843 1412 4909 opportune
1461 4838 1803 4893 Davidicum
1834 4840 1992 4905 illud

358 4924 544 4978 melos
564 4941 856 4994 usurpans
879 4941 892 4977 :
916 4926 1129 4979 Similes
1149 4924 1312 4979 vobis
1351 4930 1487 4994 ﬁant
1509 4928 1606 4995 qui
1633 4929 1847 4994 faciunt
1871 4944 1992 4993 vos,

357 5018 406 5066 et
422 5028 600 5066 omnes
621 5015 717 5081 qui
735 5014 1014 5080 conﬁdunt
1049 5016 1108 5067 in
1136 5013 1298 5068 vobis
1319 5013 1383 5067 ³¹.
1410 5015 1453 5069 Ο
1499 5014 1731 5070 beatam
1774 5032 1905 5070 vere
1938 5020 1995 5070 et

354 5100 690 5170 religiosam
723 5101 980 5154 animam
1010 5100 1022 5154 !
1048 5102 1090 5156 Ο
1111 5101 1224 5155 ﬁde
1247 5101 1566 5157 ferventem
1591 5103 1992 5173 puellam,ﬁde

357 5192 624 5241 ornatam
646 5187 716 5243 lO
730 5188 1233 5243 adolescentulam
1253 5189 1451 5243 divino
1468 5207 1645 5244 sensu
1663 5207 1729 5245 ac
1742 5190 1993 5261 pruden-

359 5276 438 5328 tia
458 5275 641 5344 patris
660 5276 951 5330 iusaniam
971 5276 1447 5347 dementiamque
1468 5278 1809 5332 irridentem
1829 5279 1839 5331 !
1863 5280 1904 5332 Ο
1928 5278 1961 5331 fl
1976 5308 1992 5318 -

360 5363 497 5418 liam
523 5363 783 5433 parentis
804 5365 930 5419 Eva:
956 5364 1124 5418 ﬁrmo
1149 5381 1326 5419 sensu
1347 5371 1717 5420 revocantem
1740 5365 1993 5437 .fatuita-

431 5558 473 5595 ⁸⁸
507 5557 660 5614 Psal.
694 5574 841 5626 exin,
875 5559 928 5613 8.

2096 3270 2269 3327 φειαν,
2319 3250 2395 3313 εἷς
2448 3254 2609 3303 τοῦτο
2666 3249 2832 3317 αὐτην
2891 3248 3162 3304 ἐπινεῦσαι
3220 3251 3604 3324 προυτρέπετο.
3668 3251 3734 3306 Ἠ

2099 3337 2156 3393 δὲ
2184 3338 2311 3400 τοὺς
2340 3337 2620 3399 τοιούτους
2666 3336 2867 3411 λόγους
2916 3338 2989 3399 ὠς
3024 3336 3249 3411 λήρους,
3300 3339 3391 3393 καὶ
3451 3337 3742 3413 ὀχληροὺς

2099 3426 2451 3497 διαπτύσασα,
2514 3428 2628 3499 μετ’
2670 3426 2839 3502 ὀργῆς
2886 3431 2965 3498 τῷ
3037 3426 3377 3501 γεγεννηκότι
3459 3422 3739 3502 ἐμϐρίθως

2099 3516 2402 3585 ἀτενίσασα,
2457 3518 2557 3583 τήν
2619 3509 2953 3589 ψυχοϐλαϐῆ
3000 3515 3200 3585 ταύτην
3251 3514 3559 3589 παραίνεσιν
3601 3536 3743 3569 παν-

2097 3602 2273 3665 τελῶς
2306 3601 2633 3671 ἀποσείεται,
2668 3602 2863 3674 μηκέτι
2926 3604 3147 3675 μνήμην
3196 3601 3447 3657 τοιούτου
3486 3603 3746 3677 πράγμα-

2096 3712 2187 3752 τος
2217 3692 2354 3764 αὐτῇ
2384 3691 2677 3765 προσάγειν
2708 3691 3152 3765 παρεγγυήσασα.
3211 3687 3431 3744 Γελοῖον
3488 3692 3595 3765 γὰρ
3650 3693 3741 3746 καὶ

2098 3781 2275 3847 πάσης
2356 3779 2585 3842 ἀτοπίας
2657 3779 2954 3851 ἀνάμεστον
3041 3780 3075 3846 ἠ
3152 3779 3413 3851 παρθένος
3467 3782 3741 3854 ἡγήσατο,

2098 3868 2340 3937 καθάπαξ
2384 3868 2577 3935 ἑαυτὴν
2634 3870 2714 3937 τῷ
2771 3864 3006 3939 οὐρανίῳ
3061 3865 3150 3920 καὶ
3210 3865 3458 3937 ἀθανάτῳ
3516 3869 3745 3943 νυμφίῳ

2102 3956 2351 4010 ἀναθεῖσά
2376 3976 2435 4011 τε
2474 3955 2559 4009 xui
2591 3953 2886 4026 συνάψασα,
2947 3953 2996 4009 εἴ
3041 3959 3158 4016 τοῖς
3220 3951 3523 4024 σκωλήκων
3582 3954 3742 4024 δίκην

2101 4045 2360 4101 ίλυώδεσι
2390 4045 2651 4119 τέλμασιν
2700 4045 3092 4118 ίλυσπωμένων
3149 4043 3427 4117 ἑλληνικῷ
3487 4042 3744 4121 βορϐόρῳ

2105 4135 2381 4207 ὑπείξειεν.
2412 4136 2473 4191 Ὀ
2502 4134 2680 4190 τοίνυν
2738 4135 2939 4203 ταύτης
2990 4135 3169 4207 πατῆρ
3206 4131 3491 4208 βαλανεῖον
3528 4131 3743 4208 σπουδῇ

2100 4223 2290 4296 πολλῇ
2319 4222 2381 4278 τὸ
2412 4227 2707 4292 τηνικαῦτα
2768 4219 3104 4295 οἰκοδομῶν,
3158 4221 3403 4292 ἐπιτάξας
3440 4228 3555 4284 τοῖς
3584 4223 3743 4297 τεχνί

2100 4332 2215 4372 ταις
2243 4310 2378 4365 κατᾶ
2406 4310 2560 4365 νότον
2616 4310 2710 4365 δύο
2761 4307 2978 4383 θυρίδας
3038 4311 3403 4387 φωταγωγοὺς
3449 4331 3745 4365 κατασκευ-

2102 4403 2247 4467 άσαι,
2282 4396 2629 4471 ἀπεδήμησεν
2666 4398 2740 4459 είς
2766 4398 2951 4472 χώραν
2981 4399 3123 4455 τινά.
3157 4400 3217 4454 Ἢ
3279 4397 3337 4452 δὲ
3381 4402 3482 4462 τῆς
3509 4398 3749 4473 Τριάδος

2105 4486 2275 4557 δούλη
2308 4488 2397 4541 xui
2428 4487 2614 4560 νύμφη
2651 4482 2921 4562 Βαρϐάρα,
2978 4487 3040 4540 τὸ
3096 4484 3247 4560 ἔργον
3279 4494 3378 4555 τῆς
3438 4485 3748 4560 οἶκοδομῆς

2103 4574 2527 4648 ἐπισκεψαμένη,
2559 4580 2705 4649 τρεῖς
2759 4572 2976 4649 θυρίδας
3032 4573 3335 4651 ἐφαρμόσαι
3384 4580 3464 4645 τῷ
3524 4573 3747 4631 οἰκοδο-

2106 4664 2318 4735 μήματι
2347 4661 2478 4724 τοὺς
2511 4662 2739 4737 ἐργάτας
2787 4662 3109 4736 ἠνάγκασεν.
3164 4665 3490 4719 Ἐπανιοῦσα
3521 4661 3600 4732 δέ,
3650 4666 3741 4719 xui

2102 4747 2551 4823 παλινδρομοῢσα
2583 4750 2669 4805 ἐπὶ
2698 4752 2786 4805 τὸν
2822 4747 2956 4804 ἴδιον
2982 4750 3187 4824 πύργον
3211 4752 3245 4819 ἡ
3278 4748 3421 4820 καλὴ
3446 4753 3739 4824 παρθένος,

2104 4839 2296 4913 ὁρᾷτά
2326 4837 2508 4913 ἄψυχα
2543 4840 2632 4893 καὶ
2680 4837 2973 4909 ἀναίσθητα
3030 4836 3254 4909 εἴδωλα,
3291 4841 3372 4900 οἷς
3426 4840 3489 4894 τὸ
3521 4836 3683 4902 σέϐας
3718 4842 3745 4895 ὁ

2101 4928 2278 5000 πατὴρ
2312 4926 2727 5000 προσεκόμιζεν,
2776 4926 2866 4981 xui
2916 4925 2981 4995 δὴ
3019 4926 3331 4999 Πνεύματος
3384 4929 3535 5004 ἁγίου
3566 4927 3752 4999 πλησ-

2107 5019 2277 5081 θεῖσα,
2336 5014 2429 5069 xui
2484 5013 2649 5083 ζῆλον
2709 5009 3052 5068 ἀναλαϐοῦσα
3098 5011 3273 5070 ἔνθεον
3328 5018 3419 5070 καὶ
3478 5016 3749 5091 ἀνάπυρον

2105 5101 2181 5164 εἷς
2209 5103 2277 5157 τά
2312 5099 2479 5174 ἄτιμα
2508 5103 2684 5156 αὐτῶν
2739 5098 3016 5156 ἐνέπτυσεν
3080 5103 3370 5178 πρόσωπα,
3399 5104 3460 5159 τὸ
3490 5110 3585 5159 τοῦ
3616 5126 3753 5179 προ-

2105 5192 2279 5267 φήτου
2312 5186 2477 5244 Δαϐἱδ
2533 5190 2794 5264 εὐκαίρως
2853 5190 3078 5244 εἰποῦσα
3140 5190 3469 5266 μελῲδημα,
3526 5195 3753 5267 Ὀμοιοι

2107 5280 2255 5351 ὑμῶν
2314 5278 2555 5352 γένοιντο
2617 5280 2669 5333 oi
2717 5283 3001 5340 ποιοῦντες
3062 5279 3219 5351 ὑμᾶς,
3295 5282 3388 5334 xui
3444 5282 3638 5343 πάντες
3701 5283 3753 5337 οἱ

2102 5366 2419 5428 πεποιθότες
2453 5365 2536 5444 ἐφ’
2570 5366 2726 5440 ὑμᾶς.
2760 5372 2827 5421 ’Ὠ
2886 5366 3149 5443 μακαρίας
3196 5364 3392 5440 ὅντως,
3446 5369 3536 5425 καὶ
3590 5369 3760 5443 φιλο-
