4042 6154
393 307 505 363 793

1535 308 1902 366 LAUDATIO
1934 311 1994 364 Β.
2031 307 2388 362 BARBARB
2425 305 2644 360 MART.

3665 305 3776 362 794

403 429 520 493 θέου
551 431 772 504 ψυχῆςί
801 435 867 484 ’Ώ
924 426 1164 492 νεάνιδος
1221 429 1398 484 πίστει
1455 429 1701 500 ζεούσης,
1732 428 1909 484 πίστει
1941 448 2030 484 κε-

2150 433 2260 484 tem
2292 445 2358 484 ac
2389 427 2795 499 deceptionem
2822 426 2834 481 Ι
2866 425 2994 496 Illa,
3018 425 3178 481 nuda
3197 427 3383 482 hostis
3401 429 3774 500 suggestione

399 516 753 591 κοσμημένης
784 520 796 574 ί
829 519 891 573 ’Θ
939 519 1108 590 κόρης
1171 517 1373 574 συνέσει
1434 519 1549 590 θείᾳ
1577 520 1674 586 τὴν
1701 522 1798 573 τοῦ
1830 517 2033 590 πατρὸς

405 609 812 680 μυκτηρισάσης
839 607 1148 684 ἀφροσύνην
1203 627 1261 661 τε
1311 607 1400 660 καὶ
1461 609 1753 680 παράνοιαν
1783 607 1794 662 ί
1827 610 1895 658 ’Ὢ
1940 605 2035 658 θυ-

397 695 619 770 γατρὸς,
675 697 774 764 τὴν
852 701 951 763 τῆς
1025 697 1381 769 προμήτορος
1442 691 1582 756 Εῦας
1640 694 1886 764 εὐήθειαν
1943 691 2032 747 καὶ

395 783 627 854 ἀπάτην,
685 788 761 854 τῷ
813 782 1020 859 στερῥῷ
1070 787 1168 838 τοῦ
1221 785 1574 860 φρονήματος
1629 781 2036 855 ἀνακαλεσαμέ-

393 892 492 940 νης
520 873 533 927 l
566 872 777 940 Ἐκείνη
808 865 1128 946 προσϐολήν
1159 869 1328 944 ψιλὴν
1374 875 1470 925 τοῦ
1514 869 1715 946 ἐχθροῦ
1747 867 2031 943 δεξαμένη,

2146 523 2438 588 suscepta,
2474 517 2784 572 confestim
2817 532 3019 571 eversa
3052 521 3140 569 est
3167 532 3180 570 :
3223 516 3348 570 hinc
3377 533 3511 571 vero
3543 522 3779 573 austera

2141 606 2442 677 gravitate,
2464 622 2584 659 non
2605 605 2776 658 modo
2799 604 2959 658 illius
2981 603 3291 658 illecebras
3312 606 3772 675 respuit,verum

2143 701 2199 750 et
2229 695 2289 749 in
2322 696 2450 765 ejus
2479 694 2725 760 vultum,
2759 710 2864 765 per
2895 693 3212 748 simulacra
3235 694 3525 762 conspuit.
3547 696 3690 749 Nam
3713 696 3773 750 in

2142 783 2435 838 malorum
2449 787 2751 837 auctorem
2763 782 2878 851 .qui
2893 798 2998 852 per
3010 782 3134 835 haec
3150 781 3772 854 agebat,hominesque

2144 870 2494 942 decipiebat,
2511 870 2667 940 sputi
2685 869 2966 941 injuriam
2982 869 3256 936 intendit,
3277 870 3494 934 emisit,
3517 870 3773 925 intorsit.

394 958 550 1022 εὐθὺς
581 957 916 1030 άνετρέπετοο
945 957 1077 1029 αὕτη
1114 957 1192 1028 δὶ,
1225 959 1286 1013 οὐ
1322 958 1481 1031 μόνον
1510 959 1578 1013 τὰ
1603 957 1798 1013 τούτου
1830 958 2126 1033 θελκτήρια
2155 956 2437 1032 αὐστηρῶς
2470 955 2754 1030 αὐστηρῶς
2784 955 3172 1026 ἀπεκρούσατο,
3205 953 3350 1010 ἀλλὰ
3377 957 3462 1010 καὶ
3501 956 3666 1011 αὐτοῦ
3694 961 3774 1028 τῷ

393 1047 676 1122 προσώπῳ
731 1043 820 1101 διὰ
871 1051 979 1101 τῶν
1038 1044 1280 1101 εἰδώλων
1331 1045 1629 1104 ἐνέπτυσεν.
1691 1047 1833 1119 Πρὸς
1879 1045 1980 1121 γάρ
2029 1045 2120 1100 τὸν
2177 1043 2246 1099 δι’
2294 1045 2465 1100 αὐτῶν
2518 1044 2840 1120 ἐνεργοῦντα
2883 1043 2974 1098 καὶ
3017 1043 3302 1098 ἀπατῶντα
3348 1043 3648 1119 ἀρχέκακον
3678 1047 3775 1098 τοῦ

395 1133 748 1208 ἐμπτύματος
777 1135 876 1202 τὴν
910 1129 1063 1210 ὕϐριν
1105 1133 1372 1206 ἐξέτεινεν,
1403 1134 1492 1188 καὶ
1522 1133 1836 1208 ἐξέπεμψεν,
1868 1134 1956 1188 καὶ
1985 1132 2387 1202 κατηκόντισεν.

468 1243 528 1298 θ’.
562 1240 1047 1310 Ἐπαναζεύξαντος
1106 1237 1164 1294 δὲ
1217 1246 1317 1310 τῆς
1377 1236 1673 1312 ἐπιδημίας
1712 1243 1810 1294 τοῦ
1839 1238 2038 1309 ταύτης

390 1331 750 1406 γεννήτορος,
779 1329 870 1382 καὶ
900 1328 987 1383 ἐπὶ
1020 1327 1354 1403 παραλλάξει
1388 1337 1486 1398 τῆς
1532 1329 1722 1383 ἐαυτοῦ
1753 1325 2040 1400 διατάξεως

389 1423 508 1480 τοῖς
563 1414 886 1490 οἴκοδόμοις
955 1415 1370 1492 χαλεπῄναντος
1426 1417 1516 1471 καὶ
1574 1418 2039 1491 ἀγανακτήσαντος

396 1504 487 1561 διὰ
541 1507 641 1574 τήν
699 1507 918 1580 τριττῆς
975 1502 1191 1578 θυρίδος
1247 1503 1554 1578 πρόσθεσιν,
1599 1503 1685 1558 ἐπὶ
1713 1505 1811 1571 τήν
1843 1509 2037 1560 τοῦτου

397 1592 661 1668 θυγατρὸς
691 1591 935 1646 κέλευσιν
983 1592 1080 1659 τήν
1136 1590 1307 1646 αἰτίαν
1368 1594 1700 1666 μετήγαγον.
1735 1592 1796 1647 Ὁ
1826 1589 1884 1645 δὲ
1912 1592 2039 1666 παρ’

398 1679 569 1749 αὐτῆς
599 1681 698 1748 τήν
730 1685 830 1748 τῆς
860 1678 1100 1750 τριπλῆς
1158 1680 1413 1757 ἀφορμὴν
1465 1677 1684 1754 θυρίδος
1715 1679 2036 1751 πυθόμενος,

395 1768 652 1842 εὐκαίρου
710 1771 745 1836 ἡ
805 1765 1158 1844 πανεύφημος
1213 1764 1520 1840 δραξαμένη
1561 1765 1906 1842 προφάσεως,
1936 1773 2035 1835 τῆς

2218 1244 2270 1297 9.
2303 1243 2550 1296 Reverso
2582 1246 2748 1312 patre
2779 1257 2851 1295 ex
2881 1256 2949 1294 ea
2974 1255 3151 1310 quam
3195 1243 3535 1310 susceperat
3580 1238 3774 1309 profe-

2149 1329 2362 1394 ctione,
2391 1346 2458 1384 ac
2489 1328 2877 1384 structoribus
2917 1328 3258 1399 indignante
3303 1327 3460 1398 quod
3492 1327 3780 1398 imperata

2149 1435 2254 1473 sua
2267 1423 2892 1489 mutassent,aagreque
2905 1417 3223 1471 fenestram
3240 1415 3471 1470 tertiam
3485 1415 3557 1470 ad
3556 1416 3578 1487 j
3589 1421 3779 1470 ectam

2146 1506 2391 1573 ferente,
2425 1507 2511 1560 illi
2543 1507 2603 1561 in
2633 1505 2768 1560 ﬁlia)
2791 1506 3122 1576 jussionem
3158 1521 3394 1560 causam
3425 1504 3775 1559 retulerunt.

2148 1595 2296 1649 Tum
2330 1611 2397 1649 ex
2428 1595 2551 1649 ﬁlia
2592 1599 2994 1665 percontatur,
3018 1593 3158 1662 quid
3209 1610 3399 1648 causa:
3447 1591 3628 1647 fuerit
3675 1609 3778 1646 cur

2149 1684 2380 1738 tertiam
2411 1683 2573 1736 illam
2593 1683 2913 1737 fenestram
2937 1681 3065 1735 ﬁeri
3095 1681 3490 1752 praecepisset.
3516 1682 3658 1736 Tum
3682 1681 3774 1736 in—

2146 1771 2302 1842 clyta
2312 1771 2472 1842 virgo
2485 1770 3032 1826 commodissimum
3046 1775 3456 1840 argumentum
3474 1774 3647 1824 nacta
3661 1770 3780 1823 Tri-

393 1853 624 1930 Τριάδος
655 1851 956 1931 διαρρήδην
1015 1856 1113 1923 τήν
1177 1852 1330 1928 δόξαν
1390 1855 1689 1931 ἐθεολόγει,
1731 1855 1808 1919 εἷς
1858 1855 2035 1910 πίστιν

2150 1860 2347 1914 nitatis
2361 1860 2605 1930 gloriam
2630 1858 3088 1921 etdivinitatem,
3106 1858 3480 1913 incredulum
3501 1857 3574 1913 ad
3600 1857 3778 1912 ﬁdem

389 1945 487 2000 τὸν
539 1945 763 1998 ἄπιστον
817 1941 1236 2017 προτρεπομένη
1298 1945 1590 2017 σωτήριον.
1627 1967 1655 1994 ‹‹
1691 1943 1814 2013 Ναὶ,
1848 1943 2034 2021 φησὶν,

387 2034 481 2089 καὶ
509 2034 610 2108 γὰρ
641 2035 677 2102 ἡ
709 2034 884 2106 Τριᾶς
935 2030 1157 2108 φωτίζει
1214 2031 1387 2086 πάντα
1417 2029 1698 2106 ἄνθρωπον
1732 2032 2032 2107 ἐρχόμενον

393 2121 472 2182 εἷς
500 2121 590 2174 τὸν
622 2121 852 2193 κόσμον.
899 2119 975 2176 Τὸ
1025 2119 1128 2194 γάρ
1186 2119 1436 2190 αἰσθητὸν
1492 2124 1652 2175 τοῦτο
1687 2124 1823 2196 φῶς,
1853 2124 1949 2174 τοῦ
1981 2119 2032 2173 ἐν

390 2209 567 2285 τρισὶν
600 2207 787 2277 ἡλίοις
816 2208 1105 2283 ἐχομένοις
1133 2206 1400 2278 ἀλλήλων
1423 2207 1722 2281 νοουμένου
1745 2208 1834 2263 καὶ
1865 2227 2037 2282 προσ-

393 2298 730 2371 κυνουμένου
788 2297 986 2374 φωτὸς,
1044 2296 1301 2371 τυγχάνει
1358 2297 1560 2370 κτίσμα
1613 2298 1704 2351 καὶ
1763 2295 2034 2371 δημιούρ-

394 2409 573 2465 γημα,
603 2392 695 2442 καῖ
719 2383 1090 2460 άμυδρότατον
1148 2387 1237 2441 καὶ
1290 2385 1532 2459 ἀμαυρὸν
1580 2386 1918 2458 ἐξεικόνισμα
1946 2385 2035 2440 καὶ

395 2475 764 2549 ἀποσκίασμα.
796 2499 824 2527 ››
855 2476 918 2531 Ὀ
976 2472 1034 2529 δὲ
1083 2481 1183 2544 τῆς
1237 2469 1482 2538 ἀσεϐείας
1522 2473 1914 2548 τεθραμμένος,
1946 2474 2032 2528 καὶ

393 2569 493 2619 τοῦ
546 2563 771 2626 σκότους
852 2565 1170 2638 συνήγορος,
1257 2561 1436 2638 ὥσπερ
1509 2566 1578 2636 τῇ
1632 2562 1879 2637 ἀστραπῇ
1935 2565 2035 2636 τῇς

397 2653 771 2729 τρισσοφώτου
802 2650 1086 2720 θεότητος,
1144 2649 1234 2706 διά
1284 2654 1389 2715 τῆς
1448 2657 1644 2726 τρανῆς
1700 2650 1788 2706 καὶ
1829 2651 2040 2724 ἀπαρα-

400 2740 682 2796 καλύπτου
708 2747 808 2809 τῆς
837 2736 1165 2812 πανενδόξου
1220 2740 1388 2813 κόρης
1447 2736 1770 2812 ὁμολογίας,
1810 2739 1908 2806 τὴν
1941 2745 2039 2808 τῆς

406 2831 596 2901 ψυχῆς
626 2824 742 2900 ὄψιν
774 2824 1028 2903 πληγεὶς,
1061 2827 1149 2882 καὶ
1208 2831 1286 2897 τῷ
1343 2824 1548 2901 στερρῷ
1586 2829 1683 2880 τοῦ
1711 2824 2038 2901 ἀμαρύγμα-

406 2935 502 2976 τος
535 2914 742 2988 μᾶλλον
774 2913 1141 2990 ἀμαυρωθεὶς,
1205 2913 1394 2986 μανίας
1443 2913 1730 2987 γενόμενος
1760 2908 2036 2985 ἔμπλεως,

406 3003 496 3058 καὶ
526 3007 606 3075 τῷ
638 3008 795 3075 θυμῷ
827 3002 1139 3078 ὑπερζέσας,
1199 3003 1262 3057 τὸ
1317 3002 1467 3080 ξίφος
1526 3002 1887 3074 σπασάμενος,
1922 3003 2038 3076 ὥρ-

406 3112 574 3165 μησεν
608 3091 636 3145 ὁ
669 3090 1045 3163 ἐσκοτισμένος
1100 3091 1162 3145 τὸ
1221 3091 1504 3164 μονογενὲς
1560 3087 1888 3166 κατασφάξαι
1948 3100 2038 3152 θυ-

396 3181 639 3254 γάτριον,
694 3185 796 3246 τῆς
855 3173 1125 3240 εὐσεϐείας
1183 3179 1323 3250 ὁμοῦ
1379 3178 1469 3232 καὶ
1523 3183 1623 3246 τῆς
1672 3177 1882 3254 φύσεως
1910 3175 2039 3239 τοὺς

402 3266 566 3340 ὅρους
621 3261 952 3335 ἐκϐεϐηκὼς,
1009 3264 1091 3320 ὅτι
1151 3264 1298 3336 αὐτῷ
1354 3266 1454 3333 τήν
1510 3271 1610 3334 τῆς
1668 3270 1812 3334 ζωῆς
1853 3261 2040 3338 τρίϐον

405 3351 689 3426 ὑπέδειξεν.
722 3355 928 3416 Ὄντως
959 3353 1022 3408 οὐ
1057 3354 1222 3426 μόνον
1254 3351 1303 3426 ἐξ
1358 3350 1632 3417 ἀνθώδους
1664 3357 1852 3430 φυτοῦ,
1885 3351 2045 3428 ῥόδον

405 3444 606 3516 ὡραῖον
663 3442 755 3497 καὶ
814 3439 1177 3496 εὐωδέστατον
1233 3439 1440 3516 φύεται,
1473 3438 1618 3495 άλλά
1647 3441 1736 3495 καὶ
1769 3441 1826 3495 ἐκ
1856 3439 2045 3496 δυσσε-

405 3525 534 3593 ϐοῦς
595 3531 748 3606 ῥίζης
801 3531 1007 3602 καρπὸς
1059 3527 1330 3591 πολλάκις
1389 3524 1663 3592 εὐσεϐείας
1717 3527 2042 3587 ἀναδίδοται.

407 3619 508 3674 Καὶ
544 3620 746 3693 μάρτυς
780 3613 1033 3692 Ἀϐραάμ
1091 3618 1119 3672 ὁ
1177 3617 1546 3691 πατριάρχης,
1607 3617 1694 3672 καὶ
1754 3614 1842 3672 διά
1882 3622 2042 3673 τοῦτο

401 3708 510 3761 τῶν
545 3706 710 3761 ἐθνῶν
747 3708 949 3780 πατὴρ,
979 3710 1086 3760 τῶν
1134 3707 1232 3774 τὴν
1283 3705 1447 3759 αὐτοῦ
1477 3703 1655 3760 πίστιν
1685 3705 2042 3776 ἐζηλωκότων

400 3793 646 3865 κληθεὶς,
689 3799 905 3869 πρῶτος
963 3800 1234 3868 πατρικῆς
1290 3793 1664 3871 ἀποφοιτήσας
1729 3793 2043 3862 πολυθείας,

399 3884 489 3938 καὶ
546 3883 862 3953 ἀθεότητος.
930 3884 1140 3944 Ὄντως
1193 3881 1554 3956 πεπλήρωται
1611 3881 1701 3937 καὶ
1761 3881 1812 3936 ἐν
1866 3881 2044 3955 τούτῳ

397 3976 498 4028 τοῦ
533 3978 793 4045 Σωτῆρος
852 3973 1012 4044 ἡμῶν
1074 3971 1254 4040 Ἰησοῦ
1310 3969 1548 4046 Χριστοῦ
1579 3972 1614 4039 ἡ
1647 3970 1760 4024 θεία
1797 3969 2044 4047 πρόρῥη-

401 4081 509 4130 σις,
542 4059 805 4136 θυγατέρα
833 4059 922 4114 καὶ
982 4059 1198 4135 νύμφην
1255 4057 1390 4113 κατὰ
1437 4059 1660 4132 πατρὸς,
1689 4060 1776 4112 καὶ
1815 4060 2041 4132 μητρὸς,

399 4148 491 4203 καὶ
522 4151 778 4222 πενθερᾶς
814 4146 1147 4218 ἐξανιστᾶσα,
1203 4147 1269 4201 τὰ
1326 4148 1418 4201 νέα
1474 4148 1564 4201 καὶ
1595 4147 1897 4224 πρόσφατα,
1927 4153 2043 4209 τοῖς

401 4237 658 4297 παλαιοῖς
701 4236 791 4290 καὶ
850 4231 1146 4309 ληρώδεσι·
1206 4234 1294 4289 καὶ
1355 4231 1731 4310 διχοτομοῦσο.
1759 4235 1821 4289 τὸ
1851 4241 2039 4312 χεῖρον

399 4325 507 4379 ἀπὸ
537 4329 633 4379 τοῦ
663 4324 996 4397 κρείττονος.

478 4437 524 4488 ι’.
583 4429 650 4486 Τί
707 4427 822 4496 οὖν,
881 4431 915 4498 ἠ
974 4426 1307 4497 πανευκλεὴς
1366 4424 1657 4504 Βαρϐάρας
1701 4433 1797 4484 τοῦ
1836 4431 2040 4506 πατρὸς

400 4522 580 4592 ὁρῶσα
611 4519 671 4573 τὸ
729 4517 1048 4592 παμμίαρον
1107 4516 1360 4592 ὅρμημα,
1422 4518 1634 4590 μᾶλλον
1669 4515 1725 4574 δὲ
1753 4525 1852 4588 τῆς
1887 4541 2040 4592 μιαι-

399 4612 590 4690 φονίας
637 4612 826 4664 τοῦτον
894 4607 1221 4682 οἰκτείρασα,
1281 4608 1351 4662 δι’
1407 4609 1580 4683 εὐχῆς
1636 4609 2038 4682 παρακειμένην

405 4701 663 4776 μεγίστην
715 4699 911 4770 πέτραν
972 4695 1234 4768 διοίξασα,
1300 4693 1389 4752 διά
1447 4699 1618 4770 μέσης
1670 4697 1871 4768 ταύτης
1902 4700 2038 4774 πρὸς

395 4790 460 4844 τὸ
513 4786 695 4861 ἓτερον
753 4787 915 4860 μέρος
970 4789 1067 4840 τοῦ
1147 4805 1307 4859 ορους
1388 4786 1765 4859 μεθώρμησεν.
1825 4788 1890 4840 Ὢ
1944 4791 2044 4841 τοῦ

402 4877 715 4948 θαύματοςί
775 4875 944 4949 πέτρα
995 4879 1300 4948 σχισθεῖσα,
1361 4872 1648 4947 ἐγκόλπιον
1696 4875 1794 4942 τὴν
1830 4872 2040 4947 ἀμνάδα

401 4963 724 5039 εἰσδέχεται,
753 4961 843 5017 καὶ
898 4963 926 5016 ὁ
985 4961 1151 5017 λίθων
1211 4960 1658 5037 άναισθητότερος
1702 4963 1904 5032 ταύτης
1933 4984 2036 5018 πα-

397 5053 501 5125 τηρ
530 5049 622 5105 καὶ
653 5047 914 5119 διώκτης,
977 5047 1188 5121 μᾶλλον
1246 5052 1315 5122 τῇ
1373 5050 1628 5124 πωρώσει
1685 5047 2034 5116 ἀπελιθοῦτο,

394 5139 484 5194 καὶ
527 5138 600 5193 εἷς
646 5135 898 5212 πετρώδη
959 5134 1270 5191 ἀντιτυπίαν
1334 5137 1622 5211 μετήγετο.
1657 5135 1758 5193 Καὶ
1789 5133 2037 5192 οὐδὲτοῦ

397 5228 670 5298 θαύματος
721 5225 784 5280 τὸ
841 5221 1144 5298 παράδοξον
1199 5222 1434 5296 μαλάξαι
1490 5224 1685 5280 τούτου
1753 5222 2034 5294 δεδύνηται

394 5321 494 5384 τῆς
527 5314 714 5388 ψυχῆς
742 5313 804 5368 τὸ
845 5310 1083 5388 σκληρὸν
1139 5312 1228 5366 καὶ
1286 5312 1670 5387 ἀπάνθρωπον,
1703 5312 1829 5369 ἀλλ’
1861 5315 2032 5388 ὑπερ-

398 5399 496 5466 ϐάς
525 5403 588 5458 τὸ
633 5399 784 5476 ὅρος,
839 5399 1038 5473 ταύτην
1098 5402 1277 5472 ἐζήτει
1331 5399 1400 5457 δι’
1456 5403 1795 5477 ἐρωτήσεως.
1830 5405 1930 5461 Καὶ
1963 5402 2028 5475 δή

470 5595 518 5629 ³³
546 5597 710 5652 Joan.
742 5612 782 5664 ι,
815 5598 867 5648 9.
899 5593 946 5630 ³³
977 5593 1174 5648 Matth.
1207 5611 1262 5662 χ,
1299 5597 1385 5648 '32.

2147 1949 2484 2014 cohortans,
2513 1947 2710 2017 palam
2742 1945 3120 2018 praedicabat.
3150 1968 3178 1996 «
3212 1947 3381 2013 Sane,
3403 1946 3616 2016 inquit:
3637 1963 3777 2001 nam

2144 2039 2396 2093 Trinitas
2451 2038 2730 2092 illuminat
2780 2054 2990 2092 omnem
3037 2037 3308 2090 hominem
3361 2038 3663 2090 venientem
3718 2038 3777 2088 in

2145 2127 2286 2182 hunc
2301 2128 2566 2181 mundum
2589 2127 2655 2181 “.
2673 2127 2792 2180 Hoc
2805 2125 3024 2196 quippe
3046 2125 3249 2178 lumen
3268 2124 3425 2193 quod
3443 2140 3620 2178 sensu
3642 2139 3776 2193 per-

2145 2215 2379 2286 cipitur,
2411 2231 2559 2268 verm
2587 2213 2748 2267 illius
2779 2212 2948 2281 lucis,
2969 2229 3099 2282 quas
3121 2212 3182 2265 in
3202 2211 3448 2281 triplicis
3473 2211 3614 2265 solis
3635 2227 3780 2265 con-

2137 2304 2447 2375 junctione
2469 2302 2820 2374 intelligitur
2839 2307 2898 2356 et
2913 2301 3480 2368 adoratur,creatum
3502 2317 3648 2371 opus
3667 2305 3777 2368 est,

2146 2391 2392 2462 ejusque
2415 2391 2796 2463 perexiguum
2813 2394 2871 2443 et
2885 2389 3375 2443 obscurissimum
3398 2388 3780 2443 simulacrum

2147 2485 2204 2536 et
2232 2480 2626 2536 adumbratio.
2662 2501 2689 2528 »
2725 2481 2899 2534 Pater
2924 2478 3226 2548 impietate
3259 2477 3561 2542 educatus,
3587 2493 3655 2532 ac
3693 2481 3778 2530 te-

2147 2568 2467 2623 nebrarum
2492 2573 2798 2639 patronus,
2831 2566 3144 2636 perspicua
3173 2571 3494 2635 apertaque
3543 2565 3779 2634 inclytae

2147 2655 2360 2726 puellae
2392 2655 2782 2720 confessione,
2817 2653 2996 2707 veluti
3029 2653 3198 2706 tiinaa
3231 2652 3380 2706 lucis
3412 2651 3647 2706 deitatis
3668 2652 3783 2706 ful-

2146 2759 2284 2814 gore
2314 2742 2680 2813 perstrictus,
2710 2741 2907 2794 furore
2938 2739 3220 2809 repletus,
3244 2756 3311 2794 ac
3342 2755 3520 2809 supra
3540 2739 3784 2794 modum

2149 2836 2428 2897 testuans,
2455 2846 2573 2900 qua
2598 2829 2847 2901 caligine
2876 2827 3199 2895 laborabat,
3229 2827 3430 2882 stricto
3479 2827 3674 2899 gladio
3718 2829 3782 2883 in

2148 2921 2420 2992 unigenaa
2455 2919 2591 2973 filim
2623 2935 2744 2973 sum
2767 2933 2971 2972 necem
3005 2917 3195 2983 irruit,
3230 2917 3468 2988 pietatis
3516 2916 3694 2971 simul
3724 2922 3784 2972 et

2149 3013 2376 3063 naturae
2408 3008 2555 3062 ﬁnes
2589 3005 2900 3070 excedens,
2928 3004 3084 3076 quod
3110 3021 3178 3060 ea
3205 3005 3316 3075 ipsi
3348 3005 3478 3060 vita)
3510 3005 3782 3060 semitam

2149 3097 2668 3153 submonslrasset.
2703 3095 2795 3150 Sic
2825 3095 3002 3166 plane
3033 3110 3094 3147 se
3125 3109 3221 3146 res
3243 3093 3438 3159 habet,
3472 3098 3538 3146 ut
3562 3109 3680 3147 non
3713 3109 3784 3148 ex

2150 3187 2391 3258 spinosa
2420 3185 2614 3240 solum
2644 3184 2826 3254 stirpe
2856 3187 3102 3238 venusta
3129 3198 3263 3236 rosa
3281 3180 3783 3252 fragrantissima-

2155 3291 2268 3345 que
2308 3272 2573 3346 prodeat,
2601 3272 2704 3327 sed
2721 3278 2786 3326 ut
2801 3271 2977 3327 etiam
2997 3287 3067 3325 ex
3083 3271 3264 3341 impia
3292 3270 3490 3325 radice
3510 3286 3629 3324 non
3649 3286 3782 3324 raro

2152 3363 2388 3434 pietatis
2418 3361 2643 3416 fructus
2673 3360 2883 3415 edatur
2911 3376 2923 3414 :
2957 3359 3126 3430 cujus
3159 3358 3325 3413 testis
3371 3364 3461 3414 est
3488 3358 3784 3414 Abraham

2150 3449 2802 3523 patriarcha,etidcirco
2814 3447 3098 3520 gentium,
3118 3465 3248 3518 quas
3268 3446 3444 3502 ﬁdem
3458 3447 3587 3517 ejus
3601 3464 3782 3502 aemu-

2152 3540 2543 3610 lantur,pater
2554 3542 2948 3608 nuncupatus,
2965 3535 3192 3606 primus
3209 3551 3242 3589 a
3259 3541 3504 3605 paterna
3524 3535 3784 3605 plurium

2151 3629 2466 3684 numinum
2499 3626 2918 3697 superstitione
2949 3630 3125 3693 atque
3146 3624 3447 3694 impietate
3478 3622 3783 3678 recedens.

2153 3721 2300 3772 Vere
2330 3718 2389 3771 in
2422 3717 2531 3770 hoc
2564 3731 2797 3785 quoque
2827 3711 3140 3768 Salvatoris
3170 3711 3356 3765 nostri
3387 3712 3520 3764 Jesu
3569 3710 3785 3764 Christi

2152 3805 2349 3860 divina
2378 3803 2621 3874 impleta
2646 3801 2947 3872 praedictio
2979 3804 3086 3861 est,
3117 3815 3246 3868 qua:
3274 3798 3458 3852 ﬁliam
3483 3801 3540 3850 et
3568 3811 3784 3850 nurum

2152 3893 2429 3948 adversus
2460 3896 2709 3962 patrem.
2743 3893 3112 3956 matremque
3144 3891 3202 3940 et
3231 3901 3464 3939 socrum
3486 3883 3700 3938 excitat
3716 3882 3783 3952 ³³,

2151 3995 2417 4052 novaque
2449 3984 2510 4034 et
2537 3978 2798 4034 recentia
2827 3977 3104 4032 adversus
3133 3980 3328 4028 vetera
3357 3979 3415 4028 et
3449 3972 3637 4028 delira
3664 3977 3784 4026 sta-

2153 4076 2344 4196 tuents,
2377 4068 2534 4141 quod
2561 4068 2819 4124 deterius
2833 4064 3032 4135 est,ab
3049 4081 3116 4119 eo
3151 4064 3308 4135 quod
3337 4063 3534 4133 potius
3557 4066 3664 4127 est,
3693 4076 3783 4115 re-

2153 4158 2284 4196 seca
2315 4183 2328 4195 .

2151 4158 2328 4197 secat.

2220 4425 2365 4480 90]
2403 4426 2484 4478 10.
2508 4421 2658 4488 Quid
2679 4421 2877 4493 igitur,
2903 4417 3308 4474 illustrissima
3329 4416 3582 4472 Barbara
3608 4416 3620 4471 !
3646 4434 3785 4471 con-

2150 4519 2348 4585 specto
2377 4511 2561 4584 patris
2598 4508 3052 4566 sceleratissimo
3089 4507 3336 4566 assultu.
3360 4506 3624 4574 quinimo
3659 4507 3784 4576 ejus

2149 4604 2393 4659 miserta
2407 4600 2800 4668 szevitiaa,fusa
2817 4595 3425 4670 prece,pra2grandem
3449 4612 3578 4666 quae
3593 4595 3782 4648 vicina

2151 4697 2276 4747 erat
2299 4707 2505 4762 rupem
2520 4688 2814 4760 aperiens,
2829 4703 2936 4758 per
2951 4702 3079 4741 eam
3100 4684 3355 4740 mediam
3370 4683 3430 4736 in
3453 4683 3781 4754 oppositam

2148 4782 2396 4838 alteram
2427 4781 2647 4836 montis
2676 4783 2905 4850 partem
2937 4782 3302 4846 transgressa
3342 4777 3449 4827 est.
3484 4774 3628 4826 Rem
3661 4772 3780 4826 mi-

2147 4887 2274 4926 ram
2295 4870 2307 4924 ι
2341 4871 2513 4923 Petra
2532 4869 2716 4922 scissa
2739 4882 2844 4921 suo
2867 4881 3078 4936 agnam
3100 4861 3321 4935 gremio
3349 4860 3582 4931 excipit,
3607 4864 3661 4914 et
3684 4876 3784 4930 pa-

2147 4965 2238 5017 ter
2266 4959 2422 5014 saxis
2454 4957 2660 5012 durior
2689 4973 2756 5011 ac
2782 4958 3144 5026 persecutor,
3197 4951 3495 5006 obstinato
3543 4955 3782 5020 stupore

2146 5048 2332 5120 magis
2364 5045 2666 5117 magisque
2696 5043 3066 5114 lapidescens
3114 5041 3176 5094 in
3221 5055 3457 5093 saxeam
3501 5037 3780 5093 duritiem

2145 5135 2450 5192 transibat.
2472 5136 2667 5204 Neque
2682 5131 2959 5186 miraculi
2989 5134 3150 5184 tanta
3169 5129 3400 5183 novitas
3421 5127 3574 5182 hanc
3595 5125 3782 5181 animi

2146 5227 2274 5298 ejus
2306 5223 2586 5279 duritiam
2609 5227 2665 5276 et
2687 5221 3120 5276 immanitatem
3143 5217 3375 5272 mollire
3399 5216 3608 5286 potuit;
3634 5214 3780 5285 quin

2140 5315 2336 5386 potius
2354 5317 2625 5384 superato
2649 5316 2849 5365 monte
2866 5307 3106 5364 assidua
3127 5303 3568 5377 percontatione
3593 5303 3776 5358 tiliam

2142 5402 2694 5475 exquirebat.Quam
2708 5399 2943 5454 demum
2958 5397 3254 5451 inventam
3268 5408 3599 5465 cassamque
3612 5406 3780 5446 coma
