4042 6154
311 307 423 364 795

1590 313 1650 367 Β.
1689 313 1991 370 JOANNIS
2023 315 2440 372 DAMASCENI

3592 315 3702 371 796

315 432 632 505 arripiens,
667 435 726 488 et
754 446 784 486 e
807 435 1006 488 monte
1029 433 1292 499 trahens,
1318 432 1559 489 domum
1575 434 1750 501 redit,
1774 440 1951 507 atque

2063 433 2230 510 εὑρὼν
2257 436 2349 491 καὶ
2410 435 2688 509 μαστίξας,
2747 442 2849 507 τῆς
2904 436 3085 512 κόμης
3138 435 3303 509 αὐτὴν
3364 433 3563 506 ἕλκων,
3607 436 3699 492 καὶ

318 527 568 593 angusta
587 520 820 576 beatam
852 520 1103 577 radicula
1132 522 1372 577 claudit.
1397 524 1540 577 Tum
1572 524 1699 595 ejus
1717 540 1957 579 causam

319 609 561 682 praesidi
593 608 802 675 defert,
836 608 1216 664 cruciandam
1256 609 1518 676 tradens,
1550 610 1955 683 adjuratisque

318 700 666 755 numinibus
680 699 996 755 obsecrans
1010 717 1044 753 u
1056 705 1075 753 t
1087 699 1315 754 acerbis
1330 701 1641 755 tormentis
1655 700 1955 757 subactam

319 793 545 844 enecet.
579 788 973 853 Quamobrem
1004 805 1223 859 praeses
1252 805 1358 860 pro
1407 788 1688 843 tribunali
1720 789 1952 856 sedens,

321 877 432 932 sibi
467 883 785 948 martyrem
819 878 947 932 sisti
970 876 1161 949 jubet.
1197 878 1522 949 Conspecta
1541 895 1675 933 vero
1706 878 1955 933 ﬂorente

314 964 508 1021 vultus
542 964 758 1036 specie,
781 964 1077 1020 luminum
1108 965 1437 1021 claritatem
1462 982 1527 1021 ac
1550 982 1824 1021 serenum
1844 966 1951 1020 mi-

314 1060 501 1121 ratus,
530 1057 759 1109 tentare
781 1070 911 1109 eam
932 1053 1239 1109 blanditiis
1256 1054 1450 1126 coepit,
1469 1054 1715 1109 suadere
1733 1054 1950 1121 nitens,

317 1146 376 1197 et
399 1141 694 1196 adulando
710 1141 1010 1196 seducere.
1038 1143 1169 1196 Hmc
1193 1142 1351 1196 enim
1372 1143 1563 1213 prima
1583 1141 1801 1196 diaboli
1823 1142 1950 1196 ine-

318 1229 502 1285 scatio
527 1233 631 1283 est.
657 1230 773 1285 Aut
793 1228 951 1284 enim
976 1229 1336 1300 voluptatem
1358 1230 1719 1301 laudumque
1741 1230 1951 1284 lenoci.

318 1318 417 1373 nio
450 1317 786 1374 demulcere
802 1323 860 1372 et
873 1318 1141 1373 emollire
1156 1319 1455 1373 hominem
1469 1319 1699 1390 satagit,
1724 1324 1824 1373 aut
1841 1318 1954 1372 mi—

316 1407 410 1461 nis
442 1410 501 1461 et
528 1411 850 1463 tormentes
889 1411 1110 1462 terrere
1161 1412 1221 1461 et
1266 1407 1608 1479 percellere.
1659 1407 1766 1462 Ubi
1814 1423 1950 1478 ergo

319 1495 579 1565 priorem
605 1511 843 1550 omnem
876 1496 1220 1550 exhaustam
1249 1496 1587 1567 pharetram
1610 1495 1771 1559 vidit,
1801 1500 1858 1549 et
1879 1495 1949 1548 il-

317 1583 563 1638 lustrem
585 1584 844 1655 pugilem
869 1584 1468 1656 smculidespuentem
1492 1583 1821 1653 illecebras,
1840 1589 1952 1637 ter-

316 1688 645 1742 renamque
684 1672 932 1744 gloriam
954 1688 1193 1728 omnem
1224 1689 1291 1727 ac
1320 1673 1678 1743 voluptatem
1701 1688 1808 1727 ceu
1828 1671 1948 1725 feni

317 1759 525 1815 ﬂorem
538 1761 639 1831 qui
652 1760 824 1816 facile
845 1761 1099 1817 intereat
1113 1766 1172 1815 et
1191 1766 1533 1825 marcescat,
1558 1760 1949 1815 mstimantem

318 1850 527 1919 sensit,
551 1863 772 1919 suaque
795 1848 1168 1904 hortamenta
1190 1855 1247 1903 et
1262 1849 1587 1921 praestigias
1600 1848 1757 1903 haud
1780 1864 1949 1903 secus

314 1953 382 1993 ac
395 1938 687 2010 serpentis
701 1938 858 1993 virus
870 1938 1283 2010 horrendaque
1295 1954 1523 1996 venena
1534 1939 1949 2007 detestantem,

313 2026 387 2080 ad
407 2027 568 2081 aliud
582 2026 894 2081 confestim
910 2027 1303 2081 tentationum
1321 2043 1504 2098 genus
1526 2028 1793 2081 animum
1812 2042 1949 2081 con-

308 2114 503 2171 vertit.
518 2114 663 2168 Cum
687 2119 885 2170 autem
903 2116 1095 2169 minas
1112 2115 1335 2185 pariter
1355 2114 1725 2169 deridentem
1748 2130 1949 2169 ceme-

311 2205 405 2257 ret
431 2200 630 2255 furore
661 2200 897 2272 plenus,
929 2200 1088 2255 velut
1107 2202 1338 2273 perdito
1366 2201 1518 2268 oleo,
1542 2202 1625 2256 ita
1648 2218 1779 2256 eam
1802 2201 1952 2259 allo-

308 2290 512 2362 quitur
536 2306 549 2345 :
585 2310 613 2339 ‹‹
629 2289 778 2355 Quid
806 2306 941 2360 ergo
965 2290 1069 2358 vis,
1091 2290 1293 2361 puella
1313 2290 1456 2346 ?aut
1480 2290 1593 2345 diis
1616 2290 1947 2357 immolare,

312 2383 415 2433 aut
443 2377 674 2433 acerbis
703 2383 1114 2450 consumptam
1146 2379 1457 2434 tormentis
1489 2379 1733 2437 interire
1753 2379 1825 2434 δῖ»
1860 2379 1947 2435 Ad

311 2483 489 2538 quem
519 2472 762 2538 martyr,
795 2468 1092 2525 constanti
1124 2468 1325 2523 animo
1359 2467 1682 2538 ﬁdentique
1705 2468 1950 2523 audacia

314 2556 519 2628 paucis
549 2555 761 2623 verbis,
795 2561 919 2611 tum
946 2557 1104 2627 piam
1136 2556 1292 2613 clare
1323 2556 1589 2627 professa
1619 2557 1796 2611 fidem
1841 2562 1948 2625 est,

312 2649 487 2714 atque
501 2644 870 2699 infensorum
887 2645 1000 2699 Deo
1018 2650 1400 2715 tyrannorum
1415 2644 1951 2715 amentiamimpie-

314 2736 616 2804 tatemque
643 2733 921 2788 traduxit.
954 2732 1180 2797 Quibus
1196 2749 1334 2787 vero
1356 2733 1513 2787 istud
1533 2732 1905 2790 sermonibus
1924 2733 1952 2790 ?

316 2842 344 2871 ιι
376 2823 491 2893 Ego
520 2826 727 2892 parata
758 2837 911 2889 sum,
940 2822 1158 2891 inquit,
1186 2825 1253 2875 ut
1280 2820 1527 2878 Domino
1551 2822 1686 2877 Jesu
1716 2821 1946 2876 Christo

312 2907 639 2972 immolem,
670 2907 770 2977 qui
798 2908 940 2963 fecit
968 2908 1181 2962 coelum
1213 2912 1271 2962 et
1294 2913 1534 2975 terram,
1575 2914 1635 2962 et
1662 2925 1845 2976 mare,
1892 2913 1951 2964 et

310 2996 584 3051 universa
612 3012 742 3067 qum
774 2995 833 3050 in
866 2996 953 3051 eis
984 2997 1293 3053 exsistunt.
1327 2998 1562 3051 Vestros
1582 3002 1776 3051 autem
1807 2996 1950 3051 deos

313 3083 559 3155 pulchre
580 3083 875 3154 Propheta
896 3082 988 3137 his
1004 3082 1195 3137 verbis
1209 3082 1621 3140 subsannavit:
1645 3083 1713 3138 Os
1728 3083 1947 3150 habent,

2068 521 2242 600 σύρων
2275 522 2381 579 ἀπὸ
2410 528 2505 580 τοῦ
2563 525 2747 599 ὅρους,
2805 523 2959 589 αὖθις
3019 526 3280 593 ἐπάνεισι,
3309 524 3398 581 καὶ
3431 526 3485 581 ἐν
3517 530 3698 599 μικρῷ

2062 612 2162 679 τὴν
2194 610 2454 688 μακαρίαν
2488 611 2715 685 οἰκίσκῳ
2765 610 3127 668 κατέκλεισεν.
3181 612 3287 669 Καὶ
3335 617 3416 686 τῷ
3464 612 3696 686 ἡγεμόνι

2062 699 2129 753 τὰ
2182 701 2298 755 κατ’
2355 701 2520 770 αὐτὴν
2579 701 2836 774 μηνύσας,
2899 700 3269 777 βασανίζεσθαι
3304 697 3698 777 παραδίδωσιν,

2064 788 2307 863 ὁρκώσας
2339 787 2495 847 αὑτὸν
2554 790 2690 845 κατὰ
2746 794 2854 844 τῶν
2912 790 3071 859 θεων,
3126 795 3346 861 πικραῖς
3399 788 3566 859 αὐτήν
3600 809 3701 844 κα-

2060 876 2369 932 ταναλῶσαι
2421 875 2727 934 κολάσεσιν.
2783 877 3129 955 ῙΙροκαθίσας
3176 875 3266 933 οῦν
3298 878 3326 932 ὁ
3355 878 3576 955 ἡγεμὼν
3610 876 3699 935 ἐπὶ

2059 968 2157 1020 τοῦ
2218 967 2483 1042 βήματος,
2540 964 2815 1022 ἐκέλευσεν
2872 972 3207 1042 παραστῆναι
3270 968 3369 1035 τὴν
3427 966 3699 1041 μάρτυρα,

2061 1054 2398 1127 Θεασάμενος
2430 1052 2486 1109 δὲ
2513 1055 2614 1125 τήν
2669 1052 2995 1109 ἐπανθοῦσαν
3054 1053 3219 1125 αὐτῆς
3269 1058 3364 1108 τοῦ
3394 1054 3699 1131 προσώπου

2062 1141 2398 1217 εὐπρέπειαν,
2456 1143 2662 1215 ἐξέστη,
2721 1144 2808 1198 καὶ
2893 1142 2956 1198 τὸ
3018 1140 3241 1219 φαιδρὸν
3296 1149 3399 1211 τῆς
3457 1143 3702 1219 ὁράσεως

2061 1230 2378 1303 ἰθαύμασεν·
2455 1231 2545 1286 καὶ
2632 1229 2833 1306 ἤρξατο
2904 1229 3159 1294 θωπείαις
3236 1230 3402 1298 αύτῆν
3480 1235 3696 1305 πειρᾷν,

2059 1319 2256 1374 πείθειν
2335 1319 2674 1392 βιαζόμενος,
2759 1318 2849 1374 καὶ
2933 1316 3246 1380 κολακείαις
3302 1319 3698 1395 προσάγεσθαι,

2058 1411 2229 1462 Τοῦτο
2260 1407 2363 1482 γὰρ
2394 1407 2455 1462 τὸ
2497 1412 2712 1482 πρῶτον
2766 1410 2864 1462 τοῦ
2923 1402 3188 1462 διαϐόλου
3246 1403 3460 1482 δέλεαρ.
3492 1410 3562 1461 ’Ἠ
3591 1408 3696 1483 γάρ

2058 1493 2282 1565 ἡδοναῖς
2310 1495 2399 1550 καὶ
2430 1494 2670 1558 ἐπαίνοις
2726 1492 2961 1570 θέλγειν,
3014 1493 3104 1550 καὶ
3159 1494 3696 1567 καταμαλακίζεσθαι

2060 1581 2339 1658 δοκιμάζει
2368 1585 2458 1639 τὸν
2514 1581 2819 1657 ἄνθρωπον,
2873 1585 2910 1654 ἢ
2968 1578 3217 1639 ἐκφοϐεῖν
3246 1585 3337 1638 καὶ
3366 1589 3697 1639 καταπτοεῖν

2058 1671 2309 1735 ἀπειλαῖς
2334 1674 2424 1728 καὶ
2479 1671 2786 1730 κολάσεσιν.
2843 1673 2932 1734 Ὠς
2987 1669 3078 1727 οῦν
3136 1677 3307 1726 πᾶσαν
3364 1672 3532 1726 αύτοῦ
3590 1673 3694 1740 τὴν

2056 1761 2320 1837 προτέραν
2374 1760 2639 1835 φαρέτραν
2698 1760 2974 1829 ἰκίνωσεν,
3054 1759 3145 1815 καὶ
3214 1760 3312 1829 τήν
3369 1758 3694 1834 ἀθληφόρον

2059 1848 2201 1927 ἑώρα
2229 1851 2294 1905 τά
2347 1850 2586 1922 κοσμικὰ
2637 1847 3016 1919 διαπτύουσαν,
3075 1847 3365 1923 θέλγητρα,
3393 1848 3481 1902 καὶ
3516 1853 3692 1902 πᾶσαν

2060 1936 2239 2012 δόξαν,
2268 1940 2357 1994 καὶ
2384 1938 2591 2011 τρυφὴν
2625 1937 2857 2012 ἐπίγειον
2909 1937 2985 1999 ὡς
3035 1934 3196 2002 ἄνθος
3222 1938 3430 2013 χόρτου
3460 1936 3695 2012 λογιζοο

2063 2028 2229 2100 μὲνην
2288 2025 2582 2107 εῦφθαρτον
2633 2025 2723 2081 καὶ
2782 2025 3136 2101 εὐμάραντον,
3193 2024 3284 2081 καὶ
3338 2026 3434 2087 τὰς
3496 2025 3702 2081 τούτου

2057 2115 2393 2190 προτροπὰς,
2424 2115 2511 2169 καὶ
2543 2113 2998 2189 καταγοητεύσεις
3027 2114 3100 2175 ὡς
3136 2113 3216 2168 ἱὸν
3251 2109 3427 2186 ὄφεως
3457 2111 3700 2191 βδελυτ-

2057 2201 2314 2274 τομίνην,
2344 2202 2436 2256 καὶ
2468 2201 2668 2277 φευκτᾶ
2724 2197 3056 2276 δηλητήρια,
3116 2200 3270 2263 εὐθὺς
3301 2200 3387 2254 ἐπὶ
3414 2202 3476 2255 τὸ
3505 2198 3699 2276 ἕτερον

2060 2287 2199 2352 εἶδος
2253 2294 2360 2343 τῶν
2414 2292 2729 2367 πειρασμῶν
2792 2289 3167 2364 μετετρίπετο.
3201 2288 3300 2344 Καὶ
3344 2288 3441 2351 τὰς
3473 2290 3707 2353 ἀπειλάς

2058 2377 2316 2440 ὡσαύτως
2350 2374 2476 2432 ἷδὼν
2512 2377 2969 2454 μυκτηρίζουσαν,
3022 2378 3198 2454 θυμοῦ
3249 2378 3695 2453 μεμεστωμένος,

2058 2466 2132 2528 ὡς
2164 2470 2261 2522 τοῦ
2292 2469 2498 2521 σκοποῦ
2550 2462 2887 2540 διαμαρτὼν,
2913 2465 3047 2541 πρὸς
3105 2466 3273 2535 αὐτὴν
3308 2466 3700 2541 ἀπεφθέγγετο.

2058 2555 2119 2611 Τί
2149 2553 2243 2609 οῦν
2272 2553 2470 2622 θὲλεις,
2527 2553 2757 2627 κορίον;
2818 2558 2971 2617 θῦσαι
3022 2559 3140 2617 τοῖς
3200 2559 3362 2623 θεοῖς,
3412 2554 3448 2625 ἢ
3477 2560 3703 2627 πικραῖς

2054 2641 2348 2717 τιμωρίαις
2380 2640 2763 2711 ἀναλωθῆναις
2796 2641 2941 2716 Πρὸς
2989 2643 3045 2697 δν
3099 2645 3134 2711 ἡ
3193 2643 3419 2717 μάρτυς,
3453 2642 3704 2698 εὐσταθεῖ

2056 2735 2136 2802 τῷ
2191 2728 2336 2800 ἤθει,
2390 2730 2479 2785 καὶ
2542 2729 3073 2805 πεπαρῥησιασμὲνῳ
3148 2734 3230 2803 τῷ
3287 2732 3697 2804 παραστήματι,

2059 2818 2274 2893 ὀλίγοις
2333 2817 2538 2896 ῥήμασι
2590 2819 2690 2887 τήν
2744 2818 2793 2872 τ’
2851 2812 3047 2889 εὐσεϐῆ
3096 2819 3277 2873 πίστιν
3335 2818 3699 2893 ὡμολόγησεν

2059 2904 2397 2981 διαπρύσιον,
2429 2905 2517 2960 καὶ
2546 2906 2646 2974 τήν
2677 2910 2784 2960 τῶν
2839 2905 3009 2969 ἀθέων
3066 2908 3340 2982 τυράννων
3371 2909 3576 2976 ἄνοιαν,
3608 2907 3701 2962 καί

2057 2990 2300 3050 ἀσέϐειαν
2359 2991 2754 3062 ἔστηλίτευσεν.
2837 2991 2900 3047 Τί
2976 2994 3260 3071 apicum;
3321 2993 3452 3070 ἐγὼ,
3510 2995 3700 3071 φησὶν,

2059 3083 2295 3156 ἑτοίμως
2351 3078 2647 3153 ἔχωνθδσαι
2703 3086 2783 3155 τῷ
2839 3083 3021 3156 κυρίῳ
3083 3103 3189 3155 μου
3244 3085 3428 3152 Ἰησοῦ
3458 3084 3699 3156 Χριστῷ,

314 3180 365 3226 et
397 3188 506 3225 non
533 3173 861 3242 loquentur;
907 3171 1088 3226 oculos
1136 3172 1355 3238 habent,
1399 3177 1452 3226 et
1500 3188 1610 3226 non
1646 3172 1948 3237 videbunt;

2062 3175 2136 3242 τῷ
2166 3172 2452 3241 ποιήσαντι
2482 3170 2572 3224 τὸν
2605 3169 2829 3244 ούρανὸν
2886 3171 2975 3225 καὶ
3033 3171 3131 3239 τήν
3186 3176 3309 3245 γῆν,
3353 3170 3441 3224 καὶ
3471 3171 3571 3239 τὴν
3605 3170 3700 3234 θά-

313 3276 472 3314 aures
502 3261 721 3327 habent,
776 3266 828 3313 et
855 3276 967 3315 non
995 3261 1256 3325 audient;
1300 3275 1460 3314 nares
1499 3260 1696 3314 habent
1742 3266 1795 3316 et
1840 3276 1949 3315 non

313 3349 664 3412 odorabunt;
690 3364 887 3403 manus
917 3349 1133 3416 habent,
1161 3356 1211 3403 et
1239 3365 1348 3403 non
1387 3349 1701 3419 palpabunt
1720 3367 1743 3412 ;
1786 3350 1951 3418 pedes

315 3437 534 3503 habent,
566 3442 617 3493 et
647 3453 755 3491 non
785 3437 1187 3501 ambulabunt;
1214 3452 1325 3493 non
1366 3436 1679 3491 clamabunt
1723 3438 1779 3490 in
1822 3443 1951 3506 gut-

315 3532 437 3581 ture
464 3541 580 3581 suo.
614 3523 828 3580 Similes
857 3526 968 3579 illis
994 3528 1131 3594 ﬁant
1154 3527 1253 3595 qui
1286 3527 1501 3593 faciant
1551 3541 1635 3592 ea,
1676 3531 1727 3579 et
1772 3541 1951 3580 omnes

314 3613 415 3685 qui
443 3614 719 3683 conﬁdunt
750 3615 807 3668 in
838 3615 912 3669 eis
941 3614 1008 3659 ³ι·
1041 3613 1546 3678 Quemadmodum
1578 3613 1736 3667 enim
1768 3629 1953 3685 augu-

320 3708 477 3759 stum
502 3702 1010 3773 reverendumque
1041 3703 1141 3757 Dei
1168 3718 1385 3757 nomen
1406 3701 1554 3757 falso
1578 3701 1697 3757 illis
1726 3718 1761 3757 a
1790 3701 1952 3757 vobis

319 3791 576 3848 inditum
591 3796 700 3859 est,
725 3791 886 3847 omni
912 3807 1155 3864 prorsus
1173 3791 1305 3846 vitm
1324 3796 1458 3849 actu
1479 3795 1751 3850 carentet
1770 3790 1952 3846 desti-

319 3885 584 3936 tuuntur.
618 3903 645 3932 »

2058 3259 2280 3330 λασσαν,
2312 3258 2402 3313 καὶ
2449 3259 2621 3313 πάντα
2673 3257 2741 3312 τὰ
2796 3256 2849 3312 ὲν
2905 3256 3110 3319 αὐτοῖς,
3151 3256 3290 3319 Τοὺς
3323 3255 3380 3312 δὶ
3407 3259 3703 3333 ὑμετέρους

2057 3349 2233 3417 θεοὺς,
2292 3346 2476 3408 καλῶς
2528 3347 2557 3401 ὁ
2613 3347 2902 3422 προφήτης
2960 3346 3445 3422 κατεκερτόμησεν·
3507 3346 3699 3419 Στόμα

2054 3432 2268 3511 ἔχουσι,
2326 3435 2416 3490 καὶ
2502 3434 2563 3489 οὗ
2622 3433 2982 3504 λαλήσουσινο
3071 3433 3395 3511 ὀφθαλμούς
3478 3433 3691 3509 ἔχουσι,

2056 3524 2147 3580 καὶ
2204 3522 2304 3579 ούκ
2359 3519 2600 3598 ὄψονται⁸
2660 3523 2771 3577 ῶτα
2853 3520 3062 3597 ἔχουσι,
3119 3522 3209 3577 καὶ
3270 3523 3372 3577 οὐκ
3435 3523 3699 3578 ἀκούσον-

2056 3631 2164 3668 ur
2278 3612 2427 3689 ῥῖνας
2536 3605 2746 3689 ἔχουσι,
2831 3610 2921 3665 καὶ
3022 3610 3120 3665 ούκ
3199 3609 3698 3688 ὁσφρανθήσονται’

2057 3706 2249 3778 χεῖρας
2331 3698 2542 3776 ἔχουσι,
2650 3698 2740 3754 καὶ
2847 3699 2911 3754 ού
2995 3696 3407 3773 ψηλαφήσουσυ
3519 3696 3697 3762 πόδας

2058 3787 2270 3865 ἔχουσι,
2323 3788 2413 3843 καὶ
2498 3789 2563 3843 οὗ
2645 3788 3128 3862 περιπατήσουσιν
3207 3786 3269 3841 οὗ
3347 3788 3696 3864 φωνήσοοσιν

2057 3875 2111 3931 ὗν
2166 3882 2245 3950 τῷ
2298 3874 2532 3952 λάρυγγι
2588 3874 2785 3931 αὐτῶν.
2841 3875 3068 3946 Ὅμοιοι
3121 3874 3305 3939 αὐτοῖς
3355 3875 3591 3948 γίνοιντο
3642 3876 3697 3929 οἱ

316 3972 597 4031 ποιοῦντες
626 3966 781 4035 αὐτὰ,
812 3966 902 4022 καὶ
933 3968 1127 4030 πάντες
1156 3966 1208 4020 οἱ
1264 3966 1585 4028 πεποιθότες
1643 3965 1726 4021 ἱπ⁹
1782 3966 1985 4029 αὐτοῖς.
2042 3968 2243 4039 ’Ὠσπερ
2293 3965 2395 4041 γὰρ
2447 3966 2508 4019 τὸ
2564 3968 2659 4019 τοῦ
2703 3969 2835 4020 Θεοῦ
2866 3959 3156 4038 σεϐάσμιον
3190 3959 3365 4037 ὄνομα
3393 3961 3477 4019 ἐπ’
3505 3962 3704 4025 αὐτοὺς

316 4052 688 4130 ψευδωνύμως
721 4056 807 4133 ὑφ’
837 4055 990 4129 ὐμῶν
1022 4053 1361 4124 ἐπιτέθειται,
1392 4061 1493 4123 τῆς
1526 4059 1757 4124 ζωτικῆς
1790 4054 2059 4130 ἱνεργείας
2088 4053 2376 4129 ἀμοιροῦσί
2404 4074 2463 4108 τε
2489 4053 2578 4107 καὶ
2605 4051 2952 4129 χηρεύονται.

395 4167 479 4219 11.
512 4163 600 4218 Ad
632 4165 776 4232 base,
800 4161 1259 4220 scelestissimus
1277 4179 1343 4218 ac
1362 4161 1718 4217 saevissimus
1736 4179 1955 4234 praeses

323 4253 784 4325 obstupefactus,
800 4253 1085 4309 stridente
1110 4253 1216 4321 ira,
1235 4251 1468 4307 nudata:
1486 4252 1727 4324 virginis
1750 4267 1957 4307 carnes

323 4347 518 4401 nervis
532 4344 769 4403 bubulis
783 4342 907 4397 dire
922 4341 1355 4415 concidijubet,
1372 4342 1744 4415 intlictasque
1758 4341 1958 4415 plagas

324 4434 576 4491 cilicinis
591 4432 802 4507 pannis
815 4432 897 4486 ita
910 4429 1305 4503 perfricari,ut
1318 4435 1503 4484 totum
1525 4446 1738 4500 corpus
1751 4446 1957 4484 cruore

2137 4161 2224 4216 αι’.
2285 4160 2426 4237 Πρὸς
2479 4163 2645 4214 ταῦτα
2699 4157 3065 4233 καταπλαγεὶς
3123 4157 3151 4212 ὁ
3208 4156 3554 4232 παμμίαρος,
3609 4155 3700 4212 καὶ

2067 4247 2389 4320 ἶταμότατος
2442 4247 2686 4321 ἡγεμὼν,
2746 4244 3085 4323 παφλάζοντι
3142 4249 3220 4317 τῷ
3278 4248 3435 4318 θυμῷ
3491 4244 3703 4303 κελεύει

2063 4338 2432 4411 γυμνωθεῖσαν
2487 4336 2587 4404 τήν
2650 4333 2912 4410 μάρτυρα,
2971 4332 3279 4409 βουνεύροις
3346 4333 3440 4394 τὰς
3502 4332 3697 4407 σάρκας

2068 4422 2232 4492 αὐτῆς
2303 4420 2535 4501 ἀφειδῶς
2604 4423 2967 4492 καταξὲεσθαι,
3045 4421 3136 4475 καὶ
3193 4419 3462 4496 τριχίνοις
3518 4420 3701 4495 ῥάκεσι

322 4488 665 4594 tingeretur.
682 4517 1277 4591 Papm,venerandam
1292 4532 1637 4587 sacramque
1648 4517 1801 4571 ποτ
1819 4533 1953 4570 con-

2066 4512 2155 4566 καὶ
2215 4511 2486 4586 ὑφάσμασι
2537 4511 2632 4574 τάς
2709 4508 3038 4573 ἐπιτιθείσας
3096 4510 3234 4583 αὐτῇ
3287 4506 3507 4583 πληγάς
3565 4510 3699 4564 ἀπο-

324 4610 647 4666 fessionem
689 4611 873 4671 tuam,
905 4605 1191 4677 praeclara
1236 4604 1462 4672 victrix,
1494 4602 1707 4657 Christi
1740 4608 1961 4674 martyr

323 4699 600 4767 Barbara,
625 4712 804 4769 quam
826 4694 1036 4766 spiritu
1061 4697 1263 4748 sancto
1286 4696 1544 4760 auctore,
1566 4690 1672 4746 sub
1695 4691 1958 4746 omnium

324 4792 646 4861 conspectu
666 4783 959 4857 intrepide
978 4787 1036 4837 et
1059 4797 1261 4837 secure
1280 4779 1544 4852 professa
1566 4795 1648 4849 es,
1672 4780 1960 4834 divinam-

328 4894 440 4955 que
459 4881 734 4931 naturam
752 4871 1063 4930 declarasti
1078 4871 1139 4925 in
1157 4869 1456 4925 audientla
1469 4869 1779 4924 hominum
1800 4886 1813 4935 ;
1831 4884 1961 4940 spe-

327 4965 621 5021 ctantibus
639 4962 880 5034 quidem
899 4965 1199 5016 certamen
1220 4963 1385 5013 tuum
1408 4957 1651 5028 angelis,
1676 4956 1959 5013 dtemoni-

326 5054 436 5113 bus
460 5070 595 5107 vero
628 5050 908 5106 invisibili
941 5064 1128 5103 cuneo
1145 5064 1277 5101 cum
1295 5045 1507 5100 visibili
1521 5045 1960 5101 adversantium

327 5143 569 5199 cohorte
598 5146 803 5196 contra
833 5144 888 5193 te
920 5135 1331 5209 praeliantibus
1360 5151 1372 5189 :
1399 5151 1576 5208 quam
1597 5134 1880 5188 Dominus
1902 5134 1962 5188 in

327 5231 491 5286 cmlis
522 5227 854 5301 descripsit,
888 5231 947 5281 et
977 5241 1176 5281 coram
1223 5226 1413 5291 Patre,
1465 5222 1663 5277 divino
1715 5222 1865 5278 lucis
1896 5239 1963 5278 ac

327 5319 458 5372 vitae
475 5319 657 5377 fonte.
682 5316 989 5372 confessus
1009 5318 1117 5381 est,
1140 5328 1495 5382 rursumque
1521 5328 1588 5367 ex
1610 5310 1808 5365 animo
1831 5328 1964 5366 con.

332 5390 597 5462 ﬂtebitur
626 5410 684 5459 et
711 5400 1091 5476 praedicabit!
1126 5403 1319 5472 Papae,
1341 5405 1502 5456 tuam
1533 5398 1699 5454 illam
1725 5415 1965 5470 genero-

403 5599 453 5637 ³⁴
477 5599 632 5656 Psal.
663 5615 817 5669 exui,
848 5597 966 5652 5-8.

2069 4600 2416 4673 σμήχεσθαυ,
2451 4597 2587 4652 ὥστε
2641 4596 2805 4665 αὐτῆς
2852 4594 2981 4651 ὅλον
3039 4596 3100 4651 τὸ
3140 4600 3298 4668 σῶμα
3324 4590 3703 4674 καταϐαφῆναι

2064 4691 2181 4750 τοῖς
2209 4686 2451 4760 αἳμασιν.
2504 4680 2674 4742 Βαϐαὶ
2729 4692 2827 4755 τῆς
2885 4691 3108 4755 σεπτῆς,
3164 4686 3253 4739 καὶ
3311 4685 3460 4757 ἱερᾶς
3509 4705 3628 4752 σου,
3660 4681 3707 4739 ὥ

2065 4773 2345 4831 καλλίνικε
2373 4779 2470 4830 τοῦ
2520 4777 2754 4848 Χριστοῦ
2817 4772 3018 4849 μάρτυς
3070 4768 3344 4848 Βαρϐάρα,
3377 4771 3703 4849 ὁμολογίας,

2066 4861 2133 4933 ἧν
2193 4861 2283 4919 διὰ
2337 4862 2648 4936 Πνεύματος
2709 4861 2865 4936 ἀγίου
2925 4860 3013 4917 ἰπὶ
3072 4862 3287 4917 πάντων
3347 4856 3706 4940 ἀφόϐως,καῖ

2068 4951 2454 5013 ἀνυποστόλως
2538 4949 2925 5025 ὡμολόγησας,
3002 4949 3093 5004 καὶ
3183 4948 3544 5025 ὶοεολόγησας
3629 4950 3707 5013 εἲς

2068 5041 2302 5112 ἐπήκοον
2335 5041 2653 5114 ἀνθρώπων,
2688 5036 2928 5113 ἀγγέλων
2970 5059 3029 5093 τε
3074 5042 3180 5093 τῶν
3211 5040 3310 5107 τὴν
3347 5040 3445 5109 σήν
3475 5037 3703 5109 ἄθλησιν

2070 5130 2412 5208 ἐφορώντων,
2471 5128 2560 5183 καὶ
2614 5125 2887 5200 δαιμόνων
2945 5131 3054 5181 τῶν
3112 5127 3360 5201 ἀοράτως
3414 5128 3548 5201 μετά
3596 5148 3707 5182 των

2071 5220 2276 5293 ὁρατῶν
2354 5215 2661 5272 ἀντιπάλων
2739 5215 3297 5289 ἀντιστρατευομὲνων
3361 5235 3465 5270 σοι·
3525 5215 3593 5284 ἥν
3653 5214 3706 5270 ὲν

2071 5307 2320 5382 οὐρανοῖς
2366 5306 2707 5380 ἀπεγραψατο
2758 5303 2975 5378 Κύριος⁹
3015 5303 3105 5357 καὶ
3154 5302 3241 5357 ἐπὶ
3293 5307 3388 5358 τοῦ
3431 5301 3576 5360 ἰδίου
3609 5305 3708 5379 ἀρ-

2073 5396 2323 5474 χεφώτου
2374 5395 2462 5449 καὶ
2520 5396 2813 5468 θιαοχικοῦ
2894 5392 3103 5468 Πατρὸς
3183 5390 3540 5467 ὡμολόγησε,
3614 5392 3707 5446 καὶ
