4042 6154
389 349 504 406 ⁸797

1535 349 1900 408 LAUDATIO
1931 349 1991 403 Β·
2030 345 2389 400 ΒΑΒΒΑΒΕ
2425 345 2650 400 MART.

3677 344 3784 403 798

392 473 543 539 αὖθις
575 471 785 548 σπουδῇ
817 475 1156 550 ὁμολογήσει
1194 496 1253 530 τε
1305 474 1394 531 καὶ
1449 471 1809 548 ἀνακηρύξειί
1859 462 2028 527 Βαϐαῖ

2147 465 2441 522 sissimam
2471 464 2816 538 patientiam
2844 465 3079 538 vimque
3108 464 3546 540 tolerandi,qua
3567 465 3782 523 diabo-

391 584 487 618 σου
532 570 632 632 τῆς
690 565 1074 638 γενναιοτάτης
1133 565 1407 636 ὑπομονῆς
1462 565 1548 618 καὶ
1596 559 1898 637 καρτερίας⁶
1960 553 2026 611 δι’

387 651 479 719 ἢν,
508 651 600 703 τὸν
639 651 734 722 μὲν
766 646 1021 705 διάϐολον
1052 653 1141 706 καὶ
1189 651 1316 714 τοὺς
1372 650 1674 711 ἀποστάτας
1723 648 1886 704 αὐτοῦ
1935 667 2029 702 κα-

389 737 659 808 τέπληξας
694 736 974 811 δαίμονας,
1036 739 1160 802 τοὺς
1217 741 1401 815 ἁγίους
1463 738 1518 795 δὲ
1573 737 1837 814 ἀγγέλους
1895 736 2030 811 πρὸς

387 829 570 900 θαῦμα
599 827 689 882 καὶ
723 827 992 903 εὐφημίαν
1045 827 1318 897 ἐκίνησας·
1379 828 1446 884 δι’
1495 827 1587 899 ἤν,
1637 829 1733 896 τὴν
1781 827 1872 899 μὶν
1921 828 2028 882 τῶν

391 914 640 970 εἰδώλων
669 916 880 985 πλάνην
913 918 987 978 ὡς
1019 917 1260 991 ἀράχνην
1291 914 1562 988 διέλυσας,
1612 917 1710 984 τήν
1762 913 1941 985 ἀληθῆ
1976 910 2032 970 δὲ

388 1003 570 1059 πίστιν
606 1003 894 1078 ἐκράτυνάς
925 1025 983 1059 τε
1009 1005 1098 1059 καὶ
1132 1000 1460 1067 έϐεϐαίωσας
1488 1007 1500 1065 ί

469 1093 560 1168 ιβ’.
596 1094 886 1165 Ἐωρακὼς
925 1092 1014 1148 οὖν
1073 1095 1134 1147 τὸ
1194 1093 1518 1166 ἀμετάθετον
1570 1094 1658 1150 καὶ
1716 1089 2029 1165 καρτερικὸν

389 1187 492 1248 τῆς
523 1180 676 1255 ἁγίας
706 1182 733 1234 ὁ
769 1179 1022 1249 ἳικάζων,
1050 1180 1260 1237 κελεύει
1288 1182 1424 1244 τέως
1465 1182 1515 1236 ἐν
1573 1187 1782 1256 φρουρᾷ
1827 1179 2027 1248 ταύτην

387 1265 760 1340 ἐμϐληθῆναι,
790 1266 896 1330 ἕως
928 1269 986 1322 ἃν
1021 1271 1280 1341 σκέψηται
1333 1268 1513 1331 ποίαις
1563 1271 1732 1338 αὐτῆς
1783 1269 2030 1344 βασάνοις

387 1357 740 1430 πικροτέραις
771 1356 1060 1431 ἐφάψηται.
1096 1358 1183 1413 Ἐν
1220 1355 1276 1412 δὲ
1325 1361 1394 1430 τῇ
1441 1359 1591 1412 νυκτὶ
1650 1357 1823 1430 ἐκείνῃ
1875 1356 2028 1428 μέσῃ,

394 1449 512 1522 ιρῶς
570 1445 736 1514 αὐτὴν
795 1443 1182 1518 ὑπέρλαμπρον
1243 1447 1661 1521 περιήστραψεν,
1720 1445 1770 1500 έν
1821 1446 2027 1519 ᾦπερὸ

383 1541 491 1602 τῆς
522 1531 682 1603 δόξης
711 1535 1058 1612 κατεφαίνετο
1109 1533 1330 1607 Κύριος,
1387 1536 1448 1588 τὸ
1505 1533 1811 1590 κατώδυνον
1860 1534 2027 1602 αὐτῆς

377 1624 471 1678 καὶ
528 1623 825 1697 περίλυπον
880 1627 947 1695 τῇ
1007 1623 1287 1699 ἐπιφανείᾳ
1343 1626 1882 1698 παραμυθνουμενος,
1938 1623 2027 1678 καὶ

382 1711 580 1785 λόγοις
610 1715 1030 1785 προτρεπτικοῖς
1058 1713 1395 1783 θαρσοποιῶν
1449 1714 1586 1786 πρὸς
1645 1713 1852 1785 ἀγῶνας
1899 1709 2024 1772 τοὺς

389 1798 718 1872 μέλλονταςο
752 1823 780 1850 ‹‹
812 1801 1026 1870 Θάρσει,
1081 1797 1278 1873 λέγων,
1338 1796 1603 1875 Βαρϐάρα,
1663 1801 1744 1854 ὃτι
1800 1799 2023 1873 μεγίστη
2061 1825 2104 1892 Β

389 1887 540 1962 χαρὰ
571 1886 622 1941 έν
656 1886 866 1960 οὐρανῷ
896 1887 985 1941 καὶ
1018 1886 1102 1941 ἐπὶ
1137 1895 1241 1962 γῆς
1296 1888 1384 1944 ἐπὶ
1429 1893 1496 1960 τῇ
1549 1892 1616 1962 σῇ
1667 1887 1889 1959 ἀθλήσει
1939 1908 2029 1961 γι-

391 1977 777 2046 νήσεται.Τάς
837 1972 895 2029 δὶ
932 1980 1030 2030 τοῦ
1085 1978 1358 2048 τυμάννου
1416 1975 1641 2038 ἀπειλὰς
1703 1977 1777 2049 μὴ
1836 1971 2031 2053 φοϐοῦ,

399 2065 540 2137 μήτε
571 2061 756 2119 δέδιθι.
790 2064 930 2138 Ἐγὼ
951 2064 1052 2137 γάρ
1087 2064 1202 2135 εἶμι
1239 2066 1372 2135 μετά
1401 2069 1517 2131 σοῦ,
1576 2067 1665 2120 καὶ
1709 2069 1894 2118 πασῶν
1946 2079 2031 2118 σοι

394 2157 503 2206 τῶν
585 2152 987 2224 ἐπιφερομένων
1059 2149 1295 2226 πληγῶν
1356 2151 1790 2228 έκλυτρώσομαι.
1848 2176 1876 2205 ››
1936 2153 2030 2206 Καὶ

397 2239 596 2303 εὐθέως
622 2241 840 2314 ἀφανεῖς
880 2240 933 2293 αἱ
991 2238 1203 2312 πληγαὶ
1261 2239 1364 2294 ἀπὸ
1419 2244 1515 2294 τοῦ
1567 2240 1733 2309 αὐτῆς
1788 2239 2033 2314 έγένοντο

404 2329 678 2400 σώματος.
727 2327 832 2383 Καὶ
885 2332 1054 2383 ταῦτα
1109 2327 1295 2399 εἶπών,
1355 2329 1430 2390 είς
1489 2328 1746 2403 οὐρανούς
1798 2327 1949 2392 αὖθις
2006 2329 2032 2382 ὁ

409 2421 518 2470 τῶν
568 2415 807 2490 οὐρανῶν
863 2416 1258 2494 ἀναπεφοίτηκε
1335 2416 1556 2489 Κύριος.
1643 2419 1920 2491 Ἐγεγήθει
1978 2413 2034 2470 δὲ

401 2507 673 2583 μεγάλως,
705 2508 794 2561 καὶ
827 2505 1049 2580 πλήρης
1107 2509 1322 2582 γέγονεν
1374 2507 1649 2581 εὐθυμίας,
1699 2509 1787 2562 καὶ
1834 2513 2031 2583 ’Χαρᾶςν

391 2595 480 2650 καὶ
512 2593 892 2668 ἀγαλλιάσεως
923 2595 1010 2650 ἐπὶ
1064 2600 1130 2668 τῇ
1187 2600 1283 2650 τοῦ
1341 2598 1576 2672 Χριστοῦ
1634 2600 1940 2670 προτροπῇ,
1995 2598 2028 2664 ἡ

390 2688 490 2738 τοῦ
521 2687 758 2756 Χριστοῦ
805 2685 1002 2759 γιησία
1067 2683 1270 2758 μάρτυς
1322 2705 1379 2740 τε
1415 2685 1503 2741 καὶ
1563 2685 1873 2755 θεράπαινα.
1931 2684 2032 2740 Καὶ

402 2770 626 2827 simi-uo:
659 2767 825 2835 ὅντως
880 2767 923 2824 ὥ
979 2772 1114 2846 κόρη
1173 2767 1476 2846 τρισόλϐιε,
1536 2772 1786 2848 ἐγέγηθας
1817 2774 1828 2826 ί
1860 2774 1894 2840 ἡ
1927 2772 2031 2847 γὰρ

397 2861 497 2928 τῆς
527 2859 875 2934 χαρμοσύνης
908 2861 1178 2927 ὑπόθεσις,
1213 2860 1350 2933 μόνη
1384 2860 1526 2917 ἐστὶν
1585 2859 1796 2929 ἀληθὴς
1839 2859 2032 2936 εὐφρο-

396 2949 551 3018 σόνη,
584 2959 670 3003 καί
699 2947 940 3022 θυμηδία
990 2947 1366 3011 ἀναλλοίωτός
1413 2969 1472 3004 τε
1518 2948 1606 3002 καὶ
1654 2947 2029 3026 ἀναφαίρετος.

391 3037 458 3090 Ὤ
492 3037 768 3111 μακαρίων
804 3059 898 3091 σου
929 3037 1002 3099 ὡς
1044 3038 1266 3106 ἀληθῶς
1319 3037 1606 3110 ὀμμάτων,
1651 3037 1743 3091 τὸν
1790 3039 1889 3104 τῆς
1937 3034 2030 3091 δό-

396 3125 490 3194 ξης
523 3125 717 3199 Κύριον
755 3123 884 3180 ἰδεῖν
931 3123 1270 3198 ἠξιωμένων,
1321 3127 1366 3198 ᾧ
1414 3127 1670 3197 ἀτενίσαιζ
1691 3124 1757 3180 οὐ
1804 3124 2029 3197 τολμῶ-

388 3233 468 3266 σιν
533 3212 588 3267 ἐν
646 3213 858 3287 οὖραιῷ
915 3215 980 3268 τά
1032 3209 1337 3288 Χερουϐὶμ,
1396 3215 1481 3268 καὶ
1541 3214 1607 3268 τὰ
1660 3211 2028 3286 πολυόμματα

393 3301 680 3378 τάγματαί
715 3303 779 3355 Ὤ
807 3297 1118 3358 πανολϐίων
1175 3306 1352 3370 ῶτων,
1410 3306 1516 3357 τῶν
1572 3303 1722 3375 ἠχὴν
1777 3306 1883 3356 τῶν
1931 3305 2027 3356 τοῦ

391 3395 528 3444 Θεοῦ
589 3389 847 3464 ῥημάτιον
908 3388 1318 3465 εἷσδεδεγμένων
1349 3392 1360 3446 l
1395 3384 1438 3444 ὦ
1469 3393 1655 3465 ψυχῆς
1703 3389 2027 3464 ἀξιαγάστου

384 3473 977 3554 καὶτρισευϐαίμονος,
1031 3477 1099 3547 ἥν
1139 3484 1477 3550 προτροπαῖς
1530 3478 1730 3534 οἰκείου
1779 3499 2026 3552 παρεμυ-

385 3568 587 3635 θήσατο
618 3567 905 3637 στόματος,
938 3568 965 3620 ὁ
998 3567 1266 3637 οὐρανίων
1318 3566 1407 3621 καὶ
1470 3566 1724 3641 ἐπιγείων
1781 3567 1868 3622 καὶ
1928 3587 2026 3621 κα-

381 3655 693 3728 ταχθονίων
726 3652 1020 3722 δεσπόζων,
1050 3654 1144 3708 καί
1174 3655 1304 3716 Θεὸς
1352 3655 1528 3722 πάσης
1582 3653 1978 3727 παρακλήσεως
2014 3654 2026 3710 ί

387 3742 463 3796 Συ
493 3741 668 3796 καὶέν
702 3742 857 3816 σαρκὶ
900 3739 1051 3810 οὖσα,
1108 3742 1199 3796 τὸν
1253 3737 1544 3818 ἀρραϐῶνα
1591 3749 1691 3811 τῆς
1753 3740 2028 3816 βασιλείας

384 3835 492 3884 τῶν
528 3831 788 3905 οὐρανῶν,
820 3833 854 3899 ἡ
885 3835 981 3884 τοῦ
1012 3835 1252 3905 Χριστοῦ
1282 3830 1486 3908 νύμφη,
1519 3831 1594 3892 ὡς
1623 3837 1722 3899 τῆς
1764 3829 1900 3900 ὅλης
1933 3851 2027 3885 σου

385 3919 614 3992 προικὸς
643 3919 933 3992 ἐμφάνειαν
964 3916 1186 3989 δέδεξαι.
1242 3919 1337 3974 Διά
1391 3917 1553 3974 τοῦτο
1607 3924 1712 3974 τῶν
1776 3920 1871 3992 μὶν
1929 3917 2026 3974 ἀλ-

384 4011 577 4080 γεινῶν
607 4007 708 4074 τὴν
738 4011 951 4081 πεῖραν,
984 4007 1056 4067 ὡς
1089 4007 1300 4076 νηπίων
1355 4007 1514 4082 βέλη,
1545 4009 1580 4076 ἢ
1613 4007 1840 4081 φύλλων
1891 4005 2026 4080 δηγ-

387 4093 522 4165 μοὺς
579 4093 784 4167 ἥγησαι
842 4094 932 4148 καὶ
988 4091 1290 4169 λελόγισαιο
1346 4100 1424 4167 τῷ
1499 4092 1556 4149 δὶ
1609 4099 1705 4150 τοῦ
1771 4095 2025 4172 φανέντος

380 4179 541 4252 ἔρωτι
592 4182 902 4255 θελχθεῖσα,
955 4181 1046 4237 καὶ
1104 4184 1203 4250 τὴν
1260 4183 1444 4258 ψυχὴν
1503 4183 1881 4259 περῥωθεῖσα,
1940 4183 2028 4246 Τίς

383 4290 470 4342 με,
500 4268 698 4345 ἔλεγες,
736 4271 966 4344 χωρίσει
1027 4271 1132 4324 ὰπὸ
1176 4275 1277 4334 τῆς
1340 4270 1552 4344 ἀγάπης
1598 4275 1696 4324 τοῦ
1743 4273 2022 4344 Χριστοῦ;

2140 555 2758 627 lum,desertoresque
2815 555 3118 611 daemones
3166 555 3293 627 ejus
3336 554 3667 627 perculisti,
3719 572 3786 614 ac

2141 649 2375 699 sanctos
2401 643 2638 716 angelos
2668 643 2742 699 ad
2772 643 3124 698 miraculum
3157 647 3214 698 et
3235 643 3598 714 prmoonium
3631 644 3784 699 exci-

2141 733 2297 801 tasti,
2330 749 2446 804 qua
2476 733 2926 789 simulacrorum
2959 748 3154 787 errore
3188 747 3405 788 aranea
3434 731 3612 786 veluti
3665 731 3783 789 tela

2140 837 2360 891 everso,
2394 836 2588 878 veram
2619 819 2797 878 ﬁdem
2827 818 3191 877 confirmasti
3223 824 3282 876 et
3301 819 3669 880 stabilivistil

2213 1087 2296 1143 i2.
2327 1085 2510 1142 Judex
2538 1083 2734 1155 itaque
2763 1083 3115 1142 indomitam
3139 1091 3358 1143 sanctae
3380 1088 3774 1146 constantiam

2139 1188 2406 1240 cernens,
2442 1174 2504 1228 in
2525 1189 2820 1228 carcerem
2843 1189 2972 1228 eam
2995 1174 3208 1245 conjici
3237 1174 3654 1245 imperat,dum
3685 1176 3776 1230 di-

2139 1261 2651 1334 spexissetquibus
2668 1261 2830 1317 illam
2851 1262 3161 1318 tormentis
3172 1263 3559 1320 atrocioribus
3572 1280 3775 1336 aggre-

2139 1351 2490 1406 deretur.Ad
2502 1351 2691 1408 noctis
2705 1367 2838 1405 vero
2852 1351 3113 1405 medium
3127 1351 3226 1406 lux
3242 1368 3370 1408 eam
3385 1352 3779 1409 circumfulsit

2139 1438 2636 1511 splendidissima,
2669 1439 2729 1492 in
2761 1455 2876 1509 qua
2903 1455 2962 1493 se
2979 1440 3263 1496 Dominus
3285 1441 3484 1512 gloriae
3509 1446 3777 1512 spectan-

2137 1529 2275 1584 dum
2301 1527 2590 1598 praebens,
2614 1528 2931 1600 praesentia
2951 1527 3215 1584 dolorem
3236 1529 3563 1600 mitigabat,
3589 1529 3776 1586 lenie-

2135 1616 2351 1685 batque
2373 1617 2692 1681 tristitiam,
2723 1621 2781 1671 et
2795 1615 2868 1674 ad
2885 1615 3082 1674 futura
3098 1617 3420 1675 certamina
3435 1619 3778 1676 adhortato-

2135 1705 2239 1760 riis
2264 1703 2454 1759 verbis
2487 1704 2808 1760 animabat.
2863 1725 2890 1756 «
2923 1705 3182 1772 Conﬁde,
3237 1707 3338 1774 ait,
3389 1707 3656 1776 Barbara,
3708 1723 3778 1763 ex

2136 1793 2304 1863 cujus
2326 1792 2484 1846 lucta
2503 1792 2825 1849 maximum
2845 1792 2906 1848 in
2934 1793 3078 1850 cmlo
3099 1793 3378 1866 gaudium
3397 1795 3475 1848 sit
3489 1794 3777 1864 futurum,

2144 1897 2211 1937 ac
2241 1897 2418 1952 super
2449 1885 2684 1936 terram.
2718 1881 2972 1952 Tyranni
3005 1881 3197 1937 minas
3224 1899 3298 1939 ne
3345 1882 3773 1950 formidaveris,

2141 1987 2252 2026 nec
2270 1971 2788 2026 timueris.Tecum
2811 1971 2969 2024 enim
2992 1987 3094 2042 ego
3117 1987 3268 2038 sum,
3297 1976 3470 2043 teque
3493 1972 3564 2027 ab
3582 1972 3776 2028 omni-

2141 2059 2250 2112 bus
2275 2075 2404 2126 qua)
2438 2057 2541 2110 tibi
2573 2057 2909 2111 inferuntur
2937 2057 3125 2128 plagis
3167 2057 3450 2112 liberabo.
3479 2079 3504 2108 ι
3549 2061 3676 2111 Mox
3707 2076 3777 2112 ex

2143 2147 2274 2215 ejus
2303 2163 2548 2216 corpore
2579 2145 2823 2200 vulnera
2853 2152 3249 2200 evanuerunt:
3283 2148 3492 2216 hisque
3520 2148 3692 2201 dictis
3715 2147 3776 2201 in

2143 2234 2352 2290 crelum
2371 2249 2576 2290 rursus
2590 2235 2872 2291 Dominus
2884 2234 3167 2291 calorum
3181 2235 3561 2305 rediit.Atqui
3581 2236 3779 2291 lanata

2142 2324 2463 2395 plurimum
2480 2328 2569 2380 est
2584 2339 2719 2379 vera
2733 2323 2947 2380 Christi
2972 2328 3196 2394 martyr
3213 2329 3270 2380 et
3289 2324 3507 2380 ancilla
3528 2340 3596 2380 ea
3611 2323 3780 2381 Chri-

2145 2413 2218 2467 sti
2239 2413 2664 2477 cohortatione,
2699 2427 2767 2466 ac
2795 2412 3172 2482 jucunditate
3221 2413 3427 2477 animi,
3477 2413 3689 2483 gaudio
3723 2416 3780 2466 et

2143 2501 2533 2556 exsultatione
2556 2500 2887 2570 repleta.Ao
2910 2502 3119 2556 merito
3140 2501 3314 2571 plane
3335 2501 3530 2572 gavisa
3545 2501 3778 2566 es,bea-

2141 2590 2371 2644 tissima
2401 2589 2618 2659 puella.
2653 2589 2857 2643 Gaudii
2889 2589 3108 2659 quippe
3137 2589 3306 2653 ratio,
3326 2605 3461 2643 vera
3492 2588 3777 2645 duntaxat

2142 2677 2455 2733 oblectatio
2482 2674 3707 2744 est,animiquejucunditasindemulabilis
3720 2681 3779 2732 et

2140 2763 2565 2819 inviolabilis.0
2589 2778 2721 2820 vere
2745 2762 2946 2818 beatos
2967 2761 3170 2819 oculos
3189 2763 3449 2832 tuos.qui
3465 2764 3777 2821 Dominum

2140 2853 2340 2926 gloriae
2366 2851 2562 2906 videre
2591 2855 2956 2918 meruerunt,
2991 2850 3051 2907 in
3082 2866 3257 2920 quem
3290 2850 3605 2909 Cherubim
3637 2869 3776 2909 ocu-

2140 2944 2331 3013 lisque
2354 2942 2514 3013 pleni
2536 2941 2777 2997 ordines
2792 2941 2978 2996 aciem
3002 2941 3314 3012 ﬁgerenon
3333 2941 3571 2997 audenti
3596 2959 3628 2996 ο
3647 2959 3777 2998 vere

2138 3032 2340 3087 beatas
2354 3047 2546 3097 aures,
2571 3047 2702 3100 quas
2721 3028 3030 3086 verborum
3055 3027 3159 3085 Dei
3173 3045 3384 3086 sonum
3401 3030 3774 3100 exceperunt!

2139 3138 2171 3176 ο
2186 3118 2574 3176 admiratione
2587 3118 2822 3188 dignam
2838 3118 3096 3173 animam
3121 3123 3324 3188 terque
3337 3117 3774 3188 felicem,quam

2141 3209 2259 3264 oris
2273 3207 2360 3261 sui
2374 3206 2844 3262 adhortamentis
2857 3205 2958 3262 ille
2978 3204 3200 3261 solatus
3213 3206 3426 3277 est,qui
3447 3206 3772 3264 cmlestium

2137 3297 2506 3353 terrestrium
2530 3301 2589 3350 et
2611 3294 2979 3350 infernorum
3003 3299 3091 3349 est
3109 3294 3408 3363 Dominus,
3434 3312 3502 3351 ac
3517 3297 3670 3352 Deus
3692 3301 3775 3352 to-

2138 3387 2256 3441 tius
2273 3385 2696 3440 consolationis
2721 3383 2800 3438 "!
2833 3385 2914 3438 Tu
2941 3382 3122 3447 enim,
3155 3399 3290 3438 cum
3322 3383 3512 3439 adhuc
3532 3401 3772 3441 carnem

2136 3474 2585 3548 gestares.regni
2605 3471 3310 3536 cmlorumarrhabonem,
3327 3473 3540 3528 Christi
3557 3491 3773 3544 sponsa

2137 3569 2418 3633 tanquam
2437 3562 2614 3616 totius
2636 3561 2787 3616 dotis
2815 3561 3113 3631 specimen
3136 3561 3432 3630 accepisti.
3464 3561 3772 3617 Undeilla-

2137 3657 2228 3706 tos
2257 3650 2360 3706 tibi
2395 3649 2706 3713 cruciatus,
2739 3648 3119 3718 parvulorum
3148 3647 3326 3704 veluti
3384 3649 3624 3719 sagittas
3672 3654 3775 3705 aut

2136 3741 2397 3812 pulicum
2411 3752 2641 3792 morsus
2657 3736 3264 3806 contempsisti,atque
3282 3735 3438 3788 illius
3451 3752 3625 3804 quem
3641 3752 3772 3791 con-

2138 3828 2400 3902 spexisti,
2424 3842 2623 3881 amore
2642 3831 2828 3896 capta,
2853 3830 2911 3879 et
2947 3825 3144 3879 animo
3176 3822 3475 3878 roborata:
3509 3825 3636 3887 Quis
3664 3841 3767 3890 me,

2135 3918 2356 3984 aiebas,
2379 3916 2654 3985 separabit
2683 3931 2717 3968 α
2747 3914 3018 3968 charitate
3056 3912 3304 3968 Christi?
3332 3911 3615 3966 tribulatio
3640 3916 3668 3967 ?
3696 3928 3768 3968 an

2133 4007 2434 4076 angustia?
2461 4004 2632 4058 Certa
2659 4005 2800 4056 enim
2828 4019 2964 4070 sum,
2997 4001 3145 4071 quod
3197 4016 3370 4070 neque
3414 4001 3548 4066 vita,
3595 4016 3768 4070 neque

2132 4111 2298 4158 mors,
2328 4109 2503 4163 neque
2523 4091 2767 4161 angelus,
2798 4108 2972 4161 neque
3001 4088 3288 4154 instantia,
3337 4105 3509 4158 neque
3548 4092 3764 4157 futura,

2133 4200 2307 4252 neque
2336 4182 2450 4236 alia
2478 4187 2732 4235 creatura
2764 4181 2976 4250 poterit
3025 4195 3109 4234 me
3152 4194 3408 4248 separare
3437 4195 3471 4233 a
3501 4179 3767 4234 clm-ritate

2137 4273 2342 4330 Christi
2371 4271 2435 4322 ³⁸.

381 4356 612 4430 Θλῖψις;
749 4358 1135 4430 στενοχωρίας
1195 4354 1231 4425 ἥ
1309 4355 1513 4429 λιμός;
1572 4357 1607 4426 ἤ
1672 4356 1966 4433 διωγμόςς
2026 4358 2061 4428 ἤ
2139 4359 2430 4430 μάστιγες;
2517 4354 2553 4424 ἢ
2637 4352 2923 4423 κίνδυνοις
3007 4354 3301 4427 πέπεισμαι
3371 4355 3499 4429 γάρ,
3576 4353 3650 4418 ὡς
3707 4351 3766 4407 οὗ

382 4446 518 4514 ζωὴ,
577 4445 638 4498 οὐ
693 4444 935 4512 θάνατος,
992 4444 1090 4498 οὐκ
1149 4441 1401 4519 ἅγγελος,
1461 4444 1558 4500 οὐκ
1606 4445 1887 4519 ἐνεστῶτα,
1936 4446 1998 4502 οὐ
2052 4445 2349 4520 μέλλοντα,
2408 4439 2533 4499 οὕτε
2585 4463 2666 4504 τις
2734 4441 2905 4504 κτίσις
2962 4443 3138 4517 ὶτέρα,
3184 4449 3284 4512 τῆς
3365 4445 3462 4498 τοῦ
3531 4442 3767 4517 Χριστοῦ

386 4553 450 4604 με
479 4532 690 4607 ἀγάπης
725 4531 957 4606 χωρίσαι
993 4530 1297 4602 δυνήσεται.

452 4622 537 4695 ιγ’.
576 4620 792 4696 Πρωΐας
829 4618 920 4674 οὖν
951 4621 1269 4693 γενομένης,
1300 4619 1452 4696 ἤχθη
1506 4624 1644 4697 πρὸς
1693 4625 1756 4678 τὸ
1804 4625 1957 4700 βῆμα
1987 4627 2020 4694 ἠ
2057 4630 2099 4694 D

387 4709 605 4783 μάρτυς,
637 4713 732 4764 τοῦ
763 4706 1029 4782 ἄρχοντος
1058 4713 1218 4763 τοῦτο
1289 4712 1696 4785 προστάξαντος.
1748 4713 1844 4767 Καὶ
1894 4711 2020 4768 ἰδὼν

379 4798 546 4866 αὐτῆς
576 4797 705 4859 τοὺς
735 4796 1020 4870 μώλωπας
1051 4799 1292 4874 ἀφανεῖς,
1321 4800 1408 4853 καὶ
1462 4801 1526 4854 τὸ
1571 4804 1731 4873 σῶμα
1777 4801 2022 4872 ὁλόκλη-

379 4905 469 4961 ρον
497 4886 588 4939 καὶ
621 4883 894 4960 ἀκέραιον,
952 4886 1091 4957 μήτε
1151 4887 1210 4940 τὸ
1256 4887 1424 4960 τυχὸν
1475 4881 1601 4962 ἕχον
1654 4891 1963 4963 σπάραγμα,
1995 4890 2022 4943 ὁ

377 4970 782 5052 φρενοϐλαϐὴς,
814 4975 968 5050 φησὶ,
1029 4974 1118 5029 καὶ
1183 4973 1580 5050 φρενόληπτος,
1635 5000 1662 5028 ‹‹
1694 4975 1855 5044 ’¹Ιδες,
1905 4982 2021 5040 πῶς

376 5064 426 5116 οἱ
461 5063 571 5126 θεοὶ
601 5064 1025 5131 ἀντιποιοῦνται,
1059 5062 1149 5116 καὶ
1206 5063 1486 5136 ἀγαπῶσίν
1537 5085 1616 5131 σε,
1662 5063 1744 5118 ὅτι
1789 5065 1877 5118 καὶ
1925 5066 2020 5127 τὰς

374 5150 592 5225 πληγάς
654 5170 750 5204 σου
811 5151 1054 5205 ἱάσαντο.
1091 5173 1117 5200 ››
1176 5151 1240 5205 Ἡ
1296 5150 1353 5205 δὲ
1409 5152 1610 5226 μάρτυς
1660 5159 1759 5222 τῆς
1817 5153 2020 5208 ἐκείνου

374 5238 783 5313 καταγελάσασα
837 5237 1262 5314 παραφροσύνης
1335 5240 1425 5294 καὶ
1486 5237 1878 5315 έμϐροντησίας
1930 5243 2020 5298 καὶ

375 5325 780 5400 παραπληξίας,
856 5325 1301 5400 ἀνταπεκρίνατοο
1391 5353 1416 5380 α
1480 5329 1546 5386 Οἳ
1610 5331 1703 5402 μὲν
1761 5330 1848 5384 σοὶ
1905 5332 2016 5386 Θεοὶ

378 5413 687 5488 ὅμοιοίσού
719 5413 843 5484 εἰσι,
880 5411 1058 5490 κωφοί
1105 5413 1194 5468 καὶ
1252 5413 1473 5490 τυφλοὶ,
1531 5419 1622 5476 καὶ
1681 5418 2016 5490 ἀναίσθητοι,

448 5628 494 5664 ³⁵
522 5629 574 5683 Π
603 5628 732 5683 Cor.
765 5643 809 5697 ι,
838 5629 887 5684 3.
968 5628 1012 5664 ⁸⁸
1045 5631 1210 5685 Rom.
1246 5646 1360 5698 vm,
1395 5631 1482 5698 35,
1519 5632 1606 5687 38.

2205 4628 2288 4679 13.
2324 4627 2488 4678 Mane
2520 4622 2696 4695 igitur
2722 4622 2898 4690 facto,
2922 4621 3188 4693 jubente,
3220 4621 3491 4694 praeside,
3541 4623 3766 4689 martyr

2134 4714 2206 4769 ad
2239 4713 2500 4767 tribunal
2533 4711 2708 4766 ducta
2739 4717 2846 4767 est.
2875 4711 3052 4781 Cujus
3079 4711 3140 4764 in
3171 4725 3435 4780 corpore,
3467 4724 3600 4765 cum
3653 4723 3764 4762 nec

2132 4803 2436 4873 plagarum
2461 4806 2690 4855 exstare
2711 4799 2973 4870 vestigia,
2998 4799 3100 4854 sed
3121 4799 3413 4869 integrum
3439 4795 3586 4851 illud
3605 4796 3760 4851 θοι

2134 4897 2192 4945 et
2219 4891 2492 4956 illaesum,
2521 4888 2620 4946 ille
2651 4889 2866 4944 mentis
2897 4888 3088 4960 inops.
3113 4904 3215 4942 seu
3237 4891 3434 4942 mente
3455 4890 3659 4957 captus
3681 4885 3761 4939 vi-

2132 4979 2336 5042 disset,
2375 5001 2394 5025 «ι
2422 4977 2615 5044 Vides,
2644 4977 2744 5041 ait,
2779 4976 3074 5046 quomodo
3097 4976 3200 5030 tibi
3231 4975 3314 5046 pii
3345 4991 3518 5046 opem
3547 4975 3758 5041 ferant,

2130 5083 2198 5120 ac
2219 5071 2274 5120 te
2298 5065 2568 5136 diligant;
2590 5081 2806 5134 quippe
2826 5064 2926 5134 qui
2947 5065 3189 5118 vulnera
3207 5068 3306 5122 tua
3347 5064 3700 5120 sanaverint.
3731 5084 3760 5113 ››

2128 5157 2216 5211 Ad
2246 5171 2421 5226 quem
2454 5159 2694 5225 martyr,
2722 5155 2828 5209 viri
2860 5154 3217 5209 dementiam
3249 5155 3616 5223 nimiumque
3638 5157 3758 5207 stu-

2128 5261 2330 5315 porem
2359 5244 2654 5306 deridens.
2687 5265 2715 5293 «
2749 5243 2836 5297 Dii
2869 5243 2974 5308 tui,
2999 5243 3210 5312 inquit,
3245 5243 3328 5297 tui
3349 5242 3574 5297 similes
3598 5253 3753 5298 sunt.

2130 5333 2290 5386 surdi
2321 5349 2388 5387 ac
2417 5331 2590 5386 CEBCiZ
2623 5331 2933 5400 omnisque
2962 5346 3171 5384 sensus
3188 5335 3246 5384 et
3275 5336 3467 5386 motus
3489 5332 3755 5399 expertes

2127 5438 2260 5476 cum
2285 5423 2420 5488 sint,
2444 5421 2554 5475 sibi
2573 5419 2683 5490 ipsi
2697 5419 2963 5474 auxiliari
2985 5435 3105 5474 non
3134 5419 3346 5475 valent.
3381 5417 3630 5483 Quinam
3661 5431 3753 5471 me
