4042 6154
344 337 451 392 799

1616 353 1673 405 Β.
1713 351 2012 407 JOANNIS
2048 350 2461 405 DAMASCENI

3627 350 3733 405 800

344 477 549 515 curare
572 467 908 534 potuerunt,
933 484 1063 537 quas
1085 469 1400 525 vanitatem
1419 473 1825 544 ipsorum,qua
1845 475 1960 545 ple-

2084 469 2173 525 καὶ
2222 469 2486 540 ἀκίνητοι,
2557 471 2769 532 ἑαυτοῖς
2828 470 3094 541 βοηθῆσαι
3152 471 3218 525 οὐ
3276 469 3585 543 δυνάμενοι,
3645 470 3737 526 καὶ

342 548 476 603 bem
499 552 806 620 seducunt,
830 558 1231 625 pessundem?
1259 561 1364 625 Qui
1390 567 1589 615 autem
1623 580 1716 617 me
1744 566 1984 632 curavit,

345 638 511 694 Jesus
564 642 828 697 Christus
859 650 967 711 est,
1001 647 1184 701 Filius
1226 650 1323 703 Dei
1358 650 1488 714 vivi,
1521 668 1696 721 quem
1728 654 1987 723 profanis

348 728 535 782 oculis
553 730 669 784 tuis
699 731 1113 804 obcmcatoque
1144 736 1342 791 animo
1366 754 1607 793 cernere
1633 740 1844 812 dignus
1866 759 1986 797 non

347 830 427 869 es.
457 838 482 864 »
505 817 604 871 His
626 818 817 873 verbis
843 821 1298 880 scelestissimus
1323 827 1502 880 veluti
1526 828 1721 884 bellua
1741 846 1984 885 succen-

344 918 443 955 sus
470 902 575 972 ira,
592 905 830 977 virginis
851 907 1038 964 latera
1054 912 1432 967 vehementer
1445 916 1983 989 scalpijubet,igni-

342 994 549 1060 tasque
563 992 720 1048 faces
735 995 903 1050 lateri
918 997 1301 1069 admoveri,et
1318 1003 1530 1058 malleo
1548 1005 1781 1059 incudis
1798 1007 1985 1061 instar

341 1084 517 1149 caput
547 1081 733 1135 tundi.
771 1088 843 1136 At
871 1084 976 1139 illa
1006 1086 1249 1143 intentis
1282 1089 1340 1143 in
1372 1092 1585 1145 cmlum
1617 1093 1979 1149 luminibus:

339 1187 367 1216 ιι
392 1168 472 1220 Tu
492 1172 626 1235 scis,
652 1171 1137 1244 Domine,ait,qui
1157 1178 1428 1232 omnium
1443 1180 1621 1235 corda
1638 1183 1981 1252 nosti,quod

340 1254 423 1307 tui
456 1255 749 1313 desiderio
776 1260 848 1314 ad
879 1266 934 1314 te
959 1266 1334 1333 accesserim,
1366 1284 1439 1321 ne
1462 1285 1555 1322 me
1603 1269 1979 1341 derelinquas

337 1359 525 1413 usque
557 1346 617 1399 in
656 1347 857 1402 ﬁnem.
896 1372 919 1397 »ι
946 1352 1110 1406 Hunc
1143 1368 1278 1425 ergo
1303 1357 1478 1409 etiam
1503 1363 1744 1412 strenua
1765 1359 1978 1413 Christi

338 1437 560 1504 martyr
590 1440 831 1490 strenue
863 1438 999 1492 tulit
1028 1442 1392 1511 cruciatum;
1427 1462 1560 1499 cum
1610 1463 1820 1518 nempe
1857 1465 1977 1503 non

336 1520 613 1575 muliebri
646 1524 837 1578 solum
868 1525 1235 1594 inﬁrmitate,
1286 1532 1389 1585 sed
1438 1533 1697 1589 humana
1743 1552 1977 1607 quoque

334 1608 465 1678 ipsa
491 1616 702 1665 natura
733 1615 1095 1670 excessisset.
1130 1620 1251 1683 Quo
1283 1621 1502 1675 etenim
1544 1628 1712 1692 pacto
1744 1629 1828 1677 tot
1858 1630 1977 1679 tan-

335 1702 509 1766 taque
540 1699 802 1770 verbera,
842 1707 1078 1774 tamque
1105 1714 1331 1762 atroces
1358 1715 1414 1763 et
1437 1727 1601 1764 acres
1624 1728 1824 1781 pmnas
1848 1729 1974 1767 sus-

332 1785 628 1853 tinuisset,
659 1789 773 1843 nisi
803 1791 1154 1848 humilitatis
1174 1812 1386 1867 corpus
1402 1815 1781 1869 supergressa
1798 1806 1973 1868 esset;
2006 1825 2051 1891 Β

333 1875 515 1929 divini
550 1877 736 1948 ipsam
769 1880 1019 1951 Spiritus
1041 1884 1322 1939 invisibili
1350 1887 1663 1942 roborante
1685 1894 1743 1943 et
1767 1891 1977 1945 conﬁr-

330 1970 529 2020 mante
560 1969 822 2037 potentia
848 1969 875 2024 ‘I

402 2212 490 2266 15.
526 2212 600 2266 At
628 2228 756 2268 cum
800 2215 928 2271 haec
986 2217 1068 2272 ita
1123 2219 1419 2289 cederent,
1480 2228 1569 2278 sat
1623 2223 1810 2280 visum
1862 2243 1971 2281 sae-

335 2298 511 2353 viisse
541 2300 762 2355 diaboli
794 2303 1065 2360 ministro
1098 2312 1151 2360 et
1201 2314 1468 2378 patrono,
1503 2312 1647 2381 quin
1695 2314 1768 2367 ad
1823 2314 1970 2369 illud

330 2389 613 2441 tormenti
643 2406 827 2460 genus
850 2392 1118 2449 animum
1150 2397 1428 2466 nequitia:
1458 2399 1681 2454 fontem
1722 2418 1970 2458 conver-

332 2476 423 2539 tit,
459 2492 591 2530 cum
622 2478 683 2530 in
718 2494 779 2532 se
809 2479 1165 2537 insidentem
1197 2484 1441 2541 haberet
1461 2488 1775 2544 draconem
1799 2491 1967 2546 illum

329 2564 523 2618 omnis
553 2565 792 2621 malitia)
821 2576 1139 2635 auctorem,
1174 2580 1481 2643 parentem
1506 2578 1965 2646 etinventorem,

324 2651 494 2706 illum
518 2653 867 2710 homicidam
892 2657 963 2712 ab
993 2659 1185 2725 initio,
1203 2662 1563 2735 humanique
1588 2667 1820 2737 generis
1838 2685 1967 2738 per-

324 2758 577 2796 osorem.
630 2744 811 2798 Jussit
865 2762 1083 2816 praeses
1136 2766 1277 2804 ense
1334 2754 1627 2823 amputari
1688 2757 1963 2826 martyris

320 2829 524 2883 ubera.
558 2831 780 2895 Quibus
803 2836 1073 2903 exsectis,
1125 2838 1341 2893 Christi
1373 2841 1603 2897 ovicula
1632 2844 1692 2896 in
1749 2844 1961 2899 coelum

325 2918 653 2988 suscipiens
678 2937 691 2974 :
726 2923 800 2975 Ne
822 2926 1090 2993 projicias
1119 2942 1220 2993 me,
1252 2930 1500 3000 Domine,
1520 2931 1734 2999 aiebat,
1765 2950 1798 2987 a
1817 2937 1962 3001 facie

325 3012 422 3059 tua
453 3013 503 3060 et
533 3008 803 3077 Spiritum
831 3020 1080 3068 sanctum
1108 3032 1176 3068 ne
1223 3020 1443 3084 auferas
1485 3035 1519 3072 a
1542 3036 1625 3073 me
1654 3021 1718 3075 ³⁷.
1771 3024 1959 3091 Atque

322 3093 473 3148 hanc
505 3112 738 3166 quoque
788 3098 1020 3170 plagam
1072 3109 1296 3173 martyr
1339 3122 1622 3176 generoso
1671 3112 1846 3178 atque
1895 3109 1955 3162 in

2096 563 2215 621 πῶς
2242 557 2339 630 ἐμὲ
2371 558 2679 632 θεραπεύειν
2714 555 3001 627 ἠδύναντο,
3058 560 3157 626 τήν
3216 558 3388 614 αὐτῶν
3447 559 3739 632 ἀφανίζου-

2097 671 2189 705 σαν
2228 649 2515 721 λαοπλανῆ
2579 651 2954 724 ματαιότητα,
3009 652 3068 708 Ὀ
3128 649 3183 706 δὲ
3235 651 3331 723 ἐμὲ
3388 651 3738 726 θεραπεύσας,

2094 739 2304 809 Ἰησοῦς
2365 740 2503 795 ἐστιν
2538 742 2846 811 ὁΧριστὸς,
2879 741 2908 795 6
2941 741 3057 801 υἱὸς
3113 744 3209 795 τοῦ
3267 744 3399 794 Θεοῦ
3453 744 3548 794 τοῦ
3604 745 3739 809 ζῶν·

2090 848 2207 895 τος,
2254 827 2312 881 δν
2374 828 2436 882 σὺ
2499 824 2757 903 βεϐήλοις
2812 825 3141 904 ὀφθαλμοῖς,
3202 828 3292 882 καὶ
3350 830 3732 903 πεπωρωμένῃ

2092 918 2245 990 ψυχῇ
2280 913 2411 970 ἰδεῖν
2441 915 2502 970 οὐ
2529 917 2767 993 πέφυκας
2809 914 2977 988 ἄξιος.
3032 917 3120 977 Ὠς
3169 913 3226 970 δὶ
3279 916 3466 988 θηρίον
3516 915 3735 978 τούτοις

2091 1004 2334 1081 ἐξαφθεῖς
2365 1008 2442 1076 τῷ
2484 1006 2639 1075 θυμῷ
2694 1009 2811 1068 τοῖς
2861 1004 3096 1080 ῥήμασιν
3154 1005 3181 1057 ὁ
3237 1001 3581 1075 παμμίαρος,
3637 1025 3731 1059 κε-

2090 1090 2234 1147 λεύει
2266 1091 2358 1155 τὰς
2382 1091 2617 1165 πλευρὰς
2644 1093 2812 1161 αὐτῆς
2869 1092 3097 1153 εὐτόνως
3158 1092 3386 1163 ξέεσθαι,
3436 1092 3527 1146 καὶ
3581 1090 3731 1165 λαμ-

2088 1177 2261 1241 πάδας
2288 1180 2455 1253 πυρὸς
2485 1185 2601 1241 ταῖς
2640 1185 2884 1253 πληγαῖς
2940 1181 3360 1254 προσφέρεσθαι,
3411 1182 3499 1233 καὶ
3556 1181 3736 1257 σφύρᾳ

2088 1267 2222 1321 κατὰ
2249 1270 2347 1335 τῆς
2372 1267 2611 1343 κεφαλῆς
2662 1269 2737 1331 ὡς
2794 1267 2880 1321 ἐπὶ
2939 1267 3179 1339 ἄκμονος
3228 1266 3541 1324 τύπτεσθαι.
3575 1270 3637 1324 Ἣ
3673 1268 3733 1324 δὲ

2085 1354 2366 1409 ἀτενίσασα
2405 1355 2484 1417 εἷς
2538 1356 2630 1409 τὸν
2690 1356 2939 1430 οὐρανὸν,
2997 1358 3161 1411 εἷπινο
3226 1379 3253 1406 ι(
3289 1355 3363 1409 Σῦ
3415 1358 3726 1431 γινώσκεις,

2085 1441 2499 1517 καρδιογνῶστα
2529 1443 2711 1518 Κύριε,
2762 1444 2845 1498 ὃτι
2900 1445 3145 1498 ποθοῦσά
3199 1442 3255 1498 σὲ
3312 1465 3395 1497 σοι
3448 1444 3726 1519 προσελή-

2085 1529 2242 1599 λυθα,
2278 1532 2352 1602 μή
2389 1551 2456 1601 με
2486 1529 2877 1606 ἑγκαταλείπῃς
2904 1527 3007 1595 ἕως
3046 1531 3257 1593 τέλους.
3294 1555 3322 1582 ››
3375 1532 3471 1585 Καὶ
3520 1533 3723 1600 ταύτην

2084 1616 2175 1672 οῦν
2228 1619 2326 1686 τήν
2387 1619 2613 1693 βάσανον
2671 1621 2706 1688 ἡ
2766 1620 2979 1693 γενναία
3032 1624 3129 1675 τοῦ
3210 1622 3442 1695 Χριστοῦ
3520 1620 3729 1693 μάρτυς

2082 1706 2343 1781 γενναίως
2381 1709 2697 1782 ὑπήνεγκεν,
2730 1708 2795 1763 οὐ
2848 1715 2949 1777 τῆς
3006 1709 3251 1779 θηλυκῆς
3310 1709 3583 1771 ἀσθενείας
3640 1710 3730 1764 καὶ

2084 1792 2360 1868 ἀνανδρίας
2393 1797 2580 1867 μόνον,
2639 1796 2787 1851 ἀλλὰ
2843 1799 2933 1851 καὶ
2975 1805 3075 1867 τῆς
3117 1798 3460 1873 ἀνθρωπίνης
3510 1798 3727 1872 φύσεως

2082 1881 2181 1953 ἔξω
2211 1888 2478 1958 γεγονυῖα.
2513 1888 2636 1946 Πῶς
2666 1884 2768 1959 γὰρ
2818 1882 2879 1939 ἅν
2924 1884 3185 1947 τοσαύτας
3235 1887 3436 1954 αἰκίας,
3486 1886 3577 1940 καὶ
3631 1908 3729 1941 πι-

2076 1971 2231 2043 κρὰς,
2262 1972 2349 2026 καὶ
2386 1969 2652 2046 ὀδυνηρὰς
2682 1970 2952 2045 τιμωρίας
3001 1972 3380 2049 ἐκαρτέρησεν,
3427 1975 3503 2047 μή
3558 1975 3729 2049 ὑπερ-

2078 2053 2215 2113 ϐἇσα
2242 2061 2303 2113 τὸ
2332 2064 2491 2132 σῶμα
2517 2067 2619 2128 τῆς
2672 2060 3069 2131 ταπεινώσεως,
3124 2066 3191 2134 τῇ
3251 2062 3495 2133 ἀοράτως
3554 2062 3726 2131 αὐτὴν

2074 2146 2354 2219 νευρούσῃ,
2387 2148 2475 2201 καὶ
2507 2146 2830 2221 ἑνισχυούσῃ
2860 2146 3087 2221 δυνάμει
3103 2154 3196 2204 τοῦ
3224 2151 3574 2223 Πνεύματος;

2148 2232 2232 2290 ιδ’.
2257 2236 2415 2289 Ἀλλ’
2447 2232 2573 2289 οὐδὶ
2601 2236 2807 2290 τούτων
2835 2239 3196 2312 γιγνομένων,
3251 2238 3413 2312 κόρον
3461 2242 3561 2308 τῆς
3610 2261 3718 2311 μα-

2073 2319 2187 2383 νίας
2210 2316 2401 2377 ἔλαϐεν
2433 2324 2461 2376 6
2488 2327 2583 2377 τοῦ
2614 2318 2878 2378 διαϐόλου
2931 2326 3207 2400 ὑπηρέτης
3236 2347 3293 2380 τε
3340 2326 3429 2381 καὶ
3475 2330 3713 2402 συνήγο-

2074 2429 2188 2485 ρος·
2220 2408 2301 2487 ἐφ’
2332 2404 2511 2485 ἕτερον
2545 2408 2601 2466 δὲ
2634 2412 3060 2486 βασανιστηρίων
3114 2413 3253 2476 εἶδος
3303 2416 3401 2478 τήν
3457 2419 3558 2480 τῆς
3605 2437 3717 2470 πο-

2070 2495 2257 2570 νηρίας
2317 2497 2555 2572 πηγαίαν
2612 2496 2852 2554 διάνοιαν
2933 2495 3177 2572 ἔτρεπτεν
3257 2497 3406 2558 ἔνδον
3482 2504 3715 2578 ἐγκαθή-

2075 2605 2232 2655 μενον
2292 2580 2436 2659 ἔχων
2493 2587 2585 2640 τὸν
2640 2594 2741 2656 τῆς
2796 2586 2972 2658 πάσης
3022 2588 3210 2651 κακίας
3270 2588 3537 2666 ἀρχηγὸν,
3622 2590 3715 2645 καὶ

2067 2674 2379 2748 γεννήτορα,
2428 2674 2518 2728 καὶ
2572 2675 2852 2749 εὑρήμονα
2910 2674 3195 2750 δράκοντα,
3254 2679 3347 2732 τὸν
3404 2679 3453 2751 ἐξ
3532 2680 3716 2754 ἀρχῆς

2068 2762 2508 2837 ἀνθρωποκτόνον
2560 2764 2648 2817 καὶ
2731 2765 3144 2839 μισάνθρωπον.
3225 2764 3534 2821 Ἐκέλευσεν
3595 2768 3712 2837 οῦν,

2066 2850 2251 2926 φησὶν,
2284 2852 2312 2905 ὁ
2341 2852 2559 2924 ἡγεμὼν
2593 2852 2727 2929 ξίφει
2781 2852 3079 2922 ἐκκοπῆναι
3129 2853 3255 2918 τοὺς
3318 2857 3554 2929 μαστοὺς
3609 2865 3711 2927 τῆς

2067 2938 2360 3014 μάρτυρος.
2421 2940 2870 3013 Ἐκκοπτομένων
2933 2940 2990 2996 δὶ
3042 2943 3272 3015 τούτων,
3329 2946 3365 3013 ἡ
3417 2950 3515 2999 τοῦ
3566 2952 3706 3020 Χρι-

2063 3030 2189 3080 στοῦ
2251 3026 2429 3098 ἀμνὰς
2487 3028 2563 3089 εἷς
2620 3029 2848 3103 οὐρανὸν
2934 3028 3110 3106 ἔλεγεν
3188 3027 3550 3106 ἀναϐλέψασα.
3612 3035 3705 3102 Μὴ

2062 3112 2373 3189 ἀποῤῥιψης
2455 3137 2521 3188 με
2607 3117 2710 3171 ἀπὸ
2788 3119 3085 3193 προσώπου
3171 3141 3286 3189 σου,
3372 3121 3560 3193 Κύριε,
3616 3123 3707 3177 καὶ

319 3183 639 3249 gratiarum
671 3186 900 3241 actione
932 3190 1116 3244 effuso
1147 3175 1619 3265 animoiaccepit.
1645 3198 1792 3251 Num
1820 3198 1948 3267 tibi,

2072 3202 2124 3257 :6
2154 3175 2376 3275 Ιίξμεόμά
2435 3175 2529 3258 dou
2585 3205 2648 3259 16
2706 3175 2858 3280 ἅγιον
2920 3207 2997 3279 μή
3050 3206 3343 3282 ἀντανέλῃς
3390 3209 3484 3263 ἀπ’
3541 3208 3700 3282 ἐμοῦ.

318 3272 679 3339 nequissime
692 3273 1251 3343 daemon,crudelius
1266 3280 1425 3335 aliud
1440 3283 1739 3338 cruciandi
1757 3287 1950 3341 inven-

318 3363 441 3411 tum
473 3359 589 3413 alto
622 3367 856 3429 pectore
888 3366 1259 3422 reconditum
1283 3374 1372 3422 est
1392 3369 1673 3425 ‘Ialiudne
1694 3379 1949 3430 tormen-

320 3450 511 3500 torum
542 3463 726 3519 genus
759 3450 1033 3505 muliebri
1068 3456 1231 3509 sexui
1262 3457 1554 3526 acerbius,
1588 3466 1690 3515 aut
1722 3464 1953 3535 excogi-

316 3538 524 3603 tatum,
558 3541 659 3589 aut
688 3536 960 3592 relictum
993 3540 1127 3595 est?
1155 3544 1423 3598 Nondum
1454 3546 1759 3618 fatigatum
1789 3549 1952 3621 inge-

316 3621 481 3676 nium
505 3629 595 3677 est
614 3625 674 3679 in
696 3627 1061 3696 reperiendis
1083 3630 1154 3684 ad
1172 3632 1531 3688 saeviendum
1552 3636 1611 3689 in
1633 3643 1950 3708 martyrem

315 3711 621 3780 suppliciis
650 3714 677 3768 ?
704 3713 888 3782 Adde,
923 3716 971 3769 si
1003 3717 1164 3787 libet,
1189 3720 1365 3775 etiam
1398 3722 1546 3779 alia:
1575 3725 1950 3782 adamantem

311 3800 596 3867 offendes,
624 3803 891 3872 quinimo
923 3804 1231 3861 infractam
1265 3810 1447 3864 animi
1478 3812 1611 3881 vim,
1638 3814 1949 3871 adamante

311 3889 438 3958 ipso
456 3892 1139 3957 tirmiorem,induratam
1153 3898 1585 3972 incudem,quze
1599 3905 1950 3961 malleorum

312 3980 545 4030 tuorum
568 3979 717 4034 ictus
738 3980 888 4036 ferat
912 3998 925 4037 :
947 3984 1183 4053 EDurum
1212 3994 1289 4040 est
1324 3989 1425 4041 tibi
1452 3998 1644 4046 contra
1671 3996 1951 4050 stimulum

314 4064 603 4121 calcitrare
623 4068 684 4121 ³⁸.
707 4070 999 4133 Quantum
1026 4073 1184 4128 enim
1217 4075 1507 4146 supplicia
1536 4094 1794 4150 aggeras,
1819 4088 1952 4138 tan-

316 4157 443 4206 tum
473 4157 735 4225 martyri,
773 4163 830 4212 et
853 4159 1195 4216 clarissimae
1211 4163 1666 4221 adolescentulaa
1690 4170 1947 4225 velinvi-

316 4246 409 4295 tus
440 4259 687 4297 coronas
716 4248 967 4313 auxeris,
999 4250 1383 4322 victricesque
1417 4254 1645 4325 palmas
1669 4258 1809 4314 velis
1832 4277 1947 4315 no-

312 4328 386 4383 lis
418 4334 841 4400 procuraveris.
868 4336 990 4389 Tibi
1028 4344 1223 4393 autem
1255 4342 1357 4411 qui
1388 4359 1743 4416 unaquaque
1787 4348 1949 4405 lucta

312 4424 369 4471 et
397 4421 811 4489 congressione
844 4424 1092 4481 vinceris
1124 4430 1378 4493 etcadis,
1401 4434 1766 4503 supinusque
1794 4454 1945 4491 ever-

2067 3290 2168 3346 Καὶ
2199 3291 2398 3361 ταύτην
2442 3290 2533 3346 οῦν
2586 3294 2685 3361 τὴν
2728 3293 2948 3369 πληγὴν
3005 3296 3039 3364 ὴ
3105 3294 3310 3370 μάρτυς
3369 3303 3702 3373 καρτερικῶς

2060 3389 2150 3439 καί
2184 3385 2519 3459 εὐχαρίστως
2549 3384 2782 3456 ἐδέξατο.
2845 3389 2984 3462 ’Λρά
3038 3410 3143 3457 σοι,
3202 3390 3530 3465 παμπόνηρε
3585 3390 3705 3447 δαῖ-

2067 3494 2186 3545 μον,
2246 3472 2402 3544 έτέρα
2459 3475 2769 3549 μοχθηρίας
2838 3476 3046 3531 ἐπίνοια
3086 3477 3286 3548 ταύτης
3343 3480 3703 3554 χαλεπωτέρα

2062 3560 2112 3614 ἐν
2143 3566 2223 3632 τῷ
2256 3561 2406 3635 βάθει
2435 3569 2534 3632 τῆς
2590 3566 2776 3639 ψυχῆς
2804 3566 3190 3638 τεταμίευταις
3240 3567 3341 3642 ἆρά
3388 3589 3471 3622 σοι
3518 3566 3700 3642 ἔτερον

2061 3645 2325 3719 αἰκισμῶν
2386 3646 2525 3711 εἶδος
2584 3647 2972 3725 ὀδυνηρότερον
3057 3657 3125 3725 τῇ
3200 3654 3473 3729 γυναικείᾳ
3547 3657 3701 3731 φύσει

2063 3734 2414 3806 ὑπείληπται,
2464 3734 2501 3806 ἤ
2553 3737 2985 3809 ὑποκέλειπταις
3037 3741 3136 3795 οὐκ
3190 3742 3457 3815 ἀπέκαμέν
3523 3766 3620 3799 σου
3670 3747 3696 3800 6

2058 3824 2274 3886 νοῦςτά
2329 3827 2464 3880 κατὰ
2517 3834 2616 3895 τῆς
2674 3828 2944 3903 μάρτυρος
2998 3829 3309 3903 ἐξευρίσκων
3374 3832 3697 3906 βασανιστη-

2061 3934 2147 3989 ρια
2181 3932 2194 3981 ;
2228 3913 2482 3989 Πρόσθες,
2515 3914 2559 3969 εἰ
2593 3913 2743 3970 δοκεῖ
2790 3937 2896 3986 σοι,
2945 3918 3033 3972 καὶ
3081 3915 3256 3993 ἕτερα·
3307 3921 3553 3995 εὑρήσεις
3596 3924 3693 3998 γὰρ

2058 3998 2359 4072 ἀδάμαντα,
2422 3999 2635 4075 μᾶλλον
2699 3999 2757 4056 δὲ
2810 4004 2996 4077 ψυχὴν
3056 4003 3285 4080 ἀῤῥαγῆ,
3370 4008 3457 4061 καὶ
3534 4008 3696 4062 αὐτοῦ

2057 4088 2404 4163 στερῥοτέραν
2472 4088 2797 4163 ἀδάμαντος,
2874 4089 3211 4161 ἐπανήλατον
3300 4090 3508 4167 ἃκμονα
3589 4102 3693 4151 τῶν

2058 4182 2162 4232 σῶν
2224 4183 2440 4254 σφυρῶν
2520 4178 2790 4256 ἐπιφέρειν
2875 4180 2941 4234 τά
3020 4180 3356 4255 κρούσματα·
3440 4183 3690 4260 Σκληρόν

2057 4286 2141 4320 σοι
2198 4266 2332 4339 πρὸς
2378 4265 2570 4337 κέντρα
2629 4266 2917 4337 λακτίζειν.
2992 4272 3141 4342 Ὅσῳ
3214 4271 3317 4346 γὰρ
3399 4271 3694 4343 πληθύνεις

2054 4353 2150 4416 τὰς
2182 4355 2474 4429 τιμωρίας,
2504 4356 2761 4410 τοσοῦτον
2806 4360 2873 4428 τῇ
2926 4358 3021 4429 μὲν
3079 4359 3309 4433 μάρτυρι
3356 4361 3445 4414 καὶ
3497 4382 3692 4417 πανευ-

2056 4443 2227 4519 φήμῳ
2251 4440 2449 4496 νεάνιδι
2489 4442 2616 4505 τοὺς
2674 4445 2987 4521 στεφάνους,
3046 4447 3133 4501 καὶ
3194 4448 3336 4501 ἄκων
3381 4448 3688 4520 αὐξήσειας,

313 4507 470 4572 teris,
500 4508 807 4579 multiplex
830 4512 935 4565 tibi
958 4514 1237 4583 probrum
1261 4520 1548 4577 accersis:
1582 4522 1780 4591 plures
1810 4542 1944 4581 vero

2196 4507 2549 4605 λαμπρότερα
2628 4532 2695 4585 τά
2773 4507 3068 4605 νικητήρια
3159 4530 3402 4608 βραδεῖα,
3463 4537 3553 4591 καὶ
3608 4540 3683 4611 μὴ

308 4600 365 4648 et
406 4596 770 4653 immortales
813 4616 1036 4669 poenas,
1105 4604 1373 4675 ignisque
1428 4609 1713 4665 carbones
1769 4613 1931 4668 inex-

306 4684 662 4755 stinguibilis
678 4686 737 4740 in
759 4688 1191 4758 nequissimum
1209 4699 1383 4763 caput
1397 4700 1561 4750 tuum
1574 4703 1931 4758 accumulas.

2046 4614 2384 4692 βουλόμενος
2442 4619 2846 4694 προξενήσειας.
2902 4627 3096 4694 Σαυτῷ
3156 4620 3213 4677 δὲ
3274 4625 3366 4685 τὰς
3423 4624 3685 4700 αἰσχύνας

2042 4705 2359 4778 πληθύνεις,
2391 4720 2489 4771 καθ
2558 4709 2785 4779 ἑκάστην
2826 4708 3007 4777 πάλην
3056 4711 3146 4766 καὶ
3203 4708 3522 4788 προσϐολήν
3584 4717 3684 4783 ἡτ-

304 4771 570 4841 τώμενος,
602 4772 691 4827 καὶ
748 4774 981 4845 πίπτων,
1038 4777 1127 4832 καὶ
1184 4777 1371 4841 ὕπτιος
1426 4781 1880 4859 ἀνατρεπόμενος,
1937 4790 2195 4856 πλείονας
2255 4792 2312 4849 δὲ
2367 4795 2458 4850 καὶ
2517 4795 2609 4859 τὰς
2667 4796 3057 4869 ἀτελευτήτους
3109 4799 3357 4863 κολάσεις
3416 4802 3506 4856 καὶ
3555 4803 3680 4865 τούς

305 4856 687 4933 φλογιστικοῦς
719 4858 1005 4925 ἀσϐέστους
1038 4863 1301 4940 ἃνθρακας
1328 4873 1396 4943 τῇ
1428 4856 1776 4949 παγκακίστῳ
1905 4879 2253 4958 ἐπισωρεύεις
2281 4882 2516 4958 κεφαλῇ,

378 4953 463 5005 15.
498 4951 608 5005 Sed
639 4952 765 5022 ejus
797 4970 1031 5024 quoque
1063 4957 1163 5026 qui
1193 4957 1421 5014 beatam
1483 4979 1658 5018 carne
1703 4951 1940 5038 quidem

305 5044 664 5108 susceperat,
696 5040 950 5096 alienam
985 5045 1308 5101 secundum
1341 5050 1612 5119 spiritum
1642 5070 1677 5108 a
1706 5056 1939 5125 pietatis

303 5142 479 5180 sensu
496 5127 922 5184 humanitatem
946 5134 1336 5205 etl‘eratosque
1350 5148 1676 5207 mores,eta
1696 5150 1941 5213 paterna

302 5215 611 5269 aﬂ‘ectione
643 5218 1096 5289 remotissimos,
1129 5224 1329 5279 mirari
1366 5228 1540 5282 subit.
1574 5231 1729 5287 904
1758 5235 1937 5291 Plane

303 5301 462 5371 ipsas
484 5319 717 5373 quoque
740 5306 987 5362 rationis
1002 5316 1269 5379 expertes
1290 5312 1464 5383 feras,
1489 5317 1733 5373 immitis
1751 5328 1936 5391 pater,

302 5389 650 5446 crudelitate
680 5398 737 5447 et
766 5394 1197 5454 inhumanitate
1230 5404 1539 5473 superasti.
1590 5389 1767 5478 Nam,
1804 5426 1937 5465 cum

368 5589 411 5624 ⁸⁷
438 5590 590 5647 Psal.
623 5608 675 5659 L,
715 5594 801 5649 31.
880 5595 924 5630 ³⁸
953 5596 1079 5652 Act.
1114 5615 1191 5668 ix,
1222 5603 1276 5659 5.

2124 4972 2201 5030 ιε’.
2256 4971 2427 5029 Ἀλλά
2483 4994 2575 5046 μοι
2632 4975 2720 5028 καί
2777 4979 2874 5030 τοῦ
2928 4982 3029 5045 τῆς
3082 4978 3340 5052 μακαρίας
3395 4982 3530 5034 κατᾶ
3593 4982 3686 5054 μὲν

2049 5062 2219 5131 σάρκα
2273 5064 2599 5136 γεννήτορος
2656 5060 2947 5138 ἀλλότριον
3030 5070 3145 5122 ιτοῦ
3216 5062 3466 5130 εὐσεϐοῦς
3553 5072 3685 5124 κατὰ

2048 5152 2258 5221 πνεῦμα
2316 5152 2666 5226 φρονήματος
2734 5151 2797 5206 τὸ
2874 5152 3232 5227 ἀπάνθρωπον
3305 5156 3393 5210 καί
3457 5155 3681 5227 ἐκτεθη-

2049 5237 2302 5309 ριομένον
2353 5242 2450 5291 τοῦ
2506 5240 2733 5313 τρόπου,
2791 5241 2881 5295 καὶ
2960 5241 3148 5319 πόρῥω
3231 5250 3331 5312 τῆς
3411 5254 3681 5319 πατρικῆς

2049 5321 2363 5394 διαθέσεως,
2422 5328 2712 5399 θαυμάζειν
2766 5326 3072 5404 ἐπέρχεται.
3131 5332 3336 5395 Ὄντως
3404 5334 3489 5387 καὶ
3551 5334 3682 5389 αὐτὰ

2042 5412 2108 5467 τὰ
2138 5412 2315 5490 ἄλογα
2345 5416 2508 5491 θηρία
2564 5415 2881 5493 ἃσπλαγχνε
2935 5418 3125 5495 πάτερ,
3176 5425 3245 5494 τῇ
3294 5422 3541 5495 ὠμότητι
3592 5425 3677 5478 καὶ
