4042 6154
361 275 461 330 801

1495 276 1858 332 LAUDATIO
1892 279 1950 332 S.
1989 277 2352 331 BARBARE
2390 278 2616 331 MART.

3645 281 3754 337 802

358 400 428 469 τῇ
481 393 839 468 ἆπανθρωπίᾳ
897 395 1257 470 ὑπερήλασας.
1316 396 1529 451 Ἐκεῖνα
1609 394 1711 471 γὰρ
1767 395 1833 450 τὰ
1897 389 1968 470 ἔγ-

2102 396 2220 450 ίιιω
2252 397 2448 467 proles
2480 413 2613 451 suas
2645 397 2768 452 ulla
2806 397 3025 469 injuria
3069 399 3276 454 violari
3315 400 3591 466 viderint,
3641 420 3746 474 pro

355 505 487 558 γονα
545 503 722 537 αυτων
773 485 861 560 υφ’
909 505 1035 538 οτου
1067 486 1390 558 θεωρουνται
1428 483 1798 557 βλαπτομενα,
1833 504 1996 560 μεκφι

364 571 592 635 θανάτου
637 572 810 625 αὐτῶν
879 572 1310 647 ὑπερμάχονται·
1366 571 1428 626 σὺ
1481 571 1539 627 δὲ
1590 573 1652 627 τὸ
1713 570 1849 626 ἴδιον
1907 572 1998 626 καὶ

363 659 647 732 μονογενὲς
704 660 991 736 θυγάτριον
1068 661 1140 723 ὡς
1213 659 1264 715 ἐν
1323 658 1583 733 μακέλλῳ
1637 658 1872 736 ἀφειδῶς
1933 659 2002 715 τὰ

356 752 632 822 γυναικεῖα
689 746 1074 824 γαλακτοφόρα
1133 747 1271 821 μὲλη
1333 748 1530 826 ξίφεσιν
1592 749 1865 820 θεώμενος
1913 747 1998 801 ἐκ·

357 835 691 909 κοπτόμενα,
745 833 869 890 οὐδὲ
923 835 1018 890 κᾶν
1071 837 1170 906 τήν
1237 833 1390 910 ὕϐριν
1448 836 1684 910 ῄδέσθης
1743 843 1845 905 τῆς
1901 836 1999 912 φύ-

359 945 518 992 σεως,
577 921 702 978 οὐδὲ
753 925 892 999 πρὸς
948 926 1041 986 τὰς
1108 925 1369 987 τοσαύτας
1427 923 1642 1000 πληγὰς
1697 924 1998 997 ἐκάμφθης,

367 1015 442 1076 ὡς
473 1015 571 1084 τήν
602 1010 822 1086 καρδίαν
883 1012 1126 1085 λιθώδης
1191 1036 1249 1070 ἰε
1304 1015 1394 1070 καὶ
1448 1011 2000 1085 ἇναίσθητος.’Λλλᾶ

357 1103 410 1158 τί
442 1104 810 1175 θαυμάζομεν,
843 1100 1093 1180 ἀδελφοὶ,
1122 1102 1249 1166 τοὺς
1299 1103 1368 1178 τῇ
1409 1103 1590 1178 πλάνῃ
1621 1110 1720 1173 τῆς
1753 1097 1995 1164 ἀσεϐείας

356 1192 677 1265 μεθύοντας,
734 1191 824 1244 καὶ
881 1195 950 1265 τῇ
1009 1195 1106 1246 τοῦ
1164 1197 1375 1246 Σατανᾶ
1433 1192 1598 1264 μανίᾳ
1635 1186 1998 1265 ἐκϐεϐακχευ-

356 1280 586 1352 μένουςς
647 1285 846 1354 Ὥσπερ
898 1279 1000 1354 γὰρ
1069 1280 1122 1334 οἱ
1206 1278 1514 1335 καλλίνικοι
1596 1279 1861 1355 μάρτυρες
1917 1282 1996 1350 τῷ

349 1366 472 1442 περί
526 1368 752 1441 Χριστὸν
807 1365 1022 1444 φίλτρῳ
1085 1372 1167 1440 τῷ
1240 1365 1369 1440 θείῳ
1423 1369 1706 1443 γενόμενοι
1763 1368 1991 1441 κάτοχοι

349 1453 644 1527 Πνεύματι,
675 1458 775 1526 τήν
824 1456 979 1533 φύσιν
1036 1458 1352 1524 νικήσαντες
1399 1457 1489 1510 καὶ
1549 1451 1990 1530 ὑπεραναϐάντες,

349 1541 402 1597 ἐν
433 1549 550 1606 τοῖς
607 1544 738 1621 ὑπὲρ
797 1545 952 1622 φύσιν
1010 1545 1317 1620 γεγόνασιν,
1373 1544 1516 1600 οὕτω
1575 1543 1642 1614 δὴ
1692 1544 1784 1599 καὶ
1815 1545 1867 1599 οἰ
1895 1548 1990 1599 τοῦ

346 1632 582 1706 Χριστοῦ
610 1633 702 1686 καὶ
747 1633 958 1688 τούτων
1019 1631 1267 1705 διῶκται,
1323 1638 1420 1688 τοῦ
1480 1638 1727 1708 πονηροῦ
1753 1632 1986 1708 πλήρεις

2110 485 2231 538 illis
2262 486 2335 539 ad
2364 492 2614 540 mortem
2643 504 2829 556 usque
2861 493 3126 559 pugnant
3152 505 3165 542 :
3200 494 3261 542 tu
3311 506 3446 544 vero
3478 495 3660 557 tuam,
3690 496 3748 545 et

2110 590 2289 644 quam
2318 575 2554 629 unicam
2586 575 2897 646 suscepisti
2927 576 3133 646 ﬁliam,
3169 582 3454 646 tanquam
3499 578 3560 632 in
3611 595 3742 633 ma-

2109 664 2280 730 cello,
2315 663 2484 718 lactis
2532 664 2785 718 vasculis
2833 664 3154 720 crudeliter
3195 665 3352 720 ferro
3401 668 3742 737 amputatis,

2110 750 2558 806 dehonestatam
2590 750 2812 817 videns,
2865 769 2939 806 ne
2970 759 3196 807 natura:
3247 754 3484 824 quidem
3519 755 3744 809 illatam

2108 838 2390 910 injuriam
2407 855 2467 892 es
2493 839 2776 893 reveritus
2802 856 2939 894 :nec
2958 841 3031 895 ad
3057 846 3248 896 tantas
3271 842 3470 914 plagas
3492 843 3746 898 inﬂexus

2109 942 2192 993 es,
2226 931 2510 996 tanquam
2543 943 2752 982 saxeus
2785 944 2968 995 esses,
2997 929 3280 999 omnique
3304 947 3484 985 sensu
3507 932 3749 987 destitu-

2107 1019 2222 1069 tus.
2251 1016 2465 1069 Verum
2497 1015 2638 1086 quid
2670 1016 2975 1086 miramur,
3006 1017 3239 1082 fratres,
3275 1035 3376 1073 eos
3393 1020 3492 1089 qui
3529 1021 3737 1090 impie-

2106 1102 2242 1157 tatis
2272 1119 2469 1157 errore
2501 1103 2646 1157 ebrii
2681 1109 2836 1172 sunt,
2872 1107 3098 1159 Satanm
3130 1123 3364 1176 quoque
3407 1107 3604 1162 furore
3636 1109 3740 1162 de-

2103 1190 2376 1245 bacchari
2399 1190 2943 1255 ?Quemadmodum
2967 1194 3120 1247 enim
3135 1194 3401 1264 praaclari
3426 1199 3736 1266 martyres,

2103 1277 2299 1332 divino
2330 1279 2514 1333 afﬂati
2545 1279 2786 1350 Spiritu,
2819 1281 3043 1336 devicta
3073 1287 3285 1336 natura
3332 1287 3389 1337 et
3439 1288 3733 1353 superata,

2104 1383 2280 1437 supra
2310 1373 2582 1422 naturam
2598 1375 2910 1422 evaserunt
2934 1385 2947 1424 :
2981 1369 3064 1423 sic
3079 1387 3312 1440 quoque
3328 1371 3424 1441 qui
3441 1372 3737 1425 Christum

2105 1454 2306 1509 etillos
2326 1457 3156 1528 persequuntur,nequissimo
3172 1458 3383 1529 spiritu
3404 1459 3584 1530 pleni,
3605 1476 3739 1514 cum

2102 1559 2163 1596 se
2196 1541 2501 1598 dcsertrici
2530 1544 2728 1598 virtuti
2760 1545 3178 1616 manciparint,
3226 1547 3336 1617 ipsi
3369 1547 3544 1602 etiam
3577 1554 3741 1602 extra

2098 1636 2324 1685 natura:
2355 1633 2645 1687 rationem
2679 1633 3048 1702 excedentes,
3069 1651 3187 1689 non
3218 1635 3290 1690 ad
3321 1635 3382 1688 id
3411 1636 3567 1706 quod
3588 1653 3736 1707 pras-

344 1722 784 1795 χρηματίζοντες
834 1721 1164 1796 πνεύματος,
1221 1723 1312 1776 καὶ
1368 1726 1438 1795 τῇ
1499 1723 1832 1794 ἆποστατικῇ
1865 1722 1968 1775 ἐαυη

2098 1720 2353 1774 stantius
2384 1721 2478 1787 sit,
2513 1722 2614 1776 sed
2643 1722 2703 1776 in
2755 1721 2815 1776 id
2847 1722 3004 1791 quod
3041 1722 3301 1778 deterius
3332 1730 3734 1795 proruerunt:

341 1808 470 1872 τοὺς
523 1806 743 1882 δυνάμει
801 1808 1332 1880 καταδουλώσαντες,
1390 1807 1490 1880 ἔξω
1547 1809 1636 1864 καὶ
1694 1809 1848 1864 αὐτοὶ
1885 1811 1985 1878 τῆς

339 1895 574 1973 φύσεως,
608 1897 706 1951 ούκ
736 1897 812 1961 εἰς
838 1903 1107 1972 κρεῖττον,
1140 1896 1265 1953 ἀλλ’
1315 1897 1392 1960 εἰς
1445 1899 1508 1953 τὸ
1542 1902 1730 1972 χεῖρον
1771 1895 1984 1951 ἀπώλι-

340 1996 491 2055 σθον,
521 1986 612 2039 καὶ
667 1983 933 2058 ἐξέπεσον.
995 1987 1096 2044 Καὶ
1156 1986 1337 2060 ὣσπερ
1398 1985 1593 2042 ἐκεῖνοι
1627 1987 1736 2040 ἂνω
1765 1991 1863 2054 τῆς
1892 1985 1984 2039 ἀν-

334 2073 616 2147 θρωπίνης
679 2073 1106 2148 ὑπερυψώθησαν
1165 2075 1559 2142 καταστάσεως,
1606 2077 1856 2128 τοσοῦτοι
1888 2072 1980 2126 καὶ

336 2160 484 2214 οὗτοι
542 2161 834 2236 κατωτέρω
917 2163 1116 2233 ταύτης
1199 2159 1667 2230 κατεκλύσθησαν,
1718 2159 1806 2213 καὶ
1865 2163 1982 2222 τοῖς

333 2247 798 2323 ἀνθρωποκτόνοις
842 2248 1118 2325 γεγόνασιν
1171 2248 1418 2322 δαίμοσιν
1461 2249 1674 2321 ’ὁμοιοιο
1707 2245 1797 2301 καὶ
1831 2245 1979 2318 μάλα

332 2333 576 2399 εἰκότως.
640 2337 706 2393 Οἱ
769 2336 870 2413 γὰρ
955 2339 1175 2412 Χριστῷ
1257 2338 1680 2413 προσεχόμενοι,
1739 2337 1977 2408 Χριστοῦ

337 2441 574 2493 μιμηται
606 2419 697 2476 διὰ
723 2428 822 2491 τῆς
862 2421 1032 2492 αὐτῆς
1085 2423 1280 2497 ἀρετῆς
1335 2423 1697 2477 καθίστανται·
1731 2421 1783 2475 οἱ
1811 2418 1868 2474 δὲ
1893 2423 1974 2490 τῷ

327 2514 426 2563 τοῦ
483 2505 745 2564 διαϐόλου
805 2515 948 2585 ζυγῷ
1000 2511 1225 2574 ἑαυτοὺς
1313 2512 1716 2583 ὑποζεύξαντες,
1777 2507 1974 2579 ἐκείνῳ

2095 1823 2164 1863 ac
2197 1807 2348 1862 sicut
2376 1808 2464 1862 illi
2511 1826 2688 1880 supra
2727 1810 3051 1866 humanam
3100 1811 3503 1866 conditionem
3553 1813 3735 1868 evecti

2097 1899 2254 1964 sunt,
2280 1894 2361 1949 ita
2385 1896 2555 1950 etisti
2579 1897 2733 1951 infra
2755 1914 2883 1953 eam
2906 1898 3162 1953 demersi
3183 1897 3366 1968 fuere,
3391 1899 3738 1954 homicidis-

2095 1999 2207 2054 que
2233 1984 2573 2039 hominibus
2595 1985 2821 2040 similes
2844 1985 2980 2041 facti
3006 2003 3019 2040 :
3044 1986 3221 2057 idque
3244 1987 3455 2042 merito
3473 2005 3736 2058 prorsus.

2093 2071 2199 2136 Qui
2234 2073 2391 2126 enim
2423 2089 2484 2126 se
2515 2074 2744 2128 Christo
2775 2074 3126 2145 adjungunt,
3161 2074 3377 2129 virtute
3401 2091 3507 2129 sua
3522 2074 3738 2130 Christi

2089 2158 2417 2214 imitatores
2441 2159 2782 2215 efficiuntur
2805 2177 2818 2214 :
2839 2162 2938 2231 qui
2960 2178 3093 2216 vero
3119 2161 3337 2216 diaboli
3358 2163 3572 2234 sejugo
3594 2162 3735 2217 sub-

2090 2245 2390 2314 diderunt,
2422 2247 2508 2301 illi
2523 2247 2768 2319 perinde
2787 2248 3074 2303 simillimi
3104 2255 3161 2304 et
3181 2265 3353 2320 pares
3374 2249 3724 2304 redduntur.

2087 2335 2306 2389 Verum
2363 2335 2666 2391 videamus
2725 2336 2867 2408 quid
2917 2336 3198 2408 deinceps
3253 2337 3619 2393 adversarius
3668 2341 3727 2391 et

2085 2422 2338 2478 aemulus
2369 2440 2475 2494 per
2504 2424 2790 2479 satellites
2823 2442 2960 2480 suos
2992 2425 3268 2480 adversus
3289 2426 3596 2480 honestam
3627 2442 3724 2480 ca-

2085 2515 2356 2580 stamque
2388 2512 2672 2584 virginem
2704 2513 2990 2584 excogitet
3021 2519 3080 2567 et
3109 2513 3500 2568 machinetur.

332 2594 599 2667 δήπουθεν
657 2597 898 2673 γίνονται
950 2605 1320 2676 παρεμφερεῖς
1366 2599 1456 2655 καὶ
1505 2597 1827 2675 ἐφάμιλλοι.
1888 2593 2051 2650 Ἀλλ’
2107 2593 2308 2668 ἴδωμεν
2366 2600 2420 2651 τί
2471 2596 2636 2652 πάλιν
2670 2599 2698 2652 ὁ
2747 2597 3017 2660 ἀντίδικος
3058 2599 3148 2652 καὶ
3178 2598 3468 2660 ἀντίπαλος
3498 2596 3586 2652 διὰ
3612 2601 3722 2653 τῶν

331 2683 486 2740 ἰδίων
520 2687 860 2742 ὑπασπιστῶν
894 2689 1030 2743 κατὰ
1057 2695 1156 2757 τῆς
1186 2695 1388 2761 σεμνῆς
1415 2691 1504 2742 καὶ
1535 2688 1814 2763 σώφρονος
1845 2685 2124 2757 Παρθένου
2156 2682 2380 2755 ἐπινοεῖ,
2409 2685 2498 2739 καὶ
2527 2688 2873 2742 τεκταίνεται.

411 2779 494 2842 ιζ’.
553 2771 702 2830 Ἰδὼν
755 2776 858 2851 γὰρ
915 2775 998 2830 ὅτι
1052 2776 1152 2838 τὰς
1208 2779 1303 2830 τοῦ
1361 2774 1589 2848 σέματος
1648 2773 1824 2834 αἰκίας
1883 2771 1971 2826 ἀν-

337 2857 534 2934 δρείως
563 2862 808 2941 ὑποφέρει
851 2885 910 2919 τε
964 2863 1055 2918 καὶ
1117 2863 1422 2940 ὑφίσταται,
1451 2867 1520 2936 τῇ
1551 2866 1705 2936 ψυχῇ
1741 2862 1969 2937 βάσανον

2156 2776 2240 2827 16.
2272 2774 2416 2828 Cum
2447 2791 2701 2845 namque
2730 2775 3110 2846 perspiceret,
3139 2775 3374 2831 fortiter
3403 2792 3533 2831 eam
3564 2777 3714 2832 tole-

2079 2877 2209 2916 rare
2238 2867 2297 2916 et
2327 2862 2618 2917 sustinere
2665 2864 2927 2934 corporis
2980 2863 3294 2932 cruciatus,
3345 2870 3707 2921 tormentum

328 2947 634 3020 ἐπιτηδεύει
676 2951 973 3028 ἀφόρητον,
1017 2951 1106 3006 καὶ
1155 2951 1422 3026 αἰσχύνης
1470 2949 1638 3020 ἄξιον,
1671 2950 1744 3010 ὡς
1773 2945 1962 3006 οἷέται.

331 3043 365 3057 Ir
410 3037 424 3055 ἱ
481 3035 506 3057 ν
694 3038 708 3057 ε
811 3037 855 3057 νς
921 3045 980 3057 ,κ
1217 3040 1230 3057 Ι
1453 3038 1468 3057 \
1564 3043 1590 3054 υ
1832 3035 1842 3056 Ι

2080 2949 2320 3003 molitur
2349 2950 2741 3019 intolerabile,
2777 2956 2853 3020 et,
2903 2957 2970 3006 ut
3019 2952 3333 3020 existimat,
3386 2953 3709 3026 ignominia

2084 3037 2308 3057 ..η-,ω
2388 3041 2443 3057 ,ί
2727 3040 2737 3050 .
2939 3039 2976 3057 ..
3077 3046 3088 3057 ,
3195 3046 3205 3057 ,
3326 3047 3336 3057 ,
3418 3041 3429 3052 .

328 3037 426 3092 Καὶ
479 3035 618 3092 ἔστιν
679 3038 752 3100 ὡς
800 3037 1023 3110 ἀληθῶς
1078 3040 1328 3110 τοιαύτη,
1380 3038 1469 3094 καὶ
1524 3043 1631 3093 τῶν
1686 3035 1963 3112 προτέρων

329 3125 710 3202 χαλεπωτέρα.
770 3125 945 3184 Ἀλλὰ
1002 3125 1092 3182 διὰ
1160 3128 1394 3200 Χριστὸν
1451 3127 1702 3201 πάσχειν,
1757 3124 1853 3180 κᾶν
1909 3147 1962 3180 τι

323 3210 479 3268 δοκεῖ
535 3212 896 3270 ἐπονείδιστον
961 3210 1108 3289 ἔχειν
1151 3216 1242 3270 καὶ
1297 3214 1571 3289 ἄσχημον,
1628 3213 1773 3282 πλὴν
1818 3211 1963 3268 ἀλλὰ

319 3303 520 3364 παντὸς
576 3301 1041 3376 καλλωπίσματός
1097 3302 1234 3359 ἐστιν
1296 3303 1612 3377 σεμνότερόν
1658 3323 1718 3357 τε
1759 3300 1961 3356 καὶεύ-

322 3393 794 3466 σχημονέστερον,
845 3393 936 3447 καὶ
984 3392 1380 3468 κοσμιώτερον.
1433 3389 1654 3449 Κελεύει
1696 3389 1819 3467 γὰρ,
1854 3412 1962 3466 φη-

320 3479 426 3548 σὶν,
481 3481 508 3534 ὁ
567 3480 788 3556 ἡγεμὼν
847 3483 1064 3556 γυμνήν
1120 3483 1504 3554 πομπευθῆναι
1561 3480 1727 3548 αὐτὴν
1786 3484 1957 3534 πᾶσαν

315 3569 417 3636 τὴν
449 3568 761 3644 περίχωρον
792 3568 1023 3641 ἐκείνην,
1081 3570 1172 3625 καὶ
1224 3569 1466 3644 πληγαῖς
1525 3569 1822 3646 ἆφορήτοις
1854 3590 1960 3642 μα-

319 3655 613 3724 στίζεσθαι.
644 3659 786 3714 Ἴστε
834 3656 891 3713 δὲ
945 3661 1183 3729 πάντως,
1242 3659 1530 3733 ἀγαπητοὶ,
1564 3656 1694 3727 ὅσην
1724 3657 1786 3712 τὸ
1817 3662 1958 3732 πρᾶ-

316 3764 435 3819 γμα
464 3743 612 3818 φέρει
663 3750 784 3807 ταῖς
840 3745 1130 3822 παρθένοις
1184 3745 1450 3821 αἰσχύνην
1509 3743 1597 3800 καὶ
1655 3743 1809 3816 αἰδὼ,
1865 3745 1954 3799 καὶ

323 3829 563 3903 μάλιστα
590 3838 708 3894 ταῖς
736 3833 873 3888 κατὰ
922 3835 1021 3903 τὴν
1078 3833 1222 3889 ὁσίαν
1279 3833 1480 3903 ταύτην
1511 3832 1702 3908 κόρην,
1735 3835 1800 3902 ἧς
1831 3829 1955 3887 οὐδὲ

319 3919 488 3988 ἥλιος
542 3919 620 3982 εἰς
674 3940 858 3991 κορον,
919 3923 992 3984 ὡς
1065 3921 1257 3990 εἰπεῖν,
1315 3922 1618 3978 ἀπολαῦσαι
1669 3918 1952 3990 δεδύνηται

316 4007 600 4083 πρότερον.
651 4010 749 4062 Καὶ
803 4010 866 4064 ού
927 4010 1089 4083 μόνον
1153 4009 1279 4083 μίαν
1329 4010 1529 4086 ἀγορὰν
1559 4008 1647 4064 καὶ
1673 4008 1951 4079 πλατεῖαν,

311 4092 348 4163 ἤ
404 4092 653 4168 δευτέραν
707 4098 979 4172 περιάγειν
1037 4097 1355 4174 ἠνάγκαζεν,
1415 4096 1559 4153 ἀλλὰ
1612 4097 1702 4151 καί
1753 4096 1949 4172 χωρία,

309 4182 400 4237 καὶ
458 4181 639 4252 ἄστεα,
713 4185 806 4239 καὶ
890 4183 1102 4259 δήμους
1184 4182 1533 4260 ἀμείϐουσαν.
1594 4191 1770 4242 Πᾶσαν
1826 4185 1949 4261 γὰρ,

313 4270 498 4348 φησὶν,
528 4273 628 4342 τήν
687 4273 1002 4348 περίχωρον
1057 4274 1292 4344 ἐκείνην.
1348 4276 1569 4338 ’Όντως
1615 4273 1790 4344 πάσης
1817 4271 1950 4328 καύ-

2075 3037 2338 3109 dignum.
2371 3041 2452 3093 Ac
2483 3039 2656 3110 plane
2689 3039 2979 3111 ejusmodi
3006 3046 3114 3106 est,
3147 3046 3214 3095 ut
3243 3041 3540 3096 anteriora
3571 3060 3702 3114 gra-

2068 3125 2244 3181 vitate
2275 3127 2536 3182 excedat.
2571 3128 2783 3182 Verum
2805 3129 3016 3182 Christi
3034 3129 3389 3200 gratia'pati,
3414 3130 3702 3200 quidquid

2072 3213 2274 3285 probri
2312 3219 2369 3269 et
2395 3214 2700 3270 dedecoris
2729 3215 2944 3270 habere
2979 3215 3267 3283 videatur,
3315 3218 3424 3273 hoc
3453 3235 3700 3288 prorsus

2069 3308 2343 3357 ornatum
2360 3320 2597 3358 omnem
2621 3303 2947 3359 honestatis
2970 3303 3179 3360 decore
3202 3311 3260 3360 et
3286 3307 3551 3362 castitate
3575 3307 3703 3362 vin-

2068 3390 2166 3446 cit.
2197 3391 2388 3458 Jubet,
2421 3391 2636 3463 inquit,
2669 3410 2886 3464 praeses
2916 3409 3044 3448 eam
3078 3394 3298 3450 nudam
3329 3411 3435 3466 per
3464 3413 3702 3452 omnem

2065 3478 2340 3534 viciniam
2368 3481 2755 3552 ignominiose
2789 3480 3036 3548 traduci,
3069 3489 3128 3538 et
3147 3483 3344 3556 ﬂagris
3375 3484 3700 3540 intoleran-

2066 3567 2154 3622 dis
2187 3568 2350 3623 czedi.
2385 3568 2555 3623 Scitis
2583 3569 2846 3635 omnino,
2886 3571 3244 3637 charissimi,
3295 3578 3580 3642 quantum
3631 3589 3700 3628 ea

2064 3673 2160 3710 res
2189 3656 2510 3728 virginibus
2532 3657 2816 3727 pudorem
2839 3675 2904 3712 ac
2926 3659 3341 3714 verecundiam
3363 3661 3597 3726 inferat,
3621 3661 3694 3714 il-

2063 3743 2255 3813 lisque
2289 3744 2540 3798 maxime
2573 3761 2703 3814 qum
2726 3751 2988 3800 sanctam
3011 3747 3164 3801 hanc
3185 3746 3443 3818 puellam
3466 3747 3698 3802 imitan-

2063 3837 2178 3897 tur,
2233 3831 2404 3903 cujus
2453 3848 2528 3886 ne
2577 3833 2663 3886 sol
2713 3833 2955 3904 quidem
3013 3835 3096 3903 (ut
3142 3834 3225 3889 ita
3274 3834 3503 3904 loquar)
3552 3835 3694 3889 satis

2062 3925 2301 3990 aspectu
2332 3919 2443 3974 frui
2475 3921 2784 3992 potuisset.
2818 3923 2931 3977 Nec
2961 3939 3096 3977 vero
3136 3922 3301 3978 illam
3331 3939 3516 3978 unum
3550 3922 3697 3979 dun-

2061 4013 2240 4076 taxat,
2274 4013 2375 4062 aut
2411 4008 2663 4064 alterum
2713 4011 3034 4081 compitum
3067 4012 3118 4066 ei
3149 4012 3405 4083 plateam
3453 4012 3691 4068 funesto

2062 4097 2395 4169 spectaculo
2409 4097 2659 4153 circuire
2681 4099 2924 4170 cogebat
2949 4117 2962 4168 ;
2988 4100 3090 4154 sed
3114 4107 3171 4154 et
3191 4101 3412 4172 Oppida
3435 4106 3492 4156 et
3510 4100 3692 4170 vicos,

2058 4187 2376 4257 urbesque,
2422 4194 2480 4242 et
2528 4187 2674 4242 alios
2715 4194 2889 4258 atque
2933 4188 3079 4243 alios
3123 4190 3392 4261 populos.
3445 4191 3693 4246 Omnem

2063 4275 2242 4341 enim,
2262 4274 2476 4345 inquit,
2498 4275 2771 4331 viciniam
2795 4277 2980 4331 illam.
3009 4277 3179 4332 Omni
3199 4295 3400 4334 revera
3417 4279 3690 4335 incendio

313 4379 448 4423 σεως
475 4361 562 4414 καὶ
602 4362 876 4435 μαστίγων
937 4359 1151 4434 ὀδύνης,
1206 4363 1362 4425 οὗτος
1418 4364 1447 4418 ὁ
1501 4362 1800 4436 πειρασμὸς
1827 4365 1946 4422 ταῖς

2080 4369 2115 4418 :t
2143 4363 2451 4417 verberum
2483 4364 2769 4433 cruciatu,
2803 4367 3050 4420 tentatio
3069 4366 3195 4422 haec
3223 4367 3570 4422 verecundis
3590 4385 3687 4423 ca-

308 4444 707 4520 αἰσχυντηλαῖς
759 4449 849 4504 καὶ
907 4455 1127 4523 σεμναῖς
1179 4449 1391 4525 κόραις,
1449 4447 1838 4525 χαλεπώτερός
1887 4467 1945 4502 τε

307 4534 397 4589 καὶ
426 4534 845 4611 ἐπαχθέστερος.
876 4536 1038 4594 Ἀλλ’
1068 4537 1220 4611 ὅμως
1273 4539 1361 4592 καὶ
1394 4537 1591 4608 ταύτην
1620 4539 1719 4606 τήν
1751 4533 1944 4611 αἰσχύ-

308 4642 406 4691 νην
468 4623 750 4696 ὑπὲμεινεν
811 4621 901 4678 διὰ
952 4626 1016 4680 τὸ
1095 4626 1234 4701 πρὸς
1289 4625 1516 4696 Χριστὸν
1572 4624 1796 4699 φίλτρον
1855 4623 1943 4678 καὶ

306 4704 500 4784 ἔρωτα,
533 4710 590 4773 ὃς
623 4710 692 4766 δι’
723 4715 871 4786 ἡμᾶς
927 4714 1150 4789 σταυρὸν
1211 4713 1516 4787 ὑπέμεινεν,
1557 4712 1820 4788 αἰσχύνης
1844 4733 1944 4767 κα-

302 4801 666 4875 ταφρονήσας,
726 4802 831 4858 Τὸν
888 4801 989 4878 γὰρ
1047 4801 1278 4857 παλαιὸν
1338 4801 1616 4876 ἄνθρωπον
1678 4799 1769 4854 σὺν
1825 4805 1943 4864 τοῖς

303 4889 644 4960 παθήμασιν,
701 4890 776 4943 ὧν
829 4889 919 4945 καὶ
975 4891 1010 4960 ἡ
1068 4889 1292 4961 τοιαύτη
1361 4887 1593 4964 αἰσχύνη
1653 4887 1945 4964 ἐνυπάρχει

300 4982 402 5043 τῆς
429 4974 673 5047 ἐσθῆτος,
703 4979 738 5047 ἡ
770 4977 1033 5052 παρθένος
1088 4976 1481 5052 προεκδύσασα,
1514 4975 1603 5032 διὰ
1631 4981 1788 5032 τοῦτο
1820 4975 1945 5031 οὐδὲ

305 5063 647 5139 ἀσχημονεῖν
681 5064 984 5141 ἐλογίζετο·
1046 5064 1173 5121 ἀλλ’
1227 5066 1407 5142 ὥσπερ
1440 5066 1491 5120 οἰ
1521 5064 1942 5140 πρωτόπλαστοι

306 5149 360 5206 ἐν
390 5157 470 5225 τῷ
500 5152 816 5228 παραδείσῳ
853 5155 960 5231 πρὸ
1016 5159 1123 5210 τῶν
1180 5159 1367 5219 παθῶν
1421 5161 1521 5224 τῆς
1554 5153 1818 5229 ἁμαρτίας
1846 5176 1944 5229 γυ-

305 5241 428 5311 μνοί
461 5240 619 5313 ἦσαν,
650 5241 740 5296 καὶ
775 5241 871 5297 οὐκ
923 5241 1252 5318 ᾐσχύνοντο,
1310 5241 1467 5312 ἡνίκα
1508 5240 1565 5297 δὲ
1594 5239 1682 5297 διὰ
1711 5248 1808 5312 τῆς
1837 5263 1940 5298 πα-

305 5337 515 5404 ρακοῆς
558 5331 626 5388 τὰ
681 5334 825 5405 πάθη
881 5331 934 5389 ἐν
992 5333 1176 5396 αὐτοῖς
1223 5332 1566 5406 ἐκινήθησαν,
1599 5333 1938 5409 ἀσχημονεῖν

363 5511 411 5548 ⁸⁸
443 5511 618 5567 Hebr.
652 5529 756 5582 xu,
790 5515 842 5572 2.
921 5514 967 5551 ⁸ο
998 5513 1220 5571 Coloss.
1252 5532 1332 5586 ui,
1360 5519 1412 5572 9.
1489 5515 1533 5553 ‘1
1568 5491 1710 5572 Gen.
1746 5531 1804 5570 ιι.
1837 5517 1926 5570 25.

2055 4451 2278 4522 stisque
2307 4450 2523 4521 puellis
2549 4451 2780 4523 gravior
2807 4452 2882 4507 ad
2926 4453 3132 4508 durior
3179 4461 3284 4510 est.
3316 4456 3532 4510 Verum
3577 4455 3688 4510 hoc

2056 4556 2290 4611 quoque
2305 4539 2585 4610 probrum
2607 4541 2870 4611 pertulit,
2885 4549 3124 4613 propter
3144 4543 3554 4600 vehementem
3577 4560 3691 4614 quo

2054 4627 2298 4683 ardebat
2327 4643 2463 4699 erga
2487 4627 2782 4682 Christum
2831 4645 3114 4696 amorem,
3150 4632 3250 4702 qui
3283 4631 3472 4686 nostri
3513 4647 3693 4686 causa

2055 4716 2336 4772 sustinuit
2365 4733 2620 4784 crucem,
2654 4717 2999 4775 confusione
3042 4725 3383 4792 contempta
3427 4719 3495 4775 3’.
3544 4722 3689 4775 Cum

2053 4804 2212 4860 enim
2241 4805 2398 4875 virgo
2427 4809 2683 4859 veterem
2713 4806 3016 4862 hominem
3056 4824 3188 4862 cum
3219 4807 3530 4863 affectibus
3564 4807 3686 4862 suis

2054 4895 2147 4964 (ex
2176 4891 2391 4962 quibus
2424 4897 2515 4946 est
2542 4891 2643 4946 ille
2673 4893 2922 4954 vestium
2954 4895 3166 4966 pudor)
3213 4895 3441 4968 pridem
3492 4896 3685 4951 exuis-

2051 4985 2141 5036 set
2168 4979 2215 5013 ⁴⁰
2240 4996 2253 5034 :
2287 4978 2504 5034 idcirco
2535 4980 2685 5034 nihil
2715 4997 2841 5036 rem
2873 4983 2983 5036 sibi
3008 4983 3350 5039 indecoram
3380 4984 3682 5041 censebat.

2053 5067 2162 5122 Sed
2195 5066 2347 5122 sicut
2374 5067 2550 5138 primi
2580 5075 2854 5139 parentes
2885 5071 2946 5125 in
2978 5071 3251 5142 paradiso
3284 5077 3419 5127 ante
3460 5072 3686 5144 peccati

2050 5157 2394 5212 affectiones
2423 5156 2566 5211 nudi
2599 5163 2786 5222 erant,
2822 5174 2931 5214 nec
2964 5159 3398 5216 erubuscebant
3446 5162 3515 5231 ‘1,
3564 5161 3686 5216 illis

2049 5251 2247 5301 autem
2279 5261 2382 5316 per
2406 5244 2878 5302 inobedientiam
2910 5247 2972 5303 in
3000 5265 3060 5304 se
3092 5249 3319 5316 excitis,
3371 5249 3483 5304 hoc
3515 5254 3685 5320 turpe

2052 5333 2364 5401 duxerunt,
2398 5333 2513 5388 nisi
2546 5334 2642 5389 ﬁci
2671 5334 2832 5391 foliis
2861 5336 3191 5394 nuditatem
3231 5353 3398 5394 suam
3428 5336 3687 5392 obtexis-
