4042 6154
342 286 450 345 803

1626 285 1686 339 8.
1724 280 2026 338 JOANNIS
2059 281 2482 337 DAMASCENI

3625 284 3736 341 804

343 419 477 471 sent
502 411 548 449 “
572 428 586 469 :
613 411 697 468 sic
727 424 963 483 quoque
993 408 1152 482 virgo
1187 406 1334 475 haec,
1386 405 1460 465 ad
1507 407 1830 481 pristinum
1877 403 1977 477 qui

2098 398 2501 476 ὑπελάμϐανον,
2553 405 2601 459 εἱ
2660 406 2736 478 μὴ
2775 404 2962 484 φύλλα
3018 409 3184 476 συκῆς
3239 402 3432 474 ἐαυτήν
3490 407 3589 475 τὴν
3635 406 3743 483 γό-

345 497 875 571 transgressionem
908 501 965 551 et
994 501 1298 568 peccatum
1330 499 1735 567 prmcesserat,
1768 499 1983 550 statum

348 589 618 645 restituta
645 587 794 645 905
831 601 965 641 cum
995 583 1242 656 reliquis
1273 583 1603 653 affectibus,
1626 582 1826 656 probri
1850 598 1985 637 sen-

347 693 478 733 sum
512 682 770 731 exuerat.
806 676 1021 730 Verum
1050 689 1126 728 ne
1159 672 1373 745 impuri
1403 672 1676 728 homines
1711 670 1984 727 sacratis-

348 764 564 821 simum
588 780 799 836 corpus
812 763 928 818 alio
943 766 1119 833 atque
1133 759 1249 817 alio
1264 760 1619 817 circumiens
1634 764 1983 817 contuentes

343 852 594 910 irridere
608 853 966 918 viderentur,
996 851 1058 905 in
1081 850 1292 906 caelum
1316 848 1654 915 intendens,
1681 849 1764 904 ait
1789 863 1802 902 :
1825 871 1852 899 ‹‹
1878 849 1984 903 Do-

344 941 504 999 mine
536 941 708 1011 Deus,
743 939 843 1012 qui
874 938 1131 995 nubibus
1162 938 1375 995 coelum
1402 940 1617 1010 operis,
1667 953 1865 993 meum
1899 941 1986 991 te-

343 1047 416 1105 ge
447 1045 664 1102 corpus
711 1027 798 1083 tui
839 1043 1017 1083 causa
1063 1026 1373 1089 nudatum,
1405 1042 1481 1083 ne
1528 1026 1740 1082 horum
1772 1024 1984 1096 impio-

348 1136 481 1175 rum
495 1116 831 1190 aspectibus
846 1121 1061 1189 pateat.
1084 1137 1113 1167 »
1140 1116 1273 1171 Hmc
1295 1115 1398 1171 illa
1413 1115 1659 1184 dixerat,
1683 1114 1986 1184 missoque

346 1204 633 1261 Dominus
664 1202 896 1276 angelo,
929 1203 1080 1259 stola
1110 1202 1362 1259 candida
1402 1218 1532 1258 eam
1581 1201 1983 1258 circumtexit:

349 1308 416 1349 ac
446 1291 796 1348 circumibat
827 1290 1006 1347 veluti
1040 1308 1257 1364 sponsa
1287 1297 1497 1347 ornata
1521 1297 1580 1346 et
1626 1291 1919 1355 decorata,
1954 1302 1985 1343 e

347 1386 599 1454 paterna
627 1380 800 1435 domo
832 1380 906 1435 ad
935 1379 1085 1436 bene
1116 1385 1387 1453 paratum
1418 1378 1745 1451 nuptialem
1792 1377 1984 1433 thala-

344 1485 511 1525 mum
534 1484 881 1541 properans.
915 1469 1480 1525 Circumducebatur
1509 1466 1709 1538 itaque
1749 1467 1983 1537 stipata,

344 1563 547 1613 etcum
563 1574 777 1630 pompa
789 1556 1409 1630 precedens.martyrii
1424 1557 1619 1613 cincta
1631 1554 1984 1623 diademate,

344 1651 403 1701 et
432 1645 730 1701 athleticis
760 1651 1000 1717 propter
1019 1645 1317 1701 Christum
1341 1643 1451 1699 sibi
1476 1644 1781 1715 impressis
1804 1642 1982 1711 notis,

346 1734 770 1806 sanguinisque
794 1749 1055 1806 purpura
1075 1733 1407 1799 honestata,
1441 1748 1509 1788 ac
1541 1747 1721 1804 supra
1748 1744 1985 1786 omnem

344 1821 659 1891 unionum,
694 1821 1163 1894 smaragdorum,
1186 1819 1667 1892 hyacinthorum.
1697 1818 1989 1891 pretioso-

343 1924 595 1980 rumque
616 1908 978 1981 lapillorum,
1008 1914 1066 1965 et
1085 1924 1399 1965 aureorum
1423 1909 1722 1979 torquium
1746 1906 1981 1961 clarita-

346 2001 468 2053 tem
496 1995 871 2069 praafulgens.
905 1997 948 2053 Ο
970 1996 1323 2052 miraculum
1350 1997 1362 2051 ί
1387 1995 1725 2051 Libidinosi.
1756 1993 1981 2065 spurci-

346 2100 480 2156 que,
516 2090 573 2139 et
602 2083 998 2154 impudentes,
1031 2101 1099 2139 ac
1121 2084 1520 2156 procacissimi
1544 2084 1834 2147 homines,
1861 2086 1981 2137 toto

349 2187 595 2243 corpore
621 2170 874 2227 nudatas
905 2178 1194 2244 martyres
1226 2171 1618 2243 exponebant,
1647 2176 1713 2225 ut
1763 2185 1882 2237 eas,
1916 2173 1985 2223 ut

350 2256 787 2323 existimabant,
820 2259 979 2314 velut
999 2259 1298 2331 triumpho
1322 2257 1702 2315 traducerent
1724 2273 1737 2323 ;
1765 2262 1831 2311 ut
1848 2270 1982 2310 vero

351 2349 529 2403 etiam
560 2346 892 2419 impudicos
923 2347 1125 2402 oculos
1144 2346 1459 2403 libidinose
1484 2364 1592 2403 ceu
1622 2345 1781 2401 lauto
1807 2344 1981 2416 epulo

347 2441 677 2508 pascerent:
694 2439 753 2490 at
772 2434 1035 2490 Christus
1051 2434 1251 2508 gratia;
1272 2436 1492 2491 amictu
1513 2441 1697 2490 totam
1723 2433 1981 2505 pugilem

350 2541 515 2580 suam
530 2529 752 2596 tegens,
775 2522 1043 2587 lubricis,
1068 2523 1380 2591 salacibus,
1405 2523 1726 2591 sceleratis,
1751 2527 1983 2593 specta-

350 2613 551 2670 culum
564 2613 775 2669 clausit
799 2617 1003 2683 ;atque
1019 2613 1322 2669 inventum
1345 2613 1492 2669 illud
1507 2614 1683 2669 inane
1706 2610 1980 2681 reddens,

353 2701 790 2772 exspectatione
820 2701 955 2756 illos
985 2701 1306 2758 frustravit.

2098 511 2300 565 μνωσιν
2358 491 2750 568 περιέστειλαν·
2810 494 2981 557 οὓτως
3035 498 3125 551 καὶ
3179 499 3214 565 ἡ
3274 496 3541 569 παρθένος
3573 495 3738 567 αὕτη,

2093 580 2169 643 εἲς
2222 581 2428 653 ἐκείνην
2480 580 2847 647 ἐπανελθοῦσα
2899 585 2998 654 τὴν
3058 585 3165 660 πρὸ
3219 591 3320 654 τῆς
3378 580 3739 656 παραϐάσεως

2095 668 2360 745 ἁμαρτίας
2414 672 2758 743 κατάστασιν,
2830 671 2931 741 τὴν
3009 672 3273 747 αἶσχύνην
3329 678 3451 735 τοῖς
3511 671 3743 736 λοιποῖς

2094 760 2582 837 συναπημφιάσατο
2639 760 2883 817 πάθεσιν.
2943 760 3101 817 Ἀλλ’
3152 763 3307 835 ὅμως
3386 759 3478 815 ’ίνα
3555 763 3633 835 μὴ
3683 764 3741 818 οἱ

2096 846 2285 922 μιαροὶ
2337 848 2401 903 τὸ
2457 846 2714 924 πανίερον
2771 849 2944 919 αὐτῆς
3007 848 3447 925 ἁπερικάλυπτον
3506 871 3740 924 περιπο-

2094 933 2250 989 λεῦον
2283 940 2440 1009 σῶμα
2471 937 2761 1008 θεώμενοι,
2824 937 3122 1014 καταγελᾷν
3182 935 3426 1010 δόξωσιν,
3458 937 3744 994 ἀτενίσασα

2094 1019 2171 1083 εἴς
2225 1022 2317 1077 τὸν
2366 1023 2593 1097 οὐρανὸν
2658 1024 2832 1081 δῖπεν·
2901 1049 2927 1081 ιι
2960 1026 3119 1100 Κύριε
3168 1027 3197 1081 6
3227 1026 3380 1094 Θεὸς,
3414 1027 3440 1081 6
3471 1022 3741 1102 περιϐάλ-

2095 1108 2208 1165 λων
2236 1108 2329 1165 τὸν
2390 1112 2617 1187 οὐρανὸν
2674 1112 2728 1168 ἐν
2778 1113 3061 1189 πεφέλαις,
3116 1113 3377 1169 σκὲπασόν
3424 1133 3529 1186 μου
3557 1114 3620 1169 τὸ
3651 1111 3746 1169 διᾶ

2096 1197 2154 1252 σὶ
2207 1201 2624 1274 γεγυμνωμένον
2681 1205 2861 1275 σῶμα,
2921 1200 3013 1257 ’ίνα
3089 1208 3165 1275 μὴ
3225 1201 3414 1277 ὁρᾶται
3475 1202 3579 1257 ὑπὸ
3629 1207 3743 1258 τῶν

2094 1283 2301 1343 ἆσεϐῶν
2359 1288 2592 1347 τούτων.
2642 1291 2746 1347 Καὶ
2796 1295 2960 1347 ταῦτα
3014 1289 3275 1360 εἷ’πούσης
3347 1291 3535 1361 αὐτῆς,
3601 1290 3743 1346 ἄπο-

2094 1372 2368 1441 στείλαςὸ
2402 1376 2597 1452 Κύριος
2653 1376 2907 1454 ἄγγελον,
2968 1378 3140 1452 στολῇ
3200 1377 3372 1453 λευκῇ
3424 1378 3592 1448 αὐτὴν
3642 1399 3744 1434 πε-

2095 1462 2443 1539 ριεκάλυψεν⁶
2502 1466 2592 1521 καὶ
2648 1468 2857 1540 περιείη
2918 1469 3156 1542 καθάπερ
3213 1468 3402 1545 νύμφη
3461 1486 3747 1540 κεκοσμη-

2100 1549 2233 1623 μένη
2265 1551 2909 1628 καὶκεκαλλωπισμίνη,
2968 1554 3028 1610 ἐκ
3081 1559 3180 1610 τοῦ
3235 1558 3503 1630 πατρικοῦ
3565 1551 3746 1627 δόμου

2098 1637 2185 1693 ἐπὶ
2241 1640 2340 1710 τὴν
2426 1641 2845 1717 εὐτρεπισμὲνην
2931 1647 3206 1722 νυμφικήν
3262 1639 3529 1713 παστάδα,
3580 1661 3740 1718 περι-

2097 1727 2337 1802 αγομίνη
2367 1748 2428 1784 τε
2454 1730 2544 1784 καὶ
2596 1727 3042 1809 δορυφορουμὲνη
3101 1732 3189 1786 καὶ
3247 1732 3632 1804 πομπεύουσα,
3660 1735 3747 1803 τῷ

2100 1822 2414 1891 μαρτυρικῷ
2497 1819 2900 1892 κατεστεμμίνη
2983 1839 3043 1875 τε
3101 1817 3419 1892 διαδήματι,
3472 1819 3563 1873 καὶ
3621 1824 3744 1881 τοῖς

2095 1902 2228 1978 ὑπὲρ
2259 1908 2502 1978 Χριστοῦ
2532 1904 2859 1977 ἀθλητικοῖς
2902 1908 3186 1980 στίγμασι,
3220 1907 3307 1962 καὶ
3338 1910 3408 1979 τῇ
3437 1910 3535 1961 τοῦ
3565 1905 3743 1978 α’ίμα-

2087 2009 2182 2053 τος
2236 1992 2530 2068 πορφυρίδι
2585 1994 2982 2068 σεμνυνομένη,
3036 1996 3124 2050 καὶ
3183 1993 3552 2070 διαπρέπουσα
3603 1995 3740 2070 ὑπὲρ

2088 2085 2263 2133 πᾶσαν
2326 2088 2696 2156 μαργαριτῶν,
2756 2082 3081 2159 σμαράγδων
3162 2102 3222 2139 τε
3299 2083 3388 2139 καὶ
3456 2084 3742 2155 ὑακίνθων,

2088 2167 2178 2222 καὶ
2216 2166 2538 2242 πολυτίμων
2594 2170 2787 2241 λίθων,
2841 2177 3059 2247 χρυσῶν
3114 2193 3174 2227 τε
3228 2169 3733 2245 ἀποπεπλεγμένων

2090 2255 2384 2333 φανότητα.
2419 2259 2485 2312 Ὦ
2512 2263 2613 2313 τοῦ
2669 2259 2983 2333 θαύματοςί
3043 2261 3099 2314 οἱ
3152 2259 3434 2333 ἐμπαθεῖς,
3478 2260 3568 2314 καί
3597 2275 3735 2334 φιλ-

2089 2341 2302 2414 ήδονοι,
2335 2344 2568 2408 ἀναιδεῖς
2595 2367 2653 2402 τε
2681 2348 2771 2402 καὶ
2812 2346 2935 2403 λίαν
2983 2348 3355 2422 ἀναίσχυντοι,
3389 2347 3735 2422 ὁλογύμνους

2088 2431 2183 2492 τὰς
2232 2429 2321 2487 διὰ
2382 2436 2609 2509 Χριστὸν
2687 2435 2956 2499 ἀθλούσας
3034 2436 3376 2512 περιῖστανον
3433 2438 3734 2511 μάρτυρας,

2083 2515 2176 2573 ’ίνα
2202 2520 2420 2591 ταύτας,
2453 2523 2528 2585 ὡς
2585 2519 2782 2595 ᾤοντο,
2844 2520 3306 2600 θριαμϐεύσωσιν,
3368 2521 3485 2596 ἅμα
3538 2522 3596 2579 δὶ
3642 2525 3734 2579 καὶ

2089 2609 2191 2679 τὴν
2243 2607 2540 2666 ἀκόλαστον
2600 2612 2776 2667 αὐτῶν
2829 2612 3017 2687 ὅρασιν
3076 2613 3334 2686 ἐμπαθῶς
3389 2612 3732 2669 ἐστιάτωσιν.

2091 2696 2154 2754 Ὁ
2182 2693 2241 2752 δέ
2269 2699 2500 2773 Χριστὸς
2528 2700 2754 2776 χάριτος
2780 2696 3054 2775 περιϐολῇ
3086 2702 3224 2772 ὃλην
3258 2700 3601 2775 περιστείλας
3630 2702 3732 2768 τήν

348 2785 549 2842 οἰκείαν
603 2787 922 2863 ἆθλήτριαν,
977 2788 1079 2857 τὴν
1133 2784 1256 2844 θέαν
1307 2792 1426 2853 τοῖς
1477 2784 1757 2865 αἲσχροῖς,
1812 2781 1903 2840 καὶ
1959 2781 2232 2861 ἀσελγέσι,
2287 2784 2377 2842 καὶ
2438 2794 2701 2865 μυσαροῖς
2746 2787 3085 2864 διετείχισεν,
3128 2790 3218 2845 καὶ
3249 2788 3520 2864 ἄπρακτον
3553 2788 3730 2844 αὐτῶν

342 2874 444 2945 τήν
477 2873 713 2931 ἐπίνοιαν
746 2872 1007 2951 δὲδειχεν,
1038 2877 1127 2931 καὶ
1156 2884 1255 2947 τῆς
1284 2875 1614 2949 προσδοκίας
1643 2870 2009 2952 παρέσφηλεν.

417 2986 505 3040 17.
540 2984 689 3039 Dum
719 2988 917 3039 autem
947 3001 1053 3056 per
1084 2989 1265 3040 totam
1293 2984 1458 3042 illam
1499 2985 1801 3059 regionem
1850 2995 1981 3038 eam
2011 2980 2055 3048 (ἶ

347 3068 878 3142 circumducerent,
893 3071 953 3126 in
970 3072 1266 3144 quoddam
1286 3073 1569 3146 oppidum
1586 3074 1803 3145 tragica
1816 3088 1982 3144 pom-

343 3177 419 3232 pa
432 3159 684 3216 deducta
705 3166 812 3227 est,
835 3159 935 3216 ubi
959 3156 1143 3217 etiam
1159 3161 1469 3233 praesidem
1492 3165 1857 3234 repererunt.
1876 3157 1983 3226 Qui

349 3247 566 3305 dubius
597 3247 738 3320 quid
769 3266 1004 3304 rursum
1035 3250 1259 3306 faceret
1287 3252 1440 3321 (cum
1481 3249 1769 3322 quidquid
1796 3248 1987 3303 fuerat

349 3337 745 3402 machinatus,
777 3337 1147 3393 frustaneum
1171 3343 1230 3394 et
1260 3338 1469 3393 inutile
1487 3337 1783 3393 redditum
1810 3342 1985 3404 esset,

349 3440 415 3480 ac
447 3429 654 3479 contra
684 3441 849 3496 spem
881 3424 1195 3491 evenisset)
1226 3427 1344 3483 lata
1376 3426 1670 3482 sententia
1694 3423 1892 3493 edicit,
1925 3427 1990 3479 ut

348 3510 665 3584 multiplici
693 3513 1015 3568 certamine
1046 3513 1269 3586 inclyta
1299 3520 1523 3586 martyr
1552 3513 1792 3586 capitali
1815 3530 1990 3585 pcnna

347 3600 523 3656 vitam
558 3598 746 3656 ﬁniat.
778 3602 923 3657 Tum
952 3607 1123 3674 pater
1152 3603 1376 3675 ingenti
1408 3602 1605 3658 furore
1640 3609 1697 3658 et
1728 3601 1990 3657 satanica

348 3687 727 3746 aemulatione
740 3689 975 3762 plenus,
996 3690 1284 3762 illumque
1298 3692 1368 3746 ab
1391 3690 1559 3746 initio
1575 3688 1990 3746 homicidam‘3

347 3777 646 3834 diabolum
660 3777 843 3835 animi
857 3784 1027 3835 utero
1038 3780 1990 3852 gestans,utsimulacris(quorum

349 3865 621 3923 addictus
653 3866 941 3939 obsequio
975 3871 1123 3937 erat)
1149 3874 1207 3923 et
1238 3867 1776 3924 abominationibus
1804 3868 1987 3939 perfe-

349 3959 509 4009 ctum
524 3952 746 4009 cultum
759 3953 1040 4011 adhibere
1056 3954 1351 4011 videretur
1372 3956 1637 4028 quinimo
1652 3955 1990 4011 amantibus

348 4058 454 4113 per
471 4058 540 4098 ea
564 4041 947 4114 nequissimis
967 4043 1271 4115 spiritibus
1289 4061 1353 4099 ac
1374 4042 1761 4110 daemonibus,
1787 4045 1988 4099 stricto

349 4132 764 4205 gladio,manu
780 4135 907 4207 ipse
930 4153 1057 4201 sua,
1073 4134 1391 4207 caedisipse
1409 4143 1614 4193 auctor
1636 4153 1762 4191 esse
1781 4152 1987 4208 percu-

353 4219 543 4293 piens,
567 4221 629 4278 in
655 4229 917 4278 montem
942 4241 1070 4281 eam
1093 4224 1264 4298 rapit.
1290 4225 1541 4282 Pulchra
1562 4242 1694 4281 vero
1718 4225 1991 4282 columba

2167 2979 2248 3050 ιζ’.
2310 2980 2733 3058 Περιαγαγόντες
2792 2978 2851 3038 δὲ
2906 2982 3073 3052 αὐτὴν
3130 2987 3302 3039 πᾶσαν
3361 2981 3573 3057 ἐκείνην
3629 2985 3731 3054 τήν

2092 3070 2427 3145 περίχωρον,
2480 3068 2684 3145 ἤγαγον
2739 3070 2827 3127 ἐπὶ
2881 3092 3001 3128 τινα
3056 3072 3272 3145 κώμην,
3332 3070 3456 3138 ἔνθα
3512 3072 3603 3128 καὶ
3635 3073 3726 3128 τὸν

2092 3158 2330 3230 ἡγεμόνα
2358 3154 2679 3217 κατέλαϐον.
2733 3158 3043 3235 Ἀπορήσας
3097 3161 3190 3216 οὖν
3249 3161 3277 3215 6
3334 3162 3562 3236 ἡγεμὼν
3586 3161 3650 3216 τὸ
3677 3160 3732 3216 τί

2092 3244 2258 3301 πάλιν
2283 3248 2581 3316 ποιήσειεν·
2613 3252 2755 3302 πᾶσα
2809 3248 2910 3325 γὰρ
2970 3249 3136 3304 αὐτοῦ
3192 3250 3226 3319 ἡ
3286 3248 3499 3304 ἐπίνοια
3533 3251 3731 3320 ἀνήνυ-

2093 3356 2185 3399 τος
2209 3333 2298 3389 καὶ
2356 3335 2617 3405 ἀνόνητος
2669 3334 3036 3407 ἀπεδείκνυτο,
3094 3338 3185 3393 καὶ
3231 3341 3339 3393 τῶν
3380 3335 3620 3393 ἐλπίδων
3654 3338 3734 3408 ἐξ·

2095 3422 2333 3479 ἐπιπτεν⁶
2388 3422 2654 3502 ἀπόφασιν
2714 3427 2848 3480 κατὰ
2923 3430 3026 3495 τῆς
3073 3425 3397 3490 πολυάθλου
3458 3427 3734 3503 μάρτυρος

2099 3510 2436 3588 ἐξενήνοχεν,
2491 3517 2795 3589 κεφαΛικῆς
2845 3514 3118 3591 τιμωρίας
3171 3515 3461 3588 ὑπομεῖναι
3492 3514 3736 3588 περαίω-

2100 3621 2203 3657 σιν.
2234 3600 2365 3655 Τότε
2394 3601 2422 3655 6
2451 3600 2651 3671 ταύτης
2706 3603 2885 3676 πατὴρ
2943 3603 3118 3675 θυμοῦ
3184 3601 3400 3657 πολλοῦ
3447 3599 3737 3672 πλησθεῖς,

2097 3687 2186 3743 καὶ
2220 3689 2391 3759 ζήλου
2426 3692 2732 3759 σατανικοῦ,
2763 3690 2854 3744 καὶ
2903 3691 3064 3745 αὐτὸν
3115 3689 3486 3767 ἐγκυμονησας
3516 3691 3611 3745 τὸν
3643 3691 3731 3745 ἀπ’

2097 3777 2277 3854 ἀρχῆς
2334 3777 2782 3853 ἀνθρωποκτόνον
2839 3773 3119 3847 διάϐολον,
3191 3776 3285 3833 ἵνα
3339 3777 3552 3834 τελείαν
3616 3776 3739 3852 δόξῃ

2098 3864 2349 3939 λατρείαν
2399 3865 2751 3942 προσενέγκαι
2806 3870 2924 3928 τοῖς
2987 3866 3074 3921 ὑπ’
3147 3866 3314 3922 αὐτοῦ
3369 3867 3739 3940 θεραπευομί-

2096 3973 2210 4016 νοις
2261 3951 2515 4016 εἲδώλοις
2569 3952 2657 4008 καὶ
2720 3951 3105 4029 βδελύγμασιν,
3171 3953 3382 4027 μᾶλλον
3433 3951 3491 4009 δὲ
3519 3960 3638 4016 τοῖς
3669 3952 3737 4008 δι’

2098 4041 2315 4097 ἐκείνων
2374 4040 2645 4117 ἐνεργοῦσι
2716 4048 2816 4112 τῆς
2890 4042 3159 4115 πονηρίας
3216 4041 3481 4114 πνεόμασί
3533 4062 3594 4097 τε
3648 4044 3734 4096 καὶ

2100 4128 2340 4203 δαίμοσι,
2400 4130 2549 4207 ξίφος
2606 4128 2965 4202 σπασάμενος,
3026 4126 3279 4185 ἀνέλάϐεν
3339 4130 3506 4199 αὐτὴν
3563 4129 3651 4185 ἐπὶ
3675 4129 3735 4185 τὸ

2099 4214 2245 4295 ὅρος,
2277 4216 2532 4293 αὐτόχειρ
2588 4216 2678 4272 καὶ
2738 4217 3036 4293 αὐτουργὸς
3087 4223 3187 4288 τῆς
3240 4218 3554 4297 μιαιφονίας
3587 4219 3739 4293 γενέ-

355 4314 530 4380 atque
544 4309 825 4382 perfecta,
842 4328 1047 4368 necem
1069 4331 1204 4370 cum
1226 4314 1437 4387 gaudio
1452 4315 1663 4371 Christi
1678 4331 1853 4370 causa
1868 4332 1988 4369 sus-

2099 4318 2218 4371 σθαι
2250 4306 2524 4378 ἐπιθυμῶν
2584 4304 2673 4360 καί
2732 4305 3033 4380 ἐφιέμενος.
3089 4311 3412 4381 Περιχαρῶς
3441 4304 3497 4362 δὲ
3526 4308 3562 4376 ἡ
3596 4306 3737 4375 καλή

354 4399 602 4472 cipiens,
626 4399 701 4455 ad
730 4417 935 4471 preces
972 4403 1587 4475 supplicationemque
1609 4404 1987 4459 convertitur.

352 4486 696 4543 Festinabat
717 4489 877 4543 enim
907 4488 981 4544 ad
1002 4489 1267 4547 bravium
1292 4508 1561 4563 supernae
1584 4491 1905 4547 vocationis
1926 4491 1990 4560 “,

358 4580 419 4631 et
441 4573 516 4630 ad
547 4571 864 4631 sublimem
912 4576 974 4631 in
1005 4578 1216 4633 coelum
1267 4596 1579 4635 ascensum
1621 4578 1991 4651 properabat.

355 4663 535 4736 Atqui
565 4662 717 4720 nihil
746 4669 922 4733 vetat,
955 4665 1099 4736 quin
1131 4665 1259 4737 ipsa
1287 4683 1529 4738 precum
1576 4667 1755 4723 verba
1793 4666 1995 4723 audia-

355 4769 514 4821 mus,
546 4769 618 4808 ex
648 4752 863 4825 quibus
886 4752 1258 4810 sanctitatem
1287 4755 1512 4811 auditui
1543 4755 1992 4812 condiscamus:

362 4862 391 4892 ι(
421 4842 679 4910 Αἰιειιιιο,
710 4841 879 4897 nulla
917 4841 1227 4898 hominum
1276 4861 1455 4900 manu
1486 4849 1643 4900 texta
1671 4850 1996 4918 martyrum

361 4946 601 5000 corona,
619 4929 866 4986 Domine
887 4931 1022 4987 Jesu
1042 4931 1290 4998 Christe,
1310 4932 1409 5003 qui
1431 4933 1643 4990 caelum
1659 4933 1995 5002 extendisti,

358 5033 427 5073 ac
456 5022 678 5074 terram
708 5018 973 5076 fundasti
1004 5018 1088 5088 ⁴⁵;
1124 5020 1225 5092 qui
1258 5021 1599 5078 conclusisti
1649 5022 1895 5095 abyssos
1942 5027 1999 5079 et

358 5122 523 5163 mare
538 5106 717 5163 veluti
743 5125 912 5164 muro
932 5107 1276 5180 obsepivisti
1298 5108 1345 5144 ⁴⁶
1369 5128 1382 5178 ;
1408 5127 1538 5182 quas
1560 5112 1912 5184 praecepisti,
1935 5118 2002 5167 ut

358 5194 551 5250 nubes
576 5194 869 5252 imbribus
898 5197 1027 5253 feta:
1055 5198 1332 5270 pluerent
1360 5216 1536 5271 super
1564 5198 1751 5255 bonos
1796 5206 1853 5255 et
1875 5218 1999 5257 ma-

357 5280 447 5339 los
473 5285 519 5320 ⁸τ
542 5301 557 5340 ;
581 5286 683 5341 aui
715 5303 895 5358 super
924 5304 1088 5344 mare
1118 5287 1298 5344 veluti
1330 5304 1508 5361 super
1536 5289 1729 5345 solum
1752 5289 1998 5348 minime

2098 4393 2186 4450 καὶ
2243 4391 2427 4449 τελεία
2482 4393 2772 4468 περιστερᾶ
2826 4395 2930 4463 τήν
2985 4394 3115 4468 ὑπὲρ
3176 4396 3410 4469 Χριστοῦ
3463 4392 3738 4469 δεχομένη

2102 4483 2336 4560 σφαγὴν,
2370 4480 2447 4546 είς
2474 4483 2790 4557 προσευχὴν
2820 4482 2910 4536 καὶ
2959 4482 3159 4537 ἱκεσίαν
3201 4482 3472 4558 ἐτρέπετο.
3505 4488 3743 4539 "Esi-:50-

2105 4568 2190 4627 δεν
2223 4570 2325 4647 γὰρ
2358 4568 2444 4625 ἐπὶ
2473 4570 2535 4624 τὸ
2570 4565 2822 4644 βραϐεῖον
2879 4577 2980 4640 τῆς
3038 4570 3150 4626 ἄνω
3178 4570 3449 4642 κλήσεως,
3480 4571 3573 4626 καὶ
3609 4572 3740 4647 πρὸς

2102 4661 2202 4729 τήν
2261 4658 2339 4724 είς
2393 4657 2617 4734 οὐρανὸν
2676 4658 2928 4733 ἠπείγετο
2991 4659 3275 4735 μεταρσίαν
3328 4656 3605 4717 ἀνάϐασιν.
3639 4658 3743 4717 Οὐ-

2106 4747 2190 4805 δὶν
2224 4746 2281 4803 δὶ
2309 4745 2512 4804 κωλύει
2564 4745 2739 4802 αὐτῶν
2792 4754 2894 4817 τῆς
2952 4748 3128 4823 εὐχῆς
3179 4753 3287 4804 τῶν
3345 4748 3609 4820 ῥημάτων
3652 4748 3741 4803 ἐπ-

2106 4842 2328 4894 ακοῦσαι
2356 4843 2456 4905 τῆς
2488 4836 2782 4911 μάρτυρος,
2810 4835 2902 4891 ἳνα
2932 4833 3000 4891 δι’
3032 4837 3211 4893 αὐτῶν
3252 4838 3351 4907 τήν
3379 4836 3548 4904 ἀκοὴν
3582 4838 3741 4912 ἁγιά-

2108 4947 2309 5000 σωμεν.
2349 4949 2375 4980 ο
2404 4927 2667 4999 Ἀναρχε,
2725 4923 3116 4999 ἀχειροποίητε
3175 4924 3463 5000 μαρτύρων
3498 4924 3740 4999 στέφανε,

2109 5015 2273 5091 Κύριε
2325 5015 2502 5084 Ἰησοῦ
2552 5013 2769 5086 Χριστὶ,
2829 5013 2857 5067 6
2911 5013 3003 5067 τὸν
3059 5011 3283 5087 οὐρανὸν
3345 5011 3602 5083 ἐκτείνας,
3654 5011 3739 5068 καὶ

2105 5107 2204 5174 τήν
2261 5109 2365 5179 γῆν
2423 5099 2780 5174 θεμελιώσαςο
2839 5101 2867 5155 6
2918 5101 3014 5163 τὰς
3072 5096 3342 5163 ἀϐύσσους
3396 5101 3740 5177 συγκλεῖσας,

2107 5192 2197 5248 καὶ
2243 5193 2341 5261 τήν
2392 5189 2659 5245 θάλασσαν
2711 5188 2977 5264 τειχίσας·
3010 5190 3037 5243 6
3068 5188 3375 5264 προστάξας
3403 5191 3498 5250 τὰς
3540 5185 3743 5261 ὀμϐρο-

2114 5285 2300 5344 τόκους
2329 5274 2555 5358 νεφέλας
2588 5277 2805 5353 βρέχειν
2865 5276 2954 5331 ἐπὶ
3010 5278 3287 5353 πονηροὺς
3313 5276 3403 5333 καὶ
3435 5276 3686 5354 ἀγαθούς·
3717 5275 3744 5329 6

426 5477 662 5558 ἤρθη...
689 5484 857 5558 ξίῐ,ἶ.
934 5481 981 5517 ⁴³
1002 5483 1170 5558 Joan.
1201 5500 1319 5552 vm,
1352 5485 1439 5539 44.
1515 5482 1563 5519 ⁴⁴
1590 5485 1844 5558 Philipp.
1881 5502 1964 5555 ιιι,

2161 5484 2208 5519 ⁸⁵
2238 5480 2392 5538 Psal.
2424 5494 2542 5546 cm,
2572 5477 2625 5545 2,
2677 5478 2728 5531 5.
2805 5476 2848 5511 ⁸⁸
2897 5477 3057 5531 Prov.
3113 5492 3234 5542 vm,
3286 5478 3487 5544 2729;
3533 5477 3744 5532 Jercm.

365 5565 420 5619 ν,
453 5552 544 5609 22.
618 5551 662 5588 ⁴⁷
687 5553 889 5624 Matth,
915 5570 968 5621 v,
997 5555 1088 5624 45,
