4042 6154
431 271 539 326 805

1562 274 1927 330 ῙιΔῠῡΔΤΙΟ
1964 273 2025 327 Β.
2062 272 2423 327 BARBARE
2459 272 2684 327 MART.

3709 276 3817 332 806

433 392 521 448 ἐπὶ
579 392 852 464 θαλάσσης
910 393 1280 468 περιπατήσας
1340 393 1413 455 ὡς
1470 393 1553 449 ἐπ’
1637 393 1888 473 ἐδάφους,
1974 392 2062 447 καὶ

2199 393 2379 449 ,inctis
2406 392 2657 466 pedibus
2669 391 2985 449 ambulasti
3006 394 3071 429 ‘7'
3095 411 3108 448 :
3128 394 3229 465 qui
3243 393 3818 466 increpastiventum

428 481 562 543 τοὺς
593 478 762 543 πόδας
800 479 874 554 μή
911 479 1121 555 βρὲξαςο
1156 481 1184 535 ὁ
1242 477 1570 554 ἐπιτιμήσας
1629 487 1708 554 τῷ
1739 482 1922 555 ἀνέμῳ
1977 478 2066 535 καὶ

429 572 500 643 τῇ
532 566 790 642 θαλάσσῃ,
841 569 928 623 καὶ
961 567 1038 631 εἷς
1067 566 1315 644 γαλήνην
1373 564 1714 642 μεταϐαλών
1743 572 1917 626 πάντα
1969 571 2070 643 γὰρ

433 657 715 727 ὑπακούει,
749 655 915 731 Κύριέ
949 678 1054 729 μου
1085 657 1269 727 Ἰησοῦ
1316 659 1536 734 Χριστέ,
1565 663 1645 732 τῷ
1702 663 1780 731 σῷ
1833 657 2074 733 προστά-

430 767 622 822 γματι,
682 743 765 800 δτι
852 746 1141 817 ποιήματά
1224 742 1320 800 σού
1373 746 1536 801 ἐστιν’
1597 747 1889 821 Παράσχου
1953 765 2070 818 μοι,

434 834 621 909 Κύριε,
650 832 752 902 τήν
806 834 1017 903 αἶ’τησιν
1076 831 1297 906 ταύτην,
1329 831 1418 889 καὶ
1478 832 1567 898 δὸς
1624 839 1693 909 τῇ
1752 832 1921 908 δούλῃ
1978 853 2073 886 σου

435 923 621 997 χάριν,
651 921 742 975 ἳνα
764 920 910 983 ὅστις
942 920 1257 995 μνημονεύῃ
1313 943 1417 995 μου
1470 920 1521 977 ἐν
1578 927 1657 994 τῷ
1695 918 1924 995 ὀνόματί
1978 941 2073 974 σου

433 1014 516 1080 τῷ
575 1007 728 1085 ἁγίῳ,
789 1008 877 1064 ιιαὶ
925 1012 1059 1082 ποιῇ
1106 1011 1205 1079 τήν
1271 1011 1495 1082 μνήμην
1545 1012 1653 1064 τῶν
1698 1010 1920 1083 ἡμερῶν
1973 1010 2073 1072 τῆς

438 1094 738 1172 μαρτυρίας
770 1117 895 1170 μου,
927 1096 1116 1170 Κύριε,
1186 1096 1262 1170 μὴ
1326 1097 1571 1170 μνησθῇς
1625 1100 1733 1151 τῶν
1794 1096 2071 1169 ἁμαρτιῶν

436 1183 613 1240 αὐτῶν
644 1183 696 1239 ἐν
742 1183 923 1257 ἡμέρᾳ
951 1183 1200 1259 κρίσεως,
1260 1182 1388 1240 ἀλλ’
1436 1182 1605 1246 ἵλεως
1652 1188 1811 1259 γενοῦ
1865 1182 2073 1244 αὐτοῖς.

433 1272 727 1336 Γινώσκεις
774 1271 900 1347 γὰρ,
960 1272 1146 1345 Κύριε,
1223 1271 1304 1326 ὅτι
1364 1271 1488 1348 cape
1545 1268 1634 1326 καὶ
1699 1272 1839 1344 αἷμα
1893 1269 2074 1343 ἐσμεν,

433 1361 661 1434 ποίημα
687 1364 796 1415 τῶν
824 1358 1109 1435 ἀχράντων
1144 1361 1347 1436 χειρῶν
1400 1379 1516 1416 σου.
1568 1383 1596 1412 ››
1626 1358 1727 1417 Καὶ
1760 1358 2077 1433 ἀναπεμψά-

436 1469 538 1519 σης
580 1450 754 1519 αὐτῆς
807 1450 894 1515 τὸ,
954 1449 1156 1521 Ἀμὴν,
1204 1447 1373 1503 πάλιν
1398 1446 1765 1523 προσηύξατο,
1824 1446 2076 1523 λέγουσα·

439 1561 470 1591 «ι
501 1536 663 1612 Κύριε
693 1537 722 1592 ὁ
750 1535 881 1599 Θεὸς
911 1533 1208 1608 δυνάμεων,
1242 1534 1270 1590 ὁ
1299 1537 1478 1607 πάσης
1527 1543 1702 1605 πνοῆς
1746 1534 1835 1591 καὶ
1881 1533 2078 1608 σαρκὸς

436 1622 800 1701 δημιουργὸς,
862 1624 891 1679 ὁ
937 1624 1232 1696 ὶασάμενος
1286 1631 1458 1679 πᾶσαν
1516 1625 1697 1692 νόσον,
1756 1623 1843 1678 καὶ
1907 1625 2078 1678 πᾶσαν

441 1715 737 1787 μαλακίαν,
767 1715 1055 1789 παράσχου
1084 1716 1151 1787 τῇ
1185 1710 1356 1789 δούλῃ
1411 1734 1506 1768 σου
1564 1714 1748 1789 χάριν,
1815 1709 1904 1767 καὶ
1960 1710 2079 1767 ὅσοι

436 1800 498 1858 ἄν
560 1800 931 1877 προσὲλθωσιν
987 1806 1067 1874 τῷ
1121 1801 1275 1875 τόπῳ
1336 1800 1460 1857 ἔνθα
1538 1803 1602 1856 τὸ
1659 1799 1911 1875 λείψανόν
1977 1820 2081 1874 μου

435 1890 743 1959 ἀπόκειται,
790 1888 881 1945 καὶ
939 1888 1039 1944 είσὶ
1097 1891 1166 1946 τὰ
1221 1887 1529 1964 ἠγιασμὲνα
1585 1887 1772 1959 ὕδατα,
1833 1887 2075 1964 δώρησαι

435 1978 622 2041 αὐτοῖς
654 1975 792 2033 ἴασιν
826 1979 1014 2053 ψυχῆς
1060 1979 1149 2032 καὶ
1210 1979 1487 2050 σώματος,
1517 1977 1605 2032 ἳνα
1635 1977 1724 2032 καὶ
1781 1975 1834 2032 ἐν
1864 1977 2080 2041 τούτοις

436 2064 726 2138 δοξάζηται
783 2065 845 2121 τὸ
898 2066 1156 2141 πανάγιον
1218 2063 1393 2139 ενομά
1437 2085 1556 2136 σου,
1612 2066 1725 2137 ἅμα
1774 2068 1856 2136 τῷ
1912 2062 2080 2139 Πατρῖ

431 2155 634 2226 καὶτῷ
674 2155 818 2230 ἁγίῳ
878 2152 1168 2226 Πνεύματι.
1229 2177 1259 2206 ››
1317 2152 1414 2208 Καὶ
1470 2151 1862 2226 ἀναπεμψάσης
1911 2150 2078 2221 αὐτῆς

431 2243 517 2312 τὸ,
550 2243 741 2315 ’Λμὲν,
774 2240 982 2317 ἐγένετο
1032 2242 1185 2319 φωνὴ
1245 2241 1305 2296 ἐκ
1358 2244 1455 2295 τοῦ
1521 2241 1777 2315 ούρανοῦ,
1830 2237 2080 2315 λὲγουσα·

435 2352 466 2381 ‹‹
502 2333 692 2403 Δεῦρο,
749 2327 1052 2405 ἡγιασμένη
1118 2348 1222 2400 μου
1283 2325 1619 2401 ἀθληφόρος,
1673 2325 1951 2382 ἀναπαύου
2006 2327 2082 2388 είς

436 2416 507 2471 τὰ
532 2419 759 2490 ταμιεῖα
785 2420 883 2471 τοῦ
914 2414 1123 2490 Πατρός
1159 2436 1264 2488 μου
1309 2416 1406 2471 τοῦ
1462 2414 1514 2470 ἐν
1573 2413 1842 2491 οὐρανοῖς.
1903 2415 2084 2469 Πάντα

439 2502 499 2558 δὶ
525 2503 625 2559 ὅσα
656 2505 716 2559 ἄν
744 2501 959 2578 ᾐτήσω,
999 2500 1305 2579 δεδώρηται
1362 2522 1445 2558 σοι
1503 2503 1632 2578 παρ’
1688 2501 1845 2575 ἐμοῦ.
1902 2524 1931 2555 »
1986 2502 2080 2559 Καὶ

443 2596 612 2646 ταῦτα
674 2588 943 2646 ἀκούσασα
998 2592 1033 2660 ἡ
1096 2590 1335 2666 μακαρία
1394 2591 1600 2667 μάρτυς
1668 2595 1765 2645 τοῦ
1823 2591 2084 2667 Χριστου,

440 2679 611 2749 ἦλθεν
672 2678 760 2734 ἐπὶ
809 2680 901 2734 τὸν
959 2679 1151 2751 τόπον,
1208 2679 1299 2734 καὶ
1353 2680 1637 2752 ἀπετμήθη
1697 2679 1795 2747 τήν
1840 2677 2082 2755 κεφαλὴν

441 2765 555 2820 ’ὑπὸ
581 2767 678 2819 τοὺ⁹
710 2764 890 2841 ξίφους
916 2770 1013 2820 τοῦ
1042 2766 1244 2841 πατρὸς
1277 2763 1464 2834 αὐτῆς,
1499 2764 1589 2819 σὺν
1643 2767 1710 2838 τῇ
1770 2765 1896 2838 ἁγίᾳ
1952 2766 2080 2821 Ἰου-

2112 1752 2157 1818 Β

2183 486 2368 536 etmai
2383 497 2434 549 e,
2451 487 2507 535 et
2527 481 2585 535 in
2612 479 3000 552 tranquillum
3013 480 3252 537 mutasti
3264 481 3330 550 ⁸⁸)
3350 484 3550 540 omnia
3575 485 3820 559 quippe,

2183 569 2433 623 Domine
2450 568 2529 623 mi
2543 569 2678 623 Jesu
2695 569 2943 634 Christe,
2962 576 3255 641 pramepto
3271 568 3684 642 obtemperant
3699 582 3821 644 tuo,

2183 657 2322 729 quia
2337 663 2390 712 te
2406 661 2642 712 auctore
2657 655 2895 713 condita
2907 656 3087 730 sunt),
3103 657 3297 729 praabe
3313 658 3457 714 mihi
3472 660 3820 731 petitionem

2184 743 2356 813 hanc,
2383 744 2651 811 Domine,
2685 750 2743 800 et
2771 744 2846 800 da
2875 744 3106 800 ancilla)
3135 751 3248 801 tua;
3266 747 3536 818 gratiam,
3570 755 3635 803 ut
3664 749 3823 821 quis-

2184 830 2316 903 quis
2348 830 2462 886 mei
2493 831 2555 887 in
2585 836 2788 887 sancto
2812 833 3052 888 nomine
3074 838 3174 888 tuo
3195 834 3558 904 meminerit,
3584 836 3816 909 meique

2186 920 2451 990 martyrii
2466 919 2694 973 dierum
2707 921 3055 975 memoriam
3068 921 3272 993 egerit,
3296 924 3656 992 tu,Domine,
3680 944 3816 998 pec-

2185 1012 2449 1060 catorum
2483 1007 2610 1077 ejus
2640 1022 2760 1062 non
2792 1007 3197 1064 reminiscaris
3235 1008 3299 1064 in
3339 1008 3685 1081 diejudicii,
3714 1013 3819 1069 sed

2185 1093 2235 1147 ei
2256 1093 2545 1164 propitius
2566 1092 2692 1149 ﬁas.
2721 1093 2841 1150 Scis
2864 1095 3042 1161 enim,
3060 1095 3214 1151 900
3237 1096 3503 1166 Domine,
3531 1097 3669 1170 quia
3684 1115 3819 1156 caro

2186 1185 2245 1235 et
2273 1180 2510 1252 sanguis
2544 1197 2769 1251 sumus,
2806 1198 2953 1255 opus
3000 1183 3487 1240 intaminatarum
3536 1201 3822 1243 manuum

2188 1272 2444 1325 tuarum.
2481 1290 2508 1319 ››
2541 1268 2983 1341 Submissoque,
3014 1272 3210 1339 Amen,
3256 1273 3471 1327 iterum
3521 1274 3706 1329 oravit
3734 1274 3822 1330 di—

2187 1372 2367 1413 cens:
2400 1379 2428 1408 «
2480 1358 2723 1413 Domine
2763 1359 2916 1415 Deus
2965 1358 3267 1428 virtutum,
3312 1359 3486 1416 ﬂatus
3529 1360 3722 1417 omnis
3766 1365 3825 1418 et

2189 1445 2382 1501 carnis
2395 1447 3072 1518 conditor,quimorbum
3086 1464 3322 1504 omnem
3336 1464 3690 1522 omnemque
3703 1450 3826 1507 lan-

2188 1550 2432 1608 guorem
2463 1537 2683 1592 sanasti
2706 1535 2771 1604 ‘9,
2793 1537 2991 1608 praebe
3011 1537 3245 1593 ancillas
3270 1541 3385 1594 tua:
3404 1539 3651 1611 gratiam
3669 1539 3823 1597 hanc

2189 1627 2258 1678 ut
2286 1624 2502 1689 cuncti,
2535 1624 2635 1694 qui
2667 1623 2781 1680 huc
2812 1623 2927 1680 loci
2949 1625 3049 1680 ubi
3070 1624 3500 1697 reliquimmeaa
3521 1627 3824 1700 deponen-

2194 1715 2304 1778 tur,
2339 1717 2593 1783 suntque
2613 1713 2921 1768 sanctitate
2943 1713 3231 1770 salutares
3253 1731 3440 1786 aquas,
3461 1717 3749 1785 venerint,
3768 1722 3825 1773 te

2190 1799 2552 1872 indulgente,
2587 1800 2772 1856 animi
2803 1806 2861 1855 et
2889 1802 3151 1873 corporis
3174 1804 3484 1859 sanitatem
3514 1805 3823 1877 recipiant,

2188 1893 2257 1944 ut
2278 1889 2340 1943 in
2366 1889 2459 1944 his
2491 1905 2725 1960 quoque
2751 1889 3116 1962 glorificetur
3145 1892 3583 1948 sanctissimum
3605 1909 3825 1949 nomen

2192 1982 2378 2045 tuum,
2409 1993 2532 2033 una
2560 1993 2692 2033 cum
2723 1980 2896 2034 Patre
2926 1985 2984 2033 et
3008 1979 3226 2050 Spiritu
3259 1987 3482 2036 sancto.
3516 2002 3544 2030 »
3576 1984 3657 2037 Ac
3689 1981 3826 2037 sub-

2184 2066 2364 2137 jecto,
2397 2066 2591 2131 Amen,
2619 2066 2773 2121 facta
2800 2082 2907 2121 vox
2937 2071 3025 2121 est
3053 2067 3125 2121 de
3155 2068 3300 2122 cmlo
3329 2067 3532 2123 dicens
3558 2084 3572 2122 :
3595 2091 3623 2118 ‹‹
3661 2067 3823 2136 Veni,

2195 2159 2398 2208 sancta
2416 2169 2549 2207 mea
2568 2153 2791 2221 victrix,
2807 2152 3111 2225 requiesce
3132 2154 3194 2209 in
3216 2155 3407 2211 Patris
3429 2157 3546 2211 mei
3569 2156 3825 2212 caelestis

2194 2240 2491 2295 thalamis.
2521 2241 2661 2305 Qum
2691 2241 3023 2313 postulasti,
3064 2244 3269 2299 omnia
3315 2260 3351 2300 a
3397 2259 3491 2299 me
3541 2260 3827 2302 concessa

2196 2333 2352 2383 sunt.
2386 2349 2415 2378 »
2447 2328 2668 2393 Quibus
2699 2328 2914 2384 auditis
2943 2329 3115 2386 beata
3144 2330 3360 2387 Christi
3393 2336 3616 2404 martyr
3644 2333 3718 2388 ad
3747 2332 3829 2388 lo-

2195 2432 2328 2471 cum
2352 2417 2531 2481 venit,
2561 2416 2958 2488 abscissisque
2996 2422 3244 2489 paterno
3294 2434 3434 2474 ense
3481 2420 3825 2487 cervicibus,

2197 2520 2330 2559 cum
2361 2510 2565 2560 sancta
2590 2505 2821 2561 Iuliana
2851 2504 3062 2561 eodem
3092 2505 3222 2561 loco
3266 2507 3497 2562 cecidit.
3549 2508 3825 2563 Dioscoro

2197 2597 2393 2646 autem
2408 2595 2572 2662 patre
2594 2593 2765 2661 ejuse
2789 2597 2989 2647 monte
3011 2592 3428 2660 descendente,
3452 2592 3605 2664 ignis
3627 2610 3658 2648 e
3680 2594 3825 2649 ccelo

2197 2677 2829 2748 ceciditsicqueipsum
2851 2678 3162 2747 devoravit,
3186 2684 3255 2733 ut
3274 2694 3349 2734 ne
3365 2679 3563 2735 favilla
3585 2680 3826 2751 quidem

2196 2771 2524 2837 appareret,
2557 2770 2658 2820 aut
2685 2772 3040 2823 occurreret.

450 2852 612 2927 λιανῇ
644 2853 693 2908 ἐν
723 2858 799 2927 τῷ
824 2858 970 2927 αυτῷ
999 2855 1173 2927 τόπῳ.
1208 2854 1628 2929 Κατερχομὲνου
1685 2850 1743 2906 δὶ
1802 2852 2096 2927 Διοσκόρου
2150 2856 2248 2907 τοῦ
2304 2849 2509 2925 πατρὸς
2563 2852 2733 2922 αὐτῆς
2789 2853 2895 2908 ἀπὸ
2945 2858 3042 2909 τοῦ
3073 2849 3258 2929 ὅρους,
3290 2858 3395 2931 πῦρ
3426 2849 3613 2912 ἔπεσεν
3644 2854 3704 2913 ἐκ
3730 2858 3827 2913 τοῦ

447 2941 698 3016 ούρανοῦ,
727 2942 813 2997 καὶ
844 2943 1139 3020 κατὲφαγεν
1171 2941 1353 3013 αὐτὸν,
1384 2939 1520 2995 ὣστε
1555 2942 1693 3014 μήτε
1719 2940 1810 2995 τὸν
1839 2943 1975 3014 χοῦν
2006 2941 2302 3018 φαίνεσθαι,
2333 2939 2368 3008 ἢ
2396 2938 2699 3014 εὑρεθῆναι.

526 3050 615 3120 ιη’.
652 3047 831 3104 Καλὸν
865 3047 937 3109 ὠς
967 3046 1190 3116 ἀληθῶς
1221 3050 1289 3121 τῇ
1320 3045 1547 3118 ἀθλήσει
1576 3045 1639 3101 τὸ
1691 3042 1849 3108 τέλος
1878 3048 1912 3115 ἦ
1947 3051 2086 3121 μάρ-
2114 3051 2157 3117 C

448 3159 545 3200 τυς
570 3136 862 3193 ἐπέθεικεν.
911 3134 1097 3211 Εύχήν
1124 3134 1224 3211 γὰρ
1272 3138 1386 3191 ,τῶν
1440 3131 1619 3199 άθλων
1677 3131 1728 3189 ἐν
1786 3137 1865 3206 τῷ
1892 3133 2087 3211 πύργῳ

446 3225 777 3298 προσὰξασα,
809 3223 976 3298 εὐχὴν
1003 3222 1217 3285 τούτοις
1246 3220 1335 3276 καί
1390 3223 1491 3291 τὴν
1550 3219 1825 3297 κορωνίδα
1875 3220 2087 3290 ἐνέστη-

449 3335 558 3370 σεν.
591 3313 688 3375 Τίς
723 3310 781 3368 δὲ
809 3317 908 3378 τῆς
936 3314 1251 3388 προσευχῆς
1299 3312 1334 3380 ἡ
1395 3307 1621 3383 δύναμις
1654 3329 1667 3380 ;
1695 3308 1938 3384 ᾐτήσατο
1996 3309 2087 3364 τὸν

446 3400 587 3457 ἴδιον
619 3401 852 3479 νυμφίον
882 3401 1144 3476 Χριστὸν,
1176 3396 1342 3453 ἵλεων
1395 3403 1513 3462 τοῖς
1569 3397 1733 3467 αὐτῆς
1788 3398 1889 3466 τήν
1949 3398 2089 3471 μνή-

453 3513 561 3564 μην
595 3490 936 3546 ἐπιτελοῦσιν
994 3485 1261 3563 γενέσθαι,
1292 3490 1399 3543 τῶν
1453 3485 1547 3559 μὲν
1580 3484 2090 3559 πλημμελημάτων

447 3580 548 3649 τὴν
581 3575 791 3656 ἄφεσιν,
820 3580 927 3632 τῶν
979 3573 1036 3631 δὲ
1087 3574 1413 3647 νοσημάτων
1467 3576 1565 3644 τὴν
1620 3573 1787 3630 ἳασιν.
1819 3574 1874 3628 '0
1907 3572 1963 3629 δὲ
1992 3574 2087 3643 τήν

442 3668 657 3723 ,ἱκεσίαν
692 3663 1001 3739 δεξάμενος,
1060 3662 1136 3728 εἶς
1192 3665 1357 3738 πέρας
1411 3662 1552 3737 ἄγειν
1591 3661 1933 3737 ὑπισχνεῖται
1990 3663 2091 3730 τήν

453 3751 655 3831 ἔφεσιν,
685 3754 776 3810 καὶ
809 3751 878 3808 δι’
909 3753 1109 3815 οῗκείας
1139 3759 1326 3831 φωνῆς
1357 3753 1558 3822 ταύτην
1586 3748 1954 3827 πληροφορεῖ,
2000 3752 2092 3805 καὶ

454 3846 683 3920 παρέχει
721 3843 819 3913 τὴν
851 3841 1132 3899 πίστωσιν.
1170 3843 1265 3898 Καὶ
1296 3843 1331 3911 ἠ
1374 3839 1467 3912 μὶν
1499 3841 1587 3895 τὸν
1621 3837 1823 3915 αὐχένα
1849 3843 1926 3912 τῷ
1956 3838 2092 3917 ξίφει

456 3933 755 4007 ὁλοψύχως
787 3932 1113 4006 προέτεινεν·
1157 3930 1185 3984 ὁ
1240 3927 1297 3984 δὲ
1341 3927 1690 3991 τεκνοκτόνος
1743 3927 1944 4002 πατὴρ,
1992 3927 2091 3994 τήν

709 4004 1080 4095 ἆσπλάγχνως
1110 4018 1399 4096 ἐπήγαγεν.
1432 4017 1527 4073 Καὶ
1564 4018 1598 4086 ἡ
1635 4017 1732 4089 μὲν
1763 4015 1897 4090 πρὸς
1934 4014 2097 4083 ούρα-

455 4110 605 4173 νίους
638 4107 866 4184 δόμους,
897 4111 988 4163 καὶ
1037 4107 1474 4182 ηύτρεπισμὲνην
1534 4102 1914 4184 ἐδορυφορεῖτο
1972 4103 2093 4157 ἀνά-

434 4188 675 4269 λπαυσιν,
707 4198 735 4253 ὁ
766 4195 842 4265 δὲ,
875 4197 953 4259 εἷς
983 4193 1113 4267 ᾅδου
1141 4197 1446 4270 ταρτάρους
1483 4192 1716 4268 μυχοὺς,
1762 4190 1849 4247 καὶ
1902 4190 2098 4269 ζοφερὰ

456 4291 702 4362 ταμιεῖα,
735 4289 826 4341 καὶ
858 4283 935 4348 εἷς
966 4285 1378 4357 ἡτοιμασμένην
1405 4282 1670 4357 κατήγετο
1719 4278 1965 4336 κόλασιν.
2000 4280 2098 4334 Καὶ

2267 3049 2351 3103 18.
2384 3048 2691 3122 Egregium
2722 3046 2898 3120 plane
2929 3048 3111 3106 finem
3141 3048 3450 3107 certamini
3477 3056 3700 3125 martyr
3720 3052 3834 3107 im-

2196 3136 2411 3208 posuit.
2444 3136 2587 3192 Cum
2632 3137 2789 3192 enim
2836 3138 2898 3192 in
2946 3137 3093 3193 turri
3142 3139 3354 3210 posita,
3404 3140 3576 3195 lucta;
3625 3156 3830 3211 preces

2194 3224 2599 3296 przemisisset,
2632 3222 2685 3280 ei
2716 3240 2950 3297 quoque
2981 3241 3185 3297 preces
3225 3226 3570 3283 coronidem
3602 3228 3827 3284 statuit.

2198 3313 2476 3377 Quianam
2501 3328 2636 3369 vero
2666 3312 2752 3369 vis
2782 3314 3141 3386 precationis
3189 3315 3349 3371 fuit?
3395 3316 3683 3388 Sponsum
3733 3333 3828 3373 ro-

2197 3399 2371 3473 gavit,
2402 3406 2467 3457 ut
2496 3402 2845 3459 memoriam
2865 3400 3052 3475 ipsius
3074 3402 3509 3460 celebrantibus
3540 3405 3831 3477 propitius

2196 3487 2368 3558 foret,
2400 3490 2616 3545 delicta
2644 3491 2991 3557 remitteret,
3026 3490 3265 3547 morbos
3296 3499 3551 3549 sanaret.
3576 3494 3704 3563 Ille,
3734 3490 3833 3548 ad-

2199 3578 2381 3633 missa
2397 3579 2847 3650 supplicatione,
2862 3585 3127 3635 votorum
3144 3587 3473 3651 compotem
3494 3581 3684 3652 ipsam
3705 3581 3830 3637 fore

2200 3666 2533 3737 pollicetur,
2567 3683 2789 3737 suaque
2812 3667 2996 3738 ipsius
3017 3684 3154 3723 voce
3184 3669 3495 3723 certiorem
3522 3670 3679 3736 facit,
3704 3669 3830 3723 dat-

2202 3770 2315 3825 que
2348 3754 2744 3810 securitatem.
2779 3757 2859 3809 Ac
2890 3755 3127 3826 quidem
3162 3760 3282 3810 toto
3310 3756 3509 3810 animo
3546 3756 3831 3812 cervicem

2200 3840 2395 3914 gladio
2426 3840 2583 3913 virgo
2621 3841 2940 3913 protendit,
2993 3843 3253 3899 carnifex
3298 3859 3429 3898 vero
3479 3861 3598 3899 sua:
3646 3842 3831 3916 prolis

2202 3936 2370 4002 pater
2398 3929 2643 3984 immani
2669 3929 2898 3985 feritate
2930 3931 3113 3987 ictum
3144 3932 3355 4005 adegit.
3379 3934 3569 4004 Atque
3592 3931 3693 3988 illa
3708 3932 3834 4004 qui-

2204 4019 2337 4073 dem
2359 4018 2431 4074 ad
2454 4018 2718 4073 ocelestes
2741 4019 2946 4074 domos
2966 4026 3024 4075 et
3042 4019 3387 4076 adornatam
3414 4020 3679 4093 requiem
3702 4037 3835 4077 cum

2204 4105 2831 4177 pompadeducebatur
2856 4106 2978 4173 ;hic
3001 4113 3196 4163 autem
3219 4107 3294 4164 ad
3314 4114 3599 4165 tartareos
3618 4102 3838 4165 inferni

2206 4193 2370 4249 sinus
2402 4192 2766 4263 obscuraque
2797 4192 2929 4249 loca
2961 4200 3018 4248 et
3032 4201 3306 4265 paratum
3339 4196 3698 4268 supplicium
3718 4205 3840 4253 tru-

2206 4283 2468 4340 debatur.
2502 4283 2611 4338 Illa
2622 4282 2864 4356 angelos
2877 4283 3129 4340 habebat
3147 4285 3313 4341 laetos
3327 4286 3398 4341 ad
3411 4302 3721 4342 ascensum
3734 4287 3840 4342 du-

459 4378 496 4446 ἡ
529 4375 624 4449 μὶν
652 4372 918 4450 ἀγγέλους
948 4374 1093 4448 εἶχεν
1122 4369 1380 4449 φαιδροὺς
1413 4368 1783 4445 ποδηγοῦντας
1816 4368 1951 4444 πρὸς
1998 4368 2088 4437 τὴν

471 4465 486 4476 ι
543 4460 594 4476 ιο
782 4464 794 4476 Ι
841 4459 883 4476 ιιι
955 4459 978 4476 λ
1026 4461 1037 4476 ο
1282 4459 1295 4476 9
1406 4457 1431 4476 ἢ
1463 4464 1484 4476 υ
1752 4456 1767 4476 ο
1890 4452 1921 4476 ρ
2022 4455 2034 4473 ἱ

2210 4387 2306 4428 ces
2331 4389 2343 4427 :
2371 4371 2788 4427 hictetricosos
2810 4373 3267 4445 tremendosque
3293 4375 3591 4431 dminones
3614 4375 3686 4431 ad
3708 4375 3843 4430 des-

462 4460 740 4532 ἀνάϐασιν,
775 4464 803 4517 ὁ
838 4459 917 4529 δὲ,
951 4459 1212 4534 δαίμονας
1272 4457 1512 4534 ἀμειδεῖς
1568 4479 1627 4513 τε
1679 4456 1768 4513 καὶ
1817 4452 2100 4536 φοϐεροὺς,

462 4551 721 4614 ἕλκοντας
753 4549 1021 4612 ἀκουσίως
1054 4550 1189 4624 πρὸς
1210 4549 1307 4618 τήν
1339 4541 1630 4603 κατάϐασιν
1687 4546 1754 4601 Ὠ
1783 4549 1898 4607 πῶς
1932 4545 1990 4600 ἂν
2022 4566 2106 4609 τις

2212 4459 2647 4516 censuminvite
2662 4460 2984 4517 trahentes.
3010 4462 3052 4517 Ο
3077 4462 3371 4533 quomodo
3396 4463 3527 4534 quis
3550 4461 3724 4536 digne
3746 4463 3845 4518 de-

2213 4548 2785 4617 ﬂeat,infelicissime
2798 4565 2864 4604 ac
2877 4548 3568 4616 miserabilisiQuomodo
3582 4568 3700 4607 non
3715 4552 3847 4606 bor-

464 4640 626 4712 ἆξίως
662 4642 1002 4715 θρηνήσειεν,
1036 4636 1300 4702 πανάθλιε
1328 4637 1418 4691 καὶ
1448 4637 1768 4711 ταλαίπωρε
1801 4634 1814 4691 Ι
1859 4637 1976 4697 πῶς
2007 4633 2088 4689 ού)

2212 4637 2403 4702 ruisti,
2438 4642 2506 4693 ut
2534 4642 2799 4694 sanctam
2814 4639 3095 4711 martyris
3114 4639 3398 4695 cervicem
3430 4638 3844 4694 abscinderesl

464 4727 681 4808 ἔφριξας
709 4730 807 4798 τὴν
843 4726 999 4800 ἁγίαν
1033 4723 1324 4799 ἀποτεμεῖν
1354 4730 1454 4794 τῆς
1517 4724 1787 4799 μάρτυρος
1816 4720 2057 4799 κεφαλήν
2090 4722 2103 4777 ί

467 4822 583 4881 πῶς
638 4838 733 4872 σου
789 4819 825 4887 ἡ
876 4817 1001 4892 χεὶρ
1061 4815 1161 4871 οὐκ
1217 4813 1528 4888 ἐνάρκησεν,
1591 4815 1660 4886 τῇ
1722 4809 1834 4882 ἱδίᾳ
1885 4812 2102 4889 θυγατρὶ

464 4905 809 4982 ἀναιρετικὴν
844 4905 1131 4981 ἀπενεγκαι
1169 4902 1347 4977 τομήν
1388 4922 1402 4971 ;
1434 4901 1588 4959 Ἀλλ’
1645 4894 1814 4962 ὅντως
1868 4897 2110 4972 ταχυτά-

462 5015 561 5066 την
615 4991 882 5065 ἀνηλεοῦς
966 4991 1357 5066 ἀπανθρωπίας
1416 4989 1657 5062 ἐκομίσω
1713 4989 1780 5043 τὰ
1835 4985 2106 5061 ἐπίχειρα,

466 5082 557 5138 καὶ
609 5084 717 5138 τῶν
779 5084 1038 5156 πονηρῶν
1099 5077 1418 5154 σπερμάτων
1508 5076 1849 5150 πονηρότερα
1901 5072 2110 5148 ἐδρέψω

467 5169 538 5226 τὰ
593 5166 892 5247 δράγματα,
950 5169 1040 5225 καὶ
1093 5169 1128 5239 ἡ
1182 5171 1278 5224 τοῦ
1336 5163 1610 5242 προδότου
1659 5185 1717 5219 σε
1763 5161 1933 5221 Ἰούδα
1993 5163 2113 5234 ἀξία

479 5259 740 5332 μετῆλθεν
772 5257 1065 5330 ἐκδίκησις.
1102 5257 1353 5324 Σκηπτὸς
1409 5256 1509 5330 γὰρ
1543 5254 1831 5331 οὐρανόθεν
1878 5251 2113 5327 ἐνεχθεὶς

477 5350 752 5425 κεραυνὸς,
784 5347 942 5423 σῶμα
989 5369 1084 5403 σου
1138 5347 1201 5402 τὸ
1257 5344 1450 5421 μικρὸν
1504 5344 1856 5422 ἐξετὲφρωσεν
1907 5343 1997 5398 καὶ
2047 5343 2109 5399 τὸ

2215 4726 2518 4792 Quomodo
2532 4744 2650 4783 non
2664 4727 2966 4800 obtorpuit
2978 4729 3320 4796 dextera,ne
3339 4729 3474 4784 filiae
3488 4728 3738 4800 propriae
3753 4728 3847 4783 1e-

2217 4816 2395 4871 talem
2426 4814 2607 4870 ictum
2639 4816 2934 4872 inferres?
2980 4817 3193 4872 Verum
3236 4817 3607 4872 celerrimam
3654 4815 3853 4889 reipsa

2218 4904 2552 4959 mercedem
2590 4904 2840 4959 immitis
2882 4904 3334 4960 inhumanitatis
3364 4904 3701 4977 reportasti.
3735 4904 3854 4959 ini-

2219 5005 2590 5063 quorumque
2608 4991 2902 5047 seminum
2924 4991 3244 5063 nequiores
3271 4993 3604 5065 manipulos
3626 4990 3852 5066 carpsi-

2220 5080 2313 5146 sti,
2348 5084 2521 5151 teque
2552 5079 2714 5135 Judzn
2744 5080 3066 5151 proditoris
3098 5079 3276 5153 digna
3298 5080 3558 5138 vindicta
3587 5083 3856 5137 insecuta

2221 5174 2328 5224 est.
2361 5169 2403 5222 E
2433 5167 2578 5223 coelo
2610 5167 2769 5224 enim
2790 5167 3085 5223 demissus
3106 5167 3373 5225 fulminis
3396 5186 3639 5239 cuneus,
3664 5170 3850 5241 impu-

2219 5274 2353 5311 rum
2379 5273 2591 5328 corpus
2627 5262 2791 5312 tuum
2838 5257 2899 5311 in
2947 5256 3178 5312 favillas
3226 5257 3489 5325 redegit;
3540 5264 3714 5329 atque
3758 5255 3856 5312 hic

2223 5344 2463 5416 quidem
2494 5351 2548 5401 te
2579 5340 2974 5401 Sodomiticus
2990 5344 3146 5417 ignis
3177 5344 3359 5415 feriit,
3395 5345 3520 5402 illic
3540 5352 3737 5403 autem
3759 5360 3857 5417 ge-

555 5542 622 5581 ⁴²⁹
653 5545 853 5600 Matth.
883 5561 1001 5617 vni,
1034 5547 1221 5600 23-27.
1299 5544 1342 5580 ‘3
1373 5544 1509 5599 Luc.
1543 5558 1655 5610 vm,
1688 5543 1875 5595 22-25.
1949 5538 1998 5577 ⁴⁹
2020 5539 2223 5596 Matth.
2257 5555 2331 5609 iv,
2354 5542 2444 5609 23,
