4042 6154
369 299 475 353 807

1639 302 1700 354 Β.
1741 300 2041 355 JOANNIS
2079 303 2487 361 DAMASCRNI

3649 311 3757 366 803

358 423 570 477 hennae
605 427 658 477 te
690 421 931 477 ﬂamma
984 420 1233 493 excipiet
1292 421 1813 494 inexstinguibilis.
1866 424 1980 476 Non

2108 422 2202 493 μὲν
2239 422 2600 497 Σοδομιτικὸν
2636 427 2859 492 ἐνταῦθά
2899 451 2957 484 σε
2994 434 3099 505 πῦρ
3156 429 3539 506 ἐκεραύνωσεν,
3600 434 3635 502 ἡ
3698 432 3759 489 δὲ

360 512 517 565 enim
550 512 761 583 dignus
790 511 951 565 fuisti
1003 512 1102 581 qui
1161 512 1221 565 in
1270 512 1410 564 vivis
1463 517 1760 581 superstes
1817 528 1996 578 esses,

361 617 438 655 ne
478 600 657 672 digito
690 600 1127 655 demonstratus
1166 600 1442 671 martyris
1499 606 1665 671 pater
1696 600 1997 656 dicereris.

357 692 483 743 Non
516 695 571 742 te
603 689 859 759 amplius
887 688 1043 742 ardes
1084 694 1197 742 tum
1231 689 1495 759 recipere
1552 688 1872 754 sustinent,
1929 707 1999 745 ex

355 776 571 847 quibus
603 776 909 848 virginem,
945 793 1193 847 eamque
1227 777 1996 848 clarissimamiexturbasti.

427 974 508 1028 19.
545 974 627 1027 Tu
652 990 787 1030 vero
818 973 988 1042 mihi,
1018 973 1233 1028 Christi
1276 973 1524 1042 ovicula,
1585 974 1877 1039 columba,
1940 978 1998 1028 et

350 1078 667 1132 sponsa,ac
702 1062 749 1116 si
764 1062 920 1132 quod
934 1062 1155 1116 bonum
1170 1080 1387 1117 nomen
1407 1068 1514 1130 est,
1530 1064 1993 1134 gratiosumque,

351 1156 409 1203 et
438 1151 1072 1221 prmstans,salve,quze
1097 1150 1355 1205 stadium
1378 1157 1615 1205 strenue
1647 1167 1888 1204 emensa
1911 1168 1992 1205 es.

349 1236 535 1305 Salve,
554 1254 684 1308 qua;
704 1238 879 1309 digna
900 1238 1211 1292 certamini
1235 1238 1481 1310 prasmia
1496 1237 1773 1293 retulisti.
1807 1238 1991 1305 Salve,

346 1328 783 1399 cui,multiplici
818 1346 1001 1401 agone
1033 1329 1661 1399 desudato,multiplex
1685 1329 1881 1400 palma
1897 1329 1995 1383 de-

346 1417 538 1472 betur.
574 1419 892 1489 Salve,quaa
917 1419 1401 1490 corporissensus
1434 1419 1764 1490 injuvenili
1797 1424 1990 1484 astate,

342 1506 515 1559 senili
551 1507 943 1578 prudentique
989 1508 1141 1562 907
1205 1524 1371 1561 more
1433 1508 1751 1579 castigasti.
1804 1508 1989 1576 Salve,

346 1611 475 1664 quae
502 1595 903 1666 virginitatem
941 1596 1193 1659 Christo,
1220 1597 1397 1650 etiam
1446 1602 1582 1650 ante
1616 1597 1985 1667 martyrium,

342 1682 761 1738 intemeratam
789 1690 966 1753 atque
1001 1684 1371 1755 impollutam
1394 1684 1618 1739 vovisti.
1655 1684 1985 1754 Salve,quw

2108 518 2208 579 τῆς
2237 516 2456 584 γεέννης
2488 536 2545 569 σε
2588 514 2723 593 φλὸξ
2786 514 3043 581 ἄσϐεστος
3102 520 3212 573 ἐκεῖ
3271 518 3611 576 ὑποδέκεται.
3672 524 3755 579 Οὐ

2106 598 2206 673 γάρ
2237 598 2317 655 ’ἐτι
2372 599 2653 658 ἐπιϐιῶναι
2709 604 2999 681 ἐτύγχανες
3058 605 3225 677 ἄξιος,
3284 608 3371 661 ἳνα
3430 610 3506 681 μή
3559 607 3752 664 δακτυ-

2109 684 2561 761 λοδεικτοόμενος
2590 695 2767 767 πατὴρ
2793 695 3064 764 κληθῆναι
3098 702 3195 764 τῆς
3229 699 3521 770 μάρτυρος.
3556 697 3755 753 Οὐκέτι

2108 775 2338 840 σεὸσὸς
2368 776 2514 839 οἶκος
2546 780 2790 853 ἀνέχεται
2853 778 3122 850 δέξασθαι,
3186 782 3274 857 ἀφ’
3331 782 3392 836 οὗ
3447 803 3598 845 τινος
3653 786 3751 853 τὴν

2106 862 2392 937 παρθένον,
2423 867 2510 920 xui
2545 868 2903 942 πανεύφημον
2939 868 3216 941 ἐξῴκισας.

2179 971 2256 1027 ιϐ’.
2292 969 2367 1024 Σὺ
2400 969 2456 1026 δὲ
2511 993 2604 1045 μοι
2656 975 2691 1044 ἠ
2753 976 2989 1050 Χριστοῦ
3043 975 3236 1048 ἀμνὰς,
3295 976 3386 1031 καὶ
3437 980 3749 1054 περιστερὰ,

2102 1056 2192 1111 καὶ
2222 1058 2546 1136 νύμφη,καὶ
2580 1066 2682 1116 πᾶν
2716 1062 2817 1117 εἷ’τι
2878 1064 2967 1117 οὗν
3028 1060 3201 1137 ὄνομα
3252 1065 3442 1135 καλὸν,
3491 1067 3582 1121 xui
3644 1088 3752 1142 χα-

2106 1147 2233 1221 ρίεν,
2264 1151 2350 1203 καὶ
2406 1151 2615 1225 τίμιον,
2671 1159 2852 1228 χαῖρε,
2904 1160 3159 1229 γεννικῶς
3216 1160 3324 1210 τῶν
3382 1156 3602 1231 ἀγώνων
3660 1156 3750 1212 δια

2104 1234 2382 1311 δραμοῦσα
2404 1239 2495 1292 τὸν
2532 1236 2776 1295 δίαυλον.
2802 1243 2999 1315 Χαῖρε,
3020 1246 3126 1295 τῶν
3160 1239 3341 1305 ἄθλων
3363 1241 3550 1313 ἐπάξια
3581 1266 3747 1316 κομι-

2103 1324 2305 1397 σάμένη
2338 1329 2404 1381 τὰ
2431 1324 2659 1386 ἔπαθλα.
2692 1329 3017 1405 Καῖρε,ᾕπερ
3050 1330 3235 1386 πολλᾶ
3264 1333 3330 1385 τὰ
3362 1328 3588 1406 βραδεῖα
3614 1334 3747 1406 ὑπὲρ

2099 1412 2325 1468 πολλῶν
2356 1419 2463 1470 τῶν
2520 1417 2916 1491 ἀγωνισμάτων
2983 1419 3279 1496 ὀφείλεται.
3330 1422 3518 1495 Χαῖρε,
3550 1422 3585 1490 ἡ
3639 1427 3748 1476 τῶν

2099 1498 2353 1573 ἐμπαθῶν
2385 1508 2485 1569 τῆς
2542 1507 2739 1580 σαρκὸς
2798 1508 3181 1581 σκιρτημάτων
3235 1506 3488 1583 λογισμῷ
3516 1508 3745 1583 ἐπικρα-

2095 1592 2303 1660 τήσασα
2333 1593 2587 1669 σώφρονι,
2625 1599 2813 1661 Χαῖρε,
2846 1597 2882 1664 ἡ
2940 1596 3036 1659 τάς
3081 1600 3178 1649 τοῦ
3236 1596 3487 1669 σώματος
3544 1599 3743 1667 αῖσθή-

2096 1698 2205 1739 σεις
2239 1678 2289 1733 ἐν
2348 1679 2569 1749 ἡλικίας
2609 1684 2823 1752 νεότητι
2880 1678 3252 1757 πρεσϐυτικῶς
3310 1685 3396 1738 xui
3448 1684 3739 1761 ἐμφρόνως

342 1772 868 1841 corporisformam
894 1772 1077 1826 nullis
1095 1772 1511 1827 affectionibus
1528 1772 1980 1841 inquinasti,sed

2094 1764 2569 1845 παιδαγωγήσασα.
2601 1772 2788 1846 Χαῖρε,
2818 1773 2853 1839 ἡ
2883 1774 2981 1840 τὴν
3014 1773 3328 1847 παρθενίαν,
3361 1772 3449 1827 xui
3500 1774 3607 1847 πρὸ
3637 1776 3736 1829 τοῦ

345 1859 628 1917 intactam
659 1862 957 1917 Conditori
990 1864 1347 1918 consecrasti
1367 1868 1424 1918 et
1455 1862 1984 1931 exhibuisti.Salve,

346 1966 474 2020 quas
507 1950 567 2005 in
598 1951 746 2005 turri
779 1951 939 2006 velut
968 1950 1028 2005 in
1059 1951 1356 2022 praesidio,
1392 1955 1450 2006 et
1476 1950 1769 2022 virginum
1792 1957 1984 2005 orato-

342 2038 433 2091 ria
459 2039 656 2108 domo,
707 2040 943 2094 crebras
998 2045 1055 2093 et
1111 2040 1373 2094 sinceras
1422 2057 1627 2110 preces
1673 2040 1982 2108 offerebas,

342 2130 619 2195 certaque
632 2144 830 2180 rerum
854 2128 1352 2197 contemplatione
1368 2128 1439 2181 ad
1461 2134 1758 2182 auctorem
1782 2144 1982 2181 assur-

348 2214 713 2285 gens,solius
742 2231 874 2269 vere
906 2215 1044 2268 boni
1067 2220 1123 2269 et
1150 2214 1424 2269 amabilis
1454 2215 1682 2269 deliciis
1715 2216 1841 2270 sine
1890 2232 1984 2270 sa-

343 2302 541 2357 tietate
566 2303 875 2357 fruebaris.
912 2304 1235 2374 Salve,quaa
1267 2304 1326 2357 in
1358 2303 1568 2358 balneo
1601 2303 1980 2376 detergendis

342 2408 654 2462 corporum
682 2392 952 2446 sordibus
983 2398 1614 2462 comparato,sanctam
1636 2392 1981 2447 Trinitatem

340 2480 497 2534 trina
513 2497 618 2551 per
641 2480 929 2535 fenestras
961 2481 1354 2535 illustratione
1388 2481 1851 2551 reprmsentasti,
1884 2480 1983 2535 tri-

342 2569 599 2639 plicique
613 2571 947 2624 animorum
964 2569 1401 2625 illuminatione
1424 2571 1734 2641 mysticum
1754 2576 1809 2624 et
1824 2570 1979 2625 salu-

340 2662 465 2711 tare
494 2657 791 2728 baptisma
818 2657 1154 2713 delineasti.
1217 2658 1403 2724 Salve,
1474 2675 1606 2728 quae
1656 2659 1782 2713 sine
1816 2675 1981 2714 mora

340 2746 862 2801 consubstantialis
908 2746 1207 2804 Trinitatis
1241 2746 1417 2801 fidem
1463 2747 1790 2818 theologico
1814 2764 1977 2802 more

343 2834 615 2889 confessa
647 2852 727 2889 es.
762 2834 947 2900 Salve,
971 2852 1100 2905 quas
1159 2852 1343 2889 unum
1376 2852 1405 2889 e
1438 2840 1641 2890 sancta
1697 2835 1977 2889 Trinitate

339 2927 579 2991 propter
599 2928 861 2978 nostram
900 2924 1151 2978 salutem
1178 2924 1483 2978 hominem
1520 2924 1739 2979 factum
1764 2923 1974 2993 prandi-

341 3010 505 3064 casti.
539 3011 723 3081 Salve,
758 3029 887 3082 quas
923 3011 1177 3079 divitias,
1212 3012 1598 3083 deliciasque,
1658 3028 1726 3066 ac
1786 3016 1974 3065 vestes

2096 1857 2649 1936 μαρτυρίου,φυλάξαι
2678 1866 2757 1931 τῷ
2784 1865 3009 1935 Χριστῷ
3035 1864 3495 1937 καθυποσχυμὲνη
3528 1864 3734 1938 ἄχραν-

2090 1966 2181 1999 τον
2216 1948 2302 2001 καὶ
2360 1948 2645 2019 ἀμίαντον.
2706 1950 2893 2023 Χαῖρε,
2952 1950 2986 2018 ἢ
3044 1950 3105 2004 τὸ
3165 1952 3475 2022 σωματικὸν
3526 1951 3738 2017 κάλλος

2089 2040 2208 2097 τοῖς
2236 2033 2424 2098 πάθεσι
2456 2037 2532 2109 μὴ
2567 2036 2880 2111 ρυπώσασα,
2912 2034 3035 2092 ἀλλ’
3094 2036 3360 2115 ἀνέπαφον
3417 2043 3495 2110 τῷ
3524 2043 3737 2113 ποιητῇ

2092 2122 2341 2176 ἀναθεῖσα
2369 2123 2457 2177 καὶ
2489 2126 2803 2197 παραθεῖσα,
2866 2127 3060 2198 Χαῖρε,
3122 2128 3157 2195 ἡ
3212 2125 3265 2180 ἐν
3321 2131 3399 2197 τῷ
3433 2134 3625 2202 πύργῳ
3659 2130 3736 2189 ὠς

2090 2206 2141 2262 ἐν
2191 2210 2421 2286 ἀσφαλεῖ
2478 2213 2742 2289 φρουρίῳ,
2801 2214 2891 2267 xui
2950 2216 3224 2289 παρθένων
3280 2214 3571 2289 εὐκτηρίῳ,
3630 2237 3731 2269 πυ-

2089 2299 2236 2369 κνάς,
2293 2298 2382 2353 καὶ
2440 2301 2748 2377 ἀκραιφνεῖς
2800 2306 2881 2373 τῷ
2938 2306 3056 2373 Θεῷ
3104 2304 3409 2375 προσευχὰς
3487 2303 3730 2376 ἀναπέμ-

2088 2407 2284 2457 πουσα,
2313 2387 2401 2442 καὶ
2433 2391 2499 2461 τῇ
2533 2388 2761 2443 ἀπλανεῖ
2814 2394 2921 2443 τῶν
2982 2387 3150 2445 ὃντων
3201 2392 3400 2465 θεωρίᾳ
3446 2392 3583 2466 πρὸς
3636 2394 3730 2447 τὸν

2087 2478 2322 2545 ποιητὴν
2354 2477 2666 2551 ἀναχθεῖσα,
2696 2477 2787 2532 vui
2844 2482 2940 2532 τοῦ
3002 2478 3171 2551 μόνου
3220 2475 3391 2543 ὅντως
3435 2478 3610 2535 καλοῦ
3666 2502 3730 2537 τε

2086 2563 2175 2617 καὶ
2207 2563 2433 2638 ἐραστοῦ
2490 2562 2787 2635 ἀπλήστως
2840 2570 3310 2644 κατατρυφήσασα.
3345 2572 3538 2642 Χαῖρε,
3572 2569 3607 2637 ἡ
3669 2566 3723 2623 ἐν

2086 2656 2163 2722 τῷ
2188 2657 2289 2706 τοῦ
2320 2658 2632 2725 σωματικοῦ
2680 2653 2852 2729 ῥύπου
2909 2655 3259 2729 καθαρτηρίῳ
3318 2653 3538 2730 λουτρῷ
3581 2677 3718 2728 συμ-

2088 2735 2326 2803 ϐολικῶς
2358 2743 2456 2810 τήν
2510 2739 2718 2816 Τριάδα
2771 2740 2859 2796 διὰ
2903 2746 3002 2807 τῆς
3055 2748 3161 2798 τῶν
3210 2741 3438 2817 θυρίδων
3481 2743 3725 2815 τριπλῆς

2086 2829 2442 2905 φωταγωγίας
2486 2830 2869 2901 ἐξεικονίσασα,
2924 2831 3013 2885 καὶ
3061 2833 3122 2886 τὸ
3176 2836 3245 2905 τῇ
3292 2835 3480 2907 τριττῇ
3532 2854 3715 2906 φωτοι-

2085 2914 2240 2988 δοσίᾳ
2267 2921 2459 2992 ψυχῶν
2518 2920 2772 2991 μυστικὸν
2827 2918 2915 2972 xui
2974 2921 3245 2993 σωτήριον
3303 2925 3543 2981 τυπικῶς
3602 2918 3721 2975 δια-

2082 3007 2334 3079 γράψασα
2368 3006 2666 3080 βάπτισμα.
2713 3011 2903 3079 Χαῖρε,
2962 3007 2995 3076 ἠ
3054 3006 3213 3069 εὐθὺς
3266 3008 3565 3082 τρανὸτατα
3619 3011 3719 3077 τήν

344 3100 581 3167 sericas,
614 3117 747 3155 cum
779 3100 939 3154 omni
972 3100 1232 3171 corporis
1265 3106 1321 3154 et
1350 3101 1737 3169 formositate,
1772 3104 1829 3153 et
1859 3105 1972 3153 ter-

2090 3096 2181 3158 τῆς
2214 3093 2507 3165 ὁμοουσίου
2539 3092 2772 3168 Τριάδος
2810 3093 2988 3148 πίστιν
3040 3092 3341 3168 θεολογικῷ
3380 3092 3717 3169 διομολογή-

338 3203 619 3242 renorum
669 3188 1236 3243 oblectamentorum
1261 3188 1634 3259 jucunditate
1662 3187 1968 3259 despuisti,

341 3273 551 3344 hisque
574 3281 794 3331 aeterna
821 3276 1247 3331 etimmortalia
1272 3277 1971 3346 bonacommutasti,quaa

343 3361 651 3416 oculorum
679 3362 901 3429 lumen,
936 3363 1171 3418 auditus
1201 3364 1699 3433 vim,omnemque
1732 3380 1971 3416 sensum

340 3453 397 3503 et
424 3449 691 3503 auditum
724 3456 1019 3521 superant.
1045 3450 1375 3521 Salve,quaa
1404 3451 1716 3505 delicatam
1738 3456 1971 3505 aetatem

340 3542 397 3591 et
424 3538 774 3593 muliebrem
816 3538 1285 3593 imbecillitatem
1344 3545 1580 3593 strenue
1623 3545 1681 3593 et
1727 3540 1973 3594 viriliter

340 3632 617 3682 contento
645 3627 827 3682 animi
855 3644 1033 3681 sensu
1055 3627 1365 3681 roborasti.
1401 3627 1723 3697 Salve,quaa
1755 3629 1972 3683 crucia-

340 3720 505 3770 tuum
548 3716 1079 3772 dehonestamenta
1115 3733 1235 3771 non
1270 3717 1571 3787 expavisti,
1604 3715 1748 3786 quin
1778 3717 1971 3787 potius

339 3804 619 3859 audacter
641 3811 695 3859 te
721 3806 914 3860 omnis
946 3805 1179 3877 generis
1235 3805 1543 3875 suppliciis
1574 3810 1633 3858 et
1663 3805 1972 3858 tormentis

342 3892 642 3947 dedidisti.
678 3894 1001 3963 Salve,quaa
1035 3894 1094 3947 in
1117 3910 1293 3947 carne
1316 3909 1517 3965 agens,
1539 3893 1753 3947 Christi
1774 3892 1970 3948 videre

339 3980 666 4035 claritatem
700 3982 992 4048 meruisti,
1023 3982 1181 4036 haud
1223 3998 1393 4036 secus
1425 3988 1599 4051 atque
1668 3982 1728 4035 in
1772 3988 1970 4036 monte

336 4067 602 4138 primarii
636 4069 909 4141 discipuli
933 4086 945 4137 ;
964 4070 1101 4140 quia
1123 4085 1251 4123 eam
1269 4086 1401 4124 cum
1418 4069 1543 4122 Elia
1559 4071 1817 4140 etMoyse
1831 4087 1971 4124 con-

336 4171 598 4225 spexere,
622 4157 757 4227 jure
788 4157 944 4213 beati
988 4158 1130 4213 dicti
1180 4163 1317 4212 sunt
1342 4156 1409 4211 ⁵ο.
1460 4157 1645 4224 Salve,
1681 4174 1809 4226 quae
1842 4174 1970 4211 ver-

334 4242 542 4298 berum
576 4245 895 4313 cruciatus,
945 4247 1106 4313 ferri,
1141 4246 1606 4318 asperrimorum
1647 4245 1973 4301 ciliciorum

332 4332 806 4401 perfricationes,
841 4335 1143 4406 sanguinis
1200 4336 1567 4406 profluentes
1611 4335 1786 4400 rivos,
1818 4333 1972 4407 ignis

330 4427 602 4476 vorantes
634 4422 925 4487 flammas,
959 4430 1193 4478 exsecta
1224 4424 1512 4491 membra,
1564 4423 1736 4478 nudae
1769 4424 1971 4478 tradu—

2084 3201 2219 3235 σασα
2248 3181 2497 3254 στόματι.
2528 3183 2715 3251 Χαῖρε,
2748 3182 2781 3250 ἠ
2841 3181 2930 3235 τὸν
2989 3178 3083 3235 ἕνα
3137 3190 3237 3251 τῆς
3296 3182 3451 3256 άγίας
3482 3183 3717 3258 Τριάδος

2083 3264 2172 3323 διὰ
2224 3269 2321 3337 τήν
2400 3270 2668 3344 ἡμετέραν
2744 3268 3230 3343 ἐνανθρωπήσαντα
3314 3270 3607 3342 σωτηρίαν,
3664 3271 3713 3325 ἐν

2080 3356 2359 3432 παρρησίᾳ
2386 3358 2678 3431 κηρύξασα.
2712 3363 2905 3429 Χαῖρε,
2957 3360 2991 3426 ἡ
3047 3356 3282 3412 πλοῦτον
3340 3359 3428 3412 xui
3484 3362 3713 3437 τρυφήν,

2078 3445 2168 3498 καὶ
2200 3450 2381 3518 σηρῶν
2412 3446 2669 3517 νημάτων
2705 3446 3008 3522 ὑφάσματα,
3041 3446 3130 3499 xui
3186 3444 3353 3499 λίθων
3399 3445 3713 3520 πολυτιμή-

2078 3554 2208 3602 των,
2266 3534 2355 3587 xui
2410 3531 2751 3608 μαργαρίτων
2812 3531 3304 3606 χρυσοκολλήτων,
3392 3536 3481 3589 xui
3539 3542 3711 3589 πᾶσαν

2081 3621 2393 3694 σωματικὴν
2453 3620 2743 3693 εὐκοσμίαν
2785 3623 2871 3674 xui
2936 3619 3265 3694 ὡραιότητα,
3297 3621 3384 3676 xui
3430 3626 3538 3677 τῶν
3597 3622 3711 3678 ἐπι-

2077 3712 2240 3783 γείιυν
2309 3711 2685 3785 τερπνοτήτων
2800 3707 3098 3763 ἀπόλαυσιν
3189 3706 3547 3778 διαπτόσασα,
3630 3713 3717 3767 xui

2078 3798 2283 3853 τούτων
2342 3795 2789 3870 ἀνταλλαξαμένη
2848 3796 3042 3851 αἰώνια
3084 3797 3255 3874 ἀγαθά
3310 3798 3400 3852 καὶ
3454 3799 3723 3870 ἀκήρατα,

2078 3888 2145 3940 τὰ
2201 3886 2465 3959 ὀμμάτων
2526 3885 2736 3958 ὅρασιν,
2793 3886 2879 3939 xui
2936 3884 3087 3939 ὢτων
3148 3886 3339 3955 ἀκοήν,
3396 3887 3487 3941 καὶ
3546 3894 3721 3942 πᾶσαν

2079 3973 2325 4044 αἴσθησίν
2382 3994 2441 4028 τε
2496 3973 2585 4028 καὶ
2643 3972 2830 4043 νὸησιν
2893 3973 3270 4049 ὑπεραίροντα.
3319 3977 3509 4051 Χαῖρε,
3568 3979 3602 4047 ἡ
3661 3977 3721 4032 τὸ

2077 4066 2176 4128 τῆς
2205 4062 2425 4132 ἡλικίας
2476 4062 2761 4137 τρυφερὸν,
2820 4061 2909 4116 xui
2961 4062 3023 4117 τὸ
3077 4068 3174 4117 τοῦ
3232 4063 3447 4133 θήλεως
3508 4065 3721 4129 ἀσθενὲς

2078 4156 2332 4227 γεννικῶς
2389 4151 2479 4206 vui
2534 4147 2802 4225 ἀνδρικῶς
2861 4150 3196 4221 στερεώσασα
3250 4152 3488 4225 συντόνῳ
3514 4157 3725 4231 φρονή-

2085 4261 2233 4315 ματι.
2284 4242 2469 4315 Χαῖρε,
2523 4242 2558 4308 ἡ
2590 4241 2727 4314 πρὸς
2783 4238 2909 4301 τοὺς
2961 4245 3068 4294 τῶν
3120 4238 3394 4296 κολάσεων
3428 4241 3718 4315 αἰκισμοὺς

2085 4330 2160 4399 μὴ
2219 4324 2669 4401 δειλανδρήσασα,
2727 4324 3039 4399 θαρσαλέως
3122 4325 3180 4381 δὲ
3253 4328 3463 4400 μᾶλλον
3527 4330 3721 4399 ἑαυτήν

2083 4414 2339 4471 ἐπιδοῦσα
2369 4415 2648 4479 παντοίοις
2708 4415 3136 4491 βασανιστηρίων
3197 4414 3362 4471 εἷ’δεσι
3420 4416 3512 4472 xui
3570 4439 3717 4494 στρεο

333 4508 826 4579 ctionem,capitis
858 4484 921 4564 et
944 4512 1072 4565 vita}
1097 4484 1537 4581 ademptionem
1564 4512 1776 4565 Christi
1796 4528 1973 4566 causa

2090 4500 2337 4560 ῧλώσεσι.
2396 4506 2582 4576 Χαῖρε,
2641 4506 2675 4573 ἡ
2737 4502 2788 4557 ἐν
2846 4505 3000 4580 σαρκῖ
3058 4500 3437 4579 διατρίϐουσα,
3482 4512 3719 4579 Χριστοῦ

333 4597 1397 4668 sustinuisti,utdeincepsimmortale
1429 4616 1640 4669 corpus
1658 4599 1969 4669 reciperes,

331 4690 455 4739 tum
487 4685 949 4757 incorruptionis
1006 4685 1187 4740 radiis
1223 4685 1533 4757 effulgens,
1586 4691 1643 4740 et
1685 4686 1969 4742 claritatis

330 4773 638 4829 inductum
672 4774 1031 4845 stola,quam
1063 4773 1232 4828 nulla
1274 4774 1360 4827 vis
1393 4772 1683 4828 sermonis
1716 4775 1968 4845 explica-

329 4862 479 4917 verit
508 4869 607 4917 aut
631 4865 976 4919 narraverit.

2077 4595 2175 4665 τήν
2202 4592 2354 4664 δόξαν
2388 4590 2518 4647 ῖδεῖν
2562 4593 2862 4665 ἡξιωμὲνη,
2916 4594 2990 4657 ὡς
3036 4592 3086 4648 ἐν
3142 4598 3221 4666 τῷ
3281 4593 3394 4671 ὅρει
3444 4600 3551 4650 τῶν
3616 4618 3717 4669 μα-

2079 4687 2258 4755 θητῶν
2293 4683 2345 4737 οἱ
2374 4681 2683 4757 πρόκριτοι,
2716 4680 2806 4735 σὺν
2840 4680 3001 4752 Ἤλίᾳ
3055 4682 3145 4736 xui
3205 4684 3381 4756 Μωσῇ
3459 4686 3717 4758 τεθεαμέ-

2076 4792 2186 4842 νοι,
2264 4771 2657 4847 προσηκόντως
2740 4767 3199 4843 ἐμακαρίσθησαν.
3249 4776 3454 4847 Χαῖρε,
3511 4774 3545 4841 ἡ
3608 4778 3713 4827 τῶν

2080 4858 2357 4935 μαστίγων
2403 4858 2499 4920 τὰς
2546 4855 2873 4932 ἀλγηδόνας,
2932 4858 3021 4912 xui
3081 4857 3318 4934 σιδήριον
3376 4861 3707 4931 καταεέσεις,

323 4948 414 5003 xui
468 4950 820 5024 τραχυτάτων
880 4949 1143 5025 τριχίνων
1200 4950 1525 5027 ὑφασμάτων
1586 4947 1878 5024 ἐκτρίψεις,
1935 4952 2024 5007 xui
2084 4951 2330 5024 αἷμάτων
2392 4946 2544 5022 ῥοὰς,
2600 4945 2688 5000 καὶ
2742 4946 2911 5019 πυρὸς
2967 4946 3330 5024 φλογισμοῦς,
3362 4949 3454 5003 καὶ
3490 4948 3711 5022 μελλῶν

326 5033 579 5109 ἐκτομάς,
612 5039 699 5092 xui
730 5040 944 5112 γυμνὴν
976 5036 1364 5111 ἐκπόμπευσιν,
1394 5036 1483 5092 xui
1512 5037 1752 5115 κεφαλῆς
1775 5039 1864 5094 xui
1899 5046 2043 5111 ζωῆς
2078 5038 2349 5115 ὑφαίρεσιν
2379 5034 2467 5090 διὰ
2495 5034 2721 5108 Χριστὸν
2755 5034 3210 5107 ὑπομείνατα,⁹ίνα
3239 5036 3302 5092 τὸ
3336 5042 3494 5110 σῶμα
3516 5037 3713 5093 λοιπὸν

330 5122 509 5201 λάϐῃς
570 5128 853 5199 ἀθάνατον,
910 5128 1207 5206 ἀφθαρσίας
1271 5128 1636 5205 μαμμαρυγάς
1695 5130 2097 5206 ἀπαστράπτον,
2164 5129 2255 5184 xui
2342 5125 2501 5198 δόξης
2568 5121 2938 5204 ἠμφιεσμένον
2998 5126 3198 5197 στολὴν
3283 5125 3555 5206 ἄφραστον
3626 5124 3713 5183 καῖ

329 5212 713 5285 ἀνεκλάλητον.

400 5324 486 5378 20.
521 5326 596 5379 Te
619 5326 755 5396 jure
787 5326 983 5381 mirati
1016 5332 1155 5381 sunt
1196 5326 1468 5381 homines
1518 5326 1591 5381 ob
1628 5331 1785 5382 tuam
1819 5344 1961 5383 con-

2140 5327 2205 5383 x'.
2272 5324 2343 5379 Σὶ
2396 5319 2619 5386 δικαίως
2661 5327 2760 5390 τῆς
2812 5321 3097 5398 καρτερίας
3152 5319 3452 5394 ἐθαύμασαν
3507 5323 3711 5397 ἂνθρω-

330 5412 609 5467 stantiam
634 5430 647 5468 :
679 5414 871 5486 angeli
893 5420 1192 5470 certamen
1207 5415 1487 5484 tuum,uti
1509 5432 1615 5486 par
1638 5416 1963 5486 est,plausu

2090 5435 2189 5489 τοι,
2214 5411 2439 5489 ἄγγελοι
2472 5409 2528 5466 δὲ
2580 5410 2803 5473 εἰκότως
2861 5410 2959 5479 τήν
3015 5408 3243 5479 ἄθλησιν
3304 5410 3600 5485 ἐκρότησαν
3656 5433 3713 5467 τε

397 5594 447 5631 ⁵ο
476 5593 679 5651 Matth.
709 5610 841 5663 xvn,
875 5596 899 5649 1
937 5611 1102 5668 seqq.
