4042 6154
286 266 394 322 809

1420 265 1783 324 LAUDATIO
1817 268 1877 321 Β.
1914 266 2274 323 ΒΔΒΒΔΒΒ
2312 270 2534 326 MART.

3564 275 3676 330 810

279 387 373 440 καὶ
405 385 672 457 ὕμνησαν,
717 383 768 437 oi
827 382 884 439 δὲ
939 381 1218 458 δαίμονες,
1269 386 1366 453 τὴν
1430 386 1527 453 σὴν
1562 381 1836 455 ὑμνῳδίαν
1869 403 1926 437 τε

2053 391 2096 441 at
2125 389 2362 458 hymnis
2384 390 2758 446 celebrarunt
2782 408 2795 445 :
2826 391 3126 448 daemones
3146 397 3244 448 tua
3263 393 3508 448 laudum
3534 411 3676 449 can—

291 473 384 528 καὶ
437 471 679 526 ἔνστασιν
756 469 992 548 ἔφριξαν,
1077 474 1166 528 καὶ
1235 473 1522 546 αἰσχύνην,
1582 473 1670 527 καὶ
1725 467 1930 532 ὄνειδος

291 561 514 616 αἰώνιον
548 561 915 635 ἠμφιάσαντο.
973 561 1060 622 Ὦς
1115 560 1178 614 τὸ
1230 560 1465 631 θηλυκὸν
1508 561 1595 614 καὶ
1627 565 1930 634 γυναικεῖον

287 649 462 726 φύλον
526 647 1006 722 έγκαλκωπίζεται,
1086 649 1175 703 καὶ
1250 649 1583 721 σεμνύνεται,
1656 647 1933 720 καὶπρὸς

290 734 574 810 εὐανδρίαν
631 741 748 790 τοῖς
807 741 920 798 σοῖς
975 735 1165 799 ἄθλοις
1225 739 1653 810 θαρσοποιεῖται,
1706 737 1796 790 καὶ
1838 733 1935 790 έπ-

287 824 568 902 αλεὶφεται
601 825 613 878 ί
649 825 735 879 Ἐν
798 824 882 877 σοὶ
931 825 1256 901 προσφόρως
1313 827 1347 893 ἡ
1406 827 1709 897 προμήτωρ
1743 824 1932 898 ἐγκαυ-

289 917 480 988 χᾶται,
537 910 624 966 καὶ
689 912 935 985 γέγηθεν,
997 911 1072 973 ὡς
1129 913 1411 987 θυγάτριον
1465 912 1798 984 κτησαμένη,
1842 911 1932 964 τὸν

293 1000 499 1068 ἐκείνην
557 998 1031 1054 καταπαλαίσαντα
1100 1001 1395 1054 ἀντίπαλον
1456 999 1719 1076 δράκοντα
1783 998 1933 1059 αὖθις

291 1087 688 1157 ἄναπαλαῖσαν,
743 1089 833 1142 καὶ
893 1088 1208 1162 ἀνατρέψαν,
1267 1090 1355 1143 καὶ
1411 1090 1509 1156 τὴν
1550 1089 1705 1158 νίκην
1739 1089 1935 1142 ἅνακα-

294 1176 616 1250 λεσάμενον,
675 1178 761 1231 καὶ
823 1175 1053 1252 λαμπρὰ
1105 1179 1221 1232 κατ’
1275 1178 1438 1233 αὐτοῦ
1492 1177 1757 1250 ἀράμενον
1807 1178 1935 1251 τρό-

291 1289 448 1325 παια.
483 1269 553 1322 Σὲ
578 1270 612 1336 ἡ
645 1271 750 1322 τῶν
803 1267 971 1340 ἁγίων
1016 1268 1138 1343 ἀγία
1187 1269 1448 1330 Θεοτόκος
1479 1270 1568 1323 καὶ
1601 1268 1931 1342 προμήτωρ,

291 1353 557 1428 παρθένος
589 1355 675 1409 καὶ
729 1356 1050 1428 Θεομήτωρ,
1082 1357 1116 1423 ἡ
1148 1355 1209 1408 τὸ
1267 1353 1407 1423 θῆλυ
1439 1356 1532 1426 μέν
1562 1353 1718 1428 γένος
1742 1355 1931 1425 πρώτη

293 1445 383 1499 καὶ
423 1445 559 1516 μόνη
597 1440 881 1512 δοξάσασα,
938 1444 1149 1496 πάντων
1193 1441 1249 1496 δὲ
1300 1443 1535 1517 ἀρρένων
1567 1447 1657 1497 καί
1689 1440 1934 1510 θηλύων,

295 1533 560 1608 οὐρανίως
619 1553 675 1586 τε
730 1531 820 1586 καὶ
880 1531 1132 1605 ἐπιγείων
1181 1532 1502 1600 ἀνάσσουσα,
1561 1533 1635 1593 ὡς
1683 1535 1779 1585 τοῦ
1810 1531 1937 1584 πάν-

294 1643 406 1676 των
458 1619 815 1686 δεσπόζοντος
877 1621 1060 1692 μήτηρ
1121 1619 1524 1693 χρηματίσασα,
1558 1618 1609 1672 ἐν
1643 1618 1934 1692 γυναικείῳ

2046 477 2161 532 tica
2208 484 2265 532 et
2311 479 2707 534 resistentiam
2767 481 3218 545 exhorruerunt,
3269 498 3336 536 ac
3386 482 3675 552 pudorem

2041 565 2440 636 probrumque
2473 569 2900 638 sempiternum
2926 570 3266 624 induerunt.
3293 571 3476 633 Quam
3511 570 3678 624 deco-

2042 660 2205 708 ratur
2236 661 2293 708 et
2324 656 2670 710 bonestatur
2697 657 2989 711 femineus
3033 673 3100 711 ac
3146 657 3453 712 muliebris
3482 674 3675 722 sexus,

2041 742 2274 812 tuisque
2307 744 2728 800 certaminibus
2763 745 2835 800 ad
2875 745 3103 798 virilem
3134 745 3542 799 fortitudinem
3575 762 3681 800 au—

2043 829 2216 885 daces
2243 832 2471 886 animos
2512 834 2780 900 assumit,
2828 839 2886 887 et
2935 833 3268 888 animatur!
3306 837 3370 888 In
3401 840 3457 888 te
3489 835 3682 904 prima

2043 921 2273 989 generis
2304 937 2516 990 parens
2575 938 2828 991 congrue
2878 922 3162 992 gloriatur
3203 938 3267 976 ac
3319 923 3511 994 gestit,
3545 939 3682 976 cum

2044 1006 2231 1061 ﬁlium
2264 1007 2476 1078 adepta
2506 1010 2599 1072 sit,
2636 1026 2765 1079 quae
2797 1009 3217 1075 adversarium,
3242 1026 3275 1063 a
3307 1026 3422 1079 quo
3455 1010 3558 1064 illa
3581 1010 3680 1064 de-

2041 1095 2193 1150 victa
2240 1102 2631 1168 superataque
2673 1102 2816 1163 erat,
2868 1098 3028 1152 lucta
3076 1115 3310 1151 rursum
3364 1099 3591 1161 vicerit,
3625 1104 3684 1152 et

2044 1183 2336 1247 everterit,
2397 1185 2840 1255 instaurataque
2898 1187 3160 1252 victoria,
3217 1186 3375 1240 clara
3434 1185 3504 1239 de
3551 1186 3680 1255 ipso

2042 1278 2264 1344 tropaaa
2285 1274 2504 1329 tulerit.
2529 1277 2602 1328 Te
2626 1280 2828 1328 sancta
2846 1279 3180 1328 sanctorum
3202 1274 3468 1343 Deipara,
3492 1274 3684 1343 prima

2043 1361 2213 1433 Virgo
2245 1379 2478 1432 parens,
2505 1368 2563 1416 et
2583 1363 2682 1416 Dei
2713 1367 2920 1428 mater,
2948 1379 3077 1432 qum
3101 1362 3450 1415 muliebrem
3476 1377 3678 1416 sexum

2043 1449 2234 1518 prima
2264 1449 2505 1519 solaque
2555 1449 2917 1509 clariﬁcavit,
2946 1454 3414 1518 cunctorumque
3445 1464 3680 1502 mascu-

2044 1537 2235 1591 lorum
2284 1553 2350 1592 ac
2396 1537 2774 1600 feminarum,
2825 1538 3153 1592 caelestium
3195 1553 3262 1591 ac
3315 1538 3685 1591 terrestrium

2045 1625 2263 1696 Regina
2293 1630 2400 1691 est,
2437 1633 2717 1696 tanquam
2751 1626 2878 1696 ejus
2909 1632 3098 1680 mater
3133 1627 3233 1696 qui
3270 1625 3549 1680 omnibus
3581 1626 3682 1679 do-

293 1707 386 1762 καὶ
422 1706 687 1780 μειρακίῳ
718 1706 942 1778 σαρκίῳ,
1000 1707 1091 1760 τὸν
1147 1706 1222 1767 εἰς
1277 1707 1342 1761 τά
1394 1709 1599 1781 ἄμετρα
1641 1708 1933 1779 καυχώμε-

515 1795 528 1809 \
608 1795 621 1812 ς
714 1792 798 1812 -l‘
1030 1792 1074 1812 ’1.
1117 1792 1137 1812 Χ
1189 1793 1200 1812 Ι
1467 1795 1479 1812 \
1575 1797 1588 1811 ι
1709 1794 1722 1812 ν
1883 1795 1893 1812 1

2053 1713 2339 1777 minatur;
2374 1715 2434 1766 in
2468 1714 2744 1768 muliebri
2776 1719 2834 1768 et
2858 1714 3107 1783 puellari
3141 1713 3513 1784 corpusculo,
3546 1730 3682 1768 eum

293 1816 410 1862 νον,
443 1795 531 1848 καὶ
561 1795 659 1862 τὴν
710 1792 978 1856 θάλασσαν
1026 1792 1342 1869 ἐξαλείφειν,
1395 1795 1482 1848 καὶ
1529 1797 1630 1862 τὴν
1675 1794 1928 1866 οἰκουμέ-

291 1904 390 1952 νην
444 1883 520 1944 ὼς
565 1882 747 1936 νοσιάν
796 1878 1240 1955 περιδράττεσθαι
1299 1884 1720 1958 φρυαττόμενον,
1772 1901 1935 1935 κατα-

292 1967 567 2025 ϐαλοῦσαν
628 1966 836 2038 ἴδοῦσα,
915 1969 1005 2022 καὶ
1079 1971 1411 2043 κατακράτος
1463 1971 1932 2038 καταπατήσασαν.

293 2058 394 2113 Καὶ
443 2062 558 2118 ταῖς
609 2058 883 2130 ἀρεταῖσα,
939 2062 1244 2134 τερφθεῖσα,
1303 2057 1530 2119 ὠλέναις
1562 2053 1932 2131 προλαϐοῦσα,

294 2149 534 2219 πλησίον
591 2147 802 2210 ἐκάθισε
857 2148 946 2202 καὶ
1004 2146 1340 2221 καθίδρυσεν,
1403 2149 1492 2202 καὶ
1547 2155 1646 2218 τῆς
1679 2147 1934 2202 ἀνωτάτω

290 2241 460 2310 τιμῆς
516 2238 605 2292 καὶ
667 2235 970 2313 παρῥησίας
1031 2235 1354 2308 μετέδωκεν,
1408 2239 1494 2292 καὶ
1551 2242 1629 2308 τῷ
1661 2235 1936 2308 Βασιλικῷ

295 2328 475 2403 θρόνῳ
506 2325 808 2403 ἐνεφάνισεν
837 2325 927 2380 καὶ
957 2327 1311 2400 παρέστησεν.

368 2544 661 2603 κα’.”Απας
712 2539 803 2595 οὗν
848 2540 935 2596 ἐπὶ
987 2542 1071 2596 σοὶ
1120 2541 1288 2617 λογος
1339 2542 1766 2618 ἐγκωμιαστικὸς
1810 2563 1937 2596 κατ-

299 2628 766 2705 ευγλωττισμένος
816 2630 903 2684 καὶ
961 2632 1212 2704 περιττὸς
1275 2630 1488 2705 ίλιγγᾷ,
1548 2631 1637 2684 καὶ
1679 2627 1938 2691 δεδοικὼς

299 2721 606 2793 προσιέναι,
704 2717 1076 2778 συστέλλεται.
1161 2720 1371 2792 Ὑμνεῖν
1449 2720 1550 2794 γάρ

306 2806 568 2882 ἂδρανὴς,
649 2809 976 2882 πανύμνητε,
1054 2809 1145 2864 καὶ
1224 2809 1512 2881 ἀξιέπαινε,
1585 2809 1644 2863 ἃν
1699 2809 1782 2878 εἴη
1835 2814 1943 2864 τῶν

309 2897 636 2972 ἀξιαγάστων
691 2919 786 2952 σου
841 2898 1043 2972 ἀρετῶν
1098 2898 1164 2952 τὰ
1223 2899 1463 2972 ὑπερφυῆ
1532 2900 1940 2970 προτερήματα.

307 2986 486 3060 Τέχνη
523 2986 617 3058 μὲν
665 2987 767 3060 γὰρ
820 2985 1115 3062 ῥητορικῆς
1166 2985 1519 3062 εὐγλωττίας,
1552 2984 1621 3040 δι’
1647 2985 1942 3061 εὐστρόφου

1651 2723 1942 2792 προσφυῶς

309 3073 571 3148 ῥημάτων
620 3075 914 3144 συνθήκης,
966 3075 1052 3129 καὶ
1101 3075 1552 3148 κεκομψευμένης
1600 3074 1690 3128 καὶ
1737 3093 1938 3148 τροχα-
1973 3088 2015 3155 c

304 3161 412 3228 λῆς
464 3163 853 3234 πειθανότητος
911 3164 1118 3228 κάλλος
1179 3167 1487 3237 σωματικὸν
1544 3165 1797 3232 ἐπαινεῖν,
1855 3170 1944 3222 καὶ

305 3252 567 3327 σαρκικήν
627 3252 958 3327 ὡραιότητα,
1026 3254 1144 3322 ἣτις
1219 3252 1277 3307 ἐκ
1355 3258 1535 3325 μεΛῶν
1614 3254 1948 3328 συμμετρίας

311 3341 425 3412 μετ’
459 3339 720 3413 εὐχροίας
748 3339 1086 3409 συνέστησεν.
1122 3342 1264 3415 Πρὸς
1311 3337 1368 3394 δὲ
1415 3341 1503 3395 καὶ
1561 3340 1752 3416 ῥώμην
1806 3341 1948 3397 πολ-

307 3428 486 3496 λακις,
540 3427 820 3492 εὐπάθειάν
879 3449 938 3483 τε
1011 3431 1098 3482 καὶ
1173 3431 1370 3498 θνητῆς
1429 3429 1692 3504 εὐγενείας
1748 3431 1946 3502 σεμνό-

306 3537 468 3587 τητα,
528 3513 812 3591 περιφανές
869 3539 947 3589 τε,
1008 3517 1053 3572 εί
1108 3517 1295 3593 τύχοι,
1355 3519 1589 3590 ἀξίωμα,
1640 3519 1727 3572 καὶ
1757 3526 1949 3587 τὸτῆς

306 3603 566 3677 πατρίδος
615 3603 906 3678 ἐπίσημον,
963 3606 1054 3660 καὶ
1110 3605 1352 3661 πλούτου
1410 3604 1692 3678 δαψιλείαν
1727 3606 1948 3679 ῥέουσαν

306 3713 366 3748 τε
411 3693 500 3747 καὶ
558 3691 989 3763 ὀλισθαίνουσαν,
1049 3695 1137 3748 καὶ
1195 3695 1434 3769 εὐχερῶς
1491 3693 1947 3766 μεταπίπτουσαν.

311 3785 482 3856 ’Ἂπερ
540 3783 652 3853 ἅμα
735 3780 1209 3858 συνδεδραμηκότα
1290 3782 1368 3855 τῷ
1427 3781 1577 3858 λόγῳ
1636 3785 1948 3838 ὑποκεῖσθαι

312 3870 449 3943 πρὸς
499 3869 786 3947 εὐφημίαν,
847 3869 1200 3943 δυσπόριστόν
1263 3893 1323 3926 τε
1377 3872 1466 3926 καὶ
1525 3869 1946 3947 ἐργωδέστατόν·

312 3957 461 4026 πλὴν
494 3958 702 4013 ἃπαντα
733 3959 830 4014 ὅσα
865 3961 980 4014 κατ’
1023 3956 1165 4022 εἶδος
1209 3961 1236 4014 ὁ
1285 3958 1451 4034 λόγος
1477 3959 1830 4030 διεστείλατο,
1859 3959 1949 4014 καὶ

313 4044 616 4116 κατέλεξεν,
666 4047 740 4108 ὡς
789 4045 950 4110 ἄνθος
999 4047 1204 4121 χόρτου
1257 4049 1650 4121 μαραινόμενον
1679 4047 1767 4101 καὶ
1801 4059 1950 4120 φθει-

313 4135 567 4210 ρόμενον,
597 4135 687 4188 καὶ
739 4135 811 4195 ὠς
843 4140 1101 4209 χρηστῶν
1161 4135 1384 4210 ὀνείρων
1443 4134 1698 4204 ἀπατηλή
1731 4135 1817 4190 καὶ
1850 4155 1950 4190 ωα-

310 4219 604 4294 σματώδης
635 4217 778 4296 ὄψις,
830 4223 941 4295 ἅμα
1001 4223 1299 4298 φαινομένη
1361 4225 1448 4278 καὶ
1511 4222 1950 4300 παρατρέχουσα,

309 4311 498 4364 θᾶττον
527 4309 617 4364 καί
667 4309 718 4364 ἐν
776 4311 975 4384 βραχεῖ
1026 4310 1132 4367 ἔσθ’
1183 4313 1272 4367 ὅτε
1321 4314 1406 4368 καὶ
1464 4317 1543 4382 τῷ
1573 4313 1758 4387 χρόνῳ
1787 4333 1950 4366 κατα-

309 4395 551 4468 λυόμενά
578 4417 634 4450 τε
677 4396 767 4451 καὶ
817 4396 1208 4470 ἀλλοιούμενα,
1269 4399 1623 4473 συγκαταλύει
1675 4398 1959 4466 καταλλή-

2043 1817 2078 1855 a
2107 1806 2160 1855 te
2187 1818 2456 1856 eversum
2488 1819 2554 1856 ac
2586 1807 2857 1872 potenter
2888 1802 3295 1872 proculcatam
3326 1801 3552 1867 videns,
3583 1802 3684 1871 qui

2042 1889 2105 1942 in
2136 1890 2492 1944 immensum
2524 1890 2900 1962 gloriabatur,
2955 1891 3108 1944 908
3155 1890 3547 1960 superbiaque
3580 1905 3688 1942 sua

2037 1977 2300 2049 jactabat
2324 1979 2467 2043 fore,
2501 1983 2569 2032 ut
2599 1984 2655 2032 et
2685 1995 2845 2032 mare
2872 1978 3188 2043 desolaret,
3231 1983 3288 2032 et
3317 1978 3518 2032 orbem
3551 1976 3685 2032 uni-

2044 2081 2276 2119 versum
2325 2065 2500 2119 veluti
2550 2065 2756 2118 nidum
2808 2065 3377 2135 comprehenderet:
3438 2070 3688 2133 tumque

2045 2153 2190 2207 adeo
2219 2153 2497 2206 virtutum
2531 2157 2762 2207 tuarum
2786 2152 2916 2206 luce
2935 2152 3241 2214 delectata,
3265 2151 3424 2205 ulnis
3447 2157 3500 2205 te
3523 2167 3690 2205 com-

2045 2241 2310 2311 plectens
2372 2240 2480 2294 sibi
2528 2241 2860 2310 proximam
2911 2240 3240 2303 collocavit,
3289 2255 3686 2310 supremoque

2044 2330 2268 2383 honore
2301 2335 2357 2382 et
2385 2328 2579 2383 favore
2611 2330 2908 2396 donatam,
2932 2328 3092 2398 regio
3120 2328 3330 2382 throno
3365 2343 3685 2397 repraesen-

2047 2417 2191 2471 tavit
2220 2421 2279 2471 et
2307 2417 2590 2470 exhibuit.

2117 2544 2203 2593 21.
2228 2541 2294 2592 In
2327 2544 2382 2594 te
2407 2539 2738 2594 laudatoria
2763 2540 2954 2593 omnis
2982 2539 3165 2593 oratio
3190 2538 3430 2602 diserta,
3455 2545 3685 2605 ornata,

2049 2633 2108 2683 et
2136 2627 2388 2683 afﬂuens
2419 2628 2622 2693 haeret,
2647 2633 2820 2696 atque
2844 2626 3122 2680 accedere
3147 2632 3417 2679 metuens
3451 2643 3685 2696 compe-

2051 2716 2252 2780 scitur,
2287 2732 2392 2768 ceu
2424 2732 2553 2784 quas
2577 2714 2654 2768 sit
2683 2714 3057 2780 imbecillior,
3083 2729 3260 2783 quam
3281 2718 3348 2767 ut
3369 2714 3689 2784 stupenda-

2049 2821 2181 2859 rum
2212 2804 2494 2857 virtutum
2526 2806 2760 2856 tuarum
2792 2802 3038 2856 eximias
3087 2801 3516 2872 praacellentias
3548 2820 3687 2858 cou-

2049 2892 2372 2958 venienter,
2397 2909 2429 2944 o
2452 2889 2918 2945 celebratissima
2948 2906 3015 2944 ac
3041 2890 3690 2959 laudatissima,canere

2054 2979 2327 3035 sufﬁciat.
2363 2979 2642 3033 Oratoriaa
2671 2978 2912 3048 quidem
2961 2977 3253 3032 facundiae
3285 2995 3401 3046 ars,
3433 2980 3692 3035 versatili

2051 3067 2360 3122 verborum
2377 3067 3190 3137 compositione,comptaque
3213 3072 3268 3119 et
3289 3069 3542 3121 rotunda
3565 3085 3694 3138 pro-

2051 3156 2268 3211 babilis
2303 3155 2590 3209 sermonis
2623 3155 2975 3219 elocutione,
3010 3154 3274 3224 corporis
3303 3155 3696 3226 pulchritudi-

2054 3262 2190 3299 nem
2204 3244 2469 3298 etcarnis
2483 3248 3033 3305 venustatem,certa
3045 3243 3447 3298 membrorum
3461 3262 3700 3317 propor-

2056 3333 2214 3387 tione
2247 3349 2379 3386 cum
2433 3332 2646 3386 coloris
2704 3333 2986 3386 suavitate
3041 3338 3430 3398 constantem,
3465 3334 3686 3390 laudat.

2056 3421 2205 3485 Quin
2231 3421 2407 3475 etiam
2431 3437 2549 3474 non
2567 3438 2699 3475 raro
2715 3421 3255 3490 robur,bonamque
3270 3423 3396 3476 vale
3409 3423 3692 3493 tudinem,

2056 3526 2123 3564 ac
2172 3510 2438 3563 mortalis
2508 3510 2887 3581 ingenuitatis
2938 3509 3348 3580 majestatem;
3403 3511 3692 3566 illustrem

2058 3597 2235 3652 etiam
2258 3597 2610 3667 quandoque
2635 3598 2978 3668 dignitatem
3007 3614 3072 3651 ac
3100 3598 3302 3667 patrim
3327 3599 3655 3653 claritatem
3679 3617 3694 3666 ;

2057 3685 2325 3755 COpiosas
2356 3701 2495 3754 opes
2529 3702 2657 3754 quin
2689 3685 2881 3738 fluunt
2912 3702 2980 3738 ac
3023 3686 3386 3754 dilabuntur,
3417 3688 3696 3758 facilique

2057 3775 2290 3845 negotio
2321 3773 2660 3828 concidunt.
2685 3775 2821 3836 Quae
2844 3779 2912 3827 ut
2936 3775 3114 3828 simul
3135 3774 3492 3829 laudationis
3525 3791 3696 3846 argu-

2058 3867 2257 3916 mento
2280 3867 2654 3924 concurrant,
2678 3862 2921 3916 difﬁcile
2945 3879 3379 3933 operosumque
3405 3865 3699 3918 est.Caate-

2057 3968 2208 4016 rum,
2239 3966 2605 4021 quaecunque
2635 3951 2836 4004 omnia
2885 3951 3011 4005 haec
3061 3951 3400 4022 singulatim
3431 3951 3698 4007 distinxit

2057 4056 2124 4093 ac
2156 4039 2496 4110 percensuit
2537 4039 2744 4105 oratio,
2779 4043 3061 4108 tanquam
3109 4038 3228 4092 feni
3262 4038 3371 4092 tlos
3403 4046 3561 4107 sunt,
3594 4041 3694 4110 qui

2058 4128 2369 4182 marcescit
2399 4132 2456 4180 et
2486 4127 2708 4193 interit,
2741 4133 2842 4181 aut
2885 4127 3044 4181 velut
3074 4128 3440 4198 egregiorum
3470 4129 3695 4182 insom-

2062 4217 2298 4270 niorum
2325 4215 2581 4268 mendax
2612 4221 2668 4268 et
2697 4220 2926 4284 spectro
2957 4214 3171 4268 ludens
3201 4222 3572 4286 conspectus,
3597 4218 3697 4287 qui

2063 4321 2197 4358 mox
2222 4308 2288 4356 ut
2315 4302 2606 4372 apparuit,
2655 4301 2923 4372 diffugit:
2977 4302 3116 4371 quia
3147 4303 3321 4357 citius
3351 4320 3418 4357 ac
3447 4304 3700 4358 breviori

2065 4391 2385 4460 aliquando
2421 4407 2584 4445 mora
2615 4396 3003 4460 pessumeunt
3033 4397 3090 4445 et
3117 4397 3441 4457 mutantur,
3467 4410 3702 4464 unaque

317 4481 432 4546 λως
476 4484 566 4538 καὶ
613 4484 929 4548 ἀκολούθως
977 4491 1084 4541 τῶν
1133 4487 1420 4563 ἐγκωμίων
1450 4490 1549 4556 τήν
1581 4488 1943 4559 ἐκπεπονημέ-

2064 4479 2208 4533 adeo
2242 4495 2443 4534 secum
2477 4483 2872 4533 consentanee
2919 4485 2975 4532 et
3024 4481 3291 4550 apposite
3334 4481 3702 4537 elaboratum

311 4595 408 4644 νην
459 4574 723 4649 ἁρμονίαν
774 4576 863 4630 καὶ
934 4577 1257 4650 σύμπλεξιν,
1326 4579 1423 4634 Σοὶ
1494 4577 1571 4646 δὲ,
1629 4578 1673 4632 ὦ
1728 4578 1957 4652 παρθένε

314 4663 473 4729 σευνή
527 4665 617 4716 καὶ
676 4665 930 4741 σώφρων,
995 4667 1088 4720 καὶ
1125 4667 1327 4741 μάρτυς
1353 4669 1724 4744 τροπαιοφόρε
1780 4687 1838 4720 τε
1867 4666 1955 4720 καὶ

319 4750 574 4820 ἀήττητε,
664 4753 880 4826 εὑρήσει
964 4764 1056 4826 μεν
1114 4755 1140 4808 ὁ
1199 4756 1362 4828 Λόγος
1442 4754 1794 4830 εὐπορώτατοι
1867 4753 1955 4809 καὶ

317 4838 523 4910 ἀκμητὶ
581 4836 749 4913 ἄρδην
835 4843 1224 4914 σεσωρευμένα,
1300 4843 1390 4897 καὶ
1475 4844 1954 4921 συμπεφορημένα,

319 4925 464 4980 ἂνῦν
517 4927 950 4999 κατωνόμασται,
1009 4929 1100 4983 καὶ
1154 4932 1514 5002 θαυμάζουσι,
1570 4931 1659 4985 καὶ
1721 4930 1954 5004 μακαρί-

318 5020 498 5084 ζουσιν
553 5017 853 5092 ἅνθρωποι,
894 5018 983 5072 καὶ
1032 5017 1296 5088 ἀξιόδηλα
1342 5019 1599 5076 τίθενται·
1647 5019 1707 5073 οὐ
1762 5020 1866 5092 μήν
1899 5017 1956 5073 δὲ

315 5102 693 5177 ἀπολλύμενα,
746 5107 837 5159 καὶ
899 5105 1157 5178 λυόμενα,
1219 5107 1307 5161 καὶ
1358 5107 1486 5169 τοὺς
1536 5106 1787 5168 ἐπαίνους
1836 5105 1957 5176 εἰκῆ

316 5197 520 5267 χωρεῖν
574 5193 648 5256 είς
698 5191 828 5266 ἀέρα
876 5194 1363 5268 παρασκευάζοντα.
1429 5197 1490 5249 Ἡ
1559 5196 1661 5270 γὰρ
1709 5201 1807 5264 τῆς
1856 5202 1955 5264 σῆς

313 5279 573 5342 θειώδους
604 5284 789 5354 ψυχῆς
816 5284 1001 5355 ἀρετὴ,
1048 5283 1138 5336 καὶ
1193 5286 1227 5352 ἡ
1281 5284 1411 5358 πρὸς
1456 5285 1548 5338 τὸν
1601 5282 1838 5353 Κτίστην
1871 5285 1954 5338 oi-

311 5366 554 5436 κείωσις,
616 5370 920 5447 συνέσφιγξέ
986 5390 1070 5422 σοι
1145 5372 1229 5424 καὶ
1310 5372 1666 5446 συνετήρησε,
1736 5371 1826 5424 καὶ
1890 5372 1957 5424 τὰ

313 5456 587 5531 προσόντα
614 5456 760 5512 καλά
803 5460 892 5511 καὶ
944 5457 1224 5534 έγκόσμια,
1273 5459 1361 5513 καὶ
1409 5462 1476 5533 τῇ
1537 5461 1729 5532 μνήμῃ
1775 5459 1955 5513 ἀνεπί-

316 5541 516 5613 ληστα,
547 5545 635 5597 καὶ
683 5548 762 5615 τῷ
804 5545 962 5599 παντὶ
1010 5544 1165 5599 αἰῶνι
1215 5543 1623 5622 συνδολιχεύειν
1666 5544 1950 5616 πεποίηκε·

600 5663 869 5724 ΡΑτιιοῐ..
917 5663 1027 5724 Gn.
1072 5663 1278 5727 XCVI.

2063 4567 2472 4622 laudationum
2488 4571 2838 4620 concentum
2855 4572 2911 4621 et
2925 4568 3392 4640 complexionem
3415 4577 3698 4626 evertunt.

2064 4657 2128 4709 In
2163 4662 2217 4710 te
2248 4662 2466 4722 autem,
2501 4673 2533 4709 o
2563 4655 2722 4727 virgo
2754 4661 2916 4710 casta
2957 4662 3015 4710 et
3043 4656 3329 4726 prudens,
3362 4665 3700 4728 martyrque

2066 4752 2283 4816 tropaeo
2332 4745 2552 4815 inclyta
2598 4751 2656 4799 et
2687 4745 2922 4813 invicta,
2956 4751 3169 4800 cuncta
3217 4747 3342 4801 haac
3389 4747 3695 4817 facillime,

2065 4834 2346 4904 nulloque
2377 4834 2600 4900 labore,
2635 4838 2912 4905 congesta
2968 4839 3027 4887 et
3077 4834 3532 4906 conglomerata,
3567 4853 3698 4906 quas

2066 4940 2223 4978 nunc
2256 4922 2547 4977 recensita
2577 4927 2734 4986 sunt,
2762 4923 3154 4993 hominesque
3187 4925 3500 4992 mirantur,
3532 4925 3702 4981 beata

2057 5011 2352 5083 jactitant,
2411 5010 2702 5080 dignaque
2763 5009 2892 5064 luce
2951 5017 3215 5077 censent,
3275 5013 3448 5066 verba
3476 5013 3700 5068 facturo

2065 5105 2408 5165 occurrent;
2434 5117 2543 5153 nec
2565 5105 2764 5153 tamen
2787 5101 3100 5171 ejusmodi.
3123 5108 3189 5156 ut
3217 5111 3464 5173 pereant
3492 5121 3558 5159 ac
3579 5105 3700 5160 dis-

2066 5191 2383 5253 solvantur,
2405 5188 2737 5257 frustraque
2757 5187 2961 5242 laudes
2984 5190 3044 5243 in
3066 5207 3262 5244 acrem
3279 5192 3440 5247 abire
3461 5193 3696 5250 faciant.

2066 5278 2255 5332 Divini
2289 5276 2447 5330 enim
2479 5276 2663 5330 animi
2701 5277 2783 5329 tui
2813 5277 3020 5341 virtus,
3046 5283 3104 5332 et
3130 5295 3261 5332 cum
3285 5281 3558 5336 Creatore
3589 5298 3696 5335 ne-

2065 5364 2541 5432 cessitudo,bona
2562 5364 2777 5434 quibus
2799 5372 3005 5419 ornata
3023 5367 3356 5437 es,ipsaque
3376 5370 3695 5438 mundana,

2069 5455 2171 5510 tibi
2201 5453 2474 5508 astrinxit
2503 5458 2561 5506 et
2591 5454 2971 5522 conservavit,
3003 5455 3336 5525 effecitque,
3369 5464 3433 5512 ut
3463 5474 3571 5512 nec
3597 5475 3695 5511 eo-

2062 5559 2194 5598 rum
2225 5541 2512 5596 memoria
2567 5539 2886 5606 deleretur,
2946 5547 3122 5611 atque
3179 5544 3240 5598 in
3299 5562 3472 5600 omne
3511 5561 3694 5600 aevum

3343 5659 3423 5716 26
