2021 3077
194 131 245 159 811

828 133 858 159 8.
877 132 1027 160 JOANNIS
1044 131 1254 159 DAMASCENI

1831 132 1889 160 812

193 194 304 229 pariter
314 196 519 221 excurrerent:
529 193 661 229 quinimo
675 194 762 229 longe
771 194 859 221 etiam
869 194 996 229 multipli

1070 192 1176 228 μᾶλλον
1193 191 1221 220 δὲ
1242 193 1287 220 καὶ
1313 192 1527 231 ὐπερεπλασίασε
1550 193 1595 220 καὶ
1620 192 1815 230 ὑπερηύξησεν·
1832 195 1891 223 Τοῖ’)

194 239 269 265 cavit
298 241 327 265 et
354 238 519 274 aggeravit:
549 237 651 265 Fidelis
679 238 788 273 quippe
804 246 856 265 esse
882 238 1013 265 mundum

194 286 280 310 totum
295 283 467 314 divitiarum,
497 282 615 316 inﬁdelis
640 290 712 314 vero,
741 291 774 309 ne
795 291 880 309 unum
895 282 1011 316 obolum,

193 327 351 362 Scriptura)
360 326 561 362 pronuntiavit
571 326 834 354 oraculums’.Nam
844 327 1011 362 prmsentia,

194 374 223 398 et
234 371 342 404 futura,
354 373 382 397 et
390 374 506 404 cuncta,
519 379 644 406 quorum
656 374 722 397 tuus
732 379 858 406 sponsus
869 371 1012 398 Dominus

192 417 247 446 est,
263 414 294 441 in
309 414 386 441 dotis
400 417 514 449 partem
527 415 667 442 munifice
679 415 732 441 tibi
746 423 887 442 concessa
902 418 971 442 sunt
984 416 1013 442 et

192 459 311 486 donata.

226 505 270 530 22.
281 504 352 530 Cum
362 503 452 539 igitur
460 503 598 531 adversus
610 504 754 531 humanas
770 504 871 531 laudes
882 504 1011 539 palmam

191 547 330 582 utrinque
347 548 468 579 referas.
483 551 544 575 tum
560 548 673 575 scilicet
689 548 838 575 swcularis
849 548 912 575 vitae
924 548 1012 575 clari-

190 593 328 624 tate,tum
339 592 449 627 insigni
458 592 549 619 animi
560 592 660 620 dotum
672 592 913 627 splendore,quaa
924 592 1010 619 ambo

190 636 325 671 martyrii
343 636 481 663 ﬁrmitate
497 636 676 671 robustaque
684 636 1010 663 constantiaillustrasti

191 682 220 706 et
236 680 342 707 eximie
358 680 514 713 decorasti,
533 681 580 707 abi
606 681 668 715 jam
685 680 816 716 gaudens
828 680 864 707 ad
880 680 1011 707 coelestia

189 731 255 758 quas
265 724 376 751 crebris
385 725 508 751 canticis
519 728 688 759 personant,
698 725 1010 759 tabernacula,relictis

189 768 239 802 qui
256 768 367 795 carnali
380 777 415 796 ex
427 777 476 796 ore
491 769 639 803 prodeunt
651 769 797 804 politioris
812 769 882 796 artis
898 776 1010 796 sermo-

187 811 286 845 nibus,
304 813 416 847 quique
432 821 463 839 se
479 813 571 840 victos
595 813 705 840 diserta
726 822 793 840 voce
817 813 1007 840 confitentur.

188 856 260 882 Cum
277 857 355 883 enim
372 857 511 891 praeclare
524 860 673 891 gestorum
684 857 777 892 gloria
792 860 821 884 et
835 856 1008 892 approbatio

187 908 277 935 supra
291 900 442 927 hominem
458 901 739 936 exsistat,quomodo
751 909 880 936 congrua
895 909 1008 928 eorum-
1023 890 1046 922 Β

186 944 251 971 dem
270 944 399 972 laudatio
414 945 572 972 humanam
588 948 719 972 mentem
732 954 792 972 non
808 945 929 972 excedat
938 944 1007 972 ?Abi

187 996 265 1022 ergo,
280 991 370 1020 casta,
386 989 575 1022 venerabilis,
588 993 617 1017 et
627 990 770 1025 praeclara
785 990 908 1025 virgo,ut
923 997 1007 1024 supe-

186 1032 316 1059 rioribus
338 1033 449 1060 mundo
475 1034 605 1068 przemiis
630 1034 761 1068 potiaris.
785 1034 850 1067 Abi,
874 1034 922 1060 ubi
940 1033 1007 1060 silet

186 1076 291 1108 oratio,
309 1084 411 1103 eorum
428 1085 492 1111 quas
503 1078 644 1104 orationis
655 1078 712 1104 vim
724 1077 1004 1112 excedunt,gloriam

188 1120 264 1147 909
282 1120 387 1147 dill'use
404 1120 502 1155 eloqui
525 1130 584 1148 non
600 1122 710 1148 valens.
726 1122 791 1155 Abi,
808 1122 937 1149 sinceras
952 1122 1005 1149 bo-

188 1172 294 1190 norum
307 1173 371 1199 qum
384 1165 591 1200 cogitationem
603 1168 754 1200 superant,
768 1166 888 1192 delicias
904 1174 1006 1201 perce-

186 1211 282 1242 ptura,
300 1208 349 1235 ubi
366 1208 528 1236 intellectio
545 1210 641 1236 omnis
654 1218 687 1236 ex
698 1210 923 1245 particularibus
936 1210 1004 1237 visis

183 1253 381 1288 cognitionem
392 1253 658 1289 colligens,otiatur
666 1257 694 1281 et
702 1258 784 1281 vacat
795 1255 910 1281 intenta
919 1257 1004 1282 mter-

182 1305 253 1323 num
271 1300 368 1324 mente
381 1298 410 1324 in
423 1298 531 1325 eximia
542 1298 593 1324 illa
604 1307 693 1333 supra
706 1302 842 1326 naturam
854 1302 882 1325 et
893 1299 1004 1326 intelli-

181 1340 290 1376 gibilia.
310 1341 374 1373 Abi,
389 1341 439 1368 ubi
462 1350 562 1369 rerum
588 1343 784 1376 sensibilium,
802 1351 1003 1378 sensuumque

182 1385 314 1420 ipsorum
336 1386 483 1413 multiﬁda
500 1386 631 1421 deceptio
649 1390 678 1413 et
692 1387 801 1422 vertigo
817 1387 916 1419 desiit,
932 1388 1003 1414 abo-

180 1429 293 1464 litaque
307 1432 360 1456 est.
378 1431 483 1465 Recipe
508 1431 643 1458 victrices
667 1432 780 1466 palmas
804 1435 868 1459 tuas
884 1434 913 1459 et
927 1441 1003 1467 pra)-

181 1473 338 1508 magniﬁca
349 1474 589 1509 praamiaﬁecipe
602 1477 651 1502 tua
663 1476 784 1510 praemia
795 1478 823 1502 et
835 1479 1000 1511 stemmata,

179 1525 244 1552 qum
260 1517 330 1551 illis,
344 1518 394 1552 qui
406 1518 512 1545 Christi
526 1527 614 1546 causa
627 1519 841 1546 deccrtaverint
853 1529 885 1547 ac
900 1521 1000 1547 decer~

1067 237 1118 274 γὰρ
1147 239 1253 271 πιστοῦ,
1284 237 1349 269 ὅλος
1378 238 1392 264 ὁ
1421 237 1524 273 κόσμος
1551 239 1605 264 τῶν
1643 237 1807 274 χρημάτων,
1837 240 1888 265 τοῦ

1067 279 1096 307 δὲ
1121 281 1247 317 ἀπίστου,
1271 280 1334 308 οὐδὲ
1363 282 1401 312 εἷς
1432 279 1541 314 ὀϐολὸς,
1570 281 1601 308 τὸ
1628 281 1758 319 γραφικὸν
1781 281 1889 320 ἀπεφή-

1066 335 1129 351 νατο
1145 322 1250 362 λὸγίον.
1276 326 1317 353 Τὰ
1344 324 1475 352 ἐνεστῶτα
1489 325 1552 362 γὰρ,
1568 325 1613 352 καὶ
1627 325 1659 352 τὰ
1675 324 1824 360 μέλλοντα,
1841 327 1885 352 καὶ

1066 367 1173 396 πάντων
1190 369 1226 396 ὧν
1242 369 1256 396 ὁ
1272 369 1317 400 σὸς
1341 368 1463 404 δεσπόζει
1493 369 1619 406 νυμφίος,
1648 369 1690 396 σοὶ
1721 369 1760 400 είς
1787 373 1889 407 προῖκα

1065 413 1224 450 κεχάρισται
1241 414 1284 441 καὶ
1301 412 1464 452 δεδώρηται.

1101 502 1152 539 κβ’.
1171 503 1243 530 Ἐπεὶ
1263 501 1291 529 δὲ
1304 502 1394 530 τοίνυν
1403 503 1593 541 ἀμφοτέρωθεν
1606 503 1674 530 κατὰ
1682 505 1736 530 τῶν
1749 503 1888 541 ἀνθρωπί-

1064 557 1117 573 νων
1130 546 1245 573 ἐπαίνων
1257 548 1290 574 τὰ
1301 548 1447 584 νικητήρια
1454 548 1593 582 κέκτησαι,
1604 549 1638 584 τῇ
1650 558 1678 575 τε
1688 550 1737 574 τοῦ
1747 551 1887 584 κοσμικοῦ

1067 590 1128 627 βίου
1139 590 1280 626 φανότητι,
1293 592 1336 618 καὶ
1347 593 1380 628 τῇ
1392 593 1445 618 τῶν
1457 591 1524 618 κατᾶ
1533 592 1624 629 ψυχὴν
1636 591 1887 628 πλεονεκτημάτων

1065 632 1253 671 λαμπρότητι,
1269 635 1335 672 ἅπερ
1353 635 1434 673 ἄμφω
1457 637 1491 672 τῇ
1505 638 1553 663 τοῦ
1570 636 1717 673 μαρτυρίου
1732 637 1889 674 κατήστρα-

1064 680 1115 714 ψας
1156 678 1200 705 καὶ
1229 679 1413 716 κατηγλάϊσας
1451 679 1619 718 στερρότητι,
1651 680 1725 707 ἄπιθι
1753 681 1889 718 χαίρουσα

1064 723 1132 760 πρὸς
1148 722 1287 759 οὐρανίους
1313 723 1488 759 ὑμνοπόλους
1516 725 1628 760 σκηνὰς,
1653 726 1840 762 καταγείψασα
1857 725 1890 753 ἐκ

1064 766 1190 803 σαρκίνης
1217 768 1438 804 προφερομένους
1476 768 1604 805 γλώττης
1628 768 1886 806 ἐκτετορνευμένους

1064 809 1175 847 λόγους.
1202 810 1246 838 καί
1274 812 1323 845 τὴν
1352 813 1433 846 ἧτταν
1464 814 1540 851 φωνῇ
1567 813 1833 850 καθομολογοῦντας.
1851 815 1884 842 El

1063 855 1113 892 γὰρ
1141 855 1206 892 ὑπὲρ
1235 854 1375 892 ἄνθρωπον
1418 858 1469 884 τῶν
1496 857 1698 893 ἆριστευμάτων
1728 859 1745 892 ἡ
1776 856 1883 885 εὐδοκί-

1064 909 1156 934 μησις,
1181 902 1239 931 πῶς
1262 900 1316 936 οὐχ
1342 900 1408 938 ὑπὲρ
1430 900 1533 928 ἔννοιαν
1562 901 1730 938 ἀνθρωπίνην
1755 902 1771 929 ἀ
1795 903 1885 940 πρόσ-

1061 951 1144 979 φορος
1173 941 1302 978 ἓπαινοςς
1342 944 1437 976 ’Ἄπιθι
1481 946 1584 980 τοίνυν,
1615 946 1700 981 σεμνή
1727 945 1886 984 καλλιπαρ-

1060 987 1126 1021 θὲνε,
1152 989 1205 1013 τῶν
1236 987 1424 1025 ὑπερκοσμίων
1451 991 1536 1026 γερῶν
1568 988 1751 1017 ἀπολαύουσα.
1775 991 1883 1025 "Amet,

1060 1029 1122 1062 ἔνθα
1137 1029 1218 1067 λόγος
1246 1034 1316 1068 σιγᾷ,
1345 1035 1397 1059 τῶν
1428 1032 1494 1070 ὑπὲρ
1524 1031 1606 1070 λόγον
1635 1034 1684 1068 τήν
1702 1032 1777 1068 δόξαν
1794 1032 1882 1069 διεξο-

1061 1074 1142 1105 δικῶς
1172 1075 1255 1102 εἷπεῖν
1285 1076 1316 1102 οὐ
1342 1075 1498 1112 δυνάμενος.
1529 1080 1625 1109 ’Ἄπιθι
1661 1080 1714 1105 τῶν
1745 1078 1809 1113 ὑπὲρ
1838 1077 1880 1105 ἐν-

1060 1117 1176 1153 θύμησιν
1207 1119 1311 1156 ἀγαθῶν
1345 1118 1447 1155 ἡδονῆς
1480 1124 1530 1155 τῆς
1567 1121 1682 1157 ἀκράτου
1723 1122 1880 1158 μεθέξουσα,

1060 1160 1122 1193 ἔνθα
1149 1163 1240 1195 νόησις
1270 1163 1359 1190 ἃπασα
1387 1163 1417 1191 ἐκ
1445 1167 1497 1191 τῶν
1526 1168 1643 1201 μερικῶν
1683 1167 1882 1203 φαντασμάτων

1058 1207 1106 1240 τὴν
1123 1209 1220 1243 γνῶσιν
1250 1206 1411 1243 ἀθροίζουσα
1440 1209 1517 1246 ἀργεῖ
1545 1209 1588 1236 καὶ
1619 1208 1748 1246 σχολάζει
1773 1210 1881 1245 ἁπλῶς,

1057 1252 1104 1277 τοῦ
1119 1253 1166 1277 νοῦ
1183 1251 1300 1283 αἱωνίως
1316 1255 1373 1283 τοῖς
1400 1253 1545 1291 ὑπερφυέσι
1569 1254 1613 1280 καὶ
1638 1257 1746 1289 νοητοῖς
1762 1252 1878 1282 ἐπιϐαλ-

1059 1293 1163 1325 λοντος.
1194 1297 1298 1332 ”Απιοι,
1324 1293 1384 1323 ἔνθα
1408 1299 1461 1324 τῶν
1484 1298 1620 1332 αἰσθητῶν
1634 1298 1677 1325 καὶ
1695 1298 1846 1333 αἰσθήσεων
1861 1300 1879 1333 ἡ

1057 1338 1233 1376 πολυσχιδὴς
1262 1341 1362 1375 ἀπάτη,
1390 1342 1432 1368 καὶ
1462 1342 1595 1380 περιφορά
1624 1342 1757 1369 πέπαυταί
1781 1353 1810 1370 τε
1833 1343 1879 1370 καὶ

1056 1384 1235 1420 κατήργησοιι.
1251 1383 1388 1412 Ἀπόλαϐἐ
1413 1396 1461 1412 σου
1489 1386 1522 1413 τὰ
1550 1387 1676 1421 νικητικὰ
1693 1384 1817 1424 βραδεῖα,
1833 1386 1878 1414 καί

1057 1427 1240 1465 ὑπέρλαμπρα
1254 1428 1319 1465 γέρα
1343 1430 1388 1456 καὶ
1417 1428 1530 1461 ἔπαθλα.
1562 1429 1697 1458 Ἀπόλαϐἐ
1713 1442 1760 1458 σου
1780 1433 1834 1458 τῶν
1848 1431 1880 1458 ὲκ

1054 1473 1111 1502 τοῖς
1125 1472 1279 1508 σκάμμασιν
1309 1471 1431 1509 ἱδρώτων
1461 1474 1506 1500 καὶ
1535 1473 1623 1500 πόνων
1640 1474 1689 1508 τήν
1705 1475 1878 1509 καθήκουσαν

1054 1515 1208 1543 ἀνάπαυλαν
1225 1517 1269 1543 καὶ
1285 1517 1422 1553 ἀνάψυξιν.
1441 1516 1578 1546 Ἀπόλαὸἐ
1606 1528 1653 1545 σου
1678 1519 1711 1545 τὰ
1729 1518 1875 1556 ἐποφειλό-

177 1563 251 1594 tant,
268 1561 460 1597 oppignerata
471 1566 549 1589 sunt.
564 1563 725 1590 Laetissima
738 1564 842 1599 Sponsi
859 1565 956 1600 specie
968 1567 996 1591 et

1055 1569 1121 1595 μενα
1134 1562 1193 1590 τοῖς
1223 1559 1267 1587 διὰ
1294 1561 1411 1597 Χριστὸν
1441 1561 1574 1597 ἀθλήσασι
1592 1561 1636 1589 καί
1653 1561 1780 1589 ἀθλοῦσιν
1794 1574 1875 1598 νικη-

176 1608 328 1633 venustate
344 1606 451 1638 fruere,
463 1615 527 1641 quae
543 1615 597 1634 nec
608 1607 702 1634 verbis
716 1609 823 1640 efferri,
837 1617 890 1635 nec
901 1611 1000 1636 mente

178 1649 292 1684 concipi
308 1652 413 1684 potest.
431 1651 538 1677 Fruere
551 1659 660 1678 arcana
673 1654 701 1678 et
712 1652 836 1686 mystica
852 1653 882 1679 in
898 1661 999 1687 super-

177 1693 288 1721 cmlesti
309 1693 437 1721 thalamo
455 1695 695 1722 confabulatione
719 1699 748 1722 et
772 1697 998 1730 consuetudine,

179 1745 238 1772 qua
253 1738 339 1772 plane
355 1738 430 1765 nihil
445 1738 562 1766 felicius
578 1740 752 1774 beatiusque
769 1743 822 1766 est.
840 1740 918 1767 Nihil
934 1740 997 1775 tibi,

177 1790 286 1817 sponsa
301 1782 420 1815 Christi,
436 1791 471 1810 ex
486 1784 636 1818 praeclaris
656 1784 837 1811 facinoribus
852 1785 997 1820 virginum

174 1826 326 1862 lampades
340 1828 530 1863 gestantium.
542 1829 578 1855 ad
595 1829 782 1864 splendorem
799 1829 995 1863 desideratur;

173 1874 205 1898 ut
220 1880 284 1906 quae
297 1872 446 1899 Christum
458 1881 600 1908 sponsum
613 1883 701 1908 supra
712 1874 833 1901 modum
845 1874 996 1907 dilexeris,

171 1915 312 1951 illiusque
325 1917 435 1944 amoris
444 1917 593 1944 illecebris
604 1920 689 1953 capta
698 1919 755 1945 sis:
767 1921 886 1953 prooter
896 1927 995 1953 quem,

172 1967 233 1986 non
249 1959 344 1986 solum
361 1962 461 1987 omnia
485 1961 628 1988 arbitrata
644 1970 674 1988 es
690 1962 732 1988 uti
750 1965 880 1989 stercora
894 1962 926 1995 ⁵³,
944 1962 995 1989 sed

173 2005 203 2030 et
213 2004 337 2038 propriae
350 2005 414 2031 vitae
427 2008 455 2031 et
466 2005 574 2032 animae
584 2006 681 2040 ipsum
694 2006 778 2040 cujus
789 2006 936 2033 desiderio
948 2015 995 2033 ar-

173 2047 273 2079 debas,
285 2048 461 2076 antetulisti-
471 2050 562 2081 Quam
575 2050 705 2085 legitime
716 2050 874 2077 admodum
884 2050 994 2078 bonum

171 2094 321 2119 certamen
337 2093 467 2127 certasti,
481 2097 569 2129 atque
590 2094 742 2122 immotam
760 2094 849 2121 fidem
865 2094 993 2122 mutabi-

172 2135 251 2162 libus
275 2136 509 2172 periculosisque
535 2138 718 2174 temporibus
735 2138 873 2166 servastil
901 2139 993 2171 Quam

170 2179 254 2206 valde
270 2180 424 2213 inoil‘ense.
437 2190 469 2208 ac
483 2182 546 2209 sine
559 2182 721 2217 obstaculo,
738 2183 856 2218 pietatis
872 2191 992 2210 cursum

171 2225 402 2251 consummastit
420 2226 511 2257 Quam
529 2226 654 2253 multum
671 2227 787 2258 acerba,
803 2227 992 2260 duraque,ac

170 2275 259 2302 supra
271 2268 440 2295 mortalium
453 2269 622 2296 facultatem
633 2270 747 2297 inﬂicta
761 2269 813 2296 tibi
830 2269 867 2296 ob
883 2270 990 2297 Christi

170 2311 359 2339 dilectionem
378 2315 525 2340 tormenta
541 2316 600 2340 toto
616 2314 727 2346 animo,
741 2322 915 2348 summaque
929 2314 990 2341 ala-

168 2355 271 2382 critate
281 2357 461 2384 sustinuisti!
475 2357 803 2392 Quamobremjustitiaa
816 2357 866 2384 tibi
881 2366 990 2385 corona

167 2400 297 2433 reposita
311 2404 364 2430 est,
382 2409 469 2435 quam
484 2409 549 2428 eum
568 2401 654 2436 digne
670 2401 866 2433 contexueris,
884 2402 913 2428 in
930 2410 988 2429 cm-

167 2442 290 2470 lestibus
306 2447 446 2471 coronata
463 2453 494 2471 es
507 2445 538 2471 5!.
556 2446 591 2471 At
608 2453 644 2471 ne
661 2445 708 2471 hic
722 2445 840 2480 quidem
856 2445 987 2472 Christus

167 2487 287 2520 praamio
302 2490 327 2514 te
338 2496 458 2515 vacuam
470 2488 600 2522 reliquit:
612 2489 719 2523 quippe
729 2490 777 2524 qui
790 2489 906 2516 dixerit:
921 2491 987 2517 Vivo

168 2538 225 2564 ego,
242 2531 289 2556 scd
309 2531 492 2564 gloriﬁcantes
509 2540 550 2558 me
562 2533 719 2566 glori/icabo
730 2533 762 2560 ⁵³.
778 2534 985 2567 Quamobrem,

169 2573 245 2600 sicut
259 2574 438 2608 promissum
454 2578 507 2607 est,
524 2576 554 2602 in
570 2579 619 2603 tuo
635 2577 760 2612 lavacro,
777 2577 826 2605 ubi
839 2578 929 2605 etiam
943 2585 987 2604 re-

168 2616 269 2651 liquim
285 2620 342 2645 tuas
359 2622 437 2652 sunt,
450 2619 480 2646 in
497 2620 599 2647 ﬁdeles
616 2621 665 2655 qui
682 2621 718 2648 ad
735 2622 815 2657 ipsas
829 2622 984 2655 accedunt,

180 2660 304 2689 aticibus
320 2662 498 2697 copiosores,
515 2664 612 2692 omnis
627 2666 743 2701 generis
759 2666 984 2702 aegrotationum

1055 1603 1124 1641 φόρα
1140 1604 1291 1640 στέμματα,
1306 1605 1350 1631 καὶ
1377 1606 1528 1642 μαρτυρικᾶ
1554 1604 1719 1642 διαδήματα.
1737 1606 1875 1634 Ἀπόλαυε

1053 1650 1103 1681 τῆς
1147 1650 1195 1675 τοῦ
1242 1649 1368 1686 Νυμφίου
1417 1650 1600 1688 ἀνεκφράστου
1632 1651 1676 1677 καὶ
1711 1651 1873 1685 ἀνεννοήτου

1054 1690 1169 1728 ἀγλαίας
1182 1692 1225 1719 καὶ
1257 1692 1436 1729 ὡραιότητος.
1465 1694 1602 1721 Ἀπόλαυι
1626 1698 1674 1728 τῆς
1692 1694 1717 1721 ἐν
1730 1697 1770 1730 τῷ
1787 1695 1874 1731 ὑπερ-

1053 1735 1171 1772 ουρανίῳ
1198 1738 1319 1774 νυμφῶνι
1345 1737 1502 1774 ἀπορρήτου
1528 1737 1572 1763 καὶ
1604 1741 1735 1773 μυστικῆς
1762 1737 1874 1773 ὁμιλίας

1052 1779 1095 1806 καὶ
1110 1780 1265 1817 συναφείας,
1291 1781 1323 1814 ἧς
1348 1779 1432 1812 ὅντως
1461 1780 1538 1808 οὐδὲν
1566 1779 1733 1818 ὀλϐιώτερον
1758 1782 1803 1809 καί
1822 1793 1874 1817 μει-

1051 1824 1215 1860 καριώτερον
1231 1823 1355 1862 πέφυκεν.
1386 1823 1469 1852 Οὐδέν
1499 1836 1540 1851 σοι
1567 1827 1618 1852 τῶν
1646 1824 1777 1862 ὑπερλίαν
1796 1825 1874 1853 εὐδο-

1050 1868 1208 1902 κιμηκότων
1251 1867 1514 1905 ἀνδραγαθημάτων,
1557 1871 1609 1895 τῶν
1644 1868 1873 1907 λαμπαδηφόρων

1049 1911 1201 1948 παρθένων,
1217 1910 1238 1938 ὦ
1254 1911 1346 1951 νῦμιρη
1378 1913 1506 1949 Χριστοῦ,
1534 1913 1602 1948 πρὸς
1631 1911 1753 1940 εὔκλειαν
1771 1913 1875 1941 ἀπολέ-

1050 1953 1169 1988 λειπται,
1196 1956 1233 1986 ὡς
1264 1956 1395 1993 ὑπεράγαν
1424 1957 1469 1983 τὸν
1497 1957 1613 1994 νυμφίον
1630 1958 1745 1993 Χριστὸν
1762 1957 1873 1995 ἀγαπή-

1048 2010 1124 2032 σασα,
1141 2000 1184 2026 κοιί
1200 1999 1296 2027 τούτου
1321 2000 1537 2038 καταθελχθεῖσα
1561 1999 1651 2038 ἔρωτι.
1669 2002 1707 2028 Δι’
1723 2001 1755 2028 αὗ
1772 2002 1802 2029 οὗ
1821 2002 1872 2037 μό-

1047 2054 1093 2071 νον
1110 2045 1212 2071 ἐίπαντα
1240 2044 1383 2082 λελόγισαι
1414 2043 1544 2080 σκύϐαλα,
1573 2046 1645 2073 ἀλλὰ
1673 2046 1782 2080 καὶτῆς
1800 2045 1872 2078 ἰδίας

1049 2090 1121 2122 ζωῆς
1147 2088 1191 2115 καὶ
1215 2090 1307 2126 ψυχῆς
1323 2089 1367 2116 τὸν
1397 2089 1566 2126 ποθούμενον
1594 2090 1807 2127 προτετίμηκας.
1824 2091 1872 2122 Ὦς

1048 2131 1109 2160 λίαν
1140 2132 1261 2168 ἒννύμῶς
1291 2133 1336 2159 τὸν
1366 2133 1449 2160 καλὸν
1480 2134 1569 2171 ἀγῶνα
1585 2134 1789 2172 ἡγώνισαι,καὶ
1817 2136 1871 2168 τὴν

1046 2177 1135 2203 πίστιν
1162 2177 1315 2213 τετήρηκας
1343 2175 1485 2214 ἄτρεπτον,
1516 2178 1542 2205 ἐν
1569 2181 1675 2214 καιροῖς
1697 2181 1825 2215 τρεπτοῖς
1842 2188 1874 2205 τε

1045 2221 1089 2247 καὶ
1119 2219 1315 2248 κινδυνώδεσιί
1345 2221 1389 2252 Ὠς
1419 2221 1479 2249 λίαν
1508 2222 1704 2258 ἀπροσκόπτως
1718 2222 1764 2249 καὶ
1788 2222 1871 2258 ἀνεμ-

1047 2263 1181 2295 ποδίστως
1200 2264 1244 2291 τὸν
1275 2263 1376 2301 δρόμον
1405 2268 1455 2300 τῆς
1485 2263 1619 2296 εὐσεϐείας
1647 2264 1868 2298 τετὲλεκαςίὯς

1045 2307 1104 2336 λίαν
1122 2309 1232 2345 ἀλγεινά
1258 2309 1302 2336 καὶ
1333 2308 1463 2346 ὀδυνηρὰ,
1491 2310 1535 2337 καὶ
1565 2310 1630 2346 ὑπὲρ
1658 2309 1773 2346 δύναμιν
1792 2311 1865 2347 βρο-

1043 2353 1115 2380 τείαν
1135 2353 1251 2386 ὑπέστης
1279 2353 1313 2379 τὰ
1334 2352 1509 2390 ἐπενεχθέντα
1539 2364 1581 2380 σοι
1608 2353 1652 2381 διὰ
1680 2355 1729 2388 τήν
1746 2354 1784 2385 είς
1802 2364 1864 2392 χρι-

1043 2397 1105 2424 στὸν
1121 2397 1226 2433 ἀγάπην
1258 2397 1453 2435 βασανιστήρια
1484 2398 1632 2434 ὀλοψόχως
1660 2398 1704 2425 καὶ
1722 2400 1867 2435 προθυμό-

1042 2452 1118 2469 τατα.
1133 2440 1278 2478 Τοιγάρτοι
1295 2441 1338 2468 καὶ
1360 2442 1373 2468 ὁ
1400 2445 1450 2476 τῆς
1467 2440 1637 2476 δικαιοσύνης
1655 2453 1696 2469 σοι
1722 2443 1865 2470 ἀπόκειται

1043 2486 1182 2524 στέφανος,
1211 2486 1289 2520 ὅνπερ
1320 2485 1400 2520 ἀξίως
1430 2485 1632 2522 ἀναδησαμένη,
1660 2486 1685 2513 ἐν
1708 2489 1765 2517 τοῖς
1782 2486 1865 2514 ἐπου-

1043 2530 1142 2566 ρανίοις
1158 2530 1328 2565 κατέστεψαι.
1345 2529 1419 2557 Ἀλλ’
1449 2529 1507 2557 οὐδ’
1536 2530 1658 2565 ἐνταῦθα,
1675 2530 1818 2558 κατέλιπέν
1835 2541 1863 2558 σε

1041 2574 1154 2609 Χριστὸς
1168 2573 1324 2610 ἀγέραστον.
1356 2576 1398 2609 Ζῷ
1421 2574 1471 2611 γὰρ
1499 2573 1562 2612 ἐγὼ,
1592 2574 1684 2612 φησὶν,
1713 2575 1787 2602 ἀλλᾶ
1800 2575 1865 2607 τοὺς

1042 2617 1200 2653 δοξάζοντάς
1232 2627 1265 2653 με
1294 2616 1407 2652 δοξάσω.
1448 2618 1532 2652 Διότι,
1564 2618 1653 2650 καθὼς
1683 2618 1865 2657 ἐπήγγελται,

1040 2663 1067 2690 ἐν
1082 2664 1121 2698 τῷ
1137 2661 1177 2697 σῷ
1205 2658 1349 2698 κολύμϐῳ,
1379 2660 1442 2694 ἔνθα
1465 2662 1509 2689 καὶ
1536 2663 1570 2690 τὰ
1598 2662 1664 2700 τίμά
1685 2673 1732 2691 σου
1749 2662 1865 2700 λειψανα

205 2765 226 2784 ¹ί
242 2766 326 2795 Prov.
344 2776 410 2803 xvn,
425 2769 452 2802 6,
469 2776 527 2796 sec.
543 2769 624 2797 LXX.
641 2771 663 2788 ¹²
681 2771 808 2808 Philipp.
825 2779 866 2806 ιιι,
883 2772 909 2798 8.
926 2770 963 2788 δ”
975 2771 996 2798 Η

1058 2777 1096 2797 m.
1112 2777 1150 2804 ιν,
1165 2770 1192 2803 '7,
1209 2769 1235 2797 8.
1251 2768 1275 2786 ⁸³
1288 2767 1302 2795 Ι
1316 2767 1385 2803 Reg.
1400 2775 1430 2802 ιι,
1447 2768 1490 2796 30.
