4042 6154
329 318 436 373 813

1462 314 1827 372 LAUDATIO
1861 317 1919 371 Β.
1959 317 2318 372 BARBARE
2356 317 2580 372 MART.

3609 316 3712 372 8H

321 439 440 496 τοῖς
469 435 685 494 πιστοῖς
713 427 1211 506 προσπελάζουσιν,
1245 428 1375 500 ὗπὶρ
1433 432 1644 502 νάματα
1697 430 1848 506 βρύει
1899 431 1967 486 τὰ

2085 434 2363 488 sanitates
2407 432 2758 497 scaturiunt,
2817 432 3118 504 pestisque
3177 433 3497 500 ulceribus,
3531 433 3717 488 aliove

321 527 434 577 τῶν
483 517 841 575 παντοδαπῶν
901 516 1342 593 ἀρρωστημάτων
1426 519 1661 590 ἰάματα,
1721 519 1809 572 καὶ
1860 523 1966 572 τῶν

325 607 512 666 ἕλκεσι
544 609 849 680 λοιμικοῖς,
879 608 913 674 ἢ
948 607 1100 680 ἑτέρᾳ
1142 605 1286 678 νόσῴ
1343 607 1679 678 καμνόντων,
1737 608 1826 660 καὶ
1860 607 1968 661 ἑτέ-

336 719 454 774 ροις
491 695 730 769 μώλωψι
778 695 1264 768 κατοτρυχομένων
1312 695 1380 748 τὰ
1430 697 1678 767 σώματα,
1732 700 1835 748 τῶν
1865 716 1974 750 σω-

327 787 541 860 τηρίων
575 781 782 838 ὑδάτων
810 782 1076 855 ἁψάμενα,
1109 785 1298 836 Θᾶττον
1353 783 1634 856 θανασίμῳ
1683 783 1970 837 ἀπονίπτε-

325 895 417 929 ⁴ται
449 874 741 945 νοσήματι.
806 873 907 928 Καὶ
957 867 1096 925 ἔστιν
1156 876 1271 932 τοῖς
1321 871 1652 946 περιοίκοις,
1709 873 1797 926 καὶ
1858 878 1972 931 τοῖς

331 961 542 1034 μακράν
577 982 682 1014 που
714 959 1116 1031 ἀπῳκισμένοις
1153 960 1180 1013 ὁ
1209 960 1376 1019 τόπος
1435 959 1705 1031 ἐπίσημός
1768 981 1825 1015 τε
1880 958 1970 1016 καὶ

327 1044 648 1118 διαϐόητος,
682 1047 772 1102 καὶ
812 1047 948 1120 πρὸς
979 1046 1258 1120 θεραπείαν
1313 1052 1430 1107 τοῖς
1490 1047 1758 1120 χρῄζουσι
1816 1070 1972 1123 περι-

326 1133 691 1197 σπούδαστος.
727 1135 830 1191 Καὶ
864 1134 962 1189 οὐκ
1018 1134 1068 1188 ἦν
1127 1133 1314 1206 ἐκείνῳ
1375 1134 1538 1207 μόνον
1594 1141 1674 1207 τῷ
1724 1136 1896 1212 χώρῳ
1933 1140 1967 1208 ἢ

327 1246 416 1280 σοι
450 1222 808 1300 δεδωρημένη
840 1223 1110 1292 καλλονή,
1140 1223 1228 1276 καὶ
1288 1223 1450 1298 χάρις
1500 1224 1760 1296 ἷαματιοιή
1815 1247 1970 1301 περι-

327 1311 654 1388 γέγραπται,
685 1309 832 1365 ἀ).λά
887 1309 977 1364 καὶ
1029 1314 1144 1372 τοῖς
1199 1318 1446 1384 πανταχῆ
1504 1315 1604 1381 τῆς
1645 1312 1968 1385 οἰκουμένης

329 1401 469 1475 μετὰ
500 1403 708 1476 θερμῆς
740 1421 828 1454 σοι
860 1404 1146 1474 προσιοῦσι
1203 1406 1303 1466 τῆς
1361 1400 1613 1468 πίστεως,
1645 1402 1733 1455 καὶ
1788 1402 1851 1456 τὸ
1883 1403 1972 1456 σὸν

323 1489 542 1559 ἐτήσιον
605 1487 886 1543 ἐκτελοῦσι
949 1486 1318 1559 μνημόσυνον,
1376 1488 1442 1542 τὰ
1501 1487 1756 1561 λοιμώδη
1811 1501 1965 1563 θερα-

325 1577 549 1633 πεύεται
578 1575 880 1651 τραύματα,
930 1575 1019 1630 καὶ
1077 1575 1254 1645 πάσης
1312 1575 1532 1644 ἡλικίας
1567 1579 1601 1645 ἡ
1662 1574 1838 1646 ἀηδὴς
1864 1599 1967 1653 φυ-

2081 522 2286 577 morbo
2319 522 2671 588 laborantia,
2699 522 2948 592 aliisque
2977 522 3163 593 plagis
3195 522 3460 576 confecta
3486 527 3543 575 et
3564 522 3721 575 tabe-

2083 612 2309 666 scentia
2339 626 2602 681 corpora,
2627 610 2972 665 salutarium
3005 627 3290 680 aquarum
3323 615 3564 675 attactu,
3599 609 3717 663 exi-

2083 699 2208 754 tiali
2231 700 2582 770 quantocius
2608 699 2812 753 morbo
2832 699 3264 770 absterguntur.
3290 700 3506 768 Estque
3530 697 3714 762 locus,

2081 793 2205 843 tum
2235 789 2465 854 vicinis,
2497 793 2620 842 tum
2652 788 2892 842 remotis
2920 787 3189 850 illustris,
3222 804 3288 841 ac
3318 785 3715 840 celebratissi-

2080 893 2212 930 mus
2241 876 2359 929 illis
2392 881 2482 930 est
2510 876 2608 946 qui
2641 876 2946 929 curatione
2979 874 3263 946 indigent.
3292 876 3405 928 Nec
3437 873 3540 926 illo
3563 873 3712 926 dun-

2079 969 2240 1019 taxat
2257 964 2387 1018 loco
2411 979 2691 1018 concessa
2712 963 2818 1016 tibi
2842 963 3077 1017 claritas
3110 968 3166 1016 et
3197 963 3513 1016 sanitatum
3532 961 3718 1032 gratia

2081 1052 2327 1106 deﬁnita
2359 1059 2446 1105 est
2471 1070 2483 1117 ;
2518 1051 2621 1106 sed
2647 1057 2704 1105 et
2730 1051 2801 1105 iis
2828 1051 3002 1104 etiam
3028 1051 3126 1119 qui
3159 1051 3299 1104 orbe
3333 1056 3449 1104 toto
3473 1049 3716 1104 ferventi

2080 1141 2196 1195 fide
2228 1145 2283 1194 te
2311 1140 2546 1207 adeunt,
2586 1139 2784 1209 tuique
2829 1139 3177 1194 memoriam
3239 1138 3549 1192 annuatim
3615 1154 3715 1190 co-

2079 1227 2231 1294 lunt,
2264 1228 2514 1300 benigne
2565 1233 2844 1282 curantur
2882 1227 3064 1298 pestis
3095 1227 3368 1290 vulnera;
3404 1225 3716 1293 omnisque

2079 1318 2268 1372 astatis
2287 1317 2476 1390 gravis
2509 1317 2812 1372 calamitas
2848 1315 3194 1369 etmolestia
3222 1314 3465 1385 aufugit,
3497 1329 3564 1368 ac
3595 1313 3712 1367 daa-

2077 1422 2324 1461 monum
2355 1405 2613 1460 assultus
2645 1403 3208 1460 comminationibus
3243 1403 3357 1456 tuis
3395 1402 3671 1473 fugantur
3698 1418 3712 1468 ;

2079 1493 2242 1548 omni
2277 1493 2531 1564 denique
2564 1492 2826 1563 periculo
2859 1497 2917 1546 et
2945 1491 3186 1546 adverso
3205 1507 3344 1545 casu
3360 1489 3713 1553 liberantur,

2081 1582 2181 1652 qui
2214 1587 2374 1637 tuam
2405 1582 2700 1636 vindicem
2731 1597 2904 1650 opem
2934 1580 3222 1634 invocant.

325 1663 611 1742 γαδεύεται
671 1667 872 1737 σκῆψις
924 1664 1014 1718 καὶ
1076 1659 1334 1737 ὄχλησις,
1414 1663 1671 1738 ένέργειαί
1731 1686 1789 1720 τε
1847 1664 2231 1738 δαιμονιώδεις
2301 1675 2420 1731 τοῖς
2506 1674 2621 1729 σοῖς
2677 1662 3093 1741 έμϐριμήμασιν
3171 1664 3586 1720 ἀπελαύνονται·
3649 1665 3712 1720 οὗ

331 1755 443 1827 μὴν
505 1752 651 1808 ἀλλὰ
720 1753 808 1808 καὶ
863 1753 1076 1807 πάντων
1135 1750 1520 1827 ἐκλυτροῦνται
1565 1751 1829 1808 κινδύνων
1895 1755 1982 1810 καὶ
2038 1756 2420 1832 περιστάσεων,
2481 1756 2532 1812 οτί
2576 1777 2631 1811 σε
2660 1757 2796 1832 πρὸς
2850 1755 3058 1829 ἃμυναν
3114 1755 3395 1830 ἐπίκουρον
3476 1775 3713 1830 προσκα-

323 1842 610 1914 λούμενοι.

396 1933 496 2005 κγ’.
559 1931 648 1998 Μὴ
720 1929 898 1984 τοίνυν
958 1927 1172 2002 Αείπῃς,
1225 1928 1358 2002 ἆγνή
1445 1928 1779 2003 ἀειπάρθενε,
1838 1930 2039 2000 τοὺςΒ

327 2017 458 2080 σοὺς
504 2017 873 2073 ἐποπτεύουσα
929 2021 1202 2089 συμπαθεῖ
1253 2021 1332 2088 τῷ
1385 2017 1660 2091 βλέμματι
1719 2019 1965 2095 πρόσφυ-

321 2128 446 2183 γας,
480 2105 744 2162 ἀλλὰκαὶ
800 2107 891 2160 τὸν
941 2105 1095 2160 τουτί
1154 2127 1236 2160 σοι
1291 2107 1792 2182 προσπεφωνηκότα
1823 2107 1971 2162 εύτε-

330 2194 448 2265 λὶς,
477 2196 564 2250 καὶ
593 2192 844 2264 ἐξίτηλον
875 2201 974 2262 τῆς
1009 2192 1284 2271 εὐφημίας
1335 2191 1634 2269 λογίδριον,
1674 2195 1966 2270 παραπολὺ

336 2285 433 2356 μὶν
463 2287 560 2351 τῆς
590 2290 689 2352 σῆς
722 2283 1055 2358 ὑπερφεροῦς
1096 2284 1246 2352 ἀξίας
1303 2281 1762 2354 ἀπολειπόμενον,
1824 2285 1968 2339 εύτε-

330 2372 465 2434 λοῦς
497 2370 555 2427 δὲ
584 2372 894 2447 προθυμίας
923 2372 1022 2426 οὐκ
1053 2369 1273 2426 ἔλαττον
1307 2371 1452 2442 αύτῷ
1507 2374 1964 2448 πεφροντισμένον

329 2461 470 2533 πρὸς
522 2457 773 2532 δύναμιν,
833 2460 1080 2531 ἀσμένως
1135 2463 1234 2523 τῆς
1288 2459 1656 2534 προαιρέσεως
1704 2457 1965 2530 ἀποδέξω,

330 2549 423 2604 καὶ
478 2550 771 2619 συμπαθῶς
839 2547 1289 2618 έπικαμπτομένη
1373 2548 1462 2601 καὶ
1520 2547 1854 2616 έπινεύουσα,
1906 2551 1969 2604 τὸ

336 2637 677 2713 βραχύτατον
711 2635 884 2710 δῶρον
945 2637 1231 2711 προσίεσο,
1264 2637 1337 2696 ὡς
1363 2637 1390 2690 ὁ
1424 2638 1515 2698 σὸς
1573 2637 1809 2713 νυμφίος
1839 2642 1970 2710 Χρι-

331 2725 458 2784 στὸς
477 2725 544 2778 τὰ
573 2722 668 2777 δύο
698 2723 869 2778 λεπτα
897 2724 1041 2798 παρᾶ
1099 2731 1200 2792 τῆς
1257 2723 1520 2798 πενιχρᾶς
1553 2727 1730 2798 χήρας
1789 2746 1969 2797 προσ-

341 2812 537 2881 ήκατο,
571 2810 631 2864 οὐ
656 2814 720 2883 τῇ
762 2815 856 2866 τοῦ
916 2808 1206 2883 διδομένου
1262 2809 1545 2879 ποσότητι,
1578 2818 1675 2880 τῆς
1734 2832 1973 2889 προσερε-

341 2897 542 2972 ρούσῃς
574 2895 631 2952 δὲ
675 2900 900 2973 γνώμης
955 2898 1352 2973 προσεσχηκὼς
1409 2903 1475 2972 τῇ
1533 2900 1806 2969 ποιότητι.
1867 2900 1971 2956 Εὕ-

338 3004 496 3060 ροιμι
529 2983 586 3041 δέ
609 3007 666 3041 σε
694 2987 782 3041 καὶ
839 2991 946 3041 τῶν
997 2986 1143 3059 ἐμῶν
1201 2990 1451 3061 ψυχικῶν
1505 2989 1592 3042 καί
1648 2994 1971 3059 σωματικῶν

341 3073 636 3147 μωλώπων
695 3082 940 3150 προσηνῆ
1001 3075 1406 3149 θεραπεύτριαν,
1465 3076 1553 3130 καὶ
1610 3078 1804 3140 πάσαις
1855 3081 1973 3138 ταῖς

330 3169 736 3238 περιστατικαῖς
805 3161 1019 3237 θλίψεσι
1079 3162 1432 3235 ἑτοιμοτάτην
1482 3162 1831 3238 προστάτιδαο
1881 3167 1971 3220 καί

2141 1937 2228 1989 23.
2263 1938 2342 1990 Ne
2377 1953 2571 1992 cesses
2603 1935 2800 2007 igitur,
2834 1938 2995 1989 casta
3035 1934 3096 1987 in
3148 1937 3496 2002 perpetuum
3527 1931 3704 2003 virgo,

2076 2023 2381 2079 miseranti
2415 2029 2654 2095 aspectu
2671 2040 2768 2078 eos
2799 2023 2899 2093 qui
2925 2022 2998 2077 ad
3023 2028 3076 2074 te
3101 2021 3713 2091 confugiunt,intueri,

2079 2111 2181 2165 sed
2215 2117 2273 2165 et
2304 2128 2436 2166 eum
2469 2112 2570 2181 qui
2611 2113 2672 2165 in
2733 2111 2820 2165 tui
2880 2109 3138 2170 laudem,
3172 2123 3414 2178 egenam
3473 2108 3625 2162 hanc
3660 2111 3719 2160 et

2080 2200 2290 2253 exilem
2306 2198 2900 2254 declamatiunculam
2918 2196 3460 2268 pronuntiavit,tuaa
3475 2195 3715 2264 quidem

2078 2287 2308 2342 eximias
2327 2287 2781 2358 dignitatilonge
2807 2287 3114 2356 imparem,
3148 2284 3256 2339 etsi
3289 2284 3497 2356 exiguo
3530 2283 3714 2337 animi

2080 2375 2288 2430 ardore
2338 2377 2523 2429 nihilo
2548 2377 2738 2430 secius
2769 2391 2873 2445 pro
2913 2373 3066 2427 virili
3096 2377 3451 2438 accuratam,
3485 2388 3588 2441 pro
3622 2388 3718 2425 vo-

2077 2463 2324 2518 luntalis
2356 2465 2566 2518 merito
2598 2464 2853 2534 benigne
2873 2463 3030 2516 9H)
3051 2461 3211 2526 audi,
3245 2461 3715 2529 clementiusque

2078 2551 2668 2617 inﬂexaetannuens,
2703 2551 3089 2621 perexiguum
3130 2548 3713 2603 munusculumacci-

2078 2639 2704 2709 pe;quemadmodum
2748 2654 2999 2708 sponsus
3041 2642 3174 2689 tuus
3205 2637 3470 2689 Christus
3491 2637 3717 2690 minuta

2080 2726 2195 2781 duo
2209 2727 2706 2796 approbavit,quaa
2722 2725 3082 2796 paupercula
3096 2724 3268 2778 vidua
3280 2723 3341 2776 in
3354 2724 3456 2777 Dei
3472 2740 3719 2778 munera

2079 2812 2344 2878 miserat,
2371 2828 2504 2866 cum
2523 2829 2642 2866 non
2665 2811 2784 2866 dati
2835 2811 3249 2880 quantitatem,
3284 2809 3383 2864 sed
3416 2811 3716 2864 offerentis

2081 2901 2264 2955 animi
2279 2902 2555 2955 affectum
2588 2901 2920 2955 attenderet
2937 2899 3305 2953 “.Inveniam
3323 2915 3456 2952 vero
3469 2903 3525 2952 te
3540 2899 3717 2953 etiam

2081 2990 2642 3060 animasetcorporis
2671 2989 2989 3043 vulnerum
3018 2988 3333 3059 benignam
3348 2988 3716 3055 curatricem,

2082 3079 2263 3150 inque
2293 3081 2452 3135 omni
2486 3080 2730 3134 adverso
2762 3095 2902 3132 casu
2919 3084 2978 3132 et
2997 3077 3317 3131 afﬂictione
3340 3076 3720 3146 promptissi-

2083 3185 2240 3222 mam
2273 3175 2605 3239 patronam.
2631 3169 2961 3221 Affectuum
2995 3181 3229 3236 quoque
3260 3165 3514 3235 impetus
3547 3168 3604 3217 et
3633 3162 3721 3217 la-

336 3272 442 3325 μου
471 3256 581 3306 τῶν
626 3256 812 3316 παθῶν
873 3254 1092 3322 στήσοις
1147 3251 1400 3328 γαληνῶς
1465 3253 1559 3314 τὰς
1631 3254 1824 3327 ὁρμὰς,
1881 3256 1971 3309 καὶ

2087 3257 2398 3312 scivientes
2431 3263 2628 3311 motus
2653 3255 2972 3326 tranquille
3003 3255 3197 3320 sistas,
3215 3271 3328 3324 quo
3356 3253 3531 3308 vitam
3556 3251 3629 3307 ad
3652 3268 3720 3307 ea

334 3342 698 3416 σκιρτήματα,
728 3341 819 3394 ἳνα
874 3341 963 3395 καὶ
1015 3341 1106 3395 τὸν
1169 3338 1285 3415 βίον
1319 3341 1455 3414 πρὸς
1483 3338 1516 3394 ἄ
1561 3338 1642 3394 δεῖ
1686 3340 1974 3416 ῥυθμίσας,

334 3431 426 3484 καὶ
456 3431 550 3485 τὸν
581 3431 846 3502 κοσμικὸν
881 3428 1296 3503 ἀναχειμάστως
1351 3428 1656 3502 περαιώσας
1702 3427 1976 3498 κλύδωνα,

337 3519 476 3592 πρὸς
510 3519 654 3586 ζωὴν
705 3517 805 3584 τὴν
861 3519 1070 3589 ἀγήρω,
1119 3517 1209 3570 καὶ
1267 3515 1462 3588 λιμένα
1513 3519 1781 3590 σωτήριον
1810 3537 1981 3591 προσ-

343 3607 601 3679 ορμίσας,
629 3606 862 3682 τύχοιμι
894 3603 982 3659 διὰ
1012 3609 1106 3659 σοῦ
1136 3604 1222 3659 ἐπὶ
1274 3610 1391 3666 τοῖς
1435 3604 1692 3680 ἀμέτροις
1723 3613 1980 3678 πλημμε-

347 3693 583 3766 λήμασι,
612 3698 709 3749 τοῦ
738 3698 922 3748 κοινοῦ
959 3693 1046 3748 καὶ
1093 3691 1476 3767 εύσπλάγλνου
1530 3698 1739 3766 κριτοῦ,
1798 3694 1981 3770 ἀφιέν-

341 3804 434 3845 τος
472 3783 685 3855 μᾶλλον
716 3785 806 3838 καὶ
837 3787 1252 3857 συγχωροῦντος
1287 3780 1376 3836 διὰ
1430 3785 1528 3851 τὴν
1573 3779 1858 3857 πρεσϐείαν
1888 3784 1979 3838 καὶ

342 3869 596 3942 ἔντευξιν,
625 3869 735 3942 ἤδη
767 3873 867 3940 τήν
899 3871 1036 3943 έμὴν
1092 3870 1352 3946 ῥᾳθυμίαν
1408 3869 1629 3932 ἐνδίκως
1673 3875 1982 3949 καταψηφι-

347 3962 583 4033 σαμένου
610 3962 697 4015 καὶ
732 3961 1162 4035 κατακρίνοντος,
1218 3965 1347 4013 πᾶσι
1405 3956 1460 4013 δὲ
1508 3965 1624 4020 τοῖς
1680 3958 1854 4012 πίστει
1887 3980 1981 4013 σου

343 4051 443 4120 τήν
470 4048 841 4123 προσηγορίαν
873 4049 1143 4124 ἀγαπῶσι,
1201 4047 1290 4101 καὶ
1347 4051 1570 4120 τιμῶσι,
1622 4047 1711 4100 καὶ
1775 4044 1843 4100 δι’
1888 4047 1980 4100 αἱ-

348 4136 476 4198 δοῦς
509 4139 724 4211 ἄγουσι,
757 4138 845 4190 καὶ
896 4140 964 4210 τῇ
1025 4136 1390 4206 ἀντιληπτικῇ
1452 4156 1547 4188 σου
1578 4134 1981 4212 προσφεύγουσι

346 4221 626 4299 πρεσϐείᾳ,
658 4226 861 4300 γένοιο,
898 4226 942 4277 ὧ
989 4224 1262 4298 ἀθλοφόρε
1319 4219 1587 4299 Βαρϐάρα,
1640 4225 1727 4278 καὶ
1787 4221 1982 4278 καλλί-

345 4334 460 4368 νικε
517 4311 754 4385 ἀοίδιμε,
812 4313 902 4366 καὶ
960 4310 1277 4384 ἀείμνηστε,
1335 4312 1427 4365 καὶ
1475 4313 1790 4384 πανεύιοημε
1847 4311 1980 4384 μάρ·

345 4423 463 4468 τυς,
492 4402 582 4456 καὶ
614 4400 945 4472 έννομοτάτη
979 4399 1266 4474 ἀθλήτρια,
1301 4406 1399 4468 τῆς
1448 4403 1555 4453 τῶν
1607 4399 1850 4474 οὐρανῶν
1889 4400 1984 4471 βα-

345 4486 555 4552 σιλείας
611 4487 890 4562 πρόξενος,
947 4487 1034 4541 καὶ
1097 4486 1149 4540 ἐν
1210 4487 1354 4562 πάσῃ
1417 4485 1641 4560 λυπηρᾷ
1719 4482 1982 4558 συμϐάσει

349 4578 689 4651 ὑπέρμαχος,
748 4575 838 4629 καὶ
923 4569 1156 4649 πρέσϐυς
1208 4574 1630 4650 ἀκαταίσχυντος
1706 4575 1841 4648 πρὸς
1894 4576 1985 4629 τὸν

2088 3360 2218 3414 quae
2241 3349 2474 3414 oportet
2501 3361 2884 3414 componens,
2910 3349 2967 3397 et
2987 3342 3193 3397 mundi
3225 3341 3485 3412 procella
3515 3357 3720 3395 secure.

2088 3433 2537 3503 transmissa,ad
2569 3434 2744 3486 vitam
2773 3433 2919 3485 senii
2943 3436 3330 3501 expertem,et
3361 3430 3566 3484 salutis
3588 3447 3722 3500 por—

2087 3525 2212 3574 tum
2243 3521 2882 3591 appellens,perte,ego
2915 3519 3342 3573 immensorum
3375 3519 3722 3572 delictorum

2089 3625 2244 3675 reus,
2279 3625 2656 3663 communem
2691 3613 2748 3661 et
2793 3607 3237 3661 misericordem
3278 3606 3541 3675 judicem
3574 3621 3727 3658 nan-

2091 3697 2296 3764 ciscar,
2326 3698 2424 3767 qui
2459 3697 2719 3750 dimittat
2749 3697 2942 3765 potius
2974 3700 3031 3748 et
3059 3694 3380 3764 indulgeat,
3407 3693 3520 3745 tuis
3544 3693 3727 3745 inter-

2089 3785 2454 3839 cessionibus
2478 3791 2653 3854 atque
2668 3782 3201 3854 supplicationibus
3230 3786 3533 3851 permotus
3559 3795 3724 3843 ;cum

2090 3874 2294 3942 utique
2310 3873 2621 3944 segnitiem
2639 3889 2829 3926 meam
2843 3872 2978 3942 jure
2994 3872 3119 3941 jam
3141 3867 3721 3930 condemnaverit,ac

2090 3962 2263 4016 modo
2291 3961 2664 4016 condemnet.
2702 3960 2811 4014 Sed
2839 3966 2897 4014 et
2943 3959 3170 4013 cunctis
3193 3957 3291 4027 qui
3320 3972 3453 4010 cum
3479 3955 3595 4009 ﬁde
3618 3971 3721 4008 no-

2090 4065 2227 4104 men
2253 4055 2419 4103 tuum
2443 4049 2714 4120 diligunt,
2741 4049 2962 4112 colunt,
2997 4053 3054 4100 et
3073 4045 3434 4100 venerationi
3483 4043 3722 4110 habent,

2093 4139 2314 4208 quique
2333 4138 2405 4192 ad
2420 4137 2864 4191 intercessionis
2881 4142 2992 4189 tua:
3009 4134 3336 4189 subsidium
3359 4131 3726 4203 confugiunt,

2094 4233 2241 4292 esto,
2276 4242 2307 4279 o
2341 4225 2758 4295 triumphatrix
2789 4240 2855 4278 ac
2912 4223 3196 4293 praeclara
3224 4221 3453 4287 victrix,
3485 4220 3730 4290 inclyta,

2093 4313 2386 4385 dignaque
2420 4318 2639 4366 aeterna
2670 4311 2978 4375 memoria,
3012 4310 3346 4364 clarissima
3387 4312 3632 4378 martyr,
3665 4323 3731 4360 ac

2091 4401 2360 4473 legitima
2401 4417 2644 4472 prorsus
2691 4399 2852 4470 pugil
2897 4397 3168 4464 Barbara,
3225 4397 3389 4468 regni
3447 4396 3731 4450 caelorum

2093 4488 2482 4555 conciliatrix,
2518 4489 2579 4541 in
2612 4487 2773 4542 omni
2805 4492 3015 4540 eventu
3048 4486 3199 4539 tristi
3257 4485 3614 4540 auxiliatrix.
3675 4488 3733 4537 et

2094 4577 2410 4631 inconfusa
2441 4581 2744 4646 sequestra
2759 4574 2912 4646 apud
2927 4573 3418 4645 benignissimum
3433 4573 3729 4626 Christum

343 4666 647 4739 πανάγαθον
681 4666 914 4739 Χριστὸν
939 4664 1029 4717 τὸν
1091 4662 1217 4717 Θεὸν
1281 4665 1460 4736 ἡμῶν,
1497 4666 1609 4735 μεθ’
1671 4664 1732 4717 οὗ
1765 4667 1842 4735 τῷ
1892 4663 1975 4716 ἀν-

2096 4668 2406 4722 Dominum
2433 4672 2722 4732 nostrum,
2757 4667 2995 4736 quicum
3031 4665 3105 4719 sit
3135 4662 3644 4732 zeterno,ingenito
3675 4667 3732 4714 et

346 4755 523 4829 άρχῳ,
556 4753 643 4808 καὶ
698 4754 996 4829 ἀγεννήτῳ,
1057 4751 1145 4806 καὶ
1200 4756 1558 4824 προσκυνητῷ
1614 4753 1809 4824 Πατρῖ,
1870 4751 1982 4824 ’ἁμα

344 4848 425 4915 τῷ
455 4841 754 4916 ὁμοουσίῳ,
786 4840 875 4896 καὶ
911 4845 1205 4915 ζωαρχικῷ
1264 4839 1554 4912 Πνεύματι,
1615 4838 1761 4912 δόξα,
1819 4841 1981 4912 τιμὴ,

346 4929 736 5005 προσκύνησις,
768 4934 882 5001 νῦν,
915 4930 1002 4985 καὶ
1036 4929 1139 5001 ὀιεὶ,
1196 4929 1285 4983 καὶ
1334 4927 1409 4992 εἷς
1463 4927 1591 4991 τοὺς
1649 4928 1844 4990 αῗῶνας
1875 4932 1984 4982 τῶν

346 5019 576 5075 αῗώνων.
614 5021 812 5091 Ἀμήν.

416 5164 464 5200 ⁸4
494 5164 627 5219 Luc.
660 5179 778 5233 χιι,
808 5163 927 5217 2-4.

2093 4755 2392 4811 adorando
2424 4755 2600 4821 Patri,
2633 4772 2753 4809 una
2795 4771 2928 4808 cum
2959 4749 3444 4808 consubstantiali
3496 4765 3562 4802 ac
3593 4748 3732 4801 vivi-

2094 4846 2204 4900 ﬁco
2235 4844 2476 4914 Spiritu,
2511 4843 2718 4912 gloria,
2779 4842 2969 4896 honor
3019 4845 3076 4895 et
3123 4839 3408 4905 adoratio,
3465 4854 3622 4891 nunc
3676 4841 3735 4890 et

2097 4948 2351 5002 semper,
2386 4935 2444 4984 et
2474 4931 2535 4984 in
2568 4931 2784 4984 saecula
2815 4929 3184 4984 saeculorum.
3222 4930 3428 4982 Amen.
