4042 6154
345 331 452 386 815

1615 326 1674 378 Β.
1713 323 2017 379 JOANNIS
2054 327 2470 382 DAMASCENI

3624 325 3734 382 816

3515 493 3732 504 __—_

411 620 475 672 In
505 624 700 672 catena
730 617 898 684 Regia
921 617 979 668 in
1001 617 1200 668 Lucam
1227 613 1342 667 cod.
1375 613 1536 672 2440,
1569 611 1640 664 ad
1669 617 1834 680 caput
1866 613 1915 674 1,
1948 627 1997 664 υ.
2033 612 2120 677 35,
2151 614 2521 681 fragmentum
2551 615 2648 669 hoc
2679 617 2827 684 quod
2853 617 3121 684 sequitur,
3175 617 3376 684 reperi,
3435 616 3731 684 cujusdam

343 706 552 760 scilicet
577 707 834 759 sermonis
857 705 1083 757 Joannis
1126 702 1444 756 Damasceni
1473 701 1532 752 in
1581 701 1643 752 B.
1686 700 1987 766 Virginem,
2010 699 2068 751 in
2094 715 2199 768 quo
2230 702 2415 755 eadem
2444 705 2559 770 fere
2592 704 2867 772 leguntur,
2904 720 2966 757 ac
2999 719 3117 772 quae
3165 704 3224 756 in
3247 705 3434 772 prima
3463 704 3530 757 de
3589 705 3742 774 ejus-

345 795 464 847 dem
492 795 808 858 Nativitate,
835 808 896 861 p.
928 791 1051 854 843,
1080 791 1222 845 unde
1259 791 1471 844 nullum
1501 789 1638 841 mihi
1664 793 1906 857 superest
1938 787 2184 854 dubium,
2217 791 2352 857 quin
2378 807 2445 844 ea:
2473 794 2708 860 genuino
2733 793 2921 861 aliqua
2953 794 3067 862 ejus
3098 807 3258 862 opere
3299 793 3447 862 quod
3476 796 3738 864 perierit,

342 887 679 950 assumptum
707 880 849 934 illud
867 881 1054 948 fuerit.

941 1029 1374 1084 DAMASCENI.

417 1149 525 1214 Qui
551 1148 729 1203 caelos
742 1144 1008 1200 condidit
1038 1150 1095 1198 et
1111 1143 1982 1211 conservat.omniumque,tam

345 1253 474 1307 quas
507 1235 568 1288 in
600 1233 843 1298 mundo,
869 1248 1048 1302 quam
1083 1248 1213 1301 quae
1261 1247 1438 1301 supra
1494 1229 1783 1284 mundum
1817 1233 1976 1296 sunt,

345 1322 765 1393 Artifex,cujus
796 1321 944 1374 nihil
977 1337 1046 1374 ex
1078 1320 1369 1374 universis
1396 1319 1574 1373 rebus
1605 1319 1770 1372 locus
1799 1323 1906 1381 est,
1933 1317 1981 1370 si

345 1412 519 1466 modo
551 1411 715 1464 locus
748 1408 1030 1462 deﬁnitur
1059 1408 1138 1476 (id
1170 1407 1327 1478 quod
1357 1424 1429 1462 ea
1456 1424 1586 1477 quae
1619 1408 1679 1460 in
1729 1423 1790 1460 se
1822 1411 1978 1472 sunt,

345 1499 760 1570 complectitur
791 1502 848 1550 et
879 1496 1084 1566 ambit)
1121 1515 1132 1551 :
1167 1497 1227 1549 in
1262 1502 1314 1550 te
1347 1513 1379 1550 a
1412 1496 1604 1565 seipso
1635 1495 1830 1548 infans
1854 1495 1981 1548 sine

348 1588 570 1642 semine
603 1585 1089 1654 condetur,teque
1115 1583 1470 1638 latissimum
1485 1583 1759 1638 conclave
1774 1587 1980 1636 osten-

348 1677 446 1730 det
488 1675 722 1729 deitatis
755 1688 896 1736 sum,
930 1689 1059 1742 quas
1093 1672 1291 1726 omnia
1318 1671 1526 1741 replet,
1560 1687 1808 1741 qumque
1859 1669 1984 1723 sola

348 1761 912 1831 circumscriptionis
945 1766 1032 1814 est
1053 1777 1259 1830 expers
1294 1777 1306 1812 :
1342 1764 1500 1813 totus
1522 1759 1582 1813 in
1615 1764 1669 1813 te
1703 1760 1829 1813 sine
1853 1774 1982 1828 pas-

351 1853 516 1906 sione
549 1851 923 1914 constrictus,
981 1853 1135 1902 totus
1167 1847 1370 1901 itidem
1412 1853 1576 1902 extra
1613 1863 1880 1910 manens,
1915 1862 1983 1900 ac

349 1939 729 2008 semetipsum
760 1936 955 1990 locum
991 1935 1216 1990 habens
1247 1936 1347 2006 qui
1395 1935 1522 2005 capi
1555 1935 1780 2004 nequit.
1814 1937 1896 1987 Ex
1925 1938 1981 1986 te

339 2027 588 2096 justitiaa
620 2025 707 2078 sol
740 2023 960 2077 orietur
993 2040 1005 2088 ;
1041 2029 1266 2076 naturae
1327 2023 1480 2088 duae,
1512 2022 1650 2076 licet
1701 2021 1981 2091 Acephali

345 2114 543 2167 furore
575 2111 875 2164 insaniant
917 2127 928 2162 :
963 2126 1080 2163 una
1123 2110 1474 2179 hypostasis,
1509 2115 1817 2178 rumpatur
1845 2109 1984 2162 licet

346 2199 665 2255 Nestorius.
698 2199 871 2251 Pater
901 2197 1216 2266 siquidem,
1250 2195 1514 2250 divinum
1566 2195 1742 2248 veluti
1777 2211 1980 2249 semen

347 2285 674 2358 spirituale,
707 2284 909 2338 lumen
942 2284 1171 2338 emittet
1201 2300 1395 2348 suum,
1429 2283 1801 2352 Verbumque
1833 2299 1901 2335 ex
1924 2289 1978 2336 te

2007 1025 2060 1090 Α

2582 983 2714 1082 ’ίὊΥ
2733 1027 3230 1084 ΔΔΜΑΣΚΙῙΝΟΥ.

2160 1138 2219 1194 Ὁ
2247 1143 2354 1193 τῶν
2389 1139 2631 1214 οὐρανῶν
2662 1139 3004 1215 δημιουργός
3033 1162 3092 1195 τε
3139 1141 3227 1195 καὶ
3287 1141 3575 1216 συνοχεὺς,
3635 1145 3741 1198 καὶ

2089 1227 2288 1287 παντὸς
2349 1225 2649 1301 έγκοσμίου
2709 1228 2797 1282 καὶ
2876 1228 3239 1303 ὑπερκοσμίου
3301 1228 3576 1303 Τεχνίτης
3636 1228 3739 1300 δη-

2091 1318 2528 1391 μιουργήματος,
2563 1317 2623 1371 οὗ
2681 1317 2846 1379 τόπος
2895 1316 3070 1380 οὐδεὶς
3123 1323 3232 1372 τῶν
3286 1319 3499 1373 πάντων
3563 1317 3735 1374 ἐστίν·

2091 1401 2242 1476 εἴπερ
2299 1405 2362 1458 τὸ
2417 1405 2674 1477 περιέχον
2728 1410 2836 1459 τῶν
2896 1404 3117 1458 ἐνόντων
3150 1404 3320 1466 τόπος
3364 1406 3625 1480 ὁρίζεται·
3687 1407 3742 1461 ἐν

2091 1490 2176 1545 σοὶ
2210 1492 2344 1565 πρὸς
2375 1493 2564 1546 ἑαυτοῦ
2615 1494 2866 1567 ἀσπόρως
2923 1494 3120 1567 βρέφος
3175 1491 3742 1569 δημιουργηθήσεται,

2090 1579 2178 1633 καί
2208 1601 2265 1634 σε
2293 1586 2518 1653 τκμεῖον
2553 1581 2871 1656 εὐρύχωρον
2906 1579 3064 1652 δείξει
3121 1589 3221 1651 τῆς
3272 1581 3336 1636 τὰ
3382 1584 3557 1636 πάντα
3585 1582 3742 1650 πλη-

2093 1667 2293 1742 ρούσης
2323 1669 2486 1723 αὐτοῦ
2516 1667 2608 1724 καῖ
2643 1671 2814 1742 μόνης
2845 1670 3222 1745 ἀπεριγράφου
3255 1669 3528 1739 θεότητος.
3561 1670 3738 1732 1Ὅλος

2093 1756 2312 1818 ἀπαθῶς
2343 1757 2394 1812 έν
2427 1759 2511 1812 σοὶ
2545 1756 3002 1830 συστελλόμενος,
3033 1758 3122 1812 καὶ
3157 1757 3331 1831 μένων
3363 1758 3495 1820 ὅλος
3529 1759 3682 1820 ἐκτός
3720 1778 3739 1829 ς

2089 1846 2178 1900 καὶ
2207 1846 2373 1901 τόπον
2424 1843 2569 1923 ἔχων
2629 1848 2813 1902 ἑαυτὸν
2866 1846 3234 1922 ἀπερίληπτον
3269 1851 3280 1903 l
3316 1848 3375 1902 ἐκ
3403 1853 3498 1902 σοῦ
3556 1851 3583 1902 6
3639 1851 3742 1917 τῆς

2092 1933 2438 2006 δικαιοσύνης
2473 1935 2723 1992 ἀνατελεῖ
2746 1935 2934 2006 ἥλιος,
2988 1934 3083 1991 δύο
3139 1937 3320 2014 φύσεις
3379 1937 3476 1992 κᾶν
3513 1937 3744 2016 Ἀκέφα-

2091 2022 2179 2078 λοι
2216 2025 2532 2096 μαίνωνται·
2572 2025 2666 2098 μία
2727 2026 3039 2095 ὑπόστασις,
3088 2023 3182 2079 κᾶν
3245 2025 3536 2098 Νεστόριος
3581 2023 3742 2100 διαρ-

2091 2110 2411 2184 ῥηγνῦηται.
2471 2114 2654 2168 Οἱονεὶ
2711 2113 2811 2188 γὰρ
2871 2115 3012 2167 θεῖον
3101 2112 3300 2186 σπόρον
3362 2113 3728 2185 πνευματικὸν

2087 2199 2176 2251 τὸν
2203 2197 2395 2252 ἑαυτοῦ
2425 2201 2546 2253 Υἱὸν
2593 2199 2938 2270 ἐξαποστελεῖ
3005 2201 3032 2254 6
3093 2202 3298 2275 Πατὴρ,
3357 2201 3448 2254 καὶ
3510 2201 3636 2274 σὰρξ
3697 2203 3727 2255 6

2089 2288 2262 2359 Λόγος
2321 2286 2381 2341 ἐκ
2466 2292 2561 2342 σοῦ
2616 2288 2894 2362 ἀτρέπτως
2967 2291 3300 2362 γεννήσεται.
3343 2289 3446 2344 Καὶ
3506 2291 3728 2352 ἀπαθῶς

347 2377 493 2431 citra
520 2374 965 2429 conversionem
998 2373 1100 2426 ﬁet
1129 2388 1284 2427 caro.
1311 2375 1379 2425 Et
1399 2375 1589 2439 Pater,
1625 2373 1723 2442 qui
1754 2372 1975 2442 impas-

2090 2377 2334 2449 γεννήσας
2390 2376 2480 2430 τὸν
2531 2376 2654 2430 Υἰὸν
2714 2377 2742 2430 6
2807 2377 2990 2452 Πατὴρ
3032 2378 3094 2431 τὸ
3152 2378 3414 2452 πρότερον
3465 2381 3730 2453 φυσικῶς,

347 2464 502 2519 sibili
537 2463 763 2517 ratione
793 2460 1004 2514 Filium
1048 2461 1302 2514 naturali
1336 2460 1510 2515 modo
1566 2461 1731 2530 prius
1756 2461 1976 2531 genuit,

346 2553 541 2621 ipsum
557 2565 789 2620 quoque
818 2565 887 2601 ex
907 2553 963 2601 te
983 2549 1199 2602 iterum
1214 2565 1318 2618 per
1332 2548 1836 2619 dispensationem
1852 2549 1979 2604 sine

341 2641 615 2711 passione
661 2636 982 2709 generabit.
1047 2639 1187 2690 Nam
1246 2637 1330 2689 uti
1382 2637 1607 2692 concha
1649 2637 1880 2692 caelitus
1912 2655 1982 2692 ex

344 2728 588 2783 Deitatis
621 2727 846 2797 fulgore
876 2725 934 2778 in
962 2729 1128 2779 utero
1162 2725 1479 2795 concipies,
1515 2727 1825 2796 pariesque
1848 2743 1978 2796 pre-

341 2816 720 2871 tiosissimam
737 2813 1746 2886 margaritamChristum,unigenam
1765 2816 1978 2884 lucem,

345 2920 475 2973 qua}
507 2918 625 2954 non
660 2901 926 2971 gignit,et
956 2916 1190 2970 semper
1209 2906 1559 2972 generatur;
1594 2903 1979 2972 cujusperso-

343 2990 498 3044 nalis
546 2987 873 3058 proprietas
900 2992 1007 3053 est,
1050 2987 1206 3057 quod
1253 2995 1584 3059 generetur.
1617 2991 1765 3044 9"
1802 2993 1866 3044 In
1919 2997 1974 3046 te

342 3079 499 3150 leges
522 3093 755 3147 quoque
786 3082 1010 3130 natura;
1032 3076 1495 3142 innovabuntur,
1525 3083 1583 3131 et
1610 3093 1729 3132 una
1767 3096 1978 3133 conve-

343 3167 529 3230 nient,
557 3181 686 3235 qua)
709 3163 943 3218 misceri
977 3169 1302 3232 nequeunt.
1335 3165 1458 3218 Erit
1490 3166 1647 3219 enim
1679 3166 1978 3237 virginitas

342 3252 844 3324 pariens,deitatis
867 3257 1042 3319 atque
1065 3251 1454 3306 humanitatis
1473 3254 1696 3319 mistio,
1728 3271 1977 3324 perpes-

344 3342 527 3397 sionis
559 3346 616 3394 et
672 3339 1185 3408 impassibilitatis,
1216 3339 1349 3392 vitae
1382 3345 1439 3393 et
1466 3342 1694 3406 mortis,
1726 3348 1791 3395 ut
1821 3343 1977 3412 quod

345 3429 605 3483 deterius
638 3433 742 3487 est,
769 3428 831 3480 in
861 3427 1136 3480 omnibus
1167 3443 1200 3481 a
1244 3427 1456 3497 potiori
1490 3435 1818 3498 superetur.
1852 3433 1976 3484 Non

346 3518 504 3571 enim
529 3514 886 3585 operationis
919 3515 1016 3567 Dei
1051 3515 1533 3584 conceptaculum
1569 3517 1815 3583 eris,sed
1838 3519 1977 3572 sub-

345 3604 605 3660 stantiali
661 3602 856 3667 modo,
889 3601 991 3655 Dei
1049 3603 1380 3673 hypostasis
1412 3619 1479 3658 ac
1523 3619 1809 3674 personae.
1838 3607 1976 3659 Por-

2089 2463 2307 2525 ἀπαθῶς
2336 2464 2424 2517 τὸν
2453 2465 2614 2518 αὐτὸν
2643 2467 2910 2538 γεννήσει,
2966 2465 3056 2518 καὶ
3114 2466 3176 2519 τὸ
3236 2462 3483 2538 δεύτερον
3518 2463 3730 2519 οτκονο-

2093 2556 2287 2623 μικῶς.
2345 2554 2546 2621 ’Ὠσπερ
2604 2553 2704 2626 γάρ
2761 2574 2844 2613 τις
2895 2552 3102 2628 κόγχος
3167 2552 3451 2622 οὐρανόθεν
3517 2551 3575 2606 lx
3629 2559 3733 2620 τῆς

2088 2639 2363 2712 ἀστραπῆς
2417 2647 2517 2707 τῆς
2573 2640 2826 2710 θεότητος
2883 2639 2933 2694 ἐν
2993 2642 3182 2715 γαστρὶ
3213 2637 3369 2710 ἕξεις,
3419 2640 3510 2694 καὶ
3564 2641 3736 2710 τέξεις

2086 2728 2177 2781 τὸν
2234 2726 2540 2799 πολύτιμον
2605 2728 2937 2803 μαργαρίτην
2995 2729 3256 2803 Χριστὸν,
3314 2729 3377 2783 τὸ
3440 2730 3732 2804 μονογενὲς

2091 2820 2226 2891 φῶς,
2252 2817 2314 2870 τὸ
2349 2818 2424 2889 μὴ
2465 2821 2685 2890 γεννῶν,
2749 2817 2828 2871 ἀεὶ
2883 2813 2939 2870 δὲ
2992 2818 3348 2891 γεννώμενον,
3383 2815 3445 2871 οὗ
3499 2817 3562 2871 τὸ
3613 2838 3735 2892 γεν-

2090 2909 2300 2973 νᾶσθαι,
2339 2906 2694 2959 ὑποστατικὸν
2730 2906 2897 2977 μόνον
2939 2902 3164 2977 ῗδίωμα.
3195 2907 3283 2959 Ἐν
3317 2906 3400 2958 σοὶ
3431 2905 3520 2958 καὶ
3567 2904 3730 2977 νόμοι

2092 2991 2298 3068 φύσεως
2351 2995 2942 3064 καινοτομηθήσονται,
2997 2993 3087 3047 καὶ
3134 2994 3200 3047 τὰ
3257 2993 3457 3065 ἄμικτα
3513 2989 3728 3066 συμϐή-

2093 3101 2258 3137 σεται.
2289 3083 2474 3136 Ἔσται
2506 3081 2606 3154 γὰρ
2647 3081 2899 3154 παρθενία
2953 3081 3224 3136 τίκτουσα.
3285 3081 3445 3153 Μίξις
3474 3081 3732 3152 θεότητος

2088 3167 2176 3223 καὶ
2210 3169 2652 3244 ἔινθρωπότητος,
2693 3168 2895 3230 πάθους
2942 3169 3031 3222 καὶ
3090 3169 3372 3233 ἀπαθείας,
3438 3175 3576 3237 ζωῆς
3637 3171 3728 3223 καὶ

2089 3257 2338 3327 θανάτου,
2372 3258 2445 3318 ὡς
2479 3255 2536 3310 ἄν
2595 3256 2647 3311 ἐν
2697 3261 2856 3310 πᾶσιν
2913 3257 3219 3326 ἐκνικηθείη
3279 3259 3342 3311 τὸ
3389 3263 3570 3332 χεῖρον
3622 3257 3731 3311 ὑπὸ

2084 3349 2180 3398 τοῦ
2231 3345 2555 3419 κρείττονος.
2617 3344 2689 3399 Οὐ
2765 3345 2864 3419 γὰρ
2924 3345 3194 3420 ἐνεργείας
3259 3350 3392 3400 Θεοῦ
3479 3345 3732 3420 ὑπάρξεις

2088 3429 2329 3506 δοχεῖον,
2361 3431 2488 3488 ἀλλ’
2519 3430 2802 3494 οὐσιωδῶς
2853 3439 2954 3501 τῆς
3008 3437 3107 3488 τοῦ
3167 3437 3300 3488 Θεοῦ
3361 3435 3728 3494 ὑποστάσεως·

2085 3519 2174 3573 καὶ
2206 3526 2400 3595 μοῖραν
2435 3521 2493 3574 ἐκ
2522 3525 2618 3574 σοῦ
2675 3518 3056 3593 προσλήψεται
3111 3521 3138 3574 ὁ
3197 3523 3570 3595 Δημιουργὸς,
3630 3522 3730 3587 τήν

2087 3604 2341 3680 ἀπαρχὴν
2395 3613 2492 3663 τοῦ
2550 3608 2894 3679 ἀνθρωπίνου
2954 3607 3269 3684 φυράματος
3327 3609 3386 3664 ἐκ
3417 3608 3735 3681 Πνεόματος

343 3696 564 3748 tionem
597 3710 668 3747 ex
692 3696 745 3745 te
777 3690 1056 3744 Conditor
1110 3707 1309 3744 rerum
1363 3698 1644 3757 assumet,
1699 3693 1973 3748 humanas

2090 3694 2264 3769 ἀγίου,
2295 3696 2385 3750 καὶ
2415 3701 2523 3751 τῶν
2558 3701 2663 3751 σῶν
2692 3696 2940 3769 αἶ’μάτων
2969 3699 3287 3771 σαρκωθείς.

339 3801 549 3841 massas
579 3781 893 3854 primitias,
927 3796 996 3833 ex
1019 3780 1239 3851 Spiritu
1272 3788 1494 3850 sancto,
1554 3782 1788 3852 tuisque
1840 3800 1972 3839 sau-

338 3873 610 3946 guinibus
640 3871 828 3926 factus
860 3885 1016 3924 caro.

418 4199 542 4251 Tres
559 4200 901 4267 precationes
922 4198 1051 4250 istas
1078 4198 1205 4248 ante
1233 4192 1596 4261 sumpt-ionem
1625 4191 1825 4245 divinae
1854 4191 2214 4247 Eucharistioe
2242 4193 2570 4258 recitandas,
2601 4193 2783 4260 reperi
2810 4191 2871 4246 in
2901 4189 3193 4258 Horologio
3226 4191 3556 4253 Graecorum,
3588 4195 3642 4242 et
3675 4190 3734 4242 in

341 4287 520 4340 codice
550 4301 646 4339 ms.
677 4286 995 4338 monasterii
1025 4284 1080 4337 S.
1119 4280 1349 4334 Taurini
1372 4281 1730 4346 Ebroicensis,
1765 4281 1920 4349 cujus
1948 4280 2087 4335 mihi
2116 4281 2328 4349 copiam
2357 4279 2423 4333 de
2451 4295 2598 4334 more
2626 4281 2756 4347 fecit
2802 4278 3127 4333 reverendus
3153 4277 3448 4332 admodum
3476 4276 3735 4330 doctissi—

339 4390 563 4443 musque
591 4377 652 4427 P.
686 4375 749 4427 D.
775 4373 1086 4426 Bernartius
1116 4371 1180 4422 de
1210 4368 1648 4436 Moniefalconis.

716 4522 965 4575 Precatio
993 4518 1220 4573 Joannis
1254 4519 1589 4582 Damasceni.

405 4628 550 4683 Here
587 4628 829 4682 Domine
859 4627 995 4680 Jesu
1026 4624 1272 4688 Christe,
1307 4623 1456 4676 Deus
1488 4625 1708 4688 noster,
1743 4622 1841 4692 qui
1875 4639 1970 4676 so-

329 4718 420 4772 lus
453 4723 738 4789 potestate
772 4715 960 4786 polles
978 4711 1320 4768 hominibus
1347 4715 1586 4780 peccata
1605 4710 1967 4778 remittendi,

326 4812 392 4860 ut
423 4808 522 4877 qui
555 4808 743 4861 bonus
774 4822 841 4859 ac
870 4801 1334 4874 benignissimus
1379 4799 1480 4864 sis,
1506 4796 1778 4852 condona
1823 4800 1968 4853 mihi

322 4894 525 4963 lapsus
558 4889 1256 4964 meos,quoscunque,vel
1287 4887 1658 4953 scienter,vel
1690 4887 1967 4959 ignoran-

321 4988 418 5038 ter
450 4984 662 5038 admisi
689 5001 702 5049 ;
733 4998 944 5052 meque
976 4981 1216 5052 dignum
1267 4978 1462 5043 facito,
1497 4976 1963 5046 quidivinorum,

320 5073 741 5143 gloriosorum,
777 5070 1316 5133 immaculatorum,
1349 5082 1415 5120 ac
1446 5065 1805 5120 viviﬁcorum
1837 5083 1967 5138 my-

331 5161 644 5214 steriorum
666 5166 898 5212 tuorum
933 5157 1100 5210 nulla
1113 5172 1243 5209 mea
1265 5153 1643 5208 damnatione
1670 5158 1968 5225 particeps

2407 4516 2563 4592 Εὐχὴ
2599 4515 2848 4573 Ἰωάννου
2878 4519 2972 4569 τοῦ
3005 4517 3386 4586 Δαμασκηνοῦ.

2153 4621 2393 4676 Δέσποτα
2424 4622 2584 4695 Κύριε
2614 4623 2794 4693 Ἰησοῦ
2828 4621 3047 4694 Χριστέ,
3079 4622 3107 4674 6
3162 4620 3293 4683 Θεὸς
3322 4621 3505 4692 ἡμῶν,
3567 4619 3594 4671 6
3633 4615 3728 4688 μό-

2081 4731 2169 4771 νος
2201 4708 2344 4784 ἔχων
2376 4710 2612 4781 ἐξουσίαν
2674 4711 2982 4785 ἀνθρώποις
3041 4707 3253 4785 ἀφιέναι
3305 4705 3594 4779 ἁμαρτίας,
3648 4705 3724 4767 ὡς

2081 4799 2280 4872 ἀγαθὸς
2332 4801 2418 4852 καὶ
2481 4798 2884 4875 φιλάνθρωπος,
2942 4792 3139 4873 πάριδέ
3173 4818 3275 4870 μου
3315 4797 3483 4848 πάντα
3541 4793 3610 4846 τὰ
3668 4791 3724 4846 ἐν

2078 4888 2274 4961 γνώσει
2306 4888 2391 4941 καὶ
2429 4885 2621 4961 ἀγνοίᾳ
2651 4886 2984 4958 πταίσματα,
3043 4886 3132 4940 καὶ
3191 4883 3416 4956 ἀξίωσόν
3480 4901 3547 4953 με
3591 4881 3723 4934 ἀκαο

2075 4977 2343 5050 τακρίτως
2400 4970 2725 5047 μεταλαϐεῖν
2786 4977 2893 5029 τῶν
2955 4973 3133 5045 θείων,
3192 4972 3281 5027 καὶ
3340 4967 3588 5039 ἐνδόξων,
3631 4969 3723 5022 καὶ

2077 5064 2376 5138 ἀχράντων,
2440 5063 2526 5118 καὶ
2589 5069 2871 5132 ζωοποιῶν
2924 5085 3018 5116 σου
3081 5060 3428 5134 μυστηρίων,
3503 5060 3579 5129 μή
3646 5055 3727 5118 εἷς

2075 5150 2324 5222 κόλασιν,
2417 5154 2490 5225 μὴ
2553 5152 2628 5214 είς
2710 5154 3028 5226 προσθήκην
3086 5152 3392 5224 ἁμαρτιῶν,
3463 5144 3590 5200 ἀλλ’
3649 5145 3728 5207 εἷς

329 5247 572 5312 efﬁciar,
607 5263 722 5302 non
746 5246 818 5301 ad
851 5262 1082 5315 pmnam
1110 5262 1177 5298 ac
1209 5241 1582 5312 supplicium,
1612 5257 1731 5294 non
1764 5242 1835 5295 ad
1857 5259 1962 5298 au-

2090 5240 2434 5314 ιαθαρισμὸν,
2465 5241 2554 5295 καὶ
2612 5241 2905 5313 ἀγιασμὸν,
2963 5239 3052 5293 καὶ
3112 5233 3401 5314 ἀρραϐῶνα
3430 5241 3529 5302 τῆς
3589 5230 3729 5304 μελ-

325 5337 587 5391 ctioneni
621 5334 1060 5406 culparum.s:-d
1092 5335 1165 5388 ad
1195 5330 1968 5394 emendationem,sanctiﬁ-

315 5427 754 5494 cationemquc,
780 5429 838 5477 et
888 5425 1098 5493 pignus
1136 5425 1345 5476 futura)
1403 5420 1532 5472 vitae
1580 5423 1636 5471 et
1666 5419 1828 5489 regni
1857 5437 1870 5485 ;
1904 5425 1969 5474 ut

321 5513 467 5567 mihi
503 5530 729 5579 murus,
766 5511 1388 5583 propugnaculumque
1421 5504 1966 5572 sit,etadversario-

318 5617 455 5657 rum
475 5603 722 5669 eversio,
756 5605 930 5672 atque
962 5599 1023 5655 in
1055 5599 1485 5655 abstersionem
1507 5595 1833 5650 multorum
1864 5596 1970 5651 de-

2081 5328 2288 5398 λούσης
2320 5334 2464 5397 ζωῆς
2493 5329 2579 5383 καὶ
2609 5328 2912 5404 βασιλείας,
2945 5327 3020 5389 εἷς
3070 5332 3282 5401 τεῖχος,
3316 5324 3405 5378 καὶ
3441 5323 3727 5398 βοήθειαν,

2079 5417 2167 5472 καὶ
2228 5418 2536 5491 ἀνατροπὴν
2595 5422 2700 5472 τῶν
2779 5415 3051 5481 ἐναντίων,
3126 5415 3201 5478 εἷς
3284 5412 3554 5483 ἑξάλειψιν
3613 5413 3724 5462 τῶν

2079 5503 2305 5560 πολλῶν
2342 5526 2447 5578 μου
2475 5505 3003 5579 πλημμελημάτων.
3040 5503 3114 5558 Σὺ
3146 5505 3249 5578 γὰρ
3282 5503 3330 5556 εἶ
3351 5501 3480 5562 Θεὸς
3510 5496 3723 5567 ἐλέους,

2079 5591 2169 5647 καὶ
2201 5593 2526 5667 οἰκτιρμῶν,
2553 5594 2645 5649 καὶ
2678 5591 3107 5670 φιλανθρωπίας’
3143 5592 3233 5646 καὶ
3292 5589 3377 5644 σοὶ
3431 5589 3530 5656 τὴν
3564 5583 3721 5656 δόξαν
