4042 6154
390 229 496 285 817
1904 241 2231 299 ΟΑΕΜΙΝΑ
2242 282 2257 297 .
3676 252 3786 307 818

390 352 778 442 ἀναπέμπομεν
812 350 906 409 σὺν
934 357 1012 426 τῷ
1052 354 1245 431 Ηατρὶ,
1296 356 1385 412 καὶ
1426 361 1506 430 τῷ
1546 357 1686 433 ἁγίῳ
1732 361 1982 433 Πνεύματ

2189 370 2416 423 ctorum
2444 384 2733 425 meorum.
2767 371 2848 425 Tu
2871 370 3164 442 siquidem
3186 388 3247 426 es
3267 372 3422 428 Deus
3442 374 3779 431 misericor-

389 444 483 495 νῦν
536 441 626 495 καὶ
683 441 815 514 ἀεὶ,
872 442 963 498 καὶ
1024 443 1099 506 εἲς
1152 443 1281 509 τοὺς
1334 446 1535 510 αὶῶνας
1590 453 1696 503 τῶν
1769 448 1980 504 αἰώνων

2185 455 2275 521 ias,
2302 458 2747 514 miserationum
2772 465 2831 515 et
2847 460 3263 526 humanitatis;
3288 461 3512 531 tibique
3533 462 3781 535 gloriam

393 530 571 603 ’Δμήν
2141 562 2551 615 personamus,
2586 566 2720 604 cum
2751 552 2922 605 Patre
2955 557 3013 605 et
3039 556 3241 606 sancto
3274 530 3512 623 Spiritu,
3536 530 3697 609 nunc
3727 559 3787 610 et

2144 649 2398 706 semper,
2430 643 2489 691 et
2516 638 2577 692 in
2610 638 2829 693 saecula
2852 639 3224 694 smculorum.
3259 646 3445 695 Amen

461 733 620 808 Εὐχή
652 732 808 807 ἑτέρα
833 739 932 790 τοῦ
962 735 1126 791 αὐτοῦ
1160 736 1409 794 Ἰωάννου
1436 743 1534 795 τοῦ
1564 746 1941 813 Δαμασκηνοῦ.

2281 752 2531 806 Precatio
2562 753 2740 808 altera
2769 754 3009 823 ejusdem
3036 756 3265 809 Joannis
3298 757 3635 812 Damasceni.

464 850 576 921 Πρὸ
602 853 711 904 τῶν
743 854 919 921 θυρῶν
952 855 1047 905 τοῦ
1089 857 1218 907 ναοῦ
1266 874 1361 909 σου
1408 857 1740 930 παρέστηκα,
1788 858 1878 912 καὶ
1923 863 2031 914 τῶν

2213 868 2363 922 Ante
2388 869 2592 940 templi
2624 870 2707 924 tui
2748 870 2905 924 fores
2953 875 3101 936 asto,
3135 887 3244 926 nec
3273 888 3307 926 a
3348 874 3637 942 perversis
3685 891 3779 929 co-

390 936 582 993 δεινῶν
637 937 921 1013 λογισμῶν
965 940 1064 995 οὐκ
1112 940 1429 1019 ἀφίσταμαι.
1483 942 1656 1000 Ἀλλὰ
1704 945 1790 1013 σὺ,
1841 950 1986 1022 Χρισ-

2185 936 2530 1012 itationibus
2568 958 2809 1023 absisto,
2856 961 2937 1013 Tu
2980 976 3135 1023 vero,
3187 936 3412 1016 Christe
3457 944 3637 1029 Deus,
3682 964 3781 1033 qui

382 1030 415 1083 δ
439 1029 588 1100 Θεὸς,
622 1030 650 1084 ὁ
676 1028 924 1099 τελώνην
956 1027 1273 1102 δικαιώσας,
1305 1034 1393 1088 καὶ
1447 1034 1747 1089 Χαναναίαν
1786 1035 1978 1106 ἐλεήσα

2188 1045 2521 1100 ublicanum
2533 1047 2767 1117 justitia
2785 1048 3037 1115 donasti,
3065 1055 3122 1103 et
3141 1050 3485 1104 Chananaaaa
3508 1027 3784 1106 misertus

379 1118 471 1173 καὶ
528 1122 609 1189 τῷ
667 1115 847 1192 λῃστῇ
904 1116 1236 1208 παραδείσου
1290 1120 1469 1184 πύλας
1520 1123 1762 1195 ἀνοίξας,
1820 1122 1975 1198 ἄνοιξε

2186 1151 2226 1201 s,
2260 1135 2479 1205 quique
2508 1135 2767 1206 paradisi
2792 1136 3011 1207 januas
3040 1136 3258 1191 latroni
3289 1138 3592 1208 aperuisti,
3617 1140 3782 1193 beni-

387 1227 494 1279 μου
523 1206 593 1260 τὰ
641 1206 926 1294 σπλάγχνα
980 1214 1081 1276 τῆς
1133 1206 1546 1285 φιλανθρωπίας
1602 1232 1717 1280 σου,
1748 1213 1837 1266 καὶ
1890 1210 1983 1285 δὲξι

2189 1220 2379 1275 uitatis
2402 1225 2515 1275 tuae
2546 1222 2767 1276 viscera
2788 1206 2933 1277 mihi
2956 1224 3169 1294 pande,
3194 1206 3406 1294 meque
3427 1224 3500 1279 ad
3531 1230 3587 1279 te
3616 1242 3785 1281 acce-

384 1315 453 1366 με
505 1293 952 1370 προσερχόμενον
988 1340 1001 1364 ,
1062 1297 1151 1351 καὶ
1217 1294 1520 1370 ἀπτόμενόν
1580 1320 1721 1368 σου,
1777 1303 1851 1363 ὡς
1920 1304 1980 1370 τῆ

2183 1314 2401 1376 entem,
2435 1325 2502 1363 ac
2528 1314 2583 1364 te
2615 1293 2973 1381 tangentemi
2998 1313 3251 1383 suscipe,
3295 1293 3475 1367 veluti
3507 1314 3778 1371 meretri-

377 1384 590 1458 πόρνην
618 1385 707 1439 καὶ
739 1386 839 1453 τήν
873 1385 1195 1461 αἱμόῤῥουυ.
1227 1392 1287 1441 Ἠ
1348 1388 1443 1459 μὶν
1498 1390 1599 1464 γὰρ
1652 1393 1749 1445 τοῦ
1801 1410 1973 1463 κρασπ

2184 1412 2271 1450 em
2305 1395 2469 1451 illam
2501 1401 2558 1451 et
2586 1399 2892 1470 sanguinis
2922 1398 3086 1454 ﬂuxu
3117 1399 3504 1455 laborantem.
3538 1401 3647 1456 Illa
3699 1402 3780 1457 si-

382 1470 479 1561 δου
509 1493 605 1527 σου
661 1474 936 1545 ἁψαμένη,
1000 1474 1243 1551 εὐχερῶς
1300 1477 1399 1545 τὴν
1460 1474 1599 1531 ἴασιν
1660 1473 1869 1533 ἔλαϐεν·
1900 1477 1978 1548 ἠὲ

2183 1484 2380 1539 uidem
2404 1485 2696 1541 ﬁmbriam
2729 1487 3075 1558 contingens
3123 1492 3307 1557 tuam,
3337 1488 3497 1543 brevi
3545 1491 3779 1561 negotio

376 1560 507 1623 τοὺς
558 1561 687 1624 σοὺς
736 1562 1043 1637 ἀχράντους
1101 1561 1270 1626 πόδας
1327 1568 1658 1637 κρατήσασα,
1716 1569 1815 1636 τήν
1869 1567 1972 1622 λύσ

2184 1573 2393 1628 alutem
2425 1573 2636 1645 adepta
2667 1580 2792 1629 est:
2828 1575 2972 1641 haec,
3006 1575 3105 1629 ubi
3137 1576 3550 1633 immaculatos
3601 1560 3780 1649 pedes

374 1654 487 1706 τῶν
545 1651 952 1726 ἁμαρτημάτων
1008 1650 1321 1725 ἐκομίσατο.
1378 1655 1519 1729 Ἐγὼ
1576 1653 1634 1709 δὲ
1693 1657 1721 1711 ὁ
1770 1655 1970 1712 ἐλεεινὸ

2182 1677 2274 1715 10s
2303 1662 2715 1732 apprehendit,
2754 1668 3130 1733 peccatorum
3165 1665 3596 1735 indulgentiam
3620 1670 3778 1720 retu-

374 1738 509 1795 ὅλον
542 1715 638 1794 σου
660 1715 945 1813 τὸησῶμα
1000 1715 1231 1797 πολλῶν
1289 1715 1557 1813 δέξασθαι,
1621 1746 1695 1817 μή
1748 1746 1970 1823 καταφλι

2341 1715 2399 1732 ι.
2682 1715 2714 1729 γι
2755 1715 2773 1733 ι
3166 1715 3750 1735 ‘—""’n"“"""""‘

2179 1757 2218 1807 t.
2252 1754 2366 1824 Ego
2386 1768 2520 1806 vero
2548 1754 2727 1806 miser
2747 1769 3009 1824 prorsus,
3042 1755 3141 1825 qui
3162 1760 3348 1810 totum
3369 1773 3581 1826 corpus
3608 1761 3775 1810 tuum

371 1829 592 1905 χθείην,
625 1828 770 1884 ἀλλὰ
800 1827 940 1903 δέξαι
990 1850 1056 1902 με
1113 1829 1293 1907 ὥσπερ
1353 1832 1578 1903 ἐκείνας,
1634 1833 1725 1888 καὶ
1785 1836 1967 1913 φώτισι

2175 1840 2388 1911 :cipere
2432 1840 2638 1907 audeo,
2688 1840 2916 1895 utinam
2957 1842 3027 1896 ab
3060 1842 3333 1898 incendio
3387 1843 3669 1898 immunis
3712 1847 3771 1898 et

374 1939 483 1990 μου
512 1918 579 1973 τὰ
605 1924 706 1987 τῆς
763 1922 949 1995 ψυχῆς
1002 1919 1351 1993 αἴσθητήρια,
1408 1922 1759 2001 καταφλέγων
1820 1946 1970 1997 μουαι

2162 1928 2318 1983 alvus
2358 1929 2636 1983 evadam:
2688 1928 2791 1983 sed
2841 1946 2934 1984 me
2982 1936 3049 1985 ut
3092 1931 3224 1986 illas
3277 1932 3419 1986 olim
3452 1931 3758 2002 suscipias,

366 2012 471 2075 τῆς
531 2008 799 2081 ἁμαρτίας
858 2007 1198 2083 ἐγκλήματα.
1264 2005 1579 2084 Πρεσϐείαις
1630 2018 1732 2079 τῆς
1762 2013 1962 2089 ἆσπόρο

2162 2019 2429 2088 nimique
2461 2034 2673 2072 sensus
2704 2018 3026 2084 illumines,
3059 2021 3286 2075 cunctis
3326 2020 3548 2091 peccati
3584 2020 3758 2074 reati-

362 2093 631 2164 τεκούσης
664 2115 741 2167 σε,
773 2095 864 2173 κίιί
892 2100 1001 2151 τῶν
1058 2096 1392 2173 ἐπουρανίων
1450 2095 1750 2171 δυνάμεων·
1809 2099 1890 2154 ὅτι
1922 2103 1958 2154 ει

2167 2122 2231 2160 us
2259 2106 2605 2170 combustis,
2652 2105 2811 2159 illius
2854 2107 3405 2175 interventionibus,
3457 2124 3587 2177 quas
3637 2107 3763 2162 sine

367 2180 610 2257 λογῆτὸς
640 2184 689 2238 εἴ
710 2183 786 2246 εἷς
815 2182 942 2246 τοὺς
974 2184 1175 2245 αἰῶνας
1197 2188 1305 2239 τῶν
1336 2184 1573 2244 αἲώνων.
1604 2188 1661 2240 Ἀ
1677 2188 1805 2261 μήν.

2168 2195 2347 2248 smine
2378 2194 2580 2265 genuit
2602 2185 2624 2247 ε’
2649 2194 2930 2263 quoniam
2960 2193 3307 2250 benedictus
3338 2212 3400 2250 es
3430 2195 3491 2248 in
3544 2194 3764 2250 saecula

2120 2281 2493 2335 saeculorum.
2536 2282 2744 2335 Amen.

833 2386 990 2463 Εὐχή
1023 2388 1177 2463 ὶτὲρα
1216 2392 1314 2444 τοῦ
1359 2389 1547 2445 αὐτοῦ.

2554 2394 2817 2464 Ejusdem
2838 2397 3089 2465 precatio
3117 2396 3308 2451 altera.

442 2502 804 2577 Τετρωμένος
832 2502 1054 2580 καρδίαν
1087 2505 1200 2577 εἰμὶ
1261 2503 1387 2579 ἐγώ·
1449 2501 1658 2576 ἑξέτηξὲ
1688 2527 1756 2579 με
1785 2508 1812 2562 ὁ
1846 2508 2012 2578 ζῆλός

2189 2509 2375 2564 Corde
2424 2509 2763 2565 vulneratus
2811 2525 2916 2581 ego
2968 2526 3137 2565 sum:
3168 2509 3470 2564 tabescere
3499 2526 3595 2565 me
3624 2510 3764 2566 fecit

369 2612 493 2659 σου,
521 2591 804 2661 ἠλλοίωσὲ
862 2613 930 2665 με
984 2595 1019 2663 ἡ
1074 2593 1255 2669 ἀγάπη
1311 2613 1430 2663 σου,
1481 2593 1745 2649 Δέσποτα·
1792 2593 1965 2668 δέσμιι

2156 2596 2275 2651 elus
2306 2602 2442 2651 tuus
2464 2602 2523 2651 et
2542 2598 2874 2652 aamulatio:
2900 2597 3232 2652 immutavit
3257 2613 3349 2651 me
3371 2596 3607 2651 dilectio
3632 2604 3752 2667 tua,

369 2680 595 2753 εἶμιτῷ
641 2679 800 2756 ἔρωτί
858 2703 975 2741 σου.
1009 2680 1424 2755 Ἐμπλησθείην
1483 2704 1579 2737 σου
1635 2688 1741 2737 τῶν
1775 2689 1965 2759 σαρκῶε

2160 2686 2399 2739 lomine:
2432 2687 2661 2740 vinctus
2691 2702 2822 2740 sum
2852 2702 2957 2757 ego
3003 2702 3203 2741 amore
3231 2685 3386 2740 912
3416 2685 3521 2739 tui.
3554 2686 3756 2740 Carni-

371 2770 682 2843 κορεσθείην
733 2775 828 2827 τοῦ
886 2775 1090 2846 ζωεροῦ
1146 2772 1235 2827 καὶ
1294 2776 1552 2836 θεοποιοῦ
1608 2771 1838 2845 αἳματός
1891 2794 1967 2828 σοι

2160 2789 2228 2827 us
2252 2772 2368 2827 tuis
2391 2772 2660 2843 implear,
2684 2789 2883 2843 quasso
2909 2789 2921 2827 :
2948 2773 3174 2827 viviﬂco
3195 2771 3525 2842 deiﬂcoque
3546 2788 3754 2828 cruore

367 2859 743 2934 ἀπολαύσαιμι
791 2882 898 2917 των
951 2862 1191 2936 ἀγαθῶν·
1240 2863 1717 2939 κατατρυφτίσαιμι
1762 2869 1860 2931 τῆς
1909 2870 1963 2917 ei

2157 2877 2218 2915 uo
2245 2866 2474 2916 saturer
2500 2876 2512 2913 :
2543 2859 2716 2915 bonis
2754 2861 3024 2932 perfruar
3051 2861 3187 2914 tuis.
3221 2860 3444 2915 Deitate
3476 2865 3578 2915 tua
3606 2861 3753 2916 deli-

364 2947 643 3017 θεότητος·
676 2947 821 3020 ἄξιος
852 2950 1111 3026 γενοίμην
1144 2949 1432 3025 ἐρχομένῳ
1467 2949 1601 3023 μετὰ
1629 2947 1790 3022 δόξης
1843 2951 1960 3005 ὑπω

2155 2951 2239 3005 ier
2263 2966 2275 3003 :
2299 2949 2513 3021 dignus
2534 2948 2778 3015 efﬁciar,
2803 2950 2903 3019 qui
2926 2949 3031 3004 tibi
3054 2965 3189 3004 cum
3211 2949 3398 3022 gloria
3417 2948 3751 3006 advenienti

361 3035 527 3105 τῆσαί
582 3058 690 3106 σοι,
749 3038 988 3112 ἑναὲριος
1046 3040 1304 3113 ἁρπαγεὶς
1342 3038 1393 3093 ὲν
1434 3037 1686 3118 νεφέλαις
1744 3038 1834 3093 σὺν
1878 3044 1953 3094 πᾶ

2158 3039 2322 3095 bvius
2351 3054 2612 3110 pergam,
2643 3038 2705 3093 in
2737 3053 2934 3093 aerem
2964 3043 3166 3109 raptus
3195 3038 3256 3092 in
3308 3038 3583 3105 nubibus,
3618 3055 3751 3094 cum

358 3146 484 3188 τοις
510 3125 789 3189 ἂκλεκτοῖς
820 3149 939 3196 σου,
972 3128 1046 3189 ὡς
1078 3126 1137 3182 ἃν
1200 3129 1374 3199 ὑμνῶ,
1423 3128 1515 3183 καὶ
1582 3132 1894 3202 προσκυνῶ,
1920 3149 1954 3183 κ

2160 3126 2397 3209 mnibus
2428 3126 2632 3180 electis
2661 3126 2800 3193 tuis,
2820 3130 2887 3179 ut
2916 3132 2973 3180 te
3003 3124 3262 3190 laudem,
3291 3125 3673 3196 adoremque,
3697 3132 3756 3181 et

366 3212 576 3285 δοξάζω
630 3231 695 3270 σε’
758 3215 1093 3290 εὐχαρίστως
1147 3215 1197 3271 ἐν
1248 3216 1638 3291 ἐξομολογήσει
1674 3260 1688 3287 ,
1764 3216 1856 3271 σὺν
1930 3238 1960 3272 τ

2156 3215 2460 3279 lariﬂcem,
2492 3215 2708 3287 gratias
2733 3231 2915 3287 agens
2952 3215 3015 3269 in
3046 3214 3439 3282 confessione,
3470 3231 3606 3269 cum
3652 3220 3752 3270 tuo

363 3301 594 3378 ἁνάρχῳ
623 3323 719 3357 σου
750 3303 923 3376 Πατρὶ
971 3304 1061 3358 καὶ
1105 3308 1185 3375 τῷ
1231 3304 1496 3379 παναγίῳ,
1545 3304 1637 3359 καὶ
1685 3305 1890 3381 ἀγαθῷ,
1920 3326 1959 3359 κε

2156 3309 2289 3360 ‘atre
2324 3309 2382 3358 et
2407 3303 2803 3372 sanctissimo,
2849 3304 3212 3375 optimoque,
3246 3308 3304 3357 et
3330 3303 3461 3357 vita
3514 3308 3752 3358 auctore

369 3396 631 3464 ζωοποιῷ
669 3412 768 3447 σου
820 3391 1116 3464 Πνεύματι,
1177 3397 1287 3463 νῦν,
1318 3394 1409 3448 καὶ
1465 3394 1570 3465 ἀεὶ,
1601 3393 1692 3449 καὶ
1751 3393 1826 3456 εἰς
1879 3392 1965 3449 τοὶ

2157 3394 2336 3465 piritu
2368 3398 2488 3460 tuo,
2520 3408 2679 3448 nunc
2706 3397 2765 3447 et
2793 3407 3047 3463 semper,
3080 3396 3139 3447 et
3166 3391 3228 3446 in
3258 3392 3477 3447 saacula
3507 3391 3753 3447 saeculo-

360 3479 564 3544 αἰῶνας
594 3484 704 3537 τῶν
735 3480 972 3539 αἰῶνων.
998 3482 1197 3555 Ἀμήν.

916 3503 972 3539 ιν.
998 3482 1197 3555 Ἀμήν.
2116 3500 2270 3540 rum.
2303 3486 2512 3539 Amen.

3328 3639 3723 3654 ﬂ

3327 3657 3724 3670 ﬂ

1715 3798 1769 3870 A
1786 3788 2380 3875 DMONITIO.

434 3937 759 3991 Damasceni
814 3936 1062 3989 carmina
1110 3941 1162 3989 et
1211 3935 1428 3991 cantica
1472 3936 1595 4007 jam
1651 3934 1785 3991 olim
1838 3943 1968 3991 ante
2022 3937 2208 3992 seculi
2272 3937 2470 3991 decimi
2536 3937 2684 3991 sexti
2746 3936 3007 4007 medium;
3037 3936 3217 3989 Romae
3270 3950 3468 3989 excusa
3520 3936 3745 4007 fuerant

356 4009 539 4064 Graece
594 4009 892 4075 Latineque
947 4007 1015 4060 ab
1070 4007 1219 4061 Aldo
1289 4005 1558 4072 Manutio,
1617 4010 1879 4073 Romano,
1966 4009 2272 4062 eorumdem
2348 4010 2675 4076 interprete,
2752 4022 2872 4060 cum
2951 4005 3078 4060 aliis
3151 4006 3389 4076 Cosmaer
3430 4006 3742 4074 Hierosoly-

355 4077 559 4133 mitani
592 4117 606 4141 ,
666 4079 839 4147 Marci
889 4078 1231 4147 Hydruntini
1280 4078 1625 4147 Theophanis
1658 4120 1672 4144 ,
1725 4084 1777 4131 et
1832 4077 2070 4133 Scolarii
2092 4096 2114 4141 ;
2162 4096 2223 4133 ac
2279 4075 2507 4133 subinde
2553 4079 2747 4132 Latine
2805 4082 3018 4130 tantum
3092 4077 3159 4129 ab
3215 4075 3453 4130 Henrico
3521 4076 3741 4147 Gravia,

356 4149 567 4203 ordinis
624 4145 1059 4202 Przdicatorum
1084 4192 1099 4216 ,
1156 4150 1214 4202 in
1270 4145 1510 4203 editione
1584 4147 1893 4203 Coloniensi
1945 4150 2079 4203 anni
2141 4150 2296 4216 1556,
2354 4165 2677 4218 rursumque
2732 4150 2918 4203 Grmcc
2975 4152 3026 4199 et
3078 4148 3274 4200 Latine
3332 4148 3388 4200 in
3443 4145 3746 4201 Basiteensi

356 4236 501 4274 anno
558 4221 715 4276 1575.
808 4234 872 4272 ac
925 4219 1143 4272 tandem
1210 4219 1266 4271 in
1352 4220 1745 4274 Parisiensibus
1822 4220 2150 4273 editionibus
2206 4236 2276 4273 e:c
2325 4220 2514 4273 Jacobi
2570 4218 2741 4273 Biblii
2795 4219 3272 4285 interpretatione.
3335 4219 3576 4271 Manutii
3619 4233 3743 4271 ver-

354 4293 561 4346 sionem
592 4334 606 4353 ,
656 4288 790 4359 quia
834 4289 1056 4343 verbum
1102 4306 1129 4342 e
1182 4290 1343 4343 verbo
1386 4290 1679 4357 reddidit,
1741 4307 1769 4344 e
1813 4293 2036 4358 regione
2091 4297 2378 4344 contextus
2456 4292 2631 4345 Graeci
2707 4288 3092 4357 opponendum
3166 4287 3327 4359 duan',
3372 4290 3567 4356 paucis
3614 4288 3741 4341 hinc

355 4360 486 4416 inde
544 4358 819 4423 mutatis;
875 4366 989 4413 tum
1037 4360 1229 4414 deinde
1304 4361 1603 4415 Billianam
1659 4363 1850 4416 stricta
1896 4363 2137 4414 oratione
2210 4360 2595 4430 metaphrasim
2675 4360 2929 4429 subjicio,
3008 4364 3200 4426 utpote
3254 4358 3563 4411 liberiorem
3594 4400 3609 4424 ,
3668 4374 3740 4430 ac

353 4446 480 4502 quae
509 4446 721 4485 sensum
751 4432 991 4485 auctoris
1020 4446 1083 4484 ex
1117 4436 1232 4502 toto
1270 4447 1379 4485 non
1438 4432 1651 4501 efferat.
1683 4433 1782 4485 His
1834 4432 1974 4485 idem
2030 4431 2224 4486 Bittius
2280 4429 2495 4485 addidit
2551 4446 2700 4485 suam
2758 4431 3174 4502 primaegpartis
3198 4430 3452 4484 Octoechi
3500 4429 3737 4502 transla-

358 4500 576 4566 tionem,
600 4517 774 4575 aqua
802 4501 1184 4575 nuncicdenda
1223 4500 1487 4575 abstineo,
1520 4503 1648 4556 dum
1678 4508 1821 4556 certo
1867 4502 2182 4571 dignoscere
2226 4508 2420 4572 potero
2449 4504 2673 4575 quinam
2724 4516 2906 4555 versus
2955 4500 3184 4554 Joannis
3239 4501 3558 4555 Damasceni
3605 4500 3736 4563 sint,

355 4576 585 4643 quinam
614 4572 882 4639 Anatolii,
914 4571 1285 4641 Metrophanis
1314 4579 1366 4627 et
1394 4572 1652 4627 aliorum.

498 4790 807 4847 ῐΩΑΝΝΟΥ
854 4790 991 4846 ΤΟΥ
1029 4788 1527 4858 ΔΑΜΑΣΚΗΝΟΥ,
1569 4789 1678 4845 ΕΙΣ
1715 4793 1855 4844 ΤΗΝ

966 4859 1382 4915 ΘΕΟΓΟΝΙΑΝ.

2244 4791 2530 4846 JOANNIS
2570 4791 2970 4847 DAMASCENI
3008 4792 3079 4846 IN
3117 4790 3592 4846 THEOGONIAM.

922 4961 1001 5021 Οὖ
1021 4966 1056 5033 ἡ
1084 4962 1426 5040 ἆκροστιχίς.

2594 4967 2943 5037 Principium
2969 4982 3240 5021 versuum.

348 5068 579 5138 Εὐεπίης
613 5070 893 5144 μελέεσσιν
925 5069 1158 5146 ξφύμνια
1187 5072 1355 5122 ταῦτα
1385 5066 1637 5144 λιγαίνει,

2171 5070 2458 5126 Jucundis
2487 5071 2761 5126 cantibus
2799 5072 3005 5143 hymni
3037 5070 3134 5126 isti
3168 5075 3388 5127 canunt

1587 5186 1635 5241 J.
1676 5186 1889 5242 BILLlI
1925 5187 2502 5242 INTERPRETATIO.

350 5289 415 5341 D.
446 5286 677 5340 Joannis
732 5284 1051 5339 Damasceni
1105 5282 1172 5335 de
1225 5282 1430 5355 Christi
1478 5285 1788 5352 nativitate,
1819 5286 1989 5339 iambi
2170 5284 2456 5347 Christus,
2484 5285 2583 5355 qui
2615 5283 2744 5339 fieri
2773 5300 2893 5338 non
2925 5283 3213 5339 dubitavit
3232 5284 3409 5339 homo
3443 5300 3456 5337 :

412 5355 751 5427 pentastichi
773 5371 791 5408 :
834 5369 1065 5423 quorum
1087 5355 1292 5423 primae
1321 5353 1517 5407 littera:
1554 5356 1613 5408 in
1660 5355 1845 5410 Greco
1876 5356 1987 5410 haec
2102 5398 2136 5452 S
2504 5353 2517 5355 ἡ
2548 5400 2557 5409 .
2667 5400 2677 5409 .
2848 5398 2858 5409 .
3006 5397 3016 5407 .
3599 5398 3609 5407 .

427 5429 530 5454 λη,
562 5426 809 5454 ,τηκεηιη
851 5426 1093 5454 ,θεάων
2142 5398 2362 5454 olveret
2388 5404 2454 5454 ut
2482 5416 2681 5454 miseri
2712 5414 2973 5452 moriens
3002 5399 3379 5454 incommoda
3407 5397 3635 5453 mundi.

422 5426 531 5483 duo
560 5426 810 5496 dysticha
848 5426 1109 5494 efﬁciunt.

356 5514 633 5571 Versibus
664 5513 757 5568 his
785 5512 1016 5569 canitur
1046 5511 1279 5568 soboles
1302 5517 1525 5569 mterna
1549 5514 1847 5584 Tonantis,
2099 5514 2198 5571 His
2226 5514 2385 5569 hunc
2415 5515 2572 5569 solve
2601 5513 2794 5582 malis,
2823 5514 2923 5584 qui
2952 5513 3112 5569 canit
3140 5514 3270 5581 ista,
3304 5514 3476 5569 Deus.
