4042 6154
317 291 424 348 819
1583 292 1645 360 s.
1686 288 1988 345 JOANNIS
2020 285 2441 343 DAMASCENI
3597 282 3705 339 820

317 416 533 473 Filium
563 415 686 481 Dei,
714 414 1027 469 hominum
1057 410 1246 486 gratia
1273 415 1478 467 natum

1988 412 2042 479 Α
2070 406 2167 463 Υϊά
2196 412 2350 478 Θεοῦ,
2385 409 2637 483 μερόπων
2667 405 2838 463 ε’ίνεκα
2863 403 3199 480 τικτόμενον.

315 508 382 561 In
413 510 586 573 terra,
622 508 681 559 et
724 502 1049 559 solventem
1106 500 1549 556 luctuosissima
1602 504 1911 555 nocument

2069 498 2155 555 Ἐν
2189 498 2366 574 χθονὶ,
2398 498 2489 552 καὶ
2521 496 2721 554 λύοντα
2748 496 3059 553 πολύπονα
3088 497 3315 571 πήματα
3342 494 3575 569 κόσμου,

1631 587 1885 659 [mundi.

317 680 428 736 Sed
454 697 486 735 ο
518 682 659 747 Rex,
692 679 991 733 locutores
1024 675 1210 731 libera
1240 675 1310 729 ab
1337 674 1432 729 his
1459 674 1780 730 laboribus.

1634 675 1780 730 ibus.
2066 672 2221 731 Ἀλλ’
2251 676 2369 743 ἄνα,
2403 672 2643 751 ῥητῆρας
2676 674 2799 751 ῥύεο
2829 671 3001 730 τῶνδε
3027 671 3230 731 πόνων.

387 769 636 824 Salvavit
657 766 943 839 populum
974 765 1128 820 mira
1157 769 1399 835 patrans
1424 764 1623 831 herus,

2140 772 2350 822 Ἕσωσε
2381 775 2512 822 Ααον
2546 769 2972 841 θαυματουργῶν
3007 764 3294 839 δεσπότης,

319 856 624 928 Siquidam
655 855 835 910 maris
862 854 1084 909 undam
1115 853 1421 907 exsiccans
1447 851 1590 907 olim
1617 868 1629 905 :

2067 856 2255 930 Ὑγρὸν
2292 857 2568 926 θαλάσσης
2595 857 2742 929 κύμα
2771 856 3054 931 χερσώσας
3084 855 3276 910 πάλαι.

316 948 443 1001 Non
475 944 694 999 invitus
715 946 914 999 autem
938 947 1111 996 natus
1134 958 1203 995 ex
1225 940 1447 1013 puella,
1471 940 1681 995 callem
1714 956 1912 996 access

1714 939 1961 996 accessi-
2067 945 2238 1002 Έκὼν
2271 943 2328 1000 δὲ
2355 944 2570 1020 τεχθεὶς
2598 944 2659 1002 ἐκ
2685 946 2876 1022 κόρης,
2905 939 3099 1022 τρίϐον
3137 945 3304 1020 βατήν

1684 1028 1890 1099 [bilem

315 1122 441 1177 Poli
472 1120 640 1193 ponit
670 1119 865 1188 nobis,
898 1136 1074 1191 quem
1098 1117 1430 1175 secundum
1462 1118 1853 1174 substantiam

1552 1119 1853 1174 )stantiam
2067 1121 2246 1178 ΙΙόλον
2277 1122 2485 1192 τίθησιν
2518 1124 2678 1195 ἡμῖν,
2708 1122 2766 1178 ’ὀν
2798 1123 2915 1177 κατ’
2943 1120 3148 1190 οὐσίαν,

316 1211 619 1282 Equalcm
651 1210 806 1264 Patri
840 1213 898 1264 et
925 1208 1277 1263 mortalibus
1308 1207 1730 1281 gloriﬁcamus.

393 1300 650 1356 Portavit
680 1304 882 1353 venter
912 1302 1175 1353 sacratus
1208 1297 1483 1363 Verbum,

320 1389 624 1444 Manifeste
656 1387 1028 1442 incombusto
1065 1386 1347 1457 ﬁguratus
1376 1384 1546 1451 rubo,

320 1478 707 1533 Commistum
737 1474 943 1529 formae
970 1474 1231 1541 mortali,
1267 1474 1392 1540 Dei,

316 1569 444 1623 Eva)
475 1566 759 1620 miserum
786 1570 1054 1619 ventrem
1086 1563 1501 1618 maledictione
1536 1567 1766 1618 vetusta

318 1655 556 1710 Solvens
587 1670 810 1721 amara,
844 1652 1001 1724 quod
1032 1651 1313 1707 mortales
1354 1651 1777 1723 gloriﬁcamus.

392 1743 661 1799 Ostendit
688 1741 861 1797 stella
890 1741 1049 1811 quod
1072 1740 1195 1794 sole
1224 1745 1313 1794 est
1343 1739 1530 1810 prius,
1558 1739 1830 1806 Verbum,

318 1830 653 1887 Proiectum
686 1829 759 1885 ad
787 1828 1115 1884 sedandum
1144 1833 1471 1899 peccatum,
1514 1826 1717 1899 Magis,

325 1920 528 1976 Palam
559 1934 879 1991 pauperem
908 1917 971 1971 in
1013 1916 1377 1987 speluncam,
1422 1914 1887 1986 misericordem,

325 2011 399 2063 Te
429 2008 628 2063 fasciis
662 2007 1028 2071 involutum;
1061 2004 1219 2075 quod
1259 2003 1439 2058 laetati

328 2095 614 2150 Viderunt
644 2094 819 2161 idem,
856 2099 913 2147 et
944 2092 1214 2157 mortale,
1247 2097 1305 2146 et
1336 2092 1676 2146 Dominum.

394 2186 604 2237 Annue
635 2181 709 2236 ad
740 2182 993 2252 hymnos
1025 2196 1347 2245 servorum,
1374 2178 1733 2247 benefactor,

320 2270 552 2325 Inimici
590 2269 912 2323 humilians
945 2267 1163 2322 elatum
1201 2266 1605 2337 supercilium,

320 2361 676 2428 Ferensque,
712 2357 813 2427 qui
845 2361 1059 2411 cuncta
1087 2355 1302 2422 cernis,
1334 2359 1572 2425 peccato

324 2449 589 2517 Desuper
618 2444 1006 2499 immobiliter
1036 2444 1322 2510 ﬁrmatos,

321 2538 364 2591 Ο
394 2536 585 2601 beate,
619 2537 889 2588 cantores
922 2531 1296 2585 ﬁrmamento
1329 2529 1486 2585 ﬁdei.

393 2624 633 2694 Sponsae
663 2635 931 2692 perpuraa
961 2617 1128 2674 valde
1159 2617 1396 2673 divitem
1428 2623 1660 2689 partum

326 2712 533 2767 Videre
568 2725 746 2780 supra
776 2724 1018 2763 sensum
1050 2706 1262 2778 dignus
1290 2706 1480 2761 factus
1511 2706 1747 2774 chorus,

322 2801 459 2873 Agri
489 2800 689 2854 incola
716 2796 1059 2852 movebatur
1084 2795 1344 2849 mirabili
1376 2795 1571 2863 modo,

324 2888 626 2951 Ordinem,
657 2889 1106 2954 canentemque,
1140 2883 1629 2955 iucorporeurum

331 2980 547 3049 Regem
578 2975 875 3029 Christum
906 2973 1034 3028 sine
1066 2972 1290 3027 semine
1318 2972 1710 3027 incarnatum.

392 3062 740 3120 Celsitudini
762 3062 1062 3134 imperans
1083 3060 1385 3129 caelorum,
1400 3060 1472 3115 ob
1491 3060 1962 3118 misericordiam

320 3153 522 3209 Exstat
551 3150 876 3207 secundum
905 3166 1016 3206 nos
1040 3166 1111 3205 ex
1141 3149 1392 3220 innupta
1426 3148 1675 3221 Virgine,

327 3241 580 3296 Materia)
613 3256 822 3310 expers
856 3238 1114 3293 existens
1145 3242 1302 3303 ante,
1336 3236 1440 3291 sed
1471 3237 1534 3291 in
1566 3237 1845 3292 extremis

328 3328 586 3383 Verbum
626 3327 1056 3398 impinguatum
1088 3341 1289 3393 carne,
1320 3340 1495 3380 carne
1526 3324 1893 3398 prolapsum,

324 3420 400 3473 Ut
423 3415 499 3471 ad
530 3432 591 3471 se
621 3415 885 3469 traheret
913 3429 1088 3483 quem
1120 3413 1312 3483 primo
1342 3412 1718 3469 formaverat.

398 3503 638 3559 Generis
668 3501 935 3557 mortalis
966 3500 1447 3555 reformationem
1473 3500 1616 3555 olim

322 3593 551 3647 Canens
595 3592 882 3664 propheta
913 3588 1270 3654 Habbacum,
1303 3589 1685 3659 praenuntiat,

322 3682 529 3737 Videre
552 3679 839 3736 ineffabili
868 3676 1041 3733 modo
1081 3676 1294 3750 dignus
1322 3677 1511 3733 factus
1557 3678 1827 3750 ﬁguram.

320 3772 519 3826 Novus
547 3769 746 3824 infans
775 3769 935 3824 enim
966 3783 1035 3820 ex
1067 3772 1269 3820 monte
1301 3783 1405 3821 seu
1438 3767 1669 3837 Virgine

323 3859 533 3923 Exivit,
565 3858 638 3913 ad
668 3855 1022 3928 populorum
1049 3854 1554 3921 reformationem,
1586 3852 1861 3909 Verbum.

390 3950 502 4003 Par
530 3944 867 4018 processisti
897 3942 1244 3998 mortalibus
1265 3946 1493 4013 sponte,

1992 1774 2039 1838 Β

2066 1209 2205 1267 Ἰσόν
2235 1231 2292 1265 τε
2322 1211 2489 1286 Πατρὶ
2519 1211 2608 1265 καὶ
2643 1211 2863 1286 βροτοῖς
2886 1207 3202 1284 δοξάζομεν.

2138 1299 2366 1374 Ἣνεγκε
2392 1299 2598 1374 γαστήρ
2625 1299 2955 1374 ἡγιασμένη,
2987 1300 3185 1372 Λόγον,

2069 1393 2263 1465 Σαφως
2298 1383 2577 1465 ἀφλὲκτως
2608 1388 3038 1465 ζωγραφουμένη
3073 1385 3246 1463 βάτῳ,

2068 1476 2309 1550 Μιγὲντα
2343 1478 2526 1553 μορφῇ
2555 1479 2625 1548 τῇ
2660 1474 2946 1551 βροτησίᾳ,
2978 1478 3137 1544 Θεοῦ,

2066 1560 2207 1626 Εὔας
2238 1563 2491 1618 τάλαιναν
2524 1560 2690 1633 νηδύν
2723 1562 2853 1638 ἀρᾶς
2882 1569 2981 1631 τῆς
3010 1562 3200 1631 πάλαι,

2067 1646 2273 1706 Λύοντα
2300 1656 2516 1727 πικρᾶς,
2550 1650 2608 1705 ’ὸν
2643 1650 2829 1725 βροτοὶ
2861 1647 3178 1723 δοξάζομεν.

2135 1737 2368 1810 ’Έδειξεν
2404 1740 2572 1813 ἀστὴρ
2601 1739 2693 1793 τὸν
2726 1740 2831 1815 πρὸ
2861 1736 3029 1808 ἡλίου
3058 1737 3254 1813 Λόγον,

2077 1826 2340 1885 Ἐλθόντα
2368 1831 2569 1882 παῦσαι
2600 1829 2698 1896 τὴν
2732 1826 3019 1901 ἁμαρτίαν,
3053 1824 3283 1899 Μάγοις,

2078 1920 2272 1993 Σαφῶς
2299 1917 2560 1989 πενιχρὸν
2593 1913 2669 1975 εἱς
2699 1915 2859 1976 σπὲος
2886 1914 2980 1969 τὸν
3012 1919 3293 1986 συμπαθῆ,

2078 2004 2149 2058 Σὲ
2180 2004 2507 2078 σπαργάνοις
2540 2001 2778 2067 ἑλικτὸν,
2803 2002 2860 2056 ’ὸν
2893 2002 3203 2077 γεγηθότες,

2076 2087 2233 2146 Εἶδον
2264 2090 2353 2144 τὸν
2386 2088 2564 2158 αὐτὸν,
2596 2089 2685 2143 καὶ
2720 2088 2937 2164 βροτὸν,
2969 2088 3059 2143 καὶ
3090 2086 3286 2163 Κύριον

2146 2182 2348 2236 Νεῦσον
2375 2179 2510 2252 πρὸς
2543 2175 2746 2250 ὕμνους
2777 2177 3024 2249 οἰκετῶν,
3055 2175 3321 2251 εὐεργὲτα,

2076 2266 2317 2340 Ἐχθροῦ
2335 2269 2602 2321 ταπεινῶν
2630 2264 2730 2333 τήν
2762 2264 3074 2339 ἐπηρμένην
3106 2262 3294 2342 ὀφρύν.

2079 2353 2264 2425 Φέρων
2295 2375 2371 2420 τε,
2395 2353 2763 2421 παντεπόπτα,
2791 2359 2891 2422 τῆς
2923 2353 3190 2426 ἁμαρτίας

2076 2441 2328 2515 ’Ὑπερθεν
2361 2439 2662 2510 ἀκλόνητον
2693 2438 3112 2516 ἐστηριγμένους

2078 2529 2293 2604 Μάκαρ,
2331 2526 2614 2601 μελῳδοὺς
2639 2532 2709 2602 τῇ
2745 2529 2893 2603 βάσει
2922 2534 3025 2597 τῆς
3056 2526 3309 2589 πίστεως.

2145 2617 2384 2692 Νύμφης
2413 2614 2685 2689 πανάγνου
2713 2616 2804 2670 τὸν
2839 2610 3130 2671 πανόλϐιον
3161 2614 3345 2683 τόκον,

2077 2702 2234 2762 Ἰδεῖν
2267 2706 2397 2781 ὑπὲρ
2426 2710 2550 2761 νοῦν
2583 2706 2889 2779 ἠξιωμένος
2921 2704 3111 2780 χορός,

2074 2793 2385 2868 Ἄγραυλος
2416 2792 2691 2849 ἐκλονεῖτο
2718 2797 2797 2864 τῷ
2828 2793 2961 2865 ξένῳ
2991 2792 3199 2866 τρόπῳ,

2076 2881 2236 2953 Τάξιν
2274 2883 2623 2957 μελῳγοῢσάν
2650 2902 2710 2936 τε
2735 2886 2841 2934 τῶν
2872 2881 3201 2953 ἀσωμάτων,

2077 2970 2316 3025 ’Ἄνακτα
2344 2970 2598 3045 Χριστὸν,
2630 2969 2883 3044 ἀσπόρως
2911 2969 3298 3042 σαρκούμενον.

2147 3060 2346 3131 Ὕψους
2376 3058 2618 3112 ἀνάσσων
2651 3055 2914 3132 οὐρανῶν,
2945 3053 3321 3133 εὐσπλαγχνίᾳ

2003 3128 2045 3195 C
2081 3128 2238 3201 Τελεῖ
2264 3148 2382 3200 καθ’
2412 3148 2557 3218 ἡμᾶς
2590 3142 2642 3215 ἐξ
2672 3128 3011 3222 ἀνυμφεύτου
3040 3128 3230 3219 κόρήέξ

2079 3235 2280 3296 ἈϋΑος
2312 3230 2384 3288 ὢν
2416 3232 2736 3307 τοπρόσθεν,
2770 3230 2898 3288 ἀλλ’
2928 3231 3012 3287 ἐπ’
3042 3231 3286 3307 ἐσχάτων

2072 3323 2250 3397 Λόγος
2280 3320 2571 3396 παχυνθεὶς
2605 3319 2783 3394 σαρκὶ,
2815 3320 2905 3374 τὸν
2937 3319 3288 3390 πεπτωκότα,

2073 3411 2188 3468 Ἵνα
2216 3410 2351 3484 πρὸς
2382 3410 2544 3464 αὐτὸν
2576 3408 2778 3483 ἱλκόσῃ
2809 3409 3238 3482 πρωτόκτιστυν.

2145 3498 2338 3560 Γένους
2375 3497 2616 3572 βρετείου
2644 3496 2743 3565 τὴν
2776 3494 3075 3552 ἀνάπλασιν
3105 3494 3299 3570 πάλαι,

2081 3584 2235 3659 ᾼδων
2267 3588 2559 3664 προφήτης
2591 3579 2934 3658 ’Δϐϐακοὺμ,
2966 3584 3298 3659 προμηνύει,

2077 3673 2233 3733 Ἰδεῖν
2265 3675 2551 3751 ἀφράστως
2579 3671 2825 3743 ἀξιωθεὶς
2854 3672 2945 3727 τὸν
2977 3673 3169 3731 τύπον.

2078 3765 2211 3818 Νέον
2247 3765 2442 3841 βρέφος
2469 3762 2568 3836 γὰρ
2601 3761 2650 3834 ἐξ
2683 3757 2842 3834 ὅρους
2868 3767 2966 3829 τῆς
2997 3762 3266 3834 παρθένου

2078 3851 2306 3922 Ἐξῆλθε
2337 3851 2484 3907 λαῶν
2518 3850 2592 3912 εἰς
2627 3851 2951 3916 ἀνάπλασιν,
2983 3850 3176 3924 Λόγος.

2148 3942 2290 4002 Ἰσος
2320 3937 2594 4015 προῆλθες
2619 3941 2736 3999 τοῖς
2771 3937 2989 4012 βροτοῖς
3018 3937 3296 4012 ἑκουσίως,

1562 4091 1608 4146 J.
1652 4092 1854 4147 BILLH
1892 4091 2472 4148 INTERPRETATIO.

319 4237 485 4300 Plebi
517 4236 764 4293 salutem
799 4233 1070 4303 contulit,
1104 4234 1317 4289 mirum
1350 4234 1411 4289 in
1432 4233 1674 4289 modum

321 4315 499 4368 Verso
529 4312 772 4378 repente
799 4306 1065 4378 Christus
1095 4306 1410 4378 inisiccum
1452 4306 1620 4361 mari.

322 4386 395 4439 At
424 4397 495 4435 ex
524 4377 948 4451 puellanatus,
981 4377 1284 4451 in_ca:lum
1314 4378 1467 4451 viam

321 4452 499 4510 Nobis
527 4447 801 4508 recludit.
835 4463 1021 4518 quem,
1042 4448 1158 4518 Deo
1183 4448 1337 4502 Patri
1369 4463 1592 4518 parem,

324 4528 665 4590 Rursusque
694 4518 864 4573 nobis
895 4517 1191 4590 credimus
1221 4535 1352 4571 vere
1370 4517 1602 4589 parem.

398 4586 612 4646 Vente'r
633 4595 916 4653 sacratus,
947 4588 1079 4658 igne
1110 4604 1285 4656 quem
1318 4586 1438 4658 non
1471 4586 1695 4642 torrida

323 4664 601 4737 Signabat
629 4660 772 4737 olim
802 4657 1257 4737 spinaﬁgestavit
1289 4657 1485 4737 Λόγον,

321 4727 465 4791 Οιῖω
496 4750 672 4788 carne
691 4727 899 4802 junc‘to
931 4727 1166 4782 subdita
1194 4727 1517 4802 morti'Deo
1544 4743 1556 4779 :

322 4807 475 4863 Diris
504 4811 571 4860 ut
598 4798 726 4858 Evaa
758 4801 1010 4857 solveret
1040 4804 1320 4863 ventrem,
1354 4798 1571 4870 quibus

318 4877 604 4933 Addictus
635 4874 776 4929 olim
806 4877 914 4939 est,
945 4870 1218 4925 laudibus
1250 4868 1425 4940 quem
1458 4868 1741 4925 tollimus.

394 4945 802 5016 Antiquiorem
835 4942 959 4997 sole
989 4941 1342 5016 monstravit
1368 4941 1548 5016 Magis

318 5020 487 5074 Hunc
519 5011 708 5075 stella.
739 5029 922 5068 noxas
977 5019 1217 5066 venerat
1246 5012 1343 5082 qui
1378 5018 1442 5066 ut
1470 5011 1721 5065 solveret

320 5091 540 5143 Nostrae
574 5086 936 5140 indolentem
970 5083 1240 5145 miserim,
1276 5083 1372 5137 vili
1405 5083 1466 5137 in
1498 5099 1697 5153 specu,

321 5164 511 5229 Atque
543 5156 881 5229 obvolutum
912 5154 1129 5214 fasciis,
1164 5153 1449 5229 lwtissimi

322 5222 634 5285 Hominem
664 5228 967 5294 Deumque
993 5239 1167 5293 quem
1198 5224 1397 5278 vident
1426 5223 1512 5276 illi
1544 5222 1741 5276 simul.

394 5301 700 5354 Servorum
730 5295 803 5350 ad
836 5296 1088 5365 hymnos
1113 5309 1361 5359 annuas,
1393 5296 1568 5355 Deus.
1598 5310 1824 5363 precor,

320 5371 515 5425 Hostis
546 5368 776 5423 cruenti
844 5364 1183 5435 deprimens
1207 5365 1564 5435 superbiam,

324 5443 680 5508 Nostrasque
712 5441 940 5491 mentes
972 5436 1471 5508 eil'erenspoxam
1503 5450 1699 5505 supra,

326 5512 369 5566 Ο
398 5505 613 5565 cuncta
640 5524 886 5563 cernens
919 5510 975 5560 et
1006 5505 1192 5569 beate,
1229 5506 1476 5560 ﬁrmiter

327 5582 486 5637 Fidei
523 5597 627 5653 per
656 5595 829 5633 omne
862 5575 1093 5632 temdus
1120 5576 1351 5632 innixas
1383 5578 1529 5646 basi,

2141 4234 2368 4289 Sanctae
2399 4233 2667 4288 Parentis
2697 4231 2935 4304 divitem
2966 4237 3224 4304 partum,
3257 4235 3375 4291 Deo

2069 4306 2186 4360 Hoc
2220 4310 2601 4374 munerante,
2614 4303 2872 4358 rusticus
2900 4310 3082 4358 cmtus
3113 4306 3337 4374 videns,

2071 4377 2206 4432 Sese
2239 4374 2510 4431 movebat
2537 4373 2611 4430 ad
2643 4375 2727 4428 rei
2759 4374 3136 4444 miraculum,

1989 4428 2035 4494 Ῑ)
2066 4428 2828 4518 ἑί-έοίιῖιίηοῃιθξηαηεθιοε
2859 4428 3157 4518 Christum
3185 4447 3455 4518 audiens,

2066 4520 2316 4574 Carnem
2347 4516 2629 4571 induebat
2665 4516 2771 4588 qui
2792 4532 2986 4588 meam
3007 4517 3227 4588 absque
3261 4516 3513 4575 semine.

2138 4588 2277 4642 Caeli
2304 4588 2642 4655 imperator,
2674 4585 2949 4658 indolens
2980 4585 3198 4643 nostris
3222 4590 3416 4658 malis,

2066 4660 2147 4712 Ex
2180 4659 2441 4730 injugata
2473 4658 2704 4729 Virgine
2736 4657 2923 4712 instar
2953 4659 3018 4712 ﬁt
3047 4660 3183 4715 mei.

2068 4732 2330 4801 Namque
2356 4735 2493 4783 ante
2524 4745 2698 4783 carne
2730 4745 2863 4801 cum
2894 4735 3145 4797 vacaret,
3178 4736 3383 4801 postea

2066 4801 2184 4873 Hac
2214 4799 2275 4873 se
2306 4801 2432 4871 ipse
2463 4801 2627 4873 texit,
2660 4799 3195 4873 conditumgprimo'
3209 4808 3437 4873 patrem

2067 4872 2140 4927 Ut
2168 4872 2428 4927 traheret
2447 4871 2520 4924 ad
2551 4888 2634 4943 se,
2666 4887 2842 4941 quem
2866 4871 3067 4943 scelus
3097 4871 3508 4943 prostraverat.

2135 4941 2971 5014 Redintegrandumgpraacinit
2997 4941 3336 4999 mortalium

2062 5014 2356 5084 Propheta
2385 5011 2624 5067 sanctus
2655 5011 2921 5067 Habacuc
2950 5028 3154 5084 genus,
3188 5016 3272 5070 rei

2066 5085 2248 5151 Hujus
2270 5085 2519 5152 ﬁguram
2550 5084 2904 5154 conspicans
2935 5084 3232 5139 divinitus.

2064 5157 2153 5227 Ex;
2176 5162 2373 5208 monte
2405 5168 2683 5223 namque,
2716 5154 2967 5225 Virgine,
3002 5156 3264 5226 inquam.
3300 5157 3523 5227 prodiit

2062 5225 2282 5291 Infans,
2316 5241 2523 5280 cruore
2556 5241 2665 5278 nos
2691 5240 2795 5278 suo
2827 5241 3063 5280 rursum
3087 5225 3313 5281 creans.

2135 5298 2246 5351 Par
2276 5295 2543 5366 prodiisti
2576 5300 2783 5366 sponte
2815 5299 2875 5367 tu
2908 5296 3278 5367 mortalibus,

2062 5383 2104 5435 0
2136 5367 2383 5432 Christe,
2417 5383 2629 5436 corpus
2658 5366 2961 5421 attrahens
2992 5384 3063 5421 ex
3095 5366 3350 5436 Virgine,

2067 5439 2365 5508 Venenum
2396 5442 2471 5508 ut,
2488 5436 2695 5508 anguis
2726 5437 3023 5508 pestilens
3041 5436 3391 5508 depelleres,

2062 5507 2394 5589 omnesque
2425 5507 2495 5562 ab
2510 5507 2662 5589 atris
2685 5507 2912 5589 ianuis,
2944 5507 3101 5589 velut
3122 5507 3304 5576 Deus,

2130 5579 2247 5632 .Evi
2279 5577 2557 5649 perennis
2585 5577 2658 5633 ad
2681 5577 2860 5649 jubar
2887 5578 3221 5635 reduceres.
