4042 6154
367 302 473 357 823
1640 304 1699 356 Β.
1736 301 2036 391 JQANNIB
2071 302 2486 358 DAMASCENI

372 427 593 491 Quibus
624 426 819 496 paruit
856 425 1005 495 ignis
1038 425 1278 479 multus.
1314 424 1562 479 Domino

381 517 594 570 Dicunt
618 532 629 567 :
664 516 728 568 In
755 515 972 569 saacula
1000 515 1346 568 benedictus
1378 530 1460 569 es.

454 604 749 656 Ministros
768 603 1006 672 quidem
1040 602 1319 655 iracunde
1351 601 1661 663 comburit,

380 692 573 746 Salvat
603 697 799 745 autem
830 691 1059 745 fervens
1086 690 1412 759 impetuose
1436 690 1704 760 juvenes,

381 777 813 848 Septuplicibus
844 778 1151 831 ardoribus
1184 778 1451 843 audacta,

380 870 535 930 Quos
558 866 877 919 coronabat
906 865 1145 918 ﬂamma
1174 865 1380 929 multa,
1416 864 1660 918 Domino

338 941 345 947 ’
380 954 682 1007 Prmbente
709 953 942 1023 pietatis
972 954 1159 1023 gratia
1187 969 1401 1006 rorem.

451 1042 780 1095 Auxiliator
810 1042 1058 1106 Christe,
1095 1042 1435 1094 mortalium
1466 1040 1885 1103 adversarium,

380 1132 639 1195 Scutum,
674 1129 1141 1183 incarnationem
1175 1129 1459 1183 ineffabili
1493 1128 1667 1182 modo
1700 1127 1943 1191 habens,

378 1218 727 1281 Confudisti,
762 1216 990 1270 divitias
1023 1216 1343 1271 divinitatis
1374 1217 1590 1282 ferens,

380 1307 684 1360 Formatus
716 1322 873 1359 nunc
910 1322 921 1357 :
954 1311 1194 1375 propter
1215 1306 1384 1375 cujus
1416 1322 1578 1374 spem

381 1394 643 1462 Desuper
675 1393 733 1445 in
766 1393 1022 1446 latebras
1058 1394 1319 1446 venimus
1352 1392 1748 1446 obscuritatis.

453 1484 763 1550 Asperum,
794 1482 1235 1534 incontinenter
1256 1481 1624 1551 superbiens.

385 1569 627 1624 Sordide
661 1568 1049 1634 debacchans,
1086 1569 1287 1622 furens

386 1657 584 1711 Mundi
617 1658 983 1711 submersisti
1020 1658 1457 1726 omnipotenter
1487 1662 1812 1727 peccatum.

386 1747 540 1809 Quos
573 1746 746 1798 traxit
771 1751 928 1809 ante,
962 1745 1137 1799 hodie
1169 1751 1364 1798 autem
1397 1763 1466 1799 ex
1498 1746 1720 1798 retibus

387 1833 604 1899 Salvas,
639 1834 978 1887 incarnatus
1012 1838 1239 1903 sponte,
1273 1850 1304 1886 o
1338 1833 1696 1887 benefactor.

460 1922 755 1975 Matricem
788 1938 908 1975 non
940 1922 1229 1975 combusti
1266 1922 1519 1992 ﬁgurant
1550 1921 1801 1992 Virginis

385 2010 655 2077 Antiqua)
690 2009 821 2079 igne
847 2009 1090 2063 involuti
1114 2011 1383 2079 juvenes,

383 2098 926 2166 Supernaturaliter
955 2100 1281 2167 parientem
1314 2099 1651 2168 sigillatam.

384 2186 709 2252 Utrumque
743 2192 938 2238 autem
970 2186 1191 2238 faciens
1226 2186 1507 2239 miraculo
1539 2202 1652 2239 uno

383 2272 640 2340 Pepulos
673 2270 747 2325 ad
779 2273 1064 2341 hymnum
1096 2274 1310 2326 excitat
1338 2274 1541 2343 gratia.

455 2361 819 2413 Nocumeuta
850 2377 984 2413 cum
1014 2361 1163 2431 fugit
1194 2377 1265 2414 ne
1299 2361 1452 2415 Deus
1487 2362 1656 2415 fieret
1687 2378 1871 2427 error,

385 2447 795 2501 Indesinenter
828 2448 1027 2502 laudat
1056 2450 1456 2503 examinatum
1488 2450 1763 2514 Verbum,

385 2535 729 2590 Juveniliter
758 2537 949 2589 omnis
988 2554 1119 2590 cum
1149 2543 1403 2591 tremore
1435 2544 1722 2601 creatura,

384 2625 702 2695 Ingloriam
734 2625 979 2695 gloriam
1016 2627 1228 2680 timens
1258 2628 1433 2696 ferre,

384 2714 567 2767 Fluxa
596 2713 769 2777 facta,
802 2715 912 2768 etsi
947 2716 1245 2784 sapienter
1279 2717 1670 2786 exspectabat.

458 2801 678 2854 Venisti
714 2802 1107 2856 errabundam
1140 2803 1213 2856 ad
1246 2821 1526 2873 pascuum
1560 2812 1905 2860 convertens

396 2887 743 2941 Floriferum
776 2905 845 2942 ex
876 2889 1123 2944 desertis
1154 2892 1426 2959 collibus,

390 2978 432 3031 Ο
465 2976 729 3046 gentium
763 2980 1068 3043 surrectio,
1098 2981 1404 3034 hominum
1436 2988 1708 3035 naturam

384 3065 472 3119 Ad
502 3066 682 3120 robur
712 3068 1030 3122 violentum
1064 3070 1374 3123 homicidae
1407 3072 1919 3145 exstinguendum,

390 3155 605 3224 Virque
639 3156 794 3210 visus
826 3164 885 3211 et
914 3159 1065 3211 Deus
1093 3158 1476 3228 providentia.

454 3245 668 3297 Amare
701 3244 942 3313 quidem
976 3262 1082 3299 nos
1128 3252 1412 3315 tanquam
1465 3264 1583 3301 non
1630 3249 2029 3317 periculosum

1521 3336 1538 3402 [
1571 3353 1689 3404 praa
1723 3336 1955 3404 timore,

387 3417 578 3472 Facile
611 3423 701 3472 est
730 3418 1051 3489 silentium,
1085 3422 1377 3476 desiderio
1400 3429 1619 3489 autem,
1645 3440 1676 3477 ο
1702 3424 1891 3495 Virgo,

388 3505 612 3559 Laudes
649 3512 841 3561 texere
873 3507 1153 3562 intensim
1183 3510 1403 3579 positas

391 3593 636 3647 Difficile
671 3600 759 3647 est
787 3611 800 3648 :
836 3594 939 3649 sed
971 3597 1166 3650 etiam.
1201 3613 1233 3649 ο
1266 3604 1473 3667 mater,
1506 3598 1705 3663 robur,

381 3681 611 3746 Quanta
632 3688 721 3737 est
749 3684 1000 3750 affectio,
1032 3686 1248 3755 praabe.

456 3771 695 3825 Formas
727 3772 1026 3839 obscuras,
1063 3778 1119 3826 et
1147 3773 1385 3827 umbras
1419 3774 1678 3839 eductas,

386 3858 428 3913 Ο
460 3864 649 3913 mater
678 3876 825 3930 pura
858 3861 1049 3927 Verbi,
1084 3862 1431 3932 conspicati,

376 3946 605 4001 Infante
635 3948 758 4001 viso
791 3965 861 4003 ex
884 3950 1073 4019 janua
1101 3948 1322 4015 clausa,

2040 425 2086 489 Α
2122 427 2215 483 Οις
2247 422 2421 478 εἷ’καϐε
2451 428 2555 498 πῦρ
2588 421 2839 493 ἄσπετον,
2869 427 2948 490 τῷ
2977 421 3219 495 Δεσπότῃ

2122 512 2405 583 Λέγουσιν·
2442 512 2533 573 Εἰς
2565 512 2763 572 αἰῶνας
2795 511 3091 585 εὐλογητὸς
3118 510 3183 567 εἶ.

2191 600 2484 673 Ὑπηρέτας
2516 602 2607 671 μὲν
2633 600 2911 672 ἐμμανιῖις,
2945 596 3290 671 καταφλέγει,

2126 688 2296 754 Σώζει
2331 686 2387 741 δὲ
2411 687 2763 764 παφλάζουσα
2795 685 3051 761 ῥοιζηδὸν
3085 689 3258 751 νέους,

2124 778 2250 835 Ταῖς
2284 775 2639 849 έπταμέτροις
2673 776 2889 829 καῦσεσι
2920 778 3297 848 πυργουμένη,

2123 863 2229 923 Οὕς
2262 862 2443 941 ἔστεφε
2474 863 2607 937 φλὸξ
2641 862 2895 940 ἄφθονος,
2925 868 3021 917 τοῦ
3054 861 3248 936 Κυρίου

2126 951 2404 1022 Νέμοντος
2439 946 2708 1012 εὐσεϐείας
2740 951 2914 1005 εἳνεκα
2946 948 3160 1025 δρόσον.

2199 1040 2407 1112 Ἀρωγὶ
2432 1040 2644 1113 Χριστὲ,
2674 1040 2765 1092 τὸν
2802 1040 3020 1113 βροτοῖς
3053 1036 3290 1092 ἐναντίον

2127 1122 2456 1199 Πρόϐλημα,
2484 1128 2582 1192 τὴν
2618 1126 2882 1200 σάρκωσιν
2915 1125 3164 1200 ἀρῥήτως
3198 1124 3365 1200 ἔχων,

2127 1221 2397 1287 ’ᾚσγυνας
2428 1209 2595 1268 ὄλϐον
2624 1221 2723 1281 τῆς
2755 1216 2999 1276 Θεώσεως
3030 1212 3227 1287 φέρων,

2126 1302 2521 1375 Μορφοῦμεθος
2550 1305 2662 1369 νῦν,
2696 1302 2912 1369 ἧστινος
2946 1298 3014 1353 δι’
3044 1298 3242 1355 ἐλπίδα

2125 1392 2363 1444 ’Άνωθεν
2398 1389 2473 1450 εἷς
2503 1393 2819 1461 κευθμῶνας
2848 1386 3090 1459 ἤλθομεν
3125 1388 3311 1465 ζόφου.

2195 1480 2307 1547 Τὴν
2339 1478 2614 1551 ἀγριωπὸν
2647 1477 2895 1551 ἀκρατῶς
2922 1475 3318 1552 γαυρουμένην,

2125 1569 2365 1639 Ἀσεμνα
2400 1565 2770 1641 βακχεύσασαν
2807 1566 3278 1639 έξοιστρουμένην,

2131 1656 2346 1727 Κόσμου
2377 1655 2620 1709 καθεῖλεν
2651 1656 2963 1715 πανσθενῶς
2984 1654 3276 1726 ἁμαρτίαν,

2052 1783 2101 1847 Β
2130 1742 2235 1803 Οὓς
2266 1740 2505 1795 εἷλκυσεν
2537 1742 2686 1813 πρὶν,
2718 1743 2956 1815 σήμερον
2988 1745 3093 1793 τῶν
3124 1739 3360 1815 ἀρκύων,

2138 1837 2172 1847 κ
2204 1831 2214 1847 1
2235 1836 2260 1847 υ
2375 1827 2417 1847 ἢκ
2644 1831 2668 1847 Λ
2706 1830 2719 1847 \
2783 1830 2794 1847 Ι
2857 1829 2870 1846 \
2988 1829 3000 1847 ν
3116 1829 3126 1847 1

2136 1831 2339 1898 Σώζεις
2372 1827 2428 1882 δὲ
2458 1830 2751 1899 σαρκωθεὶς
2783 1829 2917 1882 έκὼν
2950 1829 3221 1902 εὐεργέται.

2205 1921 2423 1991 Μήτραν
2452 1916 2731 1993 ἀφλέκτως
2763 1917 3084 1985 είκονίζουσι
3116 1916 3310 1987 κόρης,

2133 2008 2199 2064 Οἱ
2228 2013 2325 2075 τῆς
2359 2004 2594 2067 παλαιὰς
2624 2002 3070 2077 πυρπολούμενοι
3102 2004 3234 2059 νέοι.

2133 2096 2441 2169 Ὑπερφυῶς
2473 2093 2701 2146 κύουσαν
2730 2091 3182 2165 ἐσφραγισμένην.

2134 2187 2332 2258 ’Ἄμφω
2366 2179 2422 2235 δὲ
2450 2179 2630 2253 δρῶσα
2662 2181 3070 2255 θαυματουργία
3104 2181 3224 2252 μίᾳ,

2136 2269 2308 2331 Λαοὺς
2342 2269 2475 2339 πρὸς
2505 2267 2671 2339 ὕμνον
2705 2267 3002 2339 ἐξανίστησι
3038 2268 3217 2341 χάρις.

2206 2361 2400 2427 Αύμην
2434 2360 2675 2431 φυγοῦσα
2695 2361 2791 2410 τοῦ
2824 2358 3069 2419 θεοῦσθαι
3101 2357 3199 2424 τὴν
3231 2354 3461 2426 πλάνην,

2133 2445 2406 2517 Ἀληκτον
2438 2447 2596 2517 ὑμνεῖ
2624 2446 2713 2499 τὸν
2746 2445 3064 2516 κενούμενον
3100 2444 3296 2519 Λόγον,

2135 2540 2404 2595 Νεανικῶς
2436 2535 2611 2588 ἅπασα
2642 2533 2733 2587 σὺν
2751 2532 2943 2605 τρόμῳ
2974 2532 3165 2599 κτίσις,

2132 2622 2360 2693 ’Ἂδοξον
2394 2624 2554 2697 εὖχος
2588 2620 2986 2693 δειματουμένη
3020 2621 3222 2694 φέρειν,

2131 2712 2348 2780 Ῥευστή
2382 2715 2611 2786 γεγῶσα,
2643 2707 2738 2763 κᾶν
2773 2713 2952 2785 σοφῶς
2983 2708 3273 2783 ἐκαρτέρει.

2204 2802 2385 2860 Ἥκεις
2415 2797 2680 2866 πλανῆτιν
2713 2799 2849 2870 πρὸς
2878 2799 3053 2868 νομήν
3088 2796 3445 2873 ἐπιστρέφων,

2132 2891 2238 2958 Τὴν
2274 2887 2558 2952 ἀνθοποιὸν
2592 2885 2642 2956 ἐξ
2673 2884 2951 2960 έρημαίων
2986 2884 3193 2959 λόφων,

2130 2980 2191 3033 Ἥ
2222 2982 2327 3031 τῶν
2357 2976 2520 3030 ἐθνῶν
2553 2970 2781 3048 ἕγερσις,
2815 2974 3113 3047 ἀνθρώπων
3148 2972 3326 3049 φύσις,

2130 3066 2344 3136 Ῥώμην
2382 3063 2557 3137 βιαίαν
2588 3061 2685 3116 τοῦ
2720 3060 3075 3137 βροτοκτόνου
3102 3055 3346 3133 σϐέσαι,ξ

2052 3123 2095 3190 C
2134 3123 2509 3228 Ἀνὴρ-φανείς
2539 3172 2597 3205 τε
2625 3123 2873 3210 καὶιὸεὸς
2905 3149 3235 3223 προμηθείᾳ.

2207 3243 2454 3315 Στέργειν
2488 3239 2579 3311 μὲν
2612 3240 2758 3309 ἡμᾶς
2792 3237 2865 3299 ὡς
2900 3235 3181 3291 ἀκίνδυνον
3204 3232 3381 3310 φόϐῳ,

2131 3421 2283 3489 Ῥᾷον
2318 3417 2541 3485 σιωτήν,
2571 3419 2651 3486 τῷ
2680 3414 2836 3486 πόθῳ
2869 3412 2946 3483 δὲ,
2966 3414 3233 3488 ,ῐίαρθένε,

2131 3510 2359 3580 Ὓμνους
2392 3504 2629 3579 ὑφαίνειν
2664 3502 2930 3562 συντόνως
2955 3502 3318 3574 τεθειμένους,

2134 3595 2394 3673 Ἰαῖργῶδές
2422 3596 2581 3659 ἐστιν,
2612 3593 2757 3649 ἀλλὰ
2784 3593 2874 3647 καὶ
2910 3596 3079 3665 μῆτερ
3112 3591 3313 3661 σθένος,

2133 3690 2265 3755 Ὀση
2302 3686 2528 3761 πέφυκεν
2561 3686 2595 3751 ἡ
2627 3681 2958 3756 προαίρεσις,
2988 3679 3161 3736 δίδου.

2202 3776 2419 3835 Τόπους
2450 3775 2718 3849 ἀφεγγεις,
2749 3769 2837 3824 καὶ
2869 3771 3021 3830 σκιὰς
3052 3769 3424 3844 παρηγμένας,

2132 3865 2197 3917 Ὠ
2228 3865 2412 3935 Μῆτερ
2443 3861 2579 3934 ἁγνή
2612 3862 2706 3912 νοῦ
2739 3858 2935 3931 Λόγου,
2969 3855 3304 3930 δεδορκότες,

2131 3951 2265 4006 Νέου
2295 3948 2542 4024 φανέντος
2574 3946 2633 4000 ἑκ
2661 3945 2840 4015 πύλης
2868 3944 3279 4016 κεκλεισμένης,

1604 4148 1649 4201 J.
1694 4148 1899 4203 BILLII
1944 4147 2527 4206 INTERPRETATIO.

377 4277 484 4356 Ub_i
516 4278 745 4356 vigebat
769 4286 1021 4339 maxime
1061 4286 1255 4340 scelus
1276 4287 1459 4356 prius.

447 4350 703 4420 Supplex
732 4356 967 4424 petebat
998 4358 1175 4411 effero
1206 4350 1380 4411 Jonas
1410 4360 1581 4425 mari,

372 4420 622 4498 Eluctus
643 4430 705 4477 ut
732 4420 883 4498 altos
915 4428 1179 4495 protinus
1212 4420 1639 4498 compesceres.

372 4492 624 4570 Tyranni
656 4501 714 4547 at
740 4496 862 4570 ipse
896 4492 1125 4570 saucius
1162 4498 1273 4552 telo
1306 4492 1514 4570 precor

376 4563 603 4636 Venias.
645 4566 952 4636 malorum.
986 4568 1231 4633 Christe,
1260 4563 1464 4636 pulsor
1495 4570 1781 4635 omnium,

370 4632 576 4700 Meque
609 4634 913 4691 obsidente
942 4637 1154 4691 liberes
1188 4632 1471 4693 socordia.

442 4702 503 4781 ld
528 4705 811 4781 Verbum,
845 4708 903 4761 in
936 4715 1070 4781 ortu
1098 4708 1253 4777 quod
1282 4709 1433 4762 Deus
1466 4715 1591 4763 erat
1614 4711 1769 4781 apud
1800 4713 2002 4781 Deum,

370 4771 767 4852 §ubstantiam
801 4796 958 4852 nunc
987 4771 1227 4852 roborat
1255 4785 1540 4852 nostram,
1572 4771 1774 4836 videns

368 4842 629 4919 Eriscam
664 4850 813 4902 tueri
847 4850 1001 4919 quod
1027 4851 1168 4904 satis
1200 4842 1569 4919 nequivimus
1603 4869 1614 4904 :

371 4912 623 4983 Seseque
656 4912 945 4979 sternens.
979 4920 1230 4974 alterum
1275 4912 1693 4977 commercium

369 4983 669 5061 Monstrat,
698 4998 864 5061 vacet
894 4992 1049 5060 quod
1082 4992 1335 5044 motibus
1370 4993 1760 5061 prwturbidis.

439 5053 659 5128 Ob_nos
684 5053 950 5127 jacentes
982 5063 1041 5115 in
1076 5063 1239 5127 nigro
1273 5053 1560 5117 scelerum
1590 5065 1732 5128 luto,

366 5122 450 5205 Ex
482 5122 797 5205 Abrahami
832 5132 1048 5205 prodiit
1078 5122 1313 5205 lumbis,
1351 5134 1511 5188 humi

367 5149 450 5173 nx
482 5149 797 5182 nuruuilml
874 5149 1048 5185 roum
1078 5149 1313 5197 luleS,
1351 5149 1403 5187 nl

366 5193 448 5244 Ex
478 5198 799 5261 provolutis
832 5149 1051 5256 ᾔδει-οδ
1082 5209 1145 5255 ut
1175 5204 1403 5257 excitet.

366 5262 432 5343 In
464 5262 595 5343 luce
626 5270 843 5343 quique
875 5273 1051 5341 degit,
1085 5273 1157 5326 ad
1190 5274 1563 5343 prmsepium,

366 5333 589 5411 Nostra)
624 5333 829 5393 salu-tis
860 5333 1017 5411 ergB,
1044 5333 1208 5397 nunc
1239 5333 1550 5397 delabitur.

437 5404 650 5485 Amore
684 5413 898 5485 summi
927 5404 1199 5485 Numinis
1223 5414 1469 5483 juvenes
1493 5417 1570 5485 pii

366 5471 786 5556 lixaestuantes.
820 5482 1030 5552 impias
1064 5471 1433 5548 regisuminas

368 5544 663 5613 Sprevere,
701 5568 883 5605 saavus
906 5544 1089 5623 ‘quem
1124 5544 1284 5609 furor
1316 5558 1715 5615 succenderat.

2124 4291 2227 4345 His
2259 4288 2436 4343 cessit
2462 4286 2614 4358 ignis
2651 4302 2663 4339 :
2698 4284 2756 4337 hi
2785 4284 2921 4347 Deo,
2957 4284 3067 4338 Per
3097 4284 3312 4341 saecula

2123 4360 2474 4415 Benedictus
2507 4374 2567 4411 es
2601 4364 2660 4410 tu
2693 4360 3027 4425 praepotens
3059 4371 3299 4419 numen,
3334 4364 3580 4413 canunt.

2043 4462 2085 4524 Β
2120 4503 2159 4524 n
2196 4432 2318 4512 Urit
2340 4429 2640 4524 ministros
2672 4426 2769 4524 hicl
2798 4425 3077 4524 quidem;
3111 4430 3458 4524 contrarpii‘s

2118 4502 2312 4555 Parcit
2333 4500 2670 4571 juvenibus,
2704 4496 3019 4571 admodum
3050 4496 3282 4571 fervens
3310 4496 3467 4571 licet,

2116 4567 2453 4641 Auctusque
2478 4577 2702 4639 septem
2724 4567 3001 4641 partibus
3026 4567 3197 4620 solito
3232 4568 3429 4636 altius,

2114 4644 2304 4696 lustar
2336 4639 2567 4696 corona:
2602 4639 2768 4710 queis
2801 4639 3009 4710 ingens
3042 4644 3169 4691 erat
3198 4656 3393 4710 rogus.

2116 4714 2356 4767 Virtutis
2389 4729 2521 4783 ergo
2556 4728 2707 4783 nam,
2725 4709 2899 4783 dabat
2928 4724 3123 4761 rorem
3152 4709 3323 4783 Deus.

2186 4780 2649 4854 Adjutor,'hosti,
2677 4780 2929 4854 _Ch_riste,
2964 4784 3023 4831 tu
3056 4780 3394 4834 mortalium

2113 4851 2341 4909 Grande
2373 4854 2623 4908 intulisti
2658 4851 2913 4906 dedecus
2943 4865 3181 4904 carnem
3211 4868 3440 4922 gerens.

2111 4926 2354 5005 Deitatis
2382 4927 2507 5006 ipse
2541 4940 2676 4978 nam
2705 4921 2869 5006 vehis
2898 4937 3148 5006 nascens
3174 4921 3353 4991 opes:

2110 4999 2287 5066 hujus
2320 4992 2557 5065 quidem
2590 5010 2690 5063 spe
2722 4992 2949 5066 coalitus
2984 4999 3249 5066 nostrum
3280 5009 3465 5063 genus

2107 5062 2399 5125 lllectum.
2435 5069 2494 5120 in
2526 5062 2705 5119 imam
2733 5062 2953 5117 decidit
2982 5062 3313 5133 caliginem.

2181 5140 2399 5192 Noxam
2431 5138 2707 5199 ferocem,
2741 5150 2868 5203 quae
2902 5132 3258 5201 nimis,’plus
3289 5140 3347 5188 et
3374 5134 3575 5202 nimis,

2108 5208 2514 5277 Superbiebat.
2548 5207 2597 5259 vi
2632 5213 2730 5259 tua
2760 5220 3014 5277 summa.
3046 5204 3222 5277 Deus,

2108 5273 2203 5331 Ab'
2225 5279 2364 5332 orbe
2397 5279 2567 5347 longe
2600 5274 2897 5347 depulisti.
2932 5273 3172 5347 Retibus

2106 5350 2172 5401 Et
2204 5366 2351 5418 quos
2386 5343 2623 5402 tenebat
2654 5343 2775 5400 haec
2808 5344 3143 5418 suis_p_rius.
3183 5343 3378 5418 modo,

2106 5414 2251 5471 Dum
2279 5426 2488 5487 sponte
2517 5434 2755 5473 carnem
2789 5415 3063 5487 suscipis,
3092 5414 3429 5487 gtugliberas.

2178 5485 2470 5543 Matrich
2498 5489 2852 5543 adumbrant
2884 5485 3136 5555 Virginis
3159 5485 3489 5554 juvenculi,

2102 5561 2257 5623 Quos
2288 5561 2393 5626 nil,
2430 5561 2653 5615 volutos
2686 5560 2747 5612 in
2773 5574 2933 5628 rogo,
2967 5556 3117 5610 laesit
3148 5572 3339 5627 rogus.

3652 298 3766 353 824
