4042 6154
377 296 492 354 829

377 419 559 497 Λόγος
589 418 646 474 τὲ
680 440 784 492 μου
818 423 942 489 ζῶν,
973 419 1061 475 καὶ
1097 420 1288 494 βροτὸς
1316 417 1646 492 προμηθείᾳ.

454 511 549 564 Ἐκ
576 507 802 562 ποντίου
835 507 1057 570 λέοντος
1091 509 1119 562 ὁ
1144 509 1458 583 τριέσπερος
1488 508 1656 578 ξενος,

377 599 688 673 Προφήτης
720 595 963 670 ἐγκατοις
990 594 1184 673 φλοιδό
1194 616 1374 669 μενος,

381 685 556 750 Αὖθις
587 683 836 760 προῆλθε
863 691 961 754 τῆς
991 685 1420 760 παλιγγενεσίας,

381 774 674 848 Σωτηρίαν
706 770 997 846 δράκοντος
1033 772 1093 828 ἐκ
1126 772 1509 847 βροτοκτόνου,

377 867 518 919 Πᾶσι
551 860 884 939 προφαίνων,
915 865 1024 916 τῶν
1056 861 1266 936 χρόνων
1296 862 1379 916 ἐπ’
1400 861 1665 936 ἐσχάτων.

454 954 782 1025 Ἀνειμένων
814 951 1013 1008 πόλοιο
1044 957 1314 1029 παμφαῶν
1347 956 1594 1027 πτωχῶν,

377 1041 606 1111 Μόστης
635 1042 736 1113 ὁρᾷ
763 1040 900 1116 πρὸς
933 1041 1138 1114 [Ιατρὸς
1187 1039 1579 1112 ἐξικνουμενον,

377 1130 556 1186 Μὲνον
586 1149 645 1182 τε
670 1132 890 1200 Πνεῦμα
917 1132 995 1199 τῷ
1023 1129 1384 1203 παναχράντῳ
1414 1127 1596 1202 Λόγῳ,

367 1216 641 1273 ’Βπιλθὸν
670 1216 746 1278 ὡς
777 1216 996 1270 πέλειαν
1031 1217 1286 1292 ἀφράστῳ
1313 1217 1524 1290 τρόπῳ,

369 1307 587 1376 Δήμοις
617 1324 676 1358 τε
704 1305 883 1380 φαίνει
913 1301 1264 1379 προσδραμὸν
1294 1309 1372 1374 τῷ
1401 1303 1664 1377 Δεσπότῃ.

363 1394 600 1472 ⁴Εφλεξε
623 1394 824 1470 ῥείθρῳ
852 1398 960 1449 τῶν
992 1392 1299 1469 δρακόντων
1325 1395 1422 1456 τὰς
1452 1394 1646 1469 κάρας,

372 1484 441 1540 Ὀ
469 1490 569 1552 τῆς
601 1483 836 1554 καμίνου
865 1484 966 1551 τήν
1003 1481 1294 1556 μετάρσιον
1325 1481 1506 1559 φλόγα

371 1572 551 1634 Νὲους
586 1572 849 1646 φέρουσαν
883 1565 1119 1633 εὐσεϐεῖς
1149 1570 1488 1638 κατευνάσας,

367 1665 482 1732 Τήν
513 1659 869 1724 δυσκάθεκτον
903 1658 1080 1733 ἀχλὺν
1111 1659 1162 1729 ἐξ
1193 1659 1482 1731 ἁμαρτίας,

368 1749 554 1819 Ὅλην
585 1747 772 1804 πλύνει
807 1745 864 1802 δὲ
891 1751 960 1821 τῇ
993 1745 1171 1820 δρόσῳ
1197 1751 1294 1800 τοῦ
1327 1745 1658 1818 Πνεόματος.

450 1839 521 1892 Σὲ
553 1840 939 1912 ζωγραφοῦσαν
966 1837 1065 1903 τὴν
1095 1835 1377 1910 ’Λσσύριον
1411 1833 1614 1912 φλόγα,

372 1928 682 1982 Ἐκστῶσαν
706 1921 867 1992 ’ίστης
896 1923 969 1984 είς
997 1921 1186 1996 δρόσον
1219 1917 1586 1995 μετηγμένην,

368 2011 553 2087 ’Υδωρ
583 2013 702 2066 ὅθεν
733 2015 823 2065 νῦν
855 2012 1156 2083 ἀμφιὲσσαο
1188 2009 1414 2088 φλέγον,

375 2103 571 2156 Σίντον
598 2099 876 2168 κάκιστον,
905 2099 1121 2170 Χριστὲ,
1153 2099 1290 2170 πρὸς
1317 2098 1696 2170 κεκευθμὲνον,

373 2189 519 2266 Πρὸς
550 2189 650 2257 τήν
681 2183 901 2250 ὄλισθον
934 2187 1329 2259 ἐκκαλούμενον
1360 2182 1568 2260 τρίϐον.

444 2274 874 2352 Ἀπόῤῥαγέντος
903 2279 999 2330 τοῦ
1030 2273 1305 2350 Ἰορδάνου
1333 2273 1525 2347 πάλαι,

374 2367 586 2438 »ισθμῷ
617 2369 841 2438 περᾶται
875 2361 1008 2425 λαὸς
1042 2362 1408 2438 Ἰσραηλίτης.

377 2456 450 2511 Σὶ
476 2455 569 2508 τὸν
601 2453 887 2528 κράτιστον
911 2451 1253 2527 ἐμφοροῦντα
1275 2453 1375 2520 τήν
1400 2450 1596 2518 κτίσιν,

377 2540 746 2618 Ἢπειγμὲνως
777 2544 867 2593 νῦν
901 2539 953 2594 ὲν
988 2539 1140 2615 ῥοαῖς
1175 2537 1503 2616 διαγράφων,

375 2633 520 2706 Πρὸς
545 2632 645 2698 τήν
678 2628 990 2704 ἄρρευστον,
1012 2628 1101 2682 καὶ
1125 2628 1382 2701 ἀμείνονα
1408 2622 1618 2700 τρίϐον.

445 2716 628 2790 ’Ίδμεν
661 2717 722 2772 τὸ
751 2720 965 2789 πρῶτον
984 2717 1084 2784 τὴν
1111 2713 1459 2787 πανώλεθρον
1492 2713 1704 2786 κλύσιν,

379 2806 628 2879 Οῐκτρῶς
660 2826 715 2858 σε
740 2804 952 2858 πάντων
984 2805 1120 2879 πρὸς
1149 2804 1348 2881 φθορὰν
1381 2801 1744 2877 παρεισάγειν,

375 2895 442 2949 Ὦ
470 2893 818 2968 τρισμέγιστα
846 2892 1206 2968 χρηματίζων
1236 2893 1326 2947 καὶ
1358 2893 1496 2962 ξένα,

372 2986 478 3038 Νῦν
511 2979 568 3037 δὲ
597 2980 890 3052 κλύσαντα,
927 2982 1135 3054 κριστὲ,
1159 2982 1256 3049 τὴν
1291 2980 1579 3055 ἁμαρτίαν,

369 3072 449 3126 Δι’
479 3070 764 3134 εὐπάθειαν
796 3071 886 3124 καὶ
922 3070 1130 3144 βροτῶν
1164 3070 1453 3142 σωτηρίαν,

440 3157 732 3235 Ἐλευθὲρα
766 3158 860 3231 μὶν
892 3161 927 3226 ἡ
960 3157 1131 3220 κτίσις
1160 3158 1498 3234 γνωρίζεται.

368 3247 486 3302 Υἱοὶ
518 3244 576 3301 δὲ
605 3246 786 3325 φωτὸς
817 3247 870 3300 οἱ
901 3244 1025 3320 πρὶν
1054 3244 1447 3318 ἐσκοτισμὲνοι·

371 3337 547 3397 Μόνος
583 3335 822 3402 στενάζει
853 3337 950 3387 τοῦ
981 3334 1210 3396 σκότους
1231 3333 1259 3388 ὀ
1280 3335 1614 3410 προστάτης.

366 3428 484 3480 Νῦν
514 3420 815 3497 εὐλογείτω
845 3421 1112 3484 συντόνως
1141 3422 1233 3477 τὸν
1274 3421 1469 3489 αἶ’τιον,

369 3514 431 3570 ’Π
458 3513 588 3588 πρὶν
617 3510 847 3567 τάλαινα
874 3515 982 3566 τῶν
1016 3511 1182 3575 ἐθνῶν
1210 3510 1545 3588 παγκληρία.

1901 299 2251 356 (ΞΔΒΜῙΝΔ.

2053 423 2106 489 Α
2132 419 2507 490 Verbumque
2540 433 2738 473 meum
2767 416 2987 483 vivens,
3015 421 3071 471 et
3099 415 3276 470 homo
3307 415 3694 487 providentia.

2202 511 2283 563 Ex
2315 510 2544 564 marino
2576 508 2765 563 leonis
2796 507 3081 576 trivesper
3110 506 3326 577 hospes

2129 599 2446 669 Propheta,
2479 598 2800 652 visceribus
2828 595 3244 663 decorticatus,

2130 689 2354 742 Rursus
2381 687 2573 754 exivit,
2605 684 3072 758 regenerationis

2130 777 2390 831 Salutem
2424 776 2679 832 dracone
2711 792 2781 829 ex
2809 773 3183 829 mortalicida

2129 865 2413 920 Omnibus
2443 873 2904 936 praemonstrans
2929 862 3291 933 temporibus
3322 862 3382 917 in
3410 861 3656 916 ultimis.

2198 955 2432 1023 Apertis
2465 954 2582 1024 poli
2617 952 3057 1024 perillustribus
3080 951 3305 1023 januis,

2127 1041 2463 1112 Discipulus
2493 1042 2702 1097 videta
2731 1044 2901 1095 Patre
2930 1041 3286 1104 venientem,

2127 1132 2578 1200 Manentemque
2613 1130 2891 1200 Spiritum
2923 1129 2982 1182 in
3007 1145 3262 1199 perpuro
3295 1128 3505 1194 Verbo,

2128 1219 2474 1273 Venientem
2504 1223 2569 1273 ut
2597 1219 2931 1272 columbam
2964 1217 3249 1270 ineffabili
3283 1216 3478 1282 modo,

2126 1308 2486 1380 Populisque
2517 1307 2777 1362 ostendit
2805 1311 3211 1361 accurrentem
3242 1304 3512 1359 Domino.

2198 1396 2440 1451 Adussit
2469 1397 2691 1450 ﬂuento
2724 1396 3047 1450 draconum
3078 1394 3292 1464 capita,

2126 1486 2180 1539 Is
2213 1485 2313 1554 qui
2339 1485 2596 1539 fornacis
2625 1485 2941 1539 sublimem
2972 1483 3275 1537 flammam

2126 1575 2372 1628 Iuvenes
2401 1574 2689 1628 ferentem
2712 1574 2840 1643 pios
2872 1572 3102 1643 sapivit.

2126 1661 2406 1716 Diﬂiciles
2436 1661 2867 1731 comprehensu
2897 1659 3173 1713 tenebras
3201 1675 3272 1712 ex
3296 1659 3534 1726 peccato

2125 1749 2320 1814 Totas,
2353 1748 2620 1818 lavatque
2650 1765 2781 1802 rose
2815 1748 3084 1818 Spiritus.

2193 1839 2269 1891 Te
2301 1836 2652 1907 figurantem
2683 1837 2982 1906 Assyriam
3013 1835 3314 1889 ﬂammam

2124 1924 2620 1995 Stupefacientem
2653 1925 2811 1980 sistis
2840 1925 2898 1978 in
2930 1941 3125 1978 rorem
3157 1923 3492 1988 deductam,

2123 2017 2350 2082 Aquam
2372 2013 2529 2068 unde
2561 2030 2720 2068 nunc
2752 2012 2994 2068 indutus
3026 2028 3088 2066 es
3118 2016 3412 2077 urentem,

2122 2101 2432 2155 Diabolum
2459 2117 2805 2171 pessnmum,
2839 2101 3084 2161 Christe,
3119 2098 3554 2166 absconditum,

2120 2188 2209 2243 Ad
2239 2187 2527 2244 lubricam
2555 2194 2896 2244 evocantem
2927 2189 3101 2242 viam.

2191 2277 2440 2331 Eﬂ‘racto
2470 2277 2721 2332 Iordane
2746 2277 2912 2344 olim,

2119 2365 2411 2418 Isthmum
2443 2366 2658 2419 transit
2682 2365 2935 2436 papulus
2964 2364 3253 2430 Israelita,

2120 2453 2195 2506 Te
2226 2452 2616 2507 fortissimum
2646 2453 2998 2507 inferentem
3031 2459 3386 2518 creaturam,

2120 2540 2491 2596 Festinanter
2519 2557 2681 2595 nunc
2712 2540 2771 2594 in
2801 2541 3059 2595 ﬂuxibus
3089 2539 3458 2605 describens,

2120 2628 2208 2682 Ad
2235 2629 2397 2682 ﬂuxu
2428 2635 2728 2698 expertem
2761 2635 2818 2681 et
2848 2629 3155 2682 meliorem
3187 2629 3358 2682 viam.

2193 2717 2422 2770 Scimus
2452 2717 2708 2785 primum
2741 2716 3142 2785 perniciosum
3172 2714 3461 2768 diluvium

2120 2803 2328 2857 Misere
2359 2808 2414 2856 te
2445 2803 2711 2856 omnium
2742 2803 2816 2858 ad
2855 2803 3318 2857 destructionem
3351 2800 3653 2866 inducere,

2121 2894 2164 2947 Ο
2193 2907 2372 2961 quam
2404 2891 2662 2946 maxima
2690 2891 2913 2946 faciens
2938 2897 2995 2945 et
3022 2891 3396 2945 admirabilia
3421 2889 3432 2943 l

2119 2982 2284 3035 Nunc
2313 2984 2510 3034 autem
2541 2979 2912 3045 obruentem,
2946 2981 3196 3043 Christe,
3229 2984 3534 3050 peccatum

2122 3066 2204 3122 Ob
2228 3066 2697 3122 misericordiam
2726 3071 2784 3122 et
2811 3068 3154 3122 mortalium
3185 3068 3458 3121 salutem.

2039 3145 2082 3212 C
2192 3155 2399 3210 Libera
2427 3156 2668 3224 quidem
2698 3161 2970 3210 creatura
2998 3154 3390 3227 cognoscitur,

2117 3242 2367 3312 Filiique
2396 3243 2547 3297 lucis
2579 3249 2715 3297 ante
2747 3243 3139 3311 obtenebrati,

2118 3330 2290 3384 Solus
2319 3331 2502 3400 gemit
2531 3331 2913 3387 tenebrarum
2948 3332 3282 3403 praefectus.

2118 3419 2285 3474 Nunc
2313 3417 2630 3474 benedicat
2661 3420 2834 3474 enixe
2867 3427 3190 3488 auctorem,

2119 3507 2257 3571 Qum
2288 3508 2456 3578 prius
2489 3509 2707 3563 misera
2730 3508 2842 3563 fuit
2862 3510 3125 3580 gentium
3148 3509 3342 3564 omnis
3366 3507 3688 3583 generatio.

1605 3689 1656 3742 J.
1701 3685 1908 3742 BILLII
1948 3684 2528 3741 INTERPRETATIO.

368 3817 568 3882 Venis,
599 3813 857 3886 repellas
884 3813 1075 3868 noctis
1104 3819 1173 3869 ut
1197 3813 1511 3881 caliginem

366 3891 620 3954 Tetram,
665 3902 984 3956 meumque
1017 3886 1215 3939 deleas
1247 3902 1488 3956 prorsus
1517 3899 1742 3956 genus;

367 3960 593 4028 Tuique
624 3958 777 4012 dono
807 3957 1037 4026 mystici
1073 3956 1444 4026 baptismatis

361 4031 531 4086 Piam
559 4045 627 4083 ex
659 4028 899 4082 ﬂuentis
931 4028 1091 4081 filius
1120 4028 1468 4082 Jordanicis.

432 4102 608 4154 Hunc
634 4099 1010 4169 conspicatus
1041 4098 1327 4168 inclytum
1361 4114 1551 4168 praeco
1583 4093 1757 4169 Λόγον

358 4171 508 4227 Altis
547 4169 621 4224 ad
650 4185 856 4224 omnes
887 4169 1127 4223 vocibus
1157 4169 1411 4223 clamat:
1445 4169 1610 4221 Prior

360 4243 466 4299 Hic
496 4257 592 4295 me
617 4245 743 4294 est:
779 4239 852 4294 ad
883 4239 1040 4293 idem
1071 4256 1247 4294 carne
1285 4255 1378 4294 me
1410 4239 1725 4305 recentior,

363 4313 620 4382 Parique
649 4310 841 4364 forma
867 4309 1054 4382 fulsit,
1083 4317 1148 4364 ut
1178 4316 1449 4382 nostrum
1479 4310 1670 4365 scelus

363 4380 601 4449 Quidvis
631 4386 871 4452 potente
901 4380 1097 4434 deleat
1121 4381 1404 4451 potentia.

438 4454 625 4508 Vitale
654 4452 727 4506 ad
760 4453 957 4522 ipsum
989 4468 1272 4522 pascuum
1306 4468 1412 4506 nos
1441 4452 1713 4517 eﬂ'erens,

367 4528 648 4587 Venatur,
677 4523 836 4593 ipsos
867 4523 1151 4592 anguium
1186 4523 1426 4576 subiens
1458 4538 1690 4592 specus.

364 4597 616 4651 Millena
647 4600 921 4664 sternens
947 4594 1183 4664 agmina
1216 4594 1316 4646 Dei
1338 4593 1567 4664 Filius:

366 4667 594 4737 Quique
624 4663 1072 4737 anteplantain
1086 4663 1432 4737 vulnerabat
1459 4663 1749 4737 omnium,

370 4733 539 4792 Hunc
569 4737 694 4806 ipse
725 4733 1034 4806 claudens,
1059 4733 1271 4787 liberat
1301 4751 1448 4806 quos
1478 4734 1764 4806 condidit,

434 4803 628 4863 Hostis
657 4805 966 4875 nigrantis,
1000 4811 1175 4874 atque
1207 4803 1624 4869 sordidissimi,

365 4879 670 4949 Baptisma
694 4877 855 4949 virus
886 4875 1150 4949 depulit:
1185 4893 1409 4949 nosque
1440 4876 1501 4928 in
1531 4875 1680 4928 viam

364 4946 595 5004 Erroris
626 4948 824 5002 omnis
851 4946 1114 5000 nesciam
1154 4947 1548 5016 pervenimus,

364 5022 620 5090 Quaeque
652 5018 727 5073 ad
760 5032 1020 5090 perenne
1050 5015 1329 5090 gaudium
1362 5017 1542 5084 ducit,
1574 5015 1730 5090 quod
1760 5015 1853 5073 his

365 5087 542 5155 Solis,
573 5087 839 5160 pepercit
867 5088 1318 5160 queisATonans,
1354 5094 1442 5160 est
1473 5087 1754 5158 pervium.

434 5158 699 5216 Cernetis
731 5160 792 5213 in
823 5164 951 5213 atra
981 5158 1297 5212 criminum
1331 5159 1579 5227 caligine

361 5231 640 5286 Strictum
677 5229 902 5285 catenis
932 5229 1213 5283 Conditor
1242 5246 1416 5298 quem
1451 5229 1718 5295 finxerat,

361 5302 635 5357 Humeris
666 5301 725 5356 in
757 5301 942 5355 altum
977 5301 1131 5353 tollit
1172 5300 1328 5354 hunc
1359 5301 1502 5364 suis,
1537 5315 1691 5369 aqua

357 5374 550 5444 Ipsius
582 5388 818 5444 omnem
849 5371 1167 5426 criminum
1192 5371 1384 5425 labem
1419 5371 1644 5434 eluens,

357 5443 537 5498 Primi
571 5443 830 5513 parentis
860 5458 1015 5495 noxa
1046 5459 1224 5512 quam
1253 5447 1642 5513 contraxerat.

427 5515 549 5568 Jam
573 5511 781 5568 'mente
813 5517 1034 5577 sancta,
1063 5511 1430 5583 concitisque
1461 5511 1758 5583 gressibus

354 5585 603 5640 Fontem
635 5589 905 5655 petamus
929 5583 1236 5639 lustricum
1268 5583 1660 5655 baptismatis,

2117 3809 2370 3865 Verbum
2404 3811 2725 3878 intuentes,
2758 3809 2916 3880 quod
2947 3809 3187 3882 quidem
3216 3814 3433 3864 sanctas
3458 3809 3554 3863 siti

2117 3883 2404 3965 ﬂaus‘tum
2439 3882 2698 3965 levandae
2731 3881 2999 3965 porrigit,
3029 3881 3300 3965 morbum
3333 3896 3587 3965 gravem,

2118 3951 2396 4024 Mundum
2427 3951 2752 4023 occupabat
2783 3951 3098 4023 qui'prius.
3133 3953 3303 4024 longe
3335 3951 3564 4024 fugans.

2188 4023 2595 4078 Desideratum
2622 4040 2760 4078 voce
2792 4040 2925 4078 cum
2958 4023 3288 4079 clarissima

2117 4095 2292 4166 Pater
2321 4094 2620 4157 indicavit,
2657 4101 2854 4150 ventre
2889 4112 3064 4166 quem
3088 4098 3435 4149 ructaverat.

2118 4165 2242 4237 llic,
2276 4165 2492 4236 inquit.
2519 4171 2608 4221 est
2632 4183 2741 4237 par
2763 4167 2862 4237 qui
2896 4165 3041 4220 mihi
3071 4166 3422 4234 substantia,

2116 4235 2495 4290 Illuminator
2524 4235 2748 4291 exstitit
2771 4235 3134 4304 mortalium,

2121 4307 2490 4388 Verbumque
2521 4309 2838 4388 vivensuest
2868 4324 3088 4388 meum,
3108 4308 3331 4388 dehinc
3362 4308 3560 4362 homo.

2187 4377 2308 4431 Ceti
2338 4377 2546 4432 fuisset
2574 4379 2847 4432 noctibus
2878 4379 3009 4449 pius
3049 4378 3256 4432 tribus.

2041 4444 2088 4508 D
2121 4448 2264 4502 Cum
2297 4449 2532 4503 clausus
2563 4449 2705 4503 olim
2737 4444 2896 4504 vates
2926 4451 2985 4503 in
3008 4449 3374 4520 praecordiis,

2121 4520 2350 4574 Redivit
2378 4520 2542 4575 illinc
2569 4537 2580 4574 :
2615 4521 2841 4575 scilicet
2870 4520 2991 4575 fore
3023 4521 3315 4587 indicans,

2121 4592 2349 4645 Satana
2381 4597 2464 4657 ut,
2498 4608 2602 4662 per
2630 4592 2820 4645 undas
2850 4592 3150 4661 mysticas,
3185 4609 3254 4646 ex
3281 4591 3552 4646 faucibus

2120 4663 2573 4742 Emergeremus
2600 4663 2831 4742 smculis
2863 4663 3221 4742 novissimis.

2191 4733 2329 4788 Caeli
2364 4733 2608 4787 reclusis
2632 4735 2834 4803 januis
2863 4735 3247 4805 praefulgidis,

2120 4806 2165 4857 Α
2199 4806 2367 4875 Patre
2399 4806 2647 4858 missum
2680 4805 2954 4875 Spiritum
2985 4811 3142 4859 vates
3172 4805 3346 4875 videt.

2123 4878 2306 4948 atque
2337 4874 2700 4948 incidentem
2720 4873 3006 4948 sordibus
3036 4893 3210 4946 porro
3246 4873 3441 4948 Λόγον,

2116 4946 2310 5018 Instar
2341 4946 2842 5018 columbzecernit
2868 4945 3573 5018 hunc,inquam,va3tbere

2117 5017 2460 5071 Venientem
2493 5016 2564 5071 ab
2597 5017 2735 5089 alto,
2760 5024 3051 5071 monstrat
3074 5016 3573 5089 etipraasentibus.

2188 5089 2516 5142 Draconum
2548 5088 2776 5160 adussit
2800 5089 3065 5160 mysticis
3096 5088 3354 5160 lymphis
3385 5093 3583 5160 caput,

2114 5159 2436 5214 Flammam
2468 5159 2682 5213 camini
2717 5159 2818 5228 qui
2845 5159 3074 5230 potens,
3109 5159 3435 5230 antiquitus

2109 5231 2358 5285 Iuvenes
2393 5231 2617 5284 ferebat
2646 5247 2775 5300 qum
2807 5231 2953 5301 pios.
2992 5231 3354 5286 exstinxerat
3382 5248 3394 5284 :

2109 5303 2519 5372 Tenebrasque
2550 5299 2782 5364 densas,
2809 5299 2971 5356 noxa
3003 5319 3148 5371 quas
3180 5303 3350 5356 nobis
3383 5299 3536 5368 tulit,

2108 5375 2270 5428 Nunc
2301 5371 2439 5426 rore
2463 5371 2634 5443 pellit
2659 5372 2908 5441 Spiritus
2941 5375 3320 5428 sanctissimi.

2177 5444 2557 5516 Assyriorum
2590 5443 2906 5516 reddidisti
2931 5445 3225 5499 roscidam

2104 5514 2450 5586 Flammam,
2483 5514 2740 5584 gerebat,
2775 5514 3024 5586 Christe,
3061 5533 3189 5586 quae
3221 5522 3421 5586 typum
3456 5515 3561 5570 tui.

2106 5586 2271 5642 Unde
2303 5585 2550 5640 induisti
2582 5601 2740 5640 nunc
2769 5585 3086 5641 adurentes
3117 5585 3300 5657 aquas

3664 291 3772 347 830
