4042 6154
313 277 415 339 831

385 412 525 466 Tres
554 410 751 466 divina
777 410 970 482 specie
1001 411 1369 483 ignescentes
1401 413 1607 482 rorati,

318 500 702 572 Splendidum
738 500 923 554 tribus
955 500 1298 555 illuminose
1328 501 1530 571 gloriis

319 592 534 661 Aperte
568 590 951 645 manifestant
979 591 1331 645 altissimam
1362 598 1659 654 naturam,

319 681 650 734 Mistionem
682 680 916 733 mortali
958 680 1076 750 igni
1110 686 1430 734 vertentem
1464 681 1708 749 in.rore,

322 768 669 839 Optabiliter
697 784 872 822 omne
904 768 1300 837 perniciosum
1334 774 1614 822 erratum.

388 856 536 909 Albo
569 856 849 909 induatur
878 856 1072 909 omnis
1104 856 1401 910 terrestris
1441 863 1671 923 natura,

315 947 398 1000 Ex
430 961 568 1000 casu
601 961 757 998 nunc
791 960 969 1015 supra
998 945 1175 999 caelos
1206 945 1397 999 elata:

311 1036 357 1089 A
384 1050 498 1103 quo
533 1033 692 1086 enim
724 1033 924 1086 omnia
955 1039 1181 1087 servata
1211 1038 1350 1086 sunt
1380 1032 1591 1097 Verbo,

313 1120 658 1176 Fluentibus
690 1120 931 1174 fluentis
964 1120 1163 1175 abluta
1193 1121 1468 1190 peccatis,

315 1210 453 1274 Quze
485 1214 620 1263 ante
649 1208 796 1280 fugit
826 1209 1245 1279 persplendide
1278 1209 1420 1264 lota.

390 1299 432 1352 Ο
464 1303 702 1368 propter
732 1298 1013 1351 immania
1043 1304 1245 1368 partus
1278 1298 1359 1351 tui
1392 1296 1696 1367 miracula,

317 1387 544 1457 Sponsa
572 1402 847 1457 perpura,
881 1388 1061 1441 Mater
1090 1385 1424 1453 benedicta,

318 1474 400 1529 Ob
424 1491 600 1544 quam
631 1475 883 1528 assecuti
915 1475 1232 1544 perfectam
1266 1474 1536 1541 salutem,

314 1564 565 1635 Dignum
598 1563 933 1633 plaudimus
960 1569 1024 1617 ut
1053 1563 1511 1623 benefactorem.

313 1657 546 1707 Donum
576 1651 834 1706 ferentes
861 1653 1146 1721 hymnum
1176 1653 1495 1723 gratiarum
1530 1652 1797 1706 actionis.

386 1740 614 1794 Scimus
646 1758 775 1810 quae
807 1741 986 1810 Moysi
1018 1741 1078 1794 in
1114 1741 1260 1795 rubo
1294 1746 1530 1794 ostensa
1562 1746 1718 1809 sunt,

320 1828 423 1883 Hic
451 1828 619 1882 miris
644 1829 868 1900 legibus
900 1829 1177 1899 perfecta.

319 1916 411 1970 Sic
443 1918 602 1971 enim
629 1918 849 1973 salvata
879 1924 967 1972 est
998 1918 1247 1989 ignifera
1280 1919 1468 1988 Virgo,

318 2006 667 2061 Radiantem
699 2007 872 2061 enixa
897 2006 1356 2072 benefactorem,

313 2093 705 2164 Jordanisque
739 2096 963 2149 ﬂuenta
992 2096 1339 2165 signiﬁcata.

393 2182 571 2252 Ungis
603 2182 916 2251 perﬁciens
947 2182 1259 2235 mortalem
1294 2182 1708 2249 substantiam,

323 2270 445 2324 Rex
474 2268 602 2323 sine
632 2268 947 2339 principio,
980 2269 1228 2339 Spiritus
1259 2270 1676 2324 communione

324 2354 721 2425 Fluxibusque
753 2356 1149 2410 immaculatis
1180 2372 1533 2427 expurgans,
1566 2361 1623 2409 et
1674 2356 1955 2425 tenebris,

320 2447 403 2499 Ac
428 2443 609 2498 robur
637 2442 1009 2513 vilipendens
1040 2444 1282 2511 elatum,

323 2534 485 2587 Nunc
516 2532 589 2587 ad
619 2531 1058 2586 indesinentem
1093 2532 1372 2587 retribuis
1402 2533 1598 2587 vitam.

564 2666 883 2721 EIUSDEM
905 2667 984 2720 IN
1017 2667 1521 2721 PENTECOSTEN
1555 2666 1705 2737 (83):

709 2772 876 2841 Cujus
910 2774 1255 2843 pvincipium
1293 2788 1563 2827 versuum.

320 2888 363 2941 Ο
395 2885 720 2956 Deigenum
752 2884 1026 2951 Verbum,
1060 2885 1341 2956 Spiritum
1372 2884 1720 2941 advocatum
1749 2903 1954 2942 rursus

1627 2975 1832 3046 [alium

390 3064 471 3117 Ex
500 3062 782 3134 genitoris
814 3062 1042 3116 sinibus
1074 3063 1285 3118 misisti
1318 3065 1693 3118 terrestribus

1586 290 1643 342 Β.
1681 286 1987 342 JOANNIB
2021 288 2439 345 DAMASCENI

3596 289 3706 345 832

1986 419 2040 481 Α
2139 412 2361 484 Τριττοὶ
2395 412 2630 476 θεουδεῖς
2663 414 2922 489 ἐμπύρως
2950 412 3329 489 δροσούμενοι,

2064 499 2347 574 Δῖγλῆντα
2374 509 2616 575 τριτταῖς
2645 508 2917 578 παμφαῶς
2950 503 3235 579 ἁγιστίαις,

2066 594 2262 666 Σαφῶς
2294 588 2521 660 ἐδήλουν
2553 593 2651 660 τὴν
2682 593 2972 667 ὑπέρτατον
3008 593 3185 669 φύσιν,

2065 678 2217 749 Μίξει
2254 680 2491 753 βροτείᾳ,
2526 679 2909 754 πυρπολοῦσαν
2945 681 2994 735 ἐν
3029 678 3227 754 δρόσῳ,

2065 765 2283 828 Εὐκτῶς
2313 767 2517 822 ἃπασαν
2547 771 2645 837 τὴν
2679 768 2927 843 ἀλὲθριον
2961 770 3191 839 πλάνην.

2134 856 2574 928 Λευχειμονείτω
2604 857 2747 911 πάσα
2776 860 2966 931 γήϊνος
2991 858 3171 933 φύσις,

2066 944 2159 998 Ἐκ
2187 945 2445 1006 πτώσεως
2476 950 2565 999 νῦν
2591 945 2832 1020 οὐρανῶν
2866 947 3164 1017 ἐπηρμένη.

2062 1035 2128 1108 ᾮ
2157 1032 2258 1105 γὰρ
2288 1034 2354 1086 τὰ
2374 1032 2548 1087 πάντα
2579 1037 2968 1108 συντετῆρηται
3002 1035 3186 1107 Λόγῳ,

2063 1121 2267 1175 Νάουσι
2301 1120 2531 1196 ῥείθροις
2563 1122 2890 1185 ἐκπλυθεῖσα
2917 1123 3292 1193 πταισμάτων,

2061 1211 2178 1264 Τῶν
2207 1209 2331 1283 πρὶν
2364 1209 2594 1286 πέφευγε
2622 1215 2892 1287 παμφαῶς
2926 1209 3260 1282 λελουμένη.

2132 1298 2197 1351 Ὠ
2224 1301 2330 1351 τῶν
2366 1298 2496 1372 ὑπὲρ
2528 1303 2654 1353 νοῦν
2682 1303 2778 1352 τοῦ
2806 1298 2969 1353 τόκου
3003 1320 3097 1353 σου
3127 1301 3439 1371 θαυμάτων,

2061 1383 2259 1456 Νὗμφη
2294 1388 2551 1459 πάναγνε,
2586 1389 2767 1458 Μῆτερ
2801 1386 3168 1460 εὐλογημένη,

2061 1474 2139 1526 Δι’
2167 1476 2232 1541 ἧς
2258 1475 2519 1548 τυχόντες
2549 1473 2849 1538 παντελοῦς
2874 1476 3172 1549 σωτηρίας,

2062 1559 2310 1631 Ἐπᾶξιον
2341 1567 2641 1637 κροτοῦμεν
2674 1564 2746 1623 ὡς
2770 1563 3081 1637 εὐεργέτην,

2063 1656 2244 1724 Δῶρον
2279 1653 2528 1726 φέροντες
2560 1652 2729 1724 ὕμνον
2764 1653 3138 1725 εὐχαριστίας.

2134 1737 2313 1810 ’Ίδμεν
2345 1739 2409 1792 τὰ
2442 1742 2634 1796 Μωσεῖ
2662 1744 2729 1811 τῇ
2766 1742 2913 1813 βάτῳ
2938 1738 3281 1815 δεδειγμὲνα,

2068 1830 2233 1899 Δεῦρο
2266 1826 2435 1896 ξένοις
2466 1830 2743 1899 θεσμοῖσιν
2774 1828 3173 1904 ἐξειργασμένα,

2064 1920 2147 1976 ’Θς
2182 1915 2284 1989 γὰρ
2317 1915 2553 1968 σέσωστο
2580 1920 2929 1991 πυρφοροῦσα
2950 1913 3242 1988 Παρθένος,

2070 2004 2413 2079 Σελασφόρον
2444 2007 2671 2057 τεκοῦσα
2700 2003 2792 2057 τὸν
2823 2002 3126 2078 εὐεργὲτηνξ

2069 2091 2342 2163 Ἰορδάνου
2370 2112 2427 2145 τε
2461 2092 2644 2165 ῥεῖθρα
2674 2090 3153 2168 προσδεδειγμένα.

2136 2180 2317 2251 Χρίεις
2344 2179 2567 2235 τελειῶν
2600 2182 2700 2249 τήν
2737 2182 2981 2255 βρότειον
3014 2181 3220 2251 οὐσίαν,

2066 2268 2231 2337 ’Ἂναξ
2261 2265 2482 2341 ἄναρχε,
2520 2268 2833 2339 Πνεύματος
2866 2269 3139 2340 κοινωνίᾳ,

2065 2356 2243 2416 Ῥοαῖς
2272 2354 2564 2429 ἀχράντοις
2595 2353 2913 2428 ἐκκαθάρας,
2945 2356 3031 2409 καὶ
3067 2355 3292 2418 σκότους

2066 2443 2245 2517 Ἰσχὺν
2280 2438 2646 2517 θριαμϐεύσας
2672 2463 2731 2497 τε
2750 2444 2848 2511 τὴν
2868 2442 3203 2517 ἐπηρμένην,

2067 2534 2173 2585 Νῦν
2207 2531 2284 2592 εἷς
2315 2528 2551 2600 ἄληκτον
2582 2526 2917 2603 ἐξαμείϐαιαι
2953 2532 3094 2606 βίον.

2244 2665 2377 2720 ΤΟΥ
2408 2663 2629 2719 ΑΥΤΟΥ
2660 2665 2771 2718 ΕΙΣ
2802 2663 2944 2718 ΤΗΝ
2984 2665 3523 2731 ΠΕΝΤΗΚΟΣΤΗΝ,

2657 2767 2732 2825 Οῦ
2764 2768 3103 2843 ἀκροστιχις.

2065 2884 2332 2957 Θειογενὶς
2364 2882 2524 2957 Λόγε,
2556 2858 2777 2954 Πνεῦμα
2807 2882 3158 2956 παράκλητον
3186 2882 3347 2939 πάλιν
3376 2882 3571 2953 ἄλλον,

2134 3062 2230 3115 Ἐκ
2258 3061 2476 3135 γενέτου
2507 3058 2729 3114 κόλπων
2761 3062 2897 3128 ἧκας
2931 3060 3285 3136 ἐπιχθονίοις.

315 3153 382 3207 In
414 3151 599 3223 ignem
630 3150 844 3222 linguae
873 3151 1067 3220 specie
1098 3152 1385 3206 ferentem
1419 3152 1657 3207 Deitatis
1688 3153 1952 3207 materia)

2092 3150 2166 3205 )ἷα
2195 3150 2365 3222 πυρὸς
2397 3147 2681 3223 γλώσσῃσι
2709 3146 2868 3224 φέρον
2903 3149 3158 3218 θεότητος
3192 3146 3382 3220 ἀΰλου,

1612 3241 1865 3295 exnertis

1612 3258 1677 3295 ex
1727 3242 1865 3295 ertis

383 3330 623 3401 Signum
652 3333 767 3382 tum
788 3328 1205 3399 generationis,
1233 3334 1289 3383 et
1309 3330 1557 3400 gratiam
1587 3242 1947 3385 ganptoribus.

2137 3332 2301 3398 Σῆμα
2328 3332 2430 3394 τῆς
2460 3322 2690 3401 φύτλης,
2713 3324 2800 3378 καὶ
2832 3344 2991 3398 χαριν
3028 3326 3382 3398 ὑμνοπόΑοις.

1556 3501 1604 3556 J.
1639 3501 1849 3555 BILLII
1887 3500 2462 3554 INTERPRETATIO.

311 3638 607 3697 Adversus
638 3639 869 3693 hostem
901 3637 1190 3694 dimicans
1218 3639 1656 3707 absconditum,

313 3714 432 3768 Iter
461 3712 856 3766 attrahentem
889 3710 1094 3764 fraude
1125 3728 1232 3765 nos
1262 3712 1335 3765 ad
1367 3711 1679 3766 lubricum.

384 3783 653 3838 Jordanis
686 3782 828 3836 olim
861 3782 1091 3836 caelitus
1122 3783 1311 3851 ruptis
1343 3784 1532 3853 aquis,

311 3855 504 3910 Illzesa
538 3854 748 3907 transit
776 3853 950 3923 (mira
981 3863 1093 3915 res)
1128 3853 1294 3922 plebs
1324 3854 1527 3919 Israel,

313 3927 418 3980 Tui
451 3928 697 3995 ﬁguram
729 3924 1074 3996 sicigerens,
1106 3925 1221 3977 cito
1253 3924 1400 3996 pede

315 3996 421 4059 Qui
454 3994 563 4049 nos
592 4012 697 4065 per
726 3994 913 4049 undas
947 3995 1220 4048 lustricas
1252 3994 1622 4064 baptismatis

314 4067 501 4120 Fluxu
533 4072 781 4120 canente
811 4066 1067 4120 collocas
1098 4065 1159 4117 in
1192 4065 1421 4119 semita.

388 4138 462 4190 Te
493 4137 711 4190 scimus
742 4137 905 4202 olim,
940 4136 1165 4190 Christe
1198 4152 1319 4201 rex,
1354 4141 1412 4189 et
1440 4134 1697 4189 maxima

314 4208 614 4276 Planeque
646 4208 795 4260 mira
824 4213 1193 4277 perpetrans,
1226 4212 1469 4261 cunctos
1500 4207 1671 4276 aquis

314 4278 527 4334 Orbem
559 4294 663 4347 per
687 4294 923 4331 omnem
955 4278 1284 4348 perdidisse
1316 4278 1629 4332 ultricibus
1656 4293 1667 4330 :

316 4351 531 4404 Contra
560 4348 827 4401 obruisse
860 4365 1015 4402 nunc
1046 4350 1215 4412 aquis
1243 4356 1505 4403 nostrum
1540 4349 1753 4415 scelus,

318 4419 509 4475 Nostri
536 4419 812 4472 misertus
840 4418 979 4472 dum
1012 4420 1186 4473 saluti
1219 4420 1526 4490 prospicis.

388 4492 513 4544 Jam
543 4490 693 4542 liber
723 4490 916 4542 omnis
948 4496 1036 4543 est
1066 4492 1279 4543 chorus
1312 4490 1672 4553 mortalium,

318 4561 565 4631 Natique
596 4559 778 4631 lucis,
801 4566 935 4631 ante
969 4561 1067 4629 qui
1100 4578 1341 4629 prorsus
1376 4560 1548 4631 nigri.

319 4629 600 4702 Princeps
628 4629 900 4702 gemiscit
930 4631 1139 4702 unicus
1174 4629 1463 4702 caliginis:

316 4698 574 4773 Hujusce
608 4698 854 4755 summis
887 4700 1063 4773 igitur
1094 4708 1393 4773 auctorem
1428 4698 1567 4752 boni

313 4769 541 4852 Misera:
574 4779 709 4852 ante
743 4769 946 4852 gentes
980 4771 1252 4852 Laudibus
1284 4787 1440 4852 nunc
1474 4769 1740 4852 egehant.

388 4847 545 4911 Tres,
578 4844 729 4897 roris
749 4840 947 4896 instar
977 4842 1215 4896 flamma
1240 4843 1408 4912 queis
1440 4840 1654 4895 ardens
1685 4846 1830 4905 erat,

319 4917 431 4969 Per
462 4914 803 4969 sanctitates
837 4913 1097 4982 triplices
1130 4914 1456 4967 clarissime

321 4986 621 5039 Summam
648 4984 988 5039 indicabant
1018 4985 1281 5037 numinis
1316 4982 1724 5049 substantiam,

320 5056 682 5125 Quzejuncta
714 5056 877 5109 carni
912 5055 1197 5125 pestilens
1228 5054 1479 5109 feliciter

318 5128 385 5180 In
414 5124 545 5180 rore
578 5143 722 5195 puro
752 5124 1090 5179 concremat
1111 5125 1354 5195 quodvis
1388 5124 1599 5178 scelus.

390 5197 535 5251 Alba
567 5196 846 5250 induatur
877 5203 1033 5249 veste
1066 5213 1222 5249 nunc
1257 5196 1599 5249 mortalium

321 5268 561 5335 Natura,
596 5268 763 5337 lapsu
785 5268 912 5339 jam
945 5266 1195 5321 excitata
1225 5267 1537 5337 Olympico.

2063 3638 2127 3692 Vi
2159 3654 2416 3708 namque
2448 3638 2642 3703 Verbi,
2672 3636 2827 3708 quod
2860 3642 3059 3692 tuetur
3085 3638 3304 3704 omnia,

2060 3712 2245 3764 Puras
2272 3726 2377 3779 per
2406 3709 2596 3763 undas
2624 3709 2854 3779 mystici
2886 3708 3258 3779 baptismatis

2060 3783 2279 3850 Turpes
2310 3780 2570 3850 priorum
2605 3781 2919 3835 criminum
2945 3779 3226 3850 abstergit
3255 3783 3441 3834 notas.

2133 3852 2378 3921 Captum
2410 3851 2951 3905 antecellitmentis
2984 3851 3256 3904 humanze
3289 3855 3443 3918 tuus,

2062 3922 2104 3975 Ο
2140 3922 2327 3993 Virgo,
2363 3927 2586 3991 partus.
2621 3929 2677 3976 et
2706 3938 2919 3991 parens
2952 3921 3356 3993 sanctissima:

2062 3993 2173 4046 Per
2202 3992 2378 4062 qnam
2412 3993 2661 4046 salutem
2690 3994 2988 4047 consecuti
3021 3992 3274 4057 caelitus,

2060 4064 2136 4144 '_l‘_e
2168 4063 2341 4144 laude
2371 4080 2605 4144 summa
2632 4064 2897 4144 tollimus
2919 4064 3059 4144 j‘ure.
3085 4064 3328 4144 optimo,

2062 4135 2269 4187 Munus
2300 4134 2558 4188 ferentes
2592 4135 2782 4189 laudis
2812 4134 3300 4188 Eucharisticam.

1983 4197 2030 4261 D
2135 4206 2236 4259 Hic
2269 4221 2430 4259 more
2457 4206 2609 4260 facta
2642 4211 2779 4259 sunt
2808 4222 2977 4269 novo,
3012 4221 3141 4273 quae
3176 4204 3467 4258 maximus

2062 4275 2365 4340 Quondam
2398 4276 2672 4330 indicavit
2703 4277 2762 4329 in
2795 4276 2938 4329 rubo
2971 4277 3108 4329 Mosi
3132 4277 3304 4329 Deus.

2062 4346 2152 4400 Sic
2184 4362 2439 4415 namque
2474 4347 2640 4417 Virgo
2673 4347 2757 4400 nil
2790 4346 2929 4400 mali
2963 4347 3165 4411 sensit,
3200 4346 3395 4400 ferens

2060 4419 2283 4489 Ignem,
2315 4418 2631 4472 micantem
2663 4418 2887 4489 Filium,
2908 4434 3039 4471 cum
3070 4418 3333 4487 protulit.

2060 4490 2281 4559 Typum
2313 4488 2551 4559 gerebat
2581 4494 2636 4542 et
2668 4489 2847 4542 rubus
2877 4488 3267 4557 baptismatis.

2132 4557 2363 4613 .PEtern'e
2395 4560 2687 4630 princeps.
2713 4565 2836 4612 tum
2869 4560 3113 4613 chorum
3144 4557 3480 4612 mortalium

2063 4631 2353 4703 l’eragens
2376 4630 2609 4703 jungis,
2636 4630 2882 4700 Spiritus
2915 4630 3289 4703 commercio,

2062 4700 2233 4754 Puris
2253 4700 2770 4755 ﬂuentis'abluens
2795 4718 2807 4755 :
2845 4717 2909 4755 ac
2934 4700 3003 4755 de
3037 4700 3184 4754 duce

2066 4772 2225 4824 Victo
2257 4771 2586 4841 trimphans
2613 4772 2865 4825 horrida)
2888 4772 3175 4841 caliginis,

2061 4842 2224 4896 Nunc
2254 4859 2362 4897 nos
2389 4840 2461 4897 ad
2492 4861 2676 4897 azvum
2709 4842 2874 4897 ducis
2908 4840 3114 4913 expers
3154 4840 3413 4896 termini.

2060 4959 2319 5028 Ejusdem
2365 4959 2430 5011 de
2490 4964 2802 5013 Pentecoste
2857 4960 3028 5011 iambi
3076 4959 3429 5027 pmtastichi,
3470 4974 3708 5028 quorum

2124 5031 2322 5153 primtae
2381 5029 2574 5082 litterae
2631 5030 2739 5083 haec
2793 5030 2900 5082 duo
2953 5030 3201 5097 dystt'cha
3249 5032 3307 5082 in
3357 5030 3550 5085 Graeco
3582 5034 3710 5099 efﬁ-

2135 5117 2260 5154 ctun
2295 5141 2301 5147 .

2063 5197 2312 5261 Christe,
2345 5197 2681 5253 Paracletus
2712 5214 2869 5253 nunc
2901 5198 3072 5251 nobis
3106 5198 3359 5252 mittitur
3389 5198 3560 5267 alter,

2133 5270 2175 5323 E
2204 5270 2425 5341 gremio
2458 5269 2701 5353 veniens
2732 5268 2921 5323 Patris
2953 5269 3024 5323 ab
3058 5286 3191 5323 arce
3224 5270 3370 5339 poli.

398 5492 505 5563 (83)
536 5494 776 5549 Joannis
806 5493 991 5549 nostri
1025 5493 1368 5547 Damasceni
1401 5508 1521 5547 non
1555 5507 1683 5546 esse
1726 5491 1965 5561 quidam
2007 5498 2251 5564 putant:
2305 5510 2413 5548 nec
2463 5494 2699 5565 injuria.
2738 5493 2877 5548 Vide
2919 5493 3201 5549 Allatium
3229 5494 3290 5549 in
3321 5494 3701 5566 Prolegome-

324 5566 418 5620 nis
450 5582 507 5620 ιι.
540 5568 625 5619 79.
