4042 6154
350 305 464 360 833

431 428 572 500 Θείῳ
601 428 892 507 καλυφθείς
926 433 954 486 ὁ
989 431 1410 508 βραδύγλωσσος
1438 434 1646 511 γνόφῳ,

363 516 758 592 Ὲρῥητόρευσε
784 519 876 573 τὸν
909 520 1206 597 θεόγραφον
1237 523 1429 594 νόμον.

361 604 506 661 Ἰλὺν
536 605 639 678 γὰρ
670 603 945 676 ἐκτινάξας
979 602 1226 681 ὄμματος
1255 610 1400 678 νόου,

367 696 498 768 Ὁρᾷ
525 696 617 748 τὸν
650 692 800 765 ὄντα,
830 699 919 751 καὶ
955 704 1166 769 μυεῖται
1193 700 1500 771 Πνεύματος

360 788 567 845 Γνῶσις
596 783 862 859 γεραίρων
894 785 1096 850 ἐνθέοις
1124 793 1242 850 τοῖς
1273 785 1524 861 ᾅσμασιν.

435 872 576 948 Ἔφη
609 872 673 925 τὸ
703 873 894 926 σεπτὸν
934 876 1025 928 καὶ
1057 870 1350 948 σεϐάσμιον
1383 876 1579 949 στόμα,

355 960 680 1037 Νοσφισμὸς
714 961 842 1032 ὑμῖν
875 961 936 1015 οὐ
964 966 1268 1037 γενήσεται,
1299 965 1471 1040 φίλοι.

432 1048 574 1121 Ἐγὼ
607 1047 708 1122 γὰρ
742 1048 818 1110 εἷς
849 1054 1099 1124 πατρῷον
1131 1051 1354 1123 ὕψιστον
1388 1052 1579 1127 θρόνον

361 1133 760 1208 Συνεδριάζων,
792 1134 969 1211 ἔκχεῶ
996 1143 1092 1192 τοῦ
1130 1139 1438 1212 Πνεῦματος

361 1225 590 1295 Λάμψαι
622 1227 850 1285 ποθοῦσι
874 1226 975 1293 τὴν
1005 1227 1165 1298 χάριν
1196 1228 1296 1294 τὴν
1325 1225 1577 1304 ἄφθονον.

430 1313 598 1386 Ὅρος
632 1305 882 1385 βεϐηκὼς
915 1311 1295 1384 ἁτρεκὲστατος
1324 1317 1517 1390 Λόγος,

358 1397 795 1475 Γαληνὸμορφον
825 1398 1034 1454 ἐκτελεῖ
1060 1402 1160 1469 τήν
1188 1399 1409 1475 καρδίαν

359 1489 562 1561 Ἔργον
593 1487 693 1561 γὰρ
725 1487 1018 1562 ἐκπεράνας
1043 1485 1268 1565 εὔφρανε
1299 1488 1519 1565 φίλους,

365 1579 515 1648 Πνοῇ
551 1575 720 1650 βιαίᾳ,
751 1575 841 1630 καὶ
872 1580 1040 1652 πυρὸς
1073 1577 1462 1652 γλωττήμασι,

367 1664 576 1734 Νείμας
606 1663 669 1718 τὸ
702 1668 918 1736 Πνεῦμα
949 1667 1197 1739 Χριστὸς,
1225 1667 1296 1729 ὡς
1329 1667 1615 1740 ὑπέσχετο.

434 1750 670 1828 Ἐῥρηξε
697 1752 928 1826 γαστρὸς
948 1754 1330 1826 ήτεκνῶμὲνης
1351 1751 1542 1821 πέδας,

352 1833 543 1913 ’Υϐριν
575 1861 634 1894 τε
665 1837 1023 1904 δυσκάθεκτον
1052 1841 1494 1915 εὐτεκνουμένης,

361 1927 529 1998 Μόνη
562 1930 846 2004 προσευχὴ
874 1937 972 1999 τῆς
1001 1927 1342 2008 προφήτιδος
1371 1931 1566 1997 πάλαι,

358 2017 562 2084 ’Ἃννης
593 2016 862 2092 φερούσης
891 2022 1102 2091 πνεῦμα
1130 2017 1608 2093 συντετριμμένον,

360 2105 512 2180 Ηρὸς
542 2106 634 2160 τὸν
669 2102 956 2175 δυνάστην,
987 2107 1075 2161 καὶ
1107 2108 1234 2162 Θεὸν
1266 2111 1370 2161 τῶν
1398 2107 1672 2181 γνώσεων.

443 2192 716 2264 Ἀληπτός
748 2193 890 2248 ἐστιν
913 2197 947 2263 ἡ
981 2194 1415 2268 θεαρχικωτάτη.

369 2282 630 2356 Ῥήτορας
658 2281 758 2355 γὰρ
791 2281 1010 2352 ἐξέφηνε
1027 2282 1155 2344 τοὺς
1186 2281 1600 2357 ἀγραμμάτους,

367 2367 529 2430 ’Δλις
561 2370 824 2442 σοφιστὰς
853 2371 1277 2440 συστομίζοντας
1305 2369 1478 2446 λόγῳ,

373 2457 474 2510 Καὶ
501 2463 605 2525 τῆς
639 2456 857 2531 βαθείας
884 2457 1074 2518 νυκτὸς
1105 2457 1542 2531 ἐξαιρουμένους,

376 2543 554 2606 Λαοῦς
586 2543 839 2618 ἀπείρους
872 2544 1116 2616 ἀστραπή
1147 2551 1245 2600 τοῦ
1277 2545 1620 2618 Πνεύματος.

448 2634 546 2688 Ἦν
579 2631 897 2706 ἐκπορευτὸν
931 2633 981 2702 ἐξ
1015 2634 1312 2708 ἀγιννήτου
1343 2635 1534 2710 φάους,

374 2720 450 2775 Τὸ
480 2720 1054 2798 πανσθενουργόφωτον
1079 2719 1301 2800 ἄφθιτον
1334 2720 1516 2790 σὲλας,

378 2808 459 2866 OG
487 2809 588 2875 τὴν
618 2804 685 2861 δι’
716 2810 842 2862 Υἳοῦ
873 2816 1147 2883 Πατρικῆς
1177 2810 1436 2882 ἐξουσίας,

382 2900 490 2950 Νῦν
521 2894 797 2971 ἐμφανίζει
829 2907 1048 2975 συμφυῆ
1083 2901 1446 2976 φρυκτωριαν,

374 2981 646 3055 Πυρώδης
675 2987 822 3060 ἦχος
856 2987 908 3042 ἐν
943 2989 1084 3043 Σιὼν
1117 2993 1234 3050 τοῖς
1265 2985 1490 3045 ἔθνεσιν.

446 3073 603 3145 Ἀναξ
635 3074 876 3129 ἀνάκτων
913 3077 1024 3138 οἶος
1056 3076 1107 3146 ἐξ
1139 3076 1258 3131 οἷόυ
1291 3077 1478 3149 μόνος,

371 3160 552 3234 Λόγος
585 3160 872 3236 προεληὼν
909 3165 1114 3238 Πατρὸς
1143 3163 1194 3234 ἐξ
1225 3164 1488 3233 ἀναιτίου,

374 3248 666 3311 ’ἰσοσθενές
697 3271 793 3304 σου
826 3255 1042 3323 Πνεῦμα
1067 3257 1184 3314 τοῖς
1217 3252 1565 3314 ἀποστόλοις.

375 3342 456 3404 Νη
469 3337 660 3410 μερτὶς
687 3333 1026 3411 ἐξέλαυμψας
1059 3340 1133 3402 ὡς
1163 3339 1470 3416 εὐεργέτης,

375 3421 604 3480 ’Δδουσι
638 3423 794 3497 δόξαν
821 3431 900 3498 τῷ
928 3428 1114 3500 κράτει
1147 3449 1263 3496 σου,
1299 3429 1483 3503 Κύριέ.

448 3515 689 3587 Λουτρὸν
718 3516 785 3568 τὸ
818 3521 958 3578 θεῖον
991 3523 1091 3584 τῆς
1120 3515 1556 3591 παλιγγενεσίας,

380 3601 540 3678 Λόγῳ
568 3605 830 3677 κεραννὺς
862 3607 1232 3679 συντεθειμένος.
1263 3607 1440 3681 φύσει,

378 3687 818 3763 Ὀμϐροϐλυτεῖς
853 3714 943 3766 μοι
979 3693 1189 3768 ῥεῖθρον
1217 3694 1268 3764 ἐξ
1297 3695 1592 3768 ἀκηράτου,

378 3779 727 3854 Νενυγμένης
760 3801 856 3835 σου
885 3780 1142 3856 πλευρᾶς,
1174 3779 1218 3835 ὦ
1250 3786 1383 3837 Θεοῦ
1410 3782 1574 3856 Λόγε,

377 3869 814 3946 Ἐπισφραγίζων
840 3871 910 3943 τῇ
941 3868 1076 3939 ζέσει
1106 3875 1203 3925 τοῦ
1237 3869 1575 3944 Πνεύματος.

1876 309 2231 367 ΟΔΒΠΙΝΔ.
3643 315 3750 370 834

2030 433 2083 499 Α
2187 434 2386 489 Divina
2416 437 2606 488 tectus
2634 433 3009 506 tardilinguis
3035 435 3274 500 nebula,

2111 523 2388 578 Elocutus
2421 528 2510 577 est
2537 539 2571 576 a
2601 523 2717 576 Deo
2751 523 3027 594 scriptam
3055 524 3243 595 legem
3271 541 3284 577 :

2112 612 2350 666 Materia
2380 611 2537 665 enim
2569 611 2818 681 abjecta,
2855 612 3042 666 oculis
3073 613 3290 667 mentis

2114 699 2321 754 Videre
2354 716 2488 754 eum
2522 699 2621 769 qui
2657 703 2745 753 est
2775 699 2970 762 discit,
3004 700 3254 770 Spiritus

2110 788 2518 859 Cognitionem
2551 787 2802 842 laudans
2835 787 3053 842 divinis
3083 789 3379 844 cantibus.

2183 877 2337 930 Dixit
2368 893 2637 930 severum
2669 882 2725 929 et
2753 877 3156 931 venerandum
3188 895 3274 946 os,

2112 965 2328 1019 Divisio
2355 964 2517 1018 vobis
2548 981 2668 1018 non
2699 964 2820 1028 fiet,
2854 981 2886 1018 0
2918 965 3091 1019 amici
3123 981 3135 1018 :

2112 1053 2227 1122 Ego
2257 1053 2416 1105 enim
2447 1052 2519 1106 ad
2553 1059 2867 1122 paternum
2899 1052 3196 1106 excelsum
3231 1053 3512 1110 thronum

2111 1140 2430 1194 Conﬁdens
2460 1140 2761 1194 effundam
2793 1140 3044 1210 Spiritus

2114 1228 2435 1299 Splendere
2466 1229 2938 1284 desiderantibus
2967 1230 3215 1300 gratiam
3257 1232 3574 1287 inﬁnitam.

2184 1317 2491 1371 Terminus
2518 1317 2812 1387 perfectus
2838 1317 3213 1373 verissimum
3241 1320 3493 1375 Verbum

2112 1405 2470 1475 Tranquillaa
2502 1405 2706 1460 formas
2736 1406 2945 1476 implet
2977 1423 3114 1460 cor:

2115 1496 2301 1565 Opere
2334 1496 2491 1550 enim
2523 1496 2753 1566 expleto
2786 1496 3102 1551 laetificavit
3133 1498 3355 1554 amicos

2115 1583 2281 1638 Flatu
2309 1584 2582 1650 violento,
2619 1590 2678 1637 et
2701 1584 2853 1656 ignis
2885 1585 3254 1654 glossematis

2115 1674 2258 1727 Dato
2289 1671 2528 1742 Spiritu,
2563 1673 2828 1726 Christus
2859 1678 2926 1726 ut
2957 1673 3259 1743 pollicitus
3286 1679 3393 1732 est.

2034 1780 2081 1844 Β
2187 1760 2425 1830 Effregit
2453 1760 2671 1813 ventris
2703 1759 2921 1813 sterilis
2951 1760 3205 1825 vincula,

2113 1849 2520 1919 Injuriamque
2551 1847 2986 1902 intolerabilem
3017 1848 3284 1904 fecundas

2117 1935 2252 1989 Sola
2276 1935 2461 1989 oratio
2492 1935 2877 2006 prophetissae
2907 1935 3050 1990 olim

2116 2025 2326 2090 Annm,
2356 2023 2602 2077 ferentis
2636 2024 2910 2094 spiritum
2942 2025 3264 2080 contritum

2117 2111 2202 2165 Ad
2234 2117 2533 2181 potentem
2565 2117 2623 2165 et
2647 2113 2830 2165 Deum
2853 2112 3260 2167 scientiarum.

2186 2199 2810 2269 Incomprehensibilis
2833 2205 2923 2253 est
2943 2199 3345 2254 divinissimus
3367 2201 3753 2272 principatus.

2117 2288 2400 2342 Rbetores
2431 2288 2589 2341 enim
2621 2287 3044 2342 demonstravit
3072 2287 3428 2356 illitteratos,

2117 2376 2269 2430 Satis
2301 2376 2598 2445 sophistas
2629 2375 2845 2430 mutire
2874 2375 3145 2430 faciendo
3178 2393 3472 2444 sermone,

2119 2466 2189 2517 Et
2216 2480 2251 2518 a
2280 2462 2574 2533 profunda
2603 2470 2772 2518 nocte
2800 2464 3163 2518 extrahendo

2122 2552 2372 2622 Populos
2404 2552 2670 2606 infinitos
2700 2552 2896 2619 fulgur
2927 2552 3197 2621 Spiritus.

2191 2640 2328 2692 Erat
2356 2639 2682 2708 procedens
2704 2656 2774 2692 ex
2806 2639 3068 2708 ingenita
3094 2639 3224 2691 luce

2120 2706 2568 2796 Omnipotenter
2609 2706 2897 2780 luciﬁcusr
2927 2706 3421 2796 incdrruptusque
3453 2726 3756 2798 splendor,

2119 2815 2298 2884 Cujus
2329 2830 2434 2884 per
2459 2813 2588 2868 Filii
2618 2819 2924 2885 paternam
2958 2813 3351 2868 substantiam

2121 2904 2284 2956 Nunc
2313 2901 2654 2956 manifestat
2681 2907 2991 2973 cognatam
3020 2901 3210 2957 facem

2116 2989 2319 3061 Ignata
2347 3006 2455 3044 vox
2486 2989 2547 3044 in
2576 2989 2713 3044 Sion
2744 2989 3039 3062 gentibus.

2193 3081 2310 3133 Rex
2343 3095 2569 3151 regum,
2603 3079 2762 3134 solus
2795 3095 2863 3132 ex
2891 3079 3036 3144 solo,
3070 3079 3261 3134 solum

2194 3127 2310 3133 _--_
2344 3127 2569 3151 --ο-ω,
2603 3127 2760 3134 _--_-
2799 3127 2863 3132 ---
2891 3127 3036 3144 ---η
3071 3127 3261 3134 --__--

2039 3127 2082 3194 Ο
2125 3167 2378 3221 Verbum
2409 3168 2736 3238 procedens
2766 3185 2798 3222 a
2827 3170 2998 3222 Patre
3030 3184 3220 3222 causas
3251 3173 3510 3239 experte,

2123 3255 2595 3325 [Equipotentem
2627 3261 2792 3310 tuum
2815 3257 3096 3326 Spiritum
3127 3257 3410 3326 apostolis

2130 3344 2271 3398 Vere
2301 3343 2654 3398 illustrando
2688 3345 2923 3408 misisti,
2957 3351 3020 3397 ut
3050 3345 3391 3400 benefactor

2126 3431 2510 3486 Cantantibus
2543 3433 2820 3503 potentia)
2853 3439 2964 3486 tuas
2995 3433 3264 3503 gloriam,
3300 3452 3332 3488 o
3367 3435 3631 3490 Domine.

2198 3520 2482 3575 Balneum
2514 3521 2775 3576 divinum
2801 3523 3268 3588 regenerationis

2132 3607 2315 3661 Verbo
2349 3609 2604 3662 miscens
2635 3607 2975 3678 compositas
3007 3613 3254 3673 naturai,

2128 3693 2476 3764 Suppeditas
2509 3695 2653 3748 mihi
2688 3711 2902 3765 aquam
2935 3711 3004 3748 ex
3035 3695 3375 3766 incorrupto

2130 3782 2445 3837 Vulnerato
2478 3789 2576 3837 tuo
2599 3784 2804 3851 latere,
2838 3801 2871 3838 ο
2903 3783 3005 3838 Dei
3030 3784 3304 3853 Verbum,

2129 3869 2404 3941 Sigillans
2433 3871 2662 3926 fervore
2694 3872 2967 3944 Spiritus.

1620 4070 1667 4124 Ι.
1702 4068 1910 4123 BILLII
1945 4066 2527 4123 ΙΝΤΕΒΡΒΕΤΑΤΙΟ.

383 4243 661 4317 Numinis
693 4243 979 4300 indicium
1008 4245 1224 4317 linguis
1252 4246 1693 4303 ﬂammantibus
1715 4247 1808 4303 edi

382 4317 519 4388 Ipse
547 4315 661 4388 sui,
697 4318 915 4370 sanctis
947 4315 1177 4371 vatibus
1208 4325 1382 4388 atque
1410 4320 1580 4374 favet.

456 4386 664 4459 Divina
694 4395 933 4459 opertus
965 4388 1142 4459 nube,
1179 4386 1376 4459 lingua
1408 4391 1650 4455 tardior,

383 4457 573 4530 Moses
603 4458 882 4511 Tonantis
913 4458 1159 4530 protulit
1187 4457 1375 4530 leg—em
1408 4461 1546 4515 suis.

386 4528 491 4603 ﬂio
522 4542 778 4603 namque
811 4530 1028 4582 mentis
1055 4528 1269 4603 lumen
1291 4547 1622 4603 expurgans
1653 4548 1794 4598 sum,

386 4599 594 4672 Entegm
629 4599 912 4672 intuetur,
947 4601 1250 4672 notionem
1283 4599 1531 4672 Spiritus

2133 4245 2343 4300 Pectus
2374 4243 2576 4297 dolore
2603 4243 2875 4299 deferens
2905 4244 3157 4300 fractum
3187 4246 3344 4317 gravi

2134 4317 2221 4370 Ad
2251 4317 2703 4384 Praepotentem,
2737 4331 2958 4370 numen
2990 4323 3048 4370 et
3077 4317 3360 4372 scientia).

2203 4387 2447 4454 Captum
2481 4385 2779 4439 antecedit
2810 4389 3024 4441 mentis
3057 4389 3330 4442 humanas
3362 4389 3536 4443 Deus.

2132 4456 2472 4511 Illitteratos
2504 4456 2770 4510 rhetoras
2802 4475 2936 4512 nam
2967 4459 3261 4513 reddidit:

2051 4514 2098 4578 D
2130 4529 2448 4583 Doctorum
2465 4533 2534 4599 gat
2555 4543 2658 4580 ora
2689 4529 2941 4596 perculit
2968 4530 3258 4599 loquacia.

2133 4604 2214 4654 Ac
2243 4604 2415 4652 nocte
2447 4597 2630 4651 densa
2660 4599 2910 4668 Spiritus
2939 4597 3139 4671 fulgur
3168 4601 3340 4662 sacri,

387 4667 723 4743 Discitque,
743 4671 1042 4743 honoraris
1074 4667 1344 4743 cantibus
1373 4675 1485 4743 piis
1521 4678 1720 4727 Deum.

460 4739 613 4792 Dixit
641 4741 941 4795 cohortem
971 4741 1236 4795 Christus
1265 4743 1339 4796 ad
1371 4739 1608 4798 charam
1640 4759 1827 4811 suam,

385 4811 513 4866 Non
543 4825 664 4873 vos,
700 4811 895 4876 amici,
928 4812 1218 4877 deseram,
1256 4815 1401 4868 mihi
1434 4814 1654 4869 credite
1684 4831 1697 4870 :

387 4881 650 4965 ljamque
683 4881 1018 4965 inpatern'o
1043 4883 1485 4965 conﬁdensnego
1509 4885 1742 4951 throno,

387 4951 596 5025 Paucis
628 4951 843 5025 adhinc
874 4953 1082 5025 diebus
1114 4953 1182 5025 in,
1207 4971 1305 5009 vos
1340 4951 1588 5025 Spiritus

385 5022 682 5076 Immensa
712 5024 870 5079 dona
900 5023 1142 5093 prodiga
1162 5022 1404 5080 fundam
1437 5043 1635 5081 manu.

459 5093 778 5148 Subvectus
803 5096 988 5150 altum
1020 5095 1284 5149 Christus
1318 5097 1376 5150 in
1407 5103 1670 5150 montem
1706 5093 1863 5162 Sion,

387 5163 839 5236 Tranquillitate
876 5165 1053 5220 corda
1084 5166 1384 5234 perfundit
1413 5169 1526 5236 pia.

387 5234 738 5308 Perfunctus
767 5253 945 5308 opera
976 5253 1112 5308 nam
1147 5253 1270 5299 sua,
1304 5234 1560 5292 oblectat
1591 5253 1728 5291 suos

393 5304 749 5376 Vehemente
782 5304 946 5372 flatu,
982 5305 1042 5360 et
1069 5307 1254 5376 igneis
1286 5307 1500 5376 linguis
1543 5311 1704 5374 item,

388 5374 740 5450 Impertiens
769 5379 858 5432 his
888 5374 1209 5450 Spiritum,
1230 5385 1294 5432 ut
1333 5374 1704 5450 promiserat.

465 5445 621 5499 Uteri
643 5445 946 5521 inferacis
960 5449 1132 5521 fregit
1161 5449 1299 5521 olim
1329 5445 1640 5521 compedes
1665 5466 1677 5502 :

388 5515 861 5590 Contraiferacisi
881 5515 1458 5590 fregit'insolentiam

391 5585 510 5640 Vox
542 5589 669 5657 sola
698 5585 1168 5660 supplefonna
1197 5608 1372 5661 quam
1417 5590 1775 5664 profuderat,

2133 4673 2288 4736 Quas
2316 4684 2492 4741 nemo
2523 4674 2726 4739 gentes
2759 4673 3116 4741 supputarit,
3143 4671 3375 4726 liberat.

2206 4743 2286 4794 Ex
2315 4740 2445 4794 luce
2473 4741 2819 4812 nongenita
2834 4740 3058 4812 potens
3091 4759 3288 4796 rerum
3319 4741 3606 4809 omnium,

2133 4814 2472 4880 Parensque
2503 4810 2651 4863 lucis
2677 4810 2895 4880 prodiit
2920 4814 3143 4866 micans
3167 4813 3364 4883 jubar,

2133 4886 2312 4954 Cujus
2343 4887 2601 4950 paterna;
2633 4897 2699 4934 ac
2731 4883 2859 4954 Filii
2893 4883 3237 4937 substantiaa

2133 4951 2338 5026 Parem
2373 4957 2549 5021 atque
2600 4951 2868 5026 eamdem
2925 4971 3085 5026 nunc
3141 4955 3328 5008 facem
3360 4970 3540 5026 sonus
3563 4954 3769 5026 igneus

2135 5023 2298 5079 Haud
2331 5027 2629 5096 monstrat
2649 5022 2897 5077 obscure
2929 5025 2989 5096 in
3022 5025 3193 5078 Sione
3224 5025 3519 5096 gentibus.

2205 5095 2441 5148 Summe
2475 5091 2827 5159 dominator,
2861 5091 3020 5148 soliis
3050 5112 3121 5148 ex
3151 5091 3300 5169 solo,
3324 5093 3518 5169 Λόγος,

2133 5167 2482 5236 Progressus
2513 5179 2546 5216 a
2577 5170 3042 5236 parenteicausaa
3072 5167 3296 5228 nescio,

2133 5236 2373 5306 Equale
2404 5236 2666 5306 Pneuma
2688 5235 2850 5306 quod
2887 5236 2988 5290 tibi
3019 5243 3109 5290 est
3132 5239 3413 5306 potentia,

2134 5304 2277 5360 Vere
2308 5305 2520 5359 dedisti
2553 5304 2859 5375 discipulis
2889 5307 3082 5361 charis
3115 5304 3251 5373 tuis,

2130 5379 2332 5440 Tuam,
2368 5381 2577 5446 potens
2611 5393 2728 5448 rex,
2763 5377 3008 5448 gloriam
3049 5378 3416 5432 canentibus.

2203 5450 2285 5501 Tu
2317 5446 2788 5518 regenerationis
2817 5448 3096 5502 balneum
3130 5465 3362 5503 sacrum

2133 5517 2416 5574 Sermone
2444 5517 2700 5589 miscens
2734 5534 2838 5587 per
2861 5518 3006 5572 duas
3036 5535 3129 5572 res
3161 5518 3447 5589 dispares,

2130 5591 2212 5646 Ex
2241 5589 2547 5644 vulnerato
2578 5587 2763 5642 latere
2793 5595 2882 5644 ter
2913 5595 3114 5644 sancto
3144 5587 3262 5656 tuo,
