4042 6154
350 293 458 350 835
1622 294 1683 347 8.
1721 290 2023 346 JOANNIB
2060 292 2474 355 DAMABCENI
3633 301 3741 359 836

418 419 689 473 Flectunt
718 416 919 472 omnia
948 413 1305 471 consolatori
1336 429 1511 487 genu,

2017 415 2065 482 Α
2169 415 2418 490 Κάμπτει
2448 423 2514 477 τὰ
2538 424 2711 477 πάντα
2738 427 2817 495 τῷ
2853 420 3196 496 Παρακλήτῳ
3228 422 3377 499 γόνυ,

348 509 615 579 Filioque
648 507 857 574 Patris,
891 506 1047 560 Patri
1081 504 1523 576 cognatissimo.

2100 504 2249 577 Γόνῳ
2275 528 2331 561 τε
2362 512 2569 585 Πατρὸς
2598 513 2766 583 ΙῙατρὶ
2802 514 3212 584 συμωυιστάτῳ.

348 598 413 652 In
446 597 714 667 personis
746 596 904 649 enim
936 595 1096 648 novit
1128 594 1314 647 tribus
1348 593 1741 647 substantiam

1657 609 1741 647 1m
2099 592 2186 648 'Ev
2213 597 2314 670 γὰρ
2346 601 2661 670 προσώποις
2691 598 2804 654 οἶδε
2832 601 3035 674 τρίτοις
3070 600 3253 655 οὐσίαν

347 687 494 740 Vere
526 683 1020 748 inaccessibilem,
1054 682 1333 752 temporis
1366 686 1677 752 exsortem,
1716 696 1914 735 unam.

1607 698 1677 752 m,
1716 696 1914 735 unam.
2098 687 2176 751 Νη
2191 686 2380 755 μερτὶς
2411 687 2727 759 ἀπρόσιτον,
2761 689 3017 763 ιὶχ-ρονον⁹
3055 690 3203 762 μίαν.

346 775 550 829 Illuxit
580 774 737 829 enim
770 773 974 827 lumen
1004 772 1190 842 gratia
1221 770 1489 841 Spiritus.

2095 770 2345 845 Ἐλαμψε
2374 779 2489 849 φῶς
2519 776 2643 849 γὰρ,
2677 779 2710 844 ἡ
2746 778 2906 850 χάρις
2933 782 3029 831 τοῦ
3061 778 3396 850 ΙΙνεόματος.

420 863 655 917 Servitis
680 878 885 915 omnes
918 860 1287 914 divinissimo
1321 858 1701 929 principatui,

1614 858 1701 926 ,ui,
2168 858 2426 925 Τελεῖσθε
2456 865 2649 926 πάντες
2680 869 2748 937 τῇ
2781 867 3210 940 θεαρχικωτάτῃ,

344 954 495 1017 Quot
525 952 674 1005 servi
706 950 847 1004 estis
883 949 1204 1003 triluminis
1239 948 1604 1003 substantia.

2093 950 2249 1004 ⁴Οσοι
2283 947 2568 1024 λατρευταί
2598 959 3017 1030 τρισσοφεγγοῦς
3047 956 3254 1019 οὐσίας.

345 1038 885 1111 Supernaturaliter
916 1037 1074 1091 enim
1107 1037 1339 1107 perﬁcit
1367 1042 1432 1090 ut
1460 1034 1819 1101 benefactor,

1553 1034 1819 1101 lefactor,
2094 1036 2401 1114 ’Υπερφυῶς
2431 1039 2581 1095 τελεῖ
2607 1042 2815 1115 γὰρὼς
2840 1043 3149 1117 εὐεργέτης,

342 1130 413 1181 Et
443 1129 676 1199 igneam
702 1126 956 1182 formam
979 1126 1245 1179 Christus
1276 1125 1376 1178 dat
1405 1126 1467 1178 in
1499 1123 1771 1191 salutem,

1712 1139 1771 1191 n,
2095 1123 2196 1178 Καὶ
2229 1134 2614 1205 πυρσομορφοῖ
2638 1130 2867 1203 Χριστὸς
2902 1130 2977 1192 εἰς
3010 1133 3308 1207 σωτηρίαν,

344 1217 549 1271 Totam
581 1216 888 1287 porrigens
918 1214 1165 1285 gratiam
1199 1213 1467 1283 Spiritus.

2092 1210 2268 1282 ’Όλην
2300 1213 2541 1290 πορίζων
2572 1217 2671 1284 τὴν
2705 1218 2866 1291 χάριν
2891 1221 2988 1271 τοῦ
3011 1218 3341 1292 Πνεύματος.

415 1304 738 1360 Solubilem
771 1303 1179 1375 purgationem
1205 1301 1545 1368 criminum,

2162 1302 2432 1377 Λυτήριον
2464 1303 2721 1375 κάθαρσιν
2747 1303 3011 1378 άμπλακη
3021 1307 3223 1378 μάτων,

343 1394 600 1466 Ignitum
630 1392 876 1462 accipite
911 1390 1160 1461 Spiritus
1190 1405 1411 1456 rorem,

2094 1389 2400 1460 Πυρίπνοον
2428 1388 2643 1463 δέξασθε
2674 1393 2987 1465 Πνεόματος
3020 1392 3235 1468 δρόσον,

343 1483 385 1537 Ο
420 1482 524 1536 filii
560 1481 900 1536 luciformes
921 1478 1198 1533 Ecclesia
1224 1495 1236 1532 :

2090 1477 2157 1530 Ὠ
2186 1478 2342 1532 τέκνα
2374 1481 2713 1558 φωτόμορφα
2740 1484 2838 1544 τοῖς
2870 1480 3219 1553 Ἐκκλησίας.

340 1572 504 1626 Nunc
532 1569 691 1623 enim
724 1586 794 1622 ex
829 1569 967 1623 Sion
998 1567 1175 1622 exivit
1204 1566 1319 1635 lex,

2092 1571 2201 1622 Νῦν
2233 1567 2285 1639 ἐξ
2319 1571 2460 1624 Σιὼν
2492 1571 2593 1645 γὰρ
2625 1570 2945 1644 ἐξελήλυθεν
2977 1572 3166 1645 νόμος,

335 1663 525 1733 Ignea
558 1661 772 1731 lingua
797 1659 1007 1723 forma,
1045 1658 1299 1729 Spiritus
1328 1657 1535 1729 gratia.

2092 1655 2157 1710 Ἡ
2186 1655 2797 1738 γλωσσοπυρσόμορφος
2831 1660 3143 1733 Πνεόματος
3176 1665 3361 1738 χάρις.

410 1750 570 1804 Sicut
599 1749 844 1820 dignum
874 1746 1065 1817 patuit
1096 1750 1302 1816 sponte
1336 1762 1439 1799 sua
1469 1743 1814 1808 liberaliter,

1631 1743 1814 1808 aliter,
2014 1774 2060 1838 Β
2092 1833 2102 1838 ᾔ
2163 1745 2351 1838 listed):
2380 1768 2479 1821 περ
2499 1746 2816 1838 ⁸ηὐδόκησεν
2848 1748 3227 1821 αὐτεξουσίως,

338 1839 588 1893 Domino
622 1852 829 1891 carens
862 1834 1169 1889 descendit
1198 1835 1449 1904 Spiritus
1476 1849 1509 1887 a
1539 1835 1731 1899 Patre,

1630 1838 1731 1899 tre,
2014 1829 2058 1838 ”
2092 1829 2415 1887 Ἀδὲσποτον
2448 1833 2652 1888 κάτεισι
2683 1837 2905 1909 Πνεῦμα
2935 1840 3226 1913 Πατρόθεν.

338 1926 643 1996 Sapientes
674 1924 897 1978 faciens
929 1924 989 1976 in
1021 1922 1239 1994 linguis
1270 1921 1587 1992 apostolos,

2091 1920 2317 1998 Σοφίξον
2349 1920 2400 1974 ἐν
2426 1921 2706 1997 γλώσσῃσι
2737 1926 2863 1987 τοὺς
2892 1926 3257 2001 ἀποστόλους,

338 2014 612 2085 Sigillans
644 2013 703 2066 in
735 2013 857 2066 illis
888 2011 1211 2065 vitaferum
1250 2010 1521 2075 Verbum,

2091 2010 2504 2087 Ἐπισφραγίζον
2530 2012 2621 2065 τὸν
2650 2008 2930 2089 φερέσϐιον
2967 2016 3165 2091 Λόγον,

338 2104 386 2155 Α
417 2104 587 2155 Patre
619 2100 978 2165 acutiformi,
1015 2100 1170 2168 quod
1206 2101 1377 2153 Pater
1407 2099 1571 2152 dixit.

2088 2100 2356 2172 Πατρόθεν
2387 2099 2718 2176 ὀξόμορφον,
2750 2101 2807 2157 ὅν
2842 2105 3025 2176 Πατήρ
3059 2103 3182 2180 ἔφη.

411 2188 664 2242 Curabat
688 2192 917 2241 mentes
951 2186 1190 2256 quidem
1221 2202 1254 2239 a
1280 2190 1519 2255 peccato

2159 2186 2303 2253 Ἰῆτο
2330 2185 2424 2247 τὰς
2453 2188 2647 2261 φρένας
2678 2191 2770 2261 μὲν
2803 2189 2852 2262 ἐξ
2886 2192 3172 2266 ἁμαρτίας,

341 2278 412 2330 Et
441 2276 551 2329 sibi
584 2275 904 2346 apparabat
935 2274 1359 2345 apostolorum,

2089 2272 2279 2344 Χαύτῷ
2309 2276 2677 2346 κατεσκεύαζε,
2708 2283 2814 2331 τῶν
2850 2278 3188 2347 ἀποστόλων,

342 2366 496 2420 Deus
515 2364 1062 2430 Verbum,omnium
1081 2360 1767 2432 princeps,immaculata
1783 2359 1938 2415 domi

1679 2364 1767 2415 ata
1783 2359 1978 2415 domo:
2090 2363 2217 2422 Θεὸς
2248 2363 2443 2437 Λόγος,
2471 2364 2783 2440 πάνταρχος
2813 2368 3069 2441 ἀχράντῳ
3101 2367 3275 2442 δόμῳ·

342 2452 665 2523 Ᾱέῳιεὼίϋε
696 2452 925 2506 I‘ObOI‘lS
952 2457 1147 2504 autem
1179 2455 1238 2504 et
1258 2448 1801 2515 consubstantialis,

1548 2448 1801 2515 antialis,
2088 2451 2453 2521 Ὀμοσθενοῦς
2483 2448 2539 2505 δὲ
2568 2452 2657 2506 καὶ
2689 2457 3144 2528 συνουσιωμένου,

342 2545 507 2597 Nunc
537 2542 892 2595 informatur
922 2540 1173 2609 Spiritus
1206 2539 1429 2593 lumen.

2091 2538 2196 2591 Νῦν
2229 2536 2655 2612 ἐγκατοικίζεται
2689 2541 2995 2614 Πνιύματος
3028 2543 3186 2621 φάος.

410 2629 755 2700 Propitiatio
787 2629 980 2693 nobis,
1013 2628 1264 2705 Christe,
1300 2632 1357 2681 et
1382 2626 1542 2681 salus

2164 2624 2418 2698 Ἰλασμὸς
2450 2630 2606 2699 ἡμῖν,
2638 2630 2855 2703 Χριστὶ,
2886 2632 2976 2684 καὶ
3007 2632 3265 2705 σωτηρία,

338 2722 609 2773 Prasens
642 2717 889 2771 illuxisti
924 2731 995 2769 ex
1026 2703 1281 2786 Virgine,

2088 2715 2149 2771 Ὁ
2180 2712 2445 2783 δεσπότης
2475 2711 2726 2789 ἔλαμψᾶς
2758 2716 2816 2772 ἐκ
2845 2726 2943 2788 τῆς
2974 2703 3269 2792 Παρθένου,

340 2811 431 2875 Ut,
466 2814 745 2876 tanquam
778 2806 1125 2876 prophetam
1161 2822 1231 2859 ex
1261 2804 1401 2859 fera
1433 2804 1675 2859 marina

1633 2822 1675 2859 ω
2088 2804 2181 2859 ⁹Ἰν’
2213 2804 2287 2865 ὡς
2318 2806 2605 2881 προφήτην
2631 2806 2797 2879 Θηρὸς
2830 2805 2889 2859 ἐκ
2919 2805 3229 2881 θαλαττίου,

338 2895 682 2950 Pectoribus
713 2896 941 2958 Jonam,
974 2910 1007 2947 a
1036 2892 1410 2963 corruptione
1440 2894 1699 2963 eriperes

1440 2894 1699 2963 eriperes
2092 2892 2325 2961 Στένων,
2358 2899 2455 2960 τῆς
2486 2894 2690 2967 φθορᾶς
2720 2890 3036 2968 διαρπάσῃς,

340 2986 547 3039 Totum
580 2983 765 3037 Adam
797 3000 930 3037 cum
964 2982 1126 3037 omni
1159 2998 1372 3052 genere
1399 2981 1731 3035 cadentem.

1654 2998 1731 3035 m.
2088 2975 2258 3035 ’Ὁλον
2282 2979 2373 3033 τὸν
2404 2977 2601 3052 ’Δδάμ,
2634 2989 2868 3055 παγγενῆ
2901 2986 3244 3041 πεπτωκότα.

411 3072 816 3127 Desideratum
848 3071 1020 3125 nobis
1050 3076 1277 3125 rectum
1310 3070 1371 3123 in
1398 3069 1782 3123 interioribus

1654 3069 1782 3123 ibus
2013 3130 2051 3147 η
2158 3069 2396 3142 Ἶμερτὸν
2430 3070 2565 3139 ἡμῖν
2596 3068 2746 3133 εὐθὶς
2781 3069 2831 3123 ἐν
2863 3078 2979 3134 τοῖς
3009 3073 3250 3147 ἐγκάτοῖς

336 3164 571 3215 Eterne
601 3159 891 3213 habituris
922 3158 1203 3228 Spiritum
1234 3158 1499 3223 innoves,

2009 3130 2052 3195 Β
2088 3154 2336 3216 Αῗωνίως
2366 3152 2548 3225 ἕξουσι
2580 3160 2798 3229 Πνεῦμα
2822 3130 3109 3231 καινίσοίς,

338 3252 386 3303 Α
416 3252 586 3302 Patre
616 3247 1035 3318 procedentem
1065 3246 1327 3315 undique
1356 3244 1715 3314 copulatum,

1686 3263 1715 3309 ι,
2089 3238 2596 3317 Πατριπροϐλήτως
2624 3243 2883 3307 πάντοθεν
2917 3247 3282 3320 συνημμένον,

340 3336 595 3389 Materia
628 3335 885 3389 inimica
916 3334 1329 3388 combustilem
1362 3332 1858 3401 inquinationem,

1701 3347 1858 3398 nem,
2086 3331 2256 3401 Ὕλης
2282 3330 2554 3406 άπεχθοῦς
2583 3333 2866 3387 καυστικὸν
2900 3334 3289 3408 μολυσμάτων,

343 3423 660 3493 Sordisque
693 3423 889 3477 omnis
919 3422 1311 3492 purgativum,
1346 3437 1377 3473 o
1411 3420 1807 3489 omnipotens.

1735 3435 1807 3473 is.
2084 3418 2284 3474 Ῥῦπου
2314 3441 2370 3473 τε
2400 3420 2597 3482 παντὸς
2632 3420 2912 3496 ῥυπτικὸν,
2936 3426 3331 3499 παντοκράτορ,

412 3511 762 3583 Appetibilis
793 3510 1047 3581 dignitas
1077 3509 1360 3579 apostolis

2156 3508 2408 3582 Ὀρεκτὸν
2443 3508 2655 3581 ἀξίωμα
2683 3514 2799 3571 τοῖς
2832 3511 3160 3574 ἀποστόλοις

340 3600 745 3665 Sionensibus,
780 3598 1255 3668 exspectantibus
1281 3604 1439 3652 tuam
1472 3598 1870 3667 prasentiam,

1552 3598 1870 3663 asentiam,
2088 3595 2373 3655 Σιωνίταις
2411 3595 2671 3668 μίμνουσί
2703 3619 2798 3652 σου
2830 3601 3148 3673 παρουσίαν,

340 3691 504 3751 Nota,
539 3688 787 3758 Spiritus
816 3687 997 3758 geniti
1032 3703 1062 3740 a
1094 3688 1263 3740 Patre
1302 3686 1491 3752 Verbi,

2086 3684 2398 3758 Γνώρισμα,
2433 3690 2667 3758 Πνεῦμα,
2701 3690 3101 3761 πατρογενήτου
3143 3689 3337 3766 Λόγου,

338 3780 529 3849 Nugas
561 3777 828 3830 inficetas
858 3774 1284 3829 blanditiarum
1316 3775 1580 3841 gentium

2087 3773 2307 3847 Λέσχην
2338 3773 2518 3842 ἀπηνῆ
2555 3774 2718 3827 ἐθνῶν
2749 3779 3184 3849 ποππυσμάτων,

337 3866 617 3921 Celeriter
647 3870 1005 3929 monstrans,
1031 3863 1090 3915 in
1122 3863 1242 3915 illis
1274 3862 1459 3915 instar
1485 3863 1634 3934 ignis
1658 3862 1904 3917 insides.

1586 3863 1634 3916 is
1658 3862 1904 3917 insides.
2087 3862 2310 3915 Ὠκιστα
2342 3859 2551 3924 δεικνὺς
2576 3864 2866 3938 πυρπνόως
2897 3862 3176 3940 καθιδρύῃ.

409 3955 664 4007 Concors
696 3952 967 4005 clamavit
992 3952 1522 4005 instrumentorum
1555 3956 1781 4018 cantus,

1634 3956 1781 4018 ntus,
2160 3949 2462 4027 Σῦμιρωνον
2484 3951 2737 4024 ἐθρόησεν
2770 3951 3009 4027 ὀργάνων
3045 3953 3230 4025 μέλος,

336 4041 597 4099 Adorare
630 4056 869 4095 auream
892 4039 1221 4094 inanimam
1256 4040 1594 4110 imaginem.

2090 4034 2301 4110 Σέὂειν,
2331 4038 2394 4094 τὸ
2427 4038 2820 4113 χρυσότευκτον
2853 4037 3064 4114 ἄψυχον
3101 4042 3290 4115 βρέτας
3323 4045 3454 4117 (84).

1580 4195 1625 4248 J.
1662 4194 1869 4248 BILLII
1908 4195 2486 4250 INTERPRETATIO.

336 4320 557 4377 Fundis
585 4320 727 4374 mihi
760 4319 970 4385 undas,
1001 4337 1032 4373 o
1069 4319 1173 4373 Dei
1210 4319 1410 4389 proles
1441 4335 1627 4386 sacra,
2014 4321 2059 4384 D
2170 4318 2337 4371 Venit
2366 4316 2655 4389 arbitratu
2686 4333 2791 4387 pro
2825 4333 2951 4383 suo,
2980 4333 3054 4389 ac
3086 4317 3410 4387 liberrime,

336 4395 581 4449 Fervore
615 4392 855 4461 signans
887 4390 1137 4461 Spiritus
1171 4388 1554 4444 sanctissimi.
2096 4389 2313 4458 Suique
2338 4388 2514 4461 juris,
2549 4390 2863 4461 aAParente
2896 4388 3166 4461 Spiritus.

408 4464 501 4517 Nil
533 4470 641 4529 est,
674 4458 826 4532 genu
858 4458 1015 4531 quod
1040 4478 1156 4513 non
1186 4461 1488 4514 Paracleto
1523 4477 1693 4513 suum
2089 4461 2383 4532 Docetque
2417 4458 2637 4532 linguis
2668 4459 2855 4528 igneis
2882 4460 3206 4532 apostolos,

336 4535 579 4597 Flectat,
615 4529 921 4600 Patrisque
954 4532 1101 4583 Filio
1134 4532 1463 4583 simillimo.
2090 4529 2275 4582 Vitale
2308 4530 2560 4582 Verbum
2595 4530 2787 4600 signat
2817 4536 2875 4582 et
2905 4530 3106 4597 simul,
3142 4533 3315 4584 Pater

337 4612 598 4659 Persona
626 4619 885 4671 namque
918 4601 993 4653 sit
1021 4600 1160 4653 licet
1192 4601 1437 4671 triplex:
1472 4605 1669 4653 tamen
2092 4599 2579 4671 Satumquodex
2615 4617 2675 4653 se
2708 4600 2957 4662 dictitat,
2993 4618 3099 4670 par
3131 4608 3189 4654 et
3222 4601 3351 4655 sibi.

339 4678 632 4731 Duntaxat
663 4669 1050 4741 una—prorsus
1082 4677 1171 4723 est
1202 4669 1549 4741 substantia.
2161 4670 2345 4740 :ligris
2375 4670 2669 4741 medelam
2703 4669 3004 4725 mentibus
3033 4672 3377 4738 donaverat,

340 4750 481 4802 Nam
512 4746 661 4800 fudit
690 4739 830 4799 almi
866 4742 1116 4820 Spiritus
1148 4741 1337 4793 lucem
1370 4739 1585 4793 charis.
2091 4739 2280 4809 Atque
2313 4747 2556 4855 apparat
2586 4740 2867 4811 disciplos
2899 4742 3167 4795 Christus
3208 4760 3345 4797 suos

415 4820 522 4855 νηο
554 4817 885 4855 mnnninntp
919 4820 1187 4855 nrnhnnq
1222 4827 1450 4855 gnmmn
1485 4811 1619 4855 Dens
2093 4811 2318 4855 Sancta».
2351 4848 2359 4855 .
2391 4812 2543 4855 mnis
2575 4812 2724 4855 lnhiq
2756 4813 2813 4855 in
2849 4829 2989 4855 num
3023 4813 3217 4855 τὶηηὶη-

415 4820 523 4872 Vos
554 4817 885 4884 mancipate
908 4811 1187 4884 "protinus
1222 4827 1450 4865 summo
1483 4811 1622 4884 Deo,
2093 4811 2318 4865 Sancta
2351 4811 2543 4865 Sionis
2575 4812 2724 4865 labis
2756 4813 2815 4865 in
2849 4829 2996 4881 pura
3023 4813 3218 4866 donio.

337 4888 571 4942 Cultum
604 4882 892 4941 exhibetis
923 4882 1023 4953 qui
1056 4883 1250 4935 triluci
1280 4882 1570 4935 essentia.
2093 4884 2257 4953 Nunc
2290 4899 2494 4936 rursus
2526 4900 2696 4951 aqua
2727 4884 2957 4952 praditi
2990 4884 3340 4949 substantia,

337 4960 481 5011 Nam
509 4959 686 5012 corda
716 4957 864 5010 mire
896 4952 1128 5024 perﬁcit
1161 4953 1497 5006 mortalium
1527 4970 1537 5005 :
2093 4952 2460 5022 Roboraque,
2497 4953 2555 5005 in
2590 4953 2707 5006 illis
2740 4954 2988 5022 Spiritus
3030 4954 3229 5009 lumen
3265 4955 3446 5009 sedet.

339 5032 528 5098 Atque
555 5028 627 5082 ad
661 5028 910 5081 salutem
943 5024 1208 5098 Christus
1240 5024 1513 5098 ardentes
1535 5024 1694 5098 facit,
1740 5093 1748 5098 _
2093 5097 2130 5098 7
2163 5025 2243 5098 T_u
2262 5024 2440 5098 venia
2471 5030 2649 5081 certa.
2670 5024 2931 5098 Christe,
2966 5025 3138 5098 nobis
3170 5032 3229 5079 et
3258 5026 3438 5094 salus,

340 5093 489 5153 Duin
517 5115 755 5168 prorsus
785 5112 1021 5168 omnem
1051 5093 1565 5168 Spiritusprabet
1590 5093 1820 5149 charin.
2092 5097 2173 5168 Ex
2202 5094 2334 5168 labe
2365 5110 2512 5168 pura
2537 5094 2810 5168 prodiisti
2831 5095 3080 5168 “Virgine
3107 5113 3120 5149 :

416 5171 487 5223 Ut
516 5164 704 5222 vestra
724 5168 886 5221 vobis
911 5166 1222 5218 deleantur
1252 5165 1519 5229 crimina,
2092 5167 2183 5230 Ut,
2216 5164 2495 5219 belluinis
2526 5164 2795 5219 faucibus
2823 5164 3030 5220 Jonam
3063 5165 3241 5231 velut,

343 5240 589 5316 Ijaurite
616 5256 815 5309 quaso
852 5237 1101 5306 Spiritus
1133 5252 1327 5316 rorem
1360 5237 1620 5316 igneum,
2091 5235 2274 5316 Primi
2304 5236 2586 5316 paren_tis_
2601 5237 2684 5289 sic
2712 5252 2897 5316 genus
2929 5236 3087 5306 quod
3120 5236 3364 5316 corruit,

346 5310 410 5376 Ο,
444 5306 786 5365 luciformes
819 5324 967 5377 quos
998 5307 1228 5377 peperit
1257 5306 1537 5360 Ecclesia.
2092 5310 2138 5361 A
2170 5306 2300 5360 labe
2333 5307 2541 5360 mortis
2573 5306 2828 5361 horrida
2860 5313 3071 5377 potens
3104 5306 3326 5362 trahas.

343 5381 509 5436 Nunc
539 5396 793 5450 namque
822 5382 1027 5450 sancta
1058 5377 1128 5450 de
1164 5377 1299 5431 Sion
1328 5377 1422 5450 lex
1454 5377 1613 5450 exiit,
2113 5448 2126 5450 _
2165 5377 2885 5450 DesideratumSpiritum
2910 5384 3143 5450 rectum
3174 5383 3363 5445 tuum,

341 5450 531 5522 Ignita
556 5448 767 5522 nempe
792 5449 1043 5520 Spiritus
1070 5448 1284 5519 lingua
1307 5448 1520 5503 charis.
2097 5448 2141 5503 Ο
2171 5449 2421 5515 Christe,
2456 5448 2627 5503 nobis
2660 5450 2876 5504 innova
2904 5449 2966 5503 in
2994 5450 3360 5520 pracordiis,

412 5578 522 5650 (84)
545 5578 637 5633 Sic
654 5574 839 5632 Aldus
859 5572 1153 5629 Manutius
1172 5571 1669 5629 edidit.Basileen.
1684 5570 1900 5645 βλὲτας,
1914 5570 2070 5628 male
2088 5588 2100 5626 :
2120 5588 2225 5643 pro
2240 5588 2355 5644 quo
2370 5588 2681 5644 perperam
2698 5573 2904 5629 Billius
2918 5572 3235 5646 legendum
3252 5572 3484 5629 censuit
3505 5569 3731 5649 βλέπος,
