4042 6154
328 308 432 363 837

323 434 385 488 Ἦ
415 435 513 486 τοῦ
544 430 907 504 Παρακλήτου
939 425 996 482 δὲ
1025 426 1311 502 φωσφόρος
1345 425 1530 499 χάρις,

325 515 682 590 Σεϐασμιάζει
713 521 808 570 τοῦ
845 518 997 590 βοᾷν,
1029 516 1196 590 Τριᾶς
1232 512 1396 585 μόνη,

318 607 636 674 Ἰσοσθενής,
665 602 928 678 ἄναρχος,
961 600 1264 676 εὐλογητὸς
1295 603 1364 654 εἲ.

393 695 588 762 Φωνὴν
611 691 1131 768 προφητόφθεγκτον
1163 687 1518 765 ἠγνοηκότες,

318 786 591 861 ’Ἐφασκον
622 781 976 848 οἱνότευκτον,
1010 777 1260 853 ἄφρονες,
1301 778 1490 850 μέθην,

317 872 524 942 Ῥήσεις
555 868 982 940 ξενηκούσθησαν
1013 867 1085 928 ὡς
1119 864 1464 920 ἀποστόλων.

320 961 388 1018 Οἱ
418 954 651 1019 εὐσεϐεῖς
683 954 739 1012 δέ
761 977 843 1009 σοι
883 957 1097 1031 βοῶμεν
1131 954 1346 1022 ὲνθέως,

317 1047 562 1120 Νεουργέ
588 1045 683 1100 τοῦ
715 1044 1019 1116 σύμπαντος
1058 1041 1360 1117 εὐλογητὸς
1392 1041 1458 1096 εἴ.

388 1135 584 1192 Θέσπιν
614 1127 1036 1207 κατεϐρόντησεν
1072 1132 1098 1185 ὁ
1137 1129 1354 1206 βλέπων
1390 1125 1516 1203 ὅπα,

315 1225 539 1286 ’Ἑνθους
568 1219 762 1290 Ἰωήλ,
792 1225 888 1274 τοῦ
921 1219 1384 1294 θεαρχικωτοὶτου,

318 1313 410 1375 Οἷς
443 1312 641 1386 ἐκχεῶ,
674 1311 969 1380 φήσαντος,
1002 1308 1090 1362 οἷὰ
1132 1328 1230 1380 περ
1265 1302 1466 1382 Λόγον,

317 1404 424 1458 Τοῦ
455 1395 764 1472 ΙΙνεύματός
791 1418 895 1471 μου
921 1393 1294 1468 συμϐοήσουσι
1327 1395 1484 1462 φύσις

317 1490 378 1544 ’Π
409 1487 976 1564 τρισσοφεγγόφωτος,
1013 1483 1319 1558 εὐλογητὸς
1347 1484 1410 1539 εἴ.

389 1577 592 1649 Τριττὴ
631 1575 723 1648 μὲν
755 1574 1079 1648 εὐμοίρησεν
1116 1573 1273 1646 ὡρῶν
1301 1573 1399 1641 τὴν
1423 1572 1605 1647 χάριν,

317 1668 508 1727 ’Όπως
539 1663 871 1740 ἔπεμφήνειε
898 1665 1043 1735 τρεῖς
1079 1658 1420 1729 ὑποστάσεις,

319 1749 506 1810 Σέϐειν
538 1752 589 1807 ἐν
623 1751 894 1821 ἁπλότητι
925 1757 1024 1818 τῆς
1056 1748 1318 1820 ἐξουσίας.

319 1844 480 1901 Ἀλλ’
506 1843 559 1898 ἒν
599 1847 696 1916 μιᾷ
727 1845 816 1895 νῦν
851 1843 1076 1913 ἡμερῶν
1106 1843 1172 1912 τῇ
1208 1838 1394 1910 Κυρίᾳ,

317 1933 465 2002 Υἱὸς,
499 1932 706 2004 Πατὴρ,
735 1929 826 1984 καὶ
860 1930 1096 2000 Πνεῦμα,
1125 1926 1427 2001 εὐλογητὸς
1458 1925 1525 1982 εἶ.

388 2020 516 2079 Λύει
544 2019 612 2074 τὰ
641 2017 830 2092 δεσμὰ,
861 2018 951 2072 καὶ
983 2013 1219 2091 δροσίζει
1249 2016 1349 2083 τὴν
1383 2014 1584 2092 φλόγα,

317 2112 378 2168 Ὁ
407 2109 804 2183 τρισσοφεγγής
831 2113 929 2174 τῆς
958 2103 1212 2178 θεαρχίας
1241 2104 1430 2173 τύπος,

319 2201 572 2272 ’Υμνοῦσι
604 2193 814 2262 παῖδες,
847 2197 1124 2268 εὐλογεῖτε
1151 2193 1243 2247 τὸν
1281 2192 1470 2264 μόνον,

318 2293 575 2359 Σωτῆρα,
605 2282 696 2338 καὶ
727 2281 1061 2356 παντουργὸν
1091 2281 1166 2342 ὡς
1199 2279 1508 2354 εὐεργέτην,

313 2373 380 2428 Ἠ
407 2370 878 2447 ὃημιουργηθεῖσα
907 2371 1158 2442 σύμπασα
1197 2368 1391 2430 κτίσις.

387 2463 625 2532 Μνήμην
657 2462 684 2514 ὁ
715 2461 944 2534 Χριστὸς
975 2463 1081 2512 τῶν
1116 2457 1462 2532 βροτοσσόων
1497 2455 1664 2527 ἐπῶν,

315 2547 806 2622 Ἀπατρακουσθεὶς
837 2552 958 2608 τοῖς
991 2544 1318 2606 ἀποστόλοις
1351 2543 1476 2620 ἔφη,

317 2637 394 2694 Τὺ
425 2635 642 2709 mea,“
668 2635 851 2710 τεύχει
883 2633 1389 2710 γλωσσοπυρσεύτῳ
1414 2636 1550 2704 Θεῷ.

317 2725 560 2802 Ἐφίζον,
593 2724 884 2796 εὐλογητὸν
916 2722 1118 2776 οἷ’κειου
1128 2723 1259 2793 μένη
1270 2764 1285 2786 ,

325 2810 775 2886 ’Πλλοτριωμένη
805 2809 862 2865 δὲ
888 2809 1084 2879 μέλπει
1118 2829 1175 2862 σε
1200 2809 1392 2868 κτίσις.

395 2895 794 2972 Σωτηριωδῶς,
826 2895 1237 2957 αὐτοδεσπότως
1268 2895 1347 2949 ἰὸν
1362 2941 1374 2963 ,

318 2991 447 3049 Φῶς
481 2986 850 3059 αὐτολαμπὲς,
883 2986 968 3039 καὶ
1004 2984 1327 3056 παρεκτικὸν
1361 2982 1534 3059 φάους

314 3076 612 3148 Ὑπάρχον,
643 3075 772 3141 ἧκες
803 3071 1076 3147 ἐμφοροῦν
1108 3070 1472 3139 ἀποστόλους,

315 3165 526 3234 Τιμῆεν
557 3163 633 3224 ὡς
657 3163 812 3233 ἄημα
839 3166 955 3222 τοῖς
990 3165 1106 3221 σοῖς
1139 3159 1394 3227 οἰκέταις,

316 3249 768 3324 Λελιπαρημένον
793 3267 852 3302 τε
884 3251 1102 3319 Πνεῦμα
1133 3247 1487 3320 προσνέμοις.

390 3341 520 3406 ’ῌσε
548 3340 846 3414 προφητῶν
881 3335 1370 3411 πνευματέμιρορον
1405 3333 1602 3406 στόμα,

321 3426 432 3493 Σὴν
466 3422 842 3497 σωματωδῶς,
867 3424 911 3477 ὧ
942 3421 1153 3490 Μέδων,
1187 3419 1309 3490 ἐνδη
1325 3423 1473 3494 μίαν,

317 3513 417 3567 Καὶ
444 3517 658 3587 [Ινεῦμα
685 3510 910 3566 κόλπων
943 3514 1218 3586 πατρικῶν
1250 3509 1623 3584 προηγμένον,

318 3606 629 3671 νΑκτιστον,
663 3599 1170 3674 συμπλάστουργον,
1197 3597 1482 3672 σύνθρονον
1512 3599 1683 3666 σέθεν,

318 3689 440 3752 ’Ῑεές
471 3690 934 3764 ἐνανθρωπήσεως
957 3691 1172 3748 πιστοῖς
1199 3683 1376 3749 σέϐας.

1838 301 2192 356 CARMINA.

3609 303 3715 360 838

1995 431 2046 495 Α
2078 425 2365 480 Paracleti
2387 431 2586 482 autem
2618 427 2862 482 lucifera
2890 405 3078 498 gratia

1989 1790 2036 1855 Β

1988 3144 2030 3211 C

2072 514 2291 586 Dignos
2321 514 2461 569 facit
2482 521 2548 570 ut
2577 515 2858 580 clament,
2891 516 2934 569 Ο
2964 515 3215 569 Trinitas
3247 515 3394 580 sola,

2071 604 2455 674 z‘Equipotens
2485 605 2612 658 sine
2644 603 2958 674 principio,
2994 603 3306 659 benedicta
3334 620 3420 658 es.

2143 693 2354 746 Vocem
2395 708 2428 746 a
2458 693 2746 762 propheta
2783 691 3001 745 dictam
3036 693 3135 761 qui
3168 693 3534 764 ignorarunt,

2073 779 2354 834 Dicebant
2384 780 2569 847 stulti,
2592 781 2806 834 factam
2834 796 2866 834 a
2893 779 3027 834 vino
3061 779 3427 838 ebrietatem.

2072 869 2342 938 Loquelaa
2378 869 2702 940 peregrinas
2735 868 2949 922 auditas
2982 873 3138 935 sunt,
3173 875 3238 923 ut
3285 870 3708 942 apostolorum.

2069 957 2156 1010 Pii
2186 963 2384 1012 autem
2417 958 2523 1012 tibi
2557 959 2881 1012 clamamus
2907 957 3189 1013 divinitus

2070 1047 2322 1102 Novifice
2344 1047 2621 1114 universi,
2654 1047 3002 1101 benedictus
3035 1063 3116 1101 es.

2141 1135 2576 1191 Vaticinantem
2608 1135 2910 1206 pertonuit
2939 1134 3143 1189 videns
3175 1151 3398 1204 vocem,

2070 1223 2188 1277 Deo
2210 1223 2420 1294 plenus
2449 1224 2594 1288 Joel,
2628 1224 2978 1278 divinissimi
3004 1224 3371 1295 principatus
3397 1241 3408 1278 :

2069 1310 2292 1375 Quibus
2325 1311 2644 1380 effundam,
2678 1312 2891 1379 aiebat,
2939 1317 3220 1383 tanquam
3254 1312 3528 1380 Verbum,

2069 1401 2149 1454 De
2181 1401 2397 1471 Spiritu
2429 1419 2576 1464 meo,
2615 1419 2735 1458 una
2765 1402 3108 1459 clamabunt
3139 1420 3151 1457 :
3185 1404 3228 1458 Ο
3258 1409 3471 1458 natura

2069 1490 2306 1562 Triplici
2337 1492 2652 1563 splendore
2683 1493 2910 1560 lucens,
2939 1493 3254 1548 benedicta
3286 1510 3367 1548 es.

2139 1581 2331 1635 Tertia
2361 1581 2601 1652 quidem
2633 1587 2805 1636 nacta
2838 1587 2927 1635 est
2946 1581 3225 1637 horarum
3251 1583 3518 1654 gratiam,

2068 1666 2140 1720 Ut
2165 1665 2618 1735 demonstraret,
2653 1675 2770 1724 tres
2804 1669 3162 1724 substantias

2069 1753 2325 1810 Adorare
2357 1757 2417 1810 in
2445 1756 2820 1827 simplicitate
2851 1758 3160 1828 potestatis
3186 1773 3199 1811 :

2066 1841 2179 1896 Sed
2227 1843 2287 1898 in
2316 1859 2436 1898 una
2462 1861 2622 1899 nunc
2653 1845 2881 1899 dierum
2917 1845 3178 1909 domina,

2068 1930 2270 1998 Filius,
2303 1934 2494 2000 Pater,
2529 1939 2587 1987 et
2617 1933 2891 2004 Spiritus,
2923 1933 3270 1989 benedictus
3305 1951 3386 1990 es.

2141 2019 2320 2074 Solvit
2338 2021 2590 2088 vincula,
2616 2026 2674 2076 et
2704 2027 2865 2076 rorat
2896 2021 3196 2076 ﬂammam

2068 2109 2256 2162 Terno
2283 2107 2507 2162 lumine
2536 2109 2904 2179 principatus
2933 2109 3143 2164 forma.

2069 2194 2334 2250 Laudant
2363 2197 2552 2266 pueri,
2585 2196 2822 2251 laudate
2854 2197 3047 2250 solum

2068 2283 2512 2351 Salvatorem,et
2528 2284 2895 2338 conditorem
2915 2285 3179 2340 omnium
3203 2290 3260 2341 et
3276 2286 3712 2343 benefactorem

2067 2372 2274 2425 Creata
2303 2372 2576 2426 universa
2605 2377 2895 2426 creatura.
3365 2377 3708 2447 [salvantur,

2139 2459 2479 2514 Memoriam
2527 2460 2792 2514 Christus
2812 2461 3125 2516 verborum
3159 2462 3374 2532 quibus
3429 2465 3711 2519 mortales

2067 2548 2204 2611 Quae
2237 2564 2270 2601 a
2301 2549 2470 2600 Patre
2499 2547 2740 2613 audivit,
2773 2549 3056 2618 apostolis
3089 2549 3254 2604 dixit.

2071 2635 2318 2705 Spiritus
2349 2642 2641 2705 praeparat
2669 2636 3004 2705 linguarum
3038 2637 3341 2707 ignearum
3374 2640 3708 2708 spectaculo

2068 2722 2358 2788 Insidens,
2393 2722 2793 2787 benedictum,
2822 2723 3148 2778 assimilata
3173 2741 3186 2778 :

2068 2810 2339 2864 Alienata
2368 2825 2501 2862 vero
2535 2809 2736 2864 laudat
2767 2816 2820 2864 te
2847 2812 3086 2866 creatio.

2140 2898 2390 2953 Salutari
2414 2897 2642 2951 ratione
2675 2915 2779 2952 sua
2809 2905 3097 2969 potestate
3131 2901 3259 2955 iens

2067 2990 2186 3042 Lux
2217 3003 2322 3056 per
2351 3002 2414 3039 se
2445 2985 2776 3056 splendida,
2811 2992 2870 3040 et
2897 2987 3089 3042 datrix
3124 2988 3367 3043 luminis

2069 3075 2389 3137 Exsistens,
2422 3073 2629 3128 venisti
2657 3079 2722 3127 ut
2761 3074 3040 3145 impleres
3071 3077 3390 3146 apostolos,

2069 3162 2305 3215 Honora
2320 3167 2443 3215 tum
2478 3168 2760 3230 tanquam
2786 3163 3050 3217 habitum
3085 3165 3199 3219 tuis
3232 3166 3434 3235 servis,

2074 3249 2491 3318 Illustremque
2523 3248 2805 3319 Spiritum
2838 3249 3179 3307 distribuas.

2143 3337 2368 3391 Cecinit
2399 3337 2820 3407 prophetarum
2855 3339 3072 3409 Spiritu
3104 3340 3348 3410 plenum
3378 3359 3465 3410 os,

2073 3425 2258 3478 Tuum
2293 3425 2698 3495 corporaliter,
2731 3443 2763 3479 o
2796 3427 3062 3494 Domine,
3096 3429 3433 3498 adventum,

2073 3514 2143 3566 Et
2173 3515 2454 3584 Spiritum
2487 3514 2714 3568 sinibus
2747 3518 3010 3584 paternis
3042 3519 3396 3588 productum

2073 3602 2428 3669 Increatum,
2464 3603 2887 3669 confactorem,
2922 3621 3330 3660 concessorem
3361 3614 3550 3674 tuum,

2075 3691 2258 3753 Quem
2291 3690 2501 3744 misisti
2533 3691 2960 3746 incarnationis
2993 3693 3268 3749 fidelibus
3300 3694 3635 3749 colendum.

1574 3859 1621 3912 J.
1665 3859 1871 3914 BlLLlI
1907 3859 2468 3914 INTERPRETATIO

335 4019 383 4094 ᾼ
409 4017 578 4094 Patre
611 4013 720 4094 qui
744 4013 864 4094 exit
895 4029 907 4067 :
940 4028 1182 4094 prorsus
1213 4016 1387 4081 atque
1411 4009 1704 4094 jungitur,

335 4085 669 4154 Sordesque
697 4083 879 4138 faadas
919 4083 1234 4137 criminum
1265 4088 1508 4135 cunctas
1539 4085 1782 4154 cremat,

335 4151 713 4225 Maculasque
747 4171 989 4224 prorsus
1020 4155 1071 4207 vi
1104 4168 1482 4225 suasumma
1513 4151 1676 4208 eluit.

407 4229 596 4281 Decus
617 4223 1055 4296 ﬁexpectendum
1087 4229 1148 4277 tu
1181 4223 1439 4296 Sionitis,
1473 4227 1633 4276 tuam

336 4297 636 4369 Apostolis
673 4294 1051 4369 manentibus
1083 4294 1484 4369 praesentiam,

337 4364 696 4432 O'Pneuma,
730 4366 1033 4420 declarant
1062 4364 1252 4418 satum
1284 4364 1537 4418 Verbum
1570 4365 1763 4430 Patre,

336 4442 643 4518 Musaque
675 4437 1153 4518 ηξιεεξξβθηιίιξω
1186 4440 1573 4518 Ρορργξωξιξδ

337 4505 691 4567 Μοιιειιῖεωε.
724 4505 784 4561 in
818 4505 939 4562 illis
977 4507 1165 4560 instar
1190 4505 1349 4576 ignis
1379 4505 1622 4558 insides.

410 4583 528 4635 Rex
560 4579 911 4649 imperabat,
944 4577 1180 4648 organis
1213 4575 1584 4638 canentibus,

338 4649 634 4705 Adhibere
669 4650 891 4704 cultum
923 4649 1193 4718 protinus
1225 4653 1431 4700 statuae
1461 4662 1676 4718 aureas.

338 4721 602 4776 Lucifera
622 4728 828 4774 contra
857 4717 1194 4773 Pneumatis
1226 4719 1412 4772 sancti
1445 4717 1658 4782 charis,

338 4793 606 4847 Clamare
638 4808 747 4846 nos
776 4791 934 4844 vult:
969 4791 1116 4845 Laus
1148 4789 1250 4843 tibi
1285 4788 1415 4847 soli.
1447 4789 1632 4854 Trias,

337 4864 514 4918 Ortus
543 4869 600 4916 et
629 4879 858 4932 expers,
891 4867 947 4915 et
977 4860 1134 4931 paris
1160 4859 1462 4932 potentiae.

410 4934 577 4987 Vocis
611 4928 913 5003 prophetae
945 4928 1128 4985 nescii
1163 4928 1215 4985 to
1242 4928 1669 5003 dementiam!)

338 5005 548 5070 Musto,
581 4999 952 5073 inquirebant,
989 5001 1360 5057 commadere
1392 4999 1712 5070 apostolos,

340 5075 568 5128 Auditae
599 5080 665 5127 ut
694 5075 812 5128 illis
843 5079 984 5127 sunt
1013 5073 1209 5127 statim
1240 5088 1408 5124 voces
1440 5086 1622 5123 novas.

340 5145 675 5200 Clamamus
706 5151 901 5200 autem
933 5160 1041 5198 nos
1073 5143 1177 5196 tibi
1209 5141 1488 5194 divinitus
1519 5157 1531 5193 :

341 5215 512 5271 Orbis
544 5222 806 5281 novator,
837 5216 911 5269 sit
938 5221 1034 5268 tuo
1068 5215 1196 5268 laus
1227 5212 1474 5266 nomini.

411 5288 524 5340 Per
554 5304 657 5342 ora
686 5287 829 5340 vatis
861 5286 1136 5338 intonans
1170 5299 1435 5338 summus
1465 5283 1637 5335 Pater

338 5356 540 5429 .glioelis,
574 5358 788 5429 inquit,
823 5356 912 5423 Hi,
941 5355 1174 5429 quibus,
1215 5353 1467 5408 Verbum
1495 5352 1674 5418 velut,

339 5427 606 5499 Fundam
629 5426 916 5499 benignus
949 5426 1230 5496 Spiritum
1263 5429 1531 5499 sanctum
1563 5439 1782 5494 meum,

338 5498 457 5552 Hoc
486 5495 893 5569 praadicab'unt
917 5495 1016 5569 ore
1038 5495 1359 5569 communi,
1380 5495 1589 5569 ΔΤξτίιιιι

335 5565 577 5642 Natura,
610 5569 848 5626 laudem
886 5568 1138 5638 quilibet
1165 5567 1324 5624 dicat
1351 5565 1478 5621 tibi.

2160 4012 2260 4064 Est
2289 4016 2605 4083 consecuta
2634 4013 2882 4083 gratiam
2913 4015 3059 4070 hora
3097 4017 3290 4083 tertia,

2091 4083 2161 4158 [Jt
2187 4099 2296 4158 nos
2318 4081 2557 4158 doceret
2583 4081 2776 4158 colere
2809 4081 3299 4158 treshypostases

2087 4155 2153 4207 In
2186 4153 2410 4224 unitate
2443 4153 2697 4220 simplici
2727 4153 3024 4224 potentiae.

2088 4227 2162 4278 At
2191 4240 2352 4278 nunc
2383 4223 2444 4276 in
2476 4239 2595 4276 una
2617 4223 2744 4293 jam
2775 4226 2870 4280 die
2902 4229 3018 4281 Deo
3051 4244 3217 4282 sacra

2086 4294 2218 4373 Tibi
2246 4293 2374 4373 dico
2392 4293 2656 4373 laudem,
2679 4296 3474 4373 Spiritus,_VerbumAPater.

2158 4365 2227 4416 Et
2257 4364 2447 4417 vincla
2499 4364 2748 4434 rumpit;
2799 4369 3091 4423 roscidam
3125 4376 3181 4423 et
3238 4371 3540 4429 ﬂammam
3587 4375 3728 4431 fecit

2005 4471 2052 4536 Β
2086 4437 2278 4536 'II'ypus
2311 4434 2572 4536 supremi
2605 4437 2865 4536 nugninis
2899 4440 3228 4521 trilucidus.

2082 4507 2330 4561 JUVBHBS
2362 4511 2642 4559 canentes
2675 4510 2889 4564 Rerum
2919 4513 3186 4564 omnium

2085 4578 2391 4657 Summum
2418 4583 2745 4657 parentem,
2777 4582 3454 4657 prosuisamplissimis

2085 4651 2324 4725 Meritis,
2359 4652 2620 4725 creatum
2652 4655 2742 4702 est
2771 4652 3058 4725 quidquid
3089 4655 3147 4706 in
3168 4651 3424 4725 mundo,
3457 4664 3648 4715 canat.

2157 4722 2193 4772 A
2227 4720 2396 4794 Patre
2428 4717 2634 4794 doctus
2666 4717 2804 4794 quasi
2827 4717 2950 4777 suis
2975 4725 3256 4794 apostolis

2085 4790 2267 4844 Certae
2303 4789 2509 4844 salutis
2541 4789 2716 4858 plena
2746 4789 3291 4850 Christus-dixerat.

2087 4861 2306 4936 [lorum
2338 4861 2675 4936 memoriam
2711 4864 2958 4936 Spiritus
2990 4867 3073 4919 eis
3103 4868 3360 4936 refricat,

2087 4931 2323 5006 I_.inguis
2355 4930 2428 5006 in_
2449 4930 2914 5006 ign_is_insi_dens.
2949 4937 3012 4989 In
3044 4939 3290 5006 gratiam

2085 5003 2298 5056 Tecum
2329 5000 2579 5065 reducti,
2613 5001 2888 5058 laudibus
2919 5012 2973 5059 te
3005 5000 3351 5063 attollimus.

2154 5073 2386 5151 Certam
2417 5071 2488 5124 ad
2522 5071 3044 5151 salutemprorsus
3072 5095 3138 5133 ac
3171 5080 3460 5151 heriliter,

2087 5142 2394 5218 liuxclara
2414 5157 2530 5218 iper
2560 5148 2636 5208 te,
2667 5142 2894 5218 lucis—ret
2921 5148 3076 5203 clare
3106 5150 3316 5218 datrix,

2088 5213 2330 5289 Venisti,
2363 5217 2428 5289 ut
2458 5215 2943 5289 omnes_impleas
2973 5221 3270 5289 apostolos

2083 5283 2281 5356 Fletus
2307 5282 2385 5356 _ad
2417 5284 2620 5356 instar.
2663 5282 2942 5356 Spiritum
2975 5282 3308 5356 petentibus

2085 5307 2281 5338 matus
2313 5307 2385 5338 au
2417 5307 2620 5338 luswr.
2663 5307 2942 5356 Dpll‘ltum
3017 5307 3262 5346 etenunt

2085 5355 2278 5427 Servis
2306 5354 2596 5425 benignus
2625 5357 2889 5427 praebeas
2919 5307 3092 5414 ve‘lim
3125 5363 3262 5417 tuis.

2153 5426 2431 5480 Cecinere
2461 5426 2857 5483 vatesconciti
2877 5429 3156 5486 divinitus

2083 5494 2148 5573 In
2180 5513 2376 5573 c_arne,
2404 5513 2632 5552 summe
2665 5500 2805 5566 Rex,
2836 5505 2998 5573 tuam
3037 5503 3436 5573 praesentiam,

2081 5569 2162 5622 Ac
2194 5568 2458 5622 Pneuma
2490 5572 2758 5624 sanctum
2788 5568 3068 5641 prodiens
3093 5573 3283 5629 Patris
3317 5568 3469 5641 sinu,
