4042 6154
333 259 439 314 839

398 382 584 447 Salve,
616 381 856 454 Regina,
891 378 1371 451 matrivirginalis
1402 378 1608 451 gloria,

326 474 509 527 Omne
538 472 695 525 enim
726 470 1159 534 benevolubile,
1195 469 1344 523 bene
1381 469 1634 539 loquens
1664 486 1729 523 os

328 560 680 615 Rhethorica
709 565 833 614 arte
866 576 984 612 non
1011 562 1205 628 potest
1237 562 1290 611 te
1321 557 1560 611 laudare
1593 558 1787 629 digne.

328 648 551 719 Caligat
578 653 774 702 autem
805 664 975 701 mens
1006 646 1200 700 omnis
1232 646 1303 700 ad
1341 651 1506 700 tuum
1538 652 1770 716 partum

329 736 834 807 Cognoscendum,
852 735 1006 789 unde
1026 740 1079 789 te
1094 752 1226 789 cum
1244 734 1535 788 desiderio
1550 734 1966 805 glorificamus.

398 826 644 879 Cantare
673 825 841 879 decet
871 829 1144 878 naturam
1176 824 1569 877 viviﬁcantem
1593 822 1853 893 puellam
1883 838 1895 876 :

329 913 462 968 Sola
493 913 652 968 enim
684 913 746 967 in
777 912 1088 983 profundis
1120 912 1434 966 occultavit
1466 911 1742 980 Verbum,

325 1002 643 1073 zEgrotanti
676 1000 921 1055 medens
948 1000 1289 1055 mortalium
1320 1006 1545 1055 natura)
1573 1018 1584 1053 :

328 1090 492 1154 Quod
520 1090 739 1143 dextris
772 1089 1012 1142 sedibus
1038 1105 1196 1142 nunc
1228 1088 1440 1143 sedens

330 1179 541 1245 Patris,
577 1179 737 1232 misit
765 1179 1012 1249 gratiam
1044 1178 1313 1248 Spiritus.

402 1268 795 1336 Quoscumque
828 1266 1137 1336 inspiravit
1167 1266 1385 1321 deiflua
1414 1266 1600 1338 gratia

332 1355 738 1425 Splendenies,
773 1354 1158 1426 fulgurantes,
1204 1355 1545 1424 permutati,

335 1445 681 1498 Hesternam
714 1444 1234 1513 permutationem,
1259 1442 1759 1509 decentissimam,

330 1532 826 1601 Aiquipotentem,
847 1531 1263 1584 indivisibilem
1284 1536 1703 1602 cognoscentes
1729 1528 1972 1601 [camus.

328 1619 685 1690 Sapientem,
708 1620 957 1690 triplicis
981 1619 1313 1689 splendoris
1336 1618 1725 1673 substantiam
1752 1616 1974 1689 gloriﬁ-

1608 261 1668 312 8.
1707 257 2013 313 JOANNIB
2052 257 2464 313 DAMASCENI

1996 396 2050 459 Α
2148 376 2395 451 Χαίροις,
2426 375 2643 449 ἄνασσα,
2681 377 3122 451 μητροπὰρθενον
3153 373 3339 437 κλέος.

3618 254 3727 309 840

2076 467 2247 521 ’Δπαν
2277 466 2376 541 γὰρ
2410 464 2683 534 εὐδίνητον
2718 463 2950 521 εὕλαλον
2980 464 3178 535 στόμα,

2076 555 2421 627 Ῥητορεῦον,
2460 553 2521 607 οὐ
2556 553 2724 608 σθένει
2744 575 2801 608 σε
2836 553 3060 626 μέλπειν
3088 553 3275 625 ἀξίως.

2078 625 2305 715 Ἰλιγγιᾷ
2337 640 2393 695 δὲ
2421 646 2545 702 νοῦς
2580 643 2716 703 ἅπας
2748 663 2841 696 σου
2866 642 2956 696 τὸν
2984 636 3166 699 τόκον,

2077 733 2261 797 Νοεῖν,
2294 728 2412 791 ὅθεν
2446 748 2503 781 σε
2534 730 2624 781 σὺν
2654 727 2806 800 πόθῳ
2838 726 3152 800 δοξάζομεν.

2149 818 2332 893 ’ᾼδειν
2366 820 2509 876 ἔοικε
2535 823 2634 890 τὴν
2668 821 2933 900 φυσίζωον
2976 820 3167 894 κόρην.

2078 910 2235 978 Μόνη
2263 909 2363 984 γὰρ
2394 908 2444 963 ἐν
2478 906 2653 984 δίνῃσι
2683 908 2934 986 κεκρύφει
2967 908 3168 981 Λόγον,

2078 997 2357 1052 Νοσοῦσαν
2388 996 2709 1060 ἆλθαίνοντα
2736 997 2835 1063 τήν
2874 996 3081 1070 βροτῶν
3117 994 3295 1071 φύσιν.

2078 1086 2174 1145 ⁸ος
2210 1082 2402 1155 δεξιοῖς
2435 1083 2719 1157 κλισμοὶσι
2753 1088 2844 1137 νῦν
2880 1080 3167 1158 ἱδρυμένος

2080 1173 2312 1244 Ηατρὸς,
2338 1172 2592 1249 πέπομφε
2619 1173 2717 1240 τὴν
2750 1173 2909 1247 χάριν
2941 1174 3037 1225 τοῦ
3072 1170 3403 1241 Ηνεύματος.

2149 1263 2337 1320 ’Όσοις
2367 1257 2615 1315 ἕπνευσιν
2648 1262 2681 1331 ή
2709 1259 2997 1335 θεόρῥυτος
3033 1259 3213 1332 χάρις,

2082 1350 2413 1421 Δάμποντες,
2448 1348 2862 1419 ἀστράπτοντες,
2895 1344 3269 1418 ἠλλιωμὲνοι,

2083 1439 2317 1501 Ὀθνείαν
2352 1438 2667 1507 ἀλλοίωσιν,
2703 1439 3089 1512 εὐπρεστάτην,

2084 1526 2505 1595 Ἰσοσθενοῦσαν,
2536 1526 2633 1593 τὴν
2663 1527 2903 1597 ἄτμητον
2938 1522 3159 1593 εἰδότες,

2087 1614 2290 1689 Σοφήν,
2321 1612 2613 1689 τρίφεγγον
2645 1611 2826 1667 οὐσίαν
2852 1609 3165 1684 δοξάζομεν.

1568 1828 1615 1882 J.
1658 1827 1864 1882 BILLII
1902 1826 2483 1882 INTERPRETATIO.

334 2025 405 2078 Ut
436 2028 496 2077 tu
528 2025 876 2091 increatum,
912 2041 1015 2093 par
1046 2024 1170 2087 tibi,
1206 2040 1405 2077 rerum
1440 2040 1675 2094 parens,

334 2094 514 2147 Mittis
545 2094 853 2147 colendum
880 2094 1142 2163 praeditis
1175 2094 1289 2147 fide
1314 2096 1468 2147 viris.

406 2166 645 2234 Regina,
680 2164 861 2223 salve,
896 2170 1083 2217 mater
1113 2170 1170 2217 et
1198 2165 1354 2234 virgo
1386 2163 1562 2217 simul

335 2233 507 2287 Nulla
536 2234 780 2303 reperiri
812 2234 1010 2305 lingua
1042 2240 1158 2287 tam
1191 2233 1463 2287 volubilis

335 2306 553 2363 Potest.
580 2311 743 2358 tuum
772 2322 902 2374 quae
937 2305 1210 2359 concinat
1242 2305 1416 2375 digne
1447 2305 1647 2359 decus.

335 2375 1002 2456 {lens‘languetomnia
1036 2377 1563 2456 cogitanspartum
1598 2382 1787 2429 tuum.

335 2446 560 2516 Cupido
591 2462 728 2517 ergo
762 2446 993 2500 laudem
1029 2446 1281 2500 dicimus
1307 2446 1409 2499 tibi
1436 2453 1693 2516 pectore.

410 2517 553 2570 Vitas
580 2517 842 2587 parentis
877 2517 1127 2587 Virginis
1160 2517 1363 2571 laudes
1389 2517 1558 2571 decet

335 2587 605 2642 Cantare.
640 2587 774 2642 Sola
793 2594 995 2642 ventre
1019 2604 1149 2642 nam
1178 2587 1392 2643 clausit
1421 2592 1618 2662 Λογον,

770 3102 853 3155 EJ
858 3102 939 3155 US
950 3102 1093 3155 DEM
1129 3102 1221 3157 DA
1232 3101 1549 3157 MASCENI

797 3244 861 3295 In
900 3241 1243 3297 Dominicam
1286 3242 1513 3296 Pascha.

409 3382 878 3438 Resurrectionis
927 3384 1053 3437 dies
1097 3401 1109 3436 :
1170 3384 1673 3453 splendescamus,
1726 3383 1971 3453 populi,

337 3472 562 3527 Pascha
610 3471 865 3533 Domini,
909 3473 1151 3526 Pascha.
1190 3475 1231 3525 E
1262 3479 1449 3526 morte
1480 3473 1636 3527 enim
1668 3472 1739 3527 ad
1770 3473 1968 3538 vitam,

336 3566 395 3614 et
423 3577 493 3615 ex
524 3566 679 3614 terra
708 3559 778 3614 ad
812 3559 1045 3626 cmlum,
1078 3562 1344 3615 Christus
1376 3563 1526 3616 Deus
1553 3578 1661 3616 nos
1694 3561 1969 3627 traduxit,

336 3648 640 3703 victoriam
664 3655 965 3703 canentes.

404 3756 807 3826 Expurgemur
828 3753 1125 3822 sensibus,
1152 3759 1209 3808 et
1230 3755 1557 3809 videbimus
1584 3754 1978 3810 inaccessibili

330 3844 787 3897 resurrectionis
819 3842 949 3897 luce
982 3843 1279 3896 Christum
1312 3844 1711 3915 eﬂ‘ulgentem,
1748 3850 1805 3897 et
1835 3860 1976 3916 gau-

336 3932 507 3985 dete:
560 3930 855 3984 dicentem
904 3936 1103 4001 aperte
1152 3931 1481 3998 audiemus,
1540 3932 1840 3987 victoriam
1884 3948 1981 3987 ca-

341 4023 571 4073 nentes.

408 4123 547 4177 Caali
581 4123 820 4193 quidem
847 4124 1019 4196 digne
1053 4124 1346 4195 lmtentur,
1380 4130 1535 4180 terra
1564 4130 1762 4180 autem
1786 4124 1979 4179 exsul-

336 4216 455 4265 tet:
490 4210 703 4263 festum
738 4219 870 4283 agat
899 4219 1094 4267 autem
1115 4213 1395 4277 mundus,
1429 4219 1552 4268 tum
1585 4214 1831 4268 visibilis
1854 4230 1978 4267 om-

337 4299 453 4365 nis,
488 4304 611 4352 tum
664 4300 1020 4354 invisibilis:
1083 4303 1347 4357 Christus
1406 4304 1563 4358 enim
1625 4303 1723 4373 qui
1775 4302 1981 4357 laetitia

340 4388 701 4456 sempiterna
731 4392 839 4453 est,
875 4388 947 4442 ad
978 4390 1153 4443 vitam
1184 4390 1377 4444 rediit.

412 4493 598 4563 Agite,
634 4495 931 4562 potionem
964 4495 1234 4549 bibamus
1278 4512 1502 4560 novam,
1557 4512 1673 4548 non
1723 4512 1792 4548 ex
1842 4511 1979 4548 saxo

343 4580 528 4637 sterili
565 4580 895 4650 prodigiose
930 4582 1225 4639 eductam.
1250 4583 1351 4635 sed
1377 4583 1834 4652 incorruptionis
1858 4582 1981 4635 fon-

344 4676 463 4725 tem
496 4686 525 4723 e
559 4669 828 4739 sepulcro
852 4669 1091 4740 pluente
1114 4670 1365 4736 Christo,
1400 4670 1459 4722 in
1490 4687 1605 4739 quo
1634 4670 1978 4724 solidamur.

415 4775 579 4827 Nunc
610 4774 811 4827 omnia
840 4774 1065 4843 repleta
1097 4778 1231 4827 sunt
1264 4772 1510 4842 lumine,
1562 4774 1893 4845 ccelumque
1925 4779 1984 4829 et

2006 2024 2054 2088 B
2085 2024 2270 2091 ngris
2301 2023 2593 2077 medelam
2627 2023 2727 2092 qui
2761 2023 2897 2078 tulit
2926 2023 3276 2077 mortalibus
3307 2039 3320 2077 :

2091 2095 2431 2163 Dextrisque
2463 2095 2563 2164 qui
2596 2110 2752 2148 nunc
2781 2094 3019 2148 sedibus
3047 2095 3234 2148 Patris
3264 2094 3497 2163 sedens,

2086 2165 2488 2219 Desideratam
2521 2165 2772 2235 Spiritus
2804 2166 2971 2219 misit
3000 2166 3228 2219 charin.

2157 2236 2290 2301 Nos,
2324 2237 2492 2305 queis
2523 2236 2784 2307 supremi
2816 2236 3085 2290 numinis
3118 2236 3281 2291 flavit
3312 2236 3535 2307 charis,

2085 2307 2210 2360 Jam
2235 2307 2519 2360 charitate
2552 2306 2781 2376 prwditi
2814 2323 3065 2373 summa,
3091 2313 3149 2361 et
3179 2323 3327 2361 novo

2088 2380 2275 2448 Atque
2308 2377 2561 2448 eleganti
2596 2394 2837 2446 prorsus
2866 2378 3082 2432 inversi
3110 2378 3304 2445 modo,

2089 2447 2397 2501 Divisiénis
2415 2447 2694 2501 ’Trinitati
2728 2449 2963 2514 nescias,

2089 2518 2389 2589 Cujusque
2418 2518 2502 2573 vis
2532 2524 2623 2574 est
2652 2534 2822 2589 aqua.
2856 2517 3111 2574 Laudem
3143 2518 3421 2573 dicimus.

2445 3102 2581 3157 ΤΟΥ
2618 3103 2847 3158 ΑΥΤΟΥ
2886 3102 3371 3158 ΔΛΜΑΣΚΙΙΝΟΥ

2442 3239 2534 3301 Εἷς
2562 3241 2660 3308 τὴν
2708 3243 2983 3315 Κυριακήν
3013 3247 3111 3296 τοῦ
3160 3242 3372 3317 Πάσχα.

2159 3382 2531 3442 Ἀναστάσεως
2578 3381 2778 3457 ἡμέρα,
2841 3381 3280 3455 λαμπρυνθῶμεν
3336 3382 3484 3452 λαοὶ,
3538 3384 3737 3459 Πάσχα

2088 3469 2309 3544 Κυρίου,
2365 3469 2574 3544 Πάσχα.
2636 3470 2730 3525 Ἐκ
2779 3471 2879 3545 γὰρ
2940 3473 3168 3534 θανάτου
3226 3472 3361 3545 πρὸς
3419 3472 3585 3539 ζωήν,
3638 3471 3734 3526 καὶ

2089 3556 2148 3612 ἐκ
2174 3564 2275 3631 γῆς
2303 3558 2437 3631 πρὸς
2489 3558 2736 3629 οὐρανὸν,
2796 3560 3022 3633 Χριστὸς
3053 3561 3080 3614 ὁ
3113 3560 3240 3621 Θεὸς
3297 3560 3444 3631 ἡμᾶς
3475 3555 3731 3614 διεϐίϐα-

2086 3667 2195 3716 σεν,
2229 3644 2489 3699 ἐπινίκιον
2524 3643 2768 3715 ᾅδοντας.

2159 3754 2525 3826 Καθαρθῶμεν
2608 3753 2702 3813 τὰς
2787 3751 3062 3823 αἰσθήσεις
3099 3797 3111 3821 ,
3173 3755 3257 3807 καὶ
3322 3752 3566 3827 ὀψόμεθα
3645 3759 3726 3825 τῷ

2088 3838 2364 3915 ἀπροσίτῳ
2393 3839 2531 3915 φωτὶ
2580 3845 2680 3907 τῆς
2742 3840 3076 3903 ἀναστάσεως
3134 3841 3363 3915 Χριστὸν
3423 3841 3727 3915 ἐξαστράπ-

2086 3949 2285 3997 τοντα,
2346 3929 2432 3981 καὶ
2491 3926 2728 4002 χαίρετε’
2789 3926 3059 4002 φάσκοντα
3110 3934 3313 4005 τρανῶς
3364 3930 3732 4003 ἀκουσόμεθα,

2088 4017 2350 4072 ἐπινίκιον
2372 4013 2610 4086 ᾄδοντες.

2158 4120 2391 4195 Οὖρανοὶ
2491 4119 2583 4191 μὲν
2664 4117 2890 4188 ἐπαξίως
2968 4118 3469 4195 εὐφραινέσθωσαν,
3542 4125 3612 4195 γῆ
3673 4119 3733 4177 δὶ

2090 4208 2462 4283 ἀγαλλιάσθω·
2498 4206 2795 4281 ἒορταζὲτω
2831 4204 2887 4261 δὲ
2937 4209 3167 4280 κόσμος,
3228 4209 3418 4283 ὁρατός
3472 4230 3531 4263 τε
3562 4211 3729 4277 ἅπας,

2086 4299 2177 4353 καὶ
2232 4298 2478 4372 ἀόρατος.
2558 4296 2783 4370 Χριστὸς
2865 4297 2965 4371 γὰρ
3029 4296 3365 4371 ἐγήγερται,

2089 4385 2337 4446 αἰώνιος.

3424 4297 3727 4373 εὐφροσύνη

2162 4494 2318 4544 Δεῦτε
2348 4489 2500 4560 πόμα
2529 4487 2738 4559 πίωμεν
2771 4487 2976 4559 καινὸν,
3022 4488 3118 4543 οὐκ
3165 4488 3223 4544 ἐκ
3274 4492 3473 4565 πέτρας
3533 4492 3729 4565 ἀγόνου

2086 4597 2673 4650 τετρατουργουμενον,
2708 4575 2833 4630 ἀλλ’
2884 4576 3177 4650 ἀφθαρσίας
3234 4580 3418 4653 πηγὴν
3451 4579 3509 4634 ἐκ
3557 4582 3730 4635 τάφου

2091 4663 2469 4739 ὀμϐρήσαντος
2496 4669 2748 4737 Χριστοῦ,
2783 4664 2835 4719 ἐν
2858 4666 2903 4735 ᾧ
2930 4665 3308 4739 στερεούμεθα,

2163 4772 2270 4829 Νῦν
2302 4770 2475 4826 πάντα
2530 4767 2888 4843 πεπλήρωται
2947 4772 3147 4847 φωτὸς,
3211 4772 3435 4846 οὐρανός
3494 4794 3572 4839 τε,
3630 4776 3725 4829 καὶ

344 4868 500 4916 terra
530 4867 587 4915 et
621 4862 923 4915 terretria:
958 4862 1201 4915 ferietur
1230 4868 1426 4916 autem
1470 4864 1664 4917 omnis
1712 4869 1977 4918 creatura

2126 4867 2182 4928 ἦ,
2214 4860 2303 4913 καὶ
2359 4860 2425 4913 τὰ
2481 4859 2830 4932 καταχθόνιοι.
2882 4859 3212 4933 Ἑορταζέτω
3271 4858 3327 4915 δὲ
3378 4865 3581 4932 πᾶσαή
3614 4864 3733 4919 κτί-

340 4950 783 5003 suscitationem
811 4951 1047 5013 Christi,
1075 4951 1134 5004 in
1168 4968 1281 5020 quo
1315 4952 1569 5007 solidata
1600 4958 1705 5007 est.

412 5056 547 5109 Heri
578 5072 697 5109 una
719 5062 912 5111 tecum
948 5057 1310 5120 tumulubar,
1330 5059 1555 5113 Christe
1586 5077 1597 5125 ;
1624 5076 1982 5131 conresurgo

346 5144 520 5197 hodie
554 5149 742 5198 tecum
772 5152 1133 5216 resurgente.
1188 5148 1311 5201 Una
1359 5148 1743 5219 cruciﬁgebar
1792 5155 1983 5203 tecum

346 5232 471 5285 heri
498 5249 510 5285 :
542 5232 665 5301 ipse
698 5249 790 5286 me
824 5239 1017 5288 tecum
1048 5234 1234 5302 gloria
1258 5234 1447 5302 afﬁce,
1484 5236 1765 5301 Salvator,
1798 5236 1859 5290 in
1890 5253 1983 5290 re-

347 5336 459 5391 gno
496 5324 615 5374 tuo.

414 5427 480 5479 In
511 5424 710 5479 divina
761 5427 1028 5482 custodia
1070 5428 1468 5499 diviniloquus
1500 5429 1837 5485 [labbacum
1872 5434 1984 5485 stet

345 5515 679 5582 nobiscum,
700 5520 756 5569 et
778 5516 1049 5572 ostendat
1078 5518 1384 5573 luciferum
1414 5519 1691 5591 angelum
1715 5518 1869 5573 clare
1892 5518 1982 5573 di-

2093 4970 2175 5010 σις
2205 4950 2301 5015 τὴν
2335 4943 2537 5022 ἔγερσιν
2572 4948 2821 5020 Χριστοῦ,
2854 4945 2903 5001 ἐν
2938 4948 2983 5019 ᾧ
3013 4946 3351 5021 ἐστερέωται.

2162 5055 2302 5117 Χθὲς
2363 5050 2768 5123 συνεθαπτόμην
2830 5072 2957 5122 σοι,
3030 5054 3274 5127 Χριστὲ,
3341 5076 3730 5131 συνεγειρομα-

2093 5144 2329 5217 σήμερον
2389 5141 2657 5194 ἁναστέντι
2717 5161 2845 5207 σοι,
2902 5142 3377 5215 συνεσταυρούμην
3436 5166 3517 5198 σοι
3579 5146 3729 5220 χθές·

2092 5230 2249 5291 αὐτὸς
2284 5250 2349 5301 με
2378 5226 2694 5298 συνδόξασον
2731 5230 2947 5302 Σωτὴρ,
2980 5227 3033 5283 ἐν
3065 5234 3132 5302 τῇ
3169 5231 3420 5303 βασιλείᾳ
3450 5254 3565 5289 σου.

2162 5423 2282 5481 Ἐπὶ
2338 5430 2435 5491 τῆς
2496 5422 2637 5485 θείας
2695 5422 2942 5497 φυλακῆς
2999 5424 3026 5478 ὁ
3082 5426 3345 5501 θεηγόρος
3415 5422 3735 5501 Ἀϐὗακοὺμ

2093 5515 2273 5584 στήτω
2330 5514 2443 5585 μεθ’
2474 5512 2659 5584 ἡμῶν,
2691 5513 2779 5585 καὶ
2838 5510 3097 5567 δεικνύτω
3154 5514 3454 5592 φαεσφόρον
3503 5516 3733 5590 ἄγγελον
