4042 6154
275 251 383 308 841

1800 247 2156 304 CARMINA.

3577 252 3686 306 842

277 379 627 454 διαπρυσιως
687 377 936 454 λὲγονταε
999 378 1252 451 Σήμερον
1292 375 1536 449 σωτηρία
1589 378 1668 445 τῷ
1708 371 1924 446 κόσμῳ,

2060 381 2270 432 :entem
2305 396 2318 434 :
2353 375 2534 432 Hodie
2594 376 2754 432 salus
2813 374 3062 444 mundo,
3113 376 3396 447 quoniam
3431 381 3689 436 surrexit

280 469 369 526 ὅτι
405 469 598 539 ἀνίστη
628 467 881 538 Χριστὸς,
915 465 988 528 ὠς
1021 461 1458 537 παντοδύναμος.

355 560 553 634 Ἀρσεν
592 558 711 630 μὶν,
771 556 846 618 ὡς
906 553 1176 625 διανοίξας
1227 555 1325 622 τήν
1375 549 1798 626 παρθενεύουσαν
1830 570 1929 617 νη-

282 645 406 717 δὸν,
439 649 644 724 πέφηνε
675 645 935 722 Χριστὸς,
967 643 1042 705 ὠς
1080 644 1277 719 βροτὸς
1337 639 1395 697 δὶ
1452 641 1622 714 ἀμνὸς
1652 635 1931 715 προσηγό-

283 757 492 814 ρευται.
523 739 796 807 νΑμωμος
830 731 908 804 δὲ,
969 732 1044 794 ὠς
1076 733 1334 806 ἄγευστος
1373 727 1622 799 κηλίδος,
1674 731 1738 784 τὸ
1792 725 1932 799 ἠμὲ-

276 845 440 901 τερον
475 827 682 899 πάσχω
716 822 805 878 καὶ
837 821 912 886 ὠς
941 821 1070 884 Θεὸς
1103 821 1338 892 ἀληθὴς,
1389 817 1598 881 τέλειος
1655 817 1928 874 λέλεκται.

348 1009 435 1065 Ὠς
471 999 740 1065 ἐνιαύσιος
769 999 938 1074 ἀμνὸς
970 999 998 1054 6
1031 998 1430 1075 εὖλογούμενος
1486 999 1622 1070 ἡμῖν
1673 997 1927 1072 στέφανος

276 1091 517 1166 Χριστὸς
560 1089 825 1154 ἑκουσίως
883 1089 1016 1164 ὑπὲρ
1071 1093 1282 1143 παντων
1339 1083 1576 1156 τέθυται,
1628 1087 1816 1160 πάσχα
1867 1085 1928 1139 τὸ

269 1181 665 1257 καθαρτήριον.
696 1179 793 1234 Καὶ
814 1176 963 1240 αὖθις
977 1177 1037 1233 ἐκ
1049 1181 1146 1233 τοῦ
1161 1179 1332 1254 τάφου
1348 1176 1550 1253 ὡραῖος
1584 1173 1932 1245 δικαιοσύνης

271 1273 416 1344 ἡμῖν
447 1265 688 1342 ἔλαμψεν
712 1265 895 1336 ἤλιος.
1141 1336 1144 1340 ί

347 1361 408 1412 '0
430 1359 726 1433 Θεοπάτωρ
767 1357 863 1428 μὲν
893 1351 1058 1411 Δαϐὶδ
1111 1356 1218 1430 πρὸ
1270 1361 1370 1424 τῆς
1437 1351 1703 1417 σκιώδους
1757 1349 1926 1408 κιϐω-

269 1453 398 1521 τοῦ,
431 1447 609 1518 ἥλατο
641 1450 895 1520 σκιρτῶψ
931 1446 958 1500 6
991 1442 1122 1507 λαὸς
1156 1441 1212 1500 δὶ
1259 1448 1356 1500 τοῦ
1387 1447 1522 1499 Θεοῦ
1556 1445 1583 1498 6
1617 1441 1794 1518 ἅγιος,
1826 1443 1926 1511 τήν

273 1540 390 1589 τῶν
422 1529 719 1606 συμϐόλων
753 1528 969 1588 ἔκϐασιν
998 1533 1253 1607 ὁρῶντες,
1285 1531 1668 1607 εὐφρανθωμεν
1712 1531 1925 1602 ἐνθέως,

274 1623 366 1680 ὅτι
397 1623 590 1694 ἀνέστη
623 1623 853 1696 Χριστὸς
885 1622 958 1683 ὡς
988 1618 1423 1694 παντοδύναμος.

352 1713 729 1786 Ὀρθρίσωμεν
762 1707 962 1784 ὄρθρου
995 1709 1223 1785 βαθέως,
1277 1709 1366 1764 καὶ
1428 1709 1546 1764 ἀντί
1609 1710 1782 1784 μύρου
1829 1709 1920 1764 τὸν
1954 1744 2000 1808 Β

273 1801 446 1870 ὕμνον
471 1799 853 1874 προσοίσωμεν
887 1803 967 1871 τῷ
1025 1799 1292 1872 Δεσπότῃ,
1352 1798 1442 1852 καὶ
1501 1799 1728 1872 Χριστὸν
1763 1797 1921 1872 ὀψώ-

273 1901 439 1962 μεθα,
475 1887 824 1958 δικαιοσύνης
856 1886 1044 1957 ἣλιον,
1075 1893 1202 1942 πᾶσι
1255 1889 1397 1957 ζωὴν
1429 1885 1814 1942 ἀνατέλλοντα.

346 1997 460 2063 Τήν
493 1993 728 2070 ἄμετρόν
785 2014 882 2048 σου
940 1992 1344 2068 εὐσπλαγχνίαν
1387 1993 1440 2047 οἱ
1491 1998 1608 2054 ταῖς
1635 1998 1733 2048 τοῦ
1790 1988 1920 2063 ᾅδου

277 2091 489 2160 σειραῖς
571 2081 950 2157 συνεχόμενοι,
1032 2079 1370 2156 δεδορκότες,
1455 2082 1592 2155 πρὸς
1656 2081 1719 2136 τὸ
1805 2086 1921 2154 φῶς

280 2175 600 2249 ἠπείγοντο,
640 2171 858 2248 Χριστέ,
919 2168 1289 2246 ἀγαλλομένῳ
1336 2167 1486 2240 ποδὶ,
1545 2171 1738 2244 Πάσχα
1790 2189 1920 2242 κρο-

275 2267 502 2324 τοῦντες
532 2261 778 2316 αἶ’ώνιον.

351 2349 749 2428 Προσὲλθωμεν
802 2345 1230 2424 λαμπαδηφόροι
1276 2352 1355 2419 τῷ
1409 2347 1653 2417 προιόντι
1697 2347 1920 2422 Χριστῷ

276 2443 340 2498 ἐκ
393 2446 490 2498 τοῦ
551 2443 857 2514 μνήματος,
919 2439 992 2501 ὠς
1067 2439 1306 2516 νυμφίῳ,
1387 2438 1478 2492 καὶ
1549 2437 1921 2514 συνεορτάσω-

280 2553 380 2606 μεν
462 2536 584 2593 ταῖς
663 2526 976 2606 φιλεόρτοις
1054 2529 1257 2599 τάξεσι,
1338 2529 1530 2603 Πάσχα
1601 2531 1922 2603 κροτοῦντες

279 2621 530 2677 αἰώνιον.

354 2709 634 2778 Κατῆλθες
692 2708 744 2764 ἐν
802 2712 922 2770 τοῖς
973 2708 1306 2769 κατωτάτοις
1362 2708 1458 2775 τῆς
1515 2713 1619 2780 γῆς
1649 2706 1742 2760 καὶ
1771 2705 1921 2760 συνέ-

279 2800 480 2873 τριψας
527 2794 772 2870 μοχλοὺς
821 2794 1095 2863 αἰωνίους,
1143 2793 1437 2869 κατόχους,
1495 2791 1922 2866 πεπεδημένους,

283 2886 510 2959 Χριστὲ,
542 2885 630 2940 καὶ
659 2887 980 2961 τριήμερος,
999 2883 1074 2947 ὠς
1103 2881 1162 2938 ἐκ
1181 2885 1379 2954 κήτους
1411 2883 1619 2952 Ἰωνᾶς,
1647 2881 1924 2953 ἐξανὲστης

276 2978 380 3029 τοῦ
409 2975 600 3052 τάφου.

353 3062 603 3134 Φυλάξας
650 3063 717 3118 τὰ
742 3065 1026 3137 σήμαντρα
1055 3065 1190 3128 σῶα,
1252 3062 1466 3136 Χριστὶ,
1501 3059 1792 3136 ἐξηγέρθης
1825 3064 1922 3114 τοῦ

277 3151 471 3229 τάφου.
502 3152 565 3208 Ὁ
595 3151 690 3215 τὰς
746 3149 900 3212 κλεῖς
951 3157 1050 3219 τῆς
1103 3149 1376 3225 Παρθένου
1428 3151 1503 3223 μή
1538 3147 1921 3222 λυμηνάμενος

279 3239 334 3295 ἰν
365 3245 444 3312 τῷ
471 3240 619 3313 τόκῳ
651 3260 770 3308 σου,
815 3239 906 3293 καὶ
964 3239 1206 3311 ἠνὲῳξας
1264 3240 1400 3311 ⁴ἡμῖν
1448 3235 1774 3312 παραδείσου
1829 3238 1924 3300 τὰς

280 3327 478 3390 πύλας.

355 3417 538 3492 Σῶτὲρ
581 3438 708 3490 μου,
767 3417 829 3470 τὸ
887 3420 992 3485 ζῶν
1049 3436 1130 3481 τε,
1181 3416 1272 3470 καὶ
1331 3413 1522 3479 ἂθυτον
1575 3415 1796 3488 ἱερεῖον,
1849 3414 1924 3478 ὡς

281 3508 408 3568 Θεὸς
456 3506 642 3561 ἑαυτὸν
705 3504 963 3567 ἑκουσίως
1010 3506 1365 3580 προσαγαγὼν
1424 3509 1502 3576 τῷ
1559 3504 1752 3578 ΙΙατρὶ,
1802 3525 1924 3557 συν-

278 3595 575 3666 ανὲστησας
651 3597 893 3669 παγγενῆ
977 3599 1069 3650 τὸν
1120 3592 1320 3668 Ἀδὰμ,
1402 3593 1628 3654 ἀναστὰς
1714 3591 1774 3648 ἐκ
1827 3598 1924 3648 τοῦ

277 3685 472 3762 τάφου.

350 3773 412 3829 Ὁ
475 3771 672 3835 παῖδας
727 3769 786 3826 ἐκ
839 3774 1073 3844 καμίνου
1127 3769 1426 3846 ῥυσάμενος
1480 3769 1773 3844 γενόμενος
1827 3770 1921 3825 ἃν-

283 3873 525 3936 θρωπος,
559 3859 758 3916 πάσχει
790 3858 862 3920 ὠς
895 3865 1111 3930 θνητος,
1137 3857 1228 3912 καὶ
1278 3855 1367 3913 διὰ
1422 3857 1648 3928 πάθους,
1678 3860 1740 3913 τὸ
1799 3871 1924 3930 θνηο

278 3953 371 4007 τὸν
396 3951 692 4029 ἅφθαρσίας
725 3949 897 4006 ἐνδύει
942 3950 1282 4022 εὐπρέπειαν,
1317 3951 1344 4004 ὁ
1406 3949 1568 4024 μόνος
1622 3947 1922 4026 εύλογητὸς

277 4046 388 4096 τῶν
417 4042 660 4117 πατέρων
695 4040 843 4108 Θεὸς,
875 4038 964 4094 καί
997 4035 1368 4111 ὑπερὲνδοξος.

352 4159 606 4215 Γυναῖκες
635 4153 767 4226 μετᾶ
802 4152 985 4224 μύρων
1018 4150 1327 4228 θεόφρονες,
1386 4149 1562 4205 ὀπίσω
1618 4172 1712 4204 σου
1770 4145 1924 4226 ἕδρα-

283 4262 409 4316 μον·
439 4240 496 4296 6'v
540 4239 597 4296 δὲ
627 4240 700 4302 ὠς
756 4240 947 4311 θνητὸν
1009 4241 1143 4312 μετά
1203 4237 1447 4314 δακρύων
1504 4237 1724 4309 ἐξήτουν
1754 4259 1926 4315 προσ-

281 4331 543 4400 εκύνησαν
581 4330 870 4406 χαίρουσαι
905 4333 1078 4399 ζῶντα
1108 4328 1259 4385 Θεόν.
1292 4327 1390 4382 Καὶ
1449 4328 1640 4384 Πάσχα
1668 4328 1730 4383 τὸ
1791 4349 1924 4402 μυσ-

277 4422 429 4477 τικὸν
461 4425 578 4484 τοῖς
604 4423 840 4496 Χριστοῦ
868 4421 1136 4494 μαθηταῖς
1167 4415 1604 4496 εὐηγγελίσαντο.

355 4601 598 4658 Θανάτου
629 4601 971 4676 ἑορτάσωμεν
1004 4601 1286 4674 νέκρωσιν,
1337 4596 1467 4670 ᾅδου
1521 4599 1620 4669 τὴν
1675 4599 1928 4674 καθαίρε-

285 4713 392 4762 σιν,
435 4689 614 4762 ἅλλης
653 4691 843 4766 βιοτῆς
873 4696 976 4759 τῆς
1033 4688 1258 4744 αἰωνίου
1314 4687 1594 4764 ἀπαρχῆς,
1643 4686 1733 4742 καί
1780 4708 1928 4763 σκιρ-

281 4785 484 4844 τῶντες
516 4779 770 4853 ὑμνῶμεν
801 4778 892 4834 τὸν
931 4777 1128 4847 αἴτιον,
1157 4779 1251 4832 τὸν
1305 4776 1470 4850 μόνον
1499 4775 1797 4851 εὐλογητὸν
1825 4781 1932 4831 τῶν

283 4870 533 4941 πατέρων
563 4869 691 4924 Θεὸν
718 4867 808 4922 καὶ
843 4863 1213 4942 ὑπερένδοξον.

353 4959 445 5019 Ὦς
477 4954 650 5019 ὅντως
681 4957 800 5032 ἱερᾶ
822 4957 912 5011 καὶ
943 4953 1239 5028 πανέορτος
1271 4954 1406 5026 αὕτη
1439 4957 1474 5025 ἡ
1514 4956 1784 5028 σωτήριος
1817 4953 1930 5027 νὺξ,

280 5046 373 5101 καὶ
405 5047 725 5122 φωταυγὴς,
775 5051 876 5114 τῆς
909 5043 1312 5121 λαμπροφόρου
1368 5044 1579 5117 ἡμέρας
1633 5049 1733 5111 τῆς
1784 5041 1933 5116 ἐγὲρ-

282 5155 420 5198 σεως
453 5133 590 5189 οὖσα
620 5133 994 5208 προάγγελος,
1027 5133 1081 5187 ὲν
1112 5131 1147 5206 ᾖ
1198 5133 1261 5186 τὸ
1321 5131 1560 5206 ἄχρονον
1603 5136 1716 5209 φῶς
1749 5130 1809 5186 ἐκ
1835 5133 1931 5185 τά·

278 5245 384 5302 φου
408 5228 736 5296 σωματικῶς
768 5229 929 5277 πᾶσιν
959 5221 1294 5294 ἐπὲΛαμψεν.

348 5312 503 5383 Δῦτη
537 5316 572 5382 ἡ
605 5310 787 5382 κλητή
819 5313 910 5366 καὶ
942 5312 1070 5386 ἁγία
1095 5306 1298 5383 ἡμέρα,
1332 5313 1367 5381 ἡ
1405 5310 1499 5385 μία
1550 5315 1658 5365 τῶν
1718 5305 1932 5365 Σαϐϐά-

277 5424 415 5473 των,
448 5405 483 5473 ἢ
521 5399 737 5478 βασιλὶς
793 5402 884 5454 καὶ
940 5399 1122 5474 κυρία,
1182 5399 1384 5474 ἑορτῶν
1446 5398 1631 5476 ἐορτή,
1681 5400 1771 5454 καὶ
1828 5421 1934 5454 πα-

281 5492 504 5569 νήγυρίς
525 5491 637 5546 ἐστὶ
668 5488 1052 5566 πανηγύρεων,
1106 5487 1159 5544 ἐν
1215 5490 1252 5560 ᾗ
1307 5487 1641 5567 εὐλογοῦμεν
1699 5489 1930 5564 Χριστὸν

284 5582 363 5645 εἰς
393 5581 520 5642 τοὺς
550 5579 770 5642 αἰῶνας.

604 5702 872 5761 Panos.
919 5699 1031 5760 Gn.
1075 5696 1279 5764 XCVI.

2041 465 2307 522 Christus
2338 473 2404 521 ut
2433 467 2829 538 omnipotens.

2113 555 2184 608 Ut
2200 556 2500 611 masculus
2516 554 3060 626 quidem,aperiens
3079 555 3406 628 virgineum
3425 563 3684 626 uterum,

2040 644 2314 714 apparuit
2342 645 2608 700 Christus
2633 662 2644 699 :
2669 651 2735 699 ut
2759 645 3027 699 mortalis
3051 651 3462 717 autem,agnus
3484 647 3685 718 appel-

2040 731 2194 788 latus
2227 739 2349 788 est:
2385 733 2798 789 immaculatus
2831 738 3122 798 autem,ut
3154 733 3302 789 labis
3334 752 3682 806 expers,no-

2041 826 2228 876 strum
2261 823 2487 877 Pascha
2519 839 2532 877 :
2567 829 2624 876 et
2679 827 2743 876 ut
2798 823 2953 876 Deus
3004 839 3196 892 verus,
3255 824 3550 895 perfectus
3594 825 3684 880 di-

2039 916 2166 965 ctus
2194 917 2302 966 est.

2110 1001 2183 1054 Ut
2211 1000 2526 1055 anniculus
2558 1017 2902 1073 agnus,quae
2933 1000 3488 1057 benediciturnobis
3514 1021 3684 1059 coro-

2038 1104 2135 1156 na,
2167 1089 2432 1144 Christus
2465 1095 2673 1161 sponte
2707 1107 2810 1160 pro
2857 1089 3133 1144 omnibus
3177 1091 3540 1146 sacrificatus
3573 1099 3678 1158 est,

2038 1178 2264 1233 Pascha
2297 1179 2711 1250 expiatorium,
2746 1183 2804 1233 et
2833 1196 3039 1233 rursus
3063 1195 3131 1232 ex
3154 1179 3426 1250 sepulcro
3457 1182 3680 1252 specio-

2039 1284 2138 1322 sus
2161 1267 2412 1339 justitiax
2445 1267 2620 1322 nobis
2651 1268 2954 1339 splenduit
2977 1268 3086 1322 sol.

2110 1357 2208 1411 Dei
2242 1359 2415 1411 Pater
2443 1357 2682 1428 quidem
2714 1358 2894 1412 David
2927 1363 3065 1412 ante
3109 1357 3450 1412 umbrosam
3483 1374 3681 1413 arcam

2037 1444 2267 1499 saltavit
2299 1447 2603 1501 exsultans
2630 1464 2643 1512 ;
2672 1446 2926 1518 populus
2958 1451 3155 1501 autem
3189 1447 3290 1501 Dei
3327 1453 3586 1516 sanctus,
3605 1448 3681 1502 si-

2034 1549 2282 1604 gnorum
2299 1540 2570 1590 eventum
2590 1535 3155 1602 videntes,laetemur
3177 1536 3683 1607 divine,quoniam

2035 1624 2290 1677 surrexit
2312 1625 2577 1679 Christus
2606 1631 2670 1679 ut
2699 1625 3052 1695 omipotens.

2104 1713 2423 1783 Vigilemus
2455 1731 2626 1768 mane
2658 1713 3037 1784 profunde,et
3067 1731 3171 1784 pro
3191 1719 3491 1785 unguento
3511 1716 3678 1785 hym-

2033 1817 2175 1854 num
2207 1803 2528 1857 all‘eramus
2561 1803 2897 1869 Domino,et
2929 1803 3226 1857 Christum
3259 1803 3676 1876 videamusju-

2033 1891 2208 1944 stitia)
2241 1891 2735 1960 solem,omnibus
2764 1891 2942 1946 vitam
2967 1893 3355 1948 exorientem.

2101 1997 2243 2051 Cum
2274 1998 2629 2053 immensam
2648 2004 2808 2053 tuam
2832 1999 3300 2053 misericordiam
3332 1999 3432 2070 qui
3461 1999 3676 2053 inferni

2031 2087 2256 2140 catenis
2287 2087 2593 2141 constricti
2626 2088 3360 2158 erant,conspexissent,in
3382 2087 3578 2142 lucem
3598 2087 3677 2142 fe-

2031 2173 2941 2243 stinabant,Christe,exsultanti
2965 2175 3368 2246 pede,Pascha
3398 2175 3683 2246 plauden-

2032 2267 2118 2318 tes
2145 2271 2455 2321 mternum.

2102 2353 2469 2408 Accedamus
2489 2353 2648 2408 faces
2677 2353 2936 2409 ferentes
2975 2352 3312 2408 advenienti
3345 2352 3578 2408 Christo
3613 2369 3682 2406 ex

2031 2447 2514 2510 monumento,ut
2544 2459 2760 2513 sponso
2788 2449 2882 2498 :et
2906 2459 3026 2496 una
3041 2442 3254 2497 festum
3284 2459 3527 2515 agamus
3546 2458 3680 2497 cum

2032 2530 2255 2585 festivis
2286 2530 2615 2598 ordinibus,
2649 2533 2874 2586 Pascha
2902 2530 3255 2602 plaudentes
3287 2537 3597 2587 aeternum.

2103 2707 2469 2762 Descendisti
2502 2707 2562 2760 in
2590 2707 2797 2762 infima
2828 2713 3016 2773 terra,
3040 2712 3096 2761 et
3125 2707 3455 2761 contrivisti
3486 2712 3678 2762 vectes

2033 2797 2450 2867 aareos,eisque
2482 2796 2754 2851 detentos
2785 2795 3349 2868 expedisti,Christe,
3370 2801 3426 2850 et
3457 2795 3676 2850 tridua-

2035 2905 2169 2956 nus,
2201 2893 2269 2943 ut
2299 2905 2366 2944 ex
2399 2893 2525 2942 cete
2564 2889 2764 2956 Jonas,
2796 2887 3177 2944 exsurrexisti
3206 2904 3236 2942 e
3272 2887 3566 2959 sepulcro.

2107 3067 2359 3122 Servatis
2387 3067 2568 3137 signis
2591 3064 3187 3136 sospitibus,Christe,
3209 3066 3524 3122 suscitatus
3550 3083 3611 3121 es
3644 3083 3674 3122 e

2038 3157 2330 3227 sepulcro.
2356 3156 2462 3220 Qui
2493 3155 2684 3209 claves
2715 3155 2963 3226 Virginis
2986 3172 3104 3209 non
3127 3155 3427 3210 offendisti
3447 3155 3588 3210 dum
3620 3161 3676 3210 te

2034 3245 2285 3316 peperit,
2310 3250 2368 3298 et
2389 3243 2665 3298 reserasti
2692 3242 2865 3297 nobis
2890 3243 3148 3314 paradisi
3173 3249 3392 3314 portas.

2105 3423 2367 3478 Salvator
2383 3439 2570 3487 meus,
2604 3422 2944 3492 vivensque,
2975 3439 3083 3477 nec
3141 3429 3396 3478 mactata
3416 3423 3674 3490 victima,

2032 3517 2099 3565 ut
2127 3513 2301 3578 Deus,
2322 3513 2579 3582 seipsum
2604 3517 2813 3582 sponte
2848 3513 3104 3566 otl‘erens
3136 3513 3314 3579 Patri,
3340 3529 3458 3567 una
3489 3512 3672 3566 susci-

2033 3601 2169 3655 tasti
2202 3601 2582 3672 omnigenum
2610 3600 2818 3666 Adam,
2853 3616 3102 3672 surgens
3133 3617 3162 3655 e
3195 3601 3486 3671 sepulcro.

2105 3779 2211 3843 Qui
2235 3795 2447 3849 pueros
2479 3795 2508 3832 e
2541 3777 2779 3832 fornace
2802 3777 3092 3847 liberavit,
3123 3777 3312 3832 factus
3343 3777 3540 3842 homo,
3561 3792 3673 3846 pa-

2035 3867 2178 3921 titur
2208 3872 2272 3921 ut
2299 3867 2564 3921 mortalis
2599 3883 2612 3920 :
2643 3872 2702 3922 et
2731 3884 2837 3937 per
2866 3865 3395 3938 passionem,quod
3428 3864 3676 3918 mortale

2035 3955 2652 4026 erat,incorruptionis
2682 3956 2878 4010 vestiit
2905 3955 3116 4010 decore
3154 3972 3164 4008 :
3191 3953 3352 4009 solus
3383 3953 3676 4009 benedic-

2035 4051 2130 4100 tus
2152 4051 2385 4117 patrum
2415 4046 2588 4112 Deus,
2623 4049 2680 4099 et
2709 4045 3194 4117 gloriosissimus.

2106 4151 2258 4207 686
2290 4151 2562 4207 Mulieres
2595 4151 2700 4222 piae
2733 4168 2865 4206 cum
2897 4151 3214 4223 unguentis
3247 4156 3455 4223 postte
3477 4168 3680 4206 accur-

2037 4246 2281 4296 rerunt:
2316 4257 2492 4311 quem
2523 4246 2719 4294 autem
2752 4244 2816 4293 ut
2871 4239 3182 4295 mortalem
3242 4257 3375 4295 cum
3434 4240 3681 4312 lacymis

2037 4329 2403 4401 quaerebant,
2436 4327 2759 4383 adorarunt
2786 4327 3128 4400 gaudentes,
3149 4329 3439 4384 viventem
3477 4331 3678 4396 Deum,

2037 4425 2096 4474 et
2125 4419 2349 4474 Pascha
2379 4433 2661 4472 arcanum
2692 4415 2907 4471 Christi
2925 4416 3233 4489 discipulis
3256 4417 3405 4473 bene
3433 4417 3678 4472 nuntia-

2034 4514 2196 4565 runt.

2111 4597 2310 4654 Mortis
2340 4596 2709 4652 celebremus
2738 4596 3281 4665 mortiﬁcationem,
3315 4595 3530 4652 inferni
3581 4595 3682 4651 de-

2039 4685 2703 4752 structionem,alterius
2730 4686 2861 4740 vitae
2886 4685 3264 4756 sempiternas
3285 4685 3609 4756 primitias;
3628 4691 3685 4739 et

2041 4777 2322 4832 salientes
2353 4781 2660 4829 cantemus
2691 4779 2994 4829 auctorem
3023 4791 3034 4826 :
3071 4773 3262 4828 solum
3304 4772 3683 4827 benedictum

2041 4868 2274 4920 Patrem
2306 4865 2509 4929 Deum,
2540 4869 2598 4916 et
2628 4863 3150 4934 supergloriosum.

2112 4955 2296 5019 Quam
2319 4967 2449 5005 vere
2484 4966 2651 5004 sacra
2680 4956 2739 5004 et
2767 4955 2888 5004 tota
2908 4950 3111 5003 festiva
3142 4948 3684 5003 haacsalutarisnox

2044 5041 2332 5107 etlucida,
2363 5038 2820 5110 splendiscentis
2861 5037 2977 5091 diei
3017 5037 3470 5091 resurrectionis
3501 5037 3684 5092 exsis—

2043 5139 2173 5188 tens
2195 5129 2549 5203 praenuntia,
2582 5127 2641 5181 in
2675 5144 2792 5196 qua
2845 5127 3129 5196 temporis
3185 5143 3386 5181 exsors
3419 5127 3618 5181 lumen
3655 5143 3684 5180 e

2045 5221 2316 5293 sepulcro
2349 5216 2737 5288 corporaliter
2758 5215 3035 5270 omnibus
3063 5215 3303 5269 effulsit.

2115 5313 2246 5365 Haec
2277 5311 2480 5361 vocata
2512 5311 2600 5359 est
2631 5310 2835 5359 sancta
2865 5303 3138 5371 dies,una
3167 5303 3684 5370 Sabbatorum,re-

2041 5401 2178 5473 gina
2201 5403 2257 5452 et
2288 5395 2528 5450 domina
2553 5410 2564 5448 :
2587 5393 3032 5449 solemnitatum
3058 5392 3423 5460 solemnitas,
3445 5399 3503 5447 et
3532 5392 3685 5447 cele-

2042 5489 2226 5544 britas
2258 5490 2347 5541 est
2377 5483 2812 5549 celebritatum,
2840 5481 2901 5535 in
2935 5496 3053 5550 qua
3073 5480 3481 5537 benedicimus
3521 5481 3690 5535 Chri-

2044 5582 2201 5632 stum
2231 5591 2338 5646 per
2364 5570 2600 5628 saecula.

3293 5687 3370 5743 27
