  <div class='ocr_page' id='page_1' title='image "/cluster/home/n/w/nwhite01/storage/ocr_20150623/96/mdp.39015008972211/433.png"; bbox 0 0 4042 6154; ppageno 0'>
   <div class='ocr_carea' id='block_1_1' title="bbox 341 233 447 289">
    <p class='ocr_par' dir='ltr' id='par_1_1' title="bbox 341 233 447 289">
     <span class='ocr_line' id='line_1_1' title="bbox 341 233 447 289; baseline 0.009 -1"><span class='ocrx_word' id='word_1_1' title='bbox 341 233 447 289; x_wconf 82' lang='grc'>843</span> 
     </span>
    </p>
   </div>
   <div class='ocr_carea' id='block_1_2' title="bbox 340 451 1990 527">
    <p class='ocr_par' dir='ltr' id='par_1_2' title="bbox 340 451 1990 527">
     <span class='ocr_line' id='line_1_2' title="bbox 340 451 1990 527; baseline 0.001 -22"><span class='ocrx_word' id='word_1_2' title='bbox 340 467 480 505; x_wconf 91' lang='lat' dir='ltr'>nem</span> <span class='ocrx_word' id='word_1_3' title='bbox 510 451 572 504; x_wconf 91' lang='lat' dir='ltr'>in</span> <span class='ocrx_word' id='word_1_4' title='bbox 603 451 822 523; x_wconf 78' lang='lat' dir='ltr'>insigni</span> <span class='ocrx_word' id='word_1_5' title='bbox 855 452 948 507; x_wconf 90' lang='lat' dir='ltr'>die</span> <span class='ocrx_word' id='word_1_6' title='bbox 983 455 1456 521; x_wconf 84' lang='lat' dir='ltr'>resurrectionis,</span> <span class='ocrx_word' id='word_1_7' title='bbox 1490 472 1738 527; x_wconf 78' lang='lat' dir='ltr'>regnum</span> <span class='ocrx_word' id='word_1_8' title='bbox 1770 454 1990 508; x_wconf 82' lang='lat' dir='ltr'>Christi</span> 
     </span>
    </p>
   </div>
   <div class='ocr_carea' id='block_1_3' title="bbox 340 540 1985 616">
    <p class='ocr_par' dir='ltr' id='par_1_3' title="bbox 340 540 1985 616">
     <span class='ocr_line' id='line_1_3' title="bbox 340 540 1985 616; baseline 0.002 -21"><span class='ocrx_word' id='word_1_9' title='bbox 340 540 1101 610; x_wconf 85' lang='lat' dir='ltr'>participemus,laudantes</span> <span class='ocrx_word' id='word_1_10' title='bbox 1124 544 1320 615; x_wconf 90' lang='lat' dir='ltr'>ipsum</span> <span class='ocrx_word' id='word_1_11' title='bbox 1344 550 1407 600; x_wconf 87' lang='lat' dir='ltr'>ut</span> <span class='ocrx_word' id='word_1_12' title='bbox 1429 543 1985 616; x_wconf 82' lang='lat' dir='ltr'>Deumpersaecula.</span> 
     </span>
    </p>
   </div>
   <div class='ocr_carea' id='block_1_4' title="bbox 415 719 1989 790">
    <p class='ocr_par' dir='ltr' id='par_1_4' title="bbox 415 719 1989 790">
     <span class='ocr_line' id='line_1_4' title="bbox 415 719 1989 790; baseline 0.001 -16"><span class='ocrx_word' id='word_1_13' title='bbox 415 719 561 774; x_wconf 87' lang='lat' dir='ltr'>Leva</span> <span class='ocrx_word' id='word_1_14' title='bbox 578 719 961 776; x_wconf 86' lang='lat' dir='ltr'>circumcirca</span> <span class='ocrx_word' id='word_1_15' title='bbox 982 722 1184 776; x_wconf 89' lang='lat' dir='ltr'>oculos</span> <span class='ocrx_word' id='word_1_16' title='bbox 1216 727 1369 790; x_wconf 89' lang='lat' dir='ltr'>tuos,</span> <span class='ocrx_word' id='word_1_17' title='bbox 1402 724 1560 789; x_wconf 89' lang='lat' dir='ltr'>Sion,</span> <span class='ocrx_word' id='word_1_18' title='bbox 1588 729 1644 780; x_wconf 88' lang='lat' dir='ltr'>et</span> <span class='ocrx_word' id='word_1_19' title='bbox 1666 724 1827 778; x_wconf 89' lang='lat' dir='ltr'>vide:</span> <span class='ocrx_word' id='word_1_20' title='bbox 1857 739 1989 776; x_wconf 88' lang='lat' dir='ltr'>ecce</span> 
     </span>
    </p>
   </div>
   <div class='ocr_carea' id='block_1_5' title="bbox 347 810 1989 883">
    <p class='ocr_par' dir='ltr' id='par_1_5' title="bbox 347 810 1989 883">
     <span class='ocr_line' id='line_1_5' title="bbox 347 810 1989 883; baseline 0.002 -20"><span class='ocrx_word' id='word_1_21' title='bbox 347 810 503 864; x_wconf 90' lang='lat' dir='ltr'>enim</span> <span class='ocrx_word' id='word_1_22' title='bbox 538 817 821 864; x_wconf 86' lang='lat' dir='ltr'>venerunt</span> <span class='ocrx_word' id='word_1_23' title='bbox 846 811 1161 866; x_wconf 87' lang='lat' dir='ltr'>tibidivina</span> <span class='ocrx_word' id='word_1_24' title='bbox 1187 811 1317 867; x_wconf 88' lang='lat' dir='ltr'>luce</span> <span class='ocrx_word' id='word_1_25' title='bbox 1351 813 1604 883; x_wconf 66' lang='lat' dir='ltr'>prwditi,</span> <span class='ocrx_word' id='word_1_26' title='bbox 1638 814 1795 867; x_wconf 85' lang='lat' dir='ltr'>velut</span> <span class='ocrx_word' id='word_1_27' title='bbox 1832 813 1989 867; x_wconf 87' lang='lat' dir='ltr'>faces</span> 
     </span>
    </p>
   </div>
   <div class='ocr_carea' id='block_1_6' title="bbox 344 899 1985 971">
    <p class='ocr_par' dir='ltr' id='par_1_6' title="bbox 344 899 1985 971">
     <span class='ocr_line' id='line_1_6' title="bbox 344 899 1985 971; baseline 0.002 -18"><span class='ocrx_word' id='word_1_28' title='bbox 344 899 415 954; x_wconf 92' lang='lat' dir='ltr'>ab</span> <span class='ocrx_word' id='word_1_29' title='bbox 446 906 744 967; x_wconf 88' lang='lat' dir='ltr'>occasu,et</span> <span class='ocrx_word' id='word_1_30' title='bbox 764 901 1132 971; x_wconf 83' lang='lat' dir='ltr'>aquilone,et</span> <span class='ocrx_word' id='word_1_31' title='bbox 1162 903 1329 969; x_wconf 89' lang='lat' dir='ltr'>mari,</span> <span class='ocrx_word' id='word_1_32' title='bbox 1366 903 1694 971; x_wconf 88' lang='lat' dir='ltr'>etoriente,</span> <span class='ocrx_word' id='word_1_33' title='bbox 1730 904 1837 958; x_wconf 86' lang='lat' dir='ltr'>ﬁlii</span> <span class='ocrx_word' id='word_1_34' title='bbox 1881 902 1985 969; x_wconf 90' lang='lat' dir='ltr'>tui,</span> 
     </span>
    </p>
   </div>
   <div class='ocr_carea' id='block_1_7' title="bbox 344 990 1676 1062">
    <p class='ocr_par' dir='ltr' id='par_1_7' title="bbox 344 990 1676 1062">
     <span class='ocr_line' id='line_1_7' title="bbox 344 990 1676 1062; baseline 0.003 -19"><span class='ocrx_word' id='word_1_35' title='bbox 344 990 406 1044; x_wconf 91' lang='lat' dir='ltr'>in</span> <span class='ocrx_word' id='word_1_36' title='bbox 437 995 491 1043; x_wconf 92' lang='lat' dir='ltr'>te</span> <span class='ocrx_word' id='word_1_37' title='bbox 508 990 931 1045; x_wconf 89' lang='lat' dir='ltr'>benedicentes</span> <span class='ocrx_word' id='word_1_38' title='bbox 960 991 1257 1045; x_wconf 79' lang='lat' dir='ltr'>Christum</span> <span class='ocrx_word' id='word_1_39' title='bbox 1291 1009 1397 1062; x_wconf 88' lang='lat' dir='ltr'>per</span> <span class='ocrx_word' id='word_1_40' title='bbox 1438 993 1676 1047; x_wconf 63' lang='lat' dir='ltr'>saecula.</span> 
     </span>
    </p>
   </div>
   <div class='ocr_carea' id='block_1_8' title="bbox 414 1080 1988 1152">
    <p class='ocr_par' dir='ltr' id='par_1_8' title="bbox 414 1080 1988 1152">
     <span class='ocr_line' id='line_1_8' title="bbox 414 1080 1988 1152; baseline 0.001 -20"><span class='ocrx_word' id='word_1_41' title='bbox 414 1081 588 1133; x_wconf 89' lang='lat' dir='ltr'>Pater</span> <span class='ocrx_word' id='word_1_42' title='bbox 606 1080 1069 1149; x_wconf 89' lang='lat' dir='ltr'>omnipotens,et</span> <span class='ocrx_word' id='word_1_43' title='bbox 1098 1080 1436 1144; x_wconf 84' lang='lat' dir='ltr'>Verbum,et</span> <span class='ocrx_word' id='word_1_44' title='bbox 1471 1082 1739 1152; x_wconf 84' lang='lat' dir='ltr'>Spiritus,</span> <span class='ocrx_word' id='word_1_45' title='bbox 1774 1097 1895 1135; x_wconf 89' lang='lat' dir='ltr'>una</span> <span class='ocrx_word' id='word_1_46' title='bbox 1929 1081 1988 1134; x_wconf 92' lang='lat' dir='ltr'>in</span> 
     </span>
    </p>
   </div>
   <div class='ocr_carea' id='block_1_9' title="bbox 346 1168 1991 1237">
    <p class='ocr_par' dir='ltr' id='par_1_9' title="bbox 346 1168 1991 1237">
     <span class='ocr_line' id='line_1_9' title="bbox 346 1168 1991 1237; baseline 0.001 -17"><span class='ocrx_word' id='word_1_47' title='bbox 346 1168 534 1221; x_wconf 90' lang='lat' dir='ltr'>tribus</span> <span class='ocrx_word' id='word_1_48' title='bbox 566 1169 834 1237; x_wconf 87' lang='lat' dir='ltr'>personis</span> <span class='ocrx_word' id='word_1_49' title='bbox 858 1169 1190 1223; x_wconf 78' lang='lat' dir='ltr'>consistens</span> <span class='ocrx_word' id='word_1_50' title='bbox 1223 1174 1452 1232; x_wconf 89' lang='lat' dir='ltr'>natura,</span> <span class='ocrx_word' id='word_1_51' title='bbox 1472 1171 1730 1224; x_wconf 90' lang='lat' dir='ltr'>essentia</span> <span class='ocrx_word' id='word_1_52' title='bbox 1762 1175 1820 1224; x_wconf 91' lang='lat' dir='ltr'>et</span> <span class='ocrx_word' id='word_1_53' title='bbox 1850 1168 1991 1222; x_wconf 87' lang='lat' dir='ltr'>divi-</span> 
     </span>
    </p>
   </div>
   <div class='ocr_carea' id='block_1_10' title="bbox 346 1256 1986 1329">
    <p class='ocr_par' dir='ltr' id='par_1_10' title="bbox 346 1256 1986 1329">
     <span class='ocr_line' id='line_1_10' title="bbox 346 1256 1986 1329; baseline 0 -18"><span class='ocrx_word' id='word_1_54' title='bbox 346 1256 531 1311; x_wconf 81' lang='lat' dir='ltr'>nitate</span> <span class='ocrx_word' id='word_1_55' title='bbox 562 1258 753 1327; x_wconf 84' lang='lat' dir='ltr'>major</span> <span class='ocrx_word' id='word_1_56' title='bbox 786 1275 798 1325; x_wconf 91' lang='lat'><strong>;</strong></span> <span class='ocrx_word' id='word_1_57' title='bbox 833 1257 893 1311; x_wconf 95' lang='lat' dir='ltr'>in</span> <span class='ocrx_word' id='word_1_58' title='bbox 927 1262 981 1311; x_wconf 91' lang='lat' dir='ltr'>te</span> <span class='ocrx_word' id='word_1_59' title='bbox 1009 1258 1281 1329; x_wconf 87' lang='lat' dir='ltr'>baptizati</span> <span class='ocrx_word' id='word_1_60' title='bbox 1316 1275 1539 1326; x_wconf 90' lang='lat' dir='ltr'>sumus,</span> <span class='ocrx_word' id='word_1_61' title='bbox 1564 1264 1620 1313; x_wconf 90' lang='lat' dir='ltr'>et</span> <span class='ocrx_word' id='word_1_62' title='bbox 1651 1264 1705 1313; x_wconf 88' lang='lat' dir='ltr'>te</span> <span class='ocrx_word' id='word_1_63' title='bbox 1738 1258 1986 1313; x_wconf 86' lang='lat' dir='ltr'>benedi-</span> 
     </span>
    </p>
   </div>
   <div class='ocr_carea' id='block_1_11' title="bbox 347 1347 1164 1417">
    <p class='ocr_par' dir='ltr' id='par_1_11' title="bbox 347 1347 1164 1417">
     <span class='ocr_line' id='line_1_11' title="bbox 347 1347 1164 1417; baseline 0.002 -18"><span class='ocrx_word' id='word_1_64' title='bbox 347 1347 537 1401; x_wconf 89' lang='lat' dir='ltr'>cimus</span> <span class='ocrx_word' id='word_1_65' title='bbox 569 1364 805 1417; x_wconf 88' lang='lat' dir='ltr'>semper</span> <span class='ocrx_word' id='word_1_66' title='bbox 834 1348 895 1401; x_wconf 93' lang='lat' dir='ltr'>in</span> <span class='ocrx_word' id='word_1_67' title='bbox 927 1348 1164 1402; x_wconf 63' lang='lat' dir='ltr'>saecula.</span> 
     </span>
    </p>
   </div>
   <div class='ocr_carea' id='block_1_12' title="bbox 416 1435 1987 1509">
    <p class='ocr_par' dir='ltr' id='par_1_12' title="bbox 416 1435 1987 1509">
     <span class='ocr_line' id='line_1_12' title="bbox 416 1435 1987 1509; baseline -0.001 -17"><span class='ocrx_word' id='word_1_68' title='bbox 416 1435 780 1506; x_wconf 89' lang='lat' dir='ltr'>Illuminare,</span> <span class='ocrx_word' id='word_1_69' title='bbox 814 1436 1176 1507; x_wconf 82' lang='lat' dir='ltr'>illuminare,</span> <span class='ocrx_word' id='word_1_70' title='bbox 1210 1454 1358 1492; x_wconf 91' lang='lat' dir='ltr'>nova</span> <span class='ocrx_word' id='word_1_71' title='bbox 1386 1437 1714 1492; x_wconf 85' lang='lat' dir='ltr'>Jerusalem</span> <span class='ocrx_word' id='word_1_72' title='bbox 1750 1453 1763 1492; x_wconf 90' lang='lat'><strong>:</strong></span> <span class='ocrx_word' id='word_1_73' title='bbox 1799 1436 1987 1509; x_wconf 87' lang='lat' dir='ltr'>gloria</span> 
     </span>
    </p>
   </div>
   <div class='ocr_carea' id='block_1_13' title="bbox 348 1524 1985 1593">
    <p class='ocr_par' dir='ltr' id='par_1_13' title="bbox 348 1524 1985 1593">
     <span class='ocr_line' id='line_1_13' title="bbox 348 1524 1985 1593; baseline -0.001 -13"><span class='ocrx_word' id='word_1_74' title='bbox 348 1524 506 1580; x_wconf 91' lang='lat' dir='ltr'>enim</span> <span class='ocrx_word' id='word_1_75' title='bbox 529 1525 760 1579; x_wconf 89' lang='lat' dir='ltr'>Domini</span> <span class='ocrx_word' id='word_1_76' title='bbox 791 1525 854 1579; x_wconf 91' lang='lat' dir='ltr'>in</span> <span class='ocrx_word' id='word_1_77' title='bbox 887 1531 941 1580; x_wconf 90' lang='lat' dir='ltr'>te</span> <span class='ocrx_word' id='word_1_78' title='bbox 975 1533 1102 1581; x_wconf 88' lang='lat' dir='ltr'>orta</span> <span class='ocrx_word' id='word_1_79' title='bbox 1133 1532 1239 1582; x_wconf 89' lang='lat' dir='ltr'>est.</span> <span class='ocrx_word' id='word_1_80' title='bbox 1274 1527 1431 1581; x_wconf 86' lang='lat' dir='ltr'>Salta</span> <span class='ocrx_word' id='word_1_81' title='bbox 1459 1544 1619 1581; x_wconf 90' lang='lat' dir='ltr'>nunc</span> <span class='ocrx_word' id='word_1_82' title='bbox 1651 1531 1708 1580; x_wconf 93' lang='lat' dir='ltr'>et</span> <span class='ocrx_word' id='word_1_83' title='bbox 1740 1525 1985 1593; x_wconf 82' lang='lat' dir='ltr'>exsulta,</span> 
     </span>
    </p>
   </div>
   <div class='ocr_carea' id='block_1_14' title="bbox 346 1615 1989 1688">
    <p class='ocr_par' dir='ltr' id='par_1_14' title="bbox 346 1615 1989 1688">
     <span class='ocr_line' id='line_1_14' title="bbox 346 1615 1989 1688; baseline 0.001 -19"><span class='ocrx_word' id='word_1_84' title='bbox 346 1616 487 1669; x_wconf 92' lang='lat' dir='ltr'>Sion</span> <span class='ocrx_word' id='word_1_85' title='bbox 513 1633 525 1669; x_wconf 91' lang='lat'><em>:</em></span> <span class='ocrx_word' id='word_1_86' title='bbox 559 1620 622 1671; x_wconf 91' lang='lat' dir='ltr'>tu</span> <span class='ocrx_word' id='word_1_87' title='bbox 647 1632 781 1670; x_wconf 88' lang='lat' dir='ltr'>vero</span> <span class='ocrx_word' id='word_1_88' title='bbox 815 1622 1017 1671; x_wconf 89' lang='lat' dir='ltr'>sancta</span> <span class='ocrx_word' id='word_1_89' title='bbox 1049 1615 1709 1688; x_wconf 88' lang='lat' dir='ltr'>delectare,Deipara,in</span> <span class='ocrx_word' id='word_1_90' title='bbox 1741 1616 1989 1670; x_wconf 87' lang='lat' dir='ltr'>suscita-</span> 
     </span>
    </p>
   </div>
   <div class='ocr_carea' id='block_1_15' title="bbox 347 1703 833 1759">
    <p class='ocr_par' dir='ltr' id='par_1_15' title="bbox 347 1703 833 1759">
     <span class='ocr_line' id='line_1_15' title="bbox 347 1703 833 1759; baseline 0 -2"><span class='ocrx_word' id='word_1_91' title='bbox 347 1705 509 1759; x_wconf 88' lang='lat' dir='ltr'>tione</span> <span class='ocrx_word' id='word_1_92' title='bbox 545 1705 625 1758; x_wconf 94' lang='lat' dir='ltr'>tui</span> <span class='ocrx_word' id='word_1_93' title='bbox 656 1703 833 1759; x_wconf 84' lang='lat' dir='ltr'>fetus.</span> 
     </span>
    </p>
   </div>
   <div class='ocr_carea' id='block_1_16' title="bbox 419 1793 1988 1863">
    <p class='ocr_par' dir='ltr' id='par_1_16' title="bbox 419 1793 1988 1863">
     <span class='ocr_line' id='line_1_16' title="bbox 419 1793 1988 1863; baseline 0.001 -16"><span class='ocrx_word' id='word_1_94' title='bbox 419 1795 461 1848; x_wconf 94' lang='grc' dir='ltr'><strong>Ο</strong></span> <span class='ocrx_word' id='word_1_95' title='bbox 494 1793 772 1863; x_wconf 84' lang='lat' dir='ltr'>divinam,</span> <span class='ocrx_word' id='word_1_96' title='bbox 807 1811 838 1849; x_wconf 94' lang='grc' dir='ltr'>ο</span> <span class='ocrx_word' id='word_1_97' title='bbox 870 1794 1142 1862; x_wconf 88' lang='lat' dir='ltr'>amicam,</span> <span class='ocrx_word' id='word_1_98' title='bbox 1177 1812 1209 1849; x_wconf 91' lang='grc' dir='ltr'>ο</span> <span class='ocrx_word' id='word_1_99' title='bbox 1262 1794 1669 1849; x_wconf 85' lang='lat' dir='ltr'>dulcissimam</span> <span class='ocrx_word' id='word_1_100' title='bbox 1701 1799 1864 1849; x_wconf 90' lang='lat' dir='ltr'>tuam</span> <span class='ocrx_word' id='word_1_101' title='bbox 1894 1810 1988 1848; x_wconf 88' lang='lat' dir='ltr'>vo-</span> 
     </span>
    </p>
   </div>
   <div class='ocr_carea' id='block_1_17' title="bbox 347 1882 1991 1955">
    <p class='ocr_par' dir='ltr' id='par_1_17' title="bbox 347 1882 1991 1955">
     <span class='ocr_line' id='line_1_17' title="bbox 347 1882 1991 1955; baseline 0 -18"><span class='ocrx_word' id='word_1_102' title='bbox 347 1900 502 1939; x_wconf 88' lang='lat' dir='ltr'>cem:</span> <span class='ocrx_word' id='word_1_103' title='bbox 528 1884 841 1939; x_wconf 90' lang='lat' dir='ltr'>nobiscum</span> <span class='ocrx_word' id='word_1_104' title='bbox 872 1886 1031 1939; x_wconf 89' lang='lat' dir='ltr'>enim</span> <span class='ocrx_word' id='word_1_105' title='bbox 1054 1885 1179 1939; x_wconf 90' lang='lat' dir='ltr'>sine</span> <span class='ocrx_word' id='word_1_106' title='bbox 1197 1883 1505 1940; x_wconf 88' lang='lat' dir='ltr'>mendacio</span> <span class='ocrx_word' id='word_1_107' title='bbox 1529 1884 1852 1955; x_wconf 89' lang='lat' dir='ltr'>promisisti</span> <span class='ocrx_word' id='word_1_108' title='bbox 1868 1882 1991 1938; x_wconf 83' lang='lat' dir='ltr'>fore</span> 
     </span>
    </p>
   </div>
   <div class='ocr_carea' id='block_1_18' title="bbox 345 1973 1988 2045">
    <p class='ocr_par' dir='ltr' id='par_1_18' title="bbox 345 1973 1988 2045">
     <span class='ocr_line' id='line_1_18' title="bbox 345 1973 1988 2045; baseline 0.001 -18"><span class='ocrx_word' id='word_1_109' title='bbox 345 1989 534 2043; x_wconf 88' lang='lat' dir='ltr'>usque</span> <span class='ocrx_word' id='word_1_110' title='bbox 560 1974 631 2028; x_wconf 93' lang='lat' dir='ltr'>ad</span> <span class='ocrx_word' id='word_1_111' title='bbox 664 1975 814 2029; x_wconf 86' lang='lat' dir='ltr'>ﬁnes</span> <span class='ocrx_word' id='word_1_112' title='bbox 846 1973 1735 2045; x_wconf 70' lang='lat' dir='ltr'>swculi,Christe,quamfideles</span> <span class='ocrx_word' id='word_1_113' title='bbox 1765 1973 1988 2029; x_wconf 90' lang='lat' dir='ltr'>ancho-</span> 
     </span>
    </p>
   </div>
   <div class='ocr_carea' id='block_1_19' title="bbox 344 2062 1357 2131">
    <p class='ocr_par' dir='ltr' id='par_1_19' title="bbox 344 2062 1357 2131">
     <span class='ocr_line' id='line_1_19' title="bbox 344 2062 1357 2131; baseline 0.002 -17"><span class='ocrx_word' id='word_1_114' title='bbox 344 2077 471 2114; x_wconf 88' lang='lat' dir='ltr'>ram</span> <span class='ocrx_word' id='word_1_115' title='bbox 506 2062 629 2131; x_wconf 87' lang='lat' dir='ltr'>spei</span> <span class='ocrx_word' id='word_1_116' title='bbox 666 2067 936 2117; x_wconf 85' lang='lat' dir='ltr'>tenentes</span> <span class='ocrx_word' id='word_1_117' title='bbox 972 2063 1357 2117; x_wconf 88' lang='lat' dir='ltr'>exsultamus.</span> 
     </span>
    </p>
   </div>
   <div class='ocr_carea' id='block_1_20' title="bbox 419 2150 1988 2221">
    <p class='ocr_par' dir='ltr' id='par_1_20' title="bbox 419 2150 1988 2221">
     <span class='ocr_line' id='line_1_20' title="bbox 419 2150 1988 2221; baseline 0.001 -18"><span class='ocrx_word' id='word_1_118' title='bbox 419 2152 461 2203; x_wconf 91' lang='lat'>0</span> <span class='ocrx_word' id='word_1_119' title='bbox 492 2152 717 2204; x_wconf 83' lang='lat' dir='ltr'>Pascha</span> <span class='ocrx_word' id='word_1_120' title='bbox 748 2168 1025 2221; x_wconf 90' lang='lat' dir='ltr'>magnum</span> <span class='ocrx_word' id='word_1_121' title='bbox 1060 2158 1116 2203; x_wconf 82' lang='lat' dir='ltr'>et</span> <span class='ocrx_word' id='word_1_122' title='bbox 1146 2150 1612 2205; x_wconf 84' lang='lat' dir='ltr'>sacratissimum</span> <span class='ocrx_word' id='word_1_123' title='bbox 1642 2151 1893 2217; x_wconf 83' lang='lat' dir='ltr'>Christe,</span> <span class='ocrx_word' id='word_1_124' title='bbox 1957 2168 1988 2205; x_wconf 91' lang='grc' dir='ltr'>ο</span> 
     </span>
    </p>
   </div>
   <div class='ocr_carea' id='block_1_21' title="bbox 345 2238 1994 2310">
    <p class='ocr_par' dir='ltr' id='par_1_21' title="bbox 345 2238 1994 2310">
     <span class='ocr_line' id='line_1_21' title="bbox 345 2238 1994 2310; baseline -0.001 -18"><span class='ocrx_word' id='word_1_125' title='bbox 345 2238 722 2308; x_wconf 87' lang='lat' dir='ltr'>sapientia,et</span> <span class='ocrx_word' id='word_1_126' title='bbox 745 2240 1000 2293; x_wconf 86' lang='lat' dir='ltr'>Verbum</span> <span class='ocrx_word' id='word_1_127' title='bbox 1032 2240 1156 2305; x_wconf 89' lang='lat' dir='ltr'>Dei,</span> <span class='ocrx_word' id='word_1_128' title='bbox 1191 2245 1248 2293; x_wconf 91' lang='lat' dir='ltr'>et</span> <span class='ocrx_word' id='word_1_129' title='bbox 1277 2238 1543 2310; x_wconf 88' lang='lat' dir='ltr'>potentia</span> <span class='ocrx_word' id='word_1_130' title='bbox 1576 2255 1588 2291; x_wconf 91' lang='lat'>:</span> <span class='ocrx_word' id='word_1_131' title='bbox 1622 2238 1696 2293; x_wconf 90' lang='lat' dir='ltr'>da</span> <span class='ocrx_word' id='word_1_132' title='bbox 1725 2239 1897 2293; x_wconf 91' lang='lat' dir='ltr'>nobis</span> <span class='ocrx_word' id='word_1_133' title='bbox 1929 2243 1994 2292; x_wconf 92' lang='lat' dir='ltr'>ut</span> 
     </span>
    </p>
   </div>
   <div class='ocr_carea' id='block_1_22' title="bbox 345 2327 1992 2399">
    <p class='ocr_par' dir='ltr' id='par_1_22' title="bbox 345 2327 1992 2399">
     <span class='ocr_line' id='line_1_22' title="bbox 345 2327 1992 2399; baseline -0.001 -17"><span class='ocrx_word' id='word_1_134' title='bbox 345 2328 682 2398; x_wconf 83' lang='lat' dir='ltr'>expressius</span> <span class='ocrx_word' id='word_1_135' title='bbox 714 2332 770 2381; x_wconf 90' lang='lat' dir='ltr'>te</span> <span class='ocrx_word' id='word_1_136' title='bbox 813 2327 1257 2399; x_wconf 88' lang='lat' dir='ltr'>participemus,</span> <span class='ocrx_word' id='word_1_137' title='bbox 1294 2328 1354 2382; x_wconf 90' lang='lat' dir='ltr'>in</span> <span class='ocrx_word' id='word_1_138' title='bbox 1409 2344 1529 2382; x_wconf 89' lang='lat' dir='ltr'>non</span> <span class='ocrx_word' id='word_1_139' title='bbox 1563 2327 1992 2399; x_wconf 88' lang='lat' dir='ltr'>vesperascenti</span> 
     </span>
    </p>
   </div>
   <div class='ocr_carea' id='block_1_23' title="bbox 343 2417 773 2489">
    <p class='ocr_par' dir='ltr' id='par_1_23' title="bbox 343 2417 773 2489">
     <span class='ocr_line' id='line_1_23' title="bbox 343 2417 773 2489; baseline 0.002 -18"><span class='ocrx_word' id='word_1_140' title='bbox 343 2418 509 2489; x_wconf 81' lang='lat' dir='ltr'>regni</span> <span class='ocrx_word' id='word_1_141' title='bbox 544 2418 624 2472; x_wconf 90' lang='lat' dir='ltr'>tui</span> <span class='ocrx_word' id='word_1_142' title='bbox 658 2417 773 2473; x_wconf 91' lang='lat' dir='ltr'>die.</span> 
     </span>
    </p>
   </div>
   <div class='ocr_carea' id='block_1_24' title="bbox 998 2579 1339 2635">
    <p class='ocr_par' dir='ltr' id='par_1_24' title="bbox 998 2579 1339 2635">
     <span class='ocr_line' id='line_1_24' title="bbox 998 2579 1339 2635; baseline 0.009 -3"><span class='ocrx_word' id='word_1_143' title='bbox 998 2580 1076 2632; x_wconf 66' lang='grc' dir='ltr'>Ε.)</span> <span class='ocrx_word' id='word_1_144' title='bbox 1089 2579 1339 2635; x_wconf 82' lang='lat' dir='ltr'>USDEM.</span> 
     </span>
    </p>
   </div>
   <div class='ocr_carea' id='block_1_25' title="bbox 446 2694 1874 2765">
    <p class='ocr_par' dir='ltr' id='par_1_25' title="bbox 446 2694 1874 2765">
     <span class='ocr_line' id='line_1_25' title="bbox 446 2694 1874 2765; baseline 0.001 -13"><span class='ocrx_word' id='word_1_145' title='bbox 446 2698 511 2752; x_wconf 87' lang='lat' dir='ltr'>In</span> <span class='ocrx_word' id='word_1_146' title='bbox 540 2695 974 2765; x_wconf 79' lang='lat' dir='ltr'>Assumptionem</span> <span class='ocrx_word' id='word_1_147' title='bbox 1004 2694 1224 2749; x_wconf 79' lang='lat' dir='ltr'>Domini</span> <span class='ocrx_word' id='word_1_148' title='bbox 1262 2695 1438 2751; x_wconf 80' lang='lat' dir='ltr'>nostri</span> <span class='ocrx_word' id='word_1_149' title='bbox 1492 2696 1619 2750; x_wconf 73' lang='lat' dir='ltr'>Iesu</span> <span class='ocrx_word' id='word_1_150' title='bbox 1648 2695 1874 2753; x_wconf 78' lang='lat' dir='ltr'>Christi.</span> 
     </span>
    </p>
   </div>
   <div class='ocr_carea' id='block_1_26' title="bbox 411 2899 1986 2971">
    <p class='ocr_par' dir='ltr' id='par_1_26' title="bbox 411 2899 1986 2971">
     <span class='ocr_line' id='line_1_26' title="bbox 411 2899 1986 2971; baseline -0.001 -17"><span class='ocrx_word' id='word_1_151' title='bbox 411 2899 693 2954; x_wconf 90' lang='lat' dir='ltr'>Salvatori</span> <span class='ocrx_word' id='word_1_152' title='bbox 724 2900 862 2966; x_wconf 91' lang='lat' dir='ltr'>Deo,</span> <span class='ocrx_word' id='word_1_153' title='bbox 898 2899 997 2969; x_wconf 90' lang='lat' dir='ltr'>qui</span> <span class='ocrx_word' id='word_1_154' title='bbox 1047 2899 1108 2953; x_wconf 90' lang='lat' dir='ltr'>in</span> <span class='ocrx_word' id='word_1_155' title='bbox 1158 2899 1307 2954; x_wconf 90' lang='lat' dir='ltr'>mari</span> <span class='ocrx_word' id='word_1_156' title='bbox 1340 2900 1625 2971; x_wconf 91' lang='lat' dir='ltr'>populum</span> <span class='ocrx_word' id='word_1_157' title='bbox 1658 2899 1830 2955; x_wconf 91' lang='lat' dir='ltr'>siccis</span> <span class='ocrx_word' id='word_1_158' title='bbox 1884 2917 1986 2971; x_wconf 92' lang='lat' dir='ltr'>pe-</span> 
     </span>
    </p>
   </div>
   <div class='ocr_carea' id='block_1_27' title="bbox 339 2991 1985 3059">
    <p class='ocr_par' dir='ltr' id='par_1_27' title="bbox 339 2991 1985 3059">
     <span class='ocr_line' id='line_1_27' title="bbox 339 2991 1985 3059; baseline -0.001 -12"><span class='ocrx_word' id='word_1_159' title='bbox 339 2992 513 3048; x_wconf 89' lang='lat' dir='ltr'>dibus</span> <span class='ocrx_word' id='word_1_160' title='bbox 544 2991 806 3059; x_wconf 85' lang='lat' dir='ltr'>duxit,et</span> <span class='ocrx_word' id='word_1_161' title='bbox 827 2992 1193 3046; x_wconf 86' lang='lat' dir='ltr'>Pharaonem</span> <span class='ocrx_word' id='word_1_162' title='bbox 1226 3009 1361 3047; x_wconf 90' lang='lat' dir='ltr'>cum</span> <span class='ocrx_word' id='word_1_163' title='bbox 1395 2994 1668 3047; x_wconf 90' lang='lat' dir='ltr'>universo</span> <span class='ocrx_word' id='word_1_164' title='bbox 1725 2993 1985 3046; x_wconf 83' lang='lat' dir='ltr'>exercitu</span> 
     </span>
    </p>
   </div>
   <div class='ocr_carea' id='block_1_28' title="bbox 1617 233 2461 295">
    <p class='ocr_par' dir='ltr' id='par_1_28' title="bbox 1617 233 2461 295">
     <span class='ocr_line' id='line_1_28' title="bbox 1617 233 2461 295; baseline -0.006 0"><span class='ocrx_word' id='word_1_165' title='bbox 1617 241 1676 295; x_wconf 82' lang='lat' dir='ltr'>B.</span> <span class='ocrx_word' id='word_1_166' title='bbox 1715 237 2017 294; x_wconf 80' lang='lat' dir='ltr'>JOANNIS</span> <span class='ocrx_word' id='word_1_167' title='bbox 2050 233 2461 292; x_wconf 75' lang='lat' dir='ltr'>DAMABCENI</span> 
     </span>
    </p>
   </div>
   <div class='ocr_carea' id='block_1_29' title="bbox 409 359 2068 433">
    <p class='ocr_par' dir='ltr' id='par_1_29' title="bbox 409 359 2068 433">
     <span class='ocr_line' id='line_1_29' title="bbox 409 359 2068 433; baseline 0.001 -17"><span class='ocrx_word' id='word_1_168' title='bbox 409 359 596 433; x_wconf 79' lang='lat' dir='ltr'>Agite,</span> <span class='ocrx_word' id='word_1_169' title='bbox 628 378 846 417; x_wconf 87' lang='lat' dir='ltr'>novum</span> <span class='ocrx_word' id='word_1_170' title='bbox 875 361 1008 417; x_wconf 82' lang='lat' dir='ltr'>vitis</span> <span class='ocrx_word' id='word_1_171' title='bbox 1037 362 1316 432; x_wconf 87' lang='lat' dir='ltr'>fructum,</span> <span class='ocrx_word' id='word_1_172' title='bbox 1345 363 1605 420; x_wconf 88' lang='lat' dir='ltr'>divinam</span> <span class='ocrx_word' id='word_1_173' title='bbox 1638 364 1985 419; x_wconf 87' lang='lat' dir='ltr'>delectatio-</span> <span class='ocrx_word' id='word_1_174' title='bbox 2016 363 2068 430; x_wconf 76' lang='grc' dir='ltr'><strong>Α</strong></span> 
     </span>
    </p>
   </div>
   <div class='ocr_carea' id='block_1_30' title="bbox 3639 240 3747 295">
    <p class='ocr_par' dir='ltr' id='par_1_30' title="bbox 3639 240 3747 295">
     <span class='ocr_line' id='line_1_30' title="bbox 3639 240 3747 295; baseline 0.019 -2"><span class='ocrx_word' id='word_1_175' title='bbox 3639 240 3747 295; x_wconf 74' lang='grc'>844</span> 
     </span>
    </p>
   </div>
   <div class='ocr_carea' id='block_1_31' title="bbox 2170 360 3751 437">
    <p class='ocr_par' dir='ltr' id='par_1_31' title="bbox 2170 360 3751 437">
     <span class='ocr_line' id='line_1_31' title="bbox 2170 360 3751 437; baseline 0.004 -24"><span class='ocrx_word' id='word_1_176' title='bbox 2170 363 2348 431; x_wconf 90' lang='grc' dir='ltr'>Δεῦτε,</span> <span class='ocrx_word' id='word_1_177' title='bbox 2400 363 2496 414; x_wconf 86' lang='grc' dir='ltr'>τοῦ</span> <span class='ocrx_word' id='word_1_178' title='bbox 2553 362 2743 414; x_wconf 80' lang='grc' dir='ltr'>καινοῦ</span> <span class='ocrx_word' id='word_1_179' title='bbox 2789 366 2888 429; x_wconf 75' lang='grc' dir='ltr'>τῆς</span> <span class='ocrx_word' id='word_1_180' title='bbox 2941 360 3195 433; x_wconf 73' lang='grc' dir='ltr'>ἀμπέλου</span> <span class='ocrx_word' id='word_1_181' title='bbox 3249 365 3616 437; x_wconf 78' lang='grc' dir='ltr'>γεννήματος,</span> <span class='ocrx_word' id='word_1_182' title='bbox 3646 371 3751 435; x_wconf 83' lang='grc' dir='ltr'>τῆς</span> 
     </span>
    </p>
   </div>
   <div class='ocr_carea' id='block_1_32' title="bbox 2100 447 3750 528">
    <p class='ocr_par' dir='ltr' id='par_1_32' title="bbox 2100 447 3750 528">
     <span class='ocr_line' id='line_1_32' title="bbox 2100 447 3750 528; baseline 0.004 -25"><span class='ocrx_word' id='word_1_183' title='bbox 2100 448 2245 511; x_wconf 81' lang='grc' dir='ltr'>θείας</span> <span class='ocrx_word' id='word_1_184' title='bbox 2278 447 2637 525; x_wconf 76' lang='grc' dir='ltr'>εὐφροσύνης,</span> <span class='ocrx_word' id='word_1_185' title='bbox 2672 449 2725 503; x_wconf 77' lang='grc' dir='ltr'>ἐν</span> <span class='ocrx_word' id='word_1_186' title='bbox 2783 454 2851 518; x_wconf 81' lang='grc' dir='ltr'>τῇ</span> <span class='ocrx_word' id='word_1_187' title='bbox 2911 450 3139 524; x_wconf 82' lang='grc' dir='ltr'>εὐσήμῳ</span> <span class='ocrx_word' id='word_1_188' title='bbox 3198 453 3380 525; x_wconf 73' lang='grc' dir='ltr'>ἡμέρᾳ</span> <span class='ocrx_word' id='word_1_189' title='bbox 3434 460 3539 522; x_wconf 85' lang='grc' dir='ltr'>τῆς</span> <span class='ocrx_word' id='word_1_190' title='bbox 3596 451 3750 528; x_wconf 79' lang='grc' dir='ltr'>ὲγὲρ-</span> 
     </span>
    </p>
   </div>
   <div class='ocr_carea' id='block_1_33' title="bbox 2101 537 3747 617">
    <p class='ocr_par' dir='ltr' id='par_1_33' title="bbox 2101 537 3747 617">
     <span class='ocr_line' id='line_1_33' title="bbox 2101 537 3747 617; baseline 0.004 -25"><span class='ocrx_word' id='word_1_191' title='bbox 2101 558 2253 605; x_wconf 88' lang='grc' dir='ltr'>σεως,</span> <span class='ocrx_word' id='word_1_192' title='bbox 2291 537 2570 613; x_wconf 73' lang='grc' dir='ltr'>βασιλείας</span> <span class='ocrx_word' id='word_1_193' title='bbox 2599 542 2696 594; x_wconf 87' lang='grc' dir='ltr'>τοῦ</span> <span class='ocrx_word' id='word_1_194' title='bbox 2724 545 2962 614; x_wconf 82' lang='grc' dir='ltr'>Χριστοῦ</span> <span class='ocrx_word' id='word_1_195' title='bbox 3015 544 3461 616; x_wconf 73' lang='grc' dir='ltr'>κοινωνήσωμεν,</span> <span class='ocrx_word' id='word_1_196' title='bbox 3508 543 3747 617; x_wconf 82' lang='grc' dir='ltr'>ὑμνοῦν-</span> 
     </span>
    </p>
   </div>
   <div class='ocr_carea' id='block_1_34' title="bbox 2096 627 3147 693">
    <p class='ocr_par' dir='ltr' id='par_1_34' title="bbox 2096 627 3147 693">
     <span class='ocr_line' id='line_1_34' title="bbox 2096 627 3147 693; baseline 0.007 -12"><span class='ocrx_word' id='word_1_197' title='bbox 2096 648 2182 688; x_wconf 86' lang='grc' dir='ltr'>τες</span> <span class='ocrx_word' id='word_1_198' title='bbox 2212 627 2371 682; x_wconf 82' lang='grc' dir='ltr'>αὑτὸν</span> <span class='ocrx_word' id='word_1_199' title='bbox 2400 628 2475 689; x_wconf 85' lang='grc' dir='ltr'>ὡς</span> <span class='ocrx_word' id='word_1_200' title='bbox 2508 630 2635 683; x_wconf 80' lang='grc' dir='ltr'>Θεὸν</span> <span class='ocrx_word' id='word_1_201' title='bbox 2662 628 2742 690; x_wconf 71' lang='grc' dir='ltr'>εἲς</span> <span class='ocrx_word' id='word_1_202' title='bbox 2770 628 2897 691; x_wconf 77' lang='grc' dir='ltr'>τοὺς</span> <span class='ocrx_word' id='word_1_203' title='bbox 2926 631 3147 693; x_wconf 84' lang='grc' dir='ltr'>αἰῶνας.</span> 
     </span>
    </p>
   </div>
   <div class='ocr_carea' id='block_1_35' title="bbox 2167 716 3749 797">
    <p class='ocr_par' dir='ltr' id='par_1_35' title="bbox 2167 716 3749 797">
     <span class='ocr_line' id='line_1_35' title="bbox 2167 716 3749 797; baseline 0.002 -23"><span class='ocrx_word' id='word_1_204' title='bbox 2167 720 2332 792; x_wconf 75' lang='grc' dir='ltr'>Ἀρον</span> <span class='ocrx_word' id='word_1_205' title='bbox 2365 716 2554 789; x_wconf 79' lang='grc' dir='ltr'>κὺκλῷ</span> <span class='ocrx_word' id='word_1_206' title='bbox 2582 719 2709 781; x_wconf 84' lang='grc' dir='ltr'>τοὺς</span> <span class='ocrx_word' id='word_1_207' title='bbox 2771 719 3088 797; x_wconf 79' lang='grc' dir='ltr'>ὀφθαλμούς</span> <span class='ocrx_word' id='word_1_208' title='bbox 3148 742 3243 776; x_wconf 90' lang='grc' dir='ltr'>σου</span> <span class='ocrx_word' id='word_1_209' title='bbox 3296 722 3463 793; x_wconf 86' lang='grc' dir='ltr'>Σιὼν,</span> <span class='ocrx_word' id='word_1_210' title='bbox 3519 723 3611 776; x_wconf 84' lang='grc' dir='ltr'>καὶ</span> <span class='ocrx_word' id='word_1_211' title='bbox 3644 719 3749 777; x_wconf 61' lang='lat' dir='ltr'><strong>r6;-</strong></span> 
     </span>
    </p>
   </div>
   <div class='ocr_carea' id='block_1_36' title="bbox 2102 802 3757 889">
    <p class='ocr_par' dir='ltr' id='par_1_36' title="bbox 2102 802 3757 889">
     <span class='ocr_line' id='line_1_36' title="bbox 2102 802 3757 889; baseline 0.005 -31"><span class='ocrx_word' id='word_1_212' title='bbox 2102 802 2219 859; x_wconf 77' lang='grc' dir='ltr'>ἰδοὺ</span> <span class='ocrx_word' id='word_1_213' title='bbox 2274 808 2372 879; x_wconf 73' lang='grc' dir='ltr'>γὰρ</span> <span class='ocrx_word' id='word_1_214' title='bbox 2432 806 2593 874; x_wconf 77' lang='grc' dir='ltr'>ἥκασί</span> <span class='ocrx_word' id='word_1_215' title='bbox 2652 828 2747 861; x_wconf 93' lang='grc' dir='ltr'>σου</span> <span class='ocrx_word' id='word_1_216' title='bbox 2807 815 3135 885; x_wconf 80' lang='grc' dir='ltr'>θεοφεγγεῖς,</span> <span class='ocrx_word' id='word_1_217' title='bbox 3196 811 3269 871; x_wconf 87' lang='grc' dir='ltr'>ὡς</span> <span class='ocrx_word' id='word_1_218' title='bbox 3326 818 3632 889; x_wconf 73' lang='grc' dir='ltr'>φωστῆρες,</span> <span class='ocrx_word' id='word_1_219' title='bbox 3692 810 3757 866; x_wconf 76' lang='grc' dir='ltr'>ἐκ</span> 
     </span>
    </p>
   </div>
   <div class='ocr_carea' id='block_1_37' title="bbox 2100 892 3752 970">
    <p class='ocr_par' dir='ltr' id='par_1_37' title="bbox 2100 892 3752 970">
     <span class='ocr_line' id='line_1_37' title="bbox 2100 892 3752 970; baseline 0.005 -21"><span class='ocrx_word' id='word_1_220' title='bbox 2100 892 2345 967; x_wconf 80' lang='grc' dir='ltr'>δυσμῶν,</span> <span class='ocrx_word' id='word_1_221' title='bbox 2375 896 2463 949; x_wconf 84' lang='grc' dir='ltr'>καὶ</span> <span class='ocrx_word' id='word_1_222' title='bbox 2495 895 2685 970; x_wconf 75' lang='grc' dir='ltr'>βορῥᾶ,</span> <span class='ocrx_word' id='word_1_223' title='bbox 2719 897 2807 952; x_wconf 85' lang='grc' dir='ltr'>καὶ</span> <span class='ocrx_word' id='word_1_224' title='bbox 2839 895 3138 969; x_wconf 74' lang='grc' dir='ltr'>θαλάσσης,</span> <span class='ocrx_word' id='word_1_225' title='bbox 3171 899 3259 953; x_wconf 81' lang='grc' dir='ltr'>καὶ</span> <span class='ocrx_word' id='word_1_226' title='bbox 3325 900 3461 963; x_wconf 80' lang='grc' dir='ltr'>ὲώας</span> <span class='ocrx_word' id='word_1_227' title='bbox 3492 902 3560 955; x_wconf 80' lang='grc' dir='ltr'>τὰ</span> <span class='ocrx_word' id='word_1_228' title='bbox 3587 902 3752 957; x_wconf 74' lang='grc' dir='ltr'>τέκνα</span> 
     </span>
    </p>
   </div>
   <div class='ocr_carea' id='block_1_38' title="bbox 2100 982 3412 1061">
    <p class='ocr_par' dir='ltr' id='par_1_38' title="bbox 2100 982 3412 1061">
     <span class='ocr_line' id='line_1_38' title="bbox 2100 982 3412 1061; baseline 0.006 -25"><span class='ocrx_word' id='word_1_229' title='bbox 2100 1004 2216 1053; x_wconf 91' lang='grc' dir='ltr'>σου,</span> <span class='ocrx_word' id='word_1_230' title='bbox 2250 982 2301 1037; x_wconf 83' lang='grc' dir='ltr'>ἐν</span> <span class='ocrx_word' id='word_1_231' title='bbox 2336 984 2419 1039; x_wconf 86' lang='grc' dir='ltr'>σοὶ</span> <span class='ocrx_word' id='word_1_232' title='bbox 2453 983 2787 1060; x_wconf 75' lang='grc' dir='ltr'>εὐλογοῦντα</span> <span class='ocrx_word' id='word_1_233' title='bbox 2817 988 3049 1061; x_wconf 86' lang='grc' dir='ltr'>Χριστὸν</span> <span class='ocrx_word' id='word_1_234' title='bbox 3081 986 3159 1049; x_wconf 81' lang='grc' dir='ltr'>εἷς</span> <span class='ocrx_word' id='word_1_235' title='bbox 3187 987 3412 1051; x_wconf 76' lang='grc' dir='ltr'>αἰῶνας.</span> 
     </span>
    </p>
   </div>
   <div class='ocr_carea' id='block_1_39' title="bbox 2170 1072 3754 1152">
    <p class='ocr_par' dir='ltr' id='par_1_39' title="bbox 2170 1072 3754 1152">
     <span class='ocr_line' id='line_1_39' title="bbox 2170 1072 3754 1152; baseline 0.005 -26"><span class='ocrx_word' id='word_1_236' title='bbox 2170 1072 2342 1145; x_wconf 81' lang='grc' dir='ltr'>Πάτερ</span> <span class='ocrx_word' id='word_1_237' title='bbox 2396 1075 2792 1149; x_wconf 84' lang='grc' dir='ltr'>παντοκράτορ,</span> <span class='ocrx_word' id='word_1_238' title='bbox 2852 1077 2943 1130; x_wconf 85' lang='grc' dir='ltr'>καὶ</span> <span class='ocrx_word' id='word_1_239' title='bbox 3000 1077 3160 1151; x_wconf 89' lang='grc' dir='ltr'>Λόγε,</span> <span class='ocrx_word' id='word_1_240' title='bbox 3217 1076 3307 1132; x_wconf 84' lang='grc' dir='ltr'>καὶ</span> <span class='ocrx_word' id='word_1_241' title='bbox 3367 1082 3602 1151; x_wconf 84' lang='grc' dir='ltr'>Πνεῦμα,</span> <span class='ocrx_word' id='word_1_242' title='bbox 3632 1100 3754 1152; x_wconf 86' lang='grc' dir='ltr'>τρι-</span> 
     </span>
    </p>
   </div>
   <div class='ocr_carea' id='block_1_40' title="bbox 2100 1161 3752 1243">
    <p class='ocr_par' dir='ltr' id='par_1_40' title="bbox 2100 1161 3752 1243">
     <span class='ocr_line' id='line_1_40' title="bbox 2100 1161 3752 1243; baseline 0.005 -28"><span class='ocrx_word' id='word_1_243' title='bbox 2100 1161 2181 1215; x_wconf 85' lang='grc' dir='ltr'>σὶν</span> <span class='ocrx_word' id='word_1_244' title='bbox 2241 1161 2525 1236; x_wconf 78' lang='grc' dir='ltr'>ἐνιζομένη</span> <span class='ocrx_word' id='word_1_245' title='bbox 2582 1165 2634 1218; x_wconf 72' lang='grc' dir='ltr'>ἐν</span> <span class='ocrx_word' id='word_1_246' title='bbox 2699 1165 3024 1220; x_wconf 83' lang='grc' dir='ltr'>ὑποστάσεσι</span> <span class='ocrx_word' id='word_1_247' title='bbox 3074 1166 3253 1243; x_wconf 78' lang='grc' dir='ltr'>φύσις,</span> <span class='ocrx_word' id='word_1_248' title='bbox 3309 1167 3597 1243; x_wconf 84' lang='grc' dir='ltr'>ὑπεροὺσιε</span> <span class='ocrx_word' id='word_1_249' title='bbox 3655 1169 3752 1223; x_wconf 81' lang='grc' dir='ltr'>καὶ</span> 
     </span>
    </p>
   </div>
   <div class='ocr_carea' id='block_1_41' title="bbox 2103 1248 3750 1334">
    <p class='ocr_par' dir='ltr' id='par_1_41' title="bbox 2103 1248 3750 1334">
     <span class='ocr_line' id='line_1_41' title="bbox 2103 1248 3750 1334; baseline 0.004 -28"><span class='ocrx_word' id='word_1_250' title='bbox 2103 1248 2347 1327; x_wconf 79' lang='grc' dir='ltr'>ὑπέρθεε,</span> <span class='ocrx_word' id='word_1_251' title='bbox 2380 1252 2455 1316; x_wconf 83' lang='grc' dir='ltr'>εἷς</span> <span class='ocrx_word' id='word_1_252' title='bbox 2486 1256 2541 1308; x_wconf 72' lang='grc' dir='ltr'>σέ</span> <span class='ocrx_word' id='word_1_253' title='bbox 2576 1248 3000 1329; x_wconf 78' lang='grc' dir='ltr'>βεϐαπτίσμεθα,</span> <span class='ocrx_word' id='word_1_254' title='bbox 3030 1257 3120 1310; x_wconf 82' lang='grc' dir='ltr'>καὶ</span> <span class='ocrx_word' id='word_1_255' title='bbox 3182 1256 3239 1311; x_wconf 76' lang='grc' dir='ltr'>σὶ</span> <span class='ocrx_word' id='word_1_256' title='bbox 3297 1255 3630 1334; x_wconf 78' lang='grc' dir='ltr'>εὐλογοῦμεν</span> <span class='ocrx_word' id='word_1_257' title='bbox 3665 1258 3750 1312; x_wconf 82' lang='grc' dir='ltr'>ἀεὶ</span> 
     </span>
    </p>
   </div>
   <div class='ocr_carea' id='block_1_42' title="bbox 2100 1340 2591 1405">
    <p class='ocr_par' dir='ltr' id='par_1_42' title="bbox 2100 1340 2591 1405">
     <span class='ocr_line' id='line_1_42' title="bbox 2100 1340 2591 1405; baseline 0.008 -10"><span class='ocrx_word' id='word_1_258' title='bbox 2100 1340 2176 1403; x_wconf 84' lang='grc' dir='ltr'>εἷς</span> <span class='ocrx_word' id='word_1_259' title='bbox 2207 1342 2334 1403; x_wconf 77' lang='grc' dir='ltr'>τοὺς</span> <span class='ocrx_word' id='word_1_260' title='bbox 2368 1342 2591 1405; x_wconf 68' lang='grc' dir='ltr'>αῗῶνας.</span> 
     </span>
    </p>
   </div>
   <div class='ocr_carea' id='block_1_43' title="bbox 2172 1431 3753 1511">
    <p class='ocr_par' dir='ltr' id='par_1_43' title="bbox 2172 1431 3753 1511">
     <span class='ocr_line' id='line_1_43' title="bbox 2172 1431 3753 1511; baseline 0.002 -23"><span class='ocrx_word' id='word_1_261' title='bbox 2172 1431 2443 1502; x_wconf 83' lang='grc' dir='ltr'>Φωτίζου,</span> <span class='ocrx_word' id='word_1_262' title='bbox 2477 1432 2716 1507; x_wconf 83' lang='grc' dir='ltr'>φωτίζου</span> <span class='ocrx_word' id='word_1_263' title='bbox 2746 1436 2780 1503; x_wconf 84' lang='grc' dir='ltr'><strong>ἡ</strong></span> <span class='ocrx_word' id='word_1_264' title='bbox 2832 1433 2923 1490; x_wconf 80' lang='grc' dir='ltr'>νέα</span> <span class='ocrx_word' id='word_1_265' title='bbox 2978 1435 3366 1510; x_wconf 75' lang='grc' dir='ltr'>Ἰερουσαλήμ·</span> <span class='ocrx_word' id='word_1_266' title='bbox 3416 1439 3451 1505; x_wconf 82' lang='grc' dir='ltr'>ἡ</span> <span class='ocrx_word' id='word_1_267' title='bbox 3483 1436 3583 1511; x_wconf 81' lang='grc' dir='ltr'>γὰρ</span> <span class='ocrx_word' id='word_1_268' title='bbox 3619 1433 3753 1507; x_wconf 89' lang='grc' dir='ltr'>δόξα</span> 
     </span>
    </p>
   </div>
   <div class='ocr_carea' id='block_1_44' title="bbox 2099 1520 3753 1600">
    <p class='ocr_par' dir='ltr' id='par_1_44' title="bbox 2099 1520 3753 1600">
     <span class='ocr_line' id='line_1_44' title="bbox 2099 1520 3753 1600; baseline 0.001 -22"><span class='ocrx_word' id='word_1_269' title='bbox 2099 1522 2301 1597; x_wconf 79' lang='grc' dir='ltr'>Κυρίου</span> <span class='ocrx_word' id='word_1_270' title='bbox 2352 1520 2443 1575; x_wconf 82' lang='grc' dir='ltr'>ἐπὶ</span> <span class='ocrx_word' id='word_1_271' title='bbox 2502 1522 2559 1575; x_wconf 77' lang='grc' dir='ltr'>σὲ</span> <span class='ocrx_word' id='word_1_272' title='bbox 2614 1520 2874 1580; x_wconf 79' lang='grc' dir='ltr'>ἀνέτειλε.</span> <span class='ocrx_word' id='word_1_273' title='bbox 2934 1523 3136 1600; x_wconf 83' lang='grc' dir='ltr'>Χόρευε</span> <span class='ocrx_word' id='word_1_274' title='bbox 3192 1528 3308 1593; x_wconf 89' lang='grc' dir='ltr'>νῦν,</span> <span class='ocrx_word' id='word_1_275' title='bbox 3360 1525 3450 1579; x_wconf 87' lang='lat' dir='ltr'>xui</span> <span class='ocrx_word' id='word_1_276' title='bbox 3503 1525 3753 1600; x_wconf 86' lang='grc' dir='ltr'>ἀγάλλου</span> 
     </span>
    </p>
   </div>
   <div class='ocr_carea' id='block_1_45' title="bbox 2100 1608 3750 1688">
    <p class='ocr_par' dir='ltr' id='par_1_45' title="bbox 2100 1608 3750 1688">
     <span class='ocr_line' id='line_1_45' title="bbox 2100 1608 3750 1688; baseline 0.002 -23"><span class='ocrx_word' id='word_1_277' title='bbox 2100 1611 2267 1665; x_wconf 84' lang='grc' dir='ltr'>Σιών’</span> <span class='ocrx_word' id='word_1_278' title='bbox 2302 1610 2363 1665; x_wconf 80' lang='grc' dir='ltr'>σὺ</span> <span class='ocrx_word' id='word_1_279' title='bbox 2396 1608 2455 1665; x_wconf 73' lang='grc' dir='ltr'>δὲ</span> <span class='ocrx_word' id='word_1_280' title='bbox 2484 1611 2615 1686; x_wconf 78' lang='grc' dir='ltr'>ἀγνή</span> <span class='ocrx_word' id='word_1_281' title='bbox 2641 1612 2842 1687; x_wconf 82' lang='grc' dir='ltr'>τέρπου</span> <span class='ocrx_word' id='word_1_282' title='bbox 2900 1613 3150 1681; x_wconf 87' lang='grc' dir='ltr'>Θεοτόκε,</span> <span class='ocrx_word' id='word_1_283' title='bbox 3182 1611 3235 1666; x_wconf 82' lang='grc' dir='ltr'>ἐν</span> <span class='ocrx_word' id='word_1_284' title='bbox 3291 1617 3358 1687; x_wconf 81' lang='grc' dir='ltr'>τῇ</span> <span class='ocrx_word' id='word_1_285' title='bbox 3411 1612 3618 1688; x_wconf 79' lang='grc' dir='ltr'>ἐγὲρσει</span> <span class='ocrx_word' id='word_1_286' title='bbox 3647 1619 3750 1670; x_wconf 83' lang='grc' dir='ltr'>τοῦ</span> 
     </span>
    </p>
   </div>
   <div class='ocr_carea' id='block_1_46' title="bbox 2022 1702 2412 1800">
    <p class='ocr_par' dir='ltr' id='par_1_46' title="bbox 2022 1702 2412 1800">
     <span class='ocr_line' id='line_1_46' title="bbox 2022 1702 2412 1800; baseline 0.005 -46"><span class='ocrx_word' id='word_1_287' title='bbox 2022 1736 2068 1800; x_wconf 83' lang='grc' dir='ltr'><strong>Β</strong></span> <span class='ocrx_word' id='word_1_288' title='bbox 2098 1702 2262 1755; x_wconf 87' lang='grc' dir='ltr'>τόκου</span> <span class='ocrx_word' id='word_1_289' title='bbox 2295 1722 2412 1757; x_wconf 92' lang='grc' dir='ltr'>σου.</span> 
     </span>
    </p>
   </div>
   <div class='ocr_carea' id='block_1_47' title="bbox 2171 1787 3745 1868">
    <p class='ocr_par' dir='ltr' id='par_1_47' title="bbox 2171 1787 3745 1868">
     <span class='ocr_line' id='line_1_47' title="bbox 2171 1787 3745 1868; baseline 0.002 -25"><span class='ocrx_word' id='word_1_290' title='bbox 2171 1795 2237 1843; x_wconf 88' lang='grc' dir='ltr'>Ὤ</span> <span class='ocrx_word' id='word_1_291' title='bbox 2270 1790 2433 1861; x_wconf 84' lang='grc' dir='ltr'>θείας,</span> <span class='ocrx_word' id='word_1_292' title='bbox 2467 1787 2511 1843; x_wconf 83' lang='grc' dir='ltr'>ὤ</span> <span class='ocrx_word' id='word_1_293' title='bbox 2539 1789 2723 1865; x_wconf 82' lang='grc' dir='ltr'>φίλης,</span> <span class='ocrx_word' id='word_1_294' title='bbox 2776 1788 2819 1844; x_wconf 80' lang='grc' dir='ltr'>ὢ</span> <span class='ocrx_word' id='word_1_295' title='bbox 2865 1789 3204 1864; x_wconf 83' lang='grc' dir='ltr'>γλυκυτάτης</span> <span class='ocrx_word' id='word_1_296' title='bbox 3248 1813 3342 1847; x_wconf 91' lang='grc' dir='ltr'>σου</span> <span class='ocrx_word' id='word_1_297' title='bbox 3382 1798 3588 1868; x_wconf 75' lang='grc' dir='ltr'>φωνῆς·</span> <span class='ocrx_word' id='word_1_298' title='bbox 3628 1794 3745 1865; x_wconf 80' lang='grc' dir='ltr'>μεθ’</span> 
     </span>
    </p>
   </div>
   <div class='ocr_carea' id='block_1_48' title="bbox 2100 1876 3748 1957">
    <p class='ocr_par' dir='ltr' id='par_1_48' title="bbox 2100 1876 3748 1957">
     <span class='ocr_line' id='line_1_48' title="bbox 2100 1876 3748 1957; baseline 0.003 -25"><span class='ocrx_word' id='word_1_299' title='bbox 2100 1881 2260 1952; x_wconf 79' lang='grc' dir='ltr'>ἡμῶν</span> <span class='ocrx_word' id='word_1_300' title='bbox 2284 1876 2528 1952; x_wconf 78' lang='grc' dir='ltr'>ἀψευδῶς</span> <span class='ocrx_word' id='word_1_301' title='bbox 2556 1880 2657 1954; x_wconf 80' lang='grc' dir='ltr'>γὰρ</span> <span class='ocrx_word' id='word_1_302' title='bbox 2696 1878 3013 1955; x_wconf 73' lang='grc' dir='ltr'>ἐπηγγείλω</span> <span class='ocrx_word' id='word_1_303' title='bbox 3068 1877 3276 1935; x_wconf 80' lang='grc' dir='ltr'>ἔσεσθαι</span> <span class='ocrx_word' id='word_1_304' title='bbox 3338 1880 3505 1957; x_wconf 65' lang='grc' dir='ltr'>μέχρι</span> <span class='ocrx_word' id='word_1_305' title='bbox 3535 1883 3748 1955; x_wconf 82' lang='grc' dir='ltr'>τερμά-</span> 
     </span>
    </p>
   </div>
   <div class='ocr_carea' id='block_1_49' title="bbox 2097 1968 3758 2047">
    <p class='ocr_par' dir='ltr' id='par_1_49' title="bbox 2097 1968 3758 2047">
     <span class='ocr_line' id='line_1_49' title="bbox 2097 1968 3758 2047; baseline 0.001 -23"><span class='ocrx_word' id='word_1_306' title='bbox 2097 1990 2204 2024; x_wconf 89' lang='grc' dir='ltr'>των</span> <span class='ocrx_word' id='word_1_307' title='bbox 2240 1970 2461 2037; x_wconf 78' lang='grc' dir='ltr'>αἰῶνας,</span> <span class='ocrx_word' id='word_1_308' title='bbox 2497 1970 2815 2044; x_wconf 74' lang='grc' dir='ltr'>Χριστέ,ἢν</span> <span class='ocrx_word' id='word_1_309' title='bbox 2877 1971 2929 2024; x_wconf 70' lang='grc' dir='ltr'>οἱ</span> <span class='ocrx_word' id='word_1_310' title='bbox 2984 1970 3168 2026; x_wconf 79' lang='grc' dir='ltr'>πιστοὶ</span> <span class='ocrx_word' id='word_1_311' title='bbox 3228 1972 3465 2047; x_wconf 81' lang='grc' dir='ltr'>ἄγκυραν</span> <span class='ocrx_word' id='word_1_312' title='bbox 3524 1968 3758 2036; x_wconf 64' lang='grc' dir='ltr'>ἐλπίδος</span> 
     </span>
    </p>
   </div>
   <div class='ocr_carea' id='block_1_50' title="bbox 2099 2057 2849 2132">
    <p class='ocr_par' dir='ltr' id='par_1_50' title="bbox 2099 2057 2849 2132">
     <span class='ocr_line' id='line_1_50' title="bbox 2099 2057 2849 2132; baseline 0.004 -20"><span class='ocrx_word' id='word_1_313' title='bbox 2099 2057 2441 2132; x_wconf 71' lang='grc' dir='ltr'>κατέχοντες,</span> <span class='ocrx_word' id='word_1_314' title='bbox 2474 2057 2849 2132; x_wconf 81' lang='grc' dir='ltr'>ἀγαλλόμεθα.</span> 
     </span>
    </p>
   </div>
   <div class='ocr_carea' id='block_1_51' title="bbox 2170 2147 3751 2225">
    <p class='ocr_par' dir='ltr' id='par_1_51' title="bbox 2170 2147 3751 2225">
     <span class='ocr_line' id='line_1_51' title="bbox 2170 2147 3751 2225; baseline 0.002 -25"><span class='ocrx_word' id='word_1_315' title='bbox 2170 2154 2232 2201; x_wconf 79' lang='grc' dir='ltr'><strong>Ὠ</strong></span> <span class='ocrx_word' id='word_1_316' title='bbox 2262 2147 2446 2221; x_wconf 87' lang='grc' dir='ltr'>πάσχα</span> <span class='ocrx_word' id='word_1_317' title='bbox 2476 2148 2536 2201; x_wconf 91' lang='grc' dir='ltr'>τὸ</span> <span class='ocrx_word' id='word_1_318' title='bbox 2572 2148 2725 2223; x_wconf 70' lang='grc' dir='ltr'>μέγα,</span> <span class='ocrx_word' id='word_1_319' title='bbox 2758 2148 2848 2203; x_wconf 82' lang='grc' dir='ltr'>καὶ</span> <span class='ocrx_word' id='word_1_320' title='bbox 2880 2149 3174 2223; x_wconf 81' lang='grc' dir='ltr'>ἱερώτατον</span> <span class='ocrx_word' id='word_1_321' title='bbox 3210 2149 3427 2223; x_wconf 77' lang='grc' dir='ltr'>Χριστέ,</span> <span class='ocrx_word' id='word_1_322' title='bbox 3488 2150 3532 2203; x_wconf 81' lang='grc' dir='ltr'><strong>ὦ</strong></span> <span class='ocrx_word' id='word_1_323' title='bbox 3562 2147 3751 2225; x_wconf 83' lang='grc' dir='ltr'>σοφία,</span> 
     </span>
    </p>
   </div>
   <div class='ocr_carea' id='block_1_52' title="bbox 2100 2234 3753 2310">
    <p class='ocr_par' dir='ltr' id='par_1_52' title="bbox 2100 2234 3753 2310">
     <span class='ocr_line' id='line_1_52' title="bbox 2100 2234 3753 2310; baseline 0.002 -21"><span class='ocrx_word' id='word_1_324' title='bbox 2100 2236 2185 2289; x_wconf 84' lang='grc' dir='ltr'>καὶ</span> <span class='ocrx_word' id='word_1_325' title='bbox 2218 2235 2355 2309; x_wconf 81' lang='grc' dir='ltr'>Λόγε</span> <span class='ocrx_word' id='word_1_326' title='bbox 2382 2240 2478 2289; x_wconf 87' lang='grc' dir='ltr'>τοῦ</span> <span class='ocrx_word' id='word_1_327' title='bbox 2509 2240 2663 2305; x_wconf 83' lang='grc' dir='ltr'>Θεοῦ,</span> <span class='ocrx_word' id='word_1_328' title='bbox 2709 2238 2795 2290; x_wconf 80' lang='grc' dir='ltr'>καὶ</span> <span class='ocrx_word' id='word_1_329' title='bbox 2832 2234 3055 2310; x_wconf 80' lang='grc' dir='ltr'>δύναμις</span> <span class='ocrx_word' id='word_1_330' title='bbox 3092 2240 3104 2294; x_wconf 86' lang='lat' dir='ltr'>l</span> <span class='ocrx_word' id='word_1_331' title='bbox 3166 2234 3330 2291; x_wconf 84' lang='grc' dir='ltr'>Δίδου</span> <span class='ocrx_word' id='word_1_332' title='bbox 3389 2240 3527 2310; x_wconf 78' lang='grc' dir='ltr'>ἡμῖν</span> <span class='ocrx_word' id='word_1_333' title='bbox 3585 2236 3753 2293; x_wconf 81' lang='grc' dir='ltr'>ἐκτυ-</span> 
     </span>
    </p>
   </div>
   <div class='ocr_carea' id='block_1_53' title="bbox 2100 2325 3759 2403">
    <p class='ocr_par' dir='ltr' id='par_1_53' title="bbox 2100 2325 3759 2403">
     <span class='ocr_line' id='line_1_53' title="bbox 2100 2325 3759 2403; baseline 0.004 -24"><span class='ocrx_word' id='word_1_334' title='bbox 2100 2326 2341 2399; x_wconf 81' lang='grc' dir='ltr'>πώτερόν</span> <span class='ocrx_word' id='word_1_335' title='bbox 2377 2347 2472 2379; x_wconf 91' lang='grc' dir='ltr'>σου</span> <span class='ocrx_word' id='word_1_336' title='bbox 2508 2331 2820 2401; x_wconf 87' lang='grc' dir='ltr'>μετασχεῖν,</span> <span class='ocrx_word' id='word_1_337' title='bbox 2875 2325 2925 2381; x_wconf 83' lang='grc' dir='ltr'>ἐν</span> <span class='ocrx_word' id='word_1_338' title='bbox 2975 2331 3043 2402; x_wconf 85' lang='grc' dir='ltr'>τῇ</span> <span class='ocrx_word' id='word_1_339' title='bbox 3105 2327 3384 2403; x_wconf 79' lang='grc' dir='ltr'>ἀνεσπὲρῳ</span> <span class='ocrx_word' id='word_1_340' title='bbox 3444 2327 3628 2402; x_wconf 80' lang='grc' dir='ltr'>ἠμὲρᾳ</span> <span class='ocrx_word' id='word_1_341' title='bbox 3655 2334 3759 2397; x_wconf 80' lang='grc' dir='ltr'>τῆς</span> 
     </span>
    </p>
   </div>
   <div class='ocr_carea' id='block_1_54' title="bbox 2106 2411 2525 2489">
    <p class='ocr_par' dir='ltr' id='par_1_54' title="bbox 2106 2411 2525 2489">
     <span class='ocr_line' id='line_1_54' title="bbox 2106 2411 2525 2489; baseline 0.007 -22"><span class='ocrx_word' id='word_1_342' title='bbox 2106 2411 2380 2489; x_wconf 79' lang='grc' dir='ltr'>βασιλείας</span> <span class='ocrx_word' id='word_1_343' title='bbox 2408 2435 2525 2470; x_wconf 89' lang='grc' dir='ltr'>σου.</span> 
     </span>
    </p>
   </div>
   <div class='ocr_carea' id='block_1_55' title="bbox 2730 2579 3124 2634">
    <p class='ocr_par' dir='ltr' id='par_1_55' title="bbox 2730 2579 3124 2634">
     <span class='ocr_line' id='line_1_55' title="bbox 2730 2579 3124 2634; baseline -0.005 -3"><span class='ocrx_word' id='word_1_344' title='bbox 2730 2580 2860 2634; x_wconf 84' lang='grc' dir='ltr'>ΤΟΥ</span> <span class='ocrx_word' id='word_1_345' title='bbox 2898 2579 3124 2633; x_wconf 79' lang='grc' dir='ltr'>ΑΥΤΟΥ</span> 
     </span>
    </p>
   </div>
   <div class='ocr_carea' id='block_1_56' title="bbox 2240 2690 3606 2766">
    <p class='ocr_par' dir='ltr' id='par_1_56' title="bbox 2240 2690 3606 2766">
     <span class='ocr_line' id='line_1_56' title="bbox 2240 2690 3606 2766; baseline -0.002 -18"><span class='ocrx_word' id='word_1_346' title='bbox 2240 2690 2332 2756; x_wconf 75' lang='grc' dir='ltr'>Εἷς</span> <span class='ocrx_word' id='word_1_347' title='bbox 2358 2692 2460 2762; x_wconf 77' lang='grc' dir='ltr'>τὴν</span> <span class='ocrx_word' id='word_1_348' title='bbox 2518 2690 2788 2765; x_wconf 80' lang='grc' dir='ltr'>ἀνάληψιν</span> <span class='ocrx_word' id='word_1_349' title='bbox 2840 2696 2939 2746; x_wconf 89' lang='grc' dir='ltr'>τοῦ</span> <span class='ocrx_word' id='word_1_350' title='bbox 2994 2690 3190 2766; x_wconf 83' lang='grc' dir='ltr'>Κυρίου</span> <span class='ocrx_word' id='word_1_351' title='bbox 3221 2693 3387 2765; x_wconf 76' lang='grc' dir='ltr'>ἡμῶν</span> <span class='ocrx_word' id='word_1_352' title='bbox 3420 2692 3606 2764; x_wconf 83' lang='grc' dir='ltr'>Ἰησοῦ</span> 
     </span>
    </p>
   </div>
   <div class='ocr_carea' id='block_1_57' title="bbox 2780 2767 3044 2840">
    <p class='ocr_par' dir='ltr' id='par_1_57' title="bbox 2780 2767 3044 2840">
     <span class='ocr_line' id='line_1_57' title="bbox 2780 2767 3044 2840; baseline 0 -20"><span class='ocrx_word' id='word_1_353' title='bbox 2780 2767 3044 2840; x_wconf 85' lang='grc' dir='ltr'>Χριστοῦ.</span> 
     </span>
    </p>
   </div>
   <div class='ocr_carea' id='block_1_58' title="bbox 2163 2893 3744 2973">
    <p class='ocr_par' dir='ltr' id='par_1_58' title="bbox 2163 2893 3744 2973">
     <span class='ocr_line' id='line_1_58' title="bbox 2163 2893 3744 2973; baseline 0.001 -22"><span class='ocrx_word' id='word_1_354' title='bbox 2163 2903 2251 2971; x_wconf 77' lang='grc' dir='ltr'><strong>Τῷ</strong></span> <span class='ocrx_word' id='word_1_355' title='bbox 2283 2904 2501 2971; x_wconf 81' lang='grc' dir='ltr'>Σωτῆρι</span> <span class='ocrx_word' id='word_1_356' title='bbox 2535 2896 2670 2970; x_wconf 80' lang='grc' dir='ltr'>Θεῷ,</span> <span class='ocrx_word' id='word_1_357' title='bbox 2702 2902 2780 2970; x_wconf 80' lang='grc' dir='ltr'>τῷ</span> <span class='ocrx_word' id='word_1_358' title='bbox 2811 2898 2861 2952; x_wconf 79' lang='grc' dir='ltr'>ἒν</span> <span class='ocrx_word' id='word_1_359' title='bbox 2897 2897 3139 2972; x_wconf 80' lang='grc' dir='ltr'>θαλάσσῃ</span> <span class='ocrx_word' id='word_1_360' title='bbox 3201 2898 3330 2953; x_wconf 89' lang='grc' dir='ltr'>λαὸν</span> <span class='ocrx_word' id='word_1_361' title='bbox 3383 2896 3545 2953; x_wconf 82' lang='grc' dir='ltr'>ποσὶν</span> <span class='ocrx_word' id='word_1_362' title='bbox 3580 2893 3744 2973; x_wconf 75' lang='grc' dir='ltr'>ἀϐρό-</span> 
     </span>
    </p>
   </div>
   <div class='ocr_carea' id='block_1_59' title="bbox 2096 2987 3746 3064">
    <p class='ocr_par' dir='ltr' id='par_1_59' title="bbox 2096 2987 3746 3064">
     <span class='ocr_line' id='line_1_59' title="bbox 2096 2987 3746 3064; baseline 0.001 -21"><span class='ocrx_word' id='word_1_363' title='bbox 2096 3008 2221 3064; x_wconf 85' lang='grc' dir='ltr'>χοις</span> <span class='ocrx_word' id='word_1_364' title='bbox 2253 2987 2606 3064; x_wconf 78' lang='grc' dir='ltr'>ὁδηγήσαντι,</span> <span class='ocrx_word' id='word_1_365' title='bbox 2637 2990 2727 3044; x_wconf 85' lang='grc' dir='ltr'>καὶ</span> <span class='ocrx_word' id='word_1_366' title='bbox 2771 2990 2974 3064; x_wconf 84' lang='grc' dir='ltr'>Φαραὼ</span> <span class='ocrx_word' id='word_1_367' title='bbox 3026 2994 3361 3064; x_wconf 87' lang='grc' dir='ltr'>πανστρατιᾷ</span> <span class='ocrx_word' id='word_1_368' title='bbox 3420 2990 3746 3045; x_wconf 74' lang='grc' dir='ltr'>καταποντίο</span> 
     </span>
    </p>
   </div>
   <div class='ocr_carea' id='block_1_60' title="bbox 341 3076 1982 3166">
    <p class='ocr_par' dir='ltr' id='par_1_60' title="bbox 341 3080 1981 3152">
     <span class='ocr_line' id='line_1_60' title="bbox 341 3080 1981 3152; baseline 0.001 -16"><span class='ocrx_word' id='word_1_369' title='bbox 341 3081 625 3137; x_wconf 90' lang='lat' dir='ltr'>demersit</span> <span class='ocrx_word' id='word_1_370' title='bbox 659 3098 671 3135; x_wconf 88' lang='lat'><strong>:</strong></span> <span class='ocrx_word' id='word_1_371' title='bbox 700 3080 813 3152; x_wconf 87' lang='lat' dir='ltr'>ipsi</span> <span class='ocrx_word' id='word_1_372' title='bbox 844 3080 953 3135; x_wconf 89' lang='lat' dir='ltr'>soli</span> <span class='ocrx_word' id='word_1_373' title='bbox 984 3096 1287 3148; x_wconf 84' lang='lat' dir='ltr'>canamus,</span> <span class='ocrx_word' id='word_1_374' title='bbox 1343 3081 1626 3152; x_wconf 89' lang='lat' dir='ltr'>quoniam</span> <span class='ocrx_word' id='word_1_375' title='bbox 1682 3080 1981 3152; x_wconf 86' lang='lat' dir='ltr'>gloriﬁca-</span> 
     </span>
    </p>
   </div>
   <div class='ocr_carea' id='block_1_61' title="bbox 2118 3076 3381 3166">
    <p class='ocr_par' dir='ltr' id='par_1_61' title="bbox 2118 3076 3381 3153">
     <span class='ocr_line' id='line_1_61' title="bbox 2118 3076 3381 3153; baseline 0.002 -21"><span class='ocrx_word' id='word_1_376' title='bbox 2118 3100 2266 3150; x_wconf 68' lang='lat' dir='ltr'>ruv&#39;ct,</span> <span class='ocrx_word' id='word_1_377' title='bbox 2296 3078 2440 3152; x_wconf 84' lang='grc' dir='ltr'>αὐτῷ</span> <span class='ocrx_word' id='word_1_378' title='bbox 2471 3080 2621 3153; x_wconf 83' lang='grc' dir='ltr'>μόνῳ</span> <span class='ocrx_word' id='word_1_379' title='bbox 2659 3077 2897 3153; x_wconf 77' lang='grc' dir='ltr'>ᾅσωμεν,</span> <span class='ocrx_word' id='word_1_380' title='bbox 2933 3078 3014 3133; x_wconf 80' lang='grc' dir='ltr'>ὅτι</span> <span class='ocrx_word' id='word_1_381' title='bbox 3048 3076 3381 3149; x_wconf 78' lang='grc' dir='ltr'>δεδόξασται.</span> 
     </span>
    </p>
   </div>
   <div class='ocr_carea' id='block_1_62' title="bbox 342 3176 570 3226">
    <p class='ocr_par' dir='ltr' id='par_1_62' title="bbox 342 3176 570 3226">
     <span class='ocr_line' id='line_1_62' title="bbox 342 3176 570 3226; baseline 0 -1"><span class='ocrx_word' id='word_1_382' title='bbox 342 3176 437 3226; x_wconf 89' lang='lat' dir='ltr'>tus</span> <span class='ocrx_word' id='word_1_383' title='bbox 462 3176 570 3225; x_wconf 87' lang='lat' dir='ltr'>est.</span> 
     </span>
    </p>
   </div>
   <div class='ocr_carea' id='block_1_63' title="bbox 413 3258 1986 3329">
    <p class='ocr_par' dir='ltr' id='par_1_63' title="bbox 413 3258 1986 3329">
     <span class='ocr_line' id='line_1_63' title="bbox 413 3258 1986 3329; baseline 0.001 -16"><span class='ocrx_word' id='word_1_384' title='bbox 413 3261 726 3327; x_wconf 90' lang='lat' dir='ltr'>Canamus,</span> <span class='ocrx_word' id='word_1_385' title='bbox 759 3275 964 3313; x_wconf 91' lang='lat' dir='ltr'>omnes</span> <span class='ocrx_word' id='word_1_386' title='bbox 994 3258 1218 3329; x_wconf 90' lang='lat' dir='ltr'>populi,</span> <span class='ocrx_word' id='word_1_387' title='bbox 1254 3259 1313 3312; x_wconf 91' lang='lat' dir='ltr'>in</span> <span class='ocrx_word' id='word_1_388' title='bbox 1345 3258 1608 3312; x_wconf 90' lang='lat' dir='ltr'>humeris</span> <span class='ocrx_word' id='word_1_389' title='bbox 1668 3258 1986 3314; x_wconf 91' lang='lat' dir='ltr'>Cherubim</span> 
     </span>
    </p>
   </div>
   <div class='ocr_carea' id='block_1_64' title="bbox 342 3346 1986 3418">
    <p class='ocr_par' dir='ltr' id='par_1_64' title="bbox 342 3346 1986 3418">
     <span class='ocr_line' id='line_1_64' title="bbox 342 3346 1986 3418; baseline -0.001 -14"><span class='ocrx_word' id='word_1_390' title='bbox 342 3348 684 3405; x_wconf 87' lang='lat' dir='ltr'>ascendenti</span> <span class='ocrx_word' id='word_1_391' title='bbox 718 3363 851 3401; x_wconf 92' lang='lat' dir='ltr'>cum</span> <span class='ocrx_word' id='word_1_392' title='bbox 891 3347 1077 3418; x_wconf 87' lang='lat' dir='ltr'>gloria</span> <span class='ocrx_word' id='word_1_393' title='bbox 1100 3348 1420 3412; x_wconf 89' lang='lat' dir='ltr'>Christo,et</span> <span class='ocrx_word' id='word_1_394' title='bbox 1448 3346 1762 3401; x_wconf 87' lang='lat' dir='ltr'>collocanti</span> <span class='ocrx_word' id='word_1_395' title='bbox 1794 3366 1903 3403; x_wconf 88' lang='lat' dir='ltr'>nos</span> <span class='ocrx_word' id='word_1_396' title='bbox 1928 3349 1986 3402; x_wconf 91' lang='lat' dir='ltr'>in</span> 
     </span>
    </p>
   </div>
   <div class='ocr_carea' id='block_1_65' title="bbox 344 3436 1987 3508">
    <p class='ocr_par' dir='ltr' id='par_1_65' title="bbox 344 3436 1987 3508">
     <span class='ocr_line' id='line_1_65' title="bbox 344 3436 1987 3508; baseline 0.001 -17"><span class='ocrx_word' id='word_1_397' title='bbox 344 3437 585 3491; x_wconf 82' lang='lat' dir='ltr'>dextera</span> <span class='ocrx_word' id='word_1_398' title='bbox 614 3436 1087 3503; x_wconf 75' lang='lat' dir='ltr'>Patris,victoriaa</span> <span class='ocrx_word' id='word_1_399' title='bbox 1120 3436 1668 3506; x_wconf 88' lang='lat' dir='ltr'>cantum,quoniam</span> <span class='ocrx_word' id='word_1_400' title='bbox 1698 3436 1987 3508; x_wconf 83' lang='lat' dir='ltr'>gloriﬁca-</span> 
     </span>
    </p>
   </div>
   <div class='ocr_carea' id='block_1_66' title="bbox 344 3532 578 3581">
    <p class='ocr_par' dir='ltr' id='par_1_66' title="bbox 344 3532 578 3581">
     <span class='ocr_line' id='line_1_66' title="bbox 344 3532 578 3581; baseline 0.004 -1"><span class='ocrx_word' id='word_1_401' title='bbox 344 3532 439 3580; x_wconf 89' lang='lat' dir='ltr'>tus</span> <span class='ocrx_word' id='word_1_402' title='bbox 472 3532 578 3581; x_wconf 91' lang='lat' dir='ltr'>est.</span> 
     </span>
    </p>
   </div>
   <div class='ocr_carea' id='block_1_67' title="bbox 417 3613 1987 3683">
    <p class='ocr_par' dir='ltr' id='par_1_67' title="bbox 417 3613 1987 3683">
     <span class='ocr_line' id='line_1_67' title="bbox 417 3613 1987 3683; baseline 0.001 -15"><span class='ocrx_word' id='word_1_403' title='bbox 417 3614 797 3669; x_wconf 87' lang='lat' dir='ltr'>Mediatorem</span> <span class='ocrx_word' id='word_1_404' title='bbox 818 3613 921 3669; x_wconf 90' lang='lat' dir='ltr'>Dei</span> <span class='ocrx_word' id='word_1_405' title='bbox 942 3618 999 3667; x_wconf 89' lang='lat' dir='ltr'>et</span> <span class='ocrx_word' id='word_1_406' title='bbox 1027 3614 1337 3669; x_wconf 90' lang='lat' dir='ltr'>hominum</span> <span class='ocrx_word' id='word_1_407' title='bbox 1368 3615 1856 3683; x_wconf 89' lang='lat' dir='ltr'>Christum,chori</span> <span class='ocrx_word' id='word_1_408' title='bbox 1881 3632 1987 3669; x_wconf 87' lang='lat' dir='ltr'>an-</span> 
     </span>
    </p>
   </div>
   <div class='ocr_carea' id='block_1_68' title="bbox 343 3704 1983 3777">
    <p class='ocr_par' dir='ltr' id='par_1_68' title="bbox 343 3704 1983 3777">
     <span class='ocr_line' id='line_1_68' title="bbox 343 3704 1983 3777; baseline -0.001 -18"><span class='ocrx_word' id='word_1_409' title='bbox 343 3704 607 3777; x_wconf 87' lang='lat' dir='ltr'>gelorum</span> <span class='ocrx_word' id='word_1_410' title='bbox 643 3709 976 3776; x_wconf 87' lang='lat' dir='ltr'>spectantes</span> <span class='ocrx_word' id='word_1_411' title='bbox 1008 3720 1141 3758; x_wconf 91' lang='lat' dir='ltr'>cum</span> <span class='ocrx_word' id='word_1_412' title='bbox 1173 3721 1350 3759; x_wconf 87' lang='lat' dir='ltr'>carne</span> <span class='ocrx_word' id='word_1_413' title='bbox 1382 3705 1443 3758; x_wconf 90' lang='lat' dir='ltr'>in</span> <span class='ocrx_word' id='word_1_414' title='bbox 1476 3705 1743 3773; x_wconf 82' lang='lat' dir='ltr'>excelsis,</span> <span class='ocrx_word' id='word_1_415' title='bbox 1778 3705 1983 3759; x_wconf 85' lang='lat' dir='ltr'>obstu-</span> 
     </span>
    </p>
   </div>
   <div class='ocr_carea' id='block_1_69' title="bbox 339 3794 1981 3866">
    <p class='ocr_par' dir='ltr' id='par_1_69' title="bbox 339 3794 1981 3866">
     <span class='ocr_line' id='line_1_69' title="bbox 339 3794 1981 3866; baseline -0.001 -17"><span class='ocrx_word' id='word_1_416' title='bbox 339 3794 680 3866; x_wconf 86' lang='lat' dir='ltr'>pescebant.</span> <span class='ocrx_word' id='word_1_417' title='bbox 698 3796 1107 3849; x_wconf 88' lang='lat' dir='ltr'>Consonanter</span> <span class='ocrx_word' id='word_1_418' title='bbox 1134 3800 1337 3848; x_wconf 89' lang='lat' dir='ltr'>autem</span> <span class='ocrx_word' id='word_1_419' title='bbox 1357 3794 1703 3850; x_wconf 87' lang='lat' dir='ltr'>recinebant</span> <span class='ocrx_word' id='word_1_420' title='bbox 1724 3794 1981 3849; x_wconf 68' lang='lat' dir='ltr'>victoria)</span> 
     </span>
    </p>
   </div>
   <div class='ocr_carea' id='block_1_70' title="bbox 338 3883 1446 3955">
    <p class='ocr_par' dir='ltr' id='par_1_70' title="bbox 338 3883 1446 3955">
     <span class='ocr_line' id='line_1_70' title="bbox 338 3883 1446 3955; baseline -0.001 -16"><span class='ocrx_word' id='word_1_421' title='bbox 338 3891 598 3948; x_wconf 89' lang='lat' dir='ltr'>cantum,</span> <span class='ocrx_word' id='word_1_422' title='bbox 630 3886 910 3954; x_wconf 87' lang='lat' dir='ltr'>quoniam</span> <span class='ocrx_word' id='word_1_423' title='bbox 943 3883 1306 3955; x_wconf 84' lang='lat' dir='ltr'>gloriﬁcatus</span> <span class='ocrx_word' id='word_1_424' title='bbox 1338 3889 1446 3939; x_wconf 85' lang='lat' dir='ltr'>est.</span> 
     </span>
    </p>
   </div>
   <div class='ocr_carea' id='block_1_71' title="bbox 406 3972 1979 4040">
    <p class='ocr_par' dir='ltr' id='par_1_71' title="bbox 406 3972 1979 4040">
     <span class='ocr_line' id='line_1_71' title="bbox 406 3972 1979 4040; baseline 0.001 -14"><span class='ocrx_word' id='word_1_425' title='bbox 406 3973 677 4027; x_wconf 83' lang='lat' dir='ltr'>Potentia</span> <span class='ocrx_word' id='word_1_426' title='bbox 699 3974 889 4027; x_wconf 84' lang='lat' dir='ltr'>crucis</span> <span class='ocrx_word' id='word_1_427' title='bbox 920 3978 1057 4040; x_wconf 64' lang='lat' dir='ltr'>tuae,</span> <span class='ocrx_word' id='word_1_428' title='bbox 1080 3973 1328 4038; x_wconf 87' lang='lat' dir='ltr'>Christe,</span> <span class='ocrx_word' id='word_1_429' title='bbox 1366 3972 1555 4027; x_wconf 86' lang='lat' dir='ltr'>solida</span> <span class='ocrx_word' id='word_1_430' title='bbox 1586 3989 1779 4027; x_wconf 90' lang='lat' dir='ltr'>meam</span> <span class='ocrx_word' id='word_1_431' title='bbox 1808 3990 1979 4027; x_wconf 88' lang='lat' dir='ltr'>men-</span> 
     </span>
    </p>
   </div>
   <div class='ocr_carea' id='block_1_72' title="bbox 334 4061 1977 4133">
    <p class='ocr_par' dir='ltr' id='par_1_72' title="bbox 334 4061 1977 4133">
     <span class='ocr_line' id='line_1_72' title="bbox 334 4061 1977 4133; baseline 0.002 -19"><span class='ocrx_word' id='word_1_432' title='bbox 334 4067 476 4129; x_wconf 88' lang='lat' dir='ltr'>tem,</span> <span class='ocrx_word' id='word_1_433' title='bbox 510 4062 581 4116; x_wconf 87' lang='lat' dir='ltr'>ad</span> <span class='ocrx_word' id='word_1_434' title='bbox 613 4062 949 4117; x_wconf 90' lang='lat' dir='ltr'>canendum</span> <span class='ocrx_word' id='word_1_435' title='bbox 981 4068 1038 4116; x_wconf 91' lang='lat' dir='ltr'>et</span> <span class='ocrx_word' id='word_1_436' title='bbox 1067 4061 1519 4133; x_wconf 83' lang='lat' dir='ltr'>glorificandum</span> <span class='ocrx_word' id='word_1_437' title='bbox 1565 4068 1725 4116; x_wconf 89' lang='lat' dir='ltr'>tuam</span> <span class='ocrx_word' id='word_1_438' title='bbox 1749 4062 1977 4118; x_wconf 88' lang='lat' dir='ltr'>saluta-</span> 
     </span>
    </p>
   </div>
   <div class='ocr_carea' id='block_1_73' title="bbox 334 4152 919 4206">
    <p class='ocr_par' dir='ltr' id='par_1_73' title="bbox 334 4152 919 4206">
     <span class='ocr_line' id='line_1_73' title="bbox 334 4152 919 4206; baseline 0.003 -2"><span class='ocrx_word' id='word_1_439' title='bbox 334 4165 459 4204; x_wconf 84' lang='lat' dir='ltr'>rem</span> <span class='ocrx_word' id='word_1_440' title='bbox 489 4152 919 4206; x_wconf 85' lang='lat' dir='ltr'>ascensionem.</span> 
     </span>
    </p>
   </div>
   <div class='ocr_carea' id='block_1_74' title="bbox 405 4238 1973 4309">
    <p class='ocr_par' dir='ltr' id='par_1_74' title="bbox 405 4238 1973 4309">
     <span class='ocr_line' id='line_1_74' title="bbox 405 4238 1973 4309; baseline 0.002 -16"><span class='ocrx_word' id='word_1_441' title='bbox 405 4238 551 4293; x_wconf 76' lang='lat'>687</span> <span class='ocrx_word' id='word_1_442' title='bbox 591 4238 838 4293; x_wconf 90' lang='lat' dir='ltr'>Ordines</span> <span class='ocrx_word' id='word_1_443' title='bbox 865 4240 1490 4309; x_wconf 80' lang='lat' dir='ltr'>angelorum,Christe,</span> <span class='ocrx_word' id='word_1_444' title='bbox 1517 4240 1828 4295; x_wconf 90' lang='lat' dir='ltr'>mortalem</span> <span class='ocrx_word' id='word_1_445' title='bbox 1859 4258 1973 4296; x_wconf 91' lang='lat' dir='ltr'>na-</span> 
     </span>
    </p>
   </div>
   <div class='ocr_carea' id='block_1_75' title="bbox 334 4330 1972 4399">
    <p class='ocr_par' dir='ltr' id='par_1_75' title="bbox 334 4330 1972 4399">
     <span class='ocr_line' id='line_1_75' title="bbox 334 4330 1972 4399; baseline 0.002 -17"><span class='ocrx_word' id='word_1_446' title='bbox 334 4334 526 4383; x_wconf 89' lang='lat' dir='ltr'>turam</span> <span class='ocrx_word' id='word_1_447' title='bbox 560 4334 1041 4399; x_wconf 86' lang='lat' dir='ltr'>spectantes,una</span> <span class='ocrx_word' id='word_1_448' title='bbox 1070 4330 1499 4385; x_wconf 84' lang='lat' dir='ltr'>ascendentem</span> <span class='ocrx_word' id='word_1_449' title='bbox 1533 4336 1747 4399; x_wconf 85' lang='lat' dir='ltr'>tecum,</span> <span class='ocrx_word' id='word_1_450' title='bbox 1773 4332 1972 4386; x_wconf 88' lang='lat' dir='ltr'>inces-</span> 
     </span>
    </p>
   </div>
   <div class='ocr_carea' id='block_1_76' title="bbox 332 4417 1375 4490">
    <p class='ocr_par' dir='ltr' id='par_1_76' title="bbox 332 4417 1375 4490">
     <span class='ocr_line' id='line_1_76' title="bbox 332 4417 1375 4490; baseline 0 -18"><span class='ocrx_word' id='word_1_451' title='bbox 332 4424 532 4472; x_wconf 87' lang='lat' dir='ltr'>santer</span> <span class='ocrx_word' id='word_1_452' title='bbox 563 4417 912 4472; x_wconf 88' lang='lat' dir='ltr'>admirando</span> <span class='ocrx_word' id='word_1_453' title='bbox 945 4418 1375 4490; x_wconf 83' lang='lat' dir='ltr'>gloriﬁcabant.</span> 
     </span>
    </p>
   </div>
   <div class='ocr_carea' id='block_1_77' title="bbox 2166 3254 3739 3334">
    <p class='ocr_par' dir='ltr' id='par_1_77' title="bbox 2166 3254 3739 3334">
     <span class='ocr_line' id='line_1_77' title="bbox 2166 3254 3739 3334; baseline 0 -23"><span class='ocrx_word' id='word_1_454' title='bbox 2166 3260 2443 3331; x_wconf 70' lang='grc' dir='ltr'>νᾼσωμεν,</span> <span class='ocrx_word' id='word_1_455' title='bbox 2500 3256 2694 3321; x_wconf 87' lang='grc' dir='ltr'>πάντες</span> <span class='ocrx_word' id='word_1_456' title='bbox 2748 3254 2896 3330; x_wconf 80' lang='grc' dir='ltr'>λαοὶ,</span> <span class='ocrx_word' id='word_1_457' title='bbox 2949 3261 3027 3329; x_wconf 83' lang='grc' dir='ltr'>τῷ</span> <span class='ocrx_word' id='word_1_458' title='bbox 3072 3257 3161 3312; x_wconf 79' lang='grc' dir='ltr'>ἐπὶ</span> <span class='ocrx_word' id='word_1_459' title='bbox 3225 3255 3391 3330; x_wconf 79' lang='grc' dir='ltr'>ὥμων</span> <span class='ocrx_word' id='word_1_460' title='bbox 3452 3254 3739 3334; x_wconf 78' lang='grc' dir='ltr'>Χερουϐὶμ</span> 
     </span>
    </p>
   </div>
   <div class='ocr_carea' id='block_1_78' title="bbox 2098 3344 3740 3424">
    <p class='ocr_par' dir='ltr' id='par_1_78' title="bbox 2098 3344 3740 3424">
     <span class='ocr_line' id='line_1_78' title="bbox 2098 3344 3740 3424; baseline 0.001 -24"><span class='ocrx_word' id='word_1_461' title='bbox 2098 3346 2458 3424; x_wconf 75' lang='grc' dir='ltr'>ἀναληφθὲντι</span> <span class='ocrx_word' id='word_1_462' title='bbox 2512 3348 2647 3416; x_wconf 86' lang='grc' dir='ltr'>μετά</span> <span class='ocrx_word' id='word_1_463' title='bbox 2699 3344 2859 3417; x_wconf 83' lang='grc' dir='ltr'>δόξης</span> <span class='ocrx_word' id='word_1_464' title='bbox 2918 3347 3154 3421; x_wconf 78' lang='grc' dir='ltr'>Χριστῷ,</span> <span class='ocrx_word' id='word_1_465' title='bbox 3207 3348 3297 3401; x_wconf 80' lang='grc' dir='ltr'>καὶ</span> <span class='ocrx_word' id='word_1_466' title='bbox 3353 3346 3740 3421; x_wconf 82' lang='grc' dir='ltr'>συγκαθίσαντι</span> 
     </span>
    </p>
   </div>
   <div class='ocr_carea' id='block_1_79' title="bbox 2096 3432 3744 3510">
    <p class='ocr_par' dir='ltr' id='par_1_79' title="bbox 2096 3432 3744 3510">
     <span class='ocr_line' id='line_1_79' title="bbox 2096 3432 3744 3510; baseline 0.002 -23"><span class='ocrx_word' id='word_1_467' title='bbox 2096 3436 2242 3507; x_wconf 77' lang='grc' dir='ltr'>ἡμᾶς</span> <span class='ocrx_word' id='word_1_468' title='bbox 2265 3434 2314 3488; x_wconf 83' lang='grc' dir='ltr'>ἐν</span> <span class='ocrx_word' id='word_1_469' title='bbox 2363 3432 2507 3507; x_wconf 84' lang='grc' dir='ltr'>δεξιᾷ</span> <span class='ocrx_word' id='word_1_470' title='bbox 2551 3440 2648 3490; x_wconf 87' lang='grc' dir='ltr'>τοῦ</span> <span class='ocrx_word' id='word_1_471' title='bbox 2682 3435 2913 3510; x_wconf 85' lang='grc' dir='ltr'>Πατρὸς,</span> <span class='ocrx_word' id='word_1_472' title='bbox 2972 3433 3118 3509; x_wconf 79' lang='grc' dir='ltr'>ᾠδὴν</span> <span class='ocrx_word' id='word_1_473' title='bbox 3179 3434 3463 3506; x_wconf 80' lang='grc' dir='ltr'>ἐπινίκιον,</span> <span class='ocrx_word' id='word_1_474' title='bbox 3522 3435 3604 3491; x_wconf 79' lang='grc' dir='ltr'>ὅτι</span> <span class='ocrx_word' id='word_1_475' title='bbox 3653 3434 3744 3492; x_wconf 86' lang='grc' dir='ltr'>δε-</span> 
     </span>
    </p>
   </div>
   <div class='ocr_carea' id='block_1_80' title="bbox 2097 3520 2365 3593">
    <p class='ocr_par' dir='ltr' id='par_1_80' title="bbox 2097 3520 2365 3593">
     <span class='ocr_line' id='line_1_80' title="bbox 2097 3520 2365 3593; baseline 0.019 -16"><span class='ocrx_word' id='word_1_476' title='bbox 2097 3520 2365 3593; x_wconf 86' lang='grc' dir='ltr'>δόξασται.</span> 
     </span>
    </p>
   </div>
   <div class='ocr_carea' id='block_1_81' title="bbox 2162 3612 3741 3690">
    <p class='ocr_par' dir='ltr' id='par_1_81' title="bbox 2162 3612 3741 3690">
     <span class='ocr_line' id='line_1_81' title="bbox 2162 3612 3741 3690; baseline 0.001 -23"><span class='ocrx_word' id='word_1_477' title='bbox 2162 3614 2260 3667; x_wconf 86' lang='grc' dir='ltr'>Τὸν</span> <span class='ocrx_word' id='word_1_478' title='bbox 2293 3612 2514 3686; x_wconf 79' lang='grc' dir='ltr'>μεσίτην</span> <span class='ocrx_word' id='word_1_479' title='bbox 2577 3618 2709 3669; x_wconf 89' lang='grc' dir='ltr'>Θεοῦ</span> <span class='ocrx_word' id='word_1_480' title='bbox 2758 3613 2848 3668; x_wconf 84' lang='grc' dir='ltr'>καὶ</span> <span class='ocrx_word' id='word_1_481' title='bbox 2906 3614 3201 3688; x_wconf 84' lang='grc' dir='ltr'>ἀνθρώπων</span> <span class='ocrx_word' id='word_1_482' title='bbox 3262 3613 3513 3689; x_wconf 88' lang='grc' dir='ltr'>Χριστὸν,</span> <span class='ocrx_word' id='word_1_483' title='bbox 3572 3614 3741 3690; x_wconf 77' lang='grc' dir='ltr'>χοροὶ</span> 
     </span>
    </p>
   </div>
   <div class='ocr_carea' id='block_1_82' title="bbox 2093 3701 3740 3778">
    <p class='ocr_par' dir='ltr' id='par_1_82' title="bbox 2093 3701 3740 3778">
     <span class='ocr_line' id='line_1_82' title="bbox 2093 3701 3740 3778; baseline 0.001 -22"><span class='ocrx_word' id='word_1_484' title='bbox 2093 3701 2339 3777; x_wconf 71' lang='grc' dir='ltr'>ἀγγέλων</span> <span class='ocrx_word' id='word_1_485' title='bbox 2374 3702 2693 3776; x_wconf 82' lang='grc' dir='ltr'>θεασάμενοι</span> <span class='ocrx_word' id='word_1_486' title='bbox 2755 3703 2887 3776; x_wconf 85' lang='grc' dir='ltr'>μετά</span> <span class='ocrx_word' id='word_1_487' title='bbox 2945 3704 3141 3778; x_wconf 83' lang='grc' dir='ltr'>σαρκὸς</span> <span class='ocrx_word' id='word_1_488' title='bbox 3194 3702 3244 3756; x_wconf 83' lang='grc' dir='ltr'>ἐν</span> <span class='ocrx_word' id='word_1_489' title='bbox 3306 3702 3576 3776; x_wconf 80' lang='grc' dir='ltr'>ὑψίστοις,</span> <span class='ocrx_word' id='word_1_490' title='bbox 3620 3703 3740 3775; x_wconf 79' lang='grc' dir='ltr'>ἐξε-</span> 
     </span>
    </p>
   </div>
   <div class='ocr_carea' id='block_1_83' title="bbox 2090 3790 3740 3870">
    <p class='ocr_par' dir='ltr' id='par_1_83' title="bbox 2090 3790 3740 3870">
     <span class='ocr_line' id='line_1_83' title="bbox 2090 3790 3740 3870; baseline 0 -23"><span class='ocrx_word' id='word_1_491' title='bbox 2090 3791 2419 3863; x_wconf 75' lang='grc' dir='ltr'>πλήττοντο·</span> <span class='ocrx_word' id='word_1_492' title='bbox 2449 3793 2757 3870; x_wconf 63' lang='grc' dir='ltr'>συμφώνως</span> <span class='ocrx_word' id='word_1_493' title='bbox 2786 3790 2842 3847; x_wconf 72' lang='grc' dir='ltr'>δὲ</span> <span class='ocrx_word' id='word_1_494' title='bbox 2882 3792 3189 3865; x_wconf 78' lang='grc' dir='ltr'>ἀνέμελπον</span> <span class='ocrx_word' id='word_1_495' title='bbox 3249 3791 3417 3865; x_wconf 78' lang='grc' dir='ltr'>ὕμνον</span> <span class='ocrx_word' id='word_1_496' title='bbox 3447 3790 3740 3866; x_wconf 80' lang='grc' dir='ltr'>ἐπινίκιον,</span> 
     </span>
    </p>
   </div>
   <div class='ocr_carea' id='block_1_84' title="bbox 2090 3879 2540 3952">
    <p class='ocr_par' dir='ltr' id='par_1_84' title="bbox 2090 3879 2540 3952">
     <span class='ocr_line' id='line_1_84' title="bbox 2090 3879 2540 3952; baseline 0 -16"><span class='ocrx_word' id='word_1_497' title='bbox 2090 3882 2173 3936; x_wconf 80' lang='grc' dir='ltr'>ὅτι</span> <span class='ocrx_word' id='word_1_498' title='bbox 2209 3879 2540 3952; x_wconf 82' lang='grc' dir='ltr'>δεδόξασται.</span> 
     </span>
    </p>
   </div>
   <div class='ocr_carea' id='block_1_85' title="bbox 2162 3967 3730 4047">
    <p class='ocr_par' dir='ltr' id='par_1_85' title="bbox 2162 3967 3730 4047">
     <span class='ocr_line' id='line_1_85' title="bbox 2162 3967 3730 4047; baseline 0.001 -21"><span class='ocrx_word' id='word_1_499' title='bbox 2162 3974 2392 4045; x_wconf 82' lang='grc' dir='ltr'>Δυνάμει</span> <span class='ocrx_word' id='word_1_500' title='bbox 2423 3977 2518 4027; x_wconf 84' lang='grc' dir='ltr'>τοῦ</span> <span class='ocrx_word' id='word_1_501' title='bbox 2563 3976 2792 4045; x_wconf 79' lang='grc' dir='ltr'>σταυροῦ</span> <span class='ocrx_word' id='word_1_502' title='bbox 2823 3994 2939 4040; x_wconf 91' lang='grc' dir='ltr'>σου,</span> <span class='ocrx_word' id='word_1_503' title='bbox 3002 3971 3220 4047; x_wconf 78' lang='grc' dir='ltr'>Χριστὲ,</span> <span class='ocrx_word' id='word_1_504' title='bbox 3284 3967 3581 4046; x_wconf 73' lang='grc' dir='ltr'>στερέωσόν</span> <span class='ocrx_word' id='word_1_505' title='bbox 3623 3993 3730 4045; x_wconf 87' lang='grc' dir='ltr'>μου</span> 
     </span>
    </p>
   </div>
   <div class='ocr_carea' id='block_1_86' title="bbox 2085 4057 3731 4135">
    <p class='ocr_par' dir='ltr' id='par_1_86' title="bbox 2085 4057 3731 4135">
     <span class='ocr_line' id='line_1_86' title="bbox 2085 4057 3731 4135; baseline 0.001 -21"><span class='ocrx_word' id='word_1_506' title='bbox 2085 4064 2183 4131; x_wconf 72' lang='grc' dir='ltr'>τὴν</span> <span class='ocrx_word' id='word_1_507' title='bbox 2220 4059 2481 4131; x_wconf 87' lang='grc' dir='ltr'>διάνοιαν,</span> <span class='ocrx_word' id='word_1_508' title='bbox 2542 4061 2619 4123; x_wconf 73' lang='grc' dir='ltr'>εἷς</span> <span class='ocrx_word' id='word_1_509' title='bbox 2671 4062 2733 4116; x_wconf 88' lang='grc' dir='ltr'>τὸ</span> <span class='ocrx_word' id='word_1_510' title='bbox 2792 4062 2976 4135; x_wconf 84' lang='grc' dir='ltr'>ὑμνεῖν</span> <span class='ocrx_word' id='word_1_511' title='bbox 3030 4059 3121 4115; x_wconf 84' lang='grc' dir='ltr'>καὶ</span> <span class='ocrx_word' id='word_1_512' title='bbox 3180 4057 3416 4130; x_wconf 76' lang='grc' dir='ltr'>δοξάζειν</span> <span class='ocrx_word' id='word_1_513' title='bbox 3478 4081 3573 4115; x_wconf 91' lang='grc' dir='ltr'>σου</span> <span class='ocrx_word' id='word_1_514' title='bbox 3626 4063 3731 4131; x_wconf 69' lang='grc' dir='ltr'>τὴν</span> 
     </span>
    </p>
   </div>
   <div class='ocr_carea' id='block_1_87' title="bbox 2088 4150 2687 4227">
    <p class='ocr_par' dir='ltr' id='par_1_87' title="bbox 2088 4150 2687 4227">
     <span class='ocr_line' id='line_1_87' title="bbox 2088 4150 2687 4227; baseline 0.005 -22"><span class='ocrx_word' id='word_1_515' title='bbox 2088 4154 2355 4227; x_wconf 73' lang='grc' dir='ltr'>σωτήριον</span> <span class='ocrx_word' id='word_1_516' title='bbox 2390 4150 2687 4224; x_wconf 82' lang='grc' dir='ltr'>ἀνάληψιν.</span> 
     </span>
    </p>
   </div>
   <div class='ocr_carea' id='block_1_88' title="bbox 2153 4237 3737 4315">
    <p class='ocr_par' dir='ltr' id='par_1_88' title="bbox 2153 4237 3737 4315">
     <span class='ocr_line' id='line_1_88' title="bbox 2153 4237 3737 4315; baseline -0.003 -18"><span class='ocrx_word' id='word_1_517' title='bbox 2153 4242 2218 4297; x_wconf 76' lang='lat' dir='ltr'>Ai</span> <span class='ocrx_word' id='word_1_518' title='bbox 2274 4240 2447 4313; x_wconf 84' lang='grc' dir='ltr'>τάξεις</span> <span class='ocrx_word' id='word_1_519' title='bbox 2502 4245 2608 4295; x_wconf 78' lang='grc' dir='ltr'>τῶν</span> <span class='ocrx_word' id='word_1_520' title='bbox 2669 4237 2934 4314; x_wconf 70' lang='grc' dir='ltr'>ἀγγέλων,</span> <span class='ocrx_word' id='word_1_521' title='bbox 2993 4239 3208 4313; x_wconf 70' lang='grc' dir='ltr'>Χριστέ,</span> <span class='ocrx_word' id='word_1_522' title='bbox 3274 4237 3519 4313; x_wconf 84' lang='grc' dir='ltr'>βροτείαν</span> <span class='ocrx_word' id='word_1_523' title='bbox 3571 4238 3737 4315; x_wconf 77' lang='grc' dir='ltr'>φύσιν</span> 
     </span>
    </p>
   </div>
   <div class='ocr_carea' id='block_1_89' title="bbox 2083 4325 3731 4403">
    <p class='ocr_par' dir='ltr' id='par_1_89' title="bbox 2083 4325 3731 4403">
     <span class='ocr_line' id='line_1_89' title="bbox 2083 4325 3731 4403; baseline -0.001 -20"><span class='ocrx_word' id='word_1_524' title='bbox 2083 4330 2403 4403; x_wconf 83' lang='grc' dir='ltr'>θεασάμεναι</span> <span class='ocrx_word' id='word_1_525' title='bbox 2436 4329 2779 4384; x_wconf 89' lang='grc' dir='ltr'>συνανιοῦσάν</span> <span class='ocrx_word' id='word_1_526' title='bbox 2812 4349 2896 4383; x_wconf 92' lang='grc' dir='ltr'>σοι</span> <span class='ocrx_word' id='word_1_527' title='bbox 2949 4326 3235 4390; x_wconf 73' lang='grc' dir='ltr'>ἀπαύστως</span> <span class='ocrx_word' id='word_1_528' title='bbox 3260 4325 3731 4401; x_wconf 79' lang='grc' dir='ltr'>ἐκπληττόμεναι,</span> 
     </span>
    </p>
   </div>
   <div class='ocr_carea' id='block_1_90' title="bbox 2081 4416 2354 4489">
    <p class='ocr_par' dir='ltr' id='par_1_90' title="bbox 2081 4416 2354 4489">
     <span class='ocr_line' id='line_1_90' title="bbox 2081 4416 2354 4489; baseline 0.004 -16"><span class='ocrx_word' id='word_1_529' title='bbox 2081 4416 2354 4489; x_wconf 81' lang='grc' dir='ltr'>ἐδόξαζον.</span> 
     </span>
    </p>
   </div>
   <div class='ocr_carea' id='block_1_91' title="bbox 398 4470 1982 4583">
    <p class='ocr_par' dir='ltr' id='par_1_91' title="bbox 398 4506 1962 4577">
     <span class='ocr_line' id='line_1_91' title="bbox 398 4506 1962 4577; baseline 0.001 -16"><span class='ocrx_word' id='word_1_530' title='bbox 398 4506 706 4569; x_wconf 83' lang='lat' dir='ltr'>Exaudivi,</span> <span class='ocrx_word' id='word_1_531' title='bbox 742 4507 1009 4574; x_wconf 90' lang='lat' dir='ltr'>Domine,</span> <span class='ocrx_word' id='word_1_532' title='bbox 1044 4507 1408 4561; x_wconf 86' lang='lat' dir='ltr'>auditionem</span> <span class='ocrx_word' id='word_1_533' title='bbox 1434 4508 1715 4577; x_wconf 63' lang='lat' dir='ltr'>potentia:</span> <span class='ocrx_word' id='word_1_534' title='bbox 1749 4509 1962 4576; x_wconf 89' lang='lat' dir='ltr'>crucis,</span> 
     </span>
    </p>
   </div>
   <div class='ocr_carea' id='block_1_92' title="bbox 2118 4470 3725 4583">
    <p class='ocr_par' dir='ltr' id='par_1_92' title="bbox 2119 4470 3725 4583">
     <span class='ocr_line' id='line_1_92' title="bbox 2119 4470 2354 4489; baseline 0 -16"><span class='ocrx_word' id='word_1_535' title='bbox 2119 4470 2354 4489; x_wconf 31' lang='grc' dir='ltr'>--.νκτη</span> 
     </span>
     <span class='ocr_line' id='line_1_93' title="bbox 2146 4503 3725 4583; baseline -0.001 -20"><span class='ocrx_word' id='word_1_536' title='bbox 2146 4508 2477 4579; x_wconf 76' lang='grc' dir='ltr'>Εἰσακήκοα,</span> <span class='ocrx_word' id='word_1_537' title='bbox 2510 4509 2694 4583; x_wconf 69' lang='grc' dir='ltr'>Κύριε,</span> <span class='ocrx_word' id='word_1_538' title='bbox 2724 4510 2820 4578; x_wconf 80' lang='grc' dir='ltr'>τὴν</span> <span class='ocrx_word' id='word_1_539' title='bbox 2876 4508 3044 4577; x_wconf 81' lang='grc' dir='ltr'>ἀκοὴν</span> <span class='ocrx_word' id='word_1_540' title='bbox 3103 4513 3203 4577; x_wconf 86' lang='grc' dir='ltr'>τῆς</span> <span class='ocrx_word' id='word_1_541' title='bbox 3262 4503 3574 4567; x_wconf 84' lang='grc' dir='ltr'>δυναστείας</span> <span class='ocrx_word' id='word_1_542' title='bbox 3626 4511 3725 4561; x_wconf 87' lang='grc' dir='ltr'>τοῦ</span> 
     </span>
    </p>
   </div>
   <div class='ocr_carea' id='block_1_93' title="bbox 326 4594 1965 4667">
    <p class='ocr_par' dir='ltr' id='par_1_93' title="bbox 326 4594 1965 4667">
     <span class='ocr_line' id='line_1_94' title="bbox 326 4594 1965 4667; baseline 0 -16"><span class='ocrx_word' id='word_1_543' title='bbox 326 4597 483 4667; x_wconf 91' lang='lat' dir='ltr'>quod</span> <span class='ocrx_word' id='word_1_544' title='bbox 512 4594 820 4667; x_wconf 90' lang='lat' dir='ltr'>paradisus</span> <span class='ocrx_word' id='word_1_545' title='bbox 852 4601 1089 4665; x_wconf 83' lang='lat' dir='ltr'>apertus</span> <span class='ocrx_word' id='word_1_546' title='bbox 1118 4595 1192 4648; x_wconf 91' lang='lat' dir='ltr'>sit</span> <span class='ocrx_word' id='word_1_547' title='bbox 1219 4612 1325 4665; x_wconf 88' lang='lat' dir='ltr'>per</span> <span class='ocrx_word' id='word_1_548' title='bbox 1354 4596 1563 4666; x_wconf 87' lang='lat' dir='ltr'>ipsam,</span> <span class='ocrx_word' id='word_1_549' title='bbox 1586 4601 1643 4650; x_wconf 88' lang='lat' dir='ltr'>et</span> <span class='ocrx_word' id='word_1_550' title='bbox 1672 4595 1916 4651; x_wconf 89' lang='lat' dir='ltr'>clamavi</span> <span class='ocrx_word' id='word_1_551' title='bbox 1952 4614 1965 4651; x_wconf 92' lang='lat'>:</span> 
     </span>
    </p>
   </div>
   <div class='ocr_carea' id='block_1_94' title="bbox 324 4684 1289 4758">
    <p class='ocr_par' dir='ltr' id='par_1_94' title="bbox 324 4684 1289 4758">
     <span class='ocr_line' id='line_1_95' title="bbox 324 4684 1289 4758; baseline -0.005 -17"><span class='ocrx_word' id='word_1_552' title='bbox 324 4685 519 4741; x_wconf 88' lang='lat' dir='ltr'>Gloria</span> <span class='ocrx_word' id='word_1_553' title='bbox 541 4684 820 4758; x_wconf 63' lang='lat' dir='ltr'>potentias</span> <span class='ocrx_word' id='word_1_554' title='bbox 855 4690 986 4746; x_wconf 71' lang='lat' dir='ltr'>tum,</span> <span class='ocrx_word' id='word_1_555' title='bbox 1015 4684 1289 4737; x_wconf 90' lang='lat' dir='ltr'>Domine.</span> 
     </span>
    </p>
   </div>
   <div class='ocr_carea' id='block_1_95' title="bbox 391 4772 1965 4847">
    <p class='ocr_par' dir='ltr' id='par_1_95' title="bbox 391 4772 1965 4847">
     <span class='ocr_line' id='line_1_96' title="bbox 391 4772 1965 4847; baseline 0 -16"><span class='ocrx_word' id='word_1_556' title='bbox 391 4780 743 4847; x_wconf 86' lang='lat' dir='ltr'>Assumptus</span> <span class='ocrx_word' id='word_1_557' title='bbox 775 4792 837 4830; x_wconf 87' lang='lat' dir='ltr'>es</span> <span class='ocrx_word' id='word_1_558' title='bbox 864 4776 926 4829; x_wconf 90' lang='lat' dir='ltr'>in</span> <span class='ocrx_word' id='word_1_559' title='bbox 957 4772 1513 4847; x_wconf 85' lang='lat' dir='ltr'>gloria,angelorum</span> <span class='ocrx_word' id='word_1_560' title='bbox 1535 4790 1659 4840; x_wconf 86' lang='lat' dir='ltr'>rex,</span> <span class='ocrx_word' id='word_1_561' title='bbox 1692 4774 1765 4828; x_wconf 90' lang='lat' dir='ltr'>ad</span> <span class='ocrx_word' id='word_1_562' title='bbox 1787 4777 1965 4831; x_wconf 88' lang='lat' dir='ltr'>Para-</span> 
     </span>
    </p>
   </div>
   <div class='ocr_carea' id='block_1_96' title="bbox 320 4863 1960 4933">
    <p class='ocr_par' dir='ltr' id='par_1_96' title="bbox 320 4863 1960 4933">
     <span class='ocr_line' id='line_1_97' title="bbox 320 4863 1960 4933; baseline 0 -12"><span class='ocrx_word' id='word_1_563' title='bbox 320 4866 539 4921; x_wconf 88' lang='lat' dir='ltr'>cletum</span> <span class='ocrx_word' id='word_1_564' title='bbox 598 4866 768 4920; x_wconf 91' lang='lat' dir='ltr'>nobis</span> <span class='ocrx_word' id='word_1_565' title='bbox 800 4882 834 4920; x_wconf 94' lang='lat' dir='ltr'>a</span> <span class='ocrx_word' id='word_1_566' title='bbox 883 4869 1048 4919; x_wconf 83' lang='lat' dir='ltr'>Patre</span> <span class='ocrx_word' id='word_1_567' title='bbox 1081 4863 1458 4933; x_wconf 86' lang='lat' dir='ltr'>mittendum,</span> <span class='ocrx_word' id='word_1_568' title='bbox 1495 4867 1558 4918; x_wconf 86' lang='lat' dir='ltr'>ut</span> <span class='ocrx_word' id='word_1_569' title='bbox 1586 4863 1911 4920; x_wconf 87' lang='lat' dir='ltr'>clamemus</span> <span class='ocrx_word' id='word_1_570' title='bbox 1946 4882 1960 4921; x_wconf 90' lang='lat'><strong>:</strong></span> 
     </span>
    </p>
   </div>
   <div class='ocr_carea' id='block_1_97' title="bbox 319 4953 1282 5025">
    <p class='ocr_par' dir='ltr' id='par_1_97' title="bbox 319 4953 1282 5025">
     <span class='ocr_line' id='line_1_98' title="bbox 319 4953 1282 5025; baseline -0.001 -15"><span class='ocrx_word' id='word_1_571' title='bbox 319 4956 515 5010; x_wconf 88' lang='lat' dir='ltr'>Gloria</span> <span class='ocrx_word' id='word_1_572' title='bbox 544 4956 821 5025; x_wconf 69' lang='lat' dir='ltr'>potentiae</span> <span class='ocrx_word' id='word_1_573' title='bbox 848 4960 981 5021; x_wconf 70' lang='lat' dir='ltr'>tuae,</span> <span class='ocrx_word' id='word_1_574' title='bbox 1014 4953 1282 5009; x_wconf 89' lang='lat' dir='ltr'>Domine.</span> 
     </span>
    </p>
   </div>
   <div class='ocr_carea' id='block_1_98' title="bbox 387 5042 1959 5109">
    <p class='ocr_par' dir='ltr' id='par_1_98' title="bbox 387 5042 1959 5109">
     <span class='ocr_line' id='line_1_99' title="bbox 387 5042 1959 5109; baseline 0.001 -11"><span class='ocrx_word' id='word_1_575' title='bbox 387 5046 459 5099; x_wconf 89' lang='lat' dir='ltr'>Ut</span> <span class='ocrx_word' id='word_1_576' title='bbox 489 5044 755 5098; x_wconf 87' lang='lat' dir='ltr'>ascendit</span> <span class='ocrx_word' id='word_1_577' title='bbox 784 5042 1126 5097; x_wconf 87' lang='lat' dir='ltr'>Salvatorad</span> <span class='ocrx_word' id='word_1_578' title='bbox 1158 5044 1390 5096; x_wconf 87' lang='lat' dir='ltr'>Patrem</span> <span class='ocrx_word' id='word_1_579' title='bbox 1409 5059 1540 5096; x_wconf 91' lang='lat' dir='ltr'>cum</span> <span class='ocrx_word' id='word_1_580' title='bbox 1566 5044 1959 5109; x_wconf 83' lang='lat' dir='ltr'>carne,admi-</span> 
     </span>
    </p>
   </div>
   <div class='ocr_carea' id='block_1_99' title="bbox 312 5132 1955 5204">
    <p class='ocr_par' dir='ltr' id='par_1_99' title="bbox 312 5132 1955 5204">
     <span class='ocr_line' id='line_1_100' title="bbox 312 5132 1955 5204; baseline 0.002 -17"><span class='ocrx_word' id='word_1_581' title='bbox 312 5134 423 5188; x_wconf 90' lang='lat' dir='ltr'>rati</span> <span class='ocrx_word' id='word_1_582' title='bbox 455 5132 806 5202; x_wconf 90' lang='lat' dir='ltr'>suntipsum</span> <span class='ocrx_word' id='word_1_583' title='bbox 820 5132 1168 5204; x_wconf 83' lang='lat' dir='ltr'>angelorum</span> <span class='ocrx_word' id='word_1_584' title='bbox 1200 5132 1577 5199; x_wconf 83' lang='lat' dir='ltr'>exercitus,et</span> <span class='ocrx_word' id='word_1_585' title='bbox 1602 5132 1955 5191; x_wconf 89' lang='lat' dir='ltr'>clamarunt:</span> 
     </span>
    </p>
   </div>
   <div class='ocr_carea' id='block_1_100' title="bbox 313 5222 1284 5293">
    <p class='ocr_par' dir='ltr' id='par_1_100' title="bbox 313 5222 1284 5293">
     <span class='ocr_line' id='line_1_101' title="bbox 313 5222 1284 5293; baseline -0.005 -15"><span class='ocrx_word' id='word_1_586' title='bbox 313 5223 509 5278; x_wconf 86' lang='lat' dir='ltr'>Gloria</span> <span class='ocrx_word' id='word_1_587' title='bbox 534 5222 815 5293; x_wconf 65' lang='lat' dir='ltr'>potentiae</span> <span class='ocrx_word' id='word_1_588' title='bbox 848 5227 981 5289; x_wconf 69' lang='lat' dir='ltr'>tuae,</span> <span class='ocrx_word' id='word_1_589' title='bbox 1018 5222 1284 5276; x_wconf 88' lang='lat' dir='ltr'>Domine.</span> 
     </span>
    </p>
   </div>
   <div class='ocr_carea' id='block_1_101' title="bbox 379 5310 1953 5383">
    <p class='ocr_par' dir='ltr' id='par_1_101' title="bbox 379 5310 1953 5383">
     <span class='ocr_line' id='line_1_102' title="bbox 379 5310 1953 5383; baseline 0.002 -16"><span class='ocrx_word' id='word_1_590' title='bbox 379 5315 657 5383; x_wconf 64' lang='lat' dir='ltr'>Supernae</span> <span class='ocrx_word' id='word_1_591' title='bbox 711 5317 1033 5383; x_wconf 87' lang='lat' dir='ltr'>potestates</span> <span class='ocrx_word' id='word_1_592' title='bbox 1101 5310 1505 5383; x_wconf 87' lang='lat' dir='ltr'>superioribus</span> <span class='ocrx_word' id='word_1_593' title='bbox 1562 5312 1953 5370; x_wconf 86' lang='lat' dir='ltr'>clamabant:</span> 
     </span>
    </p>
   </div>
   <div class='ocr_carea' id='block_1_102' title="bbox 303 5400 1956 5472">
    <p class='ocr_par' dir='ltr' id='par_1_102' title="bbox 303 5400 1956 5472">
     <span class='ocr_line' id='line_1_103' title="bbox 303 5400 1956 5472; baseline 0.001 -14"><span class='ocrx_word' id='word_1_594' title='bbox 303 5405 507 5459; x_wconf 86' lang='lat' dir='ltr'>Portas</span> <span class='ocrx_word' id='word_1_595' title='bbox 539 5401 791 5457; x_wconf 86' lang='lat' dir='ltr'>attollite</span> <span class='ocrx_word' id='word_1_596' title='bbox 821 5401 1049 5455; x_wconf 87' lang='lat' dir='ltr'>Christo</span> <span class='ocrx_word' id='word_1_597' title='bbox 1083 5407 1285 5455; x_wconf 83' lang='lat' dir='ltr'>nostro</span> <span class='ocrx_word' id='word_1_598' title='bbox 1314 5400 1458 5472; x_wconf 87' lang='lat' dir='ltr'>regi,</span> <span class='ocrx_word' id='word_1_599' title='bbox 1478 5417 1656 5471; x_wconf 88' lang='lat' dir='ltr'>quem</span> <span class='ocrx_word' id='word_1_600' title='bbox 1688 5405 1956 5460; x_wconf 90' lang='lat' dir='ltr'>concini-</span> 
     </span>
    </p>
   </div>
   <div class='ocr_carea' id='block_1_103' title="bbox 305 5491 1320 5561">
    <p class='ocr_par' dir='ltr' id='par_1_103' title="bbox 305 5491 1320 5561">
     <span class='ocr_line' id='line_1_104' title="bbox 305 5491 1320 5561; baseline -0.005 -13"><span class='ocrx_word' id='word_1_601' title='bbox 305 5510 438 5549; x_wconf 89' lang='lat' dir='ltr'>mus</span> <span class='ocrx_word' id='word_1_602' title='bbox 468 5510 588 5547; x_wconf 89' lang='lat' dir='ltr'>una</span> <span class='ocrx_word' id='word_1_603' title='bbox 618 5508 751 5547; x_wconf 90' lang='lat' dir='ltr'>cum</span> <span class='ocrx_word' id='word_1_604' title='bbox 784 5494 956 5546; x_wconf 88' lang='lat' dir='ltr'>Patre</span> <span class='ocrx_word' id='word_1_605' title='bbox 990 5496 1047 5544; x_wconf 90' lang='lat' dir='ltr'>et</span> <span class='ocrx_word' id='word_1_606' title='bbox 1078 5491 1320 5561; x_wconf 90' lang='lat' dir='ltr'>Spiritu.</span> 
     </span>
    </p>
   </div>
   <div class='ocr_carea' id='block_1_104' title="bbox 375 5578 1956 5656">
    <p class='ocr_par' dir='ltr' id='par_1_104' title="bbox 375 5578 1956 5656">
     <span class='ocr_line' id='line_1_105' title="bbox 375 5578 1956 5656; baseline 0.001 -18"><span class='ocrx_word' id='word_1_607' title='bbox 375 5581 694 5656; x_wconf 85' lang='lat' dir='ltr'>Vigilantes</span> <span class='ocrx_word' id='word_1_608' title='bbox 718 5582 789 5638; x_wconf 88' lang='lat' dir='ltr'>de</span> <span class='ocrx_word' id='word_1_609' title='bbox 814 5580 1304 5651; x_wconf 86' lang='lat' dir='ltr'>luce,clamamus</span> <span class='ocrx_word' id='word_1_610' title='bbox 1334 5578 1462 5651; x_wconf 85' lang='lat' dir='ltr'>tibi,</span> <span class='ocrx_word' id='word_1_611' title='bbox 1480 5581 1754 5652; x_wconf 87' lang='lat' dir='ltr'>Domine,</span> <span class='ocrx_word' id='word_1_612' title='bbox 1789 5582 1956 5639; x_wconf 84' lang='lat' dir='ltr'>Salva</span> 
     </span>
    </p>
   </div>
   <div class='ocr_carea' id='block_1_105' title="bbox 2078 4587 3728 4672">
    <p class='ocr_par' dir='ltr' id='par_1_105' title="bbox 2078 4587 3728 4672">
     <span class='ocr_line' id='line_1_106' title="bbox 2078 4587 3728 4672; baseline -0.001 -23"><span class='ocrx_word' id='word_1_613' title='bbox 2078 4600 2329 4669; x_wconf 83' lang='grc' dir='ltr'>σταυροῦ,</span> <span class='ocrx_word' id='word_1_614' title='bbox 2365 4596 2437 4657; x_wconf 88' lang='grc' dir='ltr'>ὡς</span> <span class='ocrx_word' id='word_1_615' title='bbox 2470 4594 3020 4672; x_wconf 79' lang='grc' dir='ltr'>παράδεισοςήνοίγει</span> <span class='ocrx_word' id='word_1_616' title='bbox 3054 4592 3124 4649; x_wconf 87' lang='grc' dir='ltr'>δι’</span> <span class='ocrx_word' id='word_1_617' title='bbox 3154 4594 3337 4662; x_wconf 83' lang='grc' dir='ltr'>αὑτοῦ,</span> <span class='ocrx_word' id='word_1_618' title='bbox 3370 4592 3458 4647; x_wconf 87' lang='lat' dir='ltr'>xui</span> <span class='ocrx_word' id='word_1_619' title='bbox 3491 4587 3728 4663; x_wconf 68' lang='grc' dir='ltr'>ἐϐόησα*</span> 
     </span>
    </p>
   </div>
   <div class='ocr_carea' id='block_1_106' title="bbox 2076 4682 2931 4761">
    <p class='ocr_par' dir='ltr' id='par_1_106' title="bbox 2076 4682 2931 4761">
     <span class='ocr_line' id='line_1_107' title="bbox 2076 4682 2931 4761; baseline 0.002 -23"><span class='ocrx_word' id='word_1_620' title='bbox 2076 4685 2210 4757; x_wconf 78' lang='grc' dir='ltr'>Δόξα</span> <span class='ocrx_word' id='word_1_621' title='bbox 2238 4689 2305 4758; x_wconf 81' lang='grc' dir='ltr'>τῇ</span> <span class='ocrx_word' id='word_1_622' title='bbox 2340 4682 2561 4759; x_wconf 74' lang='grc' dir='ltr'>δυνάμει</span> <span class='ocrx_word' id='word_1_623' title='bbox 2595 4707 2711 4756; x_wconf 83' lang='grc' dir='ltr'>σου,</span> <span class='ocrx_word' id='word_1_624' title='bbox 2746 4684 2931 4761; x_wconf 77' lang='grc' dir='ltr'>Κύριε.</span> 
     </span>
    </p>
   </div>
   <div class='ocr_carea' id='block_1_107' title="bbox 2148 4770 3722 4853">
    <p class='ocr_par' dir='ltr' id='par_1_107' title="bbox 2148 4770 3722 4853">
     <span class='ocr_line' id='line_1_108' title="bbox 2148 4770 3722 4853; baseline -0.003 -22"><span class='ocrx_word' id='word_1_625' title='bbox 2148 4774 2487 4853; x_wconf 78' lang='grc' dir='ltr'>’Λνελήφθης</span> <span class='ocrx_word' id='word_1_626' title='bbox 2520 4777 2569 4830; x_wconf 79' lang='grc' dir='ltr'>ἐν</span> <span class='ocrx_word' id='word_1_627' title='bbox 2605 4775 2732 4850; x_wconf 80' lang='grc' dir='ltr'>δόξῃ</span> <span class='ocrx_word' id='word_1_628' title='bbox 2767 4777 2794 4831; x_wconf 90' lang='grc' dir='ltr'>ὁ</span> <span class='ocrx_word' id='word_1_629' title='bbox 2852 4780 2959 4829; x_wconf 81' lang='grc' dir='ltr'>τῶν</span> <span class='ocrx_word' id='word_1_630' title='bbox 3006 4772 3248 4850; x_wconf 69' lang='grc' dir='ltr'>ἀγγέλων</span> <span class='ocrx_word' id='word_1_631' title='bbox 3288 4770 3571 4847; x_wconf 84' lang='grc' dir='ltr'>βασιλεὺς,</span> <span class='ocrx_word' id='word_1_632' title='bbox 3627 4771 3722 4827; x_wconf 84' lang='grc' dir='ltr'>τὸν</span> 
     </span>
    </p>
   </div>
   <div class='ocr_carea' id='block_1_108' title="bbox 2073 4859 3721 4939">
    <p class='ocr_par' dir='ltr' id='par_1_108' title="bbox 2073 4859 3721 4939">
     <span class='ocr_line' id='line_1_109' title="bbox 2073 4859 3721 4939; baseline -0.001 -21"><span class='ocrx_word' id='word_1_633' title='bbox 2073 4864 2431 4937; x_wconf 83' lang='grc' dir='ltr'>Παράκλητον</span> <span class='ocrx_word' id='word_1_634' title='bbox 2484 4868 2620 4938; x_wconf 79' lang='grc' dir='ltr'>ἡμῖν</span> <span class='ocrx_word' id='word_1_635' title='bbox 2680 4864 2739 4920; x_wconf 80' lang='grc' dir='ltr'>ἐκ</span> <span class='ocrx_word' id='word_1_636' title='bbox 2792 4868 2888 4920; x_wconf 87' lang='grc' dir='ltr'>τοῦ</span> <span class='ocrx_word' id='word_1_637' title='bbox 2946 4864 3157 4939; x_wconf 84' lang='grc' dir='ltr'>Πατρὸς</span> <span class='ocrx_word' id='word_1_638' title='bbox 3215 4859 3577 4931; x_wconf 79' lang='grc' dir='ltr'>ἀποστεῖλαι,</span> <span class='ocrx_word' id='word_1_639' title='bbox 3628 4860 3721 4916; x_wconf 72' lang='grc' dir='ltr'>’ίνα</span> 
     </span>
    </p>
   </div>
   <div class='ocr_carea' id='block_1_109' title="bbox 2074 4952 3216 5030">
    <p class='ocr_par' dir='ltr' id='par_1_109' title="bbox 2074 4952 3216 5030">
     <span class='ocr_line' id='line_1_110' title="bbox 2074 4952 3216 5030; baseline 0.002 -21"><span class='ocrx_word' id='word_1_640' title='bbox 2074 4956 2317 5030; x_wconf 81' lang='grc' dir='ltr'>βοῶμεν·</span> <span class='ocrx_word' id='word_1_641' title='bbox 2360 4956 2493 5025; x_wconf 81' lang='grc' dir='ltr'>Δόξα</span> <span class='ocrx_word' id='word_1_642' title='bbox 2521 4958 2589 5029; x_wconf 79' lang='grc' dir='ltr'>τῇ</span> <span class='ocrx_word' id='word_1_643' title='bbox 2623 4952 2847 5027; x_wconf 80' lang='grc' dir='ltr'>δυνάμει</span> <span class='ocrx_word' id='word_1_644' title='bbox 2880 4975 3000 5024; x_wconf 85' lang='grc' dir='ltr'>σου,</span> <span class='ocrx_word' id='word_1_645' title='bbox 3034 4953 3216 5028; x_wconf 73' lang='grc' dir='ltr'>Κύριε.</span> 
     </span>
    </p>
   </div>
   <div class='ocr_carea' id='block_1_110' title="bbox 2138 5038 3714 5119">
    <p class='ocr_par' dir='ltr' id='par_1_110' title="bbox 2138 5038 3714 5119">
     <span class='ocr_line' id='line_1_111' title="bbox 2138 5038 3714 5119; baseline -0.003 -21"><span class='ocrx_word' id='word_1_646' title='bbox 2138 5047 2226 5107; x_wconf 76' lang='grc' dir='ltr'>Ὠς</span> <span class='ocrx_word' id='word_1_647' title='bbox 2259 5046 2483 5115; x_wconf 82' lang='grc' dir='ltr'>ἀνῆλθεν</span> <span class='ocrx_word' id='word_1_648' title='bbox 2518 5046 2545 5099; x_wconf 93' lang='grc' dir='ltr'>ὁ</span> <span class='ocrx_word' id='word_1_649' title='bbox 2579 5046 2773 5119; x_wconf 75' lang='grc' dir='ltr'>Σωτὴρ</span> <span class='ocrx_word' id='word_1_650' title='bbox 2805 5045 2939 5116; x_wconf 84' lang='grc' dir='ltr'>πρὸς</span> <span class='ocrx_word' id='word_1_651' title='bbox 2982 5044 3072 5098; x_wconf 84' lang='grc' dir='ltr'>τὸν</span> <span class='ocrx_word' id='word_1_652' title='bbox 3135 5040 3343 5115; x_wconf 73' lang='grc' dir='ltr'>Πατέρα</span> <span class='ocrx_word' id='word_1_653' title='bbox 3401 5038 3492 5094; x_wconf 78' lang='grc' dir='ltr'>σὺν</span> <span class='ocrx_word' id='word_1_654' title='bbox 3529 5038 3714 5114; x_wconf 82' lang='grc' dir='ltr'>σαρκὶ,</span> 
     </span>
    </p>
   </div>
   <div class='ocr_carea' id='block_1_111' title="bbox 2066 5130 3714 5211">
    <p class='ocr_par' dir='ltr' id='par_1_111' title="bbox 2066 5130 3714 5211">
     <span class='ocr_line' id='line_1_112' title="bbox 2066 5130 3714 5211; baseline -0.005 -19"><span class='ocrx_word' id='word_1_655' title='bbox 2066 5137 2479 5211; x_wconf 87' lang='grc' dir='ltr'>κατεπλάγησαν</span> <span class='ocrx_word' id='word_1_656' title='bbox 2513 5136 2672 5191; x_wconf 80' lang='grc' dir='ltr'>αὑτὸν</span> <span class='ocrx_word' id='word_1_657' title='bbox 2729 5136 2785 5190; x_wconf 76' lang='grc' dir='ltr'>αἱ</span> <span class='ocrx_word' id='word_1_658' title='bbox 2842 5140 2945 5189; x_wconf 80' lang='grc' dir='ltr'>τῶν</span> <span class='ocrx_word' id='word_1_659' title='bbox 2996 5133 3244 5209; x_wconf 63' lang='grc' dir='ltr'>ἀγγέλων</span> <span class='ocrx_word' id='word_1_660' title='bbox 3306 5131 3577 5206; x_wconf 77' lang='grc' dir='ltr'>στρατιαὶ,</span> <span class='ocrx_word' id='word_1_661' title='bbox 3623 5130 3714 5185; x_wconf 88' lang='lat' dir='ltr'>xui</span> 
     </span>
    </p>
   </div>
   <div class='ocr_carea' id='block_1_112' title="bbox 2066 5219 3210 5297">
    <p class='ocr_par' dir='ltr' id='par_1_112' title="bbox 2066 5219 3210 5297">
     <span class='ocr_line' id='line_1_113' title="bbox 2066 5219 3210 5297; baseline -0.003 -19"><span class='ocrx_word' id='word_1_662' title='bbox 2066 5219 2322 5294; x_wconf 74' lang='grc' dir='ltr'>ἐϐόησαν,</span> <span class='ocrx_word' id='word_1_663' title='bbox 2352 5224 2485 5293; x_wconf 86' lang='grc' dir='ltr'>Δόξα</span> <span class='ocrx_word' id='word_1_664' title='bbox 2512 5226 2583 5295; x_wconf 82' lang='grc' dir='ltr'>τῇ</span> <span class='ocrx_word' id='word_1_665' title='bbox 2613 5220 2835 5295; x_wconf 84' lang='grc' dir='ltr'>δυνάμει</span> <span class='ocrx_word' id='word_1_666' title='bbox 2868 5243 2987 5291; x_wconf 92' lang='grc' dir='ltr'>σου,</span> <span class='ocrx_word' id='word_1_667' title='bbox 3028 5222 3210 5297; x_wconf 71' lang='grc' dir='ltr'>Κύριε.</span> 
     </span>
    </p>
   </div>
   <div class='ocr_carea' id='block_1_113' title="bbox 2136 5303 3713 5384">
    <p class='ocr_par' dir='ltr' id='par_1_113' title="bbox 2136 5303 3713 5384">
     <span class='ocr_line' id='line_1_114' title="bbox 2136 5303 3713 5384; baseline -0.004 -17"><span class='ocrx_word' id='word_1_668' title='bbox 2136 5313 2205 5367; x_wconf 76' lang='lat' dir='ltr'>Ai</span> <span class='ocrx_word' id='word_1_669' title='bbox 2233 5317 2340 5366; x_wconf 85' lang='grc' dir='ltr'>τῶν</span> <span class='ocrx_word' id='word_1_670' title='bbox 2376 5311 2483 5366; x_wconf 79' lang='grc' dir='ltr'>ἂνω</span> <span class='ocrx_word' id='word_1_671' title='bbox 2534 5310 2807 5384; x_wconf 86' lang='grc' dir='ltr'>δυνάμεις,</span> <span class='ocrx_word' id='word_1_672' title='bbox 2838 5316 2956 5373; x_wconf 80' lang='grc' dir='ltr'>ταῖς</span> <span class='ocrx_word' id='word_1_673' title='bbox 3016 5310 3315 5383; x_wconf 77' lang='grc' dir='ltr'>ἀνωτὲραις</span> <span class='ocrx_word' id='word_1_674' title='bbox 3370 5303 3565 5362; x_wconf 71' lang='grc' dir='ltr'>ἐϐόων·</span> <span class='ocrx_word' id='word_1_675' title='bbox 3604 5307 3713 5361; x_wconf 74' lang='grc' dir='ltr'>Πύ-</span> 
     </span>
    </p>
   </div>
   <div class='ocr_carea' id='block_1_114' title="bbox 2064 5396 3705 5476">
    <p class='ocr_par' dir='ltr' id='par_1_114' title="bbox 2064 5396 3705 5476">
     <span class='ocr_line' id='line_1_115' title="bbox 2064 5396 3705 5476; baseline -0.005 -19"><span class='ocrx_word' id='word_1_676' title='bbox 2064 5406 2162 5464; x_wconf 84' lang='grc' dir='ltr'>λας</span> <span class='ocrx_word' id='word_1_677' title='bbox 2195 5399 2357 5475; x_wconf 82' lang='grc' dir='ltr'>ἄρατε</span> <span class='ocrx_word' id='word_1_678' title='bbox 2386 5403 2604 5475; x_wconf 70' lang='grc' dir='ltr'>Χριστῷ</span> <span class='ocrx_word' id='word_1_679' title='bbox 2632 5407 2710 5474; x_wconf 82' lang='grc' dir='ltr'>τῷ</span> <span class='ocrx_word' id='word_1_680' title='bbox 2740 5400 2996 5476; x_wconf 74' lang='grc' dir='ltr'>ἡμετέρῳ</span> <span class='ocrx_word' id='word_1_681' title='bbox 3040 5398 3275 5475; x_wconf 86' lang='grc' dir='ltr'>βασιλεῖ,</span> <span class='ocrx_word' id='word_1_682' title='bbox 3318 5397 3375 5452; x_wconf 77' lang='grc' dir='ltr'>ὅν</span> <span class='ocrx_word' id='word_1_683' title='bbox 3433 5396 3705 5470; x_wconf 88' lang='grc' dir='ltr'>ἀνυμνοῦ-</span> 
     </span>
    </p>
   </div>
   <div class='ocr_carea' id='block_1_115' title="bbox 2065 5489 3211 5567">
    <p class='ocr_par' dir='ltr' id='par_1_115' title="bbox 2065 5489 3211 5567">
     <span class='ocr_line' id='line_1_116' title="bbox 2065 5489 3211 5567; baseline 0 -22"><span class='ocrx_word' id='word_1_684' title='bbox 2065 5513 2159 5565; x_wconf 87' lang='grc' dir='ltr'>μεν</span> <span class='ocrx_word' id='word_1_685' title='bbox 2195 5493 2306 5565; x_wconf 79' lang='grc' dir='ltr'>ἅμα</span> <span class='ocrx_word' id='word_1_686' title='bbox 2333 5496 2414 5564; x_wconf 82' lang='grc' dir='ltr'>τῷ</span> <span class='ocrx_word' id='word_1_687' title='bbox 2448 5492 2639 5567; x_wconf 84' lang='grc' dir='ltr'>Πατρὶ,</span> <span class='ocrx_word' id='word_1_688' title='bbox 2674 5492 2761 5547; x_wconf 84' lang='lat' dir='ltr'>xui</span> <span class='ocrx_word' id='word_1_689' title='bbox 2808 5494 2888 5563; x_wconf 79' lang='grc' dir='ltr'>τῷ</span> <span class='ocrx_word' id='word_1_690' title='bbox 2918 5489 3211 5563; x_wconf 83' lang='grc' dir='ltr'>Πνεὺματι.</span> 
     </span>
    </p>
   </div>
   <div class='ocr_carea' id='block_1_116' title="bbox 2134 5578 3708 5657">
    <p class='ocr_par' dir='ltr' id='par_1_116' title="bbox 2134 5578 3708 5657">
     <span class='ocr_line' id='line_1_117' title="bbox 2134 5578 3708 5657; baseline 0.006 -56"><span class='ocrx_word' id='word_1_691' title='bbox 2134 5580 2511 5657; x_wconf 76' lang='grc' dir='ltr'>,Ορθρίζοντες</span> <span class='ocrx_word' id='word_1_692' title='bbox 2568 5579 2783 5656; x_wconf 80' lang='grc' dir='ltr'>βοῶμέν</span> <span class='ocrx_word' id='word_1_693' title='bbox 2859 5600 2946 5635; x_wconf 90' lang='grc' dir='ltr'>σοι</span> <span class='ocrx_word' id='word_1_694' title='bbox 3003 5580 3183 5656; x_wconf 76' lang='grc' dir='ltr'>Κύριε·</span> <span class='ocrx_word' id='word_1_695' title='bbox 3274 5582 3463 5634; x_wconf 81' lang='grc' dir='ltr'>Σῶσον</span> <span class='ocrx_word' id='word_1_696' title='bbox 3539 5578 3708 5650; x_wconf 69' lang='grc' dir='ltr'>ἡμᾶς.</span> 
     </span>
    </p>
   </div>
  </div>
