4042 6154
266 231 382 286 845

1795 235 2150 292 ΟΑΒΜῙΝΔ.

3571 238 3678 293 846

263 353 335 408 σὺ
372 350 475 430 γὰρ
535 351 588 407 εἶ
640 351 768 416 Θεὸς
828 353 1013 426 ἡμῶν,
1072 350 1226 417 ἐκτός
1255 374 1350 408 σου
1384 351 1560 411 ἄλλον
1621 354 1720 410 οὐκ
1772 352 1902 410 οἰδα·

2047 375 2146 414 nos
2172 375 2184 414 ε
2218 363 2279 413 tu
2309 357 2470 414 enim
2500 375 2562 413 es
2595 360 2748 414 Deus
2780 363 3020 427 noster;
3053 363 3217 415 extra
3246 363 3302 415 te
3328 359 3514 416 alium
3555 378 3676 418 non

268 463 370 515 μεν
381 485 394 499 .

338 547 646 624 Πληρώσας
677 545 1012 623 εὐφροσύνης
1054 548 1122 604 τὰ
1152 549 1432 622 σύμπαντα
1488 548 1742 625 ἐλεήμων
1793 555 1914 613 ταῖς

256 634 377 692 ἅνω
418 635 677 710 δυνάμεσι
715 638 850 710 μετά
881 638 1078 712 σαρκὸς
1111 635 1482 710 ἐπεδήμησας.

340 752 620 828 Ἀγγέλων
676 753 732 806 αἱ
790 750 1044 826 δυνάμεις
1101 753 1391 826 αἰρόμενόν
1447 777 1504 810 σε
1561 753 1912 826 ἰδοῦσα,τάς

252 841 463 910 πύλας,
496 841 845 916 ἐκραύγαζον.
880 845 970 913 Τῷ
1004 841 1219 918 βασιλεῖ
1249 845 1407 917 ἡμῶν
1440 841 1620 919 ἄρατε.

327 955 647 1016 Ἐκύκλωσὲ
708 977 773 1030 με
817 951 1073 1031 ἄϐυσσος,
1103 959 1243 1036 ταφή
1309 980 1401 1032 μοι
1458 961 1520 1015 τὸ
1577 967 1744 1030 κῆτος
1797 961 1913 1036 ἐγέ-

250 1068 402 1118 νετο,
443 1045 554 1122 ἐγὼ
586 1044 644 1102 δὲ
673 1043 881 1117 ἐϐόησα
935 1047 1072 1123 πρός
1103 1069 1160 1103 σε
1212 1047 1304 1103 τὸν
1362 1047 1772 1128 φιλάνθρωπον,
1819 1050 1909 1105 καὶ

245 1134 428 1192 ἔσωσὲ
462 1157 529 1211 με
556 1139 592 1207 ἡ
629 1134 775 1207 δεξιά
805 1157 924 1210 σου,
959 1137 1143 1214 Κύριε.

325 1253 683 1328 Ἐσκίρτησαν
739 1253 1040 1309 ἀπόστολοι
1077 1297 1092 1326 ,

236 1433 334 1488 καὶ
365 1428 522 1511 φόϐῳ
554 1429 803 1509 ἔκραζονο
839 1433 976 1504 Δόξα
1005 1437 1073 1507 τῇ
1109 1431 1290 1508 ἀνόδῳ
1321 1456 1440 1494 σου.

318 1550 648 1621 Ἐπέστησαν
685 1551 737 1605 οἱ
784 1549 1006 1628 ἄγγελοι
1072 1550 1328 1626 βοῶντες,
1386 1551 1612 1626 Χριστὶ,
1643 1557 1761 1616 τοῖς
1801 1574 1906 1628 μα-

243 1642 440 1711 θηταῖς
471 1659 589 1695 σου’
613 1642 712 1698 "Ov
737 1640 941 1717 τρόπον
969 1639 1211 1696 κατίδετε
1241 1642 1468 1716 Χριστὸν
1504 1641 1899 1717 ἀνυψούμενον,

239 1730 390 1786 οὕτω
430 1733 585 1806 σαρκί
619 1728 892 1786 ἐλεύσεται
927 1727 1134 1793 δίκαιος
1163 1732 1191 1785 6
1223 1729 1438 1786 πάντων
1465 1733 1681 1808 κριτής.

321 1850 410 1913 Ὠς
440 1845 577 1904 εἶδόν
612 1869 690 1916 σε,
724 1850 918 1923 Σωτὴρ
952 1850 1135 1922 ἡμῶν,
1168 1851 1223 1904 αἱ
1274 1847 1380 1904 ἅνω
1415 1847 1666 1923 δυνάμεις
1697 1847 1750 1905 ἐν
1780 1848 1899 1924 ὐψί·

245 1959 398 2001 στοις
457 1939 742 2012 αἰρόμενον
802 1938 1090 2012 σύσσωμον
1125 1986 1141 2012 ,
1197 1937 1249 1994 ἐν
1310 1934 1467 2015 φόϐῳ
1526 1938 1895 2016 ἐκραυγαζον.

240 2027 501 2102 Μεγάλη,
533 2029 796 2098 Δέσποτα,
827 2030 862 2097 ἡ
895 2027 1282 2106 φιλανθρωπία
1313 2049 1430 2084 σου.

313 2146 378 2202 Ὀ
406 2143 459 2199 ἐν
487 2144 698 2218 καμίνῳ
753 2144 925 2218 πυρὸς
975 2143 1104 2208 τοὺς
1162 2143 1508 2219 ὑμνολόγους
1565 2144 1742 2207 σώσας
1771 2149 1901 2199 παῖ-

240 2231 362 2296 δας’
397 2233 722 2309 Εὐλογητὸς
756 2234 784 2288 6
814 2233 944 2298 Θεὸς
974 2234 1002 2288 6
1031 2237 1140 2289 τῶν
1171 2232 1416 2310 πατέρων
1445 2235 1626 2305 ἡμῶν.

313 2348 436 2404 Ἐπὶ
489 2347 596 2404 τῶν
658 2343 849 2422 ὤμων,
908 2350 1126 2425 Χριστὲ,
1186 2350 1284 2418 τὴν
1342 2347 1709 2420 πλανηθεῖσαν
1761 2351 1894 2426 ἄρας

235 2438 419 2517 φύσιν,
451 2437 786 2515 ἀναληφθεὶς
807 2443 888 2511 τῷ
915 2438 1006 2494 καὶ
1038 2439 1209 2511 Πατρὶ
1239 2440 1604 2515 προσήγαγες.

313 2555 370 2608 Ὀ
427 2553 480 2610 ἐν
538 2553 740 2632 νεφέλῃ
801 2555 981 2628 φωτὸς
1038 2550 1390 2630 ἀναληφθεὶς,
1439 2553 1529 2608 καὶ
1589 2553 1764 2616 σώσας
1795 2552 1896 2609 κό-

240 2662 401 2717 σμον’
429 2643 753 2720 Εὐλογητὸς
780 2643 808 2697 ὁ
839 2643 968 2706 Θεὸς
1001 2644 1028 2698 6
1057 2647 1164 2698 τῶν
1197 2643 1444 2717 πατέρων
1474 2645 1658 2716 ἡμῶν.

317 2760 381 2816 Ὀ
413 2757 644 2814 ἀνελθὼν
703 2759 808 2814 ἀπὸ
837 2765 941 2834 γῆς
971 2761 1108 2835 πρὸς
1164 2759 1256 2814 τὸν
1311 2758 1600 2831 ἀσώματον
1662 2764 1890 2834 Πατέραο

246 2843 566 2921 Εὐλογητὸς
598 2847 624 2900 6
647 2848 775 2909 Θεὸς
809 2847 838 2901 6
867 2851 973 2902 τῶν
1005 2847 1253 2921 πατέρων
1283 2847 1465 2918 ἡμῶν.

314 2961 422 3017 Τὸν
483 2960 541 3016 ἐκ
578 2962 786 3036 Πατρὸς
842 2961 950 3034 πρὸ
1007 2960 1221 3015 αἰώνων
1255 2961 1580 3036 γεννηθέντα
1639 2960 1762 3015 Υἱὸν
1801 2960 1891 3015 καὶ

239 3052 390 3122 Θεὸν,
421 3051 510 3106 καί
569 3051 652 3107 ἐπ’
707 3051 952 3128 ἐσχάτων
1001 3056 1110 3107 τῶν
1157 3051 1374 3127 χρόνων
1435 3052 1798 3126 σαρκωθὲντα,
1833 3050 1892 3106 ἐκ

236 3112 516 3218 Παρόἑνου
568 3112 990 3219 μητρὸςνὶερεῖς
1054 3112 1291 3216 ὑμνῖῖτει
1352 3112 1513 3212 Δαὸς,
1554 3112 1965 3219 ὑπερυψόῦτεϐ

233 3232 313 3294 εἰς
342 3233 550 3295 πάντας
580 3232 708 3294 τοὺς
740 3231 965 3294 αἰῶνας.

306 3350 415 3408 Τὸν
451 3349 502 3404 ἐν
538 3345 657 3403 δυσὶ
686 3353 808 3411 ταῖς
841 3347 1050 3410 οὐσίαις
1079 3347 1385 3403 ἀναπτάντα
1438 3345 1716 3418 ζωοδότην
1760 3348 1894 3423 Χρι-

241 3441 364 3495 στὸν
395 3439 472 3501 εἰς
506 3437 772 3514 οὐρανους
823 3438 960 3512 μετά
1016 3436 1200 3510 δόξης,
1257 3439 1346 3492 καὶ
1407 3437 1577 3513 Πατρὶ
1638 3448 1898 3514 συγκαθε-

248 3529 500 3601 ζόμενον,
529 3529 697 3604 ἱερεῖς
729 3528 961 3601 ὑμνεῖτε·
1004 3528 1169 3601 Λαὸς,
1203 3528 1540 3604 ὑπερυψοῦτε
1587 3525 1664 3590 εἰς
1696 3528 1896 3588 πάντας

250 3620 380 3681 τοὺς
407 3618 630 3680 αἰῶνας.

320 3736 420 3790 Τὸν
455 3734 516 3790 ἐκ
546 3733 796 3797 δουλείας
826 3735 926 3805 τὴν
975 3733 1146 3789 κτίσιν
1191 3736 1298 3787 τῶν
1332 3730 1576 3788 εἰδώλων
1619 3731 1900 3807 λυτρωσά-

253 3845 438 3898 μενον,
471 3825 561 3879 καὶ
593 3826 1014 3897 παραστήσαντα
1073 3821 1271 3892 ταύτην
1332 3820 1610 3896 ἐλευτὲραν
1667 3827 1746 3895 τῷ
1777 3819 1900 3894 ἰδίῳ

247 3914 442 3989 Πατρὶ,
475 3913 637 3988 ἱερεῖς
673 3915 906 3988 ὑμνεῖτε·
967 3913 1138 3986 Λαὸς,
1200 3909 1534 3987 ὑπερυψοῦτε
1565 3910 1640 3974 εἰς
1698 3911 1898 3973 πάντας

250 4002 380 4065 τοὺς
412 4001 636 4066 αἰῶνας.

325 4119 433 4175 Τὸν
460 4121 528 4192 τῇ
560 4119 726 4174 αὐτοῦ
768 4112 1056 4172 καταϐάσει
1105 4114 1402 4172 καθελόντα
1456 4117 1546 4171 τὸν
1606 4112 1899 4170 ἀντίπαλον

251 4208 343 4262 καὶ
401 4211 470 4281 τῇ
528 4206 692 4262 αὐτοῦ
738 4201 986 4262 ἀναϐάσει
1048 4207 1404 4280 ἀνυψώσαντα
1449 4206 1542 4261 τὸν
1602 4204 1901 4282 ἄνθρωπον,

253 4298 444 4372 ἱερεῖς,
497 4297 734 4371 ὑμνεῖται
792 4297 958 4366 Ααὸς,
1017 4295 1354 4372 ὐπερυψοῦτε
1385 4295 1463 4358 εἰς
1521 4294 1718 4357 πάντας
1774 4293 1902 4356 τοὺς

253 4384 478 4446 αἰῶνας.

1168 1257 1401 1331 ὁρῶντες
1462 1257 1746 1332 μετάρσιον
1807 1257 1906 1328 σή-

248 1364 417 1420 μερον
447 1345 542 1400 τὸν
599 1343 820 1414 κτίστην
880 1343 1176 1420 φερόμενον
1214 1343 1398 1401 ἐλπίδι
1445 1350 1542 1401 τοῦ
1598 1346 1906 1421 πνεύματος

2029 447 2323 502 novimus.

2094 563 2354 635 Implens
2405 564 2610 620 laetitia
2648 565 2926 620 universa
2977 565 3357 632 misericors,
3400 568 3674 639 supernis

2022 653 2304 721 potentiis
2335 669 2470 708 cum
2503 670 2678 708 carne
2709 654 3118 725 peregrinatus
3152 671 3232 708 es.

2092 767 2450 840 Angelorum
2483 769 2764 840 potentiae
2798 769 3095 824 sublatum
3130 776 3184 824 te
3215 771 3500 842 videntes,
3530 774 3668 830 Por-

2021 860 2108 910 tas
2129 857 2507 928 (clamabant)
2539 859 2677 930 Regi
2711 866 2912 914 nostro
2940 860 3210 914 attollite.

2091 973 2370 1028 Circuivit
2398 990 2491 1028 me
2524 973 2792 1045 abyssus,
2828 975 3132 1046 sepultura
3159 977 3303 1030 mihi
3328 982 3454 1032 cete
3489 979 3669 1033 exsti-

2020 1060 2125 1116 tit:
2161 1078 2265 1134 ego
2318 1068 2515 1116 autem
2548 1062 2791 1118 clamavi
2841 1063 2914 1118 ad
2965 1070 3020 1118 te
3070 1064 3584 1137 benignissimum,
3615 1073 3674 1123 et

2020 1151 2272 1206 servavit
2296 1167 2391 1206 me
2424 1151 2665 1207 dextera
2697 1158 2816 1218 tua,
2849 1152 3119 1208 Domine.

2088 1267 2391 1322 Saltarunt
2438 1268 2714 1339 apostoli,
2795 1269 3060 1324 videntes
3119 1268 3436 1325 sublimem
3494 1272 3670 1326 hodie

2017 1362 2345 1412 creatorem
2377 1357 2602 1412 latum:
2637 1374 2739 1428 spe
2795 1359 3035 1429 spiritus
3084 1364 3143 1414 et
3190 1359 3400 1415 timore
3452 1360 3674 1418 clama-

2013 1445 2177 1514 bant,
2212 1447 2408 1502 Gloria
2438 1448 2776 1502 ascensioni
2810 1454 2943 1502 tuae.

2083 1563 2417 1618 Astiterunt
2436 1564 2652 1636 angeli,
2685 1563 3034 1628 clamantes,
3067 1563 3315 1628 Christe,
3351 1564 3658 1638 discipulis

2013 1652 2167 1706 tuis:
2201 1653 2709 1717 Quemadmodum
2751 1653 3059 1724 spectastis
3107 1654 3403 1708 Christum
3463 1657 3657 1712 eleva-

1929 1746 1974 1807 Β
2007 1744 2153 1807 tum,
2189 1742 2270 1796 sic
2304 1759 2477 1797 carne
2507 1742 2703 1796 veniet
2724 1742 2924 1813 justus
2946 1743 3438 1814 omniumjudex.

2084 1858 2155 1912 Ut
2183 1857 2456 1913 viderunt
2487 1863 2564 1928 te,
2596 1859 2860 1914 Salvator
2890 1863 3110 1927 noster,
3143 1874 3417 1930 superna)
3449 1865 3661 1931 poten-

2011 1945 2105 2000 tiae
2135 1945 2196 2000 in
2241 1947 2492 2002 excelsis
2542 1947 2840 2002 sublatum
2872 1965 3006 2002 cum
3052 1965 3318 2018 corpore,
3352 1948 3413 2002 in
3446 1948 3658 2005 timore

2009 2035 2384 2092 clamabant:
2414 2039 2641 2110 Magna,
2674 2037 2944 2104 Domine,
2980 2037 3318 2108 benignitas
3351 2045 3468 2093 tua.

2079 2159 2186 2223 Qui
2221 2158 2281 2213 in
2305 2159 2543 2214 fornace
2576 2160 2728 2230 ignis
2759 2164 3093 2216 cantatores
3127 2162 3385 2216 servavit
3415 2178 3660 2233 pueros:

2009 2246 2362 2304 Benedictus
2396 2249 2549 2304 Deus
2580 2254 2815 2320 patrum
2844 2254 3204 2306 nostrorum.

2075 2364 2142 2418 In
2171 2364 2456 2433 humeris,
2486 2365 2737 2430 Christe,
2771 2371 3070 2420 errantem
3104 2366 3324 2421 tollens
3357 2372 3652 2437 naturam,

2005 2458 2345 2524 assumptus
2378 2471 2616 2508 sursum
2649 2500 2663 2523 ,
2698 2455 2816 2508 Deo
2850 2460 2907 2508 et
2939 2454 3096 2508 Patri
3127 2455 3446 2512 adduxisti.

2076 2569 2183 2634 Qui
2217 2570 2277 2624 in
2308 2569 2528 2625 nebula
2559 2570 2804 2625 luminis
2836 2587 2898 2624 es
2929 2576 3292 2640 assumptus,
3327 2577 3384 2625 et
3415 2572 3648 2627 salvasti

2005 2659 2291 2713 mundum
2326 2676 2338 2712 :
2374 2659 2723 2713 Benedictus
2754 2659 2907 2712 Deus
2939 2664 3172 2729 patrum
3217 2665 3575 2716 nostrorum.

2075 2773 2181 2838 Qui
2214 2772 2533 2828 ascendisti
2566 2789 2596 2828 e
2632 2780 2788 2828 terra
2817 2772 2891 2827 ad
2924 2773 3344 2845 incorporeum
3374 2777 3609 2830 Patrem
3636 2792 3649 2830 ε

2004 2862 2354 2916 Benedictus
2386 2864 2540 2917 Deus
2570 2869 2805 2934 patrum
2839 2868 3208 2918 nostrorum.

2072 2979 2153 3033 Ex
2181 2979 2352 3033 Patre
2385 2983 2518 3033 ante
2551 2979 2769 3034 saecula
2799 2984 3004 3033 natum
3027 2979 3240 3034 Filium
3274 2984 3330 3034 et
3362 2981 3568 3048 Deum,
3598 2987 3655 3036 et

2004 3068 2067 3122 in
2099 3067 2325 3122 ultimis
2358 3069 2721 3140 temporibus
2753 3070 3125 3124 incarnatum
3160 3085 3230 3123 ex
3263 3069 3496 3140 Virgine
3527 3086 3655 3124 ma-

2006 3163 2114 3227 tre,
2149 3157 2509 3225 sacerdotes,
2543 3158 2772 3213 canite:
2825 3158 3016 3230 plebs,
3067 3158 3500 3229 superexaltate
3549 3175 3657 3229 per

2005 3247 2207 3302 omnia
2237 3247 2474 3302 saecula.

2072 3364 2138 3417 In
2180 3362 2410 3418 duabus
2461 3363 2805 3419 substantiis
2849 3363 3143 3421 volantem
3209 3367 3340 3421 vitae
3389 3366 3652 3422 datorem

2005 3453 2300 3507 Christum
2335 3453 2393 3507 in
2412 3454 2590 3508 omlos
2607 3471 2741 3508 cum
2772 3454 2959 3524 gloria
2986 3461 3043 3509 et
3068 3472 3201 3510 cum
3234 3457 3405 3510 Patre
3440 3455 3652 3510 seden-

2005 3546 2145 3608 tem,
2179 3541 2534 3608 sacerdotes,
2559 3542 2792 3597 laudate
2821 3560 2833 3610 ;
2862 3542 3050 3614 plebs,
3084 3545 3514 3615 superexaltate
3547 3560 3652 3615 per

2007 3631 2209 3686 omnia
2241 3631 2476 3686 saecula.

2079 3746 2240 3811 Quia
2262 3747 2539 3800 servitute
2572 3745 2867 3800 idolorum
2896 3753 3222 3801 creaturam
3260 3746 3443 3801 salvat
3466 3752 3523 3801 et
3552 3765 3658 3816 po-

2007 3835 2096 3888 nit
2125 3836 2313 3906 ipsam
2342 3835 2590 3890 liberam
2637 3835 2793 3906 apud
2833 3837 3136 3907 proprium
3190 3838 3446 3903 Patrem,
3500 3835 3659 3891 hunc

2009 3925 2344 3979 sacerdotes
2363 3925 2627 3990 laudate,
2658 3923 2846 3996 plebs,
2875 3925 3305 3997 superexaltate
3327 3941 3434 3997 per
3456 3926 3661 3981 omnia

2011 4013 2246 4068 saecula.

2083 4122 2196 4176 Sua
2228 4121 2414 4192 ipsius
2447 4120 2834 4176 descensione
2865 4121 2964 4191 qui
3011 4119 3209 4175 obruit
3241 4121 3572 4188 inimicum,
3607 4128 3665 4178 et

2011 4211 2164 4266 688
2189 4228 2294 4266 sua
2325 4211 2512 4282 ipsius
2533 4211 2881 4266 ascensione
2907 4210 3004 4280 qui
3031 4210 3305 4265 exultavit
3335 4211 3661 4283 hominem,

2012 4302 2192 4368 hunc,
2236 4299 2592 4366 sacerdotes,
2653 4299 2932 4366 laudate;
2992 4299 3181 4370 plebs,
3233 4301 3664 4372 superexaltate

2015 4405 2122 4461 per
2155 4390 2357 4444 omnia
2388 4388 2623 4443 saecula.

330 4501 402 4555 Σὶ
427 4500 528 4569 τήν
563 4500 694 4569 ὑπὲρ
726 4503 855 4555 νοῦν
893 4499 983 4554 καὶ
1043 4496 1206 4574 λόγον
1261 4497 1483 4574 Μητέρα
1541 4502 1700 4572 Θεοῦ,
1725 4498 1826 4568 τὴν
1855 4497 1902 4553 ἐν

2089 4507 2163 4560 Te
2197 4521 2374 4576 supra
2402 4509 2664 4559 mentem
2697 4509 2752 4558 et
2784 4504 3077 4560 rationem
3110 4506 3350 4561 Matrem
3387 4505 3508 4575 Dei,
3533 4522 3664 4576 quas

259 4589 445 4665 χρόνῳ
495 4589 586 4642 τὸν
648 4587 884 4664 ἄχρονον
941 4586 1224 4666 ἀφράστως
1279 4590 1571 4658 κυήσασαν,
1632 4588 1683 4642 οἱ
1723 4585 1906 4643 πιστοὶ

260 4677 587 4756 ὁμοφρόνως
619 4678 888 4754 μεγαλύνο
899 4699 1014 4751 μεν.

331 4797 402 4849 Σὲ
432 4795 522 4850 τὸν
557 4793 843 4868 λυτρωτὴν
873 4797 969 4848 τοῦ
1000 4794 1211 4866 κόσμου
1259 4793 1489 4865 Χριστὸν
1533 4793 1627 4848 τὸν
1675 4795 1805 4849 Θεὸν
1856 4795 1908 4849 οἱ

255 4883 554 4939 ἀπόστολοι
616 4883 912 4960 βλέποντες
971 4882 1166 4948 ἐνθέως
1224 4881 1549 4956 ὑψούμενον,
1589 4884 1724 4956 μετὰ
1755 4881 1909 4946 δέους

256 4976 604 5047 σκιρτῶντες,
640 4968 909 5048 μεγαλύνο
918 4992 1035 5046 μεν.

337 5089 409 5142 Σὶ
436 5087 529 5142 τὸν
556 5082 862 5142 καταϐάντα
889 5086 995 5149 ’ὲως
1043 5085 1276 5163 ἐσχάτου
1332 5094 1433 5156 τῆς
1490 5093 1615 5162 γῆς,
1671 5087 1757 5141 καὶ
1815 5085 1907 5141 τὸν

258 5174 552 5252 ἄνθρωπον
611 5176 902 5247 σώσαντα,
953 5177 1044 5230 καὶ
1103 5179 1170 5250 τῇ
1229 5170 1483 5231 ἀναϐάσει
1545 5195 1640 5230 σου
1699 5175 1910 5250 ἀνυψώ-

263 5286 431 5322 σαντα
448 5269 638 5321 τοῦτον
674 5265 946 5341 μεγαλύνο
955 5285 1071 5339 μεν.

332 5384 523 5456 Χαῖρε,
557 5381 807 5448 Θεοτόκε,
856 5389 1026 5457 μῆτερ
1084 5383 1317 5456 Χριστοῦ
1364 5385 1461 5438 τοῦ
1517 5387 1670 5440 Θεοῦ⁶
1722 5385 1780 5439 ’ὸν
1808 5385 1910 5460 γὰρ

257 5470 490 5544 ἰκύησας
524 5473 763 5548 σήμερον
791 5465 853 5526 ἔκ
898 5479 1002 5548 γῆς
1061 5471 1450 5546 ἀνιπτάμενον,
1507 5471 1597 5528 σὺν
1657 5470 1912 5551 ἀγγέλοις

260 5561 448 5636 ὁρῶσα
479 5558 832 5635 ἰμεγᾶλυνας.

2017 4596 2081 4650 in
2113 4600 2374 4667 tempore
2407 4593 2690 4665 temporis
2723 4599 3017 4648 exsortem
3067 4594 3450 4649 inefl‘abiliter
3498 4594 3671 4648 enixa

2018 4701 2100 4751 es,
2133 4684 2338 4738 fideles
2372 4683 2736 4737 unanimiter
2765 4683 3234 4755 magnificamus.

2087 4801 2161 4853 Te
2196 4799 2545 4853 salvatorem
2571 4797 2780 4852 mundi
2829 4798 3126 4852 Christum
3178 4799 3361 4852 Deum
3411 4797 3666 4868 apostoli

2017 4887 2281 4941 videntes
2315 4885 2595 4939 divinitus
2648 4885 2990 4954 exaltatum,
3024 4900 3159 4940 cum
3211 4885 3419 4939 timore
3475 4885 3674 4940 exsul-

2020 4981 2231 5039 tantes,
2268 4975 2742 5046 magniﬁcamus.

2089 5096 2166 5146 Te
2199 5089 2660 5145 descendentem
2711 5105 2900 5160 usque
2951 5088 3023 5143 ad
3073 5093 3336 5144 extrema
3390 5095 3583 5154 terrae,
3617 5096 3675 5146 et

2019 5181 2325 5236 hominem
2357 5178 2700 5246 salvantem,
2739 5184 2797 5233 et
2827 5178 3174 5234 ascensione
3208 5183 3308 5235 tua
3336 5177 3674 5251 superexal-

2023 5277 2246 5327 tantem
2280 5270 2458 5336 hunc,
2491 5269 2966 5340 magniﬁcamus.

2094 5391 2232 5453 Ave,
2264 5386 2516 5457 Deipara
2544 5390 2734 5439 mater
2764 5383 2977 5438 Christi
3003 5384 3104 5438 Dei
3133 5400 3145 5436 :
3181 5401 3357 5454 quem
3389 5384 3546 5440 enim
3571 5400 3678 5456 pe-

2024 5477 2254 5550 peristi,
2288 5475 2465 5530 hodie
2499 5491 2569 5528 ex
2600 5479 2759 5529 terra
2808 5473 3286 5545 supravolantem
3333 5491 3470 5530 cum
3499 5489 3680 5545 ange-

2023 5567 2099 5622 lis
2131 5566 2356 5636 videns,
2387 5563 2804 5636 magniﬁcasti.
