  <div class='ocr_page' id='page_1' title='image "/cluster/home/n/w/nwhite01/storage/ocr_20150623/96/mdp.39015008972211/435.png"; bbox 0 0 4042 6154; ppageno 0'>
   <div class='ocr_carea' id='block_1_1' title="bbox 345 263 453 320">
    <p class='ocr_par' dir='ltr' id='par_1_1' title="bbox 345 263 453 320">
     <span class='ocr_line' id='line_1_1' title="bbox 345 263 453 320; baseline -0.028 0"><span class='ocrx_word' id='word_1_1' title='bbox 345 263 453 320; x_wconf 72' lang='grc'><strong>847</strong></span> 
     </span>
    </p>
   </div>
   <div class='ocr_carea' id='block_1_2' title="bbox 1006 381 1333 439">
    <p class='ocr_par' dir='ltr' id='par_1_2' title="bbox 1006 381 1333 439">
     <span class='ocr_line' id='line_1_2' title="bbox 1006 381 1333 439; baseline -0.006 0"><span class='ocrx_word' id='word_1_2' title='bbox 1006 381 1333 439; x_wconf 70' lang='lat' dir='ltr'><strong>EIUSDEM</strong></span> 
     </span>
    </p>
   </div>
   <div class='ocr_carea' id='block_1_3' title="bbox 422 544 1919 626">
    <p class='ocr_par' dir='ltr' id='par_1_3' title="bbox 422 544 1919 626">
     <span class='ocr_line' id='line_1_3' title="bbox 422 544 1919 626; baseline -0.009 -13"><span class='ocrx_word' id='word_1_3' title='bbox 422 559 482 614; x_wconf 83' lang='lat' dir='ltr'><strong>In</strong></span> <span class='ocrx_word' id='word_1_4' title='bbox 514 555 1059 626; x_wconf 75' lang='lat' dir='ltr'><strong>transﬁgurationem</strong></span> <span class='ocrx_word' id='word_1_5' title='bbox 1088 551 1308 606; x_wconf 79' lang='lat' dir='ltr'><strong><em>Domini</em></strong></span> <span class='ocrx_word' id='word_1_6' title='bbox 1334 549 1513 605; x_wconf 78' lang='lat' dir='ltr'><strong>nostri</strong></span> <span class='ocrx_word' id='word_1_7' title='bbox 1540 549 1666 603; x_wconf 77' lang='lat' dir='ltr'><strong>Iesu</strong></span> <span class='ocrx_word' id='word_1_8' title='bbox 1696 544 1919 604; x_wconf 79' lang='lat' dir='ltr'><strong>Christi.</strong></span> 
     </span>
    </p>
   </div>
   <div class='ocr_carea' id='block_1_4' title="bbox 991 803 1342 862">
    <p class='ocr_par' dir='ltr' id='par_1_4' title="bbox 991 803 1342 862">
     <span class='ocr_line' id='line_1_4' title="bbox 991 803 1342 862; baseline -0.017 0"><span class='ocrx_word' id='word_1_9' title='bbox 991 803 1342 862; x_wconf 80' lang='lat' dir='ltr'><strong>Acrostichis.</strong></span> 
     </span>
    </p>
   </div>
   <div class='ocr_carea' id='block_1_5' title="bbox 414 955 1565 1033">
    <p class='ocr_par' dir='ltr' id='par_1_5' title="bbox 414 955 1565 1033">
     <span class='ocr_line' id='line_1_5' title="bbox 414 955 1565 1033; baseline -0.006 -17"><span class='ocrx_word' id='word_1_10' title='bbox 414 961 639 1033; x_wconf 82' lang='lat' dir='ltr'><strong>Moyses</strong></span> <span class='ocrx_word' id='word_1_11' title='bbox 671 961 771 1016; x_wconf 88' lang='lat' dir='ltr'><strong>Dei</strong></span> <span class='ocrx_word' id='word_1_12' title='bbox 804 960 1017 1017; x_wconf 82' lang='lat' dir='ltr'>faciem</span> <span class='ocrx_word' id='word_1_13' title='bbox 1047 959 1111 1013; x_wconf 92' lang='lat' dir='ltr'><strong>in</strong></span> <span class='ocrx_word' id='word_1_14' title='bbox 1140 957 1371 1013; x_wconf 89' lang='lat' dir='ltr'><strong>Thabor</strong></span> <span class='ocrx_word' id='word_1_15' title='bbox 1403 955 1565 1010; x_wconf 87' lang='lat' dir='ltr'><strong>vidit.</strong></span> 
     </span>
    </p>
   </div>
   <div class='ocr_carea' id='block_1_6' title="bbox 416 1042 1994 1124">
    <p class='ocr_par' dir='ltr' id='par_1_6' title="bbox 416 1042 1994 1124">
     <span class='ocr_line' id='line_1_6' title="bbox 416 1042 1994 1124; baseline -0.008 -17"><span class='ocrx_word' id='word_1_16' title='bbox 416 1053 642 1124; x_wconf 83' lang='lat' dir='ltr'><strong>Moyses</strong></span> <span class='ocrx_word' id='word_1_17' title='bbox 691 1053 754 1107; x_wconf 92' lang='lat' dir='ltr'><strong>in</strong></span> <span class='ocrx_word' id='word_1_18' title='bbox 797 1052 946 1107; x_wconf 89' lang='lat' dir='ltr'><strong>mari</strong></span> <span class='ocrx_word' id='word_1_19' title='bbox 995 1049 1338 1122; x_wconf 78' lang='lat' dir='ltr'><strong>prophetica</strong></span> <span class='ocrx_word' id='word_1_20' title='bbox 1386 1045 1762 1116; x_wconf 83' lang='lat' dir='ltr'><strong>conspicatus</strong></span> <span class='ocrx_word' id='word_1_21' title='bbox 1795 1042 1857 1096; x_wconf 92' lang='lat' dir='ltr'><strong>in</strong></span> <span class='ocrx_word' id='word_1_22' title='bbox 1886 1056 1994 1096; x_wconf 82' lang='lat' dir='ltr'><strong>ne—</strong></span> 
     </span>
    </p>
   </div>
   <div class='ocr_carea' id='block_1_7' title="bbox 342 1132 1991 1210">
    <p class='ocr_par' dir='ltr' id='par_1_7' title="bbox 342 1132 1991 1210">
     <span class='ocr_line' id='line_1_7' title="bbox 342 1132 1991 1210; baseline -0.006 -15"><span class='ocrx_word' id='word_1_23' title='bbox 342 1139 505 1210; x_wconf 87' lang='lat' dir='ltr'><strong>bula,</strong></span> <span class='ocrx_word' id='word_1_24' title='bbox 545 1146 604 1196; x_wconf 85' lang='lat' dir='ltr'><strong>et</strong></span> <span class='ocrx_word' id='word_1_25' title='bbox 631 1142 693 1196; x_wconf 90' lang='lat' dir='ltr'><strong>in</strong></span> <span class='ocrx_word' id='word_1_26' title='bbox 724 1134 1001 1197; x_wconf 81' lang='lat' dir='ltr'><strong>columna</strong></span> <span class='ocrx_word' id='word_1_27' title='bbox 1049 1139 1191 1195; x_wconf 89' lang='lat' dir='ltr'><strong>olim</strong></span> <span class='ocrx_word' id='word_1_28' title='bbox 1238 1138 1394 1210; x_wconf 82' lang='lat' dir='ltr'>ignis</span> <span class='ocrx_word' id='word_1_29' title='bbox 1438 1135 1686 1209; x_wconf 82' lang='lat' dir='ltr'><strong>gloriam</strong></span> <span class='ocrx_word' id='word_1_30' title='bbox 1735 1132 1991 1197; x_wconf 85' lang='lat' dir='ltr'><strong>Domini,</strong></span> 
     </span>
    </p>
   </div>
   <div class='ocr_carea' id='block_1_8' title="bbox 345 1229 1988 1302">
    <p class='ocr_par' dir='ltr' id='par_1_8' title="bbox 345 1229 1988 1302">
     <span class='ocr_line' id='line_1_8' title="bbox 345 1229 1988 1302; baseline -0.005 -16"><span class='ocrx_word' id='word_1_31' title='bbox 345 1230 751 1287; x_wconf 77' lang='lat' dir='ltr'><strong>exclamabat:</strong></span> <span class='ocrx_word' id='word_1_32' title='bbox 779 1229 1156 1302; x_wconf 82' lang='lat' dir='ltr'><strong>Redemptori</strong></span> <span class='ocrx_word' id='word_1_33' title='bbox 1185 1233 1242 1283; x_wconf 89' lang='lat' dir='ltr'><strong>et</strong></span> <span class='ocrx_word' id='word_1_34' title='bbox 1291 1229 1406 1282; x_wconf 90' lang='lat' dir='ltr'><strong>Deo</strong></span> <span class='ocrx_word' id='word_1_35' title='bbox 1452 1230 1654 1281; x_wconf 87' lang='lat' dir='ltr'><strong>nostro</strong></span> <span class='ocrx_word' id='word_1_36' title='bbox 1685 1238 1988 1279; x_wconf 82' lang='lat' dir='ltr'><strong>canamus.</strong></span> 
     </span>
    </p>
   </div>
   <div class='ocr_carea' id='block_1_9' title="bbox 416 1311 1990 1392">
    <p class='ocr_par' dir='ltr' id='par_1_9' title="bbox 416 1311 1990 1392">
     <span class='ocr_line' id='line_1_9' title="bbox 416 1311 1990 1392; baseline -0.008 -16"><span class='ocrx_word' id='word_1_37' title='bbox 416 1321 488 1376; x_wconf 90' lang='lat' dir='ltr'><strong>Ut</strong></span> <span class='ocrx_word' id='word_1_38' title='bbox 506 1326 673 1392; x_wconf 86' lang='lat' dir='ltr'><strong>petra</strong></span> <span class='ocrx_word' id='word_1_39' title='bbox 703 1336 946 1392; x_wconf 90' lang='lat' dir='ltr'><strong>corpore</strong></span> <span class='ocrx_word' id='word_1_40' title='bbox 977 1323 1278 1391; x_wconf 89' lang='lat' dir='ltr'><strong>protectus</strong></span> <span class='ocrx_word' id='word_1_41' title='bbox 1311 1316 1606 1383; x_wconf 85' lang='lat' dir='ltr'><strong>deiﬁcato,</strong></span> <span class='ocrx_word' id='word_1_42' title='bbox 1633 1311 1990 1369; x_wconf 88' lang='lat' dir='ltr'><strong>invisibilem</strong></span> 
     </span>
    </p>
   </div>
   <div class='ocr_carea' id='block_1_10' title="bbox 342 1402 1991 1483">
    <p class='ocr_par' dir='ltr' id='par_1_10' title="bbox 342 1402 1991 1483">
     <span class='ocr_line' id='line_1_10' title="bbox 342 1402 1991 1483; baseline -0.005 -19"><span class='ocrx_word' id='word_1_43' title='bbox 342 1410 583 1466; x_wconf 87' lang='lat' dir='ltr'><strong>intuens</strong></span> <span class='ocrx_word' id='word_1_44' title='bbox 606 1412 832 1483; x_wconf 86' lang='lat' dir='ltr'><strong>Moyses</strong></span> <span class='ocrx_word' id='word_1_45' title='bbox 856 1411 958 1465; x_wconf 88' lang='lat' dir='ltr'><strong>Dei</strong></span> <span class='ocrx_word' id='word_1_46' title='bbox 982 1412 1296 1481; x_wconf 77' lang='lat' dir='ltr'><strong>Spectator,</strong></span> <span class='ocrx_word' id='word_1_47' title='bbox 1322 1404 1722 1462; x_wconf 81' lang='lat' dir='ltr'><strong>exclamabat:</strong></span> <span class='ocrx_word' id='word_1_48' title='bbox 1747 1402 1991 1458; x_wconf 80' lang='lat' dir='ltr'><strong>Redem-</strong></span> 
     </span>
    </p>
   </div>
   <div class='ocr_carea' id='block_1_11' title="bbox 340 1500 1311 1571">
    <p class='ocr_par' dir='ltr' id='par_1_11' title="bbox 340 1500 1311 1571">
     <span class='ocr_line' id='line_1_11' title="bbox 340 1500 1311 1571; baseline -0.003 -17"><span class='ocrx_word' id='word_1_49' title='bbox 340 1500 495 1571; x_wconf 89' lang='lat' dir='ltr'><strong>ptori</strong></span> <span class='ocrx_word' id='word_1_50' title='bbox 532 1505 588 1554; x_wconf 87' lang='lat' dir='ltr'><strong>et</strong></span> <span class='ocrx_word' id='word_1_51' title='bbox 621 1501 739 1554; x_wconf 92' lang='lat' dir='ltr'><strong>Deo</strong></span> <span class='ocrx_word' id='word_1_52' title='bbox 772 1504 975 1554; x_wconf 90' lang='lat' dir='ltr'><strong>nostro</strong></span> <span class='ocrx_word' id='word_1_53' title='bbox 1010 1514 1311 1554; x_wconf 89' lang='lat' dir='ltr'><strong>canamus.</strong></span> 
     </span>
    </p>
   </div>
   <div class='ocr_carea' id='block_1_12' title="bbox 414 1578 1989 1661">
    <p class='ocr_par' dir='ltr' id='par_1_12' title="bbox 414 1578 1989 1661">
     <span class='ocr_line' id='line_1_12' title="bbox 414 1578 1989 1661; baseline -0.006 -17"><span class='ocrx_word' id='word_1_54' title='bbox 414 1590 495 1644; x_wconf 89' lang='lat' dir='ltr'><strong>Tu</strong></span> <span class='ocrx_word' id='word_1_55' title='bbox 526 1588 588 1645; x_wconf 89' lang='lat' dir='ltr'><strong>in</strong></span> <span class='ocrx_word' id='word_1_56' title='bbox 612 1594 812 1644; x_wconf 90' lang='lat' dir='ltr'><strong>monte</strong></span> <span class='ocrx_word' id='word_1_57' title='bbox 833 1588 1009 1661; x_wconf 86' lang='lat' dir='ltr'><strong>legali</strong></span> <span class='ocrx_word' id='word_1_58' title='bbox 1040 1593 1098 1643; x_wconf 87' lang='lat' dir='ltr'><strong>et</strong></span> <span class='ocrx_word' id='word_1_59' title='bbox 1126 1588 1188 1642; x_wconf 91' lang='lat' dir='ltr'><strong>in</strong></span> <span class='ocrx_word' id='word_1_60' title='bbox 1213 1585 1514 1642; x_wconf 88' lang='lat' dir='ltr'><strong>Thaboreo</strong></span> <span class='ocrx_word' id='word_1_61' title='bbox 1545 1584 1702 1639; x_wconf 90' lang='lat' dir='ltr'><strong>visus</strong></span> <span class='ocrx_word' id='word_1_62' title='bbox 1724 1599 1785 1637; x_wconf 93' lang='lat' dir='ltr'><strong>es</strong></span> <span class='ocrx_word' id='word_1_63' title='bbox 1809 1578 1989 1651; x_wconf 83' lang='lat' dir='ltr'><strong>Moysi</strong></span> 
     </span>
    </p>
   </div>
   <div class='ocr_carea' id='block_1_13' title="bbox 1624 251 2483 313">
    <p class='ocr_par' dir='ltr' id='par_1_13' title="bbox 1624 251 2483 313">
     <span class='ocr_line' id='line_1_13' title="bbox 1624 251 2483 313; baseline 0.002 -4"><span class='ocrx_word' id='word_1_64' title='bbox 1624 256 1684 310; x_wconf 81' lang='grc' dir='ltr'><strong>Β.</strong></span> <span class='ocrx_word' id='word_1_65' title='bbox 1721 251 2025 309; x_wconf 74' lang='lat' dir='ltr'><strong>JOANNIB</strong></span> <span class='ocrx_word' id='word_1_66' title='bbox 2059 251 2483 313; x_wconf 74' lang='lat' dir='ltr'><strong>DAMABCENI</strong></span> 
     </span>
    </p>
   </div>
   <div class='ocr_carea' id='block_1_14' title="bbox 2025 379 2079 446">
    <p class='ocr_par' dir='ltr' id='par_1_14' title="bbox 2025 379 2079 446">
     <span class='ocr_line' id='line_1_14' title="bbox 2025 379 2079 446; baseline 0 0"><span class='ocrx_word' id='word_1_67' title='bbox 2025 379 2079 446; x_wconf 75' lang='grc' dir='ltr'><strong>Δ</strong></span> 
     </span>
    </p>
   </div>
   <div class='ocr_carea' id='block_1_15' title="bbox 2729 381 3133 438">
    <p class='ocr_par' dir='ltr' id='par_1_15' title="bbox 2729 381 3133 438">
     <span class='ocr_line' id='line_1_15' title="bbox 2729 381 3133 438; baseline -0.005 -1"><span class='ocrx_word' id='word_1_68' title='bbox 2729 381 2871 437; x_wconf 87' lang='grc' dir='ltr'>ΤΟΥ</span> <span class='ocrx_word' id='word_1_69' title='bbox 2909 381 3133 438; x_wconf 79' lang='grc' dir='ltr'><strong>ΑΥΤΟΥ</strong></span> 
     </span>
    </p>
   </div>
   <div class='ocr_carea' id='block_1_16' title="bbox 2102 546 3753 637">
    <p class='ocr_par' dir='ltr' id='par_1_16' title="bbox 2102 546 3753 637">
     <span class='ocr_line' id='line_1_16' title="bbox 2102 546 3753 637; baseline 0.001 -32"><span class='ocrx_word' id='word_1_70' title='bbox 2102 546 2197 610; x_wconf 70' lang='lat' dir='ltr'><strong>Ek</strong></span> <span class='ocrx_word' id='word_1_71' title='bbox 2251 549 2350 618; x_wconf 83' lang='grc' dir='ltr'><strong>τήν</strong></span> <span class='ocrx_word' id='word_1_72' title='bbox 2414 550 2833 630; x_wconf 86' lang='grc' dir='ltr'>μεταμόρφωσιν</span> <span class='ocrx_word' id='word_1_73' title='bbox 2910 548 3007 637; x_wconf 67' lang='grc' dir='ltr'>τοῦ</span> <span class='ocrx_word' id='word_1_74' title='bbox 3063 549 3289 626; x_wconf 62' lang='grc' dir='ltr'>ξΚυρίου</span> <span class='ocrx_word' id='word_1_75' title='bbox 3367 551 3553 622; x_wconf 76' lang='grc' dir='ltr'>Ἰησοῦ</span> <span class='ocrx_word' id='word_1_76' title='bbox 3612 554 3753 628; x_wconf 83' lang='grc' dir='ltr'>Χρι-</span> 
     </span>
    </p>
   </div>
   <div class='ocr_carea' id='block_1_17' title="bbox 2848 643 3000 681">
    <p class='ocr_par' dir='ltr' id='par_1_17' title="bbox 2848 643 3000 681">
     <span class='ocr_line' id='line_1_17' title="bbox 2848 643 3000 681; baseline 0.013 -2"><span class='ocrx_word' id='word_1_77' title='bbox 2848 643 3000 681; x_wconf 87' lang='grc' dir='ltr'>στου.</span> 
     </span>
    </p>
   </div>
   <div class='ocr_carea' id='block_1_18' title="bbox 2694 797 3151 878">
    <p class='ocr_par' dir='ltr' id='par_1_18' title="bbox 2694 797 3151 878">
     <span class='ocr_line' id='line_1_18' title="bbox 2694 797 3151 878; baseline 0.004 -20"><span class='ocrx_word' id='word_1_78' title='bbox 2694 802 2757 858; x_wconf 86' lang='grc' dir='ltr'><strong>Ἦ</strong></span> <span class='ocrx_word' id='word_1_79' title='bbox 2786 797 3106 878; x_wconf 76' lang='grc' dir='ltr'>ἀκροστιχίς</span> <span class='ocrx_word' id='word_1_80' title='bbox 3136 843 3151 860; x_wconf 93' lang='grc'><strong>.</strong></span> 
     </span>
    </p>
   </div>
   <div class='ocr_carea' id='block_1_19' title="bbox 2169 956 3291 1037">
    <p class='ocr_par' dir='ltr' id='par_1_19' title="bbox 2169 956 3291 1037">
     <span class='ocr_line' id='line_1_19' title="bbox 2169 956 3291 1037; baseline 0.005 -25"><span class='ocrx_word' id='word_1_81' title='bbox 2169 961 2373 1029; x_wconf 82' lang='grc' dir='ltr'><strong>Μωσῆς</strong></span> <span class='ocrx_word' id='word_1_82' title='bbox 2404 964 2539 1016; x_wconf 81' lang='grc' dir='ltr'>Θεοῦ</span> <span class='ocrx_word' id='word_1_83' title='bbox 2563 962 2855 1037; x_wconf 89' lang='grc' dir='ltr'>πρόσωπον</span> <span class='ocrx_word' id='word_1_84' title='bbox 2887 959 2939 1018; x_wconf 72' lang='grc' dir='ltr'>ἐν</span> <span class='ocrx_word' id='word_1_85' title='bbox 2972 956 3165 1035; x_wconf 78' lang='grc' dir='ltr'>Θαϐὼρ</span> <span class='ocrx_word' id='word_1_86' title='bbox 3188 958 3291 1018; x_wconf 74' lang='grc' dir='ltr'>ἴδε.</span> 
     </span>
    </p>
   </div>
   <div class='ocr_carea' id='block_1_20' title="bbox 2168 1046 3751 1130">
    <p class='ocr_par' dir='ltr' id='par_1_20' title="bbox 2168 1046 3751 1130">
     <span class='ocr_line' id='line_1_20' title="bbox 2168 1046 3751 1130; baseline 0.004 -29"><span class='ocrx_word' id='word_1_87' title='bbox 2168 1049 2372 1117; x_wconf 77' lang='grc' dir='ltr'>Μωσῆς</span> <span class='ocrx_word' id='word_1_88' title='bbox 2430 1047 2481 1105; x_wconf 77' lang='grc' dir='ltr'>ἐν</span> <span class='ocrx_word' id='word_1_89' title='bbox 2541 1050 2784 1126; x_wconf 76' lang='grc' dir='ltr'>θαλάσσῃ</span> <span class='ocrx_word' id='word_1_90' title='bbox 2842 1055 3202 1130; x_wconf 72' lang='grc' dir='ltr'><strong>προφητικῶς</strong></span> <span class='ocrx_word' id='word_1_91' title='bbox 3250 1046 3381 1105; x_wconf 70' lang='grc' dir='ltr'>ἰδὼν</span> <span class='ocrx_word' id='word_1_92' title='bbox 3433 1048 3483 1106; x_wconf 71' lang='grc' dir='ltr'>ἰν</span> <span class='ocrx_word' id='word_1_93' title='bbox 3518 1048 3751 1129; x_wconf 71' lang='grc' dir='ltr'>νεφὲλῃ,</span> 
     </span>
    </p>
   </div>
   <div class='ocr_carea' id='block_1_21' title="bbox 2097 1135 3749 1215">
    <p class='ocr_par' dir='ltr' id='par_1_21' title="bbox 2097 1135 3749 1215">
     <span class='ocr_line' id='line_1_21' title="bbox 2097 1135 3749 1215; baseline 0.004 -26"><span class='ocrx_word' id='word_1_94' title='bbox 2097 1135 2188 1189; x_wconf 84' lang='grc' dir='ltr'><strong>καὶ</strong></span> <span class='ocrx_word' id='word_1_95' title='bbox 2220 1137 2273 1191; x_wconf 83' lang='grc' dir='ltr'>ἐν</span> <span class='ocrx_word' id='word_1_96' title='bbox 2330 1137 2505 1212; x_wconf 76' lang='grc' dir='ltr'>στήλῃ</span> <span class='ocrx_word' id='word_1_97' title='bbox 2544 1136 2716 1194; x_wconf 81' lang='grc' dir='ltr'>πάλαι</span> <span class='ocrx_word' id='word_1_98' title='bbox 2745 1140 2917 1215; x_wconf 88' lang='grc' dir='ltr'>πυρὸς</span> <span class='ocrx_word' id='word_1_99' title='bbox 2944 1141 3042 1210; x_wconf 79' lang='grc' dir='ltr'>τὴν</span> <span class='ocrx_word' id='word_1_100' title='bbox 3077 1136 3231 1213; x_wconf 80' lang='grc' dir='ltr'>δόξαν</span> <span class='ocrx_word' id='word_1_101' title='bbox 3267 1139 3487 1214; x_wconf 78' lang='grc' dir='ltr'><strong>Κυρίου,</strong></span> <span class='ocrx_word' id='word_1_102' title='bbox 3528 1135 3749 1196; x_wconf 70' lang='grc' dir='ltr'>ἀνεϐόα·</span> 
     </span>
    </p>
   </div>
   <div class='ocr_carea' id='block_1_22' title="bbox 2098 1222 3211 1302">
    <p class='ocr_par' dir='ltr' id='par_1_22' title="bbox 2098 1222 3211 1302">
     <span class='ocr_line' id='line_1_22' title="bbox 2098 1222 3211 1302; baseline 0.004 -21"><span class='ocrx_word' id='word_1_103' title='bbox 2098 1224 2192 1296; x_wconf 84' lang='grc' dir='ltr'>Τῷ</span> <span class='ocrx_word' id='word_1_104' title='bbox 2224 1222 2477 1301; x_wconf 81' lang='grc' dir='ltr'>λυτρωτῇ</span> <span class='ocrx_word' id='word_1_105' title='bbox 2507 1226 2599 1282; x_wconf 88' lang='grc' dir='ltr'><strong>καὶ</strong></span> <span class='ocrx_word' id='word_1_106' title='bbox 2630 1229 2747 1301; x_wconf 82' lang='grc' dir='ltr'>Θεῷ</span> <span class='ocrx_word' id='word_1_107' title='bbox 2778 1231 2938 1302; x_wconf 75' lang='grc' dir='ltr'>ἡμῶν</span> <span class='ocrx_word' id='word_1_108' title='bbox 2971 1226 3211 1302; x_wconf 77' lang='grc' dir='ltr'>ᾅσωμεν.</span> 
     </span>
    </p>
   </div>
   <div class='ocr_carea' id='block_1_23' title="bbox 2169 1312 3749 1393">
    <p class='ocr_par' dir='ltr' id='par_1_23' title="bbox 2169 1312 3749 1393">
     <span class='ocr_line' id='line_1_23' title="bbox 2169 1312 3749 1393; baseline 0.005 -26"><span class='ocrx_word' id='word_1_109' title='bbox 2169 1312 2258 1374; x_wconf 81' lang='grc' dir='ltr'>Ὡς</span> <span class='ocrx_word' id='word_1_110' title='bbox 2292 1314 2463 1390; x_wconf 69' lang='grc' dir='ltr'>πέτρα</span> <span class='ocrx_word' id='word_1_111' title='bbox 2506 1320 2585 1388; x_wconf 79' lang='grc' dir='ltr'><strong>τῷ</strong></span> <span class='ocrx_word' id='word_1_112' title='bbox 2643 1317 2855 1390; x_wconf 85' lang='grc' dir='ltr'>σώματι</span> <span class='ocrx_word' id='word_1_113' title='bbox 2907 1317 3223 1380; x_wconf 63' lang='grc' dir='ltr'>σηπασθεὶς</span> <span class='ocrx_word' id='word_1_114' title='bbox 3278 1322 3359 1391; x_wconf 78' lang='grc' dir='ltr'><strong>τῷ</strong></span> <span class='ocrx_word' id='word_1_115' title='bbox 3406 1316 3749 1393; x_wconf 81' lang='grc' dir='ltr'>τεθεωμὲνῳ,</span> 
     </span>
    </p>
   </div>
   <div class='ocr_carea' id='block_1_24' title="bbox 2096 1401 3751 1481">
    <p class='ocr_par' dir='ltr' id='par_1_24' title="bbox 2096 1401 3751 1481">
     <span class='ocr_line' id='line_1_24' title="bbox 2096 1401 3751 1481; baseline 0.005 -26"><span class='ocrx_word' id='word_1_116' title='bbox 2096 1401 2189 1456; x_wconf 83' lang='grc' dir='ltr'><strong>τὸν</strong></span> <span class='ocrx_word' id='word_1_117' title='bbox 2221 1401 2450 1479; x_wconf 84' lang='grc' dir='ltr'>ἀόρατον</span> <span class='ocrx_word' id='word_1_118' title='bbox 2497 1410 2747 1480; x_wconf 75' lang='grc' dir='ltr'><strong>καθορῶν</strong></span> <span class='ocrx_word' id='word_1_119' title='bbox 2808 1408 3013 1476; x_wconf 75' lang='grc' dir='ltr'>Μωσῆς</span> <span class='ocrx_word' id='word_1_120' title='bbox 3042 1407 3069 1462; x_wconf 85' lang='grc' dir='ltr'>ὁ</span> <span class='ocrx_word' id='word_1_121' title='bbox 3101 1406 3356 1480; x_wconf 78' lang='grc' dir='ltr'>θεόπτης,</span> <span class='ocrx_word' id='word_1_122' title='bbox 3405 1402 3622 1463; x_wconf 78' lang='grc' dir='ltr'>ἀνεϐόα·</span> <span class='ocrx_word' id='word_1_123' title='bbox 3654 1413 3751 1481; x_wconf 80' lang='grc' dir='ltr'><strong>Τῷ</strong></span> 
     </span>
    </p>
   </div>
   <div class='ocr_carea' id='block_1_25' title="bbox 2101 1486 3082 1569">
    <p class='ocr_par' dir='ltr' id='par_1_25' title="bbox 2101 1486 3082 1569">
     <span class='ocr_line' id='line_1_25' title="bbox 2101 1486 3082 1569; baseline 0.009 -26"><span class='ocrx_word' id='word_1_124' title='bbox 2101 1486 2357 1566; x_wconf 87' lang='grc' dir='ltr'>λυτρωτῇ</span> <span class='ocrx_word' id='word_1_125' title='bbox 2384 1492 2475 1547; x_wconf 84' lang='grc' dir='ltr'><strong>καὶ</strong></span> <span class='ocrx_word' id='word_1_126' title='bbox 2508 1498 2623 1566; x_wconf 90' lang='grc' dir='ltr'>Θεῷ</span> <span class='ocrx_word' id='word_1_127' title='bbox 2650 1496 2812 1568; x_wconf 79' lang='grc' dir='ltr'>ἡμῶν</span> <span class='ocrx_word' id='word_1_128' title='bbox 2844 1492 3082 1569; x_wconf 74' lang='grc' dir='ltr'>ᾅσωμεν.</span> 
     </span>
    </p>
   </div>
   <div class='ocr_carea' id='block_1_26' title="bbox 2173 1577 3749 1662">
    <p class='ocr_par' dir='ltr' id='par_1_26' title="bbox 2173 1577 3749 1662">
     <span class='ocr_line' id='line_1_26' title="bbox 2173 1577 3749 1662; baseline 0.006 -29"><span class='ocrx_word' id='word_1_129' title='bbox 2173 1578 2248 1633; x_wconf 78' lang='grc' dir='ltr'>Σὺ</span> <span class='ocrx_word' id='word_1_130' title='bbox 2279 1577 2367 1634; x_wconf 80' lang='grc' dir='ltr'>ἐπὶ</span> <span class='ocrx_word' id='word_1_131' title='bbox 2421 1587 2518 1637; x_wconf 79' lang='grc' dir='ltr'><strong>τοῦ</strong></span> <span class='ocrx_word' id='word_1_132' title='bbox 2576 1578 2737 1657; x_wconf 78' lang='grc' dir='ltr'>ὅρους</span> <span class='ocrx_word' id='word_1_133' title='bbox 2792 1588 2891 1640; x_wconf 75' lang='grc' dir='ltr'><strong>τοῦ</strong></span> <span class='ocrx_word' id='word_1_134' title='bbox 2941 1588 3174 1658; x_wconf 75' lang='grc' dir='ltr'>νομικοῦ</span> <span class='ocrx_word' id='word_1_135' title='bbox 3229 1584 3319 1641; x_wconf 82' lang='grc' dir='ltr'><strong>καὶ</strong></span> <span class='ocrx_word' id='word_1_136' title='bbox 3379 1585 3431 1641; x_wconf 76' lang='grc' dir='ltr'>ἐν</span> <span class='ocrx_word' id='word_1_137' title='bbox 3492 1581 3749 1662; x_wconf 76' lang='grc' dir='ltr'>Θαϐαρίῳ</span> 
     </span>
    </p>
   </div>
   <div class='ocr_carea' id='block_1_27' title="bbox 341 1667 1982 1753">
    <p class='ocr_par' dir='ltr' id='par_1_27' title="bbox 341 1672 1982 1743">
     <span class='ocr_line' id='line_1_27' title="bbox 341 1672 1982 1743; baseline -0.005 -11"><span class='ocrx_word' id='word_1_138' title='bbox 341 1678 403 1732; x_wconf 91' lang='lat' dir='ltr'><strong>in</strong></span> <span class='ocrx_word' id='word_1_139' title='bbox 435 1678 695 1734; x_wconf 78' lang='lat' dir='ltr'><strong>tenebris</strong></span> <span class='ocrx_word' id='word_1_140' title='bbox 723 1678 869 1734; x_wconf 91' lang='lat' dir='ltr'><strong>olim</strong></span> <span class='ocrx_word' id='word_1_141' title='bbox 899 1694 910 1732; x_wconf 93' lang='lat'>:</span> <span class='ocrx_word' id='word_1_142' title='bbox 946 1677 1008 1732; x_wconf 91' lang='lat' dir='ltr'><strong>in</strong></span> <span class='ocrx_word' id='word_1_143' title='bbox 1039 1676 1234 1733; x_wconf 89' lang='lat' dir='ltr'><strong>lucem</strong></span> <span class='ocrx_word' id='word_1_144' title='bbox 1286 1681 1483 1743; x_wconf 88' lang='lat' dir='ltr'><strong>autem</strong></span> <span class='ocrx_word' id='word_1_145' title='bbox 1516 1690 1676 1729; x_wconf 91' lang='lat' dir='ltr'><strong>nunc</strong></span> <span class='ocrx_word' id='word_1_146' title='bbox 1724 1672 1982 1727; x_wconf 88' lang='lat' dir='ltr'><strong>inacces-</strong></span> 
     </span>
    </p>
   </div>
   <div class='ocr_carea' id='block_1_28' title="bbox 2121 1667 3748 1753">
    <p class='ocr_par' dir='ltr' id='par_1_28' title="bbox 2121 1667 3748 1753">
     <span class='ocr_line' id='line_1_28' title="bbox 2121 1667 3748 1753; baseline 0.005 -31"><span class='ocrx_word' id='word_1_147' title='bbox 2121 1667 2423 1744; x_wconf 83' lang='grc' dir='ltr'>ιαθωράθης</span> <span class='ocrx_word' id='word_1_148' title='bbox 2454 1675 2532 1743; x_wconf 83' lang='grc' dir='ltr'>τῷ</span> <span class='ocrx_word' id='word_1_149' title='bbox 2559 1673 2770 1748; x_wconf 71' lang='grc' dir='ltr'>Μωυσῇ</span> <span class='ocrx_word' id='word_1_150' title='bbox 2823 1672 2875 1728; x_wconf 74' lang='grc' dir='ltr'>ἐν</span> <span class='ocrx_word' id='word_1_151' title='bbox 2935 1674 3125 1752; x_wconf 84' lang='grc' dir='ltr'>γνόφῳ</span> <span class='ocrx_word' id='word_1_152' title='bbox 3181 1675 3242 1730; x_wconf 89' lang='grc' dir='ltr'>τὸ</span> <span class='ocrx_word' id='word_1_153' title='bbox 3294 1673 3488 1749; x_wconf 87' lang='grc' dir='ltr'>πάλαι,</span> <span class='ocrx_word' id='word_1_154' title='bbox 3521 1674 3572 1732; x_wconf 80' lang='grc' dir='ltr'>ἐν</span> <span class='ocrx_word' id='word_1_155' title='bbox 3607 1675 3748 1753; x_wconf 84' lang='grc' dir='ltr'>φωνὶ</span> 
     </span>
    </p>
   </div>
   <div class='ocr_carea' id='block_1_29' title="bbox 344 1767 848 1826">
    <p class='ocr_par' dir='ltr' id='par_1_29' title="bbox 344 1767 848 1826">
     <span class='ocr_line' id='line_1_29' title="bbox 344 1767 848 1826; baseline 0.008 -4"><span class='ocrx_word' id='word_1_156' title='bbox 344 1784 473 1823; x_wconf 86' lang='lat' dir='ltr'><strong>sam</strong></span> <span class='ocrx_word' id='word_1_157' title='bbox 503 1767 848 1826; x_wconf 83' lang='lat' dir='ltr'><strong>divinitatis.</strong></span> 
     </span>
    </p>
   </div>
   <div class='ocr_carea' id='block_1_30' title="bbox 415 1848 1987 1930">
    <p class='ocr_par' dir='ltr' id='par_1_30' title="bbox 415 1848 1987 1930">
     <span class='ocr_line' id='line_1_30' title="bbox 415 1848 1987 1930; baseline -0.008 -16"><span class='ocrx_word' id='word_1_158' title='bbox 415 1856 789 1913; x_wconf 86' lang='lat' dir='ltr'><strong>Obumbrans</strong></span> <span class='ocrx_word' id='word_1_159' title='bbox 813 1857 1001 1930; x_wconf 82' lang='lat' dir='ltr'><strong>gloria</strong></span> <span class='ocrx_word' id='word_1_160' title='bbox 1059 1857 1121 1911; x_wconf 91' lang='lat' dir='ltr'><strong>in</strong></span> <span class='ocrx_word' id='word_1_161' title='bbox 1178 1855 1431 1911; x_wconf 87' lang='lat' dir='ltr'><strong>tentorio</strong></span> <span class='ocrx_word' id='word_1_162' title='bbox 1478 1853 1666 1926; x_wconf 88' lang='lat' dir='ltr'><strong>prius,</strong></span> <span class='ocrx_word' id='word_1_163' title='bbox 1700 1856 1759 1906; x_wconf 89' lang='lat' dir='ltr'><strong>et</strong></span> <span class='ocrx_word' id='word_1_164' title='bbox 1806 1848 1987 1922; x_wconf 85' lang='lat' dir='ltr'><strong>Moysi</strong></span> 
     </span>
    </p>
   </div>
   <div class='ocr_carea' id='block_1_31' title="bbox 344 1937 1988 2019">
    <p class='ocr_par' dir='ltr' id='par_1_31' title="bbox 344 1937 1988 2019">
     <span class='ocr_line' id='line_1_31' title="bbox 344 1937 1988 2019; baseline -0.007 -17"><span class='ocrx_word' id='word_1_165' title='bbox 344 1945 656 2017; x_wconf 87' lang='lat' dir='ltr'><strong>alloquens</strong></span> <span class='ocrx_word' id='word_1_166' title='bbox 687 1952 787 2003; x_wconf 90' lang='lat' dir='ltr'><strong>tuo</strong></span> <span class='ocrx_word' id='word_1_167' title='bbox 822 1964 1008 2016; x_wconf 88' lang='lat' dir='ltr'><strong>servo,</strong></span> <span class='ocrx_word' id='word_1_168' title='bbox 1041 1947 1228 2019; x_wconf 89' lang='lat' dir='ltr'><strong>ﬁgura</strong></span> <span class='ocrx_word' id='word_1_169' title='bbox 1257 1945 1410 2000; x_wconf 90' lang='lat' dir='ltr'><strong>facta</strong></span> <span class='ocrx_word' id='word_1_170' title='bbox 1441 1949 1530 1998; x_wconf 90' lang='lat' dir='ltr'><strong>est</strong></span> <span class='ocrx_word' id='word_1_171' title='bbox 1554 1941 1803 1997; x_wconf 85' lang='lat' dir='ltr'><strong>illustris</strong></span> <span class='ocrx_word' id='word_1_172' title='bbox 1835 1937 1988 1993; x_wconf 86' lang='lat' dir='ltr'><strong>inef-</strong></span> 
     </span>
    </p>
   </div>
   <div class='ocr_carea' id='block_1_32' title="bbox 342 2027 1983 2105">
    <p class='ocr_par' dir='ltr' id='par_1_32' title="bbox 342 2027 1983 2105">
     <span class='ocr_line' id='line_1_32' title="bbox 342 2027 1983 2105; baseline -0.005 -16"><span class='ocrx_word' id='word_1_173' title='bbox 342 2034 604 2091; x_wconf 83' lang='lat' dir='ltr'><strong>fabiliter</strong></span> <span class='ocrx_word' id='word_1_174' title='bbox 623 2037 686 2091; x_wconf 90' lang='lat' dir='ltr'><strong>in</strong></span> <span class='ocrx_word' id='word_1_175' title='bbox 708 2036 940 2092; x_wconf 85' lang='lat' dir='ltr'><strong>Thabor</strong></span> <span class='ocrx_word' id='word_1_176' title='bbox 962 2041 1096 2102; x_wconf 82' lang='lat' dir='ltr'><strong>tuae,</strong></span> <span class='ocrx_word' id='word_1_177' title='bbox 1129 2034 1395 2105; x_wconf 87' lang='lat' dir='ltr'><strong>Domine,</strong></span> <span class='ocrx_word' id='word_1_178' title='bbox 1428 2027 1983 2104; x_wconf 87' lang='lat' dir='ltr'><strong>transﬁgurationis.</strong></span> 
     </span>
    </p>
   </div>
   <div class='ocr_carea' id='block_1_33' title="bbox 414 2209 1987 2282">
    <p class='ocr_par' dir='ltr' id='par_1_33' title="bbox 414 2209 1987 2282">
     <span class='ocr_line' id='line_1_33' title="bbox 414 2209 1987 2282; baseline -0.004 -15"><span class='ocrx_word' id='word_1_179' title='bbox 414 2212 830 2268; x_wconf 86' lang='lat' dir='ltr'><strong>Convenerunt</strong></span> <span class='ocrx_word' id='word_1_180' title='bbox 857 2218 1076 2279; x_wconf 89' lang='lat' dir='ltr'><strong>tecum,</strong></span> <span class='ocrx_word' id='word_1_181' title='bbox 1102 2229 1135 2267; x_wconf 92' lang='grc' dir='ltr'><strong>ο</strong></span> <span class='ocrx_word' id='word_1_182' title='bbox 1168 2212 1443 2282; x_wconf 89' lang='lat' dir='ltr'><strong>Verbum,</strong></span> <span class='ocrx_word' id='word_1_183' title='bbox 1466 2209 1859 2282; x_wconf 85' lang='lat' dir='ltr'><strong>unigenitum,</strong></span> <span class='ocrx_word' id='word_1_184' title='bbox 1886 2223 1987 2262; x_wconf 79' lang='lat' dir='ltr'><strong>ex-</strong></span> 
     </span>
    </p>
   </div>
   <div class='ocr_carea' id='block_1_34' title="bbox 341 2297 1982 2374">
    <p class='ocr_par' dir='ltr' id='par_1_34' title="bbox 341 2297 1982 2374">
     <span class='ocr_line' id='line_1_34' title="bbox 341 2297 1982 2374; baseline -0.002 -19"><span class='ocrx_word' id='word_1_185' title='bbox 341 2300 590 2367; x_wconf 89' lang='lat' dir='ltr'><strong>celsum,</strong></span> <span class='ocrx_word' id='word_1_186' title='bbox 616 2302 1021 2374; x_wconf 85' lang='lat' dir='ltr'><strong>apostolorum</strong></span> <span class='ocrx_word' id='word_1_187' title='bbox 1053 2302 1364 2357; x_wconf 79' lang='lat' dir='ltr'><strong>summitas</strong></span> <span class='ocrx_word' id='word_1_188' title='bbox 1393 2300 1456 2355; x_wconf 91' lang='lat' dir='ltr'><strong>in</strong></span> <span class='ocrx_word' id='word_1_189' title='bbox 1502 2304 1703 2356; x_wconf 89' lang='lat' dir='ltr'><strong>monte</strong></span> <span class='ocrx_word' id='word_1_190' title='bbox 1734 2297 1982 2367; x_wconf 88' lang='lat' dir='ltr'><strong>Thabor,</strong></span> 
     </span>
    </p>
   </div>
   <div class='ocr_carea' id='block_1_35' title="bbox 342 2386 1984 2464">
    <p class='ocr_par' dir='ltr' id='par_1_35' title="bbox 342 2386 1984 2464">
     <span class='ocr_line' id='line_1_35' title="bbox 342 2386 1984 2464; baseline -0.004 -19"><span class='ocrx_word' id='word_1_191' title='bbox 342 2395 400 2445; x_wconf 88' lang='lat' dir='ltr'><strong>et</strong></span> <span class='ocrx_word' id='word_1_192' title='bbox 429 2390 608 2446; x_wconf 88' lang='lat' dir='ltr'><strong>simul</strong></span> <span class='ocrx_word' id='word_1_193' title='bbox 638 2392 955 2447; x_wconf 88' lang='lat' dir='ltr'><strong>astiterunt</strong></span> <span class='ocrx_word' id='word_1_194' title='bbox 975 2393 1200 2464; x_wconf 84' lang='lat' dir='ltr'><strong>Moyses</strong></span> <span class='ocrx_word' id='word_1_195' title='bbox 1232 2395 1290 2446; x_wconf 91' lang='lat' dir='ltr'><strong>et</strong></span> <span class='ocrx_word' id='word_1_196' title='bbox 1310 2390 1486 2458; x_wconf 88' lang='lat' dir='ltr'><strong>Elias,</strong></span> <span class='ocrx_word' id='word_1_197' title='bbox 1518 2394 1585 2445; x_wconf 89' lang='lat' dir='ltr'><strong>ut</strong></span> <span class='ocrx_word' id='word_1_198' title='bbox 1618 2388 1716 2444; x_wconf 89' lang='lat' dir='ltr'><strong>Dei</strong></span> <span class='ocrx_word' id='word_1_199' title='bbox 1747 2386 1919 2453; x_wconf 86' lang='lat' dir='ltr'><strong>servi,</strong></span> <span class='ocrx_word' id='word_1_200' title='bbox 1952 2402 1984 2440; x_wconf 91' lang='grc' dir='ltr'><strong>ο</strong></span> 
     </span>
    </p>
   </div>
   <div class='ocr_carea' id='block_1_36' title="bbox 341 2479 1079 2550">
    <p class='ocr_par' dir='ltr' id='par_1_36' title="bbox 341 2479 1079 2550">
     <span class='ocr_line' id='line_1_36' title="bbox 341 2479 1079 2550; baseline 0.004 -17"><span class='ocrx_word' id='word_1_201' title='bbox 341 2479 442 2550; x_wconf 88' lang='lat' dir='ltr'><strong>qui</strong></span> <span class='ocrx_word' id='word_1_202' title='bbox 475 2479 634 2535; x_wconf 92' lang='lat' dir='ltr'><strong>solus</strong></span> <span class='ocrx_word' id='word_1_203' title='bbox 666 2480 964 2536; x_wconf 88' lang='lat' dir='ltr'><strong>humanus</strong></span> <span class='ocrx_word' id='word_1_204' title='bbox 996 2497 1079 2536; x_wconf 91' lang='lat' dir='ltr'><strong>es.</strong></span> 
     </span>
    </p>
   </div>
   <div class='ocr_carea' id='block_1_37' title="bbox 410 2566 1981 2637">
    <p class='ocr_par' dir='ltr' id='par_1_37' title="bbox 410 2566 1981 2637">
     <span class='ocr_line' id='line_1_37' title="bbox 410 2566 1981 2637; baseline -0.002 -14"><span class='ocrx_word' id='word_1_205' title='bbox 410 2570 564 2624; x_wconf 92' lang='lat' dir='ltr'><strong>Deus</strong></span> <span class='ocrx_word' id='word_1_206' title='bbox 604 2574 761 2625; x_wconf 91' lang='lat' dir='ltr'><strong>totus</strong></span> <span class='ocrx_word' id='word_1_207' title='bbox 811 2571 1123 2637; x_wconf 80' lang='lat' dir='ltr'><strong>exsistens,</strong></span> <span class='ocrx_word' id='word_1_208' title='bbox 1173 2573 1332 2624; x_wconf 89' lang='lat' dir='ltr'><strong>totus</strong></span> <span class='ocrx_word' id='word_1_209' title='bbox 1382 2567 1652 2623; x_wconf 89' lang='lat' dir='ltr'><strong>mortalis</strong></span> <span class='ocrx_word' id='word_1_210' title='bbox 1676 2566 1865 2622; x_wconf 88' lang='lat' dir='ltr'><strong>factus</strong></span> <span class='ocrx_word' id='word_1_211' title='bbox 1898 2581 1981 2632; x_wconf 88' lang='lat' dir='ltr'><strong>es,</strong></span> 
     </span>
    </p>
   </div>
   <div class='ocr_carea' id='block_1_38' title="bbox 338 2656 1986 2716">
    <p class='ocr_par' dir='ltr' id='par_1_38' title="bbox 338 2656 1986 2716">
     <span class='ocr_line' id='line_1_38' title="bbox 338 2656 1986 2716; baseline -0.002 -2"><span class='ocrx_word' id='word_1_212' title='bbox 338 2663 462 2716; x_wconf 89' lang='lat' dir='ltr'><strong>tota</strong></span> <span class='ocrx_word' id='word_1_213' title='bbox 487 2660 791 2716; x_wconf 87' lang='lat' dir='ltr'><strong>divinitate</strong></span> <span class='ocrx_word' id='word_1_214' title='bbox 823 2661 1080 2716; x_wconf 90' lang='lat' dir='ltr'><strong>miscens</strong></span> <span class='ocrx_word' id='word_1_215' title='bbox 1112 2660 1542 2715; x_wconf 87' lang='lat' dir='ltr'><strong>humanitatem</strong></span> <span class='ocrx_word' id='word_1_216' title='bbox 1564 2659 1626 2713; x_wconf 90' lang='lat' dir='ltr'><strong>in</strong></span> <span class='ocrx_word' id='word_1_217' title='bbox 1656 2656 1986 2712; x_wconf 87' lang='lat' dir='ltr'><strong>substantia</strong></span> 
     </span>
    </p>
   </div>
   <div class='ocr_carea' id='block_1_39' title="bbox 341 2746 1982 2821">
    <p class='ocr_par' dir='ltr' id='par_1_39' title="bbox 341 2746 1982 2821">
     <span class='ocr_line' id='line_1_39' title="bbox 341 2746 1982 2821; baseline -0.002 -18"><span class='ocrx_word' id='word_1_218' title='bbox 341 2752 460 2819; x_wconf 86' lang='lat' dir='ltr'><strong>tua,</strong></span> <span class='ocrx_word' id='word_1_219' title='bbox 494 2766 674 2821; x_wconf 89' lang='lat' dir='ltr'><strong>quam</strong></span> <span class='ocrx_word' id='word_1_220' title='bbox 706 2751 768 2805; x_wconf 89' lang='lat' dir='ltr'><strong>in</strong></span> <span class='ocrx_word' id='word_1_221' title='bbox 796 2749 1024 2806; x_wconf 89' lang='lat' dir='ltr'><strong>duabus</strong></span> <span class='ocrx_word' id='word_1_222' title='bbox 1056 2749 1403 2805; x_wconf 82' lang='lat' dir='ltr'><strong>substantiis</strong></span> <span class='ocrx_word' id='word_1_223' title='bbox 1435 2750 1660 2820; x_wconf 83' lang='lat' dir='ltr'><strong>Moyses</strong></span> <span class='ocrx_word' id='word_1_224' title='bbox 1706 2746 1982 2817; x_wconf 88' lang='lat' dir='ltr'><strong>Eliasque</strong></span> 
     </span>
    </p>
   </div>
   <div class='ocr_carea' id='block_1_40' title="bbox 340 2837 1218 2894">
    <p class='ocr_par' dir='ltr' id='par_1_40' title="bbox 340 2837 1218 2894">
     <span class='ocr_line' id='line_1_40' title="bbox 340 2837 1218 2894; baseline 0.001 -3"><span class='ocrx_word' id='word_1_225' title='bbox 340 2837 618 2893; x_wconf 86' lang='lat' dir='ltr'><strong>viderunt</strong></span> <span class='ocrx_word' id='word_1_226' title='bbox 646 2838 707 2894; x_wconf 90' lang='lat' dir='ltr'><strong>in</strong></span> <span class='ocrx_word' id='word_1_227' title='bbox 737 2844 939 2894; x_wconf 89' lang='lat' dir='ltr'><strong>monte</strong></span> <span class='ocrx_word' id='word_1_228' title='bbox 969 2839 1218 2894; x_wconf 91' lang='lat' dir='ltr'><strong>Thabor.</strong></span> 
     </span>
    </p>
   </div>
   <div class='ocr_carea' id='block_1_41' title="bbox 409 2925 1981 2999">
    <p class='ocr_par' dir='ltr' id='par_1_41' title="bbox 409 2925 1981 2999">
     <span class='ocr_line' id='line_1_41' title="bbox 409 2925 1981 2999; baseline -0.003 -18"><span class='ocrx_word' id='word_1_229' title='bbox 409 2928 489 2981; x_wconf 86' lang='lat' dir='ltr'><strong>Ex</strong></span> <span class='ocrx_word' id='word_1_230' title='bbox 520 2944 697 2983; x_wconf 92' lang='lat' dir='ltr'><strong>carne</strong></span> <span class='ocrx_word' id='word_1_231' title='bbox 729 2932 827 2983; x_wconf 90' lang='lat' dir='ltr'><strong>tua</strong></span> <span class='ocrx_word' id='word_1_232' title='bbox 857 2928 1005 2983; x_wconf 91' lang='lat' dir='ltr'><strong>radii</strong></span> <span class='ocrx_word' id='word_1_233' title='bbox 1037 2926 1358 2982; x_wconf 88' lang='lat' dir='ltr'><strong>divinitatis</strong></span> <span class='ocrx_word' id='word_1_234' title='bbox 1376 2925 1828 2999; x_wconf 85' lang='lat' dir='ltr'><strong>egrediebantur</strong></span> <span class='ocrx_word' id='word_1_235' title='bbox 1847 2939 1981 2994; x_wconf 89' lang='lat' dir='ltr'><strong>pro-</strong></span> 
     </span>
    </p>
   </div>
   <div class='ocr_carea' id='block_1_42' title="bbox 337 3014 1983 3088">
    <p class='ocr_par' dir='ltr' id='par_1_42' title="bbox 337 3014 1983 3088">
     <span class='ocr_line' id='line_1_42' title="bbox 337 3014 1983 3088; baseline -0.002 -18"><span class='ocrx_word' id='word_1_236' title='bbox 337 3016 651 3087; x_wconf 87' lang='lat' dir='ltr'><strong>phetarum</strong></span> <span class='ocrx_word' id='word_1_237' title='bbox 702 3022 761 3072; x_wconf 89' lang='lat' dir='ltr'><strong>et</strong></span> <span class='ocrx_word' id='word_1_238' title='bbox 808 3017 1234 3088; x_wconf 87' lang='lat' dir='ltr'><strong>apostolorum,</strong></span> <span class='ocrx_word' id='word_1_239' title='bbox 1267 3016 1424 3071; x_wconf 90' lang='lat' dir='ltr'><strong>unde</strong></span> <span class='ocrx_word' id='word_1_240' title='bbox 1479 3014 1651 3070; x_wconf 89' lang='lat' dir='ltr'><strong>electi</strong></span> <span class='ocrx_word' id='word_1_241' title='bbox 1700 3016 1983 3068; x_wconf 87' lang='lat' dir='ltr'><strong>canentes</strong></span> 
     </span>
    </p>
   </div>
   <div class='ocr_carea' id='block_1_43' title="bbox 337 3102 1797 3176">
    <p class='ocr_par' dir='ltr' id='par_1_43' title="bbox 337 3102 1797 3176">
     <span class='ocr_line' id='line_1_43' title="bbox 337 3102 1797 3176; baseline -0.003 -17"><span class='ocrx_word' id='word_1_242' title='bbox 337 3104 788 3161; x_wconf 86' lang='lat' dir='ltr'><strong>exclamabant:</strong></span> <span class='ocrx_word' id='word_1_243' title='bbox 822 3106 1018 3161; x_wconf 88' lang='lat' dir='ltr'><strong>Gloria</strong></span> <span class='ocrx_word' id='word_1_244' title='bbox 1048 3105 1330 3176; x_wconf 61' lang='lat' dir='ltr'><strong>potentiae</strong></span> <span class='ocrx_word' id='word_1_245' title='bbox 1358 3110 1494 3168; x_wconf 81' lang='lat' dir='ltr'><strong>tuae,</strong></span> <span class='ocrx_word' id='word_1_246' title='bbox 1528 3102 1797 3158; x_wconf 87' lang='lat' dir='ltr'><strong>Domine.</strong></span> 
     </span>
    </p>
   </div>
   <div class='ocr_carea' id='block_1_44' title="bbox 408 3188 1979 3264">
    <p class='ocr_par' dir='ltr' id='par_1_44' title="bbox 408 3188 1979 3264">
     <span class='ocr_line' id='line_1_44' title="bbox 408 3188 1979 3264; baseline -0.004 -16"><span class='ocrx_word' id='word_1_247' title='bbox 408 3193 640 3248; x_wconf 84' lang='lat' dir='ltr'><strong>Rubum</strong></span> <span class='ocrx_word' id='word_1_248' title='bbox 691 3210 927 3249; x_wconf 87' lang='lat' dir='ltr'><strong>servans</strong></span> <span class='ocrx_word' id='word_1_249' title='bbox 986 3194 1242 3248; x_wconf 77' lang='lat' dir='ltr'><strong>illaesum</strong></span> <span class='ocrx_word' id='word_1_250' title='bbox 1300 3190 1779 3264; x_wconf 88' lang='lat' dir='ltr'><strong>congredientem</strong></span> <span class='ocrx_word' id='word_1_251' title='bbox 1833 3188 1979 3262; x_wconf 89' lang='lat' dir='ltr'><strong>igni,</strong></span> 
     </span>
    </p>
   </div>
   <div class='ocr_carea' id='block_1_45' title="bbox 332 3279 1983 3354">
    <p class='ocr_par' dir='ltr' id='par_1_45' title="bbox 332 3279 1983 3354">
     <span class='ocr_line' id='line_1_45' title="bbox 332 3279 1983 3354; baseline -0.002 -19"><span class='ocrx_word' id='word_1_252' title='bbox 332 3282 513 3352; x_wconf 89' lang='lat' dir='ltr'><strong>Moysi</strong></span> <span class='ocrx_word' id='word_1_253' title='bbox 546 3282 745 3338; x_wconf 91' lang='lat' dir='ltr'><strong>divina</strong></span> <span class='ocrx_word' id='word_1_254' title='bbox 767 3282 899 3337; x_wconf 89' lang='lat' dir='ltr'><strong>luce</strong></span> <span class='ocrx_word' id='word_1_255' title='bbox 922 3283 1229 3354; x_wconf 66' lang='lat' dir='ltr'><strong>praeditam</strong></span> <span class='ocrx_word' id='word_1_256' title='bbox 1253 3298 1493 3338; x_wconf 89' lang='lat' dir='ltr'><strong>carnem</strong></span> <span class='ocrx_word' id='word_1_257' title='bbox 1516 3279 1848 3345; x_wconf 86' lang='lat' dir='ltr'><strong>ostendisti,</strong></span> <span class='ocrx_word' id='word_1_258' title='bbox 1876 3280 1983 3332; x_wconf 90' lang='lat' dir='ltr'><strong>Do-</strong></span> 
     </span>
    </p>
   </div>
   <div class='ocr_carea' id='block_1_46' title="bbox 333 3368 1823 3442">
    <p class='ocr_par' dir='ltr' id='par_1_46' title="bbox 333 3368 1823 3442">
     <span class='ocr_line' id='line_1_46' title="bbox 333 3368 1823 3442; baseline -0.001 -19"><span class='ocrx_word' id='word_1_259' title='bbox 333 3369 515 3434; x_wconf 89' lang='lat' dir='ltr'><strong>mine,</strong></span> <span class='ocrx_word' id='word_1_260' title='bbox 544 3371 816 3426; x_wconf 84' lang='lat' dir='ltr'><strong>canenti:</strong></span> <span class='ocrx_word' id='word_1_261' title='bbox 849 3371 1046 3426; x_wconf 90' lang='lat' dir='ltr'><strong>Gloria</strong></span> <span class='ocrx_word' id='word_1_262' title='bbox 1076 3371 1353 3442; x_wconf 78' lang='lat' dir='ltr'><strong>potentise</strong></span> <span class='ocrx_word' id='word_1_263' title='bbox 1386 3376 1520 3434; x_wconf 72' lang='lat' dir='ltr'><strong>tuae,</strong></span> <span class='ocrx_word' id='word_1_264' title='bbox 1556 3368 1823 3423; x_wconf 88' lang='lat' dir='ltr'><strong>Domine.</strong></span> 
     </span>
    </p>
   </div>
   <div class='ocr_carea' id='block_1_47' title="bbox 409 3455 1983 3519">
    <p class='ocr_par' dir='ltr' id='par_1_47' title="bbox 409 3455 1983 3519">
     <span class='ocr_line' id='line_1_47' title="bbox 409 3455 1983 3519; baseline -0.004 -4"><span class='ocrx_word' id='word_1_265' title='bbox 409 3459 745 3515; x_wconf 85' lang='lat' dir='ltr'><strong>Absconsus</strong></span> <span class='ocrx_word' id='word_1_266' title='bbox 778 3465 868 3515; x_wconf 90' lang='lat' dir='ltr'><strong>est</strong></span> <span class='ocrx_word' id='word_1_267' title='bbox 897 3459 1221 3516; x_wconf 86' lang='lat' dir='ltr'><strong>divinitatis</strong></span> <span class='ocrx_word' id='word_1_268' title='bbox 1242 3458 1425 3514; x_wconf 90' lang='lat' dir='ltr'><strong>radiis</strong></span> <span class='ocrx_word' id='word_1_269' title='bbox 1452 3457 1753 3513; x_wconf 90' lang='lat' dir='ltr'><strong>sensibilis</strong></span> <span class='ocrx_word' id='word_1_270' title='bbox 1784 3455 1893 3519; x_wconf 88' lang='lat' dir='ltr'><strong>sol,</strong></span> <span class='ocrx_word' id='word_1_271' title='bbox 1916 3460 1983 3510; x_wconf 89' lang='lat' dir='ltr'><strong>ut</strong></span> 
     </span>
    </p>
   </div>
   <div class='ocr_carea' id='block_1_48' title="bbox 334 3547 1979 3619">
    <p class='ocr_par' dir='ltr' id='par_1_48' title="bbox 334 3547 1979 3619">
     <span class='ocr_line' id='line_1_48' title="bbox 334 3547 1979 3619; baseline -0.002 -17"><span class='ocrx_word' id='word_1_272' title='bbox 334 3548 396 3603; x_wconf 90' lang='lat' dir='ltr'><strong>in</strong></span> <span class='ocrx_word' id='word_1_273' title='bbox 426 3554 630 3604; x_wconf 91' lang='lat' dir='ltr'><strong>monte</strong></span> <span class='ocrx_word' id='word_1_274' title='bbox 656 3549 957 3604; x_wconf 88' lang='lat' dir='ltr'><strong>Thaboreo</strong></span> <span class='ocrx_word' id='word_1_275' title='bbox 1005 3549 1151 3603; x_wconf 90' lang='lat' dir='ltr'><strong>vidit</strong></span> <span class='ocrx_word' id='word_1_276' title='bbox 1198 3554 1253 3603; x_wconf 89' lang='lat' dir='ltr'><strong>te</strong></span> <span class='ocrx_word' id='word_1_277' title='bbox 1306 3547 1804 3619; x_wconf 85' lang='lat' dir='ltr'><strong>transﬁguratum,</strong></span> <span class='ocrx_word' id='word_1_278' title='bbox 1843 3547 1979 3600; x_wconf 85' lang='lat' dir='ltr'><strong>Jesu</strong></span> 
     </span>
    </p>
   </div>
   <div class='ocr_carea' id='block_1_49' title="bbox 334 3637 1456 3710">
    <p class='ocr_par' dir='ltr' id='par_1_49' title="bbox 334 3637 1456 3710">
     <span class='ocr_line' id='line_1_49' title="bbox 334 3637 1456 3710; baseline 0 -18"><span class='ocrx_word' id='word_1_279' title='bbox 334 3637 455 3692; x_wconf 91' lang='lat' dir='ltr'><strong>mi:</strong></span> <span class='ocrx_word' id='word_1_280' title='bbox 491 3638 689 3694; x_wconf 89' lang='lat' dir='ltr'><strong>Gloria</strong></span> <span class='ocrx_word' id='word_1_281' title='bbox 710 3638 986 3710; x_wconf 88' lang='lat' dir='ltr'><strong>potestati</strong></span> <span class='ocrx_word' id='word_1_282' title='bbox 1019 3643 1154 3704; x_wconf 69' lang='lat' dir='ltr'><strong>tum,</strong></span> <span class='ocrx_word' id='word_1_283' title='bbox 1190 3637 1456 3692; x_wconf 90' lang='lat' dir='ltr'><strong>Domine.</strong></span> 
     </span>
    </p>
   </div>
   <div class='ocr_carea' id='block_1_50' title="bbox 406 3724 1980 3801">
    <p class='ocr_par' dir='ltr' id='par_1_50' title="bbox 406 3724 1980 3801">
     <span class='ocr_line' id='line_1_50' title="bbox 406 3724 1980 3801; baseline -0.002 -21"><span class='ocrx_word' id='word_1_284' title='bbox 406 3728 563 3801; x_wconf 89' lang='lat' dir='ltr'><strong>Ignis</strong></span> <span class='ocrx_word' id='word_1_285' title='bbox 595 3745 713 3783; x_wconf 88' lang='lat' dir='ltr'><strong>non</strong></span> <span class='ocrx_word' id='word_1_286' title='bbox 740 3744 920 3782; x_wconf 84' lang='lat' dir='ltr'><strong>urens</strong></span> <span class='ocrx_word' id='word_1_287' title='bbox 965 3727 1272 3782; x_wconf 86' lang='lat' dir='ltr'><strong>materiem</strong></span> <span class='ocrx_word' id='word_1_288' title='bbox 1331 3725 1617 3796; x_wconf 87' lang='lat' dir='ltr'><strong>corporis,</strong></span> <span class='ocrx_word' id='word_1_289' title='bbox 1674 3724 1833 3778; x_wconf 86' lang='lat' dir='ltr'><strong>visus</strong></span> <span class='ocrx_word' id='word_1_290' title='bbox 1891 3728 1980 3777; x_wconf 91' lang='lat' dir='ltr'><strong>est</strong></span> 
     </span>
    </p>
   </div>
   <div class='ocr_carea' id='block_1_51' title="bbox 334 3812 1978 3889">
    <p class='ocr_par' dir='ltr' id='par_1_51' title="bbox 334 3812 1978 3889">
     <span class='ocr_line' id='line_1_51' title="bbox 334 3812 1978 3889; baseline -0.002 -18"><span class='ocrx_word' id='word_1_291' title='bbox 334 3818 599 3872; x_wconf 73' lang='lat' dir='ltr'><strong>materia)</strong></span> <span class='ocrx_word' id='word_1_292' title='bbox 633 3833 864 3889; x_wconf 85' lang='lat' dir='ltr'><strong>expers,</strong></span> <span class='ocrx_word' id='word_1_293' title='bbox 891 3822 957 3871; x_wconf 91' lang='lat' dir='ltr'><strong>ut</strong></span> <span class='ocrx_word' id='word_1_294' title='bbox 985 3819 1211 3888; x_wconf 83' lang='lat' dir='ltr'><strong>Moyses</strong></span> <span class='ocrx_word' id='word_1_295' title='bbox 1243 3821 1300 3870; x_wconf 89' lang='lat' dir='ltr'><strong>et</strong></span> <span class='ocrx_word' id='word_1_296' title='bbox 1318 3815 1475 3869; x_wconf 88' lang='lat' dir='ltr'><strong>Elias</strong></span> <span class='ocrx_word' id='word_1_297' title='bbox 1506 3812 1790 3885; x_wconf 87' lang='lat' dir='ltr'><strong>apostolis</strong></span> <span class='ocrx_word' id='word_1_298' title='bbox 1820 3812 1978 3867; x_wconf 84' lang='lat' dir='ltr'><strong>visus</strong></span> 
     </span>
    </p>
   </div>
   <div class='ocr_carea' id='block_1_52' title="bbox 334 3902 1973 3975">
    <p class='ocr_par' dir='ltr' id='par_1_52' title="bbox 334 3902 1973 3975">
     <span class='ocr_line' id='line_1_52' title="bbox 334 3902 1973 3975; baseline -0.004 -13"><span class='ocrx_word' id='word_1_299' title='bbox 334 3924 418 3972; x_wconf 91' lang='lat' dir='ltr'><strong>es,</strong></span> <span class='ocrx_word' id='word_1_300' title='bbox 454 3908 721 3975; x_wconf 89' lang='lat' dir='ltr'><strong>Domine,</strong></span> <span class='ocrx_word' id='word_1_301' title='bbox 750 3924 907 3963; x_wconf 88' lang='lat' dir='ltr'><strong>unus</strong></span> <span class='ocrx_word' id='word_1_302' title='bbox 941 3924 1010 3962; x_wconf 82' lang='lat' dir='ltr'><strong>ex</strong></span> <span class='ocrx_word' id='word_1_303' title='bbox 1037 3906 1266 3961; x_wconf 89' lang='lat' dir='ltr'><strong>duobus</strong></span> <span class='ocrx_word' id='word_1_304' title='bbox 1315 3905 1374 3959; x_wconf 91' lang='lat' dir='ltr'><strong>in</strong></span> <span class='ocrx_word' id='word_1_305' title='bbox 1424 3903 1652 3959; x_wconf 90' lang='lat' dir='ltr'><strong>duabus</strong></span> <span class='ocrx_word' id='word_1_306' title='bbox 1699 3902 1973 3974; x_wconf 86' lang='lat' dir='ltr'><strong>perfectis</strong></span> 
     </span>
    </p>
   </div>
   <div class='ocr_carea' id='block_1_53' title="bbox 332 3996 581 4051">
    <p class='ocr_par' dir='ltr' id='par_1_53' title="bbox 332 3996 581 4051">
     <span class='ocr_line' id='line_1_53' title="bbox 332 3996 581 4051; baseline 0 0"><span class='ocrx_word' id='word_1_307' title='bbox 332 3996 581 4051; x_wconf 88' lang='lat' dir='ltr'><strong>naturis.</strong></span> 
     </span>
    </p>
   </div>
   <div class='ocr_carea' id='block_1_54' title="bbox 402 4082 1971 4160">
    <p class='ocr_par' dir='ltr' id='par_1_54' title="bbox 402 4082 1971 4160">
     <span class='ocr_line' id='line_1_54' title="bbox 402 4082 1971 4160; baseline -0.002 -21"><span class='ocrx_word' id='word_1_308' title='bbox 402 4086 712 4141; x_wconf 79' lang='lat' dir='ltr'><strong>Facundus</strong></span> <span class='ocrx_word' id='word_1_309' title='bbox 736 4087 955 4160; x_wconf 89' lang='lat' dir='ltr'><strong>lingua,</strong></span> <span class='ocrx_word' id='word_1_310' title='bbox 982 4091 1083 4141; x_wconf 88' lang='lat' dir='ltr'><strong>tua</strong></span> <span class='ocrx_word' id='word_1_311' title='bbox 1103 4084 1398 4157; x_wconf 85' lang='lat' dir='ltr'><strong>magnalia</strong></span> <span class='ocrx_word' id='word_1_312' title='bbox 1419 4099 1538 4137; x_wconf 88' lang='lat' dir='ltr'><strong>non</strong></span> <span class='ocrx_word' id='word_1_313' title='bbox 1565 4086 1757 4153; x_wconf 80' lang='lat' dir='ltr'><strong>potest</strong></span> <span class='ocrx_word' id='word_1_314' title='bbox 1777 4082 1971 4152; x_wconf 86' lang='lat' dir='ltr'><strong>loqui:</strong></span> 
     </span>
    </p>
   </div>
   <div class='ocr_carea' id='block_1_55' title="bbox 328 4171 1982 4249">
    <p class='ocr_par' dir='ltr' id='par_1_55' title="bbox 328 4171 1976 4247">
     <span class='ocr_line' id='line_1_55' title="bbox 328 4171 1976 4247; baseline -0.003 -18"><span class='ocrx_word' id='word_1_315' title='bbox 328 4179 394 4229; x_wconf 90' lang='lat' dir='ltr'><strong>ut</strong></span> <span class='ocrx_word' id='word_1_316' title='bbox 424 4175 583 4229; x_wconf 89' lang='lat' dir='ltr'><strong>enim</strong></span> <span class='ocrx_word' id='word_1_317' title='bbox 609 4176 909 4247; x_wconf 87' lang='lat' dir='ltr'><strong>imperans</strong></span> <span class='ocrx_word' id='word_1_318' title='bbox 929 4176 1080 4240; x_wconf 64' lang='lat' dir='ltr'><strong>vitas,</strong></span> <span class='ocrx_word' id='word_1_319' title='bbox 1101 4180 1160 4231; x_wconf 88' lang='lat' dir='ltr'><strong>et</strong></span> <span class='ocrx_word' id='word_1_320' title='bbox 1178 4174 1351 4229; x_wconf 89' lang='lat' dir='ltr'><strong>morti</strong></span> <span class='ocrx_word' id='word_1_321' title='bbox 1383 4172 1718 4237; x_wconf 87' lang='lat' dir='ltr'><strong>dominans,</strong></span> <span class='ocrx_word' id='word_1_322' title='bbox 1753 4171 1976 4226; x_wconf 89' lang='lat' dir='ltr'><strong>consti-</strong></span> 
     </span>
    </p>
   </div>
   <div class='ocr_carea' id='block_1_56' title="bbox 2121 4171 3245 4249">
    <p class='ocr_par' dir='ltr' id='par_1_56' title="bbox 2123 4172 3245 4249">
     <span class='ocr_line' id='line_1_56' title="bbox 2123 4172 3245 4249; baseline 0.018 -25"><span class='ocrx_word' id='word_1_323' title='bbox 2123 4172 2424 4244; x_wconf 76' lang='grc' dir='ltr'>θὲγξασθαι·</span> <span class='ocrx_word' id='word_1_324' title='bbox 2486 4172 2560 4233; x_wconf 85' lang='grc' dir='ltr'>ὡς</span> <span class='ocrx_word' id='word_1_325' title='bbox 2616 4177 2827 4248; x_wconf 77' lang='grc' dir='ltr'>κρατῶν</span> <span class='ocrx_word' id='word_1_326' title='bbox 2890 4178 3035 4242; x_wconf 83' lang='grc' dir='ltr'>ζωῆς</span> <span class='ocrx_word' id='word_1_327' title='bbox 3092 4175 3193 4249; x_wconf 72' lang='grc' dir='ltr'>γὰρ</span> <span class='ocrx_word' id='word_1_328' title='bbox 3229 4215 3245 4242; x_wconf 76' lang='grc' dir='ltr'><strong><em>ο</em></strong></span> 
     </span>
    </p>
   </div>
   <div class='ocr_carea' id='block_1_57' title="bbox 2082 4255 3735 4339">
    <p class='ocr_par' dir='ltr' id='par_1_57' title="bbox 2082 4255 3735 4339">
     <span class='ocr_line' id='line_1_57' title="bbox 2082 4255 3735 4339; baseline 0.004 -25"><span class='ocrx_word' id='word_1_329' title='bbox 2082 4255 2377 4331; x_wconf 83' lang='grc' dir='ltr'><strong>δεσπόζων,</strong></span> <span class='ocrx_word' id='word_1_330' title='bbox 2407 4259 2750 4333; x_wconf 72' lang='grc' dir='ltr'>παρέστησας</span> <span class='ocrx_word' id='word_1_331' title='bbox 2779 4259 2833 4317; x_wconf 82' lang='grc' dir='ltr'>ἐν</span> <span class='ocrx_word' id='word_1_332' title='bbox 2878 4256 3074 4337; x_wconf 76' lang='grc' dir='ltr'>Θαὸὼρ</span> <span class='ocrx_word' id='word_1_333' title='bbox 3130 4266 3210 4334; x_wconf 82' lang='grc' dir='ltr'><strong>τῷ</strong></span> <span class='ocrx_word' id='word_1_334' title='bbox 3268 4258 3383 4339; x_wconf 73' lang='grc' dir='ltr'>ὄρει</span> <span class='ocrx_word' id='word_1_335' title='bbox 3439 4264 3529 4319; x_wconf 80' lang='grc' dir='ltr'><strong>τὸν</strong></span> <span class='ocrx_word' id='word_1_336' title='bbox 3564 4271 3735 4321; x_wconf 65' lang='lat' dir='ltr'><strong>Minit-</strong></span> 
     </span>
    </p>
   </div>
   <div class='ocr_carea' id='block_1_58' title="bbox 2079 4346 3733 4425">
    <p class='ocr_par' dir='ltr' id='par_1_58' title="bbox 2079 4346 3733 4425">
     <span class='ocr_line' id='line_1_58' title="bbox 2079 4346 3733 4425; baseline 0.005 -24"><span class='ocrx_word' id='word_1_337' title='bbox 2079 4350 2176 4417; x_wconf 79' lang='grc' dir='ltr'><strong>σῆν</strong></span> <span class='ocrx_word' id='word_1_338' title='bbox 2231 4348 2319 4403; x_wconf 87' lang='grc' dir='ltr'><strong>καὶ</strong></span> <span class='ocrx_word' id='word_1_339' title='bbox 2374 4348 2467 4404; x_wconf 86' lang='grc' dir='ltr'>τὸν</span> <span class='ocrx_word' id='word_1_340' title='bbox 2523 4346 2734 4418; x_wconf 86' lang='grc' dir='ltr'>Ἠλίαν,</span> <span class='ocrx_word' id='word_1_341' title='bbox 2799 4351 3244 4425; x_wconf 80' lang='grc' dir='ltr'>μαρτυρήσαντάς</span> <span class='ocrx_word' id='word_1_342' title='bbox 3298 4372 3394 4406; x_wconf 92' lang='grc' dir='ltr'><strong>σου</strong></span> <span class='ocrx_word' id='word_1_343' title='bbox 3448 4353 3548 4423; x_wconf 81' lang='grc' dir='ltr'>τήν</span> <span class='ocrx_word' id='word_1_344' title='bbox 3610 4354 3733 4418; x_wconf 78' lang='grc' dir='ltr'>θεόο</span> 
     </span>
    </p>
   </div>
   <div class='ocr_carea' id='block_1_59' title="bbox 2076 4456 2844 4506">
    <p class='ocr_par' dir='ltr' id='par_1_59' title="bbox 2076 4456 2844 4506">
     <span class='ocr_line' id='line_1_59' title="bbox 2076 4456 2844 4506; baseline 0.003 -16"><span class='ocrx_word' id='word_1_345' title='bbox 2076 4456 2237 4506; x_wconf 86' lang='grc' dir='ltr'>τητα.</span> <span class='ocrx_word' id='word_1_346' title='bbox 2840 4461 2844 4465; x_wconf 67' lang='grc'><em>’</em></span> 
     </span>
    </p>
   </div>
   <div class='ocr_carea' id='block_1_60' title="bbox 325 4260 1969 4335">
    <p class='ocr_par' dir='ltr' id='par_1_60' title="bbox 325 4260 1969 4335">
     <span class='ocr_line' id='line_1_60' title="bbox 325 4260 1969 4335; baseline -0.002 -17"><span class='ocrx_word' id='word_1_347' title='bbox 325 4262 490 4318; x_wconf 89' lang='lat' dir='ltr'><strong>tuisti</strong></span> <span class='ocrx_word' id='word_1_348' title='bbox 530 4264 681 4319; x_wconf 77' lang='lat'><strong>689</strong></span> <span class='ocrx_word' id='word_1_349' title='bbox 713 4264 773 4318; x_wconf 90' lang='lat' dir='ltr'><strong>in</strong></span> <span class='ocrx_word' id='word_1_350' title='bbox 798 4265 1030 4319; x_wconf 88' lang='lat' dir='ltr'><strong>Thabor</strong></span> <span class='ocrx_word' id='word_1_351' title='bbox 1057 4270 1257 4321; x_wconf 90' lang='lat' dir='ltr'><strong>monte</strong></span> <span class='ocrx_word' id='word_1_352' title='bbox 1290 4264 1523 4335; x_wconf 88' lang='lat' dir='ltr'><strong>Moysen</strong></span> <span class='ocrx_word' id='word_1_353' title='bbox 1556 4267 1615 4318; x_wconf 87' lang='lat' dir='ltr'><strong>et</strong></span> <span class='ocrx_word' id='word_1_354' title='bbox 1641 4260 1851 4328; x_wconf 89' lang='lat' dir='ltr'><strong>Eliam,</strong></span> <span class='ocrx_word' id='word_1_355' title='bbox 1884 4265 1969 4315; x_wconf 89' lang='lat' dir='ltr'><strong>te-</strong></span> 
     </span>
    </p>
   </div>
   <div class='ocr_carea' id='block_1_61' title="bbox 325 4353 1166 4409">
    <p class='ocr_par' dir='ltr' id='par_1_61' title="bbox 325 4353 1166 4409">
     <span class='ocr_line' id='line_1_61' title="bbox 325 4353 1166 4409; baseline 0.004 -3"><span class='ocrx_word' id='word_1_356' title='bbox 325 4357 550 4409; x_wconf 88' lang='lat' dir='ltr'><strong>stantes</strong></span> <span class='ocrx_word' id='word_1_357' title='bbox 582 4358 745 4408; x_wconf 88' lang='lat' dir='ltr'><strong>tuam</strong></span> <span class='ocrx_word' id='word_1_358' title='bbox 773 4353 1166 4409; x_wconf 88' lang='lat' dir='ltr'><strong>divinitatem.</strong></span> 
     </span>
    </p>
   </div>
   <div class='ocr_carea' id='block_1_62' title="bbox 396 4527 1968 4597">
    <p class='ocr_par' dir='ltr' id='par_1_62' title="bbox 396 4527 1968 4597">
     <span class='ocr_line' id='line_1_62' title="bbox 396 4527 1968 4597; baseline -0.003 -11"><span class='ocrx_word' id='word_1_359' title='bbox 396 4530 503 4597; x_wconf 90' lang='lat' dir='ltr'><strong>Qui</strong></span> <span class='ocrx_word' id='word_1_360' title='bbox 536 4531 812 4587; x_wconf 88' lang='lat' dir='ltr'><strong>manibus</strong></span> <span class='ocrx_word' id='word_1_361' title='bbox 869 4531 1266 4586; x_wconf 87' lang='lat' dir='ltr'><strong>invisibilibus</strong></span> <span class='ocrx_word' id='word_1_362' title='bbox 1313 4529 1583 4585; x_wconf 83' lang='lat' dir='ltr'><strong>formasti</strong></span> <span class='ocrx_word' id='word_1_363' title='bbox 1640 4527 1968 4583; x_wconf 90' lang='lat' dir='ltr'><strong>secundum</strong></span> 
     </span>
    </p>
   </div>
   <div class='ocr_carea' id='block_1_63' title="bbox 2001 4482 2049 4546">
    <p class='ocr_par' dir='ltr' id='par_1_63' title="bbox 2001 4482 2049 4546">
     <span class='ocr_line' id='line_1_63' title="bbox 2001 4482 2049 4546; baseline 0 0"><span class='ocrx_word' id='word_1_364' title='bbox 2001 4482 2049 4546; x_wconf 94' lang='lat' dir='ltr'><strong>D</strong></span> 
     </span>
    </p>
   </div>
   <div class='ocr_carea' id='block_1_64' title="bbox 2020 1749 3030 1834">
    <p class='ocr_par' dir='ltr' id='par_1_64' title="bbox 2020 1749 3030 1834">
     <span class='ocr_line' id='line_1_64' title="bbox 2020 1749 3030 1834; baseline 0.009 -24"><span class='ocrx_word' id='word_1_365' title='bbox 2020 1749 2067 1814; x_wconf 84' lang='grc' dir='ltr'><strong>Β</strong></span> <span class='ocrx_word' id='word_1_366' title='bbox 2098 1753 2156 1811; x_wconf 71' lang='grc' dir='ltr'>δὲ</span> <span class='ocrx_word' id='word_1_367' title='bbox 2184 1760 2276 1811; x_wconf 75' lang='grc' dir='ltr'><strong>νῦν</strong></span> <span class='ocrx_word' id='word_1_368' title='bbox 2311 1758 2596 1834; x_wconf 79' lang='grc' dir='ltr'>ἀπροσίτῳ</span> <span class='ocrx_word' id='word_1_369' title='bbox 2623 1768 2723 1831; x_wconf 89' lang='grc' dir='ltr'><strong>τῆς</strong></span> <span class='ocrx_word' id='word_1_370' title='bbox 2748 1760 3030 1831; x_wconf 83' lang='grc' dir='ltr'>θεότητος.</span> 
     </span>
    </p>
   </div>
   <div class='ocr_carea' id='block_1_65' title="bbox 2167 1845 3748 1929">
    <p class='ocr_par' dir='ltr' id='par_1_65' title="bbox 2167 1845 3748 1929">
     <span class='ocr_line' id='line_1_65' title="bbox 2167 1845 3748 1929; baseline 0.003 -26"><span class='ocrx_word' id='word_1_371' title='bbox 2167 1846 2231 1903; x_wconf 86' lang='grc' dir='ltr'>Ἣ</span> <span class='ocrx_word' id='word_1_372' title='bbox 2264 1845 2556 1917; x_wconf 85' lang='grc' dir='ltr'>σκιάζουσα</span> <span class='ocrx_word' id='word_1_373' title='bbox 2583 1847 2712 1921; x_wconf 82' lang='grc' dir='ltr'>δόξα</span> <span class='ocrx_word' id='word_1_374' title='bbox 2738 1848 2792 1906; x_wconf 86' lang='grc' dir='ltr'>ἐν</span> <span class='ocrx_word' id='word_1_375' title='bbox 2847 1855 2915 1925; x_wconf 79' lang='grc' dir='ltr'><strong>τῇ</strong></span> <span class='ocrx_word' id='word_1_376' title='bbox 2977 1855 3151 1925; x_wconf 85' lang='grc' dir='ltr'>σκηνῇ</span> <span class='ocrx_word' id='word_1_377' title='bbox 3208 1851 3496 1929; x_wconf 86' lang='grc' dir='ltr'>πρότερον,</span> <span class='ocrx_word' id='word_1_378' title='bbox 3551 1853 3748 1927; x_wconf 78' lang='grc' dir='ltr'>καὶτῷ</span> 
     </span>
    </p>
   </div>
   <div class='ocr_carea' id='block_1_66' title="bbox 2098 1945 3747 2026">
    <p class='ocr_par' dir='ltr' id='par_1_66' title="bbox 2098 1945 3747 2026">
     <span class='ocr_line' id='line_1_66' title="bbox 2098 1945 3747 2026; baseline 0.005 -29"><span class='ocrx_word' id='word_1_379' title='bbox 2098 1945 2307 2010; x_wconf 70' lang='grc' dir='ltr'>Μωυσῆ</span> <span class='ocrx_word' id='word_1_380' title='bbox 2340 1945 2615 2019; x_wconf 78' lang='grc' dir='ltr'><strong>ὁμιλοῦσα</strong></span> <span class='ocrx_word' id='word_1_381' title='bbox 2644 1952 2722 2021; x_wconf 80' lang='grc' dir='ltr'>τῷ</span> <span class='ocrx_word' id='word_1_382' title='bbox 2779 1953 2858 2021; x_wconf 82' lang='grc' dir='ltr'>σῷ</span> <span class='ocrx_word' id='word_1_383' title='bbox 2918 1951 3226 2026; x_wconf 76' lang='grc' dir='ltr'>θεράποντι,</span> <span class='ocrx_word' id='word_1_384' title='bbox 3254 1949 3424 2012; x_wconf 77' lang='grc' dir='ltr'>τύπος</span> <span class='ocrx_word' id='word_1_385' title='bbox 3453 1952 3747 2026; x_wconf 73' lang='grc' dir='ltr'>γεγένηται</span> 
     </span>
    </p>
   </div>
   <div class='ocr_carea' id='block_1_67' title="bbox 2093 2033 3743 2115">
    <p class='ocr_par' dir='ltr' id='par_1_67' title="bbox 2093 2033 3743 2115">
     <span class='ocr_line' id='line_1_67' title="bbox 2093 2033 3743 2115; baseline 0.005 -28"><span class='ocrx_word' id='word_1_386' title='bbox 2093 2039 2194 2102; x_wconf 81' lang='grc' dir='ltr'><strong>τῆς</strong></span> <span class='ocrx_word' id='word_1_387' title='bbox 2249 2033 2595 2109; x_wconf 78' lang='grc' dir='ltr'>ἄστραψάσης</span> <span class='ocrx_word' id='word_1_388' title='bbox 2654 2037 2907 2114; x_wconf 78' lang='grc' dir='ltr'>άῤῥήτως</span> <span class='ocrx_word' id='word_1_389' title='bbox 2966 2038 3017 2094; x_wconf 79' lang='grc' dir='ltr'>ἐν</span> <span class='ocrx_word' id='word_1_390' title='bbox 3073 2034 3266 2115; x_wconf 78' lang='grc' dir='ltr'>Θαόὼρ</span> <span class='ocrx_word' id='word_1_391' title='bbox 3324 2061 3442 2109; x_wconf 86' lang='grc' dir='ltr'>σου,</span> <span class='ocrx_word' id='word_1_392' title='bbox 3476 2043 3743 2111; x_wconf 65' lang='grc' dir='ltr'>Δίσποτά,</span> 
     </span>
    </p>
   </div>
   <div class='ocr_carea' id='block_1_68' title="bbox 2101 2125 2603 2199">
    <p class='ocr_par' dir='ltr' id='par_1_68' title="bbox 2101 2125 2603 2199">
     <span class='ocr_line' id='line_1_68' title="bbox 2101 2125 2603 2199; baseline 0.008 -24"><span class='ocrx_word' id='word_1_393' title='bbox 2101 2142 2232 2192; x_wconf 88' lang='grc' dir='ltr'>μετα</span> <span class='ocrx_word' id='word_1_394' title='bbox 2243 2125 2603 2199; x_wconf 78' lang='grc' dir='ltr'>μορφώσεως.</span> 
     </span>
    </p>
   </div>
   <div class='ocr_carea' id='block_1_69' title="bbox 2167 2210 3747 2294">
    <p class='ocr_par' dir='ltr' id='par_1_69' title="bbox 2167 2210 3747 2294">
     <span class='ocr_line' id='line_1_69' title="bbox 2167 2210 3747 2294; baseline 0.006 -31"><span class='ocrx_word' id='word_1_395' title='bbox 2167 2210 2514 2280; x_wconf 78' lang='grc' dir='ltr'>Συνανῆλθόν</span> <span class='ocrx_word' id='word_1_396' title='bbox 2573 2235 2684 2282; x_wconf 83' lang='grc' dir='ltr'>σοι,</span> <span class='ocrx_word' id='word_1_397' title='bbox 2744 2217 2906 2292; x_wconf 85' lang='grc' dir='ltr'>Λόγε,</span> <span class='ocrx_word' id='word_1_398' title='bbox 2968 2219 3272 2294; x_wconf 79' lang='grc' dir='ltr'>μονογενὲς,</span> <span class='ocrx_word' id='word_1_399' title='bbox 3329 2217 3747 2292; x_wconf 46' lang='lat' dir='ltr'><strong>adtingi,qu</strong></span> 
     </span>
    </p>
   </div>
   <div class='ocr_carea' id='block_1_70' title="bbox 2092 2294 3746 2382">
    <p class='ocr_par' dir='ltr' id='par_1_70' title="bbox 2092 2294 3746 2382">
     <span class='ocr_line' id='line_1_70' title="bbox 2092 2294 3746 2382; baseline 0.007 -31"><span class='ocrx_word' id='word_1_400' title='bbox 2092 2294 2413 2355; x_wconf 82' lang='grc' dir='ltr'>ἀποστόλων</span> <span class='ocrx_word' id='word_1_401' title='bbox 2450 2303 2687 2376; x_wconf 79' lang='grc' dir='ltr'>ἀκρότης</span> <span class='ocrx_word' id='word_1_402' title='bbox 2716 2303 2802 2358; x_wconf 69' lang='grc' dir='ltr'>ἐπὶ</span> <span class='ocrx_word' id='word_1_403' title='bbox 2833 2308 2930 2360; x_wconf 69' lang='grc' dir='ltr'><strong>τοῦ</strong></span> <span class='ocrx_word' id='word_1_404' title='bbox 2988 2301 3149 2380; x_wconf 78' lang='grc' dir='ltr'>ὅρους</span> <span class='ocrx_word' id='word_1_405' title='bbox 3203 2301 3420 2382; x_wconf 76' lang='grc' dir='ltr'>Θαὸὼρ,</span> <span class='ocrx_word' id='word_1_406' title='bbox 3451 2308 3542 2362; x_wconf 81' lang='grc' dir='ltr'><strong>καὶ</strong></span> <span class='ocrx_word' id='word_1_407' title='bbox 3602 2328 3746 2381; x_wconf 88' lang='grc' dir='ltr'>συμ-</span> 
     </span>
    </p>
   </div>
   <div class='ocr_carea' id='block_1_71' title="bbox 2092 2385 3744 2464">
    <p class='ocr_par' dir='ltr' id='par_1_71' title="bbox 2092 2385 3744 2464">
     <span class='ocr_line' id='line_1_71' title="bbox 2092 2385 3744 2464; baseline 0.006 -24"><span class='ocrx_word' id='word_1_408' title='bbox 2092 2385 2453 2462; x_wconf 84' lang='grc' dir='ltr'>παρέστησαν,</span> <span class='ocrx_word' id='word_1_409' title='bbox 2487 2389 2602 2445; x_wconf 76' lang='grc' dir='ltr'><strong>ὅτε</strong></span> <span class='ocrx_word' id='word_1_410' title='bbox 2648 2397 2872 2463; x_wconf 84' lang='grc' dir='ltr'>Μωσῆς,</span> <span class='ocrx_word' id='word_1_411' title='bbox 2929 2392 3019 2448; x_wconf 80' lang='grc' dir='ltr'>καὶ</span> <span class='ocrx_word' id='word_1_412' title='bbox 3074 2391 3286 2464; x_wconf 77' lang='grc' dir='ltr'>Ἠλίας,</span> <span class='ocrx_word' id='word_1_413' title='bbox 3342 2395 3415 2457; x_wconf 85' lang='grc' dir='ltr'><strong>ὡς</strong></span> <span class='ocrx_word' id='word_1_414' title='bbox 3461 2399 3596 2451; x_wconf 72' lang='grc' dir='ltr'>Θεοῦ</span> <span class='ocrx_word' id='word_1_415' title='bbox 3651 2396 3744 2450; x_wconf 78' lang='grc' dir='ltr'><strong>θε-</strong></span> 
     </span>
    </p>
   </div>
   <div class='ocr_carea' id='block_1_72' title="bbox 2093 2472 2936 2555">
    <p class='ocr_par' dir='ltr' id='par_1_72' title="bbox 2093 2472 2936 2555">
     <span class='ocr_line' id='line_1_72' title="bbox 2093 2472 2936 2555; baseline 0.011 -28"><span class='ocrx_word' id='word_1_416' title='bbox 2093 2472 2374 2548; x_wconf 87' lang='grc' dir='ltr'>ράποντες,</span> <span class='ocrx_word' id='word_1_417' title='bbox 2411 2478 2544 2550; x_wconf 85' lang='grc' dir='ltr'>μόνε</span> <span class='ocrx_word' id='word_1_418' title='bbox 2566 2477 2936 2555; x_wconf 76' lang='grc' dir='ltr'>φιλάνθρωπε.</span> 
     </span>
    </p>
   </div>
   <div class='ocr_carea' id='block_1_73' title="bbox 2164 2564 3741 2647">
    <p class='ocr_par' dir='ltr' id='par_1_73' title="bbox 2164 2564 3741 2647">
     <span class='ocr_line' id='line_1_73' title="bbox 2164 2564 3741 2647; baseline 0.012 -30"><span class='ocrx_word' id='word_1_419' title='bbox 2164 2565 2292 2623; x_wconf 85' lang='grc' dir='ltr'>Θεὸς</span> <span class='ocrx_word' id='word_1_420' title='bbox 2316 2564 2447 2631; x_wconf 76' lang='grc' dir='ltr'>ὅλος</span> <span class='ocrx_word' id='word_1_421' title='bbox 2487 2568 2774 2643; x_wconf 81' lang='grc' dir='ltr'>ὑπάρχων,</span> <span class='ocrx_word' id='word_1_422' title='bbox 2806 2568 2937 2632; x_wconf 76' lang='grc' dir='ltr'>ὅλος</span> <span class='ocrx_word' id='word_1_423' title='bbox 2999 2570 3192 2645; x_wconf 87' lang='grc' dir='ltr'>βροτὸς</span> <span class='ocrx_word' id='word_1_424' title='bbox 3242 2568 3486 2646; x_wconf 71' lang='grc' dir='ltr'>γέγονας,</span> <span class='ocrx_word' id='word_1_425' title='bbox 3520 2569 3626 2646; x_wconf 73' lang='grc' dir='ltr'>ὅλῃ</span> <span class='ocrx_word' id='word_1_426' title='bbox 3670 2574 3741 2647; x_wconf 71' lang='grc' dir='ltr'><strong>τῇ</strong></span> 
     </span>
    </p>
   </div>
   <div class='ocr_carea' id='block_1_74' title="bbox 2092 2653 3737 2740">
    <p class='ocr_par' dir='ltr' id='par_1_74' title="bbox 2092 2653 3737 2740">
     <span class='ocr_line' id='line_1_74' title="bbox 2092 2653 3737 2740; baseline 0.006 -33"><span class='ocrx_word' id='word_1_427' title='bbox 2092 2653 2308 2724; x_wconf 86' lang='grc' dir='ltr'>θεότητι</span> <span class='ocrx_word' id='word_1_428' title='bbox 2351 2656 2503 2730; x_wconf 91' lang='grc' dir='ltr'>μίξας</span> <span class='ocrx_word' id='word_1_429' title='bbox 2559 2660 2661 2729; x_wconf 80' lang='grc' dir='ltr'><strong>τήν</strong></span> <span class='ocrx_word' id='word_1_430' title='bbox 2720 2659 3113 2734; x_wconf 82' lang='grc' dir='ltr'>ἀντρωπότητα</span> <span class='ocrx_word' id='word_1_431' title='bbox 3169 2661 3219 2715; x_wconf 83' lang='grc' dir='ltr'>ἐν</span> <span class='ocrx_word' id='word_1_432' title='bbox 3272 2662 3562 2718; x_wconf 82' lang='grc' dir='ltr'>ὑποστάσει</span> <span class='ocrx_word' id='word_1_433' title='bbox 3618 2683 3737 2740; x_wconf 73' lang='grc' dir='ltr'>σου,</span> 
     </span>
    </p>
   </div>
   <div class='ocr_carea' id='block_1_75' title="bbox 2090 2740 3739 2819">
    <p class='ocr_par' dir='ltr' id='par_1_75' title="bbox 2090 2740 3739 2819">
     <span class='ocr_line' id='line_1_75' title="bbox 2090 2740 3739 2819; baseline 0.006 -24"><span class='ocrx_word' id='word_1_434' title='bbox 2090 2740 2156 2810; x_wconf 74' lang='grc' dir='ltr'>ἣν</span> <span class='ocrx_word' id='word_1_435' title='bbox 2188 2740 2240 2797; x_wconf 78' lang='grc' dir='ltr'>ἐν</span> <span class='ocrx_word' id='word_1_436' title='bbox 2284 2741 2399 2800; x_wconf 83' lang='grc' dir='ltr'>δυσὶ</span> <span class='ocrx_word' id='word_1_437' title='bbox 2449 2752 2568 2810; x_wconf 82' lang='grc' dir='ltr'>ταῖς</span> <span class='ocrx_word' id='word_1_438' title='bbox 2599 2747 2811 2811; x_wconf 77' lang='grc' dir='ltr'>οὐσίαις</span> <span class='ocrx_word' id='word_1_439' title='bbox 2860 2754 3063 2819; x_wconf 81' lang='grc' dir='ltr'>Μωσῆς</span> <span class='ocrx_word' id='word_1_440' title='bbox 3126 2749 3314 2813; x_wconf 87' lang='grc' dir='ltr'>Ἠλίας</span> <span class='ocrx_word' id='word_1_441' title='bbox 3369 2770 3429 2805; x_wconf 87' lang='grc' dir='ltr'><strong>τε</strong></span> <span class='ocrx_word' id='word_1_442' title='bbox 3483 2747 3624 2805; x_wconf 75' lang='grc' dir='ltr'>εἶδον</span> <span class='ocrx_word' id='word_1_443' title='bbox 3686 2748 3739 2805; x_wconf 75' lang='grc' dir='ltr'>ἐν</span> 
     </span>
    </p>
   </div>
   <div class='ocr_carea' id='block_1_76' title="bbox 2091 2825 2457 2909">
    <p class='ocr_par' dir='ltr' id='par_1_76' title="bbox 2091 2825 2457 2909">
     <span class='ocr_line' id='line_1_76' title="bbox 2091 2825 2457 2909; baseline 0.022 -25"><span class='ocrx_word' id='word_1_444' title='bbox 2091 2825 2205 2903; x_wconf 73' lang='grc' dir='ltr'>ὄρει</span> <span class='ocrx_word' id='word_1_445' title='bbox 2240 2828 2457 2909; x_wconf 80' lang='grc' dir='ltr'>Θαϐώρ.</span> 
     </span>
    </p>
   </div>
   <div class='ocr_carea' id='block_1_77' title="bbox 2161 2925 3742 3005">
    <p class='ocr_par' dir='ltr' id='par_1_77' title="bbox 2161 2925 3742 3005">
     <span class='ocr_line' id='line_1_77' title="bbox 2161 2925 3742 3005; baseline 0.004 -26"><span class='ocrx_word' id='word_1_446' title='bbox 2161 2925 2258 2979; x_wconf 87' lang='grc' dir='ltr'>Ἐκ</span> <span class='ocrx_word' id='word_1_447' title='bbox 2308 2926 2507 2997; x_wconf 84' lang='grc' dir='ltr'>σαρκός</span> <span class='ocrx_word' id='word_1_448' title='bbox 2561 2948 2657 2982; x_wconf 89' lang='grc' dir='ltr'><strong>σου</strong></span> <span class='ocrx_word' id='word_1_449' title='bbox 2719 2926 2939 3002; x_wconf 85' lang='grc' dir='ltr'>βολίδες</span> <span class='ocrx_word' id='word_1_450' title='bbox 3020 2928 3277 3000; x_wconf 84' lang='grc' dir='ltr'>θεότητος</span> <span class='ocrx_word' id='word_1_451' title='bbox 3359 2928 3742 3005; x_wconf 70' lang='grc' dir='ltr'>ἐξεπορεύοντο</span> 
     </span>
    </p>
   </div>
   <div class='ocr_carea' id='block_1_78' title="bbox 2090 3014 3744 3094">
    <p class='ocr_par' dir='ltr' id='par_1_78' title="bbox 2090 3014 3744 3094">
     <span class='ocr_line' id='line_1_78' title="bbox 2090 3014 3744 3094; baseline 0.007 -30"><span class='ocrx_word' id='word_1_452' title='bbox 2090 3017 2391 3089; x_wconf 77' lang='grc' dir='ltr'>προφητῶν</span> <span class='ocrx_word' id='word_1_453' title='bbox 2452 3014 2545 3069; x_wconf 78' lang='grc' dir='ltr'><strong>καὶ</strong></span> <span class='ocrx_word' id='word_1_454' title='bbox 2603 3016 2948 3089; x_wconf 84' lang='grc' dir='ltr'>ἀποστόλων,</span> <span class='ocrx_word' id='word_1_455' title='bbox 3002 3017 3121 3081; x_wconf 81' lang='grc' dir='ltr'>ὅθεν</span> <span class='ocrx_word' id='word_1_456' title='bbox 3174 3019 3225 3073; x_wconf 81' lang='grc' dir='ltr'>οἱ</span> <span class='ocrx_word' id='word_1_457' title='bbox 3254 3019 3542 3094; x_wconf 83' lang='grc' dir='ltr'>πρόκριτοι</span> <span class='ocrx_word' id='word_1_458' title='bbox 3598 3017 3744 3092; x_wconf 77' lang='grc' dir='ltr'>μέλ-</span> 
     </span>
    </p>
   </div>
   <div class='ocr_carea' id='block_1_79' title="bbox 2015 3097 3464 3186">
    <p class='ocr_par' dir='ltr' id='par_1_79' title="bbox 2015 3097 3464 3186">
     <span class='ocr_line' id='line_1_79' title="bbox 2015 3097 3464 3186; baseline 0.008 -34"><span class='ocrx_word' id='word_1_459' title='bbox 2015 3118 2058 3186; x_wconf 74' lang='lat' dir='ltr'>C</span> <span class='ocrx_word' id='word_1_460' title='bbox 2098 3119 2289 3164; x_wconf 89' lang='grc' dir='ltr'>ποντες</span> <span class='ocrx_word' id='word_1_461' title='bbox 2318 3097 2580 3158; x_wconf 77' lang='grc' dir='ltr'>ἀνεϐόων·</span> <span class='ocrx_word' id='word_1_462' title='bbox 2614 3100 2749 3174; x_wconf 84' lang='grc' dir='ltr'>Δόξα</span> <span class='ocrx_word' id='word_1_463' title='bbox 2772 3109 2840 3179; x_wconf 78' lang='grc' dir='ltr'>τῇ</span> <span class='ocrx_word' id='word_1_464' title='bbox 2868 3102 3092 3179; x_wconf 83' lang='grc' dir='ltr'>δυνάμει</span> <span class='ocrx_word' id='word_1_465' title='bbox 3126 3127 3242 3176; x_wconf 87' lang='grc' dir='ltr'>σου,</span> <span class='ocrx_word' id='word_1_466' title='bbox 3276 3106 3464 3182; x_wconf 81' lang='grc' dir='ltr'>Κύριε.</span> 
     </span>
    </p>
   </div>
   <div class='ocr_carea' id='block_1_80' title="bbox 2165 3190 3740 3271">
    <p class='ocr_par' dir='ltr' id='par_1_80' title="bbox 2165 3190 3740 3271">
     <span class='ocr_line' id='line_1_80' title="bbox 2165 3190 3740 3271; baseline 0.003 -24"><span class='ocrx_word' id='word_1_467' title='bbox 2165 3191 2225 3247; x_wconf 72' lang='grc' dir='ltr'><strong>Ὀ</strong></span> <span class='ocrx_word' id='word_1_468' title='bbox 2275 3191 2374 3260; x_wconf 87' lang='grc' dir='ltr'><strong>τήν</strong></span> <span class='ocrx_word' id='word_1_469' title='bbox 2428 3190 2589 3268; x_wconf 85' lang='grc' dir='ltr'>βάτον</span> <span class='ocrx_word' id='word_1_470' title='bbox 2649 3192 2887 3271; x_wconf 76' lang='grc' dir='ltr'>φυλάξας</span> <span class='ocrx_word' id='word_1_471' title='bbox 2946 3190 3237 3267; x_wconf 77' lang='grc' dir='ltr'>άλώόητον</span> <span class='ocrx_word' id='word_1_472' title='bbox 3292 3195 3740 3271; x_wconf 79' lang='grc' dir='ltr'>προσομιλοῦσαν</span> 
     </span>
    </p>
   </div>
   <div class='ocr_carea' id='block_1_81' title="bbox 2090 3280 3743 3361">
    <p class='ocr_par' dir='ltr' id='par_1_81' title="bbox 2090 3280 3743 3361">
     <span class='ocr_line' id='line_1_81' title="bbox 2090 3280 3743 3361; baseline 0.004 -28"><span class='ocrx_word' id='word_1_473' title='bbox 2090 3280 2272 3355; x_wconf 82' lang='grc' dir='ltr'>πυρὶ,</span> <span class='ocrx_word' id='word_1_474' title='bbox 2325 3284 2404 3353; x_wconf 84' lang='grc' dir='ltr'><strong>τῷ</strong></span> <span class='ocrx_word' id='word_1_475' title='bbox 2458 3286 2629 3356; x_wconf 83' lang='grc' dir='ltr'>Μωσῃ</span> <span class='ocrx_word' id='word_1_476' title='bbox 2687 3281 3104 3355; x_wconf 80' lang='grc' dir='ltr'>θεολαμποῦσαν</span> <span class='ocrx_word' id='word_1_477' title='bbox 3181 3285 3354 3361; x_wconf 87' lang='grc' dir='ltr'>σάρκα</span> <span class='ocrx_word' id='word_1_478' title='bbox 3414 3281 3691 3357; x_wconf 61' lang='grc' dir='ltr'>ὑπέδειξας</span> <span class='ocrx_word' id='word_1_479' title='bbox 3724 3331 3743 3360; x_wconf 87' lang='grc'><strong>,</strong></span> 
     </span>
    </p>
   </div>
   <div class='ocr_carea' id='block_1_82' title="bbox 2090 3367 3654 3450">
    <p class='ocr_par' dir='ltr' id='par_1_82' title="bbox 2090 3367 3654 3450">
     <span class='ocr_line' id='line_1_82' title="bbox 2090 3367 3654 3450; baseline 0.007 -29"><span class='ocrx_word' id='word_1_480' title='bbox 2090 3367 2351 3438; x_wconf 68' lang='grc' dir='ltr'>Δέσποτα,</span> <span class='ocrx_word' id='word_1_481' title='bbox 2389 3367 2759 3442; x_wconf 78' lang='grc' dir='ltr'>μελῳδοῦντα·</span> <span class='ocrx_word' id='word_1_482' title='bbox 2794 3371 2929 3443; x_wconf 84' lang='grc' dir='ltr'>Δόξα</span> <span class='ocrx_word' id='word_1_483' title='bbox 2956 3376 3025 3446; x_wconf 80' lang='grc' dir='ltr'><strong>τῇ</strong></span> <span class='ocrx_word' id='word_1_484' title='bbox 3060 3370 3280 3446; x_wconf 87' lang='grc' dir='ltr'>δυνάμει</span> <span class='ocrx_word' id='word_1_485' title='bbox 3312 3396 3429 3443; x_wconf 89' lang='grc' dir='ltr'>σου,</span> <span class='ocrx_word' id='word_1_486' title='bbox 3463 3374 3654 3450; x_wconf 78' lang='grc' dir='ltr'>Κύριε.</span> 
     </span>
    </p>
   </div>
   <div class='ocr_carea' id='block_1_83' title="bbox 2156 3452 3741 3535">
    <p class='ocr_par' dir='ltr' id='par_1_83' title="bbox 2156 3452 3741 3535">
     <span class='ocr_line' id='line_1_83' title="bbox 2156 3452 3741 3535; baseline 0.006 -25"><span class='ocrx_word' id='word_1_487' title='bbox 2156 3452 2457 3532; x_wconf 77' lang='grc' dir='ltr'>Ὑπεκρόϐη</span> <span class='ocrx_word' id='word_1_488' title='bbox 2523 3458 2699 3514; x_wconf 83' lang='grc' dir='ltr'>ἀκτίσι</span> <span class='ocrx_word' id='word_1_489' title='bbox 2759 3456 3018 3532; x_wconf 83' lang='grc' dir='ltr'>θεότητος</span> <span class='ocrx_word' id='word_1_490' title='bbox 3080 3462 3339 3533; x_wconf 76' lang='grc' dir='ltr'>αἷσθητὸς</span> <span class='ocrx_word' id='word_1_491' title='bbox 3392 3462 3552 3533; x_wconf 76' lang='grc' dir='ltr'>ἣλιος</span> <span class='ocrx_word' id='word_1_492' title='bbox 3587 3508 3602 3535; x_wconf 86' lang='grc'><strong>,</strong></span> <span class='ocrx_word' id='word_1_493' title='bbox 3662 3464 3741 3527; x_wconf 86' lang='grc' dir='ltr'>ὡς</span> 
     </span>
    </p>
   </div>
   <div class='ocr_carea' id='block_1_84' title="bbox 2089 3541 3738 3630">
    <p class='ocr_par' dir='ltr' id='par_1_84' title="bbox 2089 3541 3738 3630">
     <span class='ocr_line' id='line_1_84' title="bbox 2089 3541 3738 3630; baseline 0.006 -32"><span class='ocrx_word' id='word_1_494' title='bbox 2089 3543 2140 3598; x_wconf 83' lang='grc' dir='ltr'>ἐν</span> <span class='ocrx_word' id='word_1_495' title='bbox 2195 3541 2307 3621; x_wconf 74' lang='grc' dir='ltr'>ὄρει</span> <span class='ocrx_word' id='word_1_496' title='bbox 2367 3541 2634 3622; x_wconf 76' lang='grc' dir='ltr'>Θαϐωρίῳ</span> <span class='ocrx_word' id='word_1_497' title='bbox 2692 3544 2797 3604; x_wconf 76' lang='grc' dir='ltr'><strong>εἶδὲ</strong></span> <span class='ocrx_word' id='word_1_498' title='bbox 2845 3570 2903 3605; x_wconf 89' lang='grc' dir='ltr'><strong>σε</strong></span> <span class='ocrx_word' id='word_1_499' title='bbox 2963 3551 3510 3630; x_wconf 81' lang='grc' dir='ltr'>μεταμορφούμενον,</span> <span class='ocrx_word' id='word_1_500' title='bbox 3550 3554 3738 3625; x_wconf 86' lang='grc' dir='ltr'><strong>’.ιησοῦ</strong></span> 
     </span>
    </p>
   </div>
   <div class='ocr_carea' id='block_1_85' title="bbox 2090 3635 3127 3717">
    <p class='ocr_par' dir='ltr' id='par_1_85' title="bbox 2090 3635 3127 3717">
     <span class='ocr_line' id='line_1_85' title="bbox 2090 3635 3127 3717; baseline 0.01 -27"><span class='ocrx_word' id='word_1_501' title='bbox 2090 3657 2218 3711; x_wconf 78' lang='grc' dir='ltr'>μου·</span> <span class='ocrx_word' id='word_1_502' title='bbox 2256 3636 2389 3708; x_wconf 88' lang='grc' dir='ltr'>Δόξα</span> <span class='ocrx_word' id='word_1_503' title='bbox 2416 3640 2485 3711; x_wconf 79' lang='grc' dir='ltr'><strong>τῇ</strong></span> <span class='ocrx_word' id='word_1_504' title='bbox 2519 3635 2741 3711; x_wconf 84' lang='grc' dir='ltr'>δυνάμει</span> <span class='ocrx_word' id='word_1_505' title='bbox 2792 3661 2909 3710; x_wconf 85' lang='grc' dir='ltr'>σου,</span> <span class='ocrx_word' id='word_1_506' title='bbox 2944 3641 3127 3717; x_wconf 68' lang='grc' dir='ltr'>Κύριε.</span> 
     </span>
    </p>
   </div>
   <div class='ocr_carea' id='block_1_86' title="bbox 2158 3726 3734 3804">
    <p class='ocr_par' dir='ltr' id='par_1_86' title="bbox 2158 3726 3734 3804">
     <span class='ocr_line' id='line_1_86' title="bbox 2158 3726 3734 3804; baseline 0.005 -23"><span class='ocrx_word' id='word_1_507' title='bbox 2158 3731 2269 3801; x_wconf 75' lang='grc' dir='ltr'>Πῦρ</span> <span class='ocrx_word' id='word_1_508' title='bbox 2305 3727 2381 3799; x_wconf 70' lang='grc' dir='ltr'>μὴ</span> <span class='ocrx_word' id='word_1_509' title='bbox 2414 3726 2618 3804; x_wconf 72' lang='grc' dir='ltr'>φλέγον</span> <span class='ocrx_word' id='word_1_510' title='bbox 2647 3728 2746 3796; x_wconf 81' lang='grc' dir='ltr'>τὴν</span> <span class='ocrx_word' id='word_1_511' title='bbox 2807 3728 2943 3801; x_wconf 77' lang='grc' dir='ltr'>ὕλην</span> <span class='ocrx_word' id='word_1_512' title='bbox 3001 3734 3097 3785; x_wconf 78' lang='grc' dir='ltr'><strong>τοῦ</strong></span> <span class='ocrx_word' id='word_1_513' title='bbox 3128 3731 3379 3803; x_wconf 86' lang='grc' dir='ltr'>σώματος</span> <span class='ocrx_word' id='word_1_514' title='bbox 3413 3733 3601 3804; x_wconf 78' lang='grc' dir='ltr'>ὡράθη</span> <span class='ocrx_word' id='word_1_515' title='bbox 3635 3732 3734 3789; x_wconf 81' lang='grc' dir='ltr'><strong>ἄϋ-</strong></span> 
     </span>
    </p>
   </div>
   <div class='ocr_carea' id='block_1_87' title="bbox 2088 3813 3734 3897">
    <p class='ocr_par' dir='ltr' id='par_1_87' title="bbox 2088 3813 3734 3897">
     <span class='ocr_line' id='line_1_87' title="bbox 2088 3813 3734 3897; baseline 0.007 -29"><span class='ocrx_word' id='word_1_516' title='bbox 2088 3813 2206 3884; x_wconf 87' lang='grc' dir='ltr'>λον,</span> <span class='ocrx_word' id='word_1_517' title='bbox 2264 3815 2338 3876; x_wconf 87' lang='grc' dir='ltr'>ὡς</span> <span class='ocrx_word' id='word_1_518' title='bbox 2392 3821 2599 3884; x_wconf 82' lang='grc' dir='ltr'>Μωσῆς</span> <span class='ocrx_word' id='word_1_519' title='bbox 2644 3816 2735 3871; x_wconf 83' lang='grc' dir='ltr'>καὶ</span> <span class='ocrx_word' id='word_1_520' title='bbox 2790 3816 3128 3879; x_wconf 84' lang='grc' dir='ltr'>ἀποστόλοις</span> <span class='ocrx_word' id='word_1_521' title='bbox 3182 3815 3367 3897; x_wconf 78' lang='grc' dir='ltr'>ὤφθης</span> <span class='ocrx_word' id='word_1_522' title='bbox 3425 3821 3621 3885; x_wconf 81' lang='grc' dir='ltr'>Ἠλίας</span> <span class='ocrx_word' id='word_1_523' title='bbox 3651 3844 3734 3893; x_wconf 84' lang='grc' dir='ltr'><strong>τε,</strong></span> 
     </span>
    </p>
   </div>
   <div class='ocr_carea' id='block_1_88' title="bbox 2086 3901 3588 3987">
    <p class='ocr_par' dir='ltr' id='par_1_88' title="bbox 2086 3901 3588 3987">
     <span class='ocr_line' id='line_1_88' title="bbox 2086 3901 3588 3987; baseline 0.007 -30"><span class='ocrx_word' id='word_1_524' title='bbox 2086 3904 2349 3973; x_wconf 67' lang='grc' dir='ltr'>Δέσποτα,</span> <span class='ocrx_word' id='word_1_525' title='bbox 2391 3903 2467 3966; x_wconf 82' lang='grc' dir='ltr'>εἷς</span> <span class='ocrx_word' id='word_1_526' title='bbox 2495 3901 2553 3958; x_wconf 80' lang='grc' dir='ltr'>ἐκ</span> <span class='ocrx_word' id='word_1_527' title='bbox 2583 3901 2701 3977; x_wconf 83' lang='grc' dir='ltr'>δύο,</span> <span class='ocrx_word' id='word_1_528' title='bbox 2734 3902 2788 3960; x_wconf 69' lang='grc' dir='ltr'>ἐν</span> <span class='ocrx_word' id='word_1_529' title='bbox 2817 3903 2935 3960; x_wconf 81' lang='grc' dir='ltr'>δυσὶ</span> <span class='ocrx_word' id='word_1_530' title='bbox 2958 3905 3193 3970; x_wconf 89' lang='grc' dir='ltr'>τελείαις</span> <span class='ocrx_word' id='word_1_531' title='bbox 3223 3913 3345 3971; x_wconf 82' lang='grc' dir='ltr'>ταῖς</span> <span class='ocrx_word' id='word_1_532' title='bbox 3375 3909 3588 3987; x_wconf 78' lang='grc' dir='ltr'>φύσεσι.</span> 
     </span>
    </p>
   </div>
   <div class='ocr_carea' id='block_1_89' title="bbox 2152 4082 3733 4159">
    <p class='ocr_par' dir='ltr' id='par_1_89' title="bbox 2152 4082 3733 4159">
     <span class='ocr_line' id='line_1_89' title="bbox 2152 4082 3733 4159; baseline 0.005 -23"><span class='ocrx_word' id='word_1_533' title='bbox 2152 4082 2547 4159; x_wconf 79' lang='grc' dir='ltr'>Ῥητορεόουσα</span> <span class='ocrx_word' id='word_1_534' title='bbox 2574 4083 2800 4158; x_wconf 81' lang='grc' dir='ltr'>γλῶσσα</span> <span class='ocrx_word' id='word_1_535' title='bbox 2834 4129 2847 4154; x_wconf 97' lang='grc'><strong>,</strong></span> <span class='ocrx_word' id='word_1_536' title='bbox 2880 4088 2976 4138; x_wconf 78' lang='grc' dir='ltr'><strong>σοῦ</strong></span> <span class='ocrx_word' id='word_1_537' title='bbox 3022 4084 3090 4140; x_wconf 77' lang='grc' dir='ltr'><strong>τὰ</strong></span> <span class='ocrx_word' id='word_1_538' title='bbox 3120 4084 3381 4159; x_wconf 84' lang='grc' dir='ltr'>μεγαλεῖα</span> <span class='ocrx_word' id='word_1_539' title='bbox 3412 4087 3476 4142; x_wconf 84' lang='grc' dir='ltr'><strong>οὑ</strong></span> <span class='ocrx_word' id='word_1_540' title='bbox 3511 4085 3733 4145; x_wconf 74' lang='grc' dir='ltr'>δύναται</span> 
     </span>
    </p>
   </div>
   <div class='ocr_carea' id='block_1_90' title="bbox 3333 4174 3735 4234">
    <p class='ocr_par' dir='ltr' id='par_1_90' title="bbox 3333 4174 3735 4234">
     <span class='ocr_line' id='line_1_90' title="bbox 3333 4174 3735 4234; baseline 0.01 -4"><span class='ocrx_word' id='word_1_541' title='bbox 3333 4174 3424 4230; x_wconf 87' lang='grc' dir='ltr'><strong>καὶ</strong></span> <span class='ocrx_word' id='word_1_542' title='bbox 3502 4177 3735 4234; x_wconf 85' lang='grc' dir='ltr'>θανάτου</span> 
     </span>
    </p>
   </div>
   <div class='ocr_carea' id='block_1_91' title="bbox 2148 4522 3729 4607">
    <p class='ocr_par' dir='ltr' id='par_1_91' title="bbox 2148 4522 3729 4607">
     <span class='ocr_line' id='line_1_91' title="bbox 2148 4522 3729 4607; baseline 0.004 -27"><span class='ocrx_word' id='word_1_543' title='bbox 2148 4525 2209 4583; x_wconf 90' lang='grc' dir='ltr'>Ὁ</span> <span class='ocrx_word' id='word_1_544' title='bbox 2239 4525 2427 4602; x_wconf 74' lang='grc' dir='ltr'>χερσὶν</span> <span class='ocrx_word' id='word_1_545' title='bbox 2459 4522 2713 4599; x_wconf 77' lang='grc' dir='ltr'>ἀορᾶτοις</span> <span class='ocrx_word' id='word_1_546' title='bbox 2733 4523 2945 4589; x_wconf 89' lang='grc' dir='ltr'>πλάσας</span> <span class='ocrx_word' id='word_1_547' title='bbox 2976 4528 3091 4583; x_wconf 83' lang='grc' dir='ltr'>κατ’</span> <span class='ocrx_word' id='word_1_548' title='bbox 3125 4523 3307 4584; x_wconf 64' lang='grc' dir='ltr'>εῗκόνα</span> <span class='ocrx_word' id='word_1_549' title='bbox 3361 4550 3479 4600; x_wconf 89' lang='grc' dir='ltr'>σου,</span> <span class='ocrx_word' id='word_1_550' title='bbox 3509 4530 3729 4607; x_wconf 72' lang='grc' dir='ltr'>Χριστὶ,</span> 
     </span>
    </p>
   </div>
   <div class='ocr_carea' id='block_1_92' title="bbox 320 4610 1982 4694">
    <p class='ocr_par' dir='ltr' id='par_1_92' title="bbox 320 4616 1968 4693">
     <span class='ocr_line' id='line_1_92' title="bbox 320 4616 1968 4693; baseline -0.003 -18"><span class='ocrx_word' id='word_1_551' title='bbox 320 4620 638 4693; x_wconf 88' lang='lat' dir='ltr'><strong>imaginem</strong></span> <span class='ocrx_word' id='word_1_552' title='bbox 672 4624 855 4687; x_wconf 90' lang='lat' dir='ltr'><strong>tuam,</strong></span> <span class='ocrx_word' id='word_1_553' title='bbox 907 4619 1157 4686; x_wconf 88' lang='lat' dir='ltr'><strong>Christe,</strong></span> <span class='ocrx_word' id='word_1_554' title='bbox 1211 4619 1536 4685; x_wconf 90' lang='lat' dir='ltr'><strong>hominem,</strong></span> <span class='ocrx_word' id='word_1_555' title='bbox 1586 4616 1968 4686; x_wconf 88' lang='lat' dir='ltr'><strong>archetypam</strong></span> 
     </span>
    </p>
   </div>
   <div class='ocr_carea' id='block_1_93' title="bbox 2121 4610 3725 4694">
    <p class='ocr_par' dir='ltr' id='par_1_93' title="bbox 2121 4610 3725 4694">
     <span class='ocr_line' id='line_1_93' title="bbox 2121 4610 3725 4694; baseline 0.006 -28"><span class='ocrx_word' id='word_1_556' title='bbox 2121 4610 2165 4666; x_wconf 74' lang='lat' dir='ltr'><strong>iv</strong></span> <span class='ocrx_word' id='word_1_557' title='bbox 2227 4610 2620 4686; x_wconf 76' lang='grc' dir='ltr'>ἅνθρωπον,τὸ</span> <span class='ocrx_word' id='word_1_558' title='bbox 2675 4614 2983 4691; x_wconf 73' lang='grc' dir='ltr'>ἀρχέτυπόν</span> <span class='ocrx_word' id='word_1_559' title='bbox 3045 4637 3140 4671; x_wconf 92' lang='grc' dir='ltr'><strong>σου</strong></span> <span class='ocrx_word' id='word_1_560' title='bbox 3196 4616 3248 4672; x_wconf 81' lang='grc' dir='ltr'>ἐν</span> <span class='ocrx_word' id='word_1_561' title='bbox 3304 4622 3384 4690; x_wconf 79' lang='grc' dir='ltr'><strong>τῷ</strong></span> <span class='ocrx_word' id='word_1_562' title='bbox 3439 4618 3725 4694; x_wconf 86' lang='grc' dir='ltr'>πλάσματι</span> 
     </span>
    </p>
   </div>
   <div class='ocr_carea' id='block_1_94' title="bbox 318 4702 1982 4782">
    <p class='ocr_par' dir='ltr' id='par_1_94' title="bbox 318 4705 1965 4782">
     <span class='ocr_line' id='line_1_94' title="bbox 318 4705 1965 4782; baseline -0.004 -17"><span class='ocrx_word' id='word_1_563' title='bbox 318 4716 482 4766; x_wconf 90' lang='lat' dir='ltr'><strong>tuam</strong></span> <span class='ocrx_word' id='word_1_564' title='bbox 503 4709 565 4765; x_wconf 89' lang='lat' dir='ltr'><strong>in</strong></span> <span class='ocrx_word' id='word_1_565' title='bbox 597 4710 877 4782; x_wconf 88' lang='lat' dir='ltr'><strong>ﬁgmento</strong></span> <span class='ocrx_word' id='word_1_566' title='bbox 922 4705 1425 4780; x_wconf 90' lang='lat' dir='ltr'><strong>pulchritudinem</strong></span> <span class='ocrx_word' id='word_1_567' title='bbox 1480 4705 1789 4760; x_wconf 89' lang='lat' dir='ltr'><strong>ostendisti</strong></span> <span class='ocrx_word' id='word_1_568' title='bbox 1846 4720 1965 4759; x_wconf 90' lang='lat' dir='ltr'><strong>non</strong></span> 
     </span>
    </p>
   </div>
   <div class='ocr_carea' id='block_1_95' title="bbox 2121 4702 3729 4782">
    <p class='ocr_par' dir='ltr' id='par_1_95' title="bbox 2121 4702 3729 4780">
     <span class='ocr_line' id='line_1_95' title="bbox 2121 4702 3729 4780; baseline 0.004 -21"><span class='ocrx_word' id='word_1_569' title='bbox 2121 4702 2284 4767; x_wconf 68' lang='grc' dir='ltr'>ἑλλος</span> <span class='ocrx_word' id='word_1_570' title='bbox 2318 4702 2613 4777; x_wconf 76' lang='grc' dir='ltr'>ὑπέδειξας,</span> <span class='ocrx_word' id='word_1_571' title='bbox 2647 4706 2759 4780; x_wconf 88' lang='grc' dir='ltr'>οὐχ</span> <span class='ocrx_word' id='word_1_572' title='bbox 2786 4707 2861 4768; x_wconf 84' lang='grc' dir='ltr'><strong>ὡς</strong></span> <span class='ocrx_word' id='word_1_573' title='bbox 2910 4705 2963 4761; x_wconf 83' lang='grc' dir='ltr'>ἐν</span> <span class='ocrx_word' id='word_1_574' title='bbox 3019 4706 3207 4774; x_wconf 78' lang='grc' dir='ltr'>εἰκόνι,</span> <span class='ocrx_word' id='word_1_575' title='bbox 3242 4707 3369 4763; x_wconf 79' lang='grc' dir='ltr'>ἀλλ’</span> <span class='ocrx_word' id='word_1_576' title='bbox 3428 4710 3505 4773; x_wconf 84' lang='grc' dir='ltr'>ὡς</span> <span class='ocrx_word' id='word_1_577' title='bbox 3562 4709 3729 4773; x_wconf 79' lang='grc' dir='ltr'>αὐτὸς</span> 
     </span>
    </p>
   </div>
   <div class='ocr_carea' id='block_1_96' title="bbox 318 4790 1982 4874">
    <p class='ocr_par' dir='ltr' id='par_1_96' title="bbox 318 4794 1965 4873">
     <span class='ocr_line' id='line_1_96' title="bbox 318 4794 1965 4873; baseline -0.004 -18"><span class='ocrx_word' id='word_1_578' title='bbox 318 4805 384 4855; x_wconf 89' lang='lat' dir='ltr'><strong>ut</strong></span> <span class='ocrx_word' id='word_1_579' title='bbox 411 4800 473 4854; x_wconf 90' lang='lat' dir='ltr'><strong>in</strong></span> <span class='ocrx_word' id='word_1_580' title='bbox 502 4799 781 4873; x_wconf 88' lang='lat' dir='ltr'><strong>imagine,</strong></span> <span class='ocrx_word' id='word_1_581' title='bbox 814 4797 916 4854; x_wconf 89' lang='lat' dir='ltr'><strong>sed</strong></span> <span class='ocrx_word' id='word_1_582' title='bbox 949 4803 1013 4851; x_wconf 92' lang='lat' dir='ltr'><strong>ut</strong></span> <span class='ocrx_word' id='word_1_583' title='bbox 1042 4797 1152 4852; x_wconf 89' lang='lat' dir='ltr'><strong>hoc</strong></span> <span class='ocrx_word' id='word_1_584' title='bbox 1185 4796 1310 4867; x_wconf 83' lang='lat' dir='ltr'><strong>ipse</strong></span> <span class='ocrx_word' id='word_1_585' title='bbox 1365 4794 1625 4850; x_wconf 84' lang='lat' dir='ltr'><strong>existens</strong></span> <span class='ocrx_word' id='word_1_586' title='bbox 1673 4811 1780 4866; x_wconf 88' lang='lat' dir='ltr'><strong>per</strong></span> <span class='ocrx_word' id='word_1_587' title='bbox 1827 4794 1965 4849; x_wconf 90' lang='lat' dir='ltr'><strong>sub-</strong></span> 
     </span>
    </p>
   </div>
   <div class='ocr_carea' id='block_1_97' title="bbox 2121 4790 3585 4874">
    <p class='ocr_par' dir='ltr' id='par_1_97' title="bbox 2122 4793 3585 4874">
     <span class='ocr_line' id='line_1_97' title="bbox 2122 4793 3585 4874; baseline 0.003 -26"><span class='ocrx_word' id='word_1_588' title='bbox 2122 4816 2147 4848; x_wconf 93' lang='lat' dir='ltr'><strong>v</strong></span> <span class='ocrx_word' id='word_1_589' title='bbox 2180 4795 2296 4850; x_wconf 88' lang='grc' dir='ltr'>κατ’</span> <span class='ocrx_word' id='word_1_590' title='bbox 2326 4793 2527 4863; x_wconf 83' lang='grc' dir='ltr'>οὐσίαν,</span> <span class='ocrx_word' id='word_1_591' title='bbox 2559 4795 2587 4849; x_wconf 87' lang='grc' dir='ltr'><strong>ὁ</strong></span> <span class='ocrx_word' id='word_1_592' title='bbox 2619 4795 2748 4856; x_wconf 86' lang='grc' dir='ltr'>Θεὸς</span> <span class='ocrx_word' id='word_1_593' title='bbox 2779 4796 3125 4872; x_wconf 88' lang='grc' dir='ltr'>χρηματίσας</span> <span class='ocrx_word' id='word_1_594' title='bbox 3156 4796 3242 4851; x_wconf 76' lang='grc' dir='ltr'><strong>καὶ</strong></span> <span class='ocrx_word' id='word_1_595' title='bbox 3275 4798 3585 4874; x_wconf 83' lang='grc' dir='ltr'>ἄνθρωπος.</span> 
     </span>
    </p>
   </div>
   <div class='ocr_carea' id='block_1_98' title="bbox 318 4886 1323 4955">
    <p class='ocr_par' dir='ltr' id='par_1_98' title="bbox 318 4886 1323 4955">
     <span class='ocr_line' id='line_1_98' title="bbox 318 4886 1323 4955; baseline -0.006 -10"><span class='ocrx_word' id='word_1_596' title='bbox 318 4889 623 4955; x_wconf 86' lang='lat' dir='ltr'><strong>stantiam,</strong></span> <span class='ocrx_word' id='word_1_597' title='bbox 652 4890 805 4944; x_wconf 88' lang='lat' dir='ltr'><strong>Deus</strong></span> <span class='ocrx_word' id='word_1_598' title='bbox 837 4886 1014 4942; x_wconf 90' lang='lat' dir='ltr'><strong>simul</strong></span> <span class='ocrx_word' id='word_1_599' title='bbox 1041 4892 1100 4941; x_wconf 91' lang='lat' dir='ltr'><strong>et</strong></span> <span class='ocrx_word' id='word_1_600' title='bbox 1123 4887 1323 4940; x_wconf 91' lang='lat' dir='ltr'><strong>homo.</strong></span> 
     </span>
    </p>
   </div>
   <div class='ocr_carea' id='block_1_99' title="bbox 383 4972 1982 5051">
    <p class='ocr_par' dir='ltr' id='par_1_99' title="bbox 383 4972 1962 5032">
     <span class='ocr_line' id='line_1_99' title="bbox 383 4972 1962 5032; baseline -0.003 0"><span class='ocrx_word' id='word_1_601' title='bbox 383 4978 740 5032; x_wconf 90' lang='lat' dir='ltr'><strong>Commistus</strong></span> <span class='ocrx_word' id='word_1_602' title='bbox 771 4976 1081 5031; x_wconf 66' lang='lat' dir='ltr'><strong>inconfuse</strong></span> <span class='ocrx_word' id='word_1_603' title='bbox 1112 4974 1432 5031; x_wconf 87' lang='lat' dir='ltr'><strong>carbonem</strong></span> <span class='ocrx_word' id='word_1_604' title='bbox 1456 4974 1765 5029; x_wconf 86' lang='lat' dir='ltr'><strong>ostendisti</strong></span> <span class='ocrx_word' id='word_1_605' title='bbox 1791 4972 1962 5028; x_wconf 90' lang='lat' dir='ltr'><strong>nobis</strong></span> 
     </span>
    </p>
   </div>
   <div class='ocr_carea' id='block_1_100' title="bbox 2121 4972 3722 5051">
    <p class='ocr_par' dir='ltr' id='par_1_100' title="bbox 2145 4972 3722 5051">
     <span class='ocr_line' id='line_1_100' title="bbox 2145 4972 3722 5051; baseline 0.004 -23"><span class='ocrx_word' id='word_1_606' title='bbox 2145 4973 2471 5050; x_wconf 79' lang='grc' dir='ltr'>Συγκραθείς</span> <span class='ocrx_word' id='word_1_607' title='bbox 2530 4973 2852 5048; x_wconf 80' lang='grc' dir='ltr'>ἀσυγχότως</span> <span class='ocrx_word' id='word_1_608' title='bbox 2882 5018 2897 5042; x_wconf 87' lang='grc'><strong>,</strong></span> <span class='ocrx_word' id='word_1_609' title='bbox 2958 4972 3192 5050; x_wconf 67' lang='grc' dir='ltr'>ἄνθρακα</span> <span class='ocrx_word' id='word_1_610' title='bbox 3252 4974 3531 5048; x_wconf 72' lang='grc' dir='ltr'>ὑπέδειξας</span> <span class='ocrx_word' id='word_1_611' title='bbox 3583 4979 3722 5051; x_wconf 82' lang='grc' dir='ltr'>ἧμῖν</span> 
     </span>
    </p>
   </div>
   <div class='ocr_carea' id='block_1_101' title="bbox 314 5061 1982 5142">
    <p class='ocr_par' dir='ltr' id='par_1_101' title="bbox 314 5062 1962 5135">
     <span class='ocr_line' id='line_1_101' title="bbox 314 5062 1962 5135; baseline -0.002 -15"><span class='ocrx_word' id='word_1_612' title='bbox 314 5065 656 5133; x_wconf 89' lang='lat' dir='ltr'><strong>divinitatis,</strong></span> <span class='ocrx_word' id='word_1_613' title='bbox 690 5065 1138 5120; x_wconf 87' lang='lat' dir='ltr'><strong>comburentem</strong></span> <span class='ocrx_word' id='word_1_614' title='bbox 1171 5064 1411 5135; x_wconf 89' lang='lat' dir='ltr'><strong>quidem</strong></span> <span class='ocrx_word' id='word_1_615' title='bbox 1442 5070 1698 5135; x_wconf 86' lang='lat' dir='ltr'><strong>peccata.</strong></span> <span class='ocrx_word' id='word_1_616' title='bbox 1730 5062 1962 5119; x_wconf 90' lang='lat' dir='ltr'><strong>animas</strong></span> 
     </span>
    </p>
   </div>
   <div class='ocr_carea' id='block_1_102' title="bbox 2121 5061 3715 5142">
    <p class='ocr_par' dir='ltr' id='par_1_102' title="bbox 2121 5061 3715 5142">
     <span class='ocr_line' id='line_1_102' title="bbox 2121 5061 3715 5142; baseline 0.004 -25"><span class='ocrx_word' id='word_1_617' title='bbox 2121 5064 2349 5132; x_wconf 74' lang='grc' dir='ltr'>εότητος,</span> <span class='ocrx_word' id='word_1_618' title='bbox 2409 5061 2813 5138; x_wconf 76' lang='grc' dir='ltr'>καταφλέγοντα</span> <span class='ocrx_word' id='word_1_619' title='bbox 2901 5063 2994 5137; x_wconf 73' lang='grc' dir='ltr'>μὲν</span> <span class='ocrx_word' id='word_1_620' title='bbox 3067 5066 3359 5138; x_wconf 81' lang='grc' dir='ltr'>ἁμαρτίας,</span> <span class='ocrx_word' id='word_1_621' title='bbox 3415 5068 3599 5142; x_wconf 71' lang='grc' dir='ltr'>ψυχὰς</span> <span class='ocrx_word' id='word_1_622' title='bbox 3656 5064 3715 5124; x_wconf 71' lang='grc' dir='ltr'>δὶ</span> 
     </span>
    </p>
   </div>
   <div class='ocr_carea' id='block_1_103' title="bbox 311 5146 1982 5230">
    <p class='ocr_par' dir='ltr' id='par_1_103' title="bbox 311 5153 1963 5224">
     <span class='ocr_line' id='line_1_103' title="bbox 311 5153 1963 5224; baseline -0.002 -15"><span class='ocrx_word' id='word_1_623' title='bbox 311 5159 508 5209; x_wconf 89' lang='lat' dir='ltr'><strong>autem</strong></span> <span class='ocrx_word' id='word_1_624' title='bbox 540 5154 979 5209; x_wconf 88' lang='lat' dir='ltr'><strong>illuminantem</strong></span> <span class='ocrx_word' id='word_1_625' title='bbox 1028 5154 1089 5208; x_wconf 89' lang='lat' dir='ltr'><strong>in</strong></span> <span class='ocrx_word' id='word_1_626' title='bbox 1119 5153 1349 5208; x_wconf 90' lang='lat' dir='ltr'><strong>Thabor</strong></span> <span class='ocrx_word' id='word_1_627' title='bbox 1382 5158 1600 5216; x_wconf 89' lang='lat' dir='ltr'><strong>monte,</strong></span> <span class='ocrx_word' id='word_1_628' title='bbox 1634 5154 1871 5224; x_wconf 90' lang='lat' dir='ltr'><strong>Moysen</strong></span> <span class='ocrx_word' id='word_1_629' title='bbox 1904 5155 1963 5206; x_wconf 88' lang='lat' dir='ltr'><strong>et</strong></span> 
     </span>
    </p>
   </div>
   <div class='ocr_carea' id='block_1_104' title="bbox 2121 5146 3720 5230">
    <p class='ocr_par' dir='ltr' id='par_1_104' title="bbox 2121 5146 3720 5227">
     <span class='ocr_line' id='line_1_104' title="bbox 2121 5146 3720 5227; baseline 0.001 -20"><span class='ocrx_word' id='word_1_630' title='bbox 2121 5153 2372 5221; x_wconf 67' lang='grc' dir='ltr'>υτίζοντα</span> <span class='ocrx_word' id='word_1_631' title='bbox 2402 5150 2452 5204; x_wconf 74' lang='grc' dir='ltr'>ἐν</span> <span class='ocrx_word' id='word_1_632' title='bbox 2487 5146 2684 5227; x_wconf 76' lang='grc' dir='ltr'>Θαϐὼρ</span> <span class='ocrx_word' id='word_1_633' title='bbox 2730 5155 2812 5224; x_wconf 80' lang='grc' dir='ltr'><strong>τῷ</strong></span> <span class='ocrx_word' id='word_1_634' title='bbox 2840 5146 2977 5227; x_wconf 76' lang='grc' dir='ltr'>ὄρει,</span> <span class='ocrx_word' id='word_1_635' title='bbox 3030 5152 3125 5208; x_wconf 80' lang='grc' dir='ltr'><strong>τὸν</strong></span> <span class='ocrx_word' id='word_1_636' title='bbox 3185 5156 3422 5225; x_wconf 73' lang='grc' dir='ltr'>Μωῦσῆν</span> <span class='ocrx_word' id='word_1_637' title='bbox 3479 5156 3570 5211; x_wconf 83' lang='grc' dir='ltr'><strong>καὶ</strong></span> <span class='ocrx_word' id='word_1_638' title='bbox 3629 5158 3720 5214; x_wconf 84' lang='grc' dir='ltr'><strong>τὸν</strong></span> 
     </span>
    </p>
   </div>
   <div class='ocr_carea' id='block_1_105' title="bbox 309 5239 1982 5316">
    <p class='ocr_par' dir='ltr' id='par_1_105' title="bbox 309 5242 1958 5315">
     <span class='ocr_line' id='line_1_105' title="bbox 309 5242 1958 5315; baseline 0 -19"><span class='ocrx_word' id='word_1_639' title='bbox 309 5243 520 5311; x_wconf 87' lang='lat' dir='ltr'><strong>Eliam,</strong></span> <span class='ocrx_word' id='word_1_640' title='bbox 550 5243 1097 5314; x_wconf 89' lang='lat' dir='ltr'><strong>discipulorumque</strong></span> <span class='ocrx_word' id='word_1_641' title='bbox 1159 5243 1461 5315; x_wconf 87' lang='lat' dir='ltr'><strong>principes</strong></span> <span class='ocrx_word' id='word_1_642' title='bbox 1506 5242 1958 5312; x_wconf 89' lang='lat' dir='ltr'><strong>obstupuerunt.</strong></span> 
     </span>
    </p>
   </div>
   <div class='ocr_carea' id='block_1_106' title="bbox 2121 5239 3291 5316">
    <p class='ocr_par' dir='ltr' id='par_1_106' title="bbox 2121 5239 3291 5316">
     <span class='ocr_line' id='line_1_106' title="bbox 2121 5239 3291 5316; baseline 0.005 -22"><span class='ocrx_word' id='word_1_643' title='bbox 2121 5239 2285 5309; x_wconf 88' lang='grc' dir='ltr'>[λίαν,</span> <span class='ocrx_word' id='word_1_644' title='bbox 2316 5241 2576 5312; x_wconf 78' lang='grc' dir='ltr'>μαθητῶν</span> <span class='ocrx_word' id='word_1_645' title='bbox 2605 5259 2662 5293; x_wconf 87' lang='grc' dir='ltr'><strong>τε</strong></span> <span class='ocrx_word' id='word_1_646' title='bbox 2692 5239 2956 5316; x_wconf 78' lang='grc' dir='ltr'>ἐξάρχους</span> <span class='ocrx_word' id='word_1_647' title='bbox 2981 5239 3291 5314; x_wconf 73' lang='grc' dir='ltr'>ἐξέστησαν.</span> 
     </span>
    </p>
   </div>
   <div class='ocr_carea' id='block_1_107' title="bbox 379 5323 1982 5409">
    <p class='ocr_par' dir='ltr' id='par_1_107' title="bbox 379 5332 1958 5402">
     <span class='ocr_line' id='line_1_107' title="bbox 379 5332 1958 5402; baseline -0.001 -16"><span class='ocrx_word' id='word_1_648' title='bbox 379 5332 563 5396; x_wconf 89' lang='lat' dir='ltr'><strong>Quam</strong></span> <span class='ocrx_word' id='word_1_649' title='bbox 592 5349 873 5402; x_wconf 79' lang='lat' dir='ltr'><strong>magnum</strong></span> <span class='ocrx_word' id='word_1_650' title='bbox 906 5338 965 5387; x_wconf 91' lang='lat' dir='ltr'><strong>et</strong></span> <span class='ocrx_word' id='word_1_651' title='bbox 994 5332 1261 5388; x_wconf 88' lang='lat' dir='ltr'><strong>terribile</strong></span> <span class='ocrx_word' id='word_1_652' title='bbox 1293 5332 1482 5387; x_wconf 84' lang='lat' dir='ltr'><strong>visum</strong></span> <span class='ocrx_word' id='word_1_653' title='bbox 1515 5336 1605 5385; x_wconf 88' lang='lat' dir='ltr'><strong>est</strong></span> <span class='ocrx_word' id='word_1_654' title='bbox 1653 5336 1958 5401; x_wconf 88' lang='lat' dir='ltr'><strong>spectacu-</strong></span> 
     </span>
    </p>
   </div>
   <div class='ocr_carea' id='block_1_108' title="bbox 2121 5323 3722 5409">
    <p class='ocr_par' dir='ltr' id='par_1_108' title="bbox 2138 5323 3722 5409">
     <span class='ocr_line' id='line_1_108' title="bbox 2138 5323 3722 5409; baseline 0.003 -25"><span class='ocrx_word' id='word_1_655' title='bbox 2138 5331 2227 5392; x_wconf 77' lang='grc' dir='ltr'>Ὠς</span> <span class='ocrx_word' id='word_1_656' title='bbox 2264 5330 2397 5403; x_wconf 73' lang='grc' dir='ltr'>μέγα</span> <span class='ocrx_word' id='word_1_657' title='bbox 2428 5329 2518 5384; x_wconf 79' lang='grc' dir='ltr'><strong>καὶ</strong></span> <span class='ocrx_word' id='word_1_658' title='bbox 2560 5323 2792 5406; x_wconf 79' lang='grc' dir='ltr'>φοϐερὸν</span> <span class='ocrx_word' id='word_1_659' title='bbox 2848 5330 3031 5404; x_wconf 82' lang='grc' dir='ltr'>ὡράθη</span> <span class='ocrx_word' id='word_1_660' title='bbox 3091 5331 3267 5403; x_wconf 74' lang='grc' dir='ltr'>θέαμα</span> <span class='ocrx_word' id='word_1_661' title='bbox 3323 5334 3612 5409; x_wconf 74' lang='grc' dir='ltr'>σήμερονί</span> <span class='ocrx_word' id='word_1_662' title='bbox 3672 5332 3722 5405; x_wconf 70' lang='grc' dir='ltr'>ἐξ</span> 
     </span>
    </p>
   </div>
   <div class='ocr_carea' id='block_1_109' title="bbox 303 5415 1982 5499">
    <p class='ocr_par' dir='ltr' id='par_1_109' title="bbox 303 5418 1955 5489">
     <span class='ocr_line' id='line_1_109' title="bbox 303 5418 1955 5489; baseline -0.001 -15"><span class='ocrx_word' id='word_1_663' title='bbox 303 5418 429 5474; x_wconf 92' lang='lat' dir='ltr'><strong>lum</strong></span> <span class='ocrx_word' id='word_1_664' title='bbox 460 5419 636 5475; x_wconf 89' lang='lat' dir='ltr'><strong>hodie</strong></span> <span class='ocrx_word' id='word_1_665' title='bbox 670 5421 682 5475; x_wconf 77' lang='grc' dir='ltr'><em>Ξ</em></span> <span class='ocrx_word' id='word_1_666' title='bbox 715 5437 746 5476; x_wconf 92' lang='lat' dir='ltr'><strong>e</strong></span> <span class='ocrx_word' id='word_1_667' title='bbox 777 5420 923 5475; x_wconf 75' lang='lat' dir='ltr'><strong>cmlo</strong></span> <span class='ocrx_word' id='word_1_668' title='bbox 956 5421 1279 5489; x_wconf 87' lang='lat' dir='ltr'><strong>sensibilis,</strong></span> <span class='ocrx_word' id='word_1_669' title='bbox 1313 5437 1343 5476; x_wconf 91' lang='lat' dir='ltr'><strong>e</strong></span> <span class='ocrx_word' id='word_1_670' title='bbox 1376 5425 1532 5476; x_wconf 86' lang='lat' dir='ltr'><strong>terra</strong></span> <span class='ocrx_word' id='word_1_671' title='bbox 1569 5436 1705 5474; x_wconf 85' lang='lat' dir='ltr'><strong>vero</strong></span> <span class='ocrx_word' id='word_1_672' title='bbox 1734 5419 1955 5474; x_wconf 85' lang='lat' dir='ltr'><strong>incom-</strong></span> 
     </span>
    </p>
   </div>
   <div class='ocr_carea' id='block_1_110' title="bbox 2121 5415 3720 5499">
    <p class='ocr_par' dir='ltr' id='par_1_110' title="bbox 2121 5415 3720 5499">
     <span class='ocr_line' id='line_1_110' title="bbox 2121 5415 3720 5499; baseline 0.005 -28"><span class='ocrx_word' id='word_1_673' title='bbox 2121 5422 2300 5494; x_wconf 71' lang='grc' dir='ltr'>ιρανοῦ</span> <span class='ocrx_word' id='word_1_674' title='bbox 2330 5418 2614 5491; x_wconf 70' lang='grc' dir='ltr'>αἴσθητὸς,</span> <span class='ocrx_word' id='word_1_675' title='bbox 2644 5417 2704 5473; x_wconf 78' lang='grc' dir='ltr'>ἐκ</span> <span class='ocrx_word' id='word_1_676' title='bbox 2733 5424 2837 5494; x_wconf 87' lang='grc' dir='ltr'><strong>γῆς</strong></span> <span class='ocrx_word' id='word_1_677' title='bbox 2889 5415 2947 5473; x_wconf 74' lang='grc' dir='ltr'>δὲ</span> <span class='ocrx_word' id='word_1_678' title='bbox 3003 5420 3328 5497; x_wconf 78' lang='grc' dir='ltr'>ἀσύγκριτος</span> <span class='ocrx_word' id='word_1_679' title='bbox 3389 5421 3720 5499; x_wconf 70' lang='grc' dir='ltr'>ἆεήστραψεν</span> 
     </span>
    </p>
   </div>
   <div class='ocr_carea' id='block_1_111' title="bbox 305 5503 1982 5585">
    <p class='ocr_par' dir='ltr' id='par_1_111' title="bbox 305 5508 1954 5583">
     <span class='ocr_line' id='line_1_111' title="bbox 305 5508 1954 5583; baseline 0.001 -20"><span class='ocrx_word' id='word_1_680' title='bbox 305 5508 590 5581; x_wconf 87' lang='lat' dir='ltr'><strong>parabilis</strong></span> <span class='ocrx_word' id='word_1_681' title='bbox 643 5509 867 5565; x_wconf 79' lang='lat' dir='ltr'><strong>eﬁ&#39;ulsit</strong></span> <span class='ocrx_word' id='word_1_682' title='bbox 938 5509 1027 5566; x_wconf 89' lang='lat' dir='ltr'><strong>sol</strong></span> <span class='ocrx_word' id='word_1_683' title='bbox 1093 5511 1364 5583; x_wconf 64' lang='lat' dir='ltr'><strong>justitiw,</strong></span> <span class='ocrx_word' id='word_1_684' title='bbox 1416 5509 1832 5583; x_wconf 87' lang='lat' dir='ltr'><strong>intelligibilis,</strong></span> <span class='ocrx_word' id='word_1_685' title='bbox 1892 5509 1954 5564; x_wconf 91' lang='lat' dir='ltr'><strong>in</strong></span> 
     </span>
    </p>
   </div>
   <div class='ocr_carea' id='block_1_112' title="bbox 2121 5503 3716 5585">
    <p class='ocr_par' dir='ltr' id='par_1_112' title="bbox 2121 5503 3716 5585">
     <span class='ocr_line' id='line_1_112' title="bbox 2121 5503 3716 5585; baseline 0.001 -20"><span class='ocrx_word' id='word_1_686' title='bbox 2121 5506 2262 5570; x_wconf 90' lang='grc' dir='ltr'>[λιος</span> <span class='ocrx_word' id='word_1_687' title='bbox 2290 5513 2394 5576; x_wconf 90' lang='grc' dir='ltr'><strong>τῆς</strong></span> <span class='ocrx_word' id='word_1_688' title='bbox 2450 5503 2824 5577; x_wconf 78' lang='grc' dir='ltr'>δικαιοσύνης,</span> <span class='ocrx_word' id='word_1_689' title='bbox 2851 5506 3073 5578; x_wconf 84' lang='grc' dir='ltr'>νοητὸς,</span> <span class='ocrx_word' id='word_1_690' title='bbox 3106 5508 3195 5564; x_wconf 72' lang='grc' dir='ltr'><strong>ἐπὶ</strong></span> <span class='ocrx_word' id='word_1_691' title='bbox 3244 5512 3342 5565; x_wconf 81' lang='grc' dir='ltr'><strong>τοῦ</strong></span> <span class='ocrx_word' id='word_1_692' title='bbox 3394 5505 3559 5585; x_wconf 76' lang='grc' dir='ltr'>ὅρους</span> <span class='ocrx_word' id='word_1_693' title='bbox 3616 5516 3716 5567; x_wconf 84' lang='grc' dir='ltr'><strong>Θα-</strong></span> 
     </span>
    </p>
   </div>
   <div class='ocr_carea' id='block_1_113' title="bbox 303 5593 1982 5672">
    <p class='ocr_par' dir='ltr' id='par_1_113' title="bbox 303 5597 784 5656">
     <span class='ocr_line' id='line_1_113' title="bbox 303 5597 784 5656; baseline 0 -3"><span class='ocrx_word' id='word_1_694' title='bbox 303 5602 504 5655; x_wconf 87' lang='lat' dir='ltr'><strong>monte</strong></span> <span class='ocrx_word' id='word_1_695' title='bbox 532 5597 784 5656; x_wconf 90' lang='lat' dir='ltr'><strong>Thabor.</strong></span> 
     </span>
    </p>
   </div>
   <div class='ocr_carea' id='block_1_114' title="bbox 2121 5593 2204 5672">
    <p class='ocr_par' dir='ltr' id='par_1_114' title="bbox 2121 5597 2204 5672">
     <span class='ocr_line' id='line_1_114' title="bbox 2121 5597 2204 5672; baseline 0.036 -21"><span class='ocrx_word' id='word_1_696' title='bbox 2121 5597 2204 5672; x_wconf 69' lang='grc' dir='ltr'><strong>ὁρ.</strong></span> 
     </span>
    </p>
   </div>
  </div>
