4042 6154
326 353 431 410 849

1843 345 2194 401 CARMINA.

3617 349 3723 405 850

393 475 648 553 Παρῆλθε
711 473 806 547 μὶν
857 475 891 543 ἠ
955 474 1080 528 σιιιά
1133 477 1229 528 τοῦ
1305 474 1480 544 νόμου
1553 469 1943 542 ἐξασθενήσασα

2149 471 2438 527 Praeteriit
2469 473 2706 544 quidem
2740 472 2951 530 umbra
2981 474 3126 547 legis
3167 475 3505 532 inﬁrmata:
3561 479 3721 533 venit

321 565 569 638 ἀλήλυθε
613 562 669 619 δὲ
722 566 904 640 σαφῶς
963 562 1214 636 Χριστὸς,
1246 564 1280 631 ἠ
1315 559 1552 625 ἀλέθεια·
1598 566 1800 628 Μωσῆς
1842 560 1964 613 ἀνε-

319 651 517 725 ϐόησεν
551 651 602 708 ἐν
633 653 712 724 τῷ
771 645 1058 726 Θαϐωρίῳ,
1117 647 1350 705 κατιδών
1409 671 1507 722 σου
1561 651 1660 718 τὴν
1712 649 1963 718 θεότητα.

383 765 396 784 ⁸
433 765 476 820 Ο
509 759 705 823 στύλος
731 765 810 832 τῷ
843 763 1048 834 Μωϋσῇ
1081 759 1311 834 Χριστὸν
1361 759 1450 814 τὸν
1507 757 1967 832 μετήμορφούμε-

313 875 423 922 νον,
455 855 490 922 ἡ
525 850 581 907 δὲ
610 851 809 928 νεφέλη
855 855 1039 924 σαφῶς
1097 851 1197 917 τήν
1255 849 1418 925 χὰριν
1471 854 1570 904 τοῦ
1632 849 1964 921 Πνεύματος,

311 947 417 1014 τήν
447 943 828 998 ἐπισκιάσασαν
872 940 923 994 ἐν
972 944 1050 1011 τῷ
1104 934 1374 1014 Θαϐωρίῳ
1418 937 1733 1013 παρεδήλου
1791 937 1964 1012 ἐμφα-

317 1035 822 1194 νιῗῐεύῗακαθωράθη
885 1118 1218 1180 ἀποστόλοις
1275 1119 1342 1173 τὰ
1389 1119 1606 1184 ἀθέατα,
1667 1115 1856 1186 θεότης
1911 1117 1962 1170 ἐν

313 1213 526 1288 σαρκίῳ
559 1211 610 1266 ἐν
670 1215 750 1282 τῷ
804 1204 998 1284 Θαὸὼρ
1060 1209 1439 1284 ἀστράπτουσα
1503 1209 1724 1282 βοῶσιν.
1785 1206 1966 1264 Εὐλο-

305 1303 472 1380 γητὸς
506 1302 578 1372 εἳ,
612 1297 774 1372 Κύριε
805 1299 832 1353 ὁ
863 1299 1019 1368 Θεὸς,
1053 1299 1130 1361 εἱς
1158 1297 1285 1360 τοὺς
1319 1297 1541 1359 αἰῶνας.

375 1411 632 1486 Ἔφριξαν
690 1401 850 1484 φόϐῳ
907 1404 1270 1480 ἐκπλαγέντες
1323 1407 1423 1474 τήν
1479 1403 1800 1477 εὐπρέπειαν
1861 1405 1962 1467 τῆς

305 1499 449 1566 θείας
485 1495 764 1573 βασιλείας
797 1494 848 1550 ἐν
880 1499 960 1568 τῷ
991 1490 1107 1569 ὄρει
1150 1488 1344 1566 Θαϐὼρ
1397 1491 1727 1561 ἀπόστολοι,
1783 1492 1963 1566 βοῶν-

304 1608 412 1651 τες·
449 1583 766 1661 Εὐλογητὸς
797 1584 864 1652 εἴ,
895 1582 1058 1658 Κύριε
1089 1583 1117 1637 ὁ
1149 1582 1298 1650 Θεὸς,
1331 1579 1410 1643 είς
1438 1580 1564 1642 τοὺς
1593 1581 1814 1641 αἰῶνας.

383 1697 490 1749 Νῦν
521 1693 588 1747 τά
618 1691 928 1762 ἀνήκουστα
979 1687 1247 1760 ἠκούσθη.
1297 1688 1358 1744 Ὀ
1403 1687 1624 1760 ἀπάτωρ
1679 1687 1784 1760 γὰρ
1835 1687 1961 1750 Υἱὸς

311 1781 370 1838 ἐκ
397 1787 496 1850 τῆς
531 1781 804 1852 Παρθένου
830 1781 900 1850 τῇ
965 1777 1195 1849 Πατρῴα
1251 1773 1406 1852 φωνῇ
1461 1771 1684 1846 ἐνδόξως
1745 1793 1956 1847 μαρτυ-

2077 567 2275 616 autem
2305 563 2622 617 manifesta
2653 562 2917 618 Christus
2944 565 3157 619 veritas
3185 582 3196 617 :
3247 567 3472 635 Moyses
3521 567 3712 621 excla-

2075 651 2256 705 mavit
2285 651 2346 705 in
2376 651 2684 717 Thaborio,
2721 653 2959 706 intuens
2995 659 3154 707 tuam
3187 653 3571 708 divinitatem.

2147 757 2434 812 Columna
2465 759 2678 828 Moysis
2709 759 3004 812 Christum
3051 761 3558 832 transﬁguratum,
3609 777 3716 815 ne-

2073 845 2216 901 bula
2247 853 2442 902 autem
2471 848 2782 902 manifeste
2814 849 3064 920 gratiam
3087 849 3336 920 Spiritus
3359 849 3714 906 obumbran-

2077 939 2194 990 tem
2225 937 2287 990 in
2317 936 2602 990 Thaborio
2637 937 3056 992 manifestabat
3085 939 3484 1009 apertissime.

2143 1115 2308 1168 Nunc
2333 1118 2596 1185 spectata
2628 1119 2766 1168 sunt
2787 1115 3073 1186 apostolis
3093 1115 3716 1182 invisibilia,divinitas

2072 1204 2134 1258 in
2168 1203 2489 1258 caruncula
2527 1204 2584 1257 in
2617 1209 2818 1258 monte
2847 1203 3079 1258 Thabor
3109 1205 3361 1276 fulgens,
3405 1207 3716 1262 clamanti-

2071 1291 2181 1348 bus
2208 1309 2220 1346 :
2253 1291 2608 1347 Benedictus
2641 1309 2724 1361 es,
2757 1294 3004 1348 Domine
3039 1295 3211 1362 Deus,
3246 1313 3352 1366 per
3383 1297 3620 1352 saecula.

2143 1400 2509 1454 Horruerunt
2531 1401 2740 1454 timore
2767 1401 3079 1470 stupefacti
3103 1401 3377 1458 decorem
3400 1403 3583 1458 divini
3613 1421 3712 1458 re-

2069 1489 2168 1561 gni
2221 1489 2282 1543 in
2313 1495 2512 1544 monte
2545 1490 2794 1558 Thabor,
2826 1491 3098 1561 apostoli,
3130 1491 3490 1550 clamantes:
3525 1496 3708 1550 Bene-

2069 1578 2261 1633 dictus
2292 1595 2376 1646 es,
2405 1578 2650 1633 Domine
2685 1581 2858 1645 Deus,
2894 1595 3000 1650 per
3029 1581 3266 1637 saecula.

2139 1669 2302 1722 Nunc
2325 1667 2594 1722 inaudita
2614 1667 2814 1723 audita
2836 1675 2992 1724 sunt.
3013 1670 3151 1725 Sine
3169 1673 3338 1728 Patre
3357 1673 3516 1728 enim
3529 1673 3710 1729 Filius

2067 1773 2138 1828 de
2171 1773 2430 1845 Virgine,
2464 1779 2710 1844 paterna
2739 1793 2878 1831 voce
2907 1777 3160 1848 gloriose
3193 1779 3552 1850 praedicatur
3579 1786 3706 1836 tan-

309 1841 502 1944 ρεῖται,
537 1841 626 1923 οἷά
657 1867 784 1928 Θεὸς
817 1841 910 1920 καὶ
942 1863 1224 1940 ἅνθρωπος
1313 1862 1474 1926 αὐτὸς
1512 1861 1587 1926 είς
1631 1861 1763 1924 τοὺς
1810 1863 1945 1917 αἰῶ-

2073 1879 2242 1934 quam
2271 1841 2424 1918 Deus
2459 1841 2515 1918 et
2547 1864 2722 1919 homo
2755 1841 3050 1938 idemvper
3081 1841 3318 1924 saecula.

305 1979 526 2105 ναιἔὲσει
556 2049 620 2102 ού
651 2047 878 2122 γέγονας
906 2043 1176 2118 Ὑψίστου,
1209 2047 1278 2116 τῇ
1337 2041 1491 2114 οὐσίᾳ
1540 2040 1597 2098 δὲ
1643 2041 1767 2103 Υἱὸς
1814 2043 1946 2117 ἠγα-

301 2138 576 2208 πημὲνος,
627 2133 1021 2210 προϋπάρχων,
1081 2134 1214 2205 ἡμῖν
1267 2131 1559 2203 ὡμίλησας
1641 2127 1941 2204 ἀτρέπτως·

303 2226 634 2302 Εὐλογητὸς
664 2227 733 2293 εἴ,
775 2223 936 2298 Κύριε
967 2223 994 2276 ὁ
1025 2222 1174 2290 Θεὸς,
1209 2221 1284 2283 εἷς
1308 2220 1432 2282 τούς
1462 2220 1680 2280 αἲῶνας.

375 2401 724 2472 Ἀκηκοότες,
767 2398 1026 2468 Δέσποτα,
1087 2399 1148 2453 ἐκ
1213 2399 1421 2470 Πατρὸς
1474 2397 1939 2470 μαρτυρούμενον,

297 2491 388 2546 καὶ
441 2492 514 2554 ὡς
571 2489 920 2564 ἀνθρωπίνης
978 2487 1345 2564 περῥωτέραν
1403 2483 1581 2560 ὅψεως
1655 2487 1781 2560 ὁρᾷν
1839 2489 1940 2540 τοῦ

297 2579 595 2652 προσώπου
643 2599 739 2632 σου
793 2578 890 2645 τὴν
949 2576 1225 2652 ἀστραπὴν
1291 2575 1366 2648 μὴ
1425 2573 1678 2650 φέροντές
1739 2594 1834 2628 σου
1887 2574 1940 2628 οἱ

303 2668 562 2740 μαθηταὶ,
595 2665 808 2736 ἐπῖτήν
867 2671 967 2740 γῆν
1021 2666 1376 2732 κατέπιπτον,
1437 2663 1487 2717 ἐν
1549 2657 1706 2738 φόϐῳ
1759 2661 1939 2734 μελῳ-

301 2753 544 2816 δοῦντες·
600 2755 666 2811 Οἱ
726 2751 914 2814 παῖδες
984 2751 1277 2828 εὐλογεῖτε,
1364 2751 1547 2824 ἱερεῖς,
1635 2751 1938 2822 ἀνυμνεῖτε,

308 2843 464 2912 λαὸς,
498 2843 830 2916 ὑπερυψοῦτε
855 2842 934 2906 εἷς
965 2844 1166 2902 πάντας
1197 2839 1323 2904 τοὺς
1349 2838 1571 2900 αἰῶνας,

379 2947 780 3006 Βασιλευόντων
834 2949 1073 3024 πέφυκας
1133 2943 1368 3002 Βασιλεῦ
1426 2944 1780 3020 ὡραιότατος,
1848 2945 1939 2999 καὶ

293 3043 403 3094 τῶν
437 3042 718 3112 πανταχοῦ
766 3037 1136 3110 κυριευόντων
1185 3034 1408 3110 Κύριος,
1458 3032 1720 3103 δυνάστης
1771 3033 1939 3105 μακά-

300 3148 436 3204 ριος,
467 3125 556 3182 καὶ
590 3129 706 3204 φῶς
739 3127 903 3180 οἰκῶν
946 3125 1260 3200 ἀπρόσιτον,
1306 3124 1352 3195 ᾦ
1395 3123 1446 3177 οἱ
1490 3121 1725 3195 μαθηταὶ
1775 3143 1942 3176 κατα-

2129 2042 2462 2114 AdOptione
2487 2059 2608 2098 non
2635 2043 2822 2099 factus
2849 2061 2912 2100 es
2952 2046 3204 2113 Excelsi,
3239 2048 3570 2104 substantia
3600 2065 3708 2104 au-

2055 2137 2173 2187 tem
2207 2149 2340 2186 cum
2374 2133 2558 2187 Filius
2594 2133 2844 2188 dilectus
2877 2138 3338 2204 praaexsisteres,
3393 2139 3706 2194 nobiscum

2053 2227 2430 2275 conversatus
2459 2237 2519 2274 es
2548 2221 3042 2279 immutabiliter:
3089 2225 3445 2282 Benedictus
3479 2243 3562 2294 es,
3595 2228 3708 2281 Do-

2051 2310 2211 2364 mine
2243 2311 2417 2372 Deus,
2451 2327 2557 2381 per
2580 2311 2814 2367 saecula.

2121 2398 2461 2463 Audientes,
2483 2399 2752 2468 Domine,
2777 2401 2966 2455 Patris
2982 2403 3476 2470 testimonium,et
3498 2411 3562 2459 ut
3579 2405 3690 2462 hu-

2049 2501 2224 2539 mano
2245 2485 2586 2540 solidiorem
2605 2493 2847 2557 aspectu
2859 2487 3056 2542 videre
3073 2489 3240 2544 faciei
3265 2495 3378 2544 tua:
3401 2489 3689 2562 fulgorem

2049 2593 2170 2631 non
2201 2577 2459 2631 ferentes
2489 2581 2654 2632 tuum
2674 2578 2972 2649 discipuli,
2999 2580 3060 2633 in
3087 2583 3306 2634 terram
3329 2581 3694 2636 cadebantin.

2051 2666 2287 2730 timore,
2320 2670 2598 2719 canentes
2625 2683 2636 2719 :
2681 2667 2879 2732 Pueri,
2913 2667 3245 2722 benedicite
3275 2685 3288 2733 ;
3336 2670 3675 2724 sacerdotes

2051 2769 2188 2808 conc
2201 2753 3092 2825 inite;populus,superexaltate
3111 2774 3217 2828 per
3233 2758 3435 2812 omnia
3451 2759 3691 2814 saecula.

2121 2948 2520 3020 Regnantium
2569 2965 2631 3003 es
2653 2951 2772 3004 Rex
2799 2949 3258 3021 pulcherrimus,
3283 2957 3340 3007 et
3359 2953 3578 3024 ubique
3601 2954 3700 3010 do-

2049 3037 2407 3092 minantium
2441 3039 2746 3103 Dominus,
2781 3038 3055 3110 princeps
3099 3039 3332 3107 beatus,
3384 3047 3441 3095 et
3493 3043 3702 3098 lumen

2049 3126 2325 3182 habitans
2357 3127 2790 3193 inaccessibile,
2831 3129 2924 3182 cui
2949 3127 3222 3199 discipuli
3247 3131 3556 3200 stupefacti
3579 3132 3701 3186 cla-

295 3203 810 3292 nlzyéwezréééwv,
843 3215 909 3270 Οἱ
966 3211 1157 3276 παῖδες
1205 3211 1505 3286 εὐλογεῖτε,
1548 3212 1714 3285 ἱερεῖς
1772 3210 1938 3284 ἀνυμ-

2073 3216 2297 3270 nabant
2322 3232 2334 3270 :
2364 3215 2556 3279 Pueri,
2581 3215 2914 3272 benedicite
2941 3233 2954 3286 ;
2982 3219 3338 3286 sacerdotes,
3365 3220 3692 3288 concinite;

295 3313 456 3378 νεῖτε,
492 3306 644 3378 λαὸς,
681 3307 1016 3382 ὐπερυψοῦτε
1048 3305 1121 3366 εἶς
1151 3303 1354 3365 πάντας
1387 3301 1512 3365 τοὺς
1545 3301 1765 3365 αἶ’ῶνας.

369 3417 458 3479 Ὠς
490 3414 722 3490 οὐρανοῦ
755 3411 1093 3482 δεσπόζοντι,
1139 3411 1228 3466 καί
1269 3417 1370 3480 τῆς
1422 3417 1523 3484 γῆς
1577 3407 1942 3485 βασιλεύοντι,

301 3507 391 3563 καὶ
423 3503 796 3568 καταχθονίων
829 3504 928 3571 τὴν
959 3501 1149 3577 κυρίαν
1182 3499 1390 3575 ἔχοντι,
1419 3497 1640 3576 Χριστέ,
1675 3521 1760 3553 σοι
1809 3521 1945 3576 παρ-

303 3596 550 3666 έστησαν,
582 3595 644 3650 ἐκ
677 3595 772 3668 μὲν
819 3600 918 3663 τῆς
973 3599 1075 3669 γῆς
1125 3589 1447 3660 ἀπόστολοι,
1495 3592 1569 3654 ὡς
1614 3592 1662 3663 ἐξ
1713 3590 1946 3666 ούρανοῦ

301 3685 380 3753 δὲ,
415 3687 442 3740 ὁ
474 3679 737 3754 Θεσόίτης
768 3682 980 3752 Ἠλίας,
1013 3684 1220 3750 Μωσῆς
1253 3677 1309 3736 δὲ
1337 3681 1396 3735 ἐκ
1452 3677 1712 3750 νεκάδων,
1765 3680 1948 3753 μελῳ-

297 3773 512 3836 δοῦντες
544 3772 852 3834 ἀπαύστως·
887 3772 953 3829 Οἱ
979 3767 1192 3840 παῖδες,
1225 3768 1524 3843 εὐλογεῖτε,
1558 3770 1721 3843 ἱερεῖς
1775 3771 1944 3844 ἀνυμ-

289 3869 460 3932 νεῖτε,
489 3861 642 3929 λαὸς,
679 3861 1013 3936 ὐπερυψοῦτε
1036 3859 1111 3920 εἴς
1143 3859 1345 3920 πάντας
1373 3856 1500 3920 τοὺς
1533 3857 1755 3920 αἰῶνας.

369 4040 772 4114 Ῥᾳθυμοτόκοι
816 4038 1070 4112 μέριμναι
1105 4036 1193 4092 ἐπὶ
1232 4042 1337 4112 γῆς
1397 4034 1825 4111 κατελείφθησαν
1873 4039 1942 4110 τῇ

294 4133 405 4184 τῶν
439 4127 759 4184 ἀποστόλων
792 4127 1018 4201 ἐκλογῇ,
1052 4123 1428 4204 φιλάνθρωπε,
1461 4124 1532 4185 ὡς
1563 4123 1646 4177 σοὶ
1705 4122 1942 4193 ἠκολού-

295 4220 468 4288 θησαν
499 4219 634 4291 πρὸς
663 4219 762 4286 τήν
815 4215 874 4271 ἐκ
929 4222 1032 4292 γῆς
1091 4215 1377 4288 μετάρσιον
1439 4213 1584 4278 θείαν
1638 4211 1939 4270 πολιτείαν.

289 4311 450 4367 Ὅθεν
502 4308 592 4364 καὶ
653 4306 882 4379 ἐπαξίως
935 4313 1032 4376 τῆς
1091 4308 1188 4368 σῆς
1247 4303 1554 4382 θεοφανείας
1625 4301 1938 4376 ἐμελῷδουν

289 4397 578 4472 τυχόντες·
611 4397 680 4453 Οἱ
711 4393 904 4458 παῖδες
932 4393 1234 4468 εὐλογεῖτε,
1263 4393 1451 4467 ἱερεῖς,
1474 4388 1938 4464 ἀνυμνεῖτε,λαὸς,

291 4487 632 4560 ὗπερυψοῦτε
661 4483 737 4546 εἷς
767 4481 970 4544 πάντας
997 4481 1125 4544 τοὺς
1157 4480 1381 4544 αἰῶνας.

2055 3306 2332 3378 populus,
2367 3305 2800 3377 superexaltate
2833 3323 2939 3378 per
2967 3308 3168 3362 omnia
3199 3309 3434 3366 saecula.

2126 3396 2428 3466 Tanquam
2461 3395 2606 3450 caalo
2637 3395 2992 3464 dominanti,
3028 3403 3086 3452 et
3115 3403 3288 3454 terra:
3320 3401 3614 3473 regnanti,
3641 3406 3698 3456 et

2056 3501 2580 3557 subterraneorum
2612 3501 2946 3560 dominium
2979 3503 3244 3571 habenti,
3287 3507 3538 3570 Christe,
3589 3507 3696 3563 tibi

2054 3591 2414 3660 astiterunt;
2451 3607 2479 3645 e
2515 3597 2672 3646 terra
2702 3592 2941 3662 quidem
2998 3595 3248 3665 apostoli
3280 3612 3292 3648 :
3349 3601 3628 3667 tanquam
3661 3613 3696 3651 a

2055 3681 2202 3735 cmlo
2235 3685 2453 3748 autem,
2487 3680 2791 3734 Thesbites
2819 3681 2977 3736 Elias
3005 3700 3016 3749 ;
3043 3685 3268 3754 Moyses
3295 3701 3428 3738 vero
3452 3701 3520 3739 ex
3541 3702 3694 3740 mor-

2053 3770 2191 3838 tuis,
2225 3775 2506 3823 canentes
2539 3769 2945 3824 incessanter:
2979 3771 3169 3838 Pueri,
3201 3772 3532 3827 benedicite
3557 3791 3570 3839 ;
3597 3789 3689 3828 sa-

2055 3858 2344 3926 cerdotes,
2386 3858 2720 3926 concinite;
2781 3860 3058 3931 populus,
3108 3861 3540 3932 superexaltate
3589 3878 3696 3934 per

2053 3950 2254 4003 omnia
2283 3949 2518 4004 saecula.

2123 4037 2440 4109 Segnitiem
2463 4037 2762 4108 parientes
2784 4055 2939 4093 curae
2956 4039 3016 4092 in
3033 4043 3188 4094 terra
3209 4039 3506 4096 derelictae
3521 4049 3682 4111 sunt,

2051 4127 2454 4198 apostolorum
2481 4127 2736 4196 delectu,
2769 4145 2802 4182 ο
2833 4129 3114 4196 humane,
3148 4135 3213 4184 ut
3241 4136 3294 4184 te
3326 4133 3511 4186 secuti
3548 4139 3691 4188 sunt

2050 4215 2123 4270 ad
2156 4215 2471 4270 sublimem
2507 4221 2728 4270 eterra
2782 4217 3040 4271 divinam
3090 4219 3380 4288 politiam,
3433 4223 3590 4276 unde
3636 4229 3694 4277 et

2041 4305 2177 4377 jure
2211 4305 2421 4359 divinae
2456 4309 2569 4359 tuas
2603 4305 3097 4360 manifestationis
3129 4308 3447 4380 participes
3473 4313 3687 4380 elTecti,

2052 4393 2373 4449 canebant:
2407 4393 2578 4448 Pueri
2599 4393 2966 4462 benedicite;
2997 4396 3350 4466 sacerdotes,
3373 4400 3690 4472 concinite,

2047 4483 2322 4555 p0pulus,
2357 4483 2794 4552 superexaltate
2825 4501 2931 4554 per
2952 4485 3153 4540 omnia
3183 4486 3419 4542 saecula.

367 4595 484 4648 Ἵνα
515 4611 610 4646 σου
642 4588 815 4664 δείξῃς
865 4589 1114 4665 ἐμφανῶς
1171 4588 1270 4656 τὴν
1324 4587 1632 4664 ἀπόρρητον
1689 4583 1938 4663 δευτέραν

2123 4592 2194 4646 Ut
2225 4595 2386 4646 tuam
2409 4591 2688 4646 ostendas
2711 4595 2912 4663 aperte
2933 4591 3210 4649 arcanam
3243 4595 3564 4652 secundam
3591 4595 3689 4652 de-

289 4675 614 4752 κατάϐασιν,
646 4679 798 4742 ’ὁπως
841 4678 870 4733 ὁ
926 4677 1154 4750 ὕψιστος
1203 4677 1332 4738 Θεὸς
1390 4676 1604 4750 ὀφθήσῃ
1664 4677 1828 4738 ἑστὼς
1887 4675 1937 4730 ἐν

295 4772 450 4846 μέσῳ
491 4773 624 4833 θεῶν
682 4773 801 4830 τοῖς
859 4765 1192 4826 ἀποστόλοις
1247 4764 1298 4820 ἐν
1359 4759 1552 4839 Θαϐὼρ
1611 4767 1785 4838 Μωσῇ
1847 4763 1938 4820 σὺν

287 4859 456 4932 Ἠλίᾳ
483 4879 541 4914 τε
570 4855 824 4934 ἀρρήτως
877 4855 1150 4930 ἕλαμψας,
1185 4852 1274 4909 διὸ
1337 4854 1530 4918 πάντες
1589 4873 1666 4926 σε,
1724 4855 1940 4928 Χριστὶ,

294 4945 570 5022 μεγαλύνο
579 4967 694 5020 μεν.

367 5054 526 5108 Δεῖ)τέ
561 5073 676 5127 μοι,
709 5051 974 5118 πείθεσθε,
1007 5049 1156 5114 λαοὶ,
1189 5043 1478 5109 ἀναϐάντες
1505 5048 1582 5112 εἷς
1609 5049 1670 5102 τὸ
1720 5043 1846 5122 ὅρος
1875 5049 1938 5103 τὸ

290 5143 448 5218 ἅγιον
475 5143 538 5196 τὸ
564 5143 904 5214 ἐπουράνιον,
935 5137 1116 5200 ἀύλως
1164 5143 1374 5210 στῶμεν
1434 5137 1485 5192 ἐν
1531 5137 1693 5192 πόλει
1740 5143 1938 5207 ζῶντος

290 5237 456 5301 Θεοῢ,
485 5231 574 5286 καὶ
634 5229 1049 5302 ὲποπτεύσωμεν
1098 5226 1184 5282 νοΐ
1230 5227 1458 5298 θεότητα
1502 5225 1665 5282 ἅϋλον
1729 5228 1935 5302 ΙῙατρὸς

287 5321 386 5376 καὶ
445 5321 754 5395 Πνεύματος
815 5317 866 5374 ἐν
928 5319 1040 5390 Υἱῷ
1102 5321 1378 5394 μονογενεῖ
1431 5315 1932 5394 ἀπαστράπτουσαν.

363 5495 624 5566 Ἕθελξας
683 5495 838 5567 πόθῳ
898 5515 982 5568 με,
1047 5494 1263 5568 Χριστὲ,
1321 5494 1409 5548 καὶ
1478 5492 1800 5563 ἠλλοίωσας
1855 5499 1934 5566 τῷ

288 5587 426 5660 θείῳ
459 5607 552 5640 σου
608 5583 794 5659 ἔρωτι,
849 5583 994 5640 ἀλλὰ
1049 5582 1386 5658 κατάφλεξον
1445 5587 1574 5660 πυρὶ
1631 5583 1786 5657 ἀύλῳ
1835 5588 1932 5647 τὰς

287 5675 563 5752 ἁμαρτίας
595 5695 723 5750 μου,
753 5674 844 5728 καὶ
879 5673 1260 5748 ἐμπλησθῆναι
1315 5679 1416 5744 τῆς
1474 5671 1524 5727 ἦν
1586 5673 1670 5728 σοὶ
1724 5681 1931 5751 τρυφῆς

2055 4679 2448 4746 scensionem,
2479 4685 2547 4734 ut
2594 4679 2862 4734 excelsus
2912 4681 3064 4735 Deus
3119 4681 3369 4736 videaris
3419 4687 3582 4738 stans
3625 4684 3686 4738 in

2050 4767 2246 4824 medio
2279 4767 2548 4834 deorum,
2581 4769 2865 4840 apostolis
2895 4769 2956 4822 in
2987 4769 3216 4824 Thabor
3245 4787 3378 4824 cum
3411 4773 3602 4842 Moyse
3630 4777 3689 4826 et

2048 4859 2176 4912 Elia
2243 4857 2626 4912 inel‘fabiliter
2681 4857 3072 4928 splenduisti:
3155 4859 3286 4914 ideo
3345 4877 3551 4916 omnes
3607 4866 3683 4928 te,

2048 4947 2299 5012 Christe,
2323 4947 2792 5018 magniﬁcamus.

2119 5054 2280 5125 Agite
2313 5053 2481 5119 mihi,
2507 5060 2706 5123 parete
2739 5055 2910 5120 mihi,
2959 5055 3160 5125 populi
3210 5057 3596 5114 ascendentes
3627 5059 3690 5114 in

2045 5148 2310 5198 montem
2343 5147 2632 5210 sanctum,
2669 5143 2966 5197 cmlestem
2993 5160 3004 5196 :
3039 5143 3268 5214 abjecta
3296 5148 3546 5203 materia
3569 5154 3688 5202 ste-

2047 5249 2180 5287 mus
2221 5232 2282 5284 in
2315 5231 2544 5284 civitate
2579 5231 2820 5286 viventis
2848 5232 2970 5294 Dei,
2995 5233 3457 5305 etinspiciamus
3489 5243 3686 5291 mente

2045 5321 2414 5374 divinitatem
2447 5321 2708 5374 materiae
2742 5327 3043 5392 expertem
3093 5323 3282 5378 Patris
3325 5329 3382 5380 et
3413 5325 3690 5396 Spiritus,

2043 5409 2104 5464 in
2139 5409 2282 5464 Filio
2313 5409 2616 5480 unigenito
2649 5410 3052 5482 etl'ulgentem.

2115 5499 2456 5553 Demulsisti
2502 5497 2794 5552 desiderio
2846 5517 2960 5566 me,
3012 5501 3262 5568 Christe,
3314 5509 3372 5557 et
3418 5503 3695 5558 alterasti

2041 5587 2235 5641 divino
2269 5593 2366 5641 tuo
2399 5603 2620 5650 amore,
2653 5588 2753 5642 sed
2787 5588 3064 5643 combure
3097 5589 3230 5661 igne
3261 5591 3565 5645 amateria
3586 5607 3682 5646 re—

2041 5681 2199 5731 moto
2233 5681 2475 5745 peccata
2507 5689 2658 5744 mea,
2694 5681 2752 5728 et
2771 5675 3005 5746 impleri
3031 5676 3114 5730 eis
3139 5694 3269 5746 quae
3291 5679 3352 5732 in
3376 5683 3430 5731 te
3455 5677 3684 5734 deliciis
