2021 3077
195 196 245 223 851

834 198 864 224 Β.
884 194 1035 223 ιοΑκιειε
1053 193 1260 221 ΒΔΜΔΒΟΕΝΙ

1842 193 1894 222 852

198 258 320 294 dignum
335 258 391 292 fac,
407 260 440 285 ut
455 257 528 286 duos
542 258 678 287 saltando
690 259 889 295 magniﬁcem,
903 267 919 286 ο
932 258 1014 285 bone,

1077 253 1312 291 καταξίωσον,“ίνα
1325 255 1372 288 τὰς
1394 254 1442 283 δύο
1470 257 1585 293 σκιρτῶν
1614 253 1770 293 μεγαλῦνω,
1802 256 1892 294 ἀγαθέ,

198 302 343 330 adventus
360 305 436 330 tuos.

525 362 687 390 EJUSDEM

196 406 228 433 In
243 407 342 440 festum
355 406 583 468 Annuntialiorgs
609 407 766 434 beatissima?
792 407 840 434 Dei
864 406 1020 438 Genitricis,

568 450 671 468 armen.

568 450 671 470 armen.

233 498 320 534 Audi,
337 499 448 534 puella,
467 499 551 533 Virgo
567 508 650 535 pura,
662 500 809 536 dicatjam
822 501 937 528 Gabriel
951 509 1019 528 con-

199 543 299 571 silium
331 544 479 571 Altissimi
509 545 684 580 antiquum:
713 554 814 573 verum
839 546 892 573 ﬁas
913 546 950 573 ad
970 546 1019 573 Dei

199 588 419 623 susceptionem
436 592 582 624 prompta.
600 591 656 617 Per
670 592 696 617 te
708 590 788 617 enim
798 590 1020 626 incomprehen-

201 633 297 660 sibilis
314 641 380 660 cum
398 634 573 661 mortalibus
589 637 788 662 conversatur.
805 635 872 662 Ideo
898 638 926 662 et
949 644 1020 669 gau-

199 678 273 705 dens
300 678 416 706 clamo:
447 679 625 713 Benedicite,
656 680 757 707 omnia
781 688 871 716 opera
892 680 1020 715 Domini,

199 723 370 750 Dominum.

233 768 405 795 Intellectus
421 768 518 795 omnis
534 769 661 797 vincitur
674 769 856 804 mortalium,
867 770 1022 807 respondit

199 813 284 849 Virgo
299 821 435 848 quzerens
450 822 455 839 :
473 814 541 846 Quae
557 814 630 841 mihi
646 814 787 850 loqueris,
819 815 854 843 ab
879 816 1020 851 opinione

198 860 314 885 remota
327 860 416 885 sunt:
432 858 491 885 tuis
506 858 553 886 hic
569 858 637 886 laata
652 868 717 886 sum
733 860 846 893 verbis;
864 861 915 888 sed
930 861 1019 888 timeo

200 901 376 937 stupefacta,
393 910 430 929 ne
447 902 621 937 deceptione
636 906 669 930 ut
683 905 770 932 Evam
787 904 873 941 longe
888 913 935 932 me
946 905 1019 932 mit—

1076 301 1226 338 παρουσίας
1242 311 1300 330 σου.

1386 360 1452 388 ΤΟΥ
1471 359 1581 388 ΑΥΥΟΥ

1076 404 1123 436 Εἰς
1150 403 1197 432 τὸν
1231 403 1448 443 εὐαγγελισμὸνΔ
1466 408 1515 439 τῆς
1560 403 1704 443 ὑπεραγίας
1745 405 1895 442 Θεογεννή-

1341 452 1386 469 τον
1403 443 1420 476 ἠ
1440 441 1626 478 Ἃκροστιχίς.

1110 500 1221 533 Ἅκοκε,
1236 499 1316 537 κόρη,
1328 500 1445 537 Παρθένε
1458 500 1535 537 ἁγνή·
1553 498 1654 526 εἰπάτω
1670 497 1702 532 δὴ
1733 499 1747 525 6
1771 496 1894 536 ΓαϐριὴΑ

1079 542 1183 579 βουλήν
1209 543 1334 580 Ὑψίστου
1364 544 1490 581 ἀρχαίαν,
1526 542 1673 578 ἀληθινὴν,
1707 545 1787 580 γενοῦ
1829 543 1897 580 πρὸς

1081 586 1223 625 ὑποδοχὴν
1236 587 1332 625 έτοίμη
1349 590 1426 616 Θεοῦ’
1439 587 1483 616 διὰ
1498 591 1546 616 σοῦ
1560 588 1611 626 γὰρ
1627 588 1640 615 6
1657 588 1804 625 ἇχώρητος
1835 588 1900 625 βρο-

1077 635 1135 664 τοῖς
1149 635 1397 673 συνεπιστρέφεται.
1414 634 1460 661 Διὸ
1475 634 1520 661 καὶ
1537 633 1641 671 χαίρων
1659 634 1727 671 βοῶ,
1751 632 1900 671 Εὐλογεῖτε

1076 678 1163 706 πάντα
1179 679 1213 706 τὰ
1228 678 1292 717 ἔργα
1307 680 1408 718 Κυρίου
1417 679 1462 707 τὸν
1481 679 1592 717 Κύριον.

1111 768 1219 796 Ἔννοια
1243 770 1316 796 πᾶσα
1342 769 1455 803 ἡττᾶται
1486 769 1602 806 βροτῶν,
1632 767 1808 807 ἀντέφησενὴ
1825 769 1896 805 [lap-

1076 812 1151 844 θίνος
1167 811 1293 847 ζητοῦσα.
1313 814 1397 850 Ἀπερ
1429 823 1475 849 μοι
1505 813 1606 851 φθέγγῃ
1635 811 1778 850 παράιοξα,
1808 812 1893 846 ἣςθην

1076 866 1123 883 σου
1137 859 1195 887 τοῖς
1212 856 1316 894 λόγοις.
1332 856 1421 884 ’Λλλᾶ
1437 856 1545 884 δέδοικα
1561 854 1733 893 θαμϐηθεῖσα
1751 856 1789 892 μὴ
1805 855 1895 892 ἀπάτῃ

1078 911 1111 937 με
1126 901 1163 932 ὡς
1178 902 1248 929 Etiam
1263 902 1358 940 πόῤῥῳ
1380 902 1492 939 πέμψῃς
1520 904 1596 929 Θεοῦ.
1628 900 1703 929 Ἀλλ’
1733 901 1810 937 ’ὁμως
1840 899 1895 935 ἤδη

200 949 245 974 tas
260 955 277 973 a
292 947 350 973 Deo
365 955 371 980 ;
390 947 441 974 sed
458 950 555 975 tamen
568 948 631 983 jam
648 948 742 976 clamo
755 957 761 975 ε
779 949 1014 983 Βοηθάὶοίῐορῐη

1078 945 1145 982 βοῶ·
1162 944 1307 983 Εὐλογεῖτε
1322 946 1408 973 πάντα
1431 946 1465 973 τὰ
1493 945 1559 984 ἔργα
1585 944 1684 983 Κυρίου
1707 944 1752 972 τὸν
1781 943 1896 982 Κύριον.

201 991 251 1018 nia
266 999 357 1026 opera
372 991 499 1024 Domini,
517 992 652 1020 Domino.

237 1035 310 1062 Ecce
323 1035 384 1068 tibi,
397 1035 632 1070 puella,dubium
645 1036 774 1064 solutum
782 1036 1021 1070 est,dicitadhaec

203 1078 337 1107 Gabriel:
355 1080 432 1107 Bene
442 1080 520 1107 enim
532 1080 632 1107 dixisti
640 1089 702 1108 rem
715 1089 775 1108 non
785 1081 1019 1116 conjectandam,

201 1124 390 1151 sermonibus
403 1126 519 1152 tuorum
533 1125 679 1152 labiorum
689 1134 806 1161 parens.
820 1126 976 1161 Reliquum
983 1134 1020 1153 ne

200 1167 303 1196 dubita
318 1177 372 1196 ceu
388 1169 467 1196 ﬁctio
479 1170 517 1196 sit
529 1177 535 1196 :
552 1173 586 1197 ut
596 1171 638 1197 rei
652 1173 751 1197 autem
762 1171 859 1199 crede.
871 1172 929 1206 Ego
941 1171 1020 1198 enim

198 1213 329 1249 gaudens
345 1213 441 1241 clamo
456 1222 461 1241 :
477 1214 657 1249 Benedicite,
672 1215 773 1243 omnia
787 1224 877 1251 opera
891 1216 1019 1250 Domini,

195 1258 333 1285 Domino.

232 1303 289 1330 Lex
303 1303 366 1330 haec
382 1311 400 1330 a
410 1303 468 1331 Deo
485 1303 661 1338 mortalibus
674 1306 793 1338 statuta,
807 1305 1019 1341 irreprehensi-

197 1347 277 1380 bilis,
294 1356 411 1375 rursum
425 1348 519 1383 jubet,
537 1352 569 1376 ut
585 1357 620 1376 ex
635 1350 786 1376 communi
801 1358 901 1377 amore
917 1353 1018 1386 partus

199 1392 362 1427 proveniat,
380 1393 479 1420 nescio
495 1393 683 1429 conjugalem
700 1394 818 1429 penitus
827 1395 1016 1431 voluptatem.

199 1436 351 1468 Quomodo
367 1437 456 1473 igitur
471 1437 545 1465 dicis
562 1439 640 1473 quod
656 1439 769 1474 pariam
780 1439 793 1466 ‘l
808 1439 897 1467 timeo
909 1448 945 1466 ne
954 1448 1017 1467 ver-

199 1484 264 1508 sute
280 1482 428 1517 loquaris:
446 1483 497 1510 sed
515 1486 614 1511 tamen
626 1484 689 1519 jam
707 1484 820 1512 clamo:
837 1485 1015 1518 Benedicite,

198 1527 299 1553 omnia
314 1535 404 1562 opera
418 1528 547 1562 Domini,
563 1529 698 1556 Domino.

234 1571 328 1599 Verba
343 1580 408 1607 qua
437 1573 510 1599 mihi
536 1573 620 1606 dicis,
648 1582 664 1600 ο
692 1574 868 1607 veneranda,
894 1574 1016 1611 angelus

196 1624 299 1643 rursus
308 1616 578 1649 clamat,consuetze
590 1620 658 1644 sunt
668 1618 769 1645 feturae
783 1619 952 1646 mortalium
964 1619 1015 1646 ho-
1034 1631 1054 1664 ρ

195 1660 321 1687 minum.
339 1661 411 1688 Vere
430 1661 519 1688 Deum
535 1661 588 1688 tibi
604 1662 750 1689 annuntio
766 1671 855 1698 supra
869 1664 1015 1690 rationem

196 1707 225 1730 et
240 1707 371 1731 mentem
386 1705 584 1739 incarnatum,
601 1708 633 1733 ut
648 1706 728 1733 novit
743 1715 776 1734 ex
793 1709 831 1741 te,
848 1707 913 1734 ideo
943 1716 1014 1744 gau-

194 1748 268 1776 dens
284 1749 398 1776 clamo:
415 1750 594 1783 Benedicite,
609 1750 709 1778 omnia
720 1759 809 1787 opera
822 1752 947 1786 Domini,
959 1753 1014 1780 Do-

193 1793 286 1821 mino.

230 1839 344 1867 Videris
353 1839 425 1867 mihi
434 1840 563 1867 veritatis
573 1842 681 1874 orator,
698 1841 831 1877 reposuit
840 1841 935 1878 Virgo.
953 1842 1013 1870 L83-

193 1884 266 1912 titize
278 1884 356 1911 enim
369 1884 533 1912 communis
546 1885 651 1912 venisti
662 1885 801 1913 nuntius:
816 1887 916 1913 anima
926 1887 1015 1923 igitur

195 1929 265 1963 quia
280 1932 403 1964 purgata
415 1938 479 1956 sum
492 1938 544 1964 per
553 1930 705 1964 Spiritum,
719 1931 881 1958 secundum
892 1932 1014 1959 verbum

194 1976 277 2000 tuum
290 1974 341 2000 ﬁat
350 1974 423 2001 mihi
438 1973 565 2001 :habitet
575 1974 606 2001 in
618 1983 664 2001 me
675 1975 751 2002 Deus
761 1976 795 2002 ad
803 1984 891 2010 quem
899 1977 994 2004 clamo
1006 1986 1012 2005 :

193 2018 373 2052 Benedicite,
386 2018 485 2046 omnia
501 2027 591 2054 opera
606 2019 734 2052 Domini,
752 2020 887 2048 Domino.

228 2064 378 2098 Tanquam
390 2064 549 2091 animatum
567 2064 618 2091 Dei
634 2072 731 2091 arcam
746 2073 934 2100 nequaquam
948 2068 1013 2093 tan-

192 2110 241 2143 gat
259 2116 366 2135 manus
381 2117 441 2135 non
455 2109 637 2136 iuitiatorum
651 2118 658 2142 ;
674 2109 866 2145 lahriﬁautem
879 2109 1011 2138 ﬁdelium

191 2153 323 2188 Deiparm
338 2155 480 2187 peapetuo
496 2162 596 2180 vocem
614 2154 710 2189 angeli
727 2155 900 2187 recinentia,
913 2155 1010 2182 exsul-

191 2197 280 2224 tando
297 2197 443 2225 clament:
456 2198 734 2233 Ave.gratiaplcna,
749 2199 889 2225 Dominus
902 2202 1009 2227 tecum.

227 2242 320 2276 Supra
331 2241 514 2268 intellectum
525 2243 695 2277 concipiens
704 2243 921 2276 Deum,naturaz
932 2244 1011 2279 leges

192 2286 324 2319 nescisti,
345 2285 462 2321 puella;
482 2288 511 2312 tu
528 2286 606 2312 enim
623 2287 776 2321 pariendo,
793 2295 857 2321 qum
882 2290 1011 2315 matrum

193 2333 261 2358 sunt
275 2330 484 2357 transcendisti
491 2330 580 2363 ,iluxa
587 2332 692 2357 natura
702 2331 1010 2364 quamvisconstares:

192 2375 271 2402 unde
287 2375 373 2411 digne
388 2374 492 2402 audis:
509 2375 578 2409 Ave,
594 2374 687 2410 gratia
703 2374 801 2410 plena,
812 2375 953 2403 Dominus
968 2379 1011 2403 te-

191 2428 269 2447 cum.

227 2465 360 2496 Quonam
376 2464 463 2491 modo
479 2464 525 2491 lac
547 2464 719 2499 profundas,
748 2464 830 2501 Virgo
850 2473 933 2500 pura,
949 2473 1009 2493 non

190 2509 248 2536 fert
263 2517 400 2536 enarrare
416 2509 518 2544 lingua
546 2509 698 2537 mortalis:
723 2509 905 2537 admirabilis
930 2510 1008 2537 enim

189 2555 303 2581 naturae
315 2553 481 2581 ostenditur
488 2553 651 2589 res,legalis
660 2554 802 2581 terminos
810 2557 910 2590 partus
918 2557 1009 2582 trans-

189 2597 335 2634 grediens,
353 2598 432 2625 unde
448 2598 534 2634 digne
550 2598 651 2625 audis:
668 2600 736 2630 Ave,
748 2599 840 2635 gratia
851 2599 1009 2634 plena,Do-

187 2643 287 2669 minus
303 2646 411 2670 tecum.

222 2686 404 2714 Admirabile
420 2695 571 2714 sacrorum
588 2687 742 2723 interpreti
759 2687 848 2723 Moysi
874 2688 964 2714 rubus
980 2690 1009 2715 et

188 2732 266 2767 ignis
281 2732 443 2759 ostendunt
457 2732 584 2767 riguum.
607 2733 746 2764 Quzrrens
757 2735 855 2759 autem
871 2733 960 2759 ﬁnem
977 2732 1006 2759 in

187 2775 347 2803 transitum
364 2776 517 2812 temporis,
532 2776 562 2802 in
579 2776 678 2811 puella
693 2784 767 2812 pura
791 2776 864 2803 dixit
888 2776 1006 2812 perspi-

187 2827 264 2853 cere,
281 2821 360 2848 velut
375 2821 506 2856 Deiparae
532 2820 665 2848 dicatur:
692 2822 761 2855 Ave,
787 2820 881 2857 gratia
907 2820 1006 2856 plena,

188 2865 330 2893 Dominus
347 2869 453 2893 tecum.

1110 1037 1164 1067 Ἴδε
1180 1048 1233 1072 σοι,
1249 1037 1318 1074 κόρη
1333 1036 1364 1063 τὸ
1380 1035 1482 1072 ἄπορον
1498 1033 1621 1071 λέλυται,
1637 1035 1703 1073 φησὶ
1719 1034 1786 1072 πρὸς
1810 1035 1896 1061 ταῦτα

1076 1084 1090 1110 6
1105 1080 1238 1119 Γαϐριήλ.
1256 1081 1354 1112 Καλῶς
1371 1080 1422 1118 γὰρ
1442 1077 1509 1118 ἔφην
1531 1080 1562 1107 τὸ
1586 1082 1700 1117 πρᾶγμα
1724 1078 1897 1115 δυστέκμαρ-

1074 1138 1120 1155 τον
1136 1127 1231 1165 λόγοις
1248 1128 1301 1153 σῶν
1317 1125 1433 1163 χειλέων
1450 1126 1645 1161 πειθαρχοῦσα.
1662 1124 1759 1152 λοιπὸν
1787 1123 1825 1159 μή
1843 1123 1896 1159 ἀμ-

1076 1171 1176 1211 φίϐαλε
1189 1171 1225 1202 ὡς
1240 1170 1391 1208 πλάγματι,
1406 1170 1442 1200 ὡς
1459 1170 1597 1207 πράγματι
1625 1167 1654 1196 δὲ
1679 1169 1799 1196 πίστευε.
1825 1167 1895 1204 Ἐγὼ

1074 1217 1126 1255 γὰρ
1142 1216 1246 1254 χαίρων
1264 1215 1331 1253 βοῶ·
1348 1212 1496 1251 Εὐλογεῖτε
1524 1214 1611 1241 πάντα
1637 1214 1671 1240 τὰ
1699 1211 1764 1251 ἔργα
1792 1212 1895 1249 Πυρίου

1073 1262 1119 1289 τὸν
1135 1261 1246 1298 Κύριον.

1109 1306 1205 1342 Νόμος
1229 1305 1308 1335 οὗτος
1337 1303 1424 1331 θεόθεν
1458 1304 1577 1341 βροτοῖς,
1608 1303 1622 1330 ὁ
1651 1301 1794 1339 ἄμεμπτος
1818 1300 1895 1333 αὖθίς

1075 1362 1152 1390 φησι,
1178 1351 1258 1385 ξυνοῦ
1286 1348 1386 1386 ἔρωτος
1413 1348 1492 1376 τόκον
1521 1349 1713 1385 προέρχεσθαι.
1756 1346 1811 1374 Θύκ
1837 1344 1895 1373 οἶδα

1077 1397 1193 1433 σύζυγον
1210 1393 1350 1424 παντελῶς
1367 1392 1481 1428 ἡδονήν.
1502 1395 1563 1423 Πῶς
1581 1391 1624 1419 οὖν
1642 1391 1729 1428 λέγεις
1758 1391 1800 1418 ὅτι
1824 1391 1896 1426 τέξο-

1076 1451 1124 1477 μαι
1139 1449 1146 1474 ;
1163 1437 1303 1478 φοϐοῦμαι
1321 1439 1358 1475 μὴ
1380 1438 1469 1474 ἀπάτῃ
1499 1436 1598 1474 λαλῇς.
1624 1435 1704 1464 Ἀλλ’
1732 1436 1810 1472 ’ὀμως
1839 1433 1893 1470 ἤδη

1077 1485 1308 1523 βοῶἘύλογεῖτε
1321 1483 1408 1510 πάντα
1421 1482 1455 1510 τὰ
1483 1480 1547 1519 ἔργα
1576 1481 1678 1518 Κυρίου
1706 1481 1752 1507 τὸν
1780 1479 1893 1517 Κύριον.

1108 1575 1231 1610 Ῥήματα
1246 1574 1313 1611 ἅπερ
1339 1583 1385 1609 μοι
1414 1571 1524 1610 φθέγγῃ,
1548 1570 1645 1607 σεμνὴ,
1662 1570 1675 1597 6
1692 1568 1803 1607 ἅγγελος
1833 1566 1893 1595 πᾶ-

1075 1618 1118 1647 λιν
1137 1619 1197 1657 βοᾷ,
1212 1619 1315 1653 συνήθη
1342 1617 1420 1644 πέλει
1450 1615 1564 1653 λοχείας
1594 1615 1741 1652 ἀνθρώπων
1769 1613 1891 1647 θνητῶν.

1074 1664 1127 1692 Τὸν
1144 1661 1228 1694 ὅντως
1243 1663 1306 1690 Θεόν
1324 1672 1366 1689 σοι
1380 1660 1587 1698 ὑπαγγέλλομαι
1605 1659 1671 1696 ὑπὲρ
1691 1658 1774 1696 λόγου
1802 1667 1831 1684 τε
1846 1657 1893 1684 καὶ

1069 1707 1173 1736 ἔννοιαν
1186 1707 1382 1745 σαρκούμενον,
1399 1706 1436 1736 ὡς
1452 1703 1522 1732 οἶδεν
1546 1704 1576 1731 ἐκ
1599 1706 1658 1731 σοῦ.
1685 1702 1730 1730 Διὸ
1752 1702 1797 1729 καὶ
1826 1700 1892 1739 χαί-

1068 1756 1123 1791 ρῶν
1142 1753 1209 1791 βοῶ·
1228 1752 1373 1789 Εὒλογεῖτε
1387 1751 1471 1778 πάντα
1495 1750 1528 1776 τὰ
1552 1748 1616 1787 ἔργα
1640 1747 1742 1786 Κυρίου
1762 1747 1809 1774 τὸν
1835 1745 1890 1774 Κόο

1089 1808 1126 1825 ιον
1133 1819 1139 1826 .

1069 1808 1189 1880 ριῗὲαίνῃ
1208 1852 1256 1878 μοι
1278 1839 1407 1876 ἀληθείας
1437 1839 1540 1878 ῥήτωρ,
1560 1837 1685 1870 κατέθετο
1701 1838 1718 1872 ἡ
1734 1836 1882 1874 Παρθένος.

1066 1890 1154 1926 Χαρᾶς
1170 1891 1266 1921 κοινῆς
1275 1887 1325 1925 γὰρ
1342 1885 1480 1921 ἐλήλυθας
1496 1883 1623 1922 ἅγγελος·
1641 1884 1734 1921 ψυχὴν
1756 1881 1803 1909 οὖν
1830 1880 1890 1909 ἐπεὶ

1066 1934 1303 1970 συγκαθήγνισμαι
1320 1930 1468 1967 Πνεύματι,
1485 1930 1522 1960 ὡς
1536 1930 1567 1956 τὸ
1594 1928 1669 1966 ῥῆμά
1693 1938 1743 1955 σου
1767 1927 1889 1964 γενέσθω

1067 1987 1124 2015 μοι·
1143 1976 1283 2012 σκηνούτω
1299 1975 1325 2002 ὲν
1340 1974 1403 2011 ἐμοὶ
1419 1975 1432 2001 6
1448 1974 1522 2007 Θεὸς,
1547 1973 1613 2009 πρὸς
1642 1972 1671 1999 ὅν
1699 1973 1765 2009 βοῶ’
1795 1970 1889 1999 Εὐλο-

1064 2025 1136 2060 γεῖτε
1150 2021 1235 2049 πάντα
1247 2021 1280 2047 τὰ
1295 2017 1361 2057 ἔργα
1377 2018 1478 2056 Κυρίου
1492 2018 1538 2045 τὸν
1554 2018 1665 2055 Κύριον.

1100 2067 1143 2096 Ὠς
1156 2065 1274 2102 ἐμψύχῳ
1304 2066 1370 2092 Θεοῦ
1393 2060 1505 2098 κιϐωτῷ
1529 2060 1635 2098 ψαυέτω
1662 2060 1799 2097 μηδαμῶς
1824 2059 1889 2095 χεὶρ

1065 2111 1205 2146 ἀμυήτων·
1224 2108 1307 2146 χείλτι
1338 2107 1366 2135 δὲ
1395 2108 1497 2134 πιστῶν
1531 2107 1564 2141 τῇ
1595 2104 1719 2140 Θεοτόκῳ
1748 2103 1891 2140 ἀσιγήτως

1065 2155 1157 2193 φωνὴν
1183 2156 1232 2181 τοῦ
1261 2150 1379 2190 ἀγγέλου
1422 2149 1621 2186 ἀναμέλποντα,
1660 2148 1687 2176 έν
1722 2146 1889 2185 ἀγαλλιάσει

1066 2199 1166 2236 βοάτω·
1183 2199 1276 2235 Χαῖρε,
1292 2194 1513 2233 κεχαριτωμένη,
1530 2194 1544 2221 6
1560 2193 1659 2231 Κύριος
1676 2193 1743 2229 μετᾶ
1758 2194 1818 2221 σοῦ.

1099 2242 1177 2279 Ὑπὲρ
1189 2239 1292 2269 ἔννοιαν
1304 2238 1478 2268 συλλαϐοῦσα
1490 2240 1616 2273 θεὸν,τῆς
1640 2237 1744 2275 φύσεως
1770 2236 1889 2273 θεσμοὺς

1066 2286 1159 2318 ἔλαθες
1174 2285 1253 2323 κόρη.
1267 2285 1304 2312 Σὺ
1315 2285 1364 2323 γὰρ
1378 2284 1403 2312 ἐν
1413 2286 1452 2320 τῷ
1462 2284 1561 2311 τίκτειν
1572 2283 1605 2310 τὰ
1623 2282 1747 2319 μητέρων
1765 2279 1888 2319 διέδρας,

1067 2331 1164 2368 ῥευστὴ
1194 2330 1272 2369 φύσις
1308 2331 1405 2367 καίπερ
1442 2329 1632 2362 καθεστηκυῖα·
1675 2326 1733 2354 ὅθεν
1769 2325 1889 2361 ἐπαξίως

1065 2375 1182 2406 ἀκούεις’
1199 2376 1292 2411 Χαῖρε,
1306 2373 1528 2411 κεχαριτωμένη,
1545 2373 1558 2399 6
1575 2372 1674 2409 Κύριος
1692 2370 1760 2407 μετὰ
1774 2372 1835 2399 σοῦ.

1099 2466 1162 2496 Πῶς
1189 2464 1321 2501 πηγάζεις
1347 2462 1429 2500 γάλα,
1461 2461 1577 2500 Ηαρθένε
1617 2461 1698 2498 ἁγνὴ,
1737 2460 1768 2487 οὐ
1809 2460 1887 2498 φέρει

1063 2509 1175 2544 ἐξειπεῖν
1203 2507 1314 2546 γλῶσσα
1345 2506 1462 2545 βροτεία.
1490 2505 1574 2533 Ξένον
1604 2505 1654 2542 γὰρ
1683 2504 1789 2544 φύσεως
1825 2503 1888 2531 ἑπι-

1063 2553 1198 2581 δείκνυται
1211 2554 1323 2590 πρᾶγμα
1351 2551 1472 2587 νομίμης
1500 2549 1580 2586 ὅρους
1604 2552 1686 2587 γονῆς
1709 2546 1887 2586 ὑπερϐαἶνον·

1063 2597 1121 2625 ὅθεν
1133 2597 1248 2632 ἐπαξίως
1261 2596 1379 2626 ἀκούεις’
1395 2597 1491 2631 Χαῖρε,
1514 2594 1735 2632 κεχαριτωμένη,
1752 2593 1765 2620 6
1783 2591 1888 2629 Κύριος

1065 2643 1132 2679 μετὰ
1149 2644 1207 2669 σοῦ.

1098 2685 1254 2722 Θαυμαστὸν
1271 2687 1310 2720 τῷ
1323 2682 1467 2722 ἱεροφάντῃ
1493 2683 1605 2711 Μωϋσεῖ
1632 2683 1649 2717 ἡ
1677 2682 1758 2720 βάτος
1785 2680 1831 2708 καὶ
1854 2681 1890 2708 τὸ

1062 2733 1115 2769 πῦρ
1132 2729 1215 2766 ἔδειξε
1230 2729 1319 2766 τέρας.
1349 2729 1442 2763 Ζητῶν
1469 2726 1498 2754 δὶ
1525 2727 1557 2754 τὸ
1585 2727 1668 2764 πέρας
1695 2727 1733 2757 εἰς
1761 2723 1891 2753 διάϐασιν

1062 2776 1174 2813 χρόνου,
1191 2775 1218 2802 ἐν
1233 2774 1300 2812 κόρῃ
1326 2774 1395 2810 ἀγνῆ
1425 2770 1476 2811 ἔφη
1503 2774 1701 2806 κατωτι-τεῦσαι,
1717 2771 1734 2805 ἢ
1752 2771 1790 2802 ὡς
1814 2773 1890 2798 Θεο-

1059 2821 1133 2856 τόκῳ
1158 2819 1282 2857 λεχθείη·
1309 2818 1403 2855 Χαῖρε,
1425 2816 1646 2854 κεχαριτωμένη,
1663 2816 1676 2843 6
1691 2815 1789 2852 Κύριος
1815 2815 1890 2852 μετὰ

1060 2866 1118 2892 σοῦ·
