4042 6154
1632 629 2600 791 ADDENDA

1857 901 2220 942 SUPPLEMENTI
2252 903 2376 943 VICE

1050 1026 1143 1080 AD
1199 1027 1433 1081 OPERA
1473 1025 1719 1080 SANCTI
1755 1026 2043 1082 JOANNIS
2091 1028 2490 1082 DAMASCENI
2546 1029 2888 1084 SUPERIUS
2930 1031 3162 1090 EDITA.

1309 1341 1576 1428 VITA
1649 1343 2167 1433 BARLAAM
2258 1345 2396 1429 ET
2469 1345 2918 1436 JOSAPH.

1855 1683 2332 1748 PRA‘ILOQUIUM

1396 1821 1641 1877 Editiom’
1661 1822 1913 1894 principi
1941 1823 2116 1879 ἂν*κοί
2146 1831 2327 1881 textus
2356 1830 2671 1898 appositum
2704 1828 2745 1881 '.

2068 1996 2137 2008 ..ο

481 2131 840 2218 Describere
870 2131 1342 2218 multisadhinc
1375 2133 1554 2194 annis
1585 2152 1895 2212 caeperam
1925 2137 2335 2218 compositam
2382 2157 2416 2197 a
2445 2139 2709 2207 Joanne,
2745 2141 2852 2218 qui
2883 2141 3072 2216 vulgo
3097 2143 3517 2200 Damascenus
3549 2140 3794 2212 dicitur,

400 2211 717 2296 Barlaami
750 2229 820 2272 ac
862 2213 1159 2290 Joasaphi
1193 2211 1756 2296 Yitam,earmen’te
1788 2221 1852 2296 ut
1883 2234 2014 2274 eam
2051 2211 2126 2275 ad
2151 2217 2395 2277 codices
2427 2220 2644 2296 Regios
2676 2211 2912 2288 omnes,
2935 2211 3039 2296 qui
3061 2227 3202 2279 sunt
3236 2239 3492 2280 numero
3523 2227 3797 2296 septem-

403 2293 631 2375 decim,
663 2298 952 2375 accurate
987 2293 1375 2375 recensitam,
1415 2295 1628 2353 Latina
1659 2295 1939 2355 versione
1971 2298 2106 2354 Jac.
2138 2297 2323 2368 Billii,
2351 2293 2566 2374 caque,
2623 2297 2671 2357 si
2705 2299 2862 2357 forte
2893 2293 3119 2358 alicubi
3150 2300 3532 2359 correctione
3564 2293 3792 2375 egeret,

403 2372 852 2456 emendatiore,
889 2371 1276 2456 instructam,
1302 2373 1804 2456 forma‘maxima
1835 2376 2108 2456 ederem,
2153 2377 2390 2456 scilicet
2421 2371 2852 2454 supplemento
2885 2377 3142 2439 editioni
3171 2379 3532 2439 Damasceni
3566 2371 3792 2456 Iquui-

403 2456 607 2514 nianm
637 2452 1110 2536 futuram._§ed,
1144 2472 1283 2512 cum
1307 2455 1384 2512 de
1417 2453 1807 2536 redemptore
1836 2455 1943 2512 tali
1965 2455 2161 2536 libro,
2198 2455 2304 2514 illo
2330 2475 2452 2534 quo
2492 2452 2757 2516 vivimus
2793 2464 3092 2534 tempore,
3155 2461 3518 2536 reperiendo
3578 2452 3762 2535 des-pc.

404 2532 726 2614 rarem,_id
759 2531 1000 2614 consilii
1035 2539 1546 2614 seposueram,ut
1578 2541 1636 2593 et
1689 2532 1889 2609 majus
1921 2533 2087 2592 aliud
2141 2536 2215 2614 de
2271 2531 2559 2595 addendo
2609 2531 3028 2597 Benedictinae
3086 2531 3360 2614 Gregorii
3420 2531 3785 2596 Nazianzeni

405 2611 678 2692 editioni;
698 2612 1010 2692 volumine
1042 2611 1258 2686 altero,
1292 2632 1414 2690 quo
1436 2612 1570 2690 ejus
1597 2618 1884 2690 poemata
1905 2619 1964 2673 et
1993 2613 2260 2673 ineditos
2289 2621 2811 2676 commentatores
2829 2617 3096 2687 Graecos,
3123 2611 3422 2676 Basiliam
3457 2617 3516 2674 in
3548 2617 3783 2692 primis,

408 2690 1024 2767 comprehenderem.

491 2771 721 2836 Quibus
752 2789 894 2830 vero
924 2769 1270 2830 rationibus
1301 2788 1373 2830 eo
1405 2771 1623 2830 fuerim
1656 2771 1984 2847 adductus,
2021 2778 2087 2829 ut
2112 2772 2424 2833 Barlaami
2454 2773 2655 2832 Vitam
2686 2781 2987 2850 apparatu
3020 2771 3233 2834 critico
3263 2774 3384 2832 fere
3431 2773 3785 2832 destitutam

412 2848 476 2908 in
513 2850 731 2926 vulgus
759 2851 1130 2922 emitterem,
1163 2851 1425 2910 lectores
1458 2851 1715 2911 docebo.
1751 2850 2182 2910 Voluiscilicet
2202 2869 2338 2911 eam
2370 2870 2676 2928 occupare
2708 2848 3212 2926 provinciamme
3236 2853 3388 2911 mihi
3424 2872 3592 2911 meus
3617 2853 3794 2913 labor

412 2935 580 2990 totus
611 2929 857 3007 periret,
891 2947 1034 2990 cum
1065 2931 1141 2990 de
1171 2931 1440 3007 quadam
1472 2929 1881 2990 inaudiverim
1939 2930 2229 3008 editione,
2289 2949 2450 3009 quae,
2520 2932 2570 2990 si
2628 2932 2798 3009 prior
2855 2931 2915 2990 in
2975 2951 3194 2991 manus
3225 2934 3526 2993 lectorum
3559 2933 3786 3003 veniat,

411 3026 612 3070 meam
645 3027 898 3086 prorsus
927 3010 1256 3087 opprimet,
1291 3028 1430 3069 cum
1461 3010 1548 3068 illi
1581 3011 1675 3068 vel
1723 3010 2045 3086 posteriori
2093 3013 2263 3088 prior
2295 3010 2427 3072 haec
2461 3030 2593 3071 mea
2623 3011 2795 3070 nullo
2828 3018 3014 3088 queat
3055 3013 3236 3072 modo
3268 3031 3510 3071 nocere.
3547 3013 3787 3072 Etenim

407 3087 526 3150 viri
555 3089 680 3148 duo
713 3088 1034 3167 prmeipui,
1067 3089 1466 3158 Schmidtius,
1501 3089 1603 3168 qui
1636 3089 1695 3148 in
1725 3087 2109 3148 Romaneizsi’
2131 3090 2478 3151 litteratura
2511 3098 2751 3167 regnat,
2785 3087 3139 3168 et’Kopitar
3171 3092 3563 3150 bibliotheca
3595 3093 3790 3150 Caesa-

407 3187 550 3244 reae,
587 3187 725 3246 quae
758 3169 1138 3229 Vindnbodse
1171 3176 1282 3238 est,
1317 3177 1524 3228 custos
1555 3169 1909 3246 primarius,
1944 3171 2221 3228 coeuuda
2251 3170 2436 3229 studii
2470 3178 2527 3230 et
2557 3170 2790 3229 laboris
2813 3171 3106 3230 societate
3155 3171 3485 3231 editionem
3521 3171 3790 3228 moliun-

404 3254 733 3326 tur,quam
765 3248 1348 3329 omnibusnumeris
1380 3250 1510 3309 fore
1541 3248 2067 3329 absolutissimum
2101 3249 2279 3310 facile
2312 3268 2550 3310 mecum
2584 3268 2800 3310 omnes
2821 3252 3312 3328 augurabantur,
3339 3251 3442 3328 qui
3477 3250 3791 3329 utriusque

403 3347 710 3388 summam
737 3335 1043 3387 noverunt
1075 3328 1419 3389 doctrinam
1453 3335 1513 3388 et
1542 3328 1977 3388 eruditionem.

485 3411 634 3479 Qua:
665 3425 806 3466 cum
837 3409 924 3468 ita
955 3409 1184 3476 forent,
1217 3408 1366 3467 mihi
1400 3408 1651 3485 quidem
1690 3409 1841 3467 satis
1871 3425 2004 3467 esse
2035 3407 2236 3468 visum
2268 3409 2402 3476 fuit,
2440 3407 2488 3467 si
2524 3427 2661 3468 meo
2710 3410 3124 3487 qualicunque
3153 3429 3302 3470 usus
3330 3414 3659 3487 apparatu,
3686 3427 3793 3468 ve-

402 3485 601 3568 lisque
623 3487 984 3568 contractis,
1015 3488 1181 3547 viam
1223 3489 1348 3568 fere
1402 3487 1732 3564 aperirem,
1793 3488 2148 3568 librumque
2205 3491 2438 3547 dudum
2475 3485 2924 3564 exspectatum,
2985 3485 3160 3566 cujus
3191 3497 3330 3568 post
3361 3485 3454 3549 tot
3508 3491 3570 3548 in
3602 3489 3790 3549 variis

403 3565 637 3644 linguis
667 3567 978 3628 versiones
1008 3570 1290 3628 Graecum
1323 3567 1524 3643 ipsum
1557 3568 1874 3644 exemplar
1898 3567 2172 3625 umidum
2209 3569 2319 3627 fuit
2353 3569 2512 3643 typis
2544 3586 2858 3635 excusum,
2894 3570 2957 3628 in
2996 3565 3320 3629 doctorum
3383 3570 3672 3628 inferrem
3709 3569 3791 3627 bi-

405 3646 771 3715 bliothecas,
798 3647 1083 3706 hortante
1115 3648 1455 3724 praesertim
1478 3645 1764 3716 Sinnero,
1797 3648 1904 3706 illo
1937 3645 2324 3706 Praefationis
2371 3649 2449 3706 ad
2511 3649 2786 3722 Longum
2835 3648 2972 3708 loco
3025 3669 3143 3726 quo
3193 3651 3268 3708 de
3299 3648 3612 3707 Barlaami
3645 3647 3788 3706 Vita

404 3727 616 3804 paucis
646 3725 985 3802 disputavit
1015 3727 1239 3794 verbis,
1265 3727 1369 3785 sed
1402 3725 1679 3798 eruditis,
1715 3744 1825 3784 nec
1855 3726 2226 3785 dehortante
2258 3726 2486 3795 Geelio,
2550 3726 2653 3802 qui
2711 3744 2851 3785 cum
2913 3729 2987 3786 de
3041 3725 3136 3787 me
3195 3736 3317 3787 tam
3347 3726 3699 3784 humaniter
3730 3734 3791 3784 et

405 3805 665 3866 senserit
686 3813 744 3866 et
764 3805 1093 3883 scripserit,
1130 3805 1190 3864 id
1224 3805 1384 3864 inter
1414 3806 1684 3864 maxima
1716 3805 1914 3864 habeo
1947 3823 2223 3863 meorum
2249 3812 2582 3864 conatuum
2610 3806 2890 3882 praemia.
2925 3807 3085 3876 Quid
3139 3806 3301 3864 enim
3337 3805 3487 3864 mihi
3516 3804 3790 3880 optatius

402 3886 622 3946 cadere
651 3890 873 3963 potest,
907 3903 1096 3964 quam
1124 3891 1191 3945 ut
1221 3884 1308 3946 illi
1343 3884 1500 3958 viro,
1531 3885 1634 3964 qui
1662 3892 1752 3944 est
1771 3883 2119 3944 studiorum
2150 3885 2537 3944 eruditorum
2588 3883 2784 3962 judex
2813 3886 2876 3944 in
2929 3885 3139 3964 paucis
3171 3885 3442 3946 maxime
3499 3884 3784 3961 idoneus,

405 3966 609 4024 studia
639 3983 776 4026 mea
804 3966 1060 4042 probem
1089 3966 1120 4025 ?

483 4045 699 4123 igitur,
757 4041 1010 4118 omissa,
1073 4062 1211 4122 quae
1268 4043 1494 4123 fuisset,
1528 4042 1792 4114 inﬁnita,
1851 4041 2134 4102 codicum
2179 4043 2616 4122 septemdecim
2675 4043 3030 4115 collatione,
3085 4045 3165 4103 ad
3224 4043 3379 4104 duos
3437 4041 3782 4123 praesertim

402 4121 828 4186 recensionem
879 4121 1137 4194 institui,
1189 4125 1439 4202 optimae
1483 4122 1623 4184 illos
1678 4129 1842 4182 notae
1905 4128 1965 4181 et
2026 4121 2259 4194 aetatis,
2308 4125 2606 4184 adhibitis
2653 4125 2839 4184 etiam
2899 4143 3012 4202 pro
3063 4142 3130 4183 re
3188 4130 3335 4183 nata
3367 4125 3428 4182 in
3479 4121 3780 4183 auxilium

406 4204 544 4263 aliis
593 4204 991 4281 quibusdam,
1033 4205 1084 4263 si
1136 4201 1275 4281 quis
1323 4204 1384 4263 in
1421 4204 1662 4264 duobus
1713 4202 1834 4261 illis
1865 4208 2026 4263 esset
2082 4203 2253 4262 locus
2298 4204 2394 4263 vel
2452 4221 2708 4263 mancus
2765 4203 2860 4264 vel
2917 4202 3254 4263 difﬁcilior.
3289 4203 3434 4274 Sed,
3497 4201 3788 4262 brevitati

402 4285 681 4355 studens,
731 4283 1062 4344 varietates
1119 4283 1439 4362 scriptura:
1499 4287 1775 4343 rarenter
1824 4282 2184 4358 memoravi,
2246 4283 2364 4342 nisi
2425 4283 2780 4342 viderentur
2828 4283 3091 4355 eximiae,
3127 4282 3222 4343 vel
3280 4283 3380 4344 via
3437 4299 3790 4342 memoran~

403 4362 500 4423 dis
551 4368 930 4423 sterneretur
984 4363 1062 4422 ad
1095 4370 1420 4422 auctorum
1453 4362 1942 4430 emendationes,
1975 4368 2083 4420 aut
2138 4379 2320 4422 versu
2370 4362 2525 4422 foret
2581 4379 2737 4439 Opus
2796 4381 2919 4422 uno
2962 4369 3022 4422 et
3077 4363 3296 4439 altero,
3356 4363 3459 4438 qui
3497 4362 3790 4421 columna

405 4441 467 4503 in
507 4443 910 4504 annotatione
947 4441 1199 4503 brevior
1244 4443 1460 4503 vicinas
1516 4444 2116 4520 adaequareturnec
2171 4441 2573 4502 claudicaret.
2636 4441 2700 4502 Si
2765 4442 2871 4520 qui
2931 4442 3086 4502 forte
3142 4442 3406 4502 lectores
3463 4441 3790 4520 hypercri-

405 4521 512 4582 tici
572 4540 669 4582 me
709 4520 1104 4600 negligentiae
1151 4522 1620 4600 insimulabunt,
1645 4519 1990 4580 insimulari
2052 4538 2150 4580 me
2191 4521 2386 4581 feram
2443 4519 3033 4599 patienter,’eisque
3082 4528 3300 4582 auctor
3359 4539 3463 4582 ero
3496 4519 3564 4581 ut
3591 4539 3655 4582 se
3686 4538 3793 4596 spe

404 4601 690 4743 solleqtu:
730 4601 1070 4680 Kopitarias
1127 4601 1438 4679 editionis,
1473 4619 1595 4680 qua
1653 4601 1758 4680 qui
1815 4605 1958 4660 sunt
2039 4618 2192 4662 mea:
2259 4601 2534 4660 defectus
2609 4601 3097 4661 cumulatissime
3151 4606 3506 4680 reparatum
3583 4600 3658 4660 iri
3715 4617 3792 4658 ne

451 4701 485 4742 u
535 4699 660 4742 ien
696 4725 712 4741 .

451 4681 712 4742 ubitent.

487 4759 928 4822 Difficillimam
961 4757 1150 4821 etiam
1182 4758 1528 4820 Schmidtio
1555 4776 1628 4820 ac
1667 4759 1835 4820 socio
1892 4757 2250 4838 doctissimo
2290 4759 2366 4820 de
2418 4759 2563 4820 libri
2615 4764 2865 4820 auctore
2922 4759 3402 4838 disputationem
3446 4759 3730 4836 relinquo
3766 4780 3781 4835 ;

404 4845 614 4930 utrum
664 4843 937 4930 Joaunes
981 4840 1060 4900 sit
1091 4843 1529 4930 Damaseenus,
1557 4858 1641 4930 an_
1669 4841 1936 4930 Joannes
1965 4837 2217 4930 quidam
2247 4838 2406 4899 alius
2435 4840 2780 4930 monachus
2818 4839 3056 4900 Sinaita
3089 4841 3184 4930 vel
3215 4839 3491 4900 Sabaita.
3525 4840 3788 4930 Sinnero

405 4921 654 4998 quidem
679 4922 754 4981 de
787 4921 1153 4980 Damasceni
1184 4921 1435 4980 nomine
1466 4919 1569 4980 vix
1629 4918 2036 4978 haesitationis
2059 4918 2228 4978 locus
2260 4926 2396 4996 post
2427 4919 2638 4998 Allatii
2669 4927 3039 4998 argumenta
3074 4920 3327 4980 relictus
3356 4937 3485 4978 esse
3508 4919 3783 4988 videtur;

406 4996 604 5062 fateor
626 5007 830 5060 tamen
863 5018 962 5060 me
994 4999 1198 5059 adhuc
1226 5000 1528 5060 incertum
1560 4999 1817 5067 haerere,
1851 5016 1923 5058 ac
1953 5017 2090 5058 cum
2122 4999 2332 5058 Geelio
2367 4997 2554 5075 (szl.
2611 5004 2747 5057 erit.
2813 4996 2892 5057 N.
2947 5006 2991 5059 t.
3025 5000 3095 5069 V,
3131 5019 3192 5075 p.
3246 4998 3387 5076 241)
3431 5005 3791 5075 exspectare

405 5080 633 5150 adhuc,
665 5081 883 5144 donec.
919 5079 1188 5140 enotatis
1217 5079 1546 5156 diligenter
1575 5078 1858 5138 codicum
1891 5077 2169 5136 omnium
2201 5077 2705 5154 inscriptionibus
2737 5085 2796 5136 et
2818 5077 3118 5153 cujusque
3192 5085 3373 5137 aetate
3403 5080 3619 5139 sedulo
3654 5097 3792 5137 exa-

405 5161 570 5219 mine
601 5160 945 5236 explorata,
981 5163 1466 5236 comparatoque
1504 5157 1694 5218 dubio
1723 5175 1796 5216 eo
1829 5157 1986 5216 libro
2030 5174 2169 5217 cum
2193 5157 2476 5232 genuinis
2510 5159 2874 5216 Damasceui
2934 5157 3128 5224 libris,
3190 5157 3431 5235 plenior
3486 5164 3546 5217 et
3601 5158 3789 5218 altior

403 5237 763 5300 instituatur
788 5238 1460 5318 disquisitio.ilnterim,
1497 5254 1678 5316 quem
1710 5238 1787 5296 ad
1812 5237 2249 5297 Aristaenetum
2279 5240 2584 5296 Joannem
2622 5237 3000 5296 monachum
3043 5239 3368 5310 vocabam,
3403 5256 3564 5297 nunc
3597 5238 3781 5298 etiam

405 5319 710 5381 Joannem
739 5317 1331 5379 voco’monachum.

483 5402 554 5462 In
575 5399 738 5460 notis
771 5417 1206 5478 nonnusquam
1241 5396 1521 5458 Latinam
1553 5395 1813 5457 adhibui
1855 5395 2107 5475 Georgii
2128 5397 2520 5476 Trapezuutii
2552 5415 2690 5476 quae
2725 5395 2920 5456 fertur
2951 5395 3317 5458 versionem.
3354 5396 3480 5456 Etsi
3520 5415 3643 5456 non
3677 5414 3786 5456 ne-

470 5556 493 5581 '
520 5555 822 5638 Auecdota
851 5556 1161 5638 Grmca._E.
1196 5555 2530 5638 codicibus‘Regiis_de‘s_c’rip_si_t,nannotatione
2584 5554 2899 5638 illustravit
2928 5555 3099 5638 LnFr.
3135 5554 3782 5638 Berssoiar)§;Xo‘l'."IX.

403 5628 951 5696 Parisiis,excusum
981 5629 1044 5686 in
1075 5631 1469 5702 typographeo
1498 5625 1671 5700 Regio
1695 5625 2152 5694 MDCCGXXXII,
2168 5627 2320 5700 regis
2341 5625 2798 5699 permissu,dato
2822 5627 2960 5682 diev
2980 5625 3313 5681 Decembris
3327 5625 3778 5681 MDCCCXXVII.
