4042 6154
349 293 457 349 865

1519 291 1690 344 VlTA
1723 291 2078 348 BARLAAM
2114 295 2208 348 ΕΤ
2242 294 2580 350 JOABAPH.

3631 293 3736 347 866

350 419 604 477 τοιούτου
678 417 862 481 λυθεὶς
938 415 1160 490 δεσμοῦ,
1239 415 1438 470 τέκνων
1495 413 1728 486 κληθείη
1786 417 1987 489 πατὴρ,

2120 436 2242 474 :ura
2263 419 2582 475 sollicitum
2604 419 3142 490 habebat,quonam
3163 425 3332 491 pacto
3364 421 3456 474 his
3482 422 3734 476 vinculis

353 515 580 586 πρᾶγμα
605 513 723 569 τοῖς
779 506 1015 568 πολλοῖς
1075 503 1470 559 εὐκταιότατον.
1530 507 1792 566 Τοιοῦτος
1841 504 1934 576 μὲν
1969 505 1996 557 ὁ

360 596 636 675 βασιλεὺς,
668 598 756 653 καὶ
789 595 963 660 οὕτως
993 592 1140 670 ἔχων
1169 601 1268 664 τῆς
1298 595 1546 669 γνώμης.

425 866 496 922 Τὸ
526 863 584 920 δὲ
631 863 1014 920 εὐκλεέστατον
1076 861 1232 936 γένος
1287 866 1394 917 τῶν
1451 865 1780 936 χριστιανῶν
1813 860 1998 916 καὶτὰ

352 961 463 1012 τῶν
501 958 757 1029 μοναχῶν
791 953 982 1023 πλήθη
1041 953 1168 1027 παρ’
1227 949 1386 1006 οὐδὲν
1438 953 1653 1023 θέμενοι
1683 951 1744 1005 τὸ
1771 955 1868 1005 τοῦ
1903 951 1998 1025 βα-

357 1046 554 1107 σιλέως
613 1038 796 1108 σέϐας,
850 1042 941 1096 καὶ
995 1041 1096 1108 τὴν
1151 1041 1321 1094 αὐτοῦ
1377 1039 1452 1112 μὴ
1509 1037 1812 1100 δεδοικότες
1853 1037 1999 1100 ὅλως

355 1134 615 1202 ἀπειλήν,
670 1129 1010 1206 προέκόπτον
1068 1133 1136 1202 τῇ
1221 1133 1315 1182 τοῦ
1371 1132 1603 1202 Χριστοῦ
1656 1129 1866 1202 χάριτι,
1923 1127 1998 1188 εἷς

357 1223 526 1299 λόγου
555 1222 840 1298 κρείττονα
886 1217 1100 1289 πληθὸν
1147 1215 1501 1286 ἐπιδιδόντες,
1533 1217 1622 1270 καὶ
1659 1215 1867 1291 βραχὺν
1903 1216 1996 1288 μὲν

355 1311 678 1384 ποιούμενοι
735 1307 830 1364 τοῦ
895 1305 1166 1384 βασιλέως
1227 1305 1394 1380 λόγον
1454 1309 1590 1378 (25),
1639 1308 1748 1359 τῶν
1781 1303 1838 1358 δὲ
1865 1305 2000 1379 πρὸς

358 1400 642 1470 Θεραπείαν
675 1402 712 1455 7
751 1396 1022 1474 φερόντων
1089 1399 1223 1449 Θεοῦ
1283 1392 1648 1468 διαφερόντως
1715 1391 1996 1468 ἐχόμενοι.

361 1489 464 1548 Καὶ
489 1487 578 1544 διὰ
605 1491 766 1542 τοῦτο
823 1483 1028 1540 πολλοὶ
1079 1487 1186 1538 τῶν
1245 1483 1343 1550 τὴν
1397 1479 1693 1554 μοναδικήν
1725 1480 2000 1554 ἐπανῃρη-

365 1580 541 1652 μένων
569 1578 740 1648 τάξιν,
791 1574 960 1628 πάντα
1019 1573 1112 1646 μὲν
1170 1570 1361 1638 ἐπίσης
1413 1572 1480 1626 τὰ
1537 1569 1761 1625 ἐνταῦθα
1797 1571 1999 1644 τερπνὰ

363 1669 638 1736 διέπτυον,
696 1665 832 1739 πρὸς
882 1661 936 1720 ἓν
997 1661 1056 1717 δὲ
1112 1662 1275 1734 μόνον
1325 1665 1485 1716 τοῦτο
1518 1663 1666 1735 εἶχον
1700 1660 1998 1734 ἐρωτικῶς,

358 1760 456 1827 τήν
491 1753 790 1824 εὐσέϐειαν,
846 1755 934 1808 καὶ
993 1753 1086 1806 τὸν
1141 1752 1271 1825 ὑπὲρ
1329 1753 1563 1826 Χριστοῦ
1620 1751 1841 1804 θάνατον
1891 1746 1996 1804 ἐδί-
2033 1793 2076 1856 Β

373 1852 382 1856 -
602 1845 614 1856 .
685 1850 712 1856 _
806 1841 819 1856 .
889 1843 941 1856 ...ι
1067 1839 1080 1856 τ
1139 1841 1148 1856 .
1592 1839 1602 1856 .
1827 1840 1883 1856 ,η
1945 1837 1957 1856 θ

360 1852 496 1922 ψων,
527 1845 748 1913 καὶτῆς
803 1841 1000 1898 ἐκεῖθεν
1050 1839 1321 1914 ὠρέγοντο
1373 1839 1795 1912 μακαριότητος,
1827 1837 2000 1907 Ἑκή-

361 1955 552 2011 ρυττον
583 1931 698 2002 οῦν,
758 1930 824 1986 οὐ
883 1924 1036 2008 φόϐῳ
1090 1932 1198 1983 τινὶ
1253 1927 1343 1982 καὶ
1403 1925 1704 2000 ὑποστολῇ,
1736 1925 2000 1982 ἀλλὰκαὶ

360 2026 481 2083 λίαν
514 2021 996 2099 εύπαῤῥησιάστως
1041 2021 1104 2074 τὸ
1158 2024 1255 2074 τοῦ
1312 2023 1449 2074 Θεοῦ
1507 2020 1775 2091 σωτήριον
1804 2017 1999 2089 ὂνομα,

360 2115 450 2170 καὶ
481 2111 636 2170 οὐδὲν
693 2113 722 2167 δ
772 2133 824 2166 τι
861 2112 936 2184 μή
998 2109 1229 2183 Χριστὸς
1281 2108 1464 2168 αὐτοῖς
1496 2105 1584 2162 διὰ
1614 2107 1881 2178 στόματος
1910 2107 2001 2174 ἦν,

356 2207 456 2272 τήν
513 2223 572 2256 τε
627 2201 852 2278 ῥευστὴν
907 2199 998 2254 καὶ
1057 2197 1382 2272 εὐμάραντον
1442 2194 1598 2271 φύσιν
1653 2199 1763 2250 τῶν
1794 2195 2000 2268 παρόν-

355 2313 462 2348 των
521 2290 610 2346 καὶ
662 2289 725 2345 τό
781 2290 976 2363 πάγιον
1051 2285 1142 2340 καὶ
1214 2285 1481 2362 ἄφθαρτον
1537 2291 1636 2353 τῆς
1693 2281 2004 2356 μελλούσης

362 2387 508 2450 ζωῆς
559 2381 804 2456 φανερῶς
861 2380 1021 2430 πᾶσιν
1079 2371 1447 2442 ὑπεδείκνυον,
1498 2372 1590 2426 καὶ
1637 2370 1803 2424 οἱονεὶ
1833 2370 2004 2446 ἀφορ-

369 2471 472 2544 μὰς
501 2473 766 2542 παρεῖχον
799 2465 888 2520 καὶ
939 2461 1224 2538 σπέρματα
1279 2461 1414 2533 πρὸς
1468 2460 1532 2514 τὸ
1589 2458 1820 2520 οἰκείους
1853 2459 2002 2532 γενέ-

367 2563 486 2615 σθαι
518 2563 632 2630 Θεῷ
679 2554 768 2610 καὶ
824 2556 922 2622 τῆς
977 2553 1028 2606 έν
1089 2553 1309 2626 Χριστῷ
1351 2549 1738 2625 κρυπτομένης
1770 2549 2004 2618 ἀξιωθῆ-

363 2669 454 2703 ναι
503 2653 648 2715 ζωῆς
883 2643 1153 2704 Ἐντεῦθεν
1206 2637 1430 2706 πολλοὶ,
1478 2643 1577 2706 τῆς
1609 2634 1835 2706 ἡδίστης
1869 2633 2008 2690 ἐκεί-

374 2759 476 2808 νης
561 2733 905 2796 διδασκαλίας
987 2736 1096 2804 (2⁸1)
1177 2727 1562 2793 ἀπολαύοντες,
1617 2730 1712 2780 τοῦ
1763 2725 1855 2798 μὲν
1915 2745 2009 2778 πι-

371 2831 505 2901 κροῦ
549 2831 650 2894 τῆς
706 2821 914 2892 ἀπάτης
973 2821 1265 2895 ἀφίσταντο
1313 2817 1560 2884 σκότους,
1591 2819 1668 2886 τῷ
1717 2812 1773 2869 δὲ
1819 2813 2010 2888 γλυκεῖ

367 2924 468 2986 τῆς
520 2914 773 2984 ἀληθείας
829 2910 968 2987 φωτὶ
1023 2907 1422 2982 προσετίθεντο·
1485 2907 1559 2968 ὡς
1607 2906 1697 2960 καὶ
1725 2925 1873 2967 τινας
1899 2907 2006 2958 τῶν

367 3003 594 3074 ἐνδόξων
654 3003 744 3058 καὶ
801 3008 902 3070 τῆς
959 2997 1271 3072 συγκλήτου
1331 2993 1538 3070 βουλῆς
1591 2993 1764 3048 πάντα
1820 2990 2012 3046 ἀποτί-

366 3095 546 3158 θεσθαι
592 3092 662 3148 τά
704 3095 803 3147 τοῦ
856 3087 978 3164 βίου
1039 3085 1178 3163 βάρη
1219 3086 1306 3140 καὶ
1342 3083 1534 3140 λοιπὸν
1566 3083 1805 3158 γίνεσθαι
1841 3101 2008 3156 μονα-

370 3183 530 3259 χούς.

435 3364 496 3420 'O
528 3359 586 3416 δὲ
622 3357 906 3436 βασιλεὺς,
939 3357 1014 3420 ὡς
1047 3357 1250 3426 ἢκουσε
1297 3358 1482 3422 ταῦτα,
1534 3352 1701 3427 ὀργῆς
1745 3351 1828 3405 ὅτι
1855 3349 2014 3404 πλεί-

371 3473 501 3522 στης
556 3447 877 3523 πληρωθεὶς
930 3446 1020 3500 καὶ
1077 3449 1156 3515 τῷ
1231 3448 1389 3515 θυμῷ
1452 3443 1764 3517 ὑπερζέσας,
1841 3437 2017 3512 δόγμα

371 3539 562 3596 αὐτίκα
619 3537 847 3608 ἐξέθετο,
923 3535 1095 3588 πάντα
1179 3531 1500 3606 Χριστιανὸν
1592 3529 1864 3604 βιάζεσθαι
1921 3529 2017 3579 τοῦ

372 3624 692 3702 ἐξόμνυσθαι
763 3624 862 3692 τήν
943 3617 1231 3676 εὐσέϐειαν.
1304 3621 1460 3676 “Όθεν
1536 3617 1692 3673 καινά
1751 3617 1844 3688 μὲν
1903 3613 2020 3668 κατ’

377 3719 553 3773 αὐτῶν
586 3713 706 3786 εἷ’δη
758 3712 1000 3790 βασάνων
1052 3709 1258 3766 ἐπενόει
1310 3709 1400 3764 καὶ
1454 3705 1765 3776 ἐπετήδευε,
1795 3703 2017 3764 καινοὺς

378 3806 437 3862 δὲ
492 3808 728 3880 τρόπους
783 3803 1019 3858 θανάτων
1075 3799 1316 3870 ἠπείλει.
1386 3797 1490 3853 Καὶ
1542 3799 1836 3871 γράμματα
1885 3793 2021 3848 κατᾶ

379 3901 552 3951 πᾶσαν
609 3895 708 3962 τήν
758 3889 997 3960 ὑποτελῆ
1057 3889 1205 3961 αὐτῴ
1263 3887 1450 3962 χώραν
1484 3885 1754 3958 ἐπέμπετο
1787 3885 2022 3957 ἄρχουσι

378 3986 469 4040 καὶ
503 3984 758 4058 ἡγεμόσι,
791 3983 836 4038 8
866 3979 1136 4054 τιμωρίας
1184 3976 1319 4032 κατὰ
1363 3980 1470 4030 τῶν
1505 3968 1735 4029 εὐσεϐῶν
1768 3971 1856 4026 καὶ
1889 3992 2021 4046 σφα·

377 4075 473 4148 γᾶς
524 4069 740 4133 ἀδίκους
790 4068 1219 4146 ἀποφαινόμενα.
1277 4065 1602 4139 Ἐξαιρέτως
1655 4059 1712 4115 δὲ
1752 4059 1888 4114 κατὰ
1913 4063 2020 4113 τῶν

377 4145 474 4216 τοῦ
524 4157 820 4233 μοναδικοῦ
876 4145 1162 4232 σχήματος
1219 4150 1470 4228 λογάδων
1531 4151 1898 4222 θυμομαχῶν,
1931 4145 2027 4201 ἄσ--ι

379 4248 578 4306 πονδον
611 4245 802 4323 ἤγειρε
827 4247 919 4302 τόν
953 4245 1090 4320 πρὸς
1134 4241 1328 4302 αὐτους
1380 4239 1469 4295 καὶ
1518 4239 1821 4311 ἀκήρυκτον
1855 4234 2024 4290 πόλε-

385 4361 508 4412 μον.
535 4336 710 4410 Ταύτῃ
752 4357 836 4390 τοι
867 4335 956 4388 καὶ
989 4329 1198 4388 πολλοὶ
1251 4331 1346 4402 μὲν
1398 4333 1506 4382 τῶν
1537 4329 1744 4381 πιστῶν
1776 4327 1875 4394 τήν
1909 4322 2024 4378 διά-

379 4448 524 4481 νοιαν
579 4422 990 4489 ἀνεσαλεύοντο,
1049 4419 1214 4474 ἄλλοι
1297 4415 1374 4486 δὲ,
1459 4415 1554 4476 τὰς
1623 4414 1888 4488 βασάνους
1950 4412 2025 4484 μή

385 4513 701 4585 δυνηθέντες
774 4512 1100 4584 ὑπενεγκεῖν,

380 4602 784 4674 προστάγματι.
819 4599 886 4654 Οἱ
918 4595 976 4652 δὲ
1023 4598 1118 4650 τοῦ
1173 4595 1482 4668 μοναχικοῦ
1510 4589 1784 4666 τάγματος
1817 4589 2024 4662 ἡγεμό-

378 4711 464 4752 νες
495 4690 584 4744 καὶ
615 4688 882 4766 ἀρχηγοὶ,
935 4687 988 4740 οἱ
1039 4685 1158 4756 μὲν,
1209 4680 1533 4756 ἐλέγχοντες
1579 4679 1745 4733 αὐτοῦ
1772 4679 1870 4747 τὴν
1903 4677 2027 4732 ἀνο-

384 4781 534 4852 μίαν,
591 4779 655 4833 τὸ
714 4775 804 4832 διὰ
863 4772 1160 4849 μαρτυρίου
1219 4771 1521 4843 ὑπήνεγκαν
1583 4766 1740 4827 τέλος
1795 4765 2027 4834 καὶτῆς

382 4869 628 4940 ἀλήκτου
687 4866 950 4940 ἐπέτυχον
1015 4861 1436 4935 μακαριότητος·
1494 4857 1545 4911 οἱ
1597 4854 1653 4910 δὲ
1692 4855 1742 4910 έν
1775 4855 2028 4931 ἐρημίαις

382 4959 472 5014 καὶ
504 4955 680 5033 ὄρεσιν
735 4955 1160 5029 ἀπεκρύπτοντο,
1212 4951 1276 5005 οὐ
1327 4947 1433 5004 δέει
1480 4952 1588 5003 τῶν
1638 4944 2027 5020 ἠπειλημένων

390 5049 660 5127 βασάνων,
692 5045 818 5103 ἀλλ’
841 5041 1134 5117 οἰκονομίᾳ
1161 5039 1268 5096 τινὶ
1303 5037 1566 5113 θειοτέρα.

465 5492 574 5558 (25)
607 5491 669 5559 Β,
705 5485 888 5562 βραχῦ
919 5508 976 5562 με
1002 5505 1064 5562 ςπ-
1097 5488 1204 5539 τῖυν
1234 5485 1332 5562 τοῦ
1365 5481 1397 5562 β

463 5544 572 5632 (Ξόᾗ
597 5544 780 5633 Epist.
813 5544 888 5616 ald
918 5544 1140 5633 Coloss.
1171 5574 1256 5633 in,
1289 5556 1320 5611 3
1346 5544 1599 5633 :'_'H__§_én\
1632 5548 1783 5633 ὑμῶν
1811 5544 2048 5628 κέκρυπτ

462 5618 576 5705 (27)
605 5618 845 5704 ΙἝΡὶεῑ.
879 5631 953 5687 ad
977 5618 1338 5695 Timothfiv,
1370 5629 1432 5682 6:
1464 5618 1884 5695 Ἐντρεφόμενος
1915 5618 2030 5674 τοῖς

2103 508 2519 576 solveretur,ac
2541 508 2829 579 susceptis
2850 509 3049 562 liberis
3068 509 3251 580 patris
3273 525 3492 563 nomen
3515 509 3740 565 obtine-

2101 603 2211 664 ret,
2237 614 2351 667 quo
2374 597 2646 651 videlicet
2665 595 2822 668 apud
2845 596 3158 666 plerosque
3178 597 3328 650 nihil
3352 601 3440 651 est
3457 597 3733 666 Optatius.

2103 687 2294 755 Atque
2345 683 2690 756 hujusmodi
2735 701 2838 739 rex
2888 685 2982 739 hic
3032 689 3176 754 erat,
3228 701 3412 755 eaque
3444 690 3642 740 mente
3673 701 3738 740 ac

2105 775 2419 830 sententia.

2173 865 2247 916 At
2266 863 2670 918 illustrissima
2683 861 3152 916 Christianorum
3166 849 3738 930 natio:etmonacho-

2103 967 2234 1004 rum
2257 957 2524 1014 catervae,
2547 951 2700 1021 regis
2731 950 2952 1004 cultum
2977 967 3044 1004 ac
3066 950 3499 1005 venerationem
3521 967 3626 1022 pro
3649 951 3736 1004 ni-

2104 1037 2225 1091 hilo
2251 1037 2552 1100 ducentes,
2574 1055 2682 1092 nec
2705 1038 2889 1108 ipsius
2913 1038 3104 1092 minas
3123 1043 3483 1104 metuentes;
3509 1055 3612 1109 per
3635 1037 3738 1092 Dei

2104 1126 2350 1198 gratiam
2373 1127 2773 1196 amplissimos
2797 1142 3137 1196 progressus
3155 1127 3536 1190 faciebant,at
3556 1127 3656 1196 qui
3679 1127 3739 1180 in

2105 1215 2548 1269 multitudinem
2564 1216 2723 1268 omni
2741 1231 3012 1268 sermone
3039 1215 3322 1284 majorem
3337 1217 3742 1268 excrescerent

2105 1320 2170 1358 ac
2203 1319 2438 1374 parvam
2460 1303 2702 1358 omnino
2725 1304 2877 1376 regis
2901 1304 3189 1358 rationem
3211 1302 3518 1370 haberent,
3550 1302 3622 1356 iis
3644 1319 3740 1356 au-

2109 1397 2222 1447 tem
2247 1391 2423 1446 rebus
2447 1409 2576 1462 quae
2603 1391 2676 1446 ad
2699 1391 2798 1446 Dei
2826 1391 3049 1446 cultum
3075 1391 3450 1462 pertinebant
3481 1390 3742 1462 singula-

2105 1497 2231 1534 rem
2253 1481 2314 1534 in
2335 1480 2574 1534 modum
2595 1479 2776 1534 dediti
2797 1485 3010 1534 essent.
3031 1482 3110 1533 Ac
3131 1485 3443 1550 propterea
3462 1477 3741 1548 permulti

2106 1568 2268 1622 exiis
2289 1569 2386 1638 qui
2404 1569 2476 1622 ad
2500 1569 2892 1622 monasticum
2913 1568 3181 1621 ordinem
3203 1583 3329 1621 sese
3347 1567 3740 1633 contulerant,

2106 1657 2304 1711 omnia
2327 1658 2564 1727 quidem
2585 1673 2654 1711 ea
2669 1674 2798 1726 qua:
2819 1657 2880 1710 in
2896 1657 3012 1710 vita
3026 1655 3047 1725 j
3061 1654 3294 1709 ucunda
3316 1660 3452 1708 sunt
3469 1667 3742 1724 peraeque

2106 1745 2896 1815 contemnebaut,soliusque
2913 1743 3145 1814 pietatis
3157 1760 3355 1798 amore
3371 1743 3743 1808 tenebantur,

2109 1851 2174 1890 ac
2193 1836 2399 1888 mortis
2421 1852 2525 1905 pro
2543 1835 2771 1888 Christo
2801 1832 3120 1886 subeundae
3142 1832 3260 1898 siti,
3275 1832 3588 1900 futuraque
3605 1829 3745 1884 bea-

2107 1923 2375 1978 titudinis
2398 1922 2714 1993 cupiditate
2737 1921 3082 1992 ﬂagrabant.
3108 1923 3305 1989 quue
3337 1919 3598 1984 nomine,
3623 1935 3743 1972 non

2109 2011 2314 2066 timido
2337 2028 2404 2066 ac
2437 2010 2742 2066 dubitante
2766 2010 2966 2064 animo
2997 2025 3196 2063 verum
3221 2023 3504 2078 perquam
3539 2006 3742 2060 ﬁdenti

2107 2117 2174 2155 ac
2205 2099 2392 2154 libero
2427 2099 2794 2153 salutiferum
2825 2098 3038 2152 Christi
3073 2112 3290 2150 nomen
3321 2094 3743 2164 praedicabant,

2108 2189 2522 2258 Christumque
2543 2204 2725 2240 unum
2743 2187 2804 2240 in
2821 2203 2920 2240 ore
2935 2185 3434 2253 habebant,atque
3453 2182 3669 2236 ﬂuxam
3692 2185 3749 2235 et

2108 2277 2390 2332 caducam
2437 2275 2819 2346 praesentium
2851 2289 3049 2328 rerum
3093 2277 3385 2330 naturam,
3419 2270 3748 2339 futuraeque

2108 2365 2238 2420 vitae
2267 2365 2608 2420 firmitatem
2632 2369 2690 2417 et
2711 2363 3214 2416 immortalitatem
3248 2359 3521 2414 omnibus
3553 2357 3746 2428 palam

2111 2459 2364 2524 apteque
2387 2451 2896 2514 demonstrabant,
2912 2466 2977 2502 ac
2997 2447 3435 2502 velutsubsidia
3457 2445 3747 2516 qumdam,

2113 2547 2170 2596 et
2201 2541 2428 2596 semina
2459 2539 2602 2610 ipsis
2631 2539 3026 2609 porrigebant,
3052 2553 3302 2606 quorum
3330 2552 3436 2605 ope
3468 2535 3541 2589 ad
3571 2536 3750 2588 Deum

2114 2645 2242 2684 sese
2269 2629 2626 2694 conferrent,
2657 2627 2950 2694 vitamque
2980 2625 3041 2678 in
3073 2624 3303 2678 Christo
3344 2622 3750 2676 absconditam

2114 2721 2620 2786 consequerentur
2649 2714 2867 2783 (Coloss.
2895 2715 2997 2782 ιιι).
3023 2714 3102 2766 Ex
3127 2727 3241 2782 quo
3277 2711 3550 2764 effectum
3583 2715 3672 2762 est
3693 2711 3756 2762 ut

2117 2805 2310 2870 multi,
2337 2803 2682 2860 suavissima
2701 2802 2802 2856 illa
2825 2801 3096 2854 doctrina
3115 2805 3410 2870 percepta,
3435 2798 3506 2852 ab
3527 2798 3754 2852 acerbis

2120 2894 2335 2950 erroris
2359 2892 2618 2948 tenebris
2639 2889 3044 2954 abscederent,
3064 2893 3239 2958 atque
3257 2888 3330 2942 ad
3353 2887 3585 2941 dulcem
3607 2885 3756 2940 veri-

2121 2985 2256 3039 tatis
2287 2984 2477 3037 lucem
2513 2997 2640 3035 sese
2671 2979 3083 3050 adjungerent,
3112 2993 3298 3046 usque
3332 2977 3498 3040 adeo,
3521 2981 3586 3029 ut
3607 2991 3758 3028 non-

2121 3071 2270 3126 nulli
2291 3072 2468 3126 etiam
2486 3069 2747 3122 illustres
2767 3067 2868 3120 viri
2888 3083 2954 3120 ac
2973 3069 3296 3132 senatores,
3317 3062 3563 3134 abjectis
3581 3062 3758 3132 hujus

2041 3145 2083 3212 C
2120 3161 2250 3214 vitae
2282 3159 2548 3224 sarcinis,
2585 3157 2644 3210 in
2693 3155 3121 3210 monachorum
3171 3151 3372 3208 album
3416 3167 3542 3205 sese
3575 3149 3758 3204 ascri-

2121 3250 2350 3304 herent.

2193 3339 2312 3392 Rex
2344 3341 2540 3392 autem
2571 3335 2670 3389 ubi
2721 3335 2844 3388 hazc
2895 3331 3207 3395 intellexit,
3257 3329 3478 3400 ingenti
3517 3325 3760 3382 iracun-

2123 3427 2220 3482 dia
2249 3430 2600 3489 commotus,
2656 3429 2830 3492 atque
2881 3419 3284 3492 indignatione
3326 3418 3573 3484 fervens,
3632 3421 3756 3470 sta-

2124 3515 2230 3568 tim
2254 3513 2444 3568 edicto
2468 3511 2660 3566 sanxit
2677 3515 2742 3563 ut
2763 3507 3080 3562 Christiani
3105 3522 3311 3559 omnes
3335 3504 3612 3574 pietatem
3633 3503 3680 3571 ej
3693 3517 3764 3554 u-

2124 3619 2255 3658 rare
2273 3601 2730 3672 cogerentur.Ac
2748 3597 3028 3666 deinceps
3046 3611 3193 3648 nova
3215 3592 3640 3663 suppliciorum
3662 3607 3762 3660 ge-

2125 3707 2268 3746 nera
2280 3687 2858 3747 comminiscebatur,
2875 3691 3049 3753 atque
3064 3683 3343 3736 inusitata
3355 3680 3562 3732 mortis
3575 3693 3759 3749 gene-

2126 3778 2566 3842 raminabatur;
2593 3775 2937 3842 litterasque
2963 3771 3034 3825 ad
3057 3785 3262 3824 omnes
3283 3767 3538 3836 regionis
3553 3765 3762 3818 ditioni

2130 3886 2248 3922 suae
2264 3867 2541 3936 subjectae
2561 3867 2754 3935 partes
2771 3860 3059 3918 mittebat.
3087 3857 3302 3928 quibus
3320 3861 3378 3908 et
3397 3853 3688 3924 prmfectis
3707 3857 3764 3904 et

2129 3957 2377 4012 ducibus
2399 3951 2710 4023 imperabat
2729 3955 2794 4003 ut
2815 3945 3126 4002 tormentis
3149 3949 3322 4013 atque
3349 3940 3565 4010 iniquis
3589 3937 3763 3992 caedi-

2128 4047 2240 4100 bus
2263 4046 2322 4098 in
2345 4043 2616 4097 homines
2635 4039 2849 4110 pietate
2875 4035 3152 4107 praeditos
3171 4035 3595 4104 grassarentur.
3613 4029 3763 4080 Pras-

2131 4133 2333 4190 sertim
2350 4138 2546 4186 autem
2563 4131 2622 4183 in
2637 4125 3156 4198 praestantissimos
3170 4135 3435 4191 quosque
3457 4113 3768 4172 monastici

2132 4223 2357 4278 ordinis
2372 4216 2851 4280 excandescebat,
2868 4220 3043 4281 atque
3067 4207 3441 4280 implacabile
3460 4207 3766 4261 adversum

2132 4327 2233 4366 eos
2255 4309 2478 4364 bellum
2509 4303 2818 4360 excitabat.
2845 4301 2926 4357 Ob
2970 4315 3216 4370 eamque
3240 4313 3480 4352 causam
3507 4293 3772 4364 priorum

2133 4400 2400 4472 plerique
2419 4395 2616 4451 animo
2631 4388 3114 4448 vacillabant:alli
3131 4385 3495 4455 autem,quia
3509 4381 3778 4438 cruciati-

1177 4469 1213 4473 "
1304 4469 1374 4486 "1
1541 4469 1552 4476 '
1624 4469 1642 4488 ιν
1875 4469 1886 4474 -
1950 4469 1960 4484 ι

1177 4511 1254 4578 τῷ
1327 4503 1566 4577 ἀθεμίτῳ
1639 4502 1802 4558 αὐτοῦ
1883 4501 2011 4555 εἴκοι

2133 4469 2242 4544 bus
2263 4483 2801 4552 ferendisimpares
2835 4483 3027 4544 erant,
3054 4475 3278 4530 nefario
3312 4473 3495 4544 ipsius
3527 4469 3774 4540 imperio

2134 4575 2666 4649 parebant.Atver0
2690 4567 3032 4623 monasticaa
3057 4562 3262 4618 classis
3285 4561 3465 4615 duces
3482 4564 3656 4628 atque
3671 4573 3778 4610 an—

2139 4661 2600 4734 tistites,partim
2617 4659 2802 4730 ipsius
2817 4655 3193 4725 iniquitatem
3209 4653 3592 4721 coarguentes
3607 4663 3672 4700 ac
3687 4661 3782 4698 re-

2137 4755 2419 4816 futantes,
2441 4749 2720 4817 martyrio
2743 4747 2920 4800 vitam
2940 4743 3428 4808 ﬁniebant,atque
3459 4736 3532 4790 ad
3563 4735 3782 4804 sempi-

2139 4849 2368 4899 ternam
2384 4837 2812 4895 beatitudinem
2828 4830 3265 4903 perveniebant;
3277 4827 3486 4898 partim
3501 4825 3562 4877 in
3577 4823 3784 4877 solitu-

2141 4930 2381 4986 dinibus
2404 4931 2460 4981 et
2485 4922 2783 4979 montibus
2807 4936 2935 4973 sese
2955 4916 3348 4978 occultabant,
3371 4929 3489 4965 non
3522 4917 3784 4966 tormen—

2143 5026 2336 5073 torum
2393 5031 2522 5085 quzu
2578 5012 2720 5082 ipsis
2776 5006 3283 5062 denuntiabantur
3337 5001 3784 5069 metu,'verum

2142 5106 2428 5164 diviniore
2461 5100 2718 5172 quodam
2748 5096 2997 5154 consilio
3028 5111 3096 5150 ac
3125 5089 3514 5165 providentia.

1405 5525 1418 5538 .
1447 5477 1609 5553 λόγον
1621 5517 1650 5553 ._
1669 5477 1884 5553 Anton.
1913 5467 2011 5526 Lib

2120 5465 2198 5524 ,lis
2231 5482 2280 5522 c.
2310 5463 2378 5518 30
2405 5478 2418 5515 ε
2449 5459 2484 5526 ἡ
2515 5451 2571 5510 δὲ
2599 5449 2706 5553 τῶν
2746 5451 2848 5553 μ.ὶέ
2876 5445 3040 5537 λόγον
3068 5449 3305 5504 ἐποιεῖτο
3340 5441 3567 5522 βραχύν.

2054 5561 2108 5595 αι
2141 5537 2231 5591 σὺν
2263 5538 2342 5604 τῷ
2374 5525 2594 5604 Χριστῷ
2627 5525 2678 5578 ἐν
2705 5526 2788 5604 τῷ
2811 5527 2944 5604 θεῷ.

2061 5586 2248 5684 λόγοις
2409 5586 2643 5658 πίστεως
2671 5586 3092 5662 καίτῆξκαλῆς
3122 5586 3494 5647 διδασκαλίας.
