4042 6154
276 246 381 301 867

1820 222 2183 281 ADDBNDA.

3557 209 3665 264 868

348 372 477 425 CAP.
495 367 562 421 II.
580 397 642 406 —
667 365 811 419 Cum
835 360 1033 431 itaque
1059 354 1404 429 hujusmodi
1432 326 1617 426 caligo
1638 351 1898 406 Indorun

2104 345 2266 400 ΚΕΦ.
2303 343 2376 399 Β’.
2408 344 2515 410 Τῆς
2566 341 2824 410 τοιαύτης
2880 337 2969 394 οὖν
3029 336 3379 408 σκοτομήνης
3424 333 3523 403 τὴν
3554 337 3664 387 τῶν

272 459 574 531 regionem
607 452 939 516 invasisset,
976 465 1041 503 ac
1086 447 1168 517 pii
1212 450 1271 500 et
1300 444 1487 499 sancti
1521 442 1626 495 viri
1657 441 1919 510 undique

271 529 973 611 vexarentur,impietatis
998 542 1193 591 autem
1218 537 1690 605 propugnatores
1708 529 1919 600 opibus

274 653 340 691 ac
362 633 625 706 potentia
645 631 1130 696 florerent,atque
1149 623 1456 677 cruoribus
1473 627 1529 675 et
1546 620 1919 674 victimarum

274 724 481 778 nidore
505 722 628 791 ipse
649 734 882 788 quoque
908 732 1007 769 aer
1030 714 1551 774 inﬁceretur,unus
1576 725 1604 762 e
1624 708 1917 779 regiorum

276 820 640 882 satraparum
659 795 1918 878 principibus.anim1fortitudine,corporis-

274 920 386 972 que
411 896 813 970 magnitudine
836 910 903 947 ac
926 890 1388 963 pulchritudine,
1413 888 1758 955 caeterisque
1782 882 1915 937 aliis

272 986 695 1057 rebus,quibus
708 981 970 1052 corporis
985 979 1276 1051 elegantia
1290 983 1347 1031 et
1360 977 1530 1045 animi
1550 973 1915 1045 generositas

265 1084 544 1147 tanquam
559 1074 734 1128 certis
749 1067 1099 1141 quibusdam
1114 1067 1267 1120 notis
1283 1064 1529 1137 exprimi
1548 1061 1915 1128 solent,alios

265 1182 471 1220 omnes
503 1155 1310 1220 antecellebat.Quamobrem
1332 1171 1464 1207 cum
1490 1152 1739 1223 impium
1764 1148 1912 1203 illud

266 1254 522 1309 edictum
554 1251 839 1311 audisset,
868 1247 1031 1301 inani
1059 1246 1167 1299 hac
1222 1249 1395 1313 atque
1428 1241 1594 1295 humi
1636 1244 1911 1310 serpente

265 1343 450 1415 gloria
474 1346 529 1395 et
554 1337 781 1394 deliciis
804 1334 1220 1405 valerejussis,
1240 1333 1314 1387 ad
1342 1332 1770 1386 monachorum
1795 1346 1914 1383 cm-

266 1438 390 1486 tum
422 1448 549 1486 sese
582 1426 929 1499 aggragavit,
953 1431 1130 1494 atque
1154 1424 1212 1476 in
1246 1422 1394 1477 locis
1422 1420 1703 1475 solitariis
1735 1435 1908 1473 exsu-

266 1518 668 1590 lans,jejuniis
700 1521 758 1570 et
786 1514 1017 1583 vigiliis,
1042 1529 1107 1565 ac
1130 1510 1396 1581 diligenti
1422 1509 1796 1563 oraculorum
1822 1506 1911 1559 di-

265 1611 535 1663 vinorum
553 1605 934 1661 meditatione
955 1620 1162 1657 sensus
1184 1618 1319 1655 suos
1344 1600 1611 1671 apprime
1635 1613 1907 1669 repurga-

263 1698 381 1764 bat,
405 1711 787 1764 ammumque
811 1692 882 1747 ab
906 1691 1066 1745 omni
1090 1689 1296 1743 vitiosa
1314 1688 1623 1742 affectione
1648 1687 1905 1739 solutum

264 1794 320 1840 et
348 1786 687 1851 adductum,
723 1799 790 1836 ea
819 1782 949 1835 luce
984 1797 1161 1850 quam
1196 1777 1595 1847 tranquillitas
1618 1792 1650 1829 a
1680 1774 1903 1827 vitiosis

261 1873 668 1929 affectionibus
688 1870 841 1941 parit
865 1868 1215 1923 illustrabat.
1242 1869 1359 1921 Rex
1383 1871 1741 1931 autem,cum
1765 1878 1902 1917 eum

263 1964 549 2034 majorem
584 1962 643 2014 in
676 1959 917 2014 modum
966 1957 1257 2028 diligeret,
1290 1960 1467 2025 atque
1492 1955 1553 2007 in
1583 1954 1804 2007 honore
1836 1969 1903 2007 ac

264 2052 451 2121 pretio
483 2049 744 2112 haberet,
767 2053 830 2100 ut
855 2048 965 2099 hoc
988 2045 1228 2109 audivit,
1253 2043 1322 2096 de
1354 2042 1779 2112 amicijactura
1800 2040 1900 2093 do-

262 2138 448 2191 lorem
468 2137 663 2189 animo
684 2133 1388 2204 cepit,vehementiusque
1405 2131 1686 2184 adversus
1704 2145 1906 2183 mona-

262 2227 403 2280 chos
435 2224 668 2279 exarsit.
702 2226 888 2292 Atque
921 2238 1049 2275 cum
1085 2220 1357 2274 homines
1389 2219 1461 2272 ad
1491 2236 1623 2272 eum
1656 2218 1901 2287 conqui-

258 2313 509 2367 rendum
530 2327 1000 2381 quaquaversum
1023 2305 1901 2377 misisset,et,quemadmodum

260 2402 430 2473 vulgo
462 2400 698 2464 dicitur,
734 2398 964 2451 nullum
1010 2414 1127 2450 non
1186 2396 1442 2466 lapidem
1478 2395 1754 2449 movisset
1785 2411 1900 2464 quo

260 2506 393 2544 eum
412 2486 1048 2556 inveniret,aliquando
1069 2490 1199 2556 post
1218 2484 1303 2537 illi
1320 2485 1417 2554 qui
1435 2484 1506 2538 ad
1522 2500 1653 2537 eum
1671 2483 1904 2536 investi-

260 2578 516 2650 gandum
541 2576 705 2630 missi
726 2576 1053 2639 fuerant,ut
1072 2590 1204 2627 eum
1220 2573 1279 2626 in
1306 2573 1625 2627 solitudine
1647 2588 1903 2626 commo—

256 2668 374 2721 rari
403 2664 826 2729 senserunt,ita
846 2662 1197 2734 perscrutati
1226 2666 1384 2728 sunt,
1412 2667 1476 2715 ut
1499 2662 1734 2715 tandem
1767 2677 1901 2713 eum

258 2756 789 2826 arriperent,atque
812 2752 884 2807 ad
905 2752 1056 2822 regis
1079 2750 1335 2805 tribunal
1360 2750 1783 2804 sisterent.Rex
1805 2766 1903 2803 au-

258 2850 534 2908 tem,cum
552 2858 687 2896 eum
705 2842 803 2911 qui
821 2840 1119 2910 quondam
1141 2838 1467 2910 splendidis
1490 2838 1750 2893 vestibus
1773 2843 1901 2891 ute-

252 2932 629 3000 batur,atque
655 2930 714 2982 in
736 2928 966 2999 magnis
1004 2927 1233 2981 deliciis
1256 2928 1431 2982 vitam
1459 2926 1748 2999 exigebat,
1785 2932 1900 2980 tam

253 3018 446 3071 viliter
473 3023 529 3071 et
549 3016 777 3087 abjecte
802 3016 1103 3081 amictum,
1120 3031 1185 3069 ac
1212 3014 1501 3086 religiosa:
1526 3014 1893 3068 exercitatio-

2029 431 2211 487 Ἰνδῶν
2242 426 2685 499 καταλαϐούσης,
2742 428 2829 483 καὶ
2885 432 2991 483 τῶν
3056 426 3150 499 μὶν
3179 427 3382 479 πιστῶν
3409 423 3668 477 πάντοθεν

2028 520 2430 593 ἐλαυνομένων,
2478 524 2585 573 τῶν
2633 515 2690 572 δέ
2736 520 2833 585 τῆς
2882 512 3122 579 ἀσεϐείας
3154 516 3501 570 ὑπασπιστων
3532 531 3667 587 κρα-

2026 609 2361 680 τυνομένων,
2422 608 2614 679 α’ἰμασί
2670 627 2729 661 τε
2778 606 2869 660 καὶ
2927 605 3127 665 κνίσαις
3184 606 3290 656 τῶν
3340 604 3535 664 θυσιῶν
3577 598 3669 654 καὶ

2027 697 2190 750 αὐτοῦ
2224 695 2289 764 δη
2338 700 2439 750 τοῦ
2487 696 2641 768 ἀέρος
2694 694 3089 768 μολυνομένου,
3136 694 3213 752 εἷς
3240 694 3345 744 τῶν
3376 693 3473 743 τοῦ
3509 690 3669 762 βασι-

2026 784 2187 854 λέως,
2250 784 2669 860 ἀρχισατράπης
2737 784 2834 851 τὴν
2910 782 3081 852 ἀξίαν,
3141 782 3325 853 ψυχῆς
3378 779 3668 851 παραστή-

2029 896 2179 946 ματι,
2215 874 2431 948 μεγέθει
2485 894 2541 927 τε
2601 872 2689 927 καὶ
2746 871 2962 941 κάλλει,
3014 872 3105 924 καί
3149 874 3308 923 πᾶσιν
3359 865 3555 927 ἄλλοις
3585 868 3670 929 οἷς

2028 963 2143 1036 ὥρα
2175 964 2431 1034 σώματος
2475 960 2565 1016 καὶ
2614 961 2932 1032 γενναιότης
2979 962 3164 1033 ψυχῆς
3211 953 3457 1030 ἀνδρείας
3486 974 3667 1029 χαρα-

2022 1052 2365 1126 κτηρίζεσθαι
2419 1051 2641 1128 πέφυκε,
2699 1054 2806 1104 τῶν
2857 1046 3043 1102 ἄλλων
3082 1046 3341 1121 ἐτύγχανε
3371 1041 3667 1122 διάφέρων,

2020 1141 2089 1194 Τὸ
2148 1136 2335 1202 ἀσεϐὲς
2390 1138 2480 1193 οὗν
2561 1139 2733 1193 ἐκεῖνο
2808 1137 3133 1212 πρόσταγμα
3191 1133 3422 1195 ἀκούσας
3481 1134 3665 1211 οὗτος,

2020 1229 2231 1303 χαίρειν
2267 1228 2431 1282 εἰπὼν
2462 1231 2530 1301 τῇ
2586 1226 2785 1300 ματαίᾳ
2838 1226 3003 1299 ταύτῃ
3053 1224 3141 1279 καὶ
3196 1224 3343 1277 κάτω
3388 1220 3663 1297 συρομένῃ

2021 1315 2147 1390 δόξῃ
2174 1338 2232 1371 τε
2260 1317 2348 1370 καὶ
2379 1320 2579 1394 τρυφῇ,
2636 1321 2756 1378 ταῖς
2811 1320 2919 1370 τῶν
2984 1317 3244 1387 μοναχῶν
3290 1311 3512 1386 λογάσιν
3541 1310 3666 1365 ἐαυ-

2018 1406 2107 1458 τὸν
2166 1404 2523 1479 ἐγκατέμιξεν,
2616 1405 2902 1480 ὑπερόριος
2959 1403 3251 1478 γενόμενος
3326 1400 3376 1455 ἐν
3434 1400 3665 1474 ἐρήμοις

2017 1496 2231 1567 τόποις,
2264 1495 2535 1566 νηστείαις
2564 1515 2621 1549 τε
2658 1494 2746 1549 καὶ
2798 1494 3119 1569 ἀγρυπνίαις
3146 1492 3235 1547 καὶ
3265 1495 3333 1565 τῇ
3363 1495 3471 1545 τῶν
3502 1489 3662 1544 θείων

2020 1581 2229 1658 λογίων
2288 1584 2540 1657 ἐπιμελεῖ
2603 1582 2800 1657 μελέτῃ
2854 1584 2948 1644 τὰς
3006 1581 3280 1651 αίσθήσεις
3339 1578 3529 1655 ἄριστα
3575 1578 3668 1634 ἐκ-

2016 1674 2273 1747 καθάρας,
2305 1672 2394 1727 καὶ
2425 1674 2522 1741 τὴν
2552 1674 2758 1747 ψυχὴν,
2809 1674 2986 1742 πάσης
3036 1668 3351 1739 ἀπαλλάξας
3382 1668 3662 1741 ἐμπαθοῦς

2011 1763 2269 1836 σχέσεως,
2327 1766 2405 1833 τῷ
2490 1764 2589 1830 τῆς
2676 1761 2932 1823 ἀπαθείας
2989 1759 3126 1839 φωτὶ
3184 1758 3657 1832 κατελάμπρυνεν.

2009 1855 2055 1906 9
2089 1852 2149 1907 Ὀ
2182 1849 2237 1906 δὲ
2272 1849 2548 1926 βασιλεὺς,
2600 1849 2737 1904 πάνυ
2787 1854 2979 1905 τοῦτον
3031 1848 3207 1927 φιλῶν
3245 1850 3333 1903 καὶ
3367 1845 3457 1902 διὰ
3482 1853 3657 1919 τιμῆς

2008 1936 2171 2015 ἄγων,
2219 1940 2293 2003 ὡς
2340 1937 2539 2009 ἤκουσε
2583 1945 2769 2009 ταῦτα,
2818 1936 3029 2014 ἤλγησε
3084 1939 3176 2012 μὶν
3212 1940 3310 2007 τήν
3341 1938 3526 2011 ψυχὴν
3559 1934 3649 1989 ἐπὶ

2007 2032 2075 2100 τῇ
2129 2032 2229 2082 τοῦ
2287 2027 2452 2105 φίλου
2504 2028 2772 2102 στερήσει,
2832 2026 3084 2098 ἐξεκαύθη
3131 2024 3189 2081 δὲ
3216 2024 3383 2080 πλέον
3414 2030 3483 2099 τῇ
3514 2024 3653 2079 κατᾶ

2007 2121 2116 2171 τῶν
2170 2116 2512 2189 μοναζόντων
2566 2117 2722 2192 ὀργῇ,
2772 2117 2877 2171 Καὶ
2925 2114 2991 2186 δὴ
3033 2116 3168 2171 κατὰ
3213 2117 3435 2186 ζήτησιν
3481 2114 3654 2169 αὐτοῦ

2008 2210 2288 2280 πανταγοῦ
2319 2204 2665 2273 ἀποστείλας,
2724 2205 2814 2261 καὶ
2873 2216 3048 2261 πάντα
3104 2205 3258 2269 λίθον
3309 2206 3557 2274 κινήσας,
3590 2202 3654 2256 τὸ

2006 2298 2103 2348 τοῦ
2163 2292 2331 2367 λόγου
2386 2298 2522 2368 (28),
2584 2294 2723 2349 ὥστε
2777 2299 2968 2349 τοῦτον
3049 2293 3311 2371 ἐφευρεῖν,
3373 2293 3508 2366 μετὰ
3562 2290 3654 2346 οὖν

2012 2385 2210 2458 χρόνον
2244 2384 2425 2437 ἱκανὸν
2487 2384 2537 2438 οἱ
2592 2385 2668 2446 είς
2718 2383 3036 2455 ἐπιζήτησιν
3087 2385 3251 2438 αὑτοῦ
3295 2384 3651 2460 πεμφθέντες,

2010 2474 2084 2535 ὡς
2112 2471 2344 2547 ᾔσθοντο
2393 2472 2444 2527 ἐν
2502 2472 2731 2547 ἐρήμοις
2783 2474 2945 2528 αὐτὸν
2999 2473 3095 2537 τὰς
3142 2472 3385 2543 οἷ’κήσεις
3427 2468 3652 2547 ἔχοντα,

2009 2560 2442 2637 διερευνήσαντες
2488 2563 2577 2616 καὶ
2628 2558 3053 2635 συλλαϐόμενοι,
3105 2567 3183 2634 τῷ
3226 2567 3323 2616 τοῦ
3376 2560 3649 2637 βασιλέως

2006 2652 2345 2726 παρέστησαν
2406 2652 2632 2726 βήματι.
2692 2649 2847 2706 Ἰδὼν
2896 2649 2953 2706 δὲ
3008 2652 3167 2706 αὐτὸν
3222 2651 3275 2706 ἐν
3322 2649 3463 2706 οὕτω
3494 2673 3646 2707 πενιο

2010 2745 2120 2815 χρᾷ
2170 2741 2259 2794 καὶ
2305 2738 2619 2814 τραχυτάτῃ
2668 2738 2850 2810 ἐσθῆτι
2897 2742 2989 2795 τὸν
3042 2738 3322 2815 λαμπροῖς
3352 2761 3484 2795 ποτε
3512 2741 3648 2813 ίμα-

2003 2831 2143 2892 τίοις
2202 2832 2601 2907 ἠμφιεσμένον,
2662 2831 2748 2885 καὶ
2806 2832 2897 2886 τὸν
2956 2829 3144 2904 πολλῇ
3196 2836 3441 2900 συζῶντα
3468 2835 3647 2909 τρυφῇ

2002 2920 2451 2993 τεταριχευμένον
2531 2923 2598 2992 τῇ
2663 2918 2878 2990 σκληρᾷ
2928 2926 3027 2989 τῆς
3083 2919 3363 2990 ἀσκήσεως
3433 2922 3652 2997 ἀγωγῇ,

2003 3009 2092 3060 καὶ
2149 3011 2243 3061 τοῦ
2302 3006 2569 3081 ἐρημικοῦ
2633 3008 2754 3083 βίου
2842 3008 3084 3082 ἐναργῶς
3159 3008 3532 3083 περικείμενον
3586 3010 3654 3065 τά

252 3108 346 3161 nis
371 3106 687 3177 asperitate
711 3104 1015 3165 afflictum,
1036 3104 1284 3174 vitaeque
1310 3104 1583 3157 solitariae
1609 3104 1890 3157 exercita-

2014 3078 2376 3171 γνωρίσματα,
2412 3078 2642 3165 λύπης·
2675 3098 2815 3168 ὁμοῦ
2884 3078 2994 3151 καὶ-
3036 3096 3202 3171 ὀργῆς
3232 3078 3644 3171 ἐπεπλήρωτο,

250 3196 428 3250 tionis
461 3195 774 3265 asperitate
808 3193 1113 3259 afﬂictum,
1140 3194 1386 3262 vitmque
1419 3192 1697 3246 solitarim
1732 3193 1896 3263 signa

248 3285 405 3339 haud
420 3285 665 3339 obscure
680 3286 1007 3353 gestantem
1021 3282 1701 3351 conspexisset,mmrore
1721 3280 1826 3334 sim
1839 3280 1895 3334 ul

249 3380 424 3443 atque
439 3372 743 3425 iracundia
758 3371 1314 3441 implebatur,atque
1333 3387 1401 3423 ex
1416 3375 1665 3439 utroque
1680 3371 1892 3424 affectu

250 3467 583 3531 temperato
615 3476 911 3525 sermone,
945 3460 1027 3513 ita
1056 3475 1189 3512 eum
1220 3458 1516 3512 allocutus
1550 3464 1677 3513 est:

316 3570 357 3623 Ο
389 3585 590 3622 vecors
617 3572 675 3620 et
696 3566 960 3630 demens,
984 3565 1123 3635 quid
1150 3572 1203 3619 te
1236 3564 1481 3618 adduxit
1506 3570 1571 3618 ut
1602 3565 1893 3619 honorem

245 3676 379 3713 cum
394 3656 802 3728 ignominia,ct
820 3656 1109 3708 illustrem
1128 3654 1374 3725 gloriam
1389 3670 1523 3707 cum
1541 3653 1693 3724 turpi
1709 3670 1773 3707 ac
1790 3653 1887 3706 de-

246 3747 474 3801 decoris
498 3746 671 3815 pleno
706 3745 911 3798 habitu
942 3748 1339 3797 commutares
1362 3743 1388 3796 ‘2
1419 3743 1645 3797 Siccine
1681 3748 1763 3809 tu,
1790 3742 1889 3811 qui

246 3853 424 3905 regno
460 3852 588 3888 meo
616 3837 1074 3903 praeeras,atque
1093 3832 1151 3885 in
1175 3832 1374 3901 copias
1394 3848 1554 3885 meas
1576 3831 1888 3901 imperium

244 3925 500 3977 militare
515 3921 1108 3991 obtinebas.teipsum
1130 3937 1445 3990 puerorum
1468 3920 1787 3973 ludibrium
1807 3920 1887 3973 ef-

238 4012 525 4077 fecisti,ac
541 4028 658 4064 non
674 4010 847 4063 modo
864 4027 1009 4063 mea)
1024 4009 1299 4063 amicitiae
1314 4010 1659 4062 memoriam
1678 4026 1743 4063 ex
1760 4009 1889 4062 ani-

239 4118 333 4154 mo
359 4098 563 4169 procul
586 4098 1049 4169 ejecisti,verum
1073 4096 1249 4151 etiam
1276 4096 1553 4151 adversus
1574 4098 1762 4167 ipsam
1790 4114 1889 4151 na—

238 4194 431 4242 turam
446 4187 730 4256 impetum
745 4186 1029 4250 fecisti,ac
1044 4202 1117 4240 ne
1135 4191 1367 4240 tuorum
1382 4186 1621 4256 quidem
1638 4187 1890 4241 ﬁliorum

244 4276 624 4331 miseratione
657 4276 923 4341 aﬂ‘ectus,
960 4281 1083 4329 tum
1134 4292 1296 4345 opes,
1332 4282 1455 4329 tum
1488 4292 1723 4330 omnem
1755 4276 1884 4329 vitae

243 4363 622 4435 splendorem
647 4380 750 4433 pro
776 4362 963 4416 nihilo
988 4366 1228 4433 putasti,
1256 4371 1599 4435 tantamque
1631 4365 1887 4437 ignomi-

2003 3186 2117 3256 καὶ,
2172 3184 2222 3255 ἐξ
2283 3186 2483 3262 ἀμφοῖν
2540 3186 2632 3240 τὸν
2692 3183 2853 3259 λὸγον
2912 3187 3163 3261 κεράσας,
3218 3181 3319 3264 ἔφη
3373 3188 3501 3261 πρὸς
3542 3186 3641 3241 αύ-

2003 3273 2094 3328 τόν
2130 3276 2237 3348 (29)
2248 3293 2261 3306 ⁸

2073 3566 2136 3614 *Ω
2168 3560 2364 3629 ἀνόητε
2419 3560 2508 3615 καὶ
2568 3556 2953 3639 φρενοϐλαϐἒς,
3016 3562 3167 3626 τίνος
3225 3567 3387 3641 χάριν
3440 3565 3650 3637 ἀντηλ-

2002 3649 2150 3722 λάξω
2194 3650 2292 3716 τῆς
2341 3656 2510 3723 τιμῆς
2555 3650 2840 3725 αἰσχύνην,
2900 3652 2985 3705 καὶ
3047 3656 3145 3717 τῆς
3191 3653 3450 3729 λααπρᾶς
3483 3653 3648 3727 δόξης

2001 3740 2099 3807 τὴν
2134 3740 2429 3814 ἀσχήμονα
2457 3738 2656 3809 ταύτην
2714 3738 2856 3794 ἰδέαν
2886 3760 2899 3809 ;
2960 3742 3022 3797 Ὀ
3074 3740 3341 3819 πρόεδρος
3371 3752 3472 3813 τῆς
3506 3746 3649 3818 ἐμῆς

2007 3829 2280 3905 βασιλείας
2331 3830 2418 3883 καὶ
2476 3830 2913 3905 ἀρχιστράτηγος
2969 3838 3069 3900 τῆς
3122 3830 3259 3905 ἐμῆς
3308 3830 3644 3909 δυναστείας,

2001 3918 2245 3994 παίγνιον
2306 3919 2597 3994 μειρακίων
2659 3920 2878 3973 σεαυτὸν
2936 3923 3292 3991 καταστήσας,
3355 3925 3417 3978 ού
3482 3925 3646 3998 μόνον

1999 4014 2097 4075 τῆς
2129 4006 2397 4081 ἡμετέρας
2456 4005 2642 4084 φιλίας
2700 4008 2789 4061 καὶ
2847 4007 3151 4085 παρῥησίας
3212 4011 3418 4087 μακράν
3471 4012 3646 4086 λήθην

2001 4096 2341 4169 πεποιηκὼς,
2401 4096 2547 4151 ἀλλά
2603 4097 2690 4150 καὶ
2746 4095 2913 4161 αύτῖς
2966 4098 3355 4168 κατεξαναστᾶς
3414 4109 3512 4171 τῆς
3548 4102 3654 4180 φύ-

2001 4207 2155 4255 σεως,
2214 4186 2304 4241 καὶ
2368 4183 2508 4259 μηδὲ
2563 4190 2667 4239 τῶν
2731 4182 2883 4240 ἰδίων
2940 4187 3143 4241 τέκνων
3198 4189 3377 4244 οἶκτον
3437 4186 3646 4261 λαϐὼν,

1998 4273 2237 4329 πλοῦτόν
2292 4296 2350 4330 τε
2401 4274 2489 4328 καὶ
2543 4280 2715 4328 πᾶσαν
2762 4275 2861 4342 τήν
2915 4279 3011 4329 τοῦ
3044 4276 3164 4350 βίου
3195 4278 3541 4356 περιφάνειαν
3570 4279 3649 4343 εἷς

1999 4368 2100 4421 10
2160 4362 2311 4419 οὐδὲν
2373 4362 2755 4439 Λογισάμενος,
2811 4365 2911 4432 τήν
2966 4368 3234 4436 τοσαύτην
3292 4365 3504 4441 ἀδοξίαν
3546 4376 3648 4439 τῆς

244 4452 405 4507 niam
432 4458 549 4505 tam
574 4451 875 4505 luculenta
895 4451 1079 4521 gloria
1097 4453 1387 4521 potiorem
1414 4459 1471 4507 et
1502 4453 1894 4523 prmstabilio-

2014 4448 2377 4526 περιϐλέπτου
2408 4452 2729 4527 προέκρινας
2781 4448 2962 4522 δόξης,
3007 4450 3100 4507 ’ίνα
3144 4453 3199 4508 τί
3249 4476 3337 4509 σοι
3382 4458 3647 4532 γένηται;

249 4558 373 4595 rem
399 4539 695 4594 habuisti?
717 4539 1006 4602 Quidnam
1021 4546 1075 4593 te
1094 4540 1166 4593 ad
1186 4542 1295 4595 hoc
1319 4540 1894 4611 impulit,cujusnam

246 4630 396 4685 lucri
431 4646 587 4700 spes,
619 4634 684 4682 ut
718 4644 851 4681 eum
884 4627 984 4696 qui
1014 4629 1180 4681 Jesus
1232 4629 1573 4683 nominatur
1621 4629 1896 4683 omnibus

246 4719 359 4773 diis
392 4725 566 4789 atque
598 4716 942 4772 hominibus
973 4721 1389 4786 anteponeres,
1414 4733 1479 4769 ac
1511 4716 1718 4770 duram
1743 4718 1895 4772 hanc

242 4816 300 4863 et
315 4809 788 4879 superstitiosam
808 4806 937 4859 vitae
956 4805 1249 4859 rationem
1266 4805 1625 4860 suavissima}
1645 4806 1893 4878 hujusce

241 4899 371 4951 vitas
406 4897 857 4953 oblectamentis
889 4895 1261 4949 anteferres?

316 4987 431 5041 Hac
462 4988 727 5041 oratione
760 4984 983 5050 audita,
1010 4984 1096 5037 vir
1120 4984 1219 5037 ille
1250 4983 1369 5049 Dei,
1394 4984 1591 5055 lepida
1622 4985 1799 5040 simul
1822 5004 1888 5043 ac

2008 4543 2105 4595 Καὶ
2146 4543 2199 4596 τί
2246 4541 2484 4596 ἐντεῦθεν
2539 4539 2845 4616 κερδήσεις,
2902 4540 2985 4596 ὅτι
3041 4544 3256 4598 πάντων
3307 4551 3441 4609 θεῶν
3471 4568 3530 4602 τε
3557 4549 3645 4602 καὶ

2005 4628 2300 4701 ἀνθρώπων
2354 4630 2448 4684 τὸν
2507 4628 2802 4705 λεγόμενον
2856 4631 3260 4704 προτετίμηκας
3292 4639 3525 4705 Ἰησοῦν,
3558 4635 3648 4690 καὶ

2002 4718 2100 4785 τὴν
2162 4718 2402 4793 σκληρὰν
2476 4720 2674 4790 ταύτην
2753 4719 2842 4773 καὶ
2919 4717 3206 4794 δυσείμονα
3261 4723 3481 4800 ἀγωγὴν
3538 4729 3647 4781 τῶν

2002 4804 2176 4876 ἡδέων
2208 4808 2296 4862 καὶ
2327 4806 2743 4865 ἀπολαυστικῶν
2772 4813 2865 4863 τοῦ
2894 4808 3233 4885 γλυκυτάτου
3268 4812 3388 4887 βίου
3414 4833 3428 4885 ;

2072 4988 2289 5045 Τούτων
2349 4986 2579 5049 ἀκούσας
2631 4987 2658 5041 ὁ
2715 4991 2810 5043 τοῦ
2866 4992 2999 5043 Θεοῦ
3057 4986 3341 5066 ἄνθρωπος
3372 4995 3480 5065 (30)
3509 4992 3648 5049 ἐκεῖο

316 5120 427 5194 (28)
458 5119 586 5194 Yita
623 5119 691 5194 ‘S_.
725 5116 1121 5194 Nilijunioris
1171 5135 1227 5187 p.
1264 5118 1293 5169 8
1316 5132 1344 5194 ε,
1386 5120 1489 5194 Τοῦ
1663 5123 1860 5194 πᾶσαν
1892 5140 1898 5190 ι

2018 5121 2150 5188 ανῆν
2204 5122 2292 5175 καὶ
2344 5118 2719 5194 πάντα-λίθον
2778 5127 3057 5186 κινοῦντος
3112 5122 3261 5186 ὅπως
3290 5125 3350 5179 τὸ
3396 5132 3641 5183 τοιοῦτον

244 5184 439 5301 ἀγαθὸν
470 5184 755 5259 ἐμποδίσῃ.
792 5184 912 5243 Nic.
949 5190 1113 5268 Greg.
1147 5184 1264 5269 vili,
1321 5190 1370 5249 3,
1418 5192 1449 5241 2
1483 5205 1494 5241 :
1552 5189 1572 5242 Ι

244 5280 458 5310 πέτρον.
496 5260 720 5310 Heracl.
756 5260 880 5310 997.
915 5259 1013 5310 ubi
1047 5260 1305 5310 plurima
1338 5261 1579 5310 annosui

242 5259 458 5333 πέτρον.
496 5260 720 5314 Heracl.
756 5260 880 5319 997,
915 5259 1013 5312 ubi
1047 5260 1305 5329 plurima
1338 5261 1605 5329 apposui.

313 5336 424 5403 (29)
458 5331 1039 5404 Lemmametricum
1072 5331 1132 5384 iu
1164 5333 1209 5384 A
1233 5347 1245 5384 :
1272 5328 1493 5404 _'P150u¢
1536 5325 1765 5404 ’ᾼϐενήρ

1552 5187 1730 5269 ΙΙΙάντα
1780 5203 1808 5242 Α
1823 5187 1898 5244 ίθο

2021 5187 2169 5261 ινῶν,
2221 5194 2283 5248 τὸ
2336 5197 2433 5247 τοῦ
2484 5192 2673 5266 λόγου.
2721 5196 3028 5267 Euripides
3060 5196 3208 5252 dixit
3233 5197 3399 5252 πάντα
3427 5207 3643 5269 κινῆσαι

1826 5328 2049 5419 ἀσεϐοῦς
2101 5332 2372 5419 βασιλέως
2430 5334 2572 5408 Πρὸς
2633 5335 2912 5413 σατράπην
2961 5338 3237 5413 μέγιστον,
3275 5343 3489 5414 μονήρη
3527 5343 3643 5419 βίον

240 5398 360 5484 Τῆξς
376 5398 650 5484 κορμικῆς
680 5398 1239 5484 άξίοιςέξλξξάμενον..
1270 5402 1415 5484 Puto
1449 5398 1849 5464 scribendum.
1881 5404 1898 5457 ἐ

2020 5398 2165 5484 λΛ-αγ
2175 5406 2328 5484 μένον
2339 5452 2351 5465 .

313 5478 421 5548 (30)
445 5472 682 5553 Locutio
716 5477 811 5553 est
830 5472 1065 5553 biblica,
1089 5474 1318 5553 saepius
1341 5473 1413 5529 ab
1439 5480 1677 5531 auctore
1710 5472 2105 5534 adhibita—Ad
2128 5472 2456 5536 orationem
2488 5485 2737 5553 satrapas
2769 5481 2988 5537 lemma
3010 5488 3099 5538 est
3121 5485 3432 5542 metricum
3465 5488 3528 5542 in
3554 5489 3601 5543 A
3627 5503 3642 5544 :

241 5539 572 5624 Σοφωτάτου
603 5549 695 5602 νῦν
727 5540 960 5619 διδαχὴν
986 5539 1212 5621 φαιδρὰν
1247 5542 1367 5618 δρα.
