4042 6154
287 217 387 272 871

1799 206 2164 265 ΔῡῡΒΝΟΔ.

3567 199 3674 254 872

290 358 418 412 quas
442 355 562 395 non
585 335 902 404 sunt,hanc
929 335 1105 391 vitam
1129 337 1185 389 et
1213 331 1554 395 delicias,ac
1574 329 1922 387 mendacem

2036 328 2162 386 ἀλλ’
2191 331 2225 399 ἠ
2256 334 2352 385 τοῦ
2461 351 2627 402 ματος
2661 327 2910 400 δύναμις,
2968 323 3228 382 νύττουσά
3287 345 3392 397 μου
3452 324 3528 396 μή
3561 326 3672 412 ψυ-

291 429 740 501 prosperitatem
771 443 784 480 :
810 425 1086 495 quibus,o
1122 441 1242 488 rex,
1269 423 1385 476 heu
1413 422 1424 476 ι
1459 437 1560 475 cor
1592 426 1758 475 tuum
1773 421 1927 476 male

290 519 532 574 afﬂxum
556 522 682 582 est;
719 530 939 585 egoque
961 514 1104 567 item
1136 511 1439 582 quondam
1473 526 1540 564 ea
1571 509 1927 580 complecte—

289 608 637 661 bar.Verum
660 604 835 673 hujus
859 602 1149 656 sermonis
1181 601 1558 663 vis,animum
1580 616 1773 653 meum
1801 600 1927 653 sine

291 695 413 748 ulla
430 692 867 747 intermissione
889 690 1615 758 vellicans,mentem,quw
1631 687 1744 741 mei
1768 687 1930 756 prin-

290 785 551 853 cipatum
585 787 762 840 tenet.
798 779 951 834 adid
983 778 1137 849 quod
1167 778 1379 832 melius
1411 783 1557 836 erat.
1592 775 1928 847 eligendum

2035 421 2144 495 χήν
2201 417 2586 484 ἀδιαλείπτως,
2669 419 2913 493 ἐξήγειρε
2966 416 3058 470 τὸν
3127 413 3374 489 ἡγεμόνα
3419 417 3539 466 νοῦν
3599 411 3678 473 είς

2038 507 2272 582 ἐκλογὴν
2304 513 2398 562 τοῦ
2429 508 2763 581 κρείττονος³
2804 508 2832 560 ὁ
2893 503 2950 560 δὲ
3006 505 3180 577 νόμος
3236 509 3336 571 τῆς
3388 499 3681 576 ἁμαρτίας,

2039 597 2580 670 ἀντιστρατευόμενος
2608 601 2687 667 τῷ
2734 596 2890 666 νόμῳ
2944 596 3042 647 τοῦ
3097 592 3223 654 νοός
3283 611 3410 663 μου,
3457 588 3546 643 καὶ
3605 586 3680 651 ὥς

2035 681 2561 756 τισισιδηροπὲδαις
2621 682 2831 756 δεσμῶν
2894 701 2960 753 με
3019 682 3155 753 (35),
3211 682 3280 751 τῇ
3338 675 3680 752 προσπαθείᾳ

2038 776 2145 825 τῶν
2179 768 2457 846 παρόντων
2489 770 2849 845 αἰχμάλωτον
2873 774 3121 842 κατεῖχεν
3146 769 3281 841 (36).

288 869 595 925 excitabat.
629 870 917 922 Craterum
959 867 1051 920 lex
1101 867 1344 936 peccati,
1380 881 1512 918 cum
1539 864 1753 918 mentis
1785 879 1928 916 mea:
1959 861 2085 933 lege
2118 878 2406 934 pugnans,
2431 879 2497 917 ac
2545 861 2704 916 velut
2750 858 3103 931 quibusdam
3143 854 3524 927 compedibus
3572 870 3671 909 me

285 959 681 1027 vinciens.per
710 958 985 1011 aliectum
1016 971 1153 1024 erga
1169 971 1263 1008 res
1295 958 1616 1024 praesentes
1638 953 1929 1022 captivum
1953 950 2209 1006 tenebat.

333 1049 474 1100 Cum
498 1044 1015 1100 autemSalvatoris
1030 1043 1214 1097 nostri
1235 1042 1582 1112 benignitati
1602 1058 1667 1095 ac
1685 1040 1933 1095 bonitati

290 1151 382 1188 me
402 1150 470 1189 ex
491 1135 596 1187 hac
616 1133 827 1187 acerba
839 1132 1171 1202 captivitate
1193 1131 1490 1184 vindicare
1510 1130 1933 1200 placuit,atque

288 1223 412 1293 ipse
437 1223 619 1277 menti
635 1237 780 1275 mea)
793 1221 866 1275 ad
887 1220 1280 1289 superandam
1306 1221 1527 1288 peccati
1550 1219 1735 1290 legem
1752 1218 1934 1271 robur

285 1310 862 1379 addidit,oculosque
885 1325 1048 1363 meos
1070 1309 1393 1378 aperuit,ut
1423 1308 1561 1362 mali
1596 1325 1662 1362 ac
1685 1307 1820 1360 boni
1837 1306 1932 1360 de-

283 1399 502 1453 lectum
525 1399 802 1452 haberem
830 1415 843 1462 ;
869 1405 994 1451 tum
1033 1397 1278 1461 scilicet,
1315 1402 1464 1460 tum,
1504 1397 1768 1465 inquam.
1801 1396 1929 1450 ani-

283 1487 568 1541 madverti
591 1502 658 1540 ac
684 1485 1140 1555 vidi,przesentia
1157 1485 1355 1538 omnia
1379 1485 1693 1538 vanitatem
1711 1484 1928 1537 etaffli-

285 1576 539 1629 ctionem
562 1575 804 1644 spiritus
821 1571 1733 1642 esse(Eccli.l).quemadmodum
1753 1572 1929 1626 etiam

2112 1040 2239 1094 Ὅτε
2296 1037 2353 1092 δὶ
2407 1035 2691 1107 εὐδόκησεν
2751 1039 2785 1105 ἡ
2846 1035 3158 1110 χρηστότης
3228 1031 3318 1086 καὶ
3375 1030 3678 1104 ἀγαθοσύνη

2040 1130 2137 1180 τοῦ
2170 1133 2429 1200 Σωτῆρος
2464 1128 2622 1198 ἡμῶν
2651 1129 2784 1180 Θεοῦ
2821 1129 2936 1198 (37)
2993 1119 3262 1193 ἐξελέσθαι
3323 1141 3392 1193 με
3445 1127 3544 1188 τῆς
3574 1139 3681 1194 χα-

2044 1212 2216 1282 λεπῆς
2244 1213 2452 1283 ἐκείνης
2473 1211 2880 1288 αῗχμαλωσίας,
2937 1211 3186 1284 ἐνίσχυσὲ
3245 1229 3350 1281 μου
3405 1209 3495 1263 τὸν
3553 1212 3682 1262 νοῦν

2041 1301 2412 1376 περιγενέσθαι
2439 1307 2534 1356 τοῦ
2563 1301 2736 1374 νόμου
2785 1307 2884 1369 τῆς
2943 1299 3232 1373 ἁμαρτίας,
3293 1298 3384 1351 καὶ
3444 1295 3684 1367 διήνοιξὲ

2046 1411 2149 1462 μου
2180 1389 2307 1452 τοὺς
2337 1390 2659 1466 ὀφθαλμοὺς
2692 1387 2985 1462 διακρίνειν
3039 1387 3102 1442 τὸ
3159 1387 3366 1464 φαῦλον
3422 1385 3528 1439 ἀπὸ
3583 1388 3684 1440 τοῦ

2041 1478 2364 1551 κρείττονος.
2398 1479 2533 1533 Τότε
2563 1476 2653 1547 δὴ,
2709 1477 2834 1532 τότε
2887 1474 3224 1543 κατενόσησα
3253 1472 3342 1528 καὶ
3374 1469 3512 1528 εἶδον
3545 1475 3682 1543 (38),

2040 1569 2126 1622 καὶ
2161 1566 2277 1621 ἰδοὺ
2309 1567 2481 1622 πάντα
2528 1567 2596 1622 τὰ
2646 1563 2886 1642 παρόντα
2947 1570 3249 1638 ματαιότης
3278 1563 3368 1617 καὶ
3419 1561 3684 1638 προαίρε-

283 1664 756 1733 sapientissimus
786 1663 1059 1716 Salomon
1113 1662 1367 1731 quodam
1428 1661 1556 1715 loco
1585 1661 1746 1715 dixit.
1784 1662 1926 1714 Tum

2040 1677 2120 1716 σις
2148 1655 2634 1728 πνεύματος,καθά
2689 1675 2794 1708 που
2849 1655 2937 1709 καὶ
2993 1652 3261 1724 Σολομῶν
3295 1653 3324 1706 ὁ
3364 1652 3683 1728 σοφώτατος

284 1753 506 1821 peccati
531 1751 798 1806 velamen
830 1768 859 1803 e
892 1750 1066 1804 corde
1115 1766 1246 1803 meo
1280 1749 1578 1803 sublatum
1611 1754 1717 1812 est,
1751 1754 1928 1817 atque

282 1839 612 1893 obscuritas
644 1856 712 1892 ea
737 1855 865 1908 quae
899 1855 969 1892 ex
993 1839 1256 1907 corporis
1281 1837 1546 1891 crassitie
1579 1837 1777 1890 animo
1797 1852 1927 1889 meo

284 1927 661 1981 incumbebat
686 1927 954 1981 discussa
984 1932 1042 1979 et
1071 1925 1370 1995 dissipata.
1409 1931 1582 1994 atque
1615 1926 1926 1993 cujusnam

282 2015 368 2068 rei
402 2032 579 2069 causa
605 2021 946 2084 procreatus
979 2031 1108 2067 sum
1139 2013 1344 2083 agnovi
1370 2031 1382 2077 ;
1418 2013 1684 2082 mihique
1712 2012 1928 2066 facien-

285 2103 424 2156 dum
441 2119 569 2156 esse
584 2109 648 2155 ut
661 2119 764 2172 per
778 2103 1185 2156 mandatorum
1203 2101 1668 2154 observationem
1686 2100 1757 2154 ad
1775 2117 1930 2154 sum-

285 2207 449 2244 mum
481 2190 650 2242 illum
675 2207 874 2243 rerum
899 2189 1169 2242 omnium
1215 2189 1550 2241 effectorem
1582 2185 1926 2242 ascendam.

282 2277 870 2347 Quapropterrelictis
883 2277 1158 2330 omnibus
1172 2276 1508 2342 rebus,eum
1525 2280 1760 2330 secutus
1773 2291 1926 2328 sum.

282 2367 625 2435 Gratiasque
652 2367 766 2419 Deo
789 2381 893 2435 per
913 2367 1110 2419 Jesum
1136 2365 1433 2418 Christum
1468 2364 1781 2418 Dominum
1812 2380 1921 2416 no-

281 2460 469 2508 strum
499 2470 627 2524 ago,
661 2453 818 2522 quod
850 2469 941 2507 me
973 2469 1041 2506 ex
1065 2453 1188 2506 luto
1221 2459 1279 2506 et
1310 2452 1564 2506 lateritio
1588 2452 1791 2506 labore
1812 2493 1824 2516 ,
1857 2467 1924 2505 ac

277 2540 506 2594 crudeli
530 2546 588 2593 et
615 2540 892 2610 pestifero
912 2540 1290 2594 tenebrarum
1325 2539 1502 2609 hujus
1534 2539 1733 2594 saaculi
1755 2539 1924 2608 prin-

279 2629 408 2698 cipe
440 2628 1006 2697 liberarit,viamque
1030 2628 1174 2681 mihi
1202 2627 1704 2697 compendiariam
1721 2633 1927 2696 etpro-

278 2715 490 2770 clivem
514 2714 862 2779 ostenderit,
892 2731 996 2785 per
1026 2731 1202 2784 quam
1247 2715 1306 2768 in
1341 2716 1450 2768 hoc
1482 2715 1647 2768 ﬁctili
1681 2731 1923 2783 corpore

285 2805 612 2874 angelicam
646 2804 775 2856 vitae
800 2803 1089 2857 rationem
1124 2803 1448 2872 amplexari
1473 2804 1714 2872 possim.
1750 2803 1924 2872 Cujus

283 2891 680 2960 adipiscendae
705 2891 1149 2950 studio,arctam
1183 2891 1334 2944 hanc
1365 2897 1744 2961 etangustam
1768 2891 1923 2944 viam

282 2979 728 3050 ingrediendam
762 2979 906 3032 mihi
937 2979 1074 3033 duxi
1107 2979 1323 3049 (Matth.
1349 2987 1460 3041 vn),
1511 2981 1593 3034 sic
1650 2979 1923 3033 videlicet

279 3068 476 3122 animo
507 3068 883 3129 constitutus,
909 3073 973 3120 ut
987 3067 1364 3136 praesentium
1382 3083 1580 3120 rerum
1595 3067 1919 3120 vanitatem

278 3155 795 3225 atqueinstabilem
809 3154 1039 3223 earumj
1051 3155 1338 3208 actatione
1348 3171 1402 3207 n1
1416 3160 1473 3208 et
1485 3154 1930 3208 conversionem

276 3246 651 3299 vehementer
665 3243 1217 3313 improbem,neque
1235 3242 1446 3296 adduci
1463 3243 1684 3312 possim
1701 3248 1764 3296 ut
1794 3258 1925 3296 cre-

277 3333 413 3388 dam
445 3331 605 3386 aliud
639 3331 961 3400 quidquam
978 3338 1190 3400 przeter
1205 3331 1261 3384 id
1278 3330 1436 3400 quod
1449 3347 1580 3385 vere
1600 3330 1819 3384 bonum
1839 3337 1926 3385 est

276 3422 498 3475 bonum
521 3419 941 3489 appellandum
965 3435 1114 3472 esse.
1142 3422 1187 3472 Α
1218 3435 1332 3488 quo
1366 3424 1448 3484 tu,
1480 3437 1511 3472 o
1547 3436 1665 3486 rex,
1703 3419 1918 3474 misere

274 3517 328 3563 te
359 3507 647 3578 abrupisti
681 3523 746 3561 ac
779 3507 1314 3576 sejunxisti.anue
1329 3507 1398 3560 de
1417 3524 1594 3561 causa
1617 3524 1722 3561 nos
1740 3508 1916 3562 etiam

271 3614 304 3652 a
337 3604 390 3652 te
409 3597 517 3666 disj
532 3596 689 3650 uncti
705 3613 772 3650 ac
787 3596 1049 3650 distracti
1071 3596 1591 3665 sumus,quoniam
1612 3597 1748 3650 tuin
1781 3613 1914 3666 per—

273 3687 541 3757 spicuum
561 3685 1030 3739 etindubitatum
1054 3685 1296 3738 exitium
1321 3685 1909 3747 ruis.acnosinidem

271 3777 595 3848 periculum
615 3776 1100 3847 praecipitesl‘erri
1117 3775 1443 3846 cogis.Na1n
1461 3775 1725 3844 quandiu
1741 3776 1798 3828 in
1815 3793 1906 3829 so-

269 3866 325 3920 la
338 3865 542 3920 mundi
561 3865 772 3918 militia
786 3864 1198 3928 censebamur,
1232 3863 1456 3916 nullam
1475 3864 1653 3917 ofﬁcii
1679 3869 1904 3933 partem

2017 3859 2242 3916 δεόντων
2302 3865 2466 3934 ἡμεῖς
2527 3859 2743 3916 ἐνελίπο
2752 3882 2849 3934 μεν

2039 1742 2089 1796 ἐν
2149 1749 2268 1807 τοῖς
2323 1743 2485 1798 αὐτοῦ
2543 1740 2644 1820 ἔφη
2707 1741 3098 1818 Συγγράμμασι
3157 1743 3290 1813 (39)’
3349 1739 3471 1794 τότε
3522 1759 3683 1808 περι-

2036 1833 2199 1904 ῃρέθη
2233 1838 2334 1900 τῆς
2366 1829 2588 1906 καρδίας
2627 1852 2730 1904 μου
2759 1833 2822 1886 τὸ
2853 1830 3120 1903 κάλυμμα
3135 1836 3233 1897 τῆς
3265 1827 3681 1902 ἁμαρτίαςμ-Ο),

2037 1921 2126 1975 καὶ
2158 1923 2192 1989 ἠ
2227 1919 2284 1974 ἐκ
2313 1927 2413 1989 τῆς
2455 1922 2769 1992 σωματικῆς
2837 1922 2928 1976 l3
2986 1917 3303 1992 παχύτητος
3364 1917 3682 1989 ἐπικειμένη

2034 2013 2103 2081 τῇ
2135 2011 2288 2082 ψυχῇ
2317 2029 2420 2080 μου
2448 2007 2763 2080 ἀμαύρωσις
2816 2003 3192 2076 διεσκεδάσθη,
3253 2006 3342 2060 καὶ
3400 1999 3571 2079 ἔγνων
3605 2003 3686 2067 εἲς

2037 2097 2292 2171 δγὲγονα
2321 2096 2410 2151 καί
2440 2098 2521 2152 ὃτι
2575 2094 2658 2152 δεῖ
2715 2117 2780 2168 με
2832 2096 2968 2169 πρὸς
3025 2097 3116 2150 τὸν
3177 2092 3516 2168 δημιουργὸν
3559 2095 3686 2148 ἀνα-

2036 2180 2219 2252 ϐῆναι,
2245 2183 2333 2239 διὰ
2361 2192 2460 2254 τῆς
2490 2190 2599 2239 τῶν
2660 2185 2897 2239 ἐντολῶν
2959 2184 3234 2258 ἐργασίας.
3293 2185 3476 2250 “Οθεν,
3509 2184 3686 2237 πάντα

2034 2271 2372 2341 καταλιπὼν,
2403 2273 2550 2344 αύτῷ
2581 2271 2939 2342 ἠκολούθησα
2969 2273 3056 2326 καὶ
3098 2271 3408 2346 εὐχαριστῶ
3429 2275 3508 2340 τῷ
3564 2274 3686 2341 Θεῷ

2036 2359 2125 2415 διὰ
2151 2364 2335 2431 Ἰησοῦ
2370 2365 2609 2435 Χριστοῦ
2664 2365 2760 2416 τοῦ
2818 2361 3015 2436 Κυρίου
3071 2364 3260 2432 ἡμῶν,
3309 2361 3391 2414 δτι
3451 2359 3680 2434 ἐρύσατό

2038 2471 2104 2521 με
2135 2454 2367 2521 (41)τοῦ
2397 2449 2582 2520 πηλοῦ
2638 2451 2729 2504 καὶ
2784 2453 2883 2514 τῆς
2940 2448 3223 2512 πλινθείας
3278 2451 3415 2520 (42),
3461 2448 3551 2502 καὶ
3581 2453 3681 2503 τοῦ

2035 2539 2274 2607 ἀπηνοῦς
2305 2539 2394 2592 καὶ
2427 2535 2680 2611 ὀλεθρίου
2712 2535 2983 2612 ἃρχοντος
3008 2543 3104 2592 τοῦ
3137 2539 3363 2598 σκότους
3419 2541 3515 2591 τοῦ
3545 2537 3684 2591 αίῶ-

2032 2647 2121 2688 νος
2147 2628 2340 2681 τούτου
2399 2631 2528 2698 (43),
2582 2629 2671 2680 καὶ
2724 2625 2867 2698 ἔδεξὲ
2933 2647 3028 2698 μοι
3087 2623 3210 2680 ὁδὸν
3254 2625 3521 2698 σύντομον
3588 2626 3681 2680 καὶ

2033 2713 2242 2790 ῥᾳδίαν,
2304 2713 2374 2768 δι’
2429 2715 2498 2783 ἧς
2546 2712 2854 2787 δυνήσομαι
2910 2713 2960 2768 ἐν
3015 2736 3095 2784 τῳ
3155 2715 3455 2787 ὁστρακίνῳ
3499 2714 3680 2787 τούτῳ

2033 2800 2246 2870 σώματι
2277 2800 2390 2870 (44)
2444 2799 2544 2864 τήν
2602 2797 2897 2874 ἀγγελικὴν
2958 2799 3294 2860 ἀσπάσασθαι
3370 2796 3679 2870 πολιτείαν,

2029 2887 2203 2960 ἤνπερ
2246 2887 2440 2963 φθάσαι
2502 2889 2699 2954 ζητῶν,
2751 2887 2852 2954 τὴν
2910 2887 3098 2954 στενὴν
3158 2886 3249 2939 καί
3295 2887 3676 2958 τεθλιμμένην

2034 2975 2265 3047 εἱλόμην
2303 2971 2537 3049 βαδίζειν
2573 2971 2696 3027 ὁδὸν
2733 2976 2871 3046 (45),
2902 2975 3040 3027 πάνυ
3101 2972 3399 3048 καταγνοὺς
3435 2980 3536 3042 τῆς
3567 2978 3676 3028 τῶν

2038 3065 2316 3137 παρόντων
2353 3065 2713 3135 ματαιότητος
2772 3063 2861 3118 καὶ
2920 3066 3017 3132 τῆς
3068 3065 3299 3119 ἅστάτου
3347 3069 3517 3142 φορᾶς
3545 3065 3676 3120 τού-

2037 3174 2146 3206 των
2186 3151 2274 3206 καὶ
2327 3158 2622 3227 περιφορᾶς
2676 3155 2805 3223 (4-6),
2866 3151 2954 3206 καὶ
3018 3153 3094 3224 μή
3151 3154 3470 3226 πειθόμενος
3527 3151 3671 3208 ἄλλο

2034 3262 2084 3296 τι
2115 3241 2282 3295 καλὸν
2316 3240 2602 3312 ὀνομάζειν
2633 3239 2739 3314 πρὸ
2786 3244 2882 3294 τοῦ
2940 3234 3095 3302 ὄντος
3147 3239 3341 3313 καλοῦ,
3391 3240 3549 3316 οὗπερ
3609 3239 3674 3296 σὺ

2033 3329 2306 3397 ἐΙεεινῶς,
2387 3329 2431 3382 ὦ
2519 3325 2765 3402 βασιλεῦ,
2827 3325 3124 3404 διερῥάγης
3173 3350 3234 3385 τε
3289 3331 3382 3385 καὶ
3440 3327 3676 3400 διὲστης.

2027 3419 2184 3482 ’Όθεν
2217 3419 2307 3472 καὶ
2336 3420 2498 3489 ἡμεῖς
2524 3415 2809 3490 διὲστημὲν
2866 3439 2960 3472 σου
3019 3418 3108 3473 καὶ
3166 3416 3520 3493 διηρέθημεν,
3591 3416 3682 3475 διὰ

2023 3508 2085 3562 τὸ
2119 3507 2197 3567 εἷς
2248 3514 2388 3583 σαφῆ
2451 3507 2541 3561 καὶ
2601 3505 3043 3581 ὡμολογημένην
3104 3507 3162 3563 σέ
3223 3530 3282 3564 τε
3327 3510 3680 3565 καταπίπτειν

2024 3596 2299 3651 ἀπώλειαν
2335 3602 2434 3654 Il
2486 3595 2575 3650 καὶ
2633 3596 2768 3670 πρὸς
2824 3597 2916 3651 τὸν
2964 3595 3087 3652 ’ίσον
3131 3598 3523 3668 κατενεχθῆναι
3583 3599 3676 3654 καὶ

2021 3687 2166 3757 ἡμᾶς
2193 3683 2451 3739 κίνδυνον
2514 3684 2856 3758 ἀναγκάζειν.
2919 3687 3060 3747 Ἐως
3121 3687 3219 3759 μὲν
3254 3687 3357 3759 γὰρ
3387 3687 3512 3762 περὶ
3565 3687 3667 3760 μό-

2016 3794 2112 3842 νην
2144 3774 2241 3842 τὴν
2274 3773 2548 3845 κοσμικὴν
2596 3778 2875 3846 στρατείαν
2931 3771 3319 3846 ἐξηταζόμεθα,
3373 3774 3526 3830 οὖδὶν
3553 3781 3661 3831 τῶν

2935 3866 3071 3936 (47)·
3136 3866 3503 3938 μαρτυρήσεις
3565 3887 3662 3938 μοι

339 3972 441 4051 (35)
470 3977 528 4027 Β.
561 3967 758 4051 δεσμὸν
787 3971 903 4051 μὲν.
943 3971 1003 4024 In
1035 3971 1239 4024 vocula
1266 3970 1358 4051 μὶν
1383 3971 1597 4051 saepius
1625 3971 1847 4051 librarii
1875 3989 1926 4042 p1

2036 3972 2480 4051 arunt.___l_’sellus
2508 3974 2689 4044 Anag.
2725 3972 2796 4026 de
2820 3971 2982 4028 Circe
3017 3973 3082 4027 :6
3115 3970 3174 4026 δὲ
3202 3967 3280 4027 ἔτι
3315 3973 3410 4045 μὲν
3446 3975 3654 4046 θαρσεῖ.

269 4043 352 4096 lbi
388 4060 562 4095 sensu
600 4042 689 4109 μὲν
725 4049 902 4107 caret,
933 4059 1036 4111 pro
1067 4058 1182 4110 quo
1213 4047 1302 4095 est
1337 4043 1557 4111 optime
1585 4041 1795 4111 μᾶλλον
1825 4041 1926 4096 int

2036 4044 2114 4097 ice
2145 4046 2302 4097 3058.

336 4114 451 4234 ἰ(36)
483 4108 663 4183 Epist.
698 4113 770 4167 ad
800 4108 966 4167 Boni.
1002 4108 1101 4176 VII,—
1129 4113 1195 4164 23
1233 4129 1244 4165 :
1282 4108 1475 4166 Βλέπω
1507 4110 1562 4163 δὲ
1587 4108 1780 4185 ’ἕτερον
1812 4111 1926 4180 νόμι

269 4203 330 4235 νο
371 4203 391 4235 :
429 4203 530 4235 μου
561 4181 650 4234 καὶ
682 4182 774 4235 αἷγ
789 4181 1165 4235 ιιαλωτίζοντα
1201 4202 1264 4235 με
1294 4187 1369 4235 τῶ
1398 4183 1554 4235 νόμω
1585 4189 1681 4235 τῖς
1716 4183 1926 4235 inusti:

2038 4136 2061 4165 ν
2092 4119 2206 4174 τοῖς
2272 4111 2458 4185 μὲλεσί
2519 4133 2624 4186 μου
2682 4113 3226 4188 ἀντιστρατευόμενον
3266 4118 3345 4187 τῷ
3374 4114 3530 4189 νόμῳ
3557 4119 3660 4171 τοῦ

371 4203 391 4241 ς
428 4181 650 4257 μούκαῖ
682 4181 1264 4257 αἰχμαλωτίζονταᾳμε
1294 4187 1369 4254 τῷ
1398 4183 1554 4254 νόμῳ
1585 4181 2000 4257 τῆςόιμαρτίας.

343 4251 456 4330 (37)
480 4254 697 4330 {mulus
723 4251 842 4308 non
869 4255 1071 4330 semel,
1102 4251 1632 4330 εὐδόκησενρθεὸς.
1666 4251 1857 4330 Lucas
1889 4274 1900 4310 :

2036 4254 2225 4330 όκησεν
2257 4253 2284 4307 ὁ
2314 4256 2516 4330 πατήρ.
2540 4255 2610 4308 Et
2636 4257 2843 4330 Noster
2862 4255 3024 4330 alibi.

341 4327 450 4399 (3_8)
483 4325 634 4379 Psal.
669 4342 786 4394 XXI,
823 4330 885 4378 l7
919 4342 930 4378 :
963 4323 1118 4378 αὐτοὶ
1152 4323 1208 4379 δὲ
1236 4325 1562 4395 κατενόησαν
1593 4326 1682 4380 καὶ
1713 4324 1926 4382 ἐπεῖδον

2037 4328 2142 4382 sal.
2177 4343 2322 4395 CXLI,
2355 4329 2388 4380 4
2426 4345 2438 4382 :
2467 4323 2778 4382 ’κατενόουν
2839 4325 2915 4388 είς
2963 4326 3031 4381 τὰ
3085 4323 3231 4399 δεξιά
3258 4330 3347 4384 καὶ
3373 4323 3658 4388 ἐπὲὄεπον.

268 4395 350 4451 Cf.
386 4397 496 4449 lsa.
529 4413 638 4463 le,
673 4398 758 4450 16.

341 4466 454 4534 (39)
487 4467 675 4520 Eccle.
704 4485 742 4533 ι,
778 4469 858 4522 14.

340 4538 452 4613 (40)
487 4538 725 4613 Paulus,
759 4539 1017 4610 Epistola
1044 4540 1304 4596 secunda
1334 4540 1405 4595 ad
1423 4542 1564 4613 Cor.
1599 4558 1680 4609 ιιι,
1712 4544 1774 4594 l5
1806 4559 1824 4594 :
1857 4539 1926 4595 Ka‘

2036 4561 2134 4613 ιμα
2161 4537 2248 4594 ἐπὶ
2279 4539 2376 4607 τὴν
2404 4534 2626 4612 καρδίαν
2661 4537 2834 4593 αὐτῶν
2902 4543 3098 4595 κεῖται⁶
3129 4539 3290 4610 ἡνίκα
3341 4538 3386 4596 δ’
3416 4539 3475 4598 ἃν
3508 4541 3662 4599 ἔπισ-

265 4607 437 4682 τρὲψῃ
470 4607 604 4682 πρὸς
642 4607 858 4680 Κύριον,
890 4617 1245 4682 περιαιρεῖται
1279 4613 1341 4682 τὸ
1371 4609 1656 4682 κάλυμμα.

339 4671 445 4762 (41)
468 4671 765 4764 ἱῌρίεί..ῑιί1
998 4671 1094 4764 vn;
1125 4685 1193 4764 2i;
1230 4699 1241 4735 :
1273 4681 1354 4741 τίς
1389 4701 1455 4752 με
1487 4671 1700 4754 ῥύσεται
1731 4680 1790 4734 ἐκ
1815 4685 1914 4735 τοῦ

2036 4682 2226 4755 ὅματος
2281 4685 2378 4735 τοῦ
2437 4681 2666 4735 θανάτου
2721 4680 2954 4753 τούτους
2989 4681 3298 4759 εὐχαριστῶ
3325 4689 3405 4756 τῷ
3429 4689 3546 4758 Θεῷ
3574 4683 3664 4740 διὰ

267 4749 447 4818 Ἰησοῦ
468 4749 700 4821 Χριστοῦ
717 4755 812 4804 τοῦ
843 4751 1041 4822 Κυρίου
1071 4754 1252 4822 ἡμῶν,

336 4819 767 4902 (4ξ),Ηεδρθοίυ
801 4824 873 4877 ad
903 4819 1081 4876 Exod.
1117 4819 1154 4890 ι,
1185 4825 1246 4876 14
1275 4838 1286 4876 :
1322 4819 1654 4876 Κατωδύνων
1687 4823 1865 4878 αὐτῶν
1896 4825 1994 4893 τήν
2031 4825 2174 4894 ζωὴν
2204 4821 2254 4878 ἐν
2283 4828 2399 4886 τοῖς
2426 4821 2604 4898 ἔργοις
2630 4828 2746 4886 τοῖς
2777 4821 3062 4900 σκληροῖς,
3119 4831 3200 4899 τῷ
3250 4825 3419 4900 πηλῷ
3446 4829 3532 4882 καὶ
3589 4830 3660 4902 τῇ

265 4888 528 4959 πλινθείᾳ.

336 4964 447 5027 (43)
480 4966 766 5045 Respectu
799 4963 872 5045 ad
903 4964 1066 5045 Pauli
1090 4965 1610 5045 verba_Ephes..v1,
1646 4971 1710 5022 12
1735 4985 1757 5045 _:
1793 4969 1926 5045 Πρὸς

2036 4967 2592 5045 ῦςλκοσμοκράτορας
2649 4970 2746 5045 τοῦ
2795 4965 3020 5045 σκότους
3076 4972 3173 5024 τοῦ
3212 4969 3410 5031 αἰῶνος
3439 4970 3655 5026 τούτου·

266 5049 395 5114 ςιυῴ
425 5041 512 5086 est
544 5035 716 5114 lectio
748 5036 1054 5114 vulgatior.
1090 5035 1406 5114 Barnabas,
1438 5039 1608 5114 epist.
1635 5057 1697 5114 p._
1727 5043 1756 5093 3
1784 5058 1795 5094 :
1841 5035 1867 5089 ἑ‹
1901 5043 2043 5096 Cum
2078 5041 2197 5114 sint
2227 5035 2372 5114 ergo:
2387 5035 2522 5114 dies
2552 5041 2924 5114 nequissimi,
2959 5046 3016 5095 et
3072 5044 3402 5098 contrarius
3443 5044 3658 5098 habeat

267 5103 443 5186 hujus
477 5105 674 5184 saeculi
709 5103 1059 5186 potestatem
1090 5126 1101 5162 :
1130 5131 1155 5155 »ι
1188 5109 1284 5162 ubi
1313 5103 1720 5186 vide__M_enai~d.
1755 5129 1880 5186 pag;
1920 5115 2003 5166 85.
2038 5113 2181 5166 Hinc
2232 5103 2498 5186 intelligo
2529 5103 3032 5186 ACommodianum
3070 5119 3241 5186 Instr.
3275 5116 3301 5180 ἕ
3332 5118 3398 5170 59
3433 5132 3446 5170 :
3481 5139 3509 5165 ‹‹
3542 5117 3659 5170 Ma-

269 5179 582 5254 tronaks’vis
607 5192 757 5254 esse,
791 5179 1138 5254 Christiana.
1175 5187 1238 5254 ut
1269 5181 1466 5254 saeculi
1496 5179 1773 5237 domnus:
1799 5179 2100 5238 {Domum
2135 5183 2334 5237 saeculi
2364 5179 2502 5254 sunt
2523 5181 2757 5254 femina;
2790 5183 3047 5254 lupanaa,
3079 5179 3378 5242 zabulicay.

474 5247 697 5329 Corpus
728 5246 1040 5329 ama-mag
1069 5252 1474 5329 potuitdicere
1509 5269 1577 5307 ex
1603 5254 1926 5325 metaphor:

2036 5255 2241 5322 lulina,
2271 5255 2318 5308 ll
2351 5253 2480 5307 Cor.
2516 5269 2586 5321 ιν,
2617 5255 2652 5306 7
2684 5270 2697 5307 :
2731 5251 2782 5307 ἐν
2816 5246 3159 5329 ὀστρακίνοις
3189 5255 3422 5314 σκεύεσι.

472 5317 677 5395 yatth.
717 5336 808 5395 vn_,
843 5322 947 5395 με
982 5317 1216 5395 οἶβρος.
1247 5325 1306 5395 1,
1339 5340 1398 5377 n.
1424 5325 1476 5379 3.

472 5388 748 5476 Ecc’l‘e.'ii,
772 5392 807 5442 2
841 5409 852 5445 :
875 5393 969 5476 Tt}:
996 5387 1197 5464 γὲίωτῖ
1221 5387 1370 5476 εἶπα,
1393 5393 1706 5476 περιφοράν.

353 5455 539 5542 {nu},
570 5455 898 5542 ἐλείπωμεν.
930 5455 1152 5542 Rursus
1201 5455 1724 5542 omis'it__l'i_bra'ri_us
1781 5467 1926 5540 negli

2036 5485 2086 5524 1s
2141 5465 2622 5538 praepositionem
2654 5469 2986 5541 compositi.
3021 5468 3313 5528 Lucianus
3343 5473 3506 5529 Asin.
3539 5473 3603 5528 41
3643 5488 3656 5528 :

260 5525 691 5590 εὐθὺςέδίωκον*
718 5525 925 5591 malim
956 5533 1284 5592 κατεδίωκον
1313 5537 1533 5595 codicis
1565 5539 1721 5593 1310.
