4042 6154
345 325 453 381 873

1541 323 1712 379 VITA
1751 324 2102 380 BARLAAM
2139 326 2232 379 ET
2269 327 2610 381 JOASAPH.

3627 325 3734 384 874

337 449 430 505 καὶ
458 449 620 511 αὐτὸς
673 449 860 524 ὅτιπερ
912 446 1039 504 οὐδὲ
1087 446 1348 526 ῥᾳθυμίαν
1394 446 1514 504 τινὰ
1563 427 1686 502 οὐδὲ
1730 446 1979 521 ἇμέλειάν

2101 451 2720 522 pratermittebamus.
2754 453 2836 507 Ac
2875 455 2937 506 tu
2986 468 3223 523 quoque
3270 452 3530 524 optimus
3573 456 3740 511 testis

339 560 473 594 ποτε
503 538 765 609 ἐνεκλήθη
778 561 895 612 μεν.

409 718 558 774 Ἐπεὶ
594 715 768 772 δὲκαὶ
817 715 946 772 αὐτὸ
1002 721 1112 771 τῶν
1169 714 1352 770 καλῶν
1410 717 1472 771 τὸ
1527 713 1819 790 κεφάλαιον
1879 716 1980 792 ἀφ-

411 809 432 840 ι
623 805 637 826 ν
845 805 870 838 ν.
1171 811 1196 823 ~
1373 807 1398 836 ,π
1556 809 1569 826 ι
1615 805 1634 836 ι
1897 829 1902 834 .
1967 806 1981 824 ε

343 806 558 862 ελεσθαι
619 806 1030 884 εφιλονεικησας
1084 808 1230 880 ἡμας
1265 853 1279 878 ,
1339 827 1436 874 την
1521 800 1837 874 ευσεϐειαν,
1897 825 1982 859 και

335 898 428 952 τὸν
487 897 614 950 Θεὸν
679 900 952 968 ζημιῶσαι
1011 895 1110 963 τὴν
1171 895 1404 970 ἐσχάτην
1471 895 1672 964 ταύτην
1735 893 1930 966 ζημίαν
1968 937 1982 963 ,

333 989 511 1057 τιμῶν
551 1005 608 1038 τε
667 981 754 1038 διὰ
803 989 964 1039 τοῦτο
1015 985 1103 1038 καὶ
1158 983 1476 1061 φιλοτιμίας
1532 985 1982 1055 ἀναμιμνήσκεις,

335 1079 453 1138 πῶς
483 1075 581 1129 οὐκ
633 1075 856 1148 ἀμαθῶς
905 1069 1049 1148 ἕγειν
1081 1095 1139 1130 σε
1193 1079 1288 1129 τοῦ
1339 1073 1510 1128 καλοῦ
1562 1071 1783 1136 δικαίως
1813 1073 1872 1127 ἃν
1907 1072 1984 1128 εἶ’-

335 1185 522 1236 ποιμι,
555 1164 636 1218 δτι
665 1163 752 1218 καὶ
785 1159 1160 1237 παραϐάλλεις
1192 1163 1338 1224 ὅλως
1383 1163 1514 1218 αὐτὰ
1559 1163 1694 1236 πρὸς
1737 1161 1980 1232 ἄλληλα,

337 1249 610 1309 εὖτὲϐειάν
644 1276 790 1326 φημι
829 1253 966 1328 πρὸς
1015 1255 1104 1308 τὸν
1161 1253 1288 1308 Θεὸν
1321 1253 1410 1307 καὶ
1469 1251 1654 1329 φιλίαν
1717 1251 1984 1327 ἀνθρωπί-

335 1363 434 1412 νην
464 1341 553 1396 καὶ
586 1340 738 1415 δόξαν
778 1343 876 1410 τὴν
917 1339 1006 1396 ἴσα
1052 1341 1458 1419 παραρρέουσαν
1509 1340 1660 1396 ὕδατι
1696 1365 1709 1410 ;
1763 1345 1879 1403 πῶς
1926 1339 1983 1395 δὲ

335 1453 420 1486 σοι
453 1433 541 1486 καὶ
573 1431 824 1486 κοινωνοῖ
856 1431 1089 1504 ἐσόμεθα
1135 1430 1220 1484 ἐπὶ
1271 1430 1472 1503 τούτῳ,
1523 1431 1610 1485 καὶ
1657 1430 1808 1505 οὐχὶ,
1857 1429 1985 1484 τού-

334 1519 568 1592 ναντίον,
599 1521 685 1575 καὶ
721 1520 932 1598 φιλίαν,
967 1521 1056 1575 καὶ
1097 1521 1290 1593 τιμήν,
1344 1521 1433 1574 καὶ
1489 1521 1724 1594 στοργήν
1780 1521 1982 1573 τέκνων

333 1609 426 1663 καὶ
459 1609 508 1663 εἷ’
531 1631 582 1664 τι
615 1606 757 1665 {DC/0
807 1614 989 1682 μεῖζον
1047 1610 1138 1678 ἦν,
1198 1609 1577 1683 ἀρνησόμεθας
1639 1609 1866 1682 ὁρῶντές
1927 1629 1982 1661 σε

340 1697 576 1772 μᾶλλον,
611 1699 686 1760 ὥς
721 1696 968 1773 βασιλεῦ,
1021 1699 1448 1772 ἀγνωμονοῦντα
1495 1697 1634 1772 πρὸς
1681 1697 1772 1751 τὸν
1828 1695 1980 1763 Θεὸν,

333 1787 422 1842 τὸν
457 1787 547 1841 καὶ
579 1786 706 1841 αὖτό
740 1809 822 1840 σοι
852 1788 914 1841 τὸ
945 1787 1076 1841 εἶναι
1123 1787 1212 1841 καὶ
1257 1785 1320 1840 τὸ
1367 1786 1614 1840 ἀναπνεῖν
1666 1785 1984 1860 παρεχόμε-
2015 1819 2060 1884 Β

335 1897 446 1944 νον,
499 1878 558 1938 ὅς
609 1875 718 1930 ἐστι
771 1877 1002 1950 Χριστὸς
1049 1877 1280 1946 Ἰησοῦς,
1337 1877 1364 1930 ὁ
1412 1877 1608 1950 Κύριος
1652 1879 1760 1930 τῶν
1811 1876 1982 1930 ἀπάν-

333 1983 460 2034 των,
493 1964 552 2026 ’ὀς
585 1965 920 2039 συνάναρχος
973 1961 1046 2018 ὣν
1091 1965 1179 2018 καὶ
1230 1961 1503 2025 συναΐδιος
1555 1967 1634 2034 τῷ
1677 1963 1845 2036 Πατρὶ
1888 1959 1977 2017 καὶ

333 2053 462 2115 τοὺς
492 2052 756 2124 οὐρανοὺς
785 2058 863 2124 τῷ
893 2051 1047 2127 λόγῳ
1095 2055 1183 2108 καὶ
1230 2054 1327 2121 τήν
1373 2059 1473 2128 γῆν
1513 2053 1840 2123 ὑποστήσας,
1888 2053 1980 2106 τὸν

338 2141 616 2216 ἄνθρωπόν
647 2163 706 2196 τε
749 2141 934 2216 χερσὶν
987 2143 1214 2204 οἰκείαις
1263 2139 1670 2216 ἐδημιούργησε
1713 2141 1802 2196 καὶ
1846 2141 1976 2204 ἀθα-

335 2231 492 2304 νασίᾳ
547 2235 742 2285 τοῦτον
803 2230 1024 2302 ἐτίμησε
1058 2274 1072 2299 ,
1141 2229 1229 2284 καὶ
1293 2227 1519 2304 βασιλέα
1571 2233 1676 2284 τῶν
1728 2229 1814 2284 ἐπὶ
1873 2233 1977 2304 γῆς

333 2321 724 2391 κατεστήσατο,
778 2318 1017 2394 καθάπερ
1076 2319 1197 2372 τινὰ
1258 2316 1508 2393 βασίλεια
1563 2318 1626 2372 τὸ
1683 2318 1976 2373 κάλλιπον

337 2409 582 2464 ἁπάντων
644 2407 911 2478 ἀποτάξας
983 2411 1092 2480 (48)
1145 2408 1312 2478 αὐτῷ,
1373 2407 1464 2462 τὸν
1527 2405 1865 2482 παράδεισον.
1917 2409 1980 2465 Ὁ

337 2495 416 2564 δὲ,
448 2499 629 2575 φθόνῳ
652 2501 748 2556 15
793 2495 1023 2560 κλαπεὶς
1068 2496 1156 2550 καὶ
1189 2493 1359 2569 ἡδονῇ
1412 2497 1530 2574 (φεῦ
1582 2517 1676 2568 μοι
1703 2499 1739 2568 ί)
1788 2494 1972 2552 δελεα-

335 2588 480 2651 σθεὶς
540 2590 674 2660 (49),
731 2585 936 2647 ἀθλίως
987 2585 1192 2639 τούτων
1248 2584 1456 2655 ἐξέπεσε
1506 2586 1744 2640 πάντων·
1803 2585 1892 2640 καὶ
1950 2587 1978 2640 ὁ

335 2679 463 2751 πρὶν
499 2675 740 2750 ξηλωτὸς
788 2674 1019 2738 ἐλεεινὸς
1071 2678 1249 2750 ὡρᾶτο
1305 2675 1394 2729 καὶ
1449 2672 1692 2746 δακρύων
1745 2673 1835 2730 διά
1876 2677 1976 2745 τὴν

341 2766 622 2842 συμφοράν
676 2766 854 2836 ἄξιος.
911 2767 968 2820 '0
1025 2765 1237 2826 πλάσας
1295 2765 1472 2820 τοίνυν
1531 2767 1678 2836 ἡμᾶς
1730 2765 1819 2820 καὶ
1880 2763 1977 2834 δη-

343 2855 680 2928 μιουργήσας
711 2853 1118 2932 φιλανθρώποις
1161 2849 1328 2908 πάλιν
1386 2852 1516 2907 ἰδὼν
1577 2853 1886 2931 ὀφθαλμοῖς
1915 2854 1978 2908 τὸ

333 2946 442 2997 τῶν
477 2941 688 2996 οἰκείων
729 2948 932 3017 χειρῶν
991 2937 1172 3018 ἔργον,
1203 2943 1266 2997 τὸ
1321 2943 1448 3004 Θεὸς
1495 2945 1630 2998 εἶναι
1687 2943 1762 3016 μὴ
1817 2965 1980 3016 μετα-

335 3026 541 3096 ϐαλὼν,
577 3028 705 3107 ὅπερ
737 3032 806 3101 ἧν
839 3033 930 3086 ἀπ’
960 3032 1161 3106 ἀρχῆς,
1196 3031 1406 3105 ἐγένετο
1440 3028 1508 3086 δι’
1539 3034 1687 3104 ἡμᾶς
1737 3033 1975 3106 ἀναμαρ-

332 3121 512 3190 τήτως
557 3125 669 3194 (50)
729 3121 858 3193 ὅπερ
908 3121 1112 3193 ἡμεῖς,
1167 3120 1253 3174 καὶ
1308 3119 1537 3192 σταυρὸν
1580 3120 1834 3183 ἑκουσίως
1885 3122 1972 3175 καὶ

336 3209 558 3272 θάνατον
619 3207 937 3280 ὑπομείνας,
995 3207 1086 3262 τὸν
1145 3203 1346 3262 ἄνωθεν
1399 3211 1482 3280 τῷ
1528 3208 1782 3281 ἡμετέρῳ
1834 3209 1973 3283 γένει
2009 3193 2050 3259 C

339 3297 694 3372 βασκαίνοντα
733 3291 998 3350 κατέϐαλε
1046 3294 1340 3368 πολέμιον,
1372 3296 1484 3364 καὶ,
1529 3299 1676 3370 ἡμᾶς
1731 3303 1830 3366 τῆς
1887 3317 1981 3350 πι-

331 3391 463 3462 κρᾶς
504 3385 718 3455 ἐκείνης
767 3383 1156 3459 αἰχμαλωσίας
1207 3385 1642 3458 ἀνασωσάμενος,
1689 3387 1787 3454 τήν
1842 3407 1981 3458 προ-

331 3475 488 3550 τὲραν
522 3473 767 3529 ἀπέδωκε
804 3471 1124 3550 φιλαγάθως
1170 3473 1499 3546 ἐλευθερίαν,
1550 3475 1662 3541 καὶ,
1714 3474 1832 3529 ὅθεν
1893 3473 1981 3529 διὰ

329 3565 430 3630 τήν
463 3564 747 3636 παρακοήν
789 3560 1236 3634 ἔνπεπτώκαμεν,
1270 3562 1383 3617 ἐκεῖ
1433 3562 1601 3618 πάλιν
1650 3561 1738 3618 διὰ
1785 3561 1978 3640 φιλαν-

331 3653 570 3726 θρωπίαν
630 3655 778 3724 ἡμᾶς
834 3650 1160 3728 ἐπανήγαγε,
1225 3651 1474 3725 μείζονος
1532 3654 1680 3724 ἡμᾶς
1719 3653 1754 3724 ἢ
1787 3653 1979 3728 πρότε-

331 3761 424 3818 ρον
457 3744 624 3814 τιμῆς
653 3741 904 3811 ἀξιώσας·

2101 541 2236 609 eris,
2269 558 2376 596 nos
2417 559 2524 596 nec
2567 541 2958 614 negligentia),
3008 557 3118 595 nec
3165 541 3450 596 socordiae
3498 545 3741 600 nomine

2099 647 2360 701 unquam
2387 647 2514 685 esse
2545 637 2778 686 notatos
2812 647 2876 684 ac
2905 631 3321 700 reprehensos.

2170 721 2560 790 Posteaquam
2586 725 2780 774 autem
2804 719 2862 773 id
2886 735 3142 789 quoque,
3167 719 3322 788 quod
3345 721 3613 776 omnium
3635 721 3743 776 bo-

2098 825 2309 862 norum
2329 815 2504 880 caput
2521 809 3139 879 est,hocestpietatem
3153 809 3342 876 ,nobis
3362 815 3737 881 extorquere,

2099 899 2320 967 Deique
2347 899 2702 952 detrimento
2734 898 2912 968 (quod
2938 897 3431 952 detrimentorum
3469 901 3741 955 omnium

2099 991 2424 1040 extremum
2444 1003 2510 1040 ac
2527 987 2938 1058 gravissimum
2956 991 3064 1052 est}
3080 1003 3187 1040 nos
3207 986 3302 1040 affi
3313 1003 3444 1042 cere
3465 989 3742 1044 studuisti

2095 1076 2384 1146 nobisque
2399 1077 2635 1130 interim
2655 1077 2909 1130 honores
2929 1075 3000 1130 ob
3015 1092 3144 1130 eam
3166 1093 3404 1131 causam
3421 1075 3606 1132 in‘nos
3626 1079 3742 1133 col-

2095 1166 2245 1219 latos
2258 1171 2432 1235 atque
2447 1165 2815 1236 amplissima
2832 1165 3121 1219 beneficia
3139 1166 3198 1218 in
3213 1167 3562 1220 memoriam
3577 1184 3740 1222 revo-

2095 1272 2213 1321 cas,
2241 1255 2340 1324 qui
2365 1255 2491 1308 ﬁeri
2526 1261 2722 1326 potest
2743 1261 2807 1309 ut
2833 1271 2950 1309 non
2974 1256 3196 1326 optimo
3220 1256 3358 1325 jure
3381 1261 3435 1310 te
3457 1257 3576 1310 veri
3598 1255 3738 1310 boni

2094 1343 2326 1398 inscitia
2349 1344 2616 1399 laborare
2639 1345 2852 1410 dicam,
2877 1350 2943 1398 ut
2964 1345 3064 1414 qui
3084 1344 3326 1398 omnino
3349 1345 3473 1400 haec
3497 1345 3652 1399 inter
3674 1362 3736 1400 se

2093 1449 2340 1504 compon
2353 1434 2724 1503 as,pietatem
2741 1433 2969 1487 scilicet
2983 1449 3118 1506 erga
3131 1433 3316 1486 Deum
3332 1449 3464 1488 cum
3480 1434 3742 1490 humana

2093 1523 2348 1577 amicitia
2377 1528 2432 1575 et
2461 1523 2648 1594 gloria
2669 1523 2860 1576 instar
2889 1528 3066 1592 atque
3089 1522 3432 1577 deﬂuente?
3468 1524 3736 1588 Quonam

2091 1611 2232 1665 item
2263 1610 2437 1664 modo
2463 1612 2520 1664 in
2545 1612 2654 1666 hac
2681 1627 2743 1665 re
2767 1611 2908 1665 socii
2929 1610 3036 1664 tibi
3057 1611 3238 1664 futuri
3262 1628 3487 1678 sumus,
3515 1629 3582 1667 ac
3615 1629 3736 1668 non

2092 1705 2296 1754 contra
2309 1705 2366 1752 tu
2379 1717 2432 1753 m
2449 1701 2925 1768 amicitiam,tum
2949 1700 3390 1764 honorem,tum
3413 1701 3736 1757 liberorum

2090 1790 2498 1858 amorem,etsi
2515 1789 2656 1860 quid
2671 1789 2832 1844 aliud
2846 1789 3040 1859 majus
3061 1795 3234 1856 esset,
3262 1791 3734 1861 aspernabimur,

2090 1897 2222 1934 cum
2257 1885 2332 1946 te,
2362 1897 2394 1933 ο
2425 1896 2546 1944 rex,
2580 1881 2640 1933 in
2665 1881 2847 1934 Deum
2873 1879 3154 1934 scelerate
3173 1895 3376 1952 gerere
3406 1881 3740 1952 conspicia—

2088 1985 2242 2034 mus,
2265 1968 2364 2039 qui
2380 1968 2486 2022 tibi
2504 1969 2698 2039 ipsum
2717 1984 2846 2023 esse
2869 1973 2926 2022 et
2947 1968 3222 2038 spiritum
3245 1968 3462 2024 ducere
3483 1969 3738 2041 praebuit

2091 2057 2189 2129 qui
2215 2063 2304 2111 est
2325 2057 2591 2110 Christus
2612 2058 2780 2111 Jesus
2803 2057 3070 2110 omnium
3106 2057 3428 2112 Dominus:
3453 2059 3554 2127 qui
3593 2075 3730 2113 cum

2087 2147 2381 2219 principio
2397 2151 2614 2212 careat,
2634 2145 3020 2216 ejusdemque
3045 2162 3178 2200 cum
3201 2148 3371 2200 Patre
3385 2147 3732 2202 aeternitatis

2089 2237 2184 2300 sit,
2219 2234 2516 2304 caalosque
2537 2251 2605 2289 ac
2627 2239 2843 2289 terram
2867 2251 3140 2288 sermone
3163 2235 3508 2304 procrearit,
3533 2235 3726 2290 homi-

2088 2341 2225 2379 nem
2258 2329 2456 2378 tamen
2489 2323 2737 2378 suismet
2766 2323 3043 2378 manibus
3063 2323 3310 2389 afﬁnxit,
3335 2339 3592 2396 eumque
3615 2325 3732 2379 im-

2089 2413 2448 2468 mortalitate
2499 2413 2818 2479 coornavit,
2860 2429 3179 2485 regemque
3217 2413 3485 2468 omnium
3529 2429 3730 2468 rerum

2090 2519 2221 2573 quas
2243 2502 2302 2555 in
2321 2507 2475 2556 terra
2494 2507 2632 2556 sunt
2652 2501 2980 2567 constituit,
3003 2502 3175 2572 eique
3191 2501 3347 2572 quod
3361 2503 3626 2556 'omnium
3644 2519 3734 2557 re-

2087 2607 2218 2645 rum
2243 2590 2800 2661 praastantissimum
2822 2589 3091 2652 erathoc,
3117 2595 3200 2644 est
3223 2589 3584 2658 paradisum,
3606 2596 3734 2644 tan-

2089 2695 2266 2750 quam
2289 2679 2512 2749 regiam
2535 2677 2852 2747 quamdam
2876 2676 3072 2730 aulam
3103 2677 3390 2731 attribuit.
3419 2679 3491 2731 At
3517 2678 3618 2732 ille
3641 2679 3733 2732 in-

2087 2767 2244 2821 vidia
2262 2766 2564 2837 deceptus,
2580 2771 2638 2820 et
2653 2765 2714 2819 in
2736 2765 3004 2820 fraudem
3029 2765 3327 2832 inductus,
3349 2770 3407 2820 et
3421 2766 3736 2837 voluptatis

2087 2854 2679 2912 illecebrisdelinitus
2701 2855 2852 2925 (Gen.
2878 2857 3132 2925 m;Sap.
3179 2856 3287 2924 in),
3325 2855 3418 2909 his
3459 2855 3737 2910 omnibus

2087 2947 2304 3001 misere
2329 2945 2592 3015 dejectus
2611 2949 2732 3008 est;
2759 2949 2814 2997 et
2845 2943 2944 3014 qui
2969 2943 3133 3014 prius
3155 2943 3362 2998 beatus
3384 2944 3737 3000 censebatur

2089 3035 2372 3090 miserum
2388 3033 2792 3104 spectaculum
2809 3032 3538 3104 praebebatdacrymisque
3555 3034 3628 3088 ob
3646 3051 3737 3088 ac-

2091 3129 2318 3195 ceptam
2334 3123 2730 3177 calamitatem
2745 3121 2956 3192 dignus
2969 3127 3113 3177 erat.
3129 3123 3346 3176 Verum
3369 3122 3668 3177 enimvero
3683 3123 3732 3177 is

2090 3213 2189 3284 qui
2213 3229 2321 3266 nos
2345 3211 2732 3266 efﬁnxeratac
2755 3215 3184 3281 procreaverat.
3207 3211 3478 3284 benignis
3494 3228 3732 3266 rursum

2090 3302 2276 3357 oculis
2300 3316 2585 3354 manuum
2615 3315 2853 3354 suarum
2877 3315 3026 3370 opus
3069 3300 3466 3372 conspicatus,
3501 3299 3732 3356 nullam

2090 3390 2413 3446 divinitatis
2433 3407 2552 3443 suae
2570 3389 2956 3444 mutationem
2973 3389 3322 3460 suscipiens,
3341 3395 3560 3445 nostra)
3583 3390 3737 3446 salu-

2090 3481 2166 3535 tis
2185 3478 2448 3538 causa.id
2464 3478 2620 3548 quod
2647 3495 2756 3532 nos
2779 3493 2984 3532 sumus
3015 3479 3163 3532 citra
3193 3484 3522 3550 peccatum,
3546 3479 3735 3534 factus

2090 3573 2200 3632 est,
2232 3574 2408 3639 atque
2431 3583 2666 3622 crucem
2694 3573 2752 3621 et
2771 3571 3022 3621 mortem
3052 3574 3263 3638 sponte
3305 3568 3570 3634 subiens,
3593 3568 3737 3622 hos-

2091 3663 2210 3712 tem
2243 3673 2376 3711 eum
2401 3657 2644 3727 quijam
2669 3655 2806 3710 inde
2829 3654 2900 3708 ab
2923 3655 3095 3710 initio
3117 3656 3318 3727 generi
3344 3661 3546 3710 nostro
3587 3655 3738 3710 invi-

2092 3745 2266 3800 debat
2287 3743 2618 3816 prostravit,
2639 3759 2864 3814 nosque
2883 3743 3094 3798 acerba
3113 3743 3219 3798 illa
3237 3744 3570 3813 captivitate
3591 3743 3739 3797 libe-

329 3839 492 3888 ratos
518 3833 578 3885 in
610 3833 868 3902 priorem
899 3831 1260 3899 libertatem,
1293 3849 1397 3902 pro
1423 3848 1528 3886 sua
1557 3849 1694 3906 erga
1723 3849 1831 3888 nos
1863 3833 2147 3900 bonitate,
2173 3834 2453 3900 restituit,
2485 3849 2672 3904 eoque
2701 3849 2941 3886 rursum
2973 3832 3129 3886 unde
3175 3848 3284 3887 nos
3335 3830 3742 3888 inobedientia

337 3921 764 3990 exturbaverat,
792 3921 865 3976 ob
897 3938 1066 3976 suam
1099 3937 1234 3993 erga
1259 3937 1366 3976 nos
1399 3922 1850 3987 humanitatem,
1883 3923 2136 3992 reduxit,
2175 3923 2522 3994 majoreque
2552 3939 2727 3993 quam
2763 3929 2936 3977 antea
2973 3921 3202 3976 honore
3250 3927 3598 3994 prosecutus
3628 3924 3736 3975 est.

404 4017 506 4074 Τόν
546 4015 611 4087 δὴ
667 4021 892 4072 τοιαῦτα
951 4015 1022 4072 δι’
1077 4019 1228 4088 ἡμᾶς
1281 4017 1522 4072 παθόντα
1571 4017 1660 4072 καὶ
1715 4019 1978 4074 τοιούτων

333 4109 482 4180 ἡμᾶς
537 4107 706 4162 πάλιν
763 4107 1166 4177 καταξιώσαντα
1216 4111 1352 4178 (51),
1410 4111 1601 4162 τοῦτον
1657 4107 1816 4172 αὐτὸς
1860 4109 1985 4173 ἀθε-

336 4201 446 4258 τεῖς
478 4197 563 4250 καὶ
597 4195 674 4258 εἴς
716 4197 806 4250 τὸν
848 4195 1054 4250 ἐκείνου
1104 4197 1330 4268 σταυρὸν
1375 4195 1752 4258 ἀποσκώπτεις
1787 4216 1800 4266 ;
1852 4195 1982 4260 ὅλος

339 4281 396 4339 δὲ
422 4288 490 4360 τῇ
521 4289 698 4364 τρυφῇ
728 4289 824 4340 τοῦ
857 4285 1108 4358 σώματος
1163 4285 1250 4339 καὶ
1309 4291 1427 4348 τοῖς
1483 4284 1754 4358 ὀλεθρίοις
1809 4307 1979 4360 προσ-

334 4372 624 4446 ηλωμένος
655 4375 868 4443 πάθεσι,
903 4375 1056 4438 θεοὺς
1086 4374 1430 4450 ἀναγορεῦεις
1478 4376 1545 4428 τα
1599 4382 1699 4444 τῆς
1765 4375 1983 4448 ἀτιμίας

335 4460 726 4537 καὶαἷσχῦνης
767 4459 1019 4530 εἷ’δωλας
1081 4463 1158 4520 Οὐ
1216 4463 1378 4536 μόνον
1441 4464 1660 4519 σεαυτὸν
1719 4471 1818 4533 τῆς
1875 4469 1984 4520 τῶν

2167 4023 2330 4076 Hunc
2349 4021 2526 4094 igitur
2540 4021 2640 4091 qui
2666 4026 2868 4076 nostra
2885 4037 3062 4074 causa
3081 4025 3164 4073 tot
3183 4020 3477 4074 cruciatus
3498 4019 3742 4090 pertulit

2093 4113 2393 4182 tantisque
2427 4127 2663 4164 rursum
2695 4127 2802 4164 nos
2833 4109 3140 4164 beneﬁciis
3189 4108 3404 4176 aﬂ‘ecit,
3441 4108 3600 4162 hunc
3645 4109 3737 4169 in-

2094 4217 2295 4270 quam,
2322 4201 2446 4271 ipse
2468 4199 2688 4270 rejicis,
2712 4203 2886 4268 atque
2902 4199 3030 4268 ejus
3049 4212 3283 4252 crucem
3303 4197 3566 4252 dicteriis
3589 4196 3742 4250 inse—

2095 4289 2578 4358 ctaris,totusque
2604 4287 2868 4358 corporis
2887 4286 3136 4352 deliciis,
3159 4303 3222 4340 ac
3245 4285 3594 4358 perniciosis
3608 4287 3745 4338 aﬂ'e-

2096 4377 2288 4433 ctibus
2311 4377 2543 4442 afﬁxus,
2561 4376 2957 4448 ignominiosa
2977 4391 3043 4430 ac
3067 4375 3450 4446 turpitudinis
3475 4375 3650 4446 plena
3667 4374 3742 4428 si-

2099 4467 2364 4522 mulacra
2385 4465 2524 4520 deos
2545 4465 2829 4536 appellas.
2858 4467 2970 4519 Nec
2995 4465 3252 4536 teipsum
3277 4464 3562 4520 duntaxat
3583 4479 3746 4518 acm-

338 4549 607 4622 οὖρανίων
665 4551 882 4626 ἀγαθῶν
942 4551 1226 4628 συναφείας
1309 4549 1604 4629 ἂλλὸτριον
1663 4553 1979 4608 κατεσκεύα-

2095 4555 2334 4610 lestium
2367 4555 2658 4609 bonorum
2687 4553 3108 4627 conjunctione
3139 4553 3476 4608 abstraxisti
3503 4571 3516 4619 ;
3545 4567 3744 4607 verum

341 4659 459 4711 σας,
493 4637 636 4694 ἀλλά
683 4639 773 4694 καὶ
833 4639 1037 4702 πάντας
1089 4639 1217 4704 τοὺς
1271 4643 1632 4714 πειθομένους
1679 4647 1817 4714 τοῖς,
1864 4648 1979 4706 σοῖς

2096 4647 2272 4701 etiam
2303 4662 2530 4712 omnes,
2563 4644 2663 4715 qui
2689 4645 2808 4700 tuis
2841 4644 3107 4716 imperiis
3127 4643 3561 4715 obtemperant,
3582 4641 3654 4696 ab
3677 4655 3746 4694 ea

417 4804 532 4872 (48)
563 4805 623 4872 Β,
654 4801 952 4878 Ᾱὺποτάξας.
987 4804 1168 4860 Obvia
1192 4809 1288 4878 est
1309 4805 1679 4878 permutatio?
1714 4807 1979 4878 prmposi1

2095 4825 2202 4863 tum
2233 4806 2338 4860 ἀπὸ
2371 4813 2428 4862 et
2476 4805 2600 4861 ὑπό.
2626 4807 2988 4878 Nicephorus
3020 4805 3334 4878 Basilacas,
3367 4820 3544 4878 quem
3575 4801 3746 4878 Nico-

347 4871 521 4956 laum
544 4871 872 4956 sophistam
905 4881 1080 4956 vocat1
1099 4875 1226 4956 cod.
1264 4871 1423 4956 2⁸720,
1456 4871 1801 4956 Narratio-pe
1835 4871 1979 4956 prim

2095 4887 2352 4956 xtrema:
2385 4878 2516 4956 ξΙςὸτε
2543 4871 3058 4956 πρῷτονἹΕλ-ληνες
3087 4883 3188 4956 τῇς
3215 4871 3520 4956 Ὀδυσσέως
3551 4871 3747 4949 σοφίας

350 4943 662 5024 gravatas,
697 4945 999 5024 οὐχ-ἧττον
1035 4943 1093 5000 δὲ
1120 4947 1154 5015 ἤ
1179 4946 1268 5024 ὅτε
1296 4945 1358 5000 τὸ
1389 4943 1698 5024 παλλάδιον
1729 4946 1788 5002 ἐκ
1819 4943 1979 5020 μέσης

2095 4949 2238 5011 οοίας
2277 4943 2745 5024 dq;ei)te1o.ldern
2790 4943 2979 5024 code:
3026 4947 3274 5024 ὑφείλετο
3329 4947 3581 5024 melius;
3634 4943 3748 5024 hec

350 5019 530 5145 habeat
560 5015 844 5144 8t,quo'dt
866 5019 1080 5074 absens
1112 5019 1352 5090 quidem
1385 5035 1504 5074 non
1535 5019 1701 5075 valde
1755 5015 2209 5090 desiderabitur,
2251 5015 2514 5093 praesens
2563 5037 2682 5076 non
2715 5015 3315 5092 deleverim,'quippe
3356 5017 3513 5090 quod
3543 5033 3663 5073 non
3695 5017 3748 5071 vi

350 5107 468 5145 uua
518 5107 610 5145 am
642 5106 816 5145 carea
847 5131 859 5143 .

392 5106 610 5146 uaaam
642 5106 859 5146 careat.

350 5107 610 5160 quadam
642 5107 859 5146 careat.

425 5164 534 5230 (49)
566 5163 646 5216 De
679 5167 848 5232 tropo
878 5161 1036 5216 verbi
1070 5157 1308 5228 δελεάζω
1337 5161 1467 5216 vide
1515 5166 1716 5217 notam
1751 5163 1821 5217 ad
1857 5163 1979 5218 Aris

359 5227 684 5284 Βιαζομένη.
715 5232 784 5284 τὰ
814 5229 870 5284 δὲ
901 5230 1296 5284 κολακεύουσα.
1349 5231 1415 5284 τὰ
1445 5229 1502 5284 δὲ
1548 5233 1860 5284 πειρωμένη
1895 5253 1979 5284 vol

2095 5183 2130 5220 ι.
2167 5183 2206 5233 ι,
2242 5169 2328 5232 17,
2359 5180 2490 5252 pag-
2522 5167 2642 5218 741.
2671 5163 2974 5220 Choricius
3005 5162 3066 5217 in
3097 5164 3342 5233 Procop.
3375 5164 3402 5230 §
3430 5164 3500 5228 8;
3531 5160 3614 5215 Τὰ
3655 5158 3750 5230 μὶν

2095 5257 2108 5284 ι
2136 5235 2322 5284 πολλὰ
2367 5233 2662 5284 δελεάζειν-
2695 5233 2834 5284 οἳαις
2887 5233 2970 5284 ἀεὶ
3005 5237 3283 5284 ατιγαναῖς
3340 5230 3570 5284 ἐραστὴς
3617 5229 3750 5284 πρός

349 5227 684 5357 ἒιαζομένη,
715 5227 790 5285 τὸί
814 5229 870 5284 δὲ
901 5227 1296 5298 κολακεύουσα,
1349 5231 1415 5285 τὰ
1445 5229 1502 5284 δὲ
1548 5233 1860 5304 πειρωμένη
1895 5253 1979 5308 χρι

361 5301 518 5381 Ῑ,γεαν
545 5303 812 5378 κέχρηται
849 5300 1138 5381 παιδικῶν.
1173 5305 1516 5381 Rescribam
1545 5303 1742 5381 πολλῷ
1774 5323 1804 5361 e
1831 5298 1979 5381 οφάί(

2095 5227 2325 5290 »πολλα
2359 5227 2662 5304 δελεάζειν,
2695 5233 2834 5296 οἳαις
2887 5233 2970 5287 ἀεὶ
3004 5227 3305 5307 μηχαναῖξ
3340 5227 3570 5305 ἐραστὴς
3617 5227 3754 5305 πρός

2095 5309 2320 5381 tsbinis
2351 5307 2546 5381 regiis.
2572 5307 3053 5381 CyrillusSuida)
3075 5301 3427 5381 in_2-.10':8_wv'_
3459 5303 3754 5381 Σώφρονας

355 5371 558 5456 ἄνδρας
586 5371 1430 5456 iditum-1:90!Seledaav1e§,_eic
1467 5374 1528 5428 τὸ
1553 5371 1805 5456 Δξλοδεςμον
1837 5377 1979 5456 αἴσῃ

2095 5378 2356 5456 βάραθρον
2390 5371 2800 5446 κατηκόντισαν.
2827 5379 3107 5456 Georgius
3139 5377 3383 5448 Lapitha
3412 5371 3672 5431 ineditus
3703 5389 3753 5426 ν.

355 5443 602 5525 24ρζίίρ
623 5443 874 5525 τεχνικδς
905 5443 1247 5525 δημιουργὸς
1271 5445 1488 5525 ἐχέθηὶξε
1515 5449 1583 5518 τῇ
1618 5443 1770 5525 φύσει
1799 5443 2133 5525 Τήνῆδονῆν
2161 5443 2241 5509 ¹ὡς
2265 5443 2464 5524 ’δέλεαρ
2497 5443 2638 5525 σοφῇ
2676 5443 3078 5522 μηχανουργίᾳ.

428 5520 540 5592 (50)
567 5519 628 5592 Β,
663 5517 930 5592 ἇμαρτίας
962 5517 1406 5592 χωρίςίῃι-εΙ-ἱυε
1431 5517 1652 5592 forsan}
1688 5519 1769 5575 Cf.
1803 5539 1860 5592 p.
1896 5517 2098 5588 3,7not;
2131 5525 2216 5576 li.

387 5660 399 5672 ο
432 5587 637 5672 (5i)_B,
671 5587 855 5672 κατάιξ.
891 5587 1123 5672 emam
1158 5588 1718 5672 Videbaturndyaﬁdiv
1753 5587 1976 5672 essein

2095 5611 2146 5672 e.
2178 5595 2298 5649 imo
2333 5609 2567 5650 nocere.
2609 5595 2754 5648 Cum
2806 5593 3034 5645 τοιαῦτα
3080 5594 3279 5646 careat
3333 5587 3598 5654 nomine,
3629 5599 3756 5640 me-

355 5660 476 5718 lius
506 5666 566 5716 et
587 5661 832 5717 nomine
855 5661 1081 5717 carebit
1105 5661 1374 5718 τοιοῦτον.
1407 5662 1500 5718 AC
1528 5679 1651 5720 non
1679 5662 1911 5722 habent
1939 5665 2172 5741 ἀγαθῶν.

630 5779 902 5842 ΡΑτιιοι..
949 5779 1059 5842 Gn.
1104 5777 1314 5843 XCVI.
3397 5777 3478 5838 93
