4042 6154
274 279 383 335 875

1828 275 1923 325 ΔΙ)
1932 274 2192 329 ΟΕΝΒΔ.

3569 280 3678 335 876

272 408 746 474 removes,atque
767 401 830 457 in
852 399 1066 457 anima:
1097 397 1428 471 periculum
1455 396 1725 469 conjicis.
1759 398 1909 463 Quo-

2027 401 2128 455 16
2180 400 2554 479 προστάγμασι
2608 406 2809 476 ταύτης
2865 403 2975 477 ἤδη
3036 403 3372 482 ἀπέῥρηξας,
3428 406 3518 459 καὶ
3572 408 3678 478 ψυ-

274 497 432 551 circa
459 494 636 549 velim
660 508 870 547 noscas
889 507 983 546 me
1012 489 1257 544 minime
1281 488 1737 543 commissurum
1754 492 1817 540 ut
1836 487 1916 541 ibi

271 601 535 657 paream,
568 584 630 638 in
654 582 977 651 eademque
1000 585 1191 634 tecum
1227 594 1362 650 erga
1393 579 1575 632 Deum
1606 578 1917 648 ingratitu-

273 675 412 730 dine
445 689 660 737 verser,
695 676 871 741 atque
905 686 1041 723 eum
1072 668 1170 738 qui
1206 667 1485 738 praiclare
1519 667 1588 721 de
1614 682 1706 720 me
1740 668 1918 720 meri-

273 770 365 819 tus
397 768 507 829 est,
540 761 803 831 mihique
836 759 1086 813 salutem
1115 757 1331 823 attulit,
1360 757 1649 827 abjurem,
1687 754 1917 810 etiamsi

268 854 410 909 feris
436 869 530 908 me
562 849 946 906 lacerandum
971 854 1029 904 et
1050 847 1486 903 absumendum
1520 847 1785 919 objicias,
1819 852 1920 901 aut

267 944 485 1019 gladio,
518 947 621 998 aut
641 942 758 1014 igni
782 958 877 996 me
903 940 1165 1005 addicas,
1192 955 1323 1009 quae
1350 938 1591 1009 quidem
1618 938 1677 991 in
1702 943 1801 991 tua
1822 953 1920 1008 po-

266 1039 477 1090 testate
509 1034 622 1088 sita
648 1036 802 1086 sunt.
837 1032 1036 1100 Neque
1059 1028 1220 1082 enim
1258 1033 1511 1081 mortem
1544 1026 1916 1091 exstimesco,

264 1141 377 1181 nec
400 1122 719 1195 praesentia
741 1119 1197 1191 expeto,quippe
1229 1134 1358 1187 quas
1395 1132 1687 1187 perquam
1728 1114 1916 1168 imbe-

267 1213 407 1269 cilla
429 1218 649 1268 etvana
667 1227 795 1265 esse
816 1214 1183 1279 compertum
1207 1206 1476 1261 habeam.
1501 1204 1649 1269 Quid
1673 1204 1830 1257 enim
1857 1203 1917 1257 in

266 1303 411 1374 ipsis
424 1301 696 1357 utilitatis
710 1298 980 1369 est?quid
994 1298 1147 1367 quod
1162 1295 1371 1350 stabile
1386 1295 1463 1349 sit
1477 1310 1543 1349 ac
1557 1293 1919 1349 diuturnum?

260 1394 460 1463 Neque
484 1390 543 1445 id
567 1390 782 1455 solum,
808 1403 1012 1442 verum
1037 1386 1236 1449 etiam,
1266 1390 1389 1439 tum
1409 1400 1643 1455 quoque
1668 1400 1800 1438 cum
1823 1383 1920 1437 ad-

265 1482 648 1553 sunt,ingens
662 1479 809 1551 ipsis
830 1493 1096 1532 aarumna
1109 1476 1429 1545 conjuncta
1443 1475 1765 1546 est,ingens
1782 1491 1919 1529 mm-

260 1571 596 1641 ror,ingens
620 1574 678 1623 et
694 1573 977 1639 perpetua
1000 1564 1358 1629 sollicitudo,
1386 1564 1681 1634 siquidem
1713 1579 1916 1617 eorum

264 1659 551 1730 voluptati
571 1674 636 1713 ac
650 1655 1014 1728 perceptioni
1034 1654 1183 1708 nihil
1204 1670 1323 1707 non
1350 1652 1641 1707 mmstitiw
1661 1669 1726 1706 ac
1749 1652 1914 1706 dolo-

265 1748 348 1803 ris
370 1748 665 1803 adnexum
686 1750 801 1800 est:
824 1746 1089 1816 ipsorum
1112 1743 1350 1807 divitias,
1384 1748 1701 1813 paupertas
1734 1747 1909 1807 sunt;
1941 1776 1987 1838 B

263 1840 528 1910 ipsorum
552 1836 910 1903 sublimitas,
934 1839 1197 1889 extrema
1212 1833 1485 1903 dejectio.
1502 1832 1785 1896 Quisnam
1811 1848 1908 1887 au-

263 1934 383 1985 tem
403 1944 608 1984 eorum
631 1926 788 1982 mala
804 1923 1208 1982 enumerando
1225 1922 1507 1993 consequi
1530 1922 1758 1993 possit?
1771 1923 1907 1986 Quae

264 2017 505 2090 quidem
535 2017 739 2087 paucis
783 2014 975 2070 verbis
1024 2012 1336 2083 theologus
1382 2028 1550 2066 meus
1600 2010 1749 2066 mihi
1797 2010 1909 2064 de-

262 2104 631 2166 monstravit,
658 2103 750 2157 his
772 2102 963 2157 verbis
985 2106 1188 2155 utens:
1216 2103 1391 2156 Totus
1415 2100 1672 2154 mundus
1695 2100 1755 2153 in
1787 2116 1914 2153 ma—

264 2194 427 2266 ligno
450 2193 678 2265 positus
697 2197 787 2247 est
816 2194 867 2261 (Ι
890 2194 1052 2246 Joan.
1078 2208 1107 2243 v
1130 2196 1179 2245 et
1200 2191 1280 2260 ιι).
1316 2192 1395 2243 Ac
1417 2206 1656 2243 rursum
1684 2205 1695 2241 :
1722 2189 1908 2243 Nolite

264 2283 517 2353 diligere
546 2281 855 2345 mundum,
891 2296 1083 2350 neque
1122 2295 1190 2333 ea
1222 2295 1351 2348 quae
1383 2278 1445 2332 in
1493 2277 1716 2332 mundo
1748 2283 1908 2333 sunt.

271 2371 561 2437 Quoniam
580 2387 756 2425 omne
776 2369 933 2440 quod
949 2369 1012 2422 in
1034 2367 1256 2422 mundo
1284 2372 1502 2431 est,aut
1523 2372 1611 2420 est
1627 2367 1909 2437 concupi-

272 2461 500 2516 scentia
514 2461 838 2529 carnis,aut
853 2457 1335 2528 concupiscentia
1355 2456 1793 2521 oculorum,aut
1812 2472 1911 2509 su-

266 2550 472 2622 perbia
500 2550 650 2605 vitai.
685 2551 754 2603 Et
782 2548 1039 2603 mundus
1071 2547 1300 2612 transit,
1344 2551 1401 2601 et
1430 2545 1912 2615 concupiscentia

265 2638 414 2709 ejus.
432 2638 750 2702 Quiautem
765 2636 1283 2691 facitvoluntatem
1298 2634 1421 2701 Dei,
1446 2634 1723 2688 manetin
1746 2638 1909 2687 aiter-

260 2744 425 2783 num.
461 2728 623 2783 Hanc
646 2726 823 2797 igitur
845 2742 949 2797 ego
981 2725 1198 2780 bonam
1224 2725 1325 2778 Dei
1351 2723 1714 2778 voluntatem
1738 2740 1907 2793 quaa-

260 2817 631 2882 rens,omnia
644 2832 747 2887 pro
767 2815 1050 2870 derelicto
1073 2814 1274 2877 habui,
1295 2830 1428 2868 cum
1446 2814 1637 2884 iisque
1653 2829 1744 2867 me
1767 2829 1909 2866 con-

254 2906 429 2977 junxi
447 2904 770 2976 quieadem
785 2904 1105 2975 cupiditate
1128 2909 1607 2973 tenentur,atque
1632 2902 1907 2958 eumdem

263 2996 450 3049 Deum
473 2995 942 3066 expetuntJnter
959 3010 1107 3063 quos
1129 3010 1251 3047 non
1276 2992 1547 3047 simultas
1570 2997 1675 3059 est,
1700 3008 1821 3045 non
1845 2991 1910 3044 li-

259 3101 381 3150 vor,
403 3100 523 3139 non
538 3099 818 3139 mmrores
837 3087 895 3136 et
915 3099 1070 3137 curae
1089 3100 1101 3149 ;
1123 3083 1226 3136 sed
1243 3099 1450 3137 omnes
1468 3081 1623 3135 idem
1643 3081 1905 3135 curricu-

2030 494 2174 561 χικῷ
2205 488 2440 566 κινδύνῳ
2472 492 2811 567 παρέδωκας.
2844 496 2979 558 Ἰσθι
3028 494 3209 549 τοίνυν
3260 494 3334 557 ὡς
3380 491 3556 568 ἔγωγε
3608 495 3673 549 οὐ

2025 581 2397 655 πεισφήσομαί
2430 604 2536 651 σοι,
2570 584 2693 638 οὕτε
2727 584 2831 655 μὴν
2864 585 3186 652 κοινωνήσω
3218 603 3300 636 σοι
3337 590 3438 651 τῆς
3486 581 3675 637 τοιαύ-

2024 687 2123 737 της
2157 668 2232 732 εἲς
2260 671 2352 724 τὸν
2375 673 2503 727 Θεὸν
2536 672 2875 747 ἀχαριστίας,
2911 670 3035 727 ούδέ
3063 673 3154 727 τὸν
3204 670 3334 744 ἐμὸν
3386 669 3670 746 εὐεργέτην

2025 759 2111 811 καὶ
2149 765 2381 834 Σωτῆρα
2413 762 2809 836 ἀρνήσομαι,εἶ
2859 763 2947 816 καὶ
2994 762 3207 835 θηρίοις
3256 759 3579 830 ἀναλώσεις,
3625 761 3673 816 εἰ

2028 844 2164 919 ξίφει
2224 849 2313 901 καὶ
2371 850 2501 925 πυρὶ
2553 848 2891 926 παραδώσεις
2953 849 3229 922 με,ἃτῆς
3287 856 3386 918 σῆς
3434 848 3673 921 ἐξουσίας

2028 934 2207 993 ἐστίν.
2265 934 2402 995 Οῦτε
2456 940 2558 1014 γὰρ
2620 941 2844 1003 θάνατον
2905 937 3163 1008 δέδοικα,
3228 936 3351 993 οὔτε
3404 940 3558 992 ποθῶ
3608 940 3678 993 τὰ

2026 1026 2266 1099 παρόντα
2298 1070 2316 1099 ,
2374 1027 2591 1097 πολλὴν
2662 1028 2835 1083 αὐτῶν
2903 1028 3200 1102 καταγνοὺς
3251 1029 3351 1097 τήν
3406 1028 3677 1082 ἀσθένειαν

2026 1114 2117 1169 καὶ
2151 1116 2508 1188 ματαιότητα.
2542 1117 2608 1174 Τί
2638 1118 2742 1192 γὰρ
2794 1117 2969 1172 αὐτῶν
3015 1118 3315 1191 χρήσιμον,
3347 1115 3383 1186 ἢ
3415 1117 3675 1189 μόνιμον,

2026 1203 2061 1273 ἢ
2091 1201 2348 1279 διαρκές;
2391 1208 2478 1260 καὶ
2532 1205 2594 1261 οὐ
2643 1210 2805 1261 τοῦτο
2866 1207 3054 1279 μόνον,
3086 1203 3230 1261 ἀλλὰ
3286 1204 3375 1260 καὶ
3429 1205 3481 1259 ἐν
3529 1206 3675 1278 αύτῷ

2024 1297 2104 1365 τῷ
2137 1296 2271 1349 εἶναι
2330 1293 2517 1364 πολλὴ
2581 1297 2919 1371 συνυπάρχει
2976 1296 3163 1358 αὐτοῖς
3213 1297 3248 1364 ἡ
3301 1294 3675 1369 ταλαιπωρία,

2026 1379 2211 1451 πολλὴ
2246 1381 2686 1453 ἡλύπη,πολλὴ
2743 1384 2832 1438 xui
2893 1381 3253 1446 ἀδιάσπαστος
3313 1386 3348 1452 ἡ
3413 1385 3669 1458 μέριμνα.

2025 1474 2103 1544 Τῇ
2134 1471 2235 1546 γάρ
2268 1471 2567 1548 εὐφροσύνῃ
2608 1474 2785 1527 αὐτῶν
2844 1472 2932 1527 καὶ
2993 1471 3288 1527 ἀπολαύσει
3346 1478 3489 1527 πᾶσα
3546 1494 3669 1527 συν-

2026 1559 2259 1629 ἐξευκται
2336 1564 2601 1638 κατήφεια
2659 1561 2748 1615 καὶ
2810 1559 2974 1632 ὀδύνη
3012 1580 3024 1593 ·
3087 1562 3113 1615 6
3172 1559 3413 1624 πλοῦτος
3494 1561 3668 1617 αὐτῶν

2024 1649 2272 1724 πτωχεία
2329 1650 2462 1720 ἐστὶ,
2521 1651 2611 1705 καὶ
2666 1651 2727 1704 τὸ
2785 1650 2918 1724 ὕψος
2974 1650 3148 1705 αὐτῶν
3207 1651 3533 1715 ταπείνωσις
3589 1651 3674 1706 ἐσ-

2027 1738 2193 1812 χάτη.
2232 1744 2327 1792 Καὶ
2382 1739 2464 1802 τίς
2521 1739 2868 1812 ἐξαριθμήσει
2923 1739 2990 1794 τὰ
3036 1739 3243 1794 τούτων
3296 1741 3482 1812 κακάς
3535 1739 3670 1817 ὂίπερ

2020 1824 2088 1881 δι’
2112 1826 2314 1901 ὀλίγων
2343 1829 2602 1902 ῥημάτων
2630 1826 2871 1898 ὑπέδειξέ
2898 1850 2992 1901 μοι
3027 1830 3054 1883 6
3080 1828 3211 1903 ἐμὸς
3243 1829 3500 1904 θεολόγος
3533 1832 3671 1902 (52).

2019 1916 2164 1983 Φησὶ
2194 1916 2315 1991 γάρ’
2349 1917 2409 1973 Ὀ
2441 1917 2646 1988 κόσμος
2679 1915 2808 1980 ὅλος
2837 1916 2889 1971 ἐν
2919 1923 2997 1989 τῷ
3055 1923 3282 1993 πονηρῷ
3328 1925 3521 1973 κεῖται·
3552 1920 3669 1991 καὶ,

2019 2004 2112 2071 Μὴ
2168 2003 2409 2078 ἀγαπᾶσε
2464 2006 2555 2058 τὸν
2613 2005 2857 2077 κόσμον,
2920 2004 3060 2078 μηδὲ
3116 2007 3181 2061 τὰ
3234 2006 3284 2060 ἐν
3344 2011 3421 2079 τῷ
3472 2007 3668 2079 κόσμῳ

2021 2094 2099 2146 δνι
2128 2097 2229 2146 πᾶν
2259 2094 2320 2147 τὸ
2369 2093 2419 2147 ἐν
2478 2099 2557 2165 τῷ
2586 2095 2778 2167 κόσμῳ
2805 2098 2839 2164 ἡ
2874 2095 3137 2167 ἐπιθυμία
3192 2103 3292 2166 τῆς
3351 2097 3547 2168 σαρκὸς
3575 2097 3667 2151 καὶ

2018 2184 2053 2250 ἡ
2104 2180 2362 2255 ἐπιθυμία
2417 2187 2523 2236 τῶν
2583 2183 2881 2258 ὀφθαλμῶν
2919 2230 2933 2256 ,
3006 2185 3095 2239 καὶ
3152 2188 3185 2254 ἡ
3242 2184 3501 2254 ἀλαζονία
3566 2189 3665 2240 τοῦ

2024 2270 2164 2344 βίου·
2198 2275 2310 2341 xui,
2343 2272 2403 2329 Ὀ
2432 2273 2637 2345 κόσμος
2668 2275 2965 2348 παράγεται
2996 2274 3084 2329 καὶ
3116 2278 3149 2345 ἡ
3182 2274 3441 2348 ἐπιθυμία
3470 2276 3660 2330 αὐτοῦ·

2019 2360 2047 2414 ὁ
2080 2357 2135 2413 δὲ
2164 2365 2336 2414 ποιῶν
2364 2361 2426 2415 τὸ
2457 2362 2674 2434 Θέλημα
2702 2367 2799 2416 τοῦ
2831 2368 2964 2418 Θεοῦ
3009 2363 3152 2437 μένει
3202 2365 3279 2426 εἷς
3331 2364 3422 2418 τὸν
3469 2364 3667 2423 αῗῶνα.

2019 2452 2188 2505 Τοῦτο
2213 2448 2322 2523 ἐγὼ
2366 2454 2542 2519 ζητῶν
2595 2450 2656 2505 τὸ
2714 2448 2931 2525 θέλημα
2986 2456 3081 2507 τοῦ
3142 2450 3274 2507 Θεοῦ
3332 2454 3394 2508 τὸ
3451 2451 3677 2528 ἅγαθὸν,

2018 2538 2201 2616 ἀφῆκα
2255 2540 2461 2611 πάντα,
2523 2540 2612 2595 καὶ
2670 2540 2983 2612 ἐκολλήθην
3041 2548 3159 2605 τοῖς
3215 2544 3306 2597 τὸν
3368 2543 3527 2598 αὐτὸν
3586 2565 3673 2599 κε-

2016 2630 2312 2701 κτημένοις
2345 2629 2511 2692 πόθον
2542 2629 2631 2683 καὶ
2660 2630 2751 2684 τὸν
2781 2631 2939 2685 αὐτὸν
3001 2632 3286 2702 ἐκζητοῦσι
3345 2633 3473 2687 Θεόν

2017 2719 2069 2775 ἐν
2099 2720 2178 2781 οἷς
2208 2720 2305 2775 οὐκ
2335 2716 2475 2776 ἔστιν
2508 2720 2621 2787 ἔρις
2652 2721 2686 2789 ἢ
2719 2721 2912 2799 φθόνος
2947 2726 3077 2794 (54),
3110 2722 3276 2777 λύπαι
3334 2727 3426 2779 17
3483 2745 3541 2778 τε
3583 2724 3673 2777 καὶ

2022 2808 2299 2883 μέριμναι,
2331 2808 2476 2865 ἀλλά
2506 2808 2695 2872 πάντες
2727 2810 2816 2864 τὸν
2849 2810 2965 2865 ἴσον
3014 2810 3273 2886 τρέχουσι
3325 2810 3552 2888 δρόμον,
3580 2815 3674 2867 ἳνα

2017 2894 2364 2953 καταλάϐωσι
2420 2898 2515 2961 τὰς
2597 2898 2813 2961 αίωνίας
2900 2900 3070 2972 μονάς
3105 2943 3119 2970 ,
3179 2898 3239 2962 ἃς
3298 2901 3594 2973 ἡτοίμασεν
3641 2902 3668 2956 6

2018 2989 2204 3062 Πατὴρ
2234 2992 2341 3042 τῶν
2375 2989 2568 3064 φώτων
2618 2992 2735 3049 τοῖς
2766 2988 3045 3063 ἀγαπῶσιν
3106 2988 3265 3043 αὐτόν
3329 2992 3479 3063 (54⁸).
3531 2990 3665 3044 Τού-

2015 3098 2141 3138 τους
2200 3076 2302 3150 ἐγὼ
2360 3079 2690 3151 γεννήτορας
2727 3119 2741 3146 ,
2793 3077 3019 3140 τούτους
3081 3077 3390 3155 ἂδελφοὺς,
3440 3078 3667 3142 τούτους

263 3174 388 3228 lum
420 3173 659 3237 obeunt,
685 3178 746 3226 ut
771 3171 844 3226 ad
866 3172 1259 3242 sempiternas
1284 3187 1380 3225 eas
1412 3170 1754 3224 mansiones
1776 3186 1906 3243 per-

2020 3166 2211 3242 φίλους
2242 3166 2329 3220 καὶ
2362 3167 2632 3240 γνωστοὺς
2688 3166 3021 3239 ἐκτησάμην·
3080 3172 3188 3222 τῶν
3253 3166 3308 3222 δέ
3363 3169 3492 3222 ποτέ
3552 3189 3660 3241 μου

262 3268 524 3333 veniant,
559 3282 704 3335 quas
734 3265 1030 3320 luminum
1063 3267 1235 3319 Pater
1267 3264 1339 3318 iis
1369 3281 1403 3318 a
1429 3264 1643 3334 quibus
1675 3270 1909 3321 amatur

260 3355 613 3427 prceparavit
636 3357 772 3419 (Jac.
800 3371 851 3420 1;
884 3356 914 3409 Ι
940 3355 1061 3409 Cor.
1099 3359 1181 3423 ιι).
1217 3353 1334 3408 Hos
1376 3370 1479 3425 ego
1511 3370 1615 3424 pro
1647 3355 1907 3424 parenti-

261 3444 628 3515 bus,hospro
649 3442 1067 3510 fratribus,hos
1088 3459 1194 3515 pro
1209 3442 1414 3497 amicis
1438 3448 1495 3497 et
1513 3442 1907 3497 familiaribus

259 3533 472 3591 habeo.
508 3532 594 3587 Ab
640 3532 714 3588 iis
745 3537 943 3587 autem
984 3532 1084 3603 qui
1127 3532 1427 3602 quondam
1475 3531 1651 3587 amici
1683 3532 1801 3586 mei
1839 3548 1907 3587 ac

256 3622 471 3678 fratres
497 3628 670 3677 erant
699 3621 964 3693 elongavi
990 3622 1242 3694 fugiens,
1270 3627 1329 3676 et
1366 3621 1558 3676 mansi
1600 3621 1661 3675 in
1695 3621 1907 3677 solitu-

257 3702 396 3759 dine
428 3703 579 3775 (Psal
621 3704 773 3773 Lm),
807 3702 993 3757 Deum
1026 3707 1398 3772 exspectans,
1423 3702 1524 3772 qui
1550 3702 1775 3757 salvum
1810 3718 1906 3757 me

255 3791 397 3848 fecit
418 3808 452 3847 a
476 3792 966 3864 pusillanimitate
1000 3791 1265 3862 spiritus,
1299 3798 1358 3846 et
1379 3796 1748 3862 tempestate.

324 3883 458 3937 Haec
486 3898 621 3936 cum
647 3882 730 3935 ita
746 3880 1056 3936 commode
1083 3897 1149 3935 ac
1172 3880 1437 3952 jucunde
1468 3898 1502 3935 a
1532 3882 1633 3935 Dei
1664 3881 1905 3936 homine

255 3969 416 4025 dicta
446 3975 665 4038 essent,
692 3986 797 4025 rex
826 3970 1136 4025 iracundia
1162 3970 1404 4040 quidem
1463 3970 1902 4040 impellebatur,

256 4076 323 4115 ac
345 4065 616 4115 sanctum
634 4060 823 4115 virum
844 4059 1074 4114 acerbis
1102 4059 1412 4130 suppliciis
1446 4060 1779 4113 excruciare
1805 4076 1903 4113 cu-

255 4148 492 4220 piebat;
530 4166 769 4205 rursum
818 4154 1019 4205 autem
1077 4166 1138 4204 se
1188 4149 1570 4220 reprimebat,
1620 4155 1795 4219 atque
1844 4149 1905 4203 id

252 4238 489 4311 aggredi
516 4239 928 4305 cunctabatur,
962 4238 1363 4296 venerandam
1410 4239 1596 4311 ipsius
1645 4239 1903 4312 dignita-

253 4331 374 4381 tem
405 4341 472 4380 ac
504 4325 883 4397 splendorem
904 4327 1142 4382 veritus.
1168 4328 1515 4382 Sermonem
1566 4343 1699 4382 vero
1746 4325 1901 4382 exci-

250 4415 444 4486 piens,
480 4415 574 4469 his
605 4431 742 4470 eum
770 4415 963 4470 verbis
996 4421 1085 4470 est
1112 4417 1405 4472 allocutus
1441 4433 1455 4471 :

2018 3254 2193 3332 φίλων
2243 3254 2333 3309 καὶ
2392 3253 2641 3328 ἀδελφῶν
2704 3255 2978 3330 ἐμάκρυνα
3037 3254 3372 3333 φυγαδεύων,
3411 3256 3500 3311 καὶ
3557 3257 3660 3326 ηὓο

2017 3343 2211 3414 λίσθην
2243 3344 2293 3399 ἐν
2337 3348 2405 3417 τῇ
2466 3343 2658 3417 ἐρήμῳ
2715 3342 3159 3419 προσδεχόμενος
3216 3347 3308 3401 τὸν
3360 3348 3517 3417 θεὸν,
3571 3347 3665 3401 τὸν

2017 3434 2259 3502 σώζοντα
2336 3455 2402 3506 με
2486 3434 2591 3489 ἀπὸ
2659 3434 3028 3511 ὀλιγοψυχίας
3108 3436 3199 3491 καὶ
3258 3437 3363 3491 ἀπὸ
3422 3435 3669 3513 καταιγί-

2018 3521 2109 3586 δος

2085 3882 2299 3939 Τούτων
2331 3881 2591 3956 εὐκαίρως
2625 3879 2765 3937 οὕτω
2813 3884 2904 3938 καὶ
2952 3883 3130 3954 ἡδέως
3153 3889 3232 3958 τῷ
3260 3889 3358 3941 τοῦ
3388 3890 3523 3941 Θεοῦ
3573 3887 3665 3940 ἀν·

2014 3971 2218 4046 θρώπῳ
2278 3973 2753 4047 ὑπαγορευθέντων
2791 4015 2805 4038 ,
2864 3974 2891 4028 ὁ
2966 3974 3216 4049 βασιλεὺς
3274 3975 3502 4029 ἐκινεῖτο
3567 3976 3660 4047 μὶν

2017 4062 2118 4116 ὑπὸ
2148 4066 2243 4116 τοῦ
2277 4066 2470 4134 θυμοῦ,
2504 4061 2593 4115 καὶ
2635 4067 2843 4137 πικρῶς
2888 4063 3111 4132 αἰκίζειν
3162 4065 3253 4119 τὸν
3303 4065 3452 4139 ἅγιον
3487 4060 3665 4133 ἠϐού-

2013 4148 2161 4219 λετο,
2198 4147 2353 4204 ὤκνει
2388 4149 2445 4204 δὲ
2475 4150 2639 4206 πάΛιν
2697 4150 2786 4205 καὶ
2844 4147 3200 4219 ἀνεϐάλλετο,
3259 4153 3321 4206 τὸ
3381 4150 3661 4226 αἰδέσιμον

2012 4240 2179 4293 αὐτοῦ
2237 4239 2326 4293 καὶ
2387 4239 2679 4317 περιφανὲς
2740 4236 3164 4313 εὐλαϐούμενος.
3226 4237 3551 4297 Ὑπολαϐὼν
3608 4239 3668 4297 δὶ

2009 4322 2110 4406 ἔφη
2152 4328 2289 4403 πρὸς
2322 4324 2501 4386 αὐτόν.

326 4503 621 4574 Undique,
653 4520 686 4558 ο
718 4504 919 4569 miser,
946 4505 1122 4560 exitio
1145 4510 1266 4575 tuo,
1292 4506 1590 4572 studuisti,
1616 4510 1681 4559 ut
1702 4506 1801 4575 qui
1827 4506 1899 4560 ad

2080 4507 2448 4583 Πανταχόθεν,
2484 4505 2659 4577 ἄθλιε,
2690 4510 2787 4577 τὴν
2845 4512 3068 4564 σεαυτοῦ
3130 4508 3497 4583 ἐκμελετήσας
3556 4510 3662 4564 ἀπ-

242 4592 459 4664 ipsum,
478 4591 737 4661 fortuna,
761 4598 825 4647 ut
843 4591 1095 4660 videtur,
1115 4599 1169 4648 te
1188 4594 1555 4664 impellente,
1577 4599 1703 4647 tum
1730 4610 1900 4649 men-

246 4688 365 4737 tem
381 4689 505 4737 tum
522 4682 784 4755 linguam
798 4681 1030 4737 acueris
1047 4698 1112 4736 ac
1125 4681 1373 4753 proinde
1388 4681 1693 4736 obscuram
1709 4699 1899 4752 quam—

243 4772 380 4827 dam
394 4779 573 4844 atque
590 4772 830 4827 inanem
854 4772 1186 4831 verborum.
1204 4771 1466 4827 naeniam
1492 4771 1791 4825 ell‘uderis.
1815 4775 1896 4828 Ac

244 4862 361 4917 nisi
378 4864 669 4918 sermonis
684 4862 977 4935 principio
997 4879 1090 4917 me
1108 4862 1211 4916 tibi
1230 4861 1523 4917 facturum
1538 4863 1895 4933 recepissem

246 4955 312 5006 ut
332 4966 361 5004 e
386 4951 581 5008 medio
608 4952 859 5008 concilio
904 4950 1273 5007 iracundiam
1317 4950 1703 5023 depellerem,
1735 4967 1895 5007 nunc

313 5200 424 5272 (52)
454 5202 620 5272 Joan.
653 5201 678 5254 Ι
707 5200 891 5272 Epist,
925 5216 980 5254 ν.
1018 5203 1080 5255 19
1108 5216 1121 5266 ;
1161 5216 1223 5272 ιι,
1250 5200 1455 5272 15,16,
1487 5203 1574 5256 l7.

2010 4595 2231 4665 ώλειαν,
2266 4598 2402 4669 πρὸς
2429 4596 2653 4668 ταύτην,
2689 4599 2762 4660 ὡς
2792 4597 2987 4671 ἔοικεν,
3022 4600 3124 4654 ὑπὸ
3156 4606 3257 4669 τῆς
3311 4603 3491 4675 τύχης
3539 4622 3660 4655 συν-

2008 4684 2392 4756 ελαυνόμενος,
2424 4688 2700 4756 ἡκόνησας
2729 4688 2819 4742 τὸν
2849 4693 2972 4743 νοῦν
3012 4691 3124 4761 ἅμα
3182 4688 3273 4743 καὶ
3328 4692 3427 4759 τὴν
3476 4688 3658 4765 γλῶτ-

2003 4791 2119 4828 ταν·
2155 4775 2272 4838 ὅθεν
2306 4777 2479 4853 ἀσαφῆ
2542 4798 2661 4831 τινα
2712 4779 2802 4831 καὶ
2864 4777 3092 4850 ματαίαν
3150 4778 3507 4854 βαττολογίαν
3571 4778 3654 4834 δι-

2006 4864 2247 4932 εξῆλθες.
2286 4866 2379 4920 Καὶ
2411 4865 2455 4919 εἰ
2487 4867 2586 4937 μή,
2621 4867 2735 4920 κατ’
2779 4865 2953 4940 ἀρχὰς
3008 4871 3105 4921 τοῦ
3161 4866 3351 4942 λόγου,
3386 4867 3652 4943 ἐπηγγει-

2007 4949 2191 5025 λάμην
2228 4974 2311 5008 σοι
2340 4952 2398 5008 ἐκ
2431 4953 2595 5027 μὲσου
2648 4958 2742 5009 τοῦ
2801 4953 3084 5033 συνεδρίου
3127 4958 3217 5012 τὸν
3253 4956 3422 5031 θυμὸν
3482 4960 3653 5029 ποιή-

282 5269 423 5358 ‘(5§)
450 5271 610 5358 Psal.
639 5269 842 5340 LII,'2;
874 5269 1112 5340 ἐκζητῶν
1142 5270 1233 5325 τὸν
1267 5269 1418 5328 Θεόν.
1470 5273 1652 5344 Epist.
1704 5272 1779 5329 ad
1836 5275 1909 5330 Rc

2058 5291 2139 5343 III,
2176 5279 2233 5331 11
2268 5291 2280 5331 :
2338 5274 2454 5333 Οὐκ
2508 5270 2647 5331 ἔστιν
2673 5276 2701 5331 ὁ
2734 5276 2953 5347 συνιὼν,
3013 5278 3116 5333 οὐκ
3172 5273 3316 5335 ἔστιν
3348 5280 3375 5335 ὁ
3409 5277 3649 5353 ἐκζητῶν

242 5342 335 5397 τὸν
364 5342 516 5397 Θεόν.

309 5417 423 5485 (54)
454 5418 592 5479 Οιιω
616 5415 871 5488 nomina
892 5415 1094 5488 junxit
1126 5415 1442 5487 Apostolus
1473 5416 1544 5471 ad
1576 5417 1832 5488 Philipp.
1870 5435 1909 5484 ι,
1947 5420 2032 5471 15.

310 5484 552 5573 (ζῷ’)Τὰς
579 5484 1085 5573 αἷωνίουςὶσκηνᾶξ,
1124 5484 1289 5565 Lupa}
1320 5505 1429 5573 X'V'l,
1462 5492 1513 5542 9.
1548 5519 1613 5529 —-
1645 5491 1666 5542 Ι
1696 5484 1875 5559 Epist.

2020 5491 2138 5573 3ος.
2171 5506 2230 5560 ιι,
2264 5496 2295 5546 9
2331 5509 2342 5546 :
2376 5490 2410 5545 ἅ
2435 5489 2727 5564 ἡτοίμασεν
2760 5492 2786 5546 ὁ
2821 5494 2948 5554 Θεὸς
2982 5498 3101 5556 τοῖς
3150 5494 3430 5571 ἀγαπῶσιν
3463 5493 3649 5556 αὐτόν.

236 5560 308 5615 Ει
334 5560 517 5615 Deum
548 5559 773 5632 vocavit
799 5558 890 5632 τὸν
922 5558 1126 5632 πατέρα
1153 5558 1262 5613 τῶν
1295 5558 1491 5632 φώτων
1523 5566 1657 5632 post
1684 5558 1909 5632 .lacobu;

2020 5603 2026 5625 .
2064 5566 2146 5632 17.

308 5631 421 5705 (55)
451 5631 606 5690 Psal.
638 5648 748 5703 LIV,
781 5635 811 5686 '7
836 5647 851 5689 :
880 5627 1189 5707 Ἐμάκρυνα
1219 5627 1390 5709 φυγ...
1426 5627 1869 5706 προσδεχόμενος
1894 5651 1909 5683 ι

2020 5631 2327 5703 σώζοντα...
2360 5665 2428 5677 -
2458 5636 2500 5693 C
2533 5636 2661 5695 sine
2689 5636 2781 5693 τὸν
2811 5636 2965 5695 Θεὸν.
