4042 6154
353 295 462 354 877

1539 291 1713 345 VITA
1746 289 2100 345 BARLAAM
2135 289 2230 345 ET
2263 291 2602 348 JOABAPH.

3648 298 3758 356 878

353 431 544 484 σασθαι
576 464 592 490 ,
649 420 742 471 νῦν
802 416 862 471 ἂν
919 414 1052 490 πυρί
1110 435 1204 470 σου
1259 413 1356 476 τὰς
1403 433 1605 487 σαρκας
1661 409 1997 488 παρέδωκα.

2113 431 2320 472 carnes
2343 422 2471 474 tuas
2493 419 2554 474 in
2583 419 2783 492 ignem
2801 420 3213 493 conjecissem.
3242 423 3532 488 Quoniam
3553 429 3756 483 autem

353 507 505 566 Ἐπεὶ
540 505 597 562 δὲ
619 501 918 581 προλαϐὼν
982 504 1256 565 τοιούτοις
1318 523 1384 574 με
1440 499 1832 577 κατησφαλίσω
1883 505 1999 562 τοῖς

357 594 927 674 ρήμασιν,ἀνέχομαί
957 616 1052 648 σου
1108 597 1208 648 τοῦ
1267 593 1520 668 θράσους,
1579 598 1678 660 τῆς
1739 591 2004 665 προτέρας

357 709 462 760 μου
516 681 686 740 ἕνεκεν
747 685 884 760 πρὸς
938 685 996 738 σὶ
1053 683 1257 761 φιλίας.
1319 682 1577 743 Ἀναστὰς
1631 681 1748 744 οὗν,
1807 680 2001 735 λοιπὸν

353 781 512 854 φεῦγε
543 775 593 846 ἐξ
626 772 928 851 ὀφθαλμῶν
982 793 1106 846 μου,
1170 771 1364 846 μηκέτι
1423 792 1480 826 σε
1510 769 1718 846 ὄψομαι
1765 769 1856 824 καὶ
1903 790 2003 824 και

350 873 462 928 κῶς
495 863 772 920 ἀπολέσω.

421 955 524 1012 Καὶ
557 952 783 1026 ἐξελθὼν
818 953 846 1006 ὁ
875 956 972 1006 τοῦ
1004 955 1136 1007 Θεοῦ
1183 949 1468 1026 ἅνθρωπος
1516 950 1876 1024 ἀνεχώμησεν
1929 948 2004 1010 εἱς

353 1048 453 1115 τήθ
506 1041 734 1118 ἔρημον,
796 1044 1135 1116 λυπούμενος
1198 1043 1292 1114 μὶν
1343 1040 1425 1096 ὅτι
1481 1039 1542 1094 οὐ
1601 1038 2002 1113 μεμαρτύρηκε,

353 1137 452 1192 18
509 1137 793 1209 μαρτυρῶν
858 1130 914 1186 δὲ
965 1131 1084 1186 καθ’
1131 1131 1340 1203 ἡμέραν
1373 1133 1442 1203 τῇ
1503 1125 1806 1198 συνειδήσει
1842 1129 2003 1200 (55⁸),

349 1221 440 1279 καὶ
471 1219 841 1278 αντιπαλαίων
875 1221 1011 1296 πρός
1061 1219 1156 1280 τὰς
1217 1219 1393 1294 ἀρχὰς
1449 1217 1539 1272 καὶ
1572 1216 1832 1287 ἐξουσίας,
1865 1216 2002 1290 πρὸς

350 1313 477 1374 τοὺς
506 1309 960 1386 κοσμοκράτορας
993 1314 1090 1364 τοῦ
1127 1309 1354 1370 σκότους
1393 1313 1490 1364 τοῦ
1540 1307 1737 1369 αἰῶνος
1784 1307 2002 1376 τούτου,

349 1401 486 1476 πρὸς
515 1402 582 1456 τὰ
612 1399 950 1472 πνευματίκᾶ
997 1406 1098 1468 τῆς
1155 1397 1444 1472 πονηρίας,
1505 1399 1579 1459 ὡς
1639 1417 1800 1474 φησιν
1837 1397 1863 1449 ὁ
1899 1416 2000 1467 μα-

347 1493 536 1564 κάριος
568 1487 782 1550 Παῦλος
995 1487 1234 1544 Ἐκείνου
1291 1487 1384 1559 μὲν
1446 1487 1535 1540 οὖν
1596 1483 2000 1556 ἀποδημήσαν-

346 1601 463 1649 τος,
495 1578 662 1634 πλέον
697 1579 724 1633 ὁ
760 1576 1014 1651 βασιλεὺς
1053 1575 1326 1650 ὀργισθεὶς
1359 1572 1604 1650 διωγμὸν
1638 1570 1997 1652 σφοδρότερον

349 1669 486 1724 κατᾶ
532 1672 628 1724 τοῦ
690 1671 996 1742 μοναχικοῦ
1052 1665 1316 1738 ἒκμελετᾷ
1364 1665 1666 1739 τάγματος,
1727 1662 1998 1724 πλείωνος

349 1757 407 1815 δὲ
435 1763 608 1831 τῖμῆς
637 1755 762 1819 τοὺς
791 1761 897 1810 τῶν
932 1752 1180 1810 εἰδώλων
1235 1754 1380 1824 ἀξιοῖ
1437 1754 1764 1827 θεραπευτάς
1795 1771 1852 1807 τε
1907 1750 1997 1806 καὶ

346 1847 672 1923 νεωκόρους.

417 1937 504 1992 Ἐν
534 1933 761 2008 τοιαύτῃ
813 1931 870 1987 δὲ
918 1927 1068 1995 ὄντος
1121 1936 1219 1986 τοῦ
1283 1928 1552 2006 βασιλέως
1609 1931 1790 2004 πλάνῃ
1849 1927 1998 2003 δεινῃ

343 2026 436 2082 καὶ
477 2027 673 2099 ἀπάτῃ,
733 2028 983 2098 γεννᾶται
1043 2021 1188 2092 αύτῷ
1245 2019 1461 2075 παιδίον
1495 2023 1648 2092 (56⁸),
1704 2022 1844 2074 πάνυ
1901 2018 1995 2074 εὐ-

355 2115 693 2193 μορφότατον
731 2157 744 2182 ,
803 2113 892 2167 καὶ
968 2111 1018 2181 ἐξ
1089 2109 1256 2180 αὐτῆς
1311 2116 1411 2180 τῆς
1460 2108 1796 2180 ἐπανθούσης
1849 2109 1998 2180 αύτῷ

349 2205 690 2281 ὡραιότητος
749 2202 812 2256 τὸ
885 2199 1091 2270 μέλλον
1153 2204 1556 2274 προσημαῖνον.
1613 2198 1866 2274 Ἐλέγετο
1895 2199 1995 2274 γὰρ

351 2293 616 2370 μηδαμοῦ
657 2293 709 2347 ἐν
747 2297 816 2367 τῇ
847 2295 916 2367 γῇ
948 2290 1122 2364 ἐκείνῃ
1172 2290 1418 2345 τοιοῦτόν
1452 2310 1590 2344 ποτε
1619 2292 1848 2366 φανῆναι
1898 2309 1998 2363 χα-

351 2387 624 2460 ριέστατον
654 2384 744 2438 καὶ
797 2380 1126 2455 περικαλλὲς
1183 2379 1424 2436 παιδίον.
1481 2381 1662 2454 Χαρᾶς
1719 2377 1775 2434 δὲ
1836 2377 1997 2454 μεγί-

347 2497 476 2546 στης
504 2473 690 2539 ἐπὶτή
731 2473 978 2546 γεννήσει
1033 2474 1130 2525 τοῦ
1188 2467 1379 2532 παιδὸς
1440 2471 1468 2524 ὁ
1531 2467 1787 2545 βασιλεὺς
1845 2466 1996 2537 πλη..

349 2565 515 2629 σθεὶς,
542 2567 732 2617 τοῦτον
770 2563 863 2635 μὶν
914 2559 1147 2637 Ἰωςὶσαιρ
1205 2559 1480 2628 ἐκάλεσεν,
1541 2559 1702 2620 αὐτὸς
1754 2555 1810 2612 δὲ
1861 2557 1996 2632 πρὸς

349 2654 478 2713 τοὺς
511 2651 833 2715 εἷδωλικοὺς
879 2649 1038 2714 ναοὺς
1097 2649 1343 2719 ἀνοήτως
1401 2649 1562 2718 ἀπήει
1614 2652 1731 2709 τοῖς
1764 2647 1997 2716 ἀνοητο-

353 2745 534 2816 τέροις
564 2740 734 2795 αὐτῶν
769 2744 909 2803 Θεοῖς
940 2743 1115 2804 θύσων
1147 2737 1236 2792 καὶ
1293 2735 1746 2811 εὐχαριστηρίους
1797 2733 1998 2805 ὕμνοῦς

356 2828 682 2898 ἀποδώσων,
737 2829 943 2903 ἀγνοῶν
997 2827 1077 2890 τίς
1108 2828 1135 2882 ὁ
1167 2831 1274 2882 τῶν
1331 2824 1514 2880 καλῶν
1575 2823 1822 2880 ἁπάντων
1855 2823 1990 2893 ἀλη·

353 2923 464 2983 θῶς
493 2917 685 2987 αἴτιος,
716 2918 850 2994 πρὸς
894 2917 950 2972 ’ὸν
987 2911 1092 2972 ἔδει
1150 2917 1250 2986 τήν
1301 2915 1672 2990 πνευματικὴν
1717 2913 1994 2990 ἀναφέρειν

351 3008 555 3071 θυσίαν.
583 3009 820 3069 Ἐκεῖνος
869 3008 982 3076 οὖν,
1037 3011 1156 3069 τοῖς
1212 3005 1448 3081 ἀψύχοις
1493 3005 1584 3060 καὶ
1637 3008 1844 3082 κωφοῖς
1896 3003 1994 3070 τήν

352 3097 522 3153 αἰτίαν
552 3103 653 3166 τῆς
706 3101 802 3152 τοῦ
858 3093 1053 3158 παιδὸς
1109 3097 1412 3170 γενγήσεως
1470 3096 1760 3167 ἀνατιθεὶς,
1791 3113 1996 3148 παντα-

2113 505 2239 577 ipse
2265 513 2659 576 antevertens,
2679 509 2903 580 tibique
2935 526 3165 578 cavens,
3199 509 3541 582 hujusmodi
3564 515 3754 570 verbis

2111 612 2206 650 me
2239 597 2573 663 obvinxisti,
2603 597 2909 654 audaciam
2935 603 3094 654 tuam
3117 599 3190 654 ob
3213 601 3527 671 pristinam
3558 619 3753 659 meam

2115 701 2250 757 erga
2281 691 2334 741 te
2357 687 2678 742 amicitiam
2699 689 2844 744 fero.
2865 689 3260 754 Quamobrem
3283 706 3548 764 exsurge,
3578 698 3756 764 atque

2113 775 2184 829 ab
2217 776 2404 830 oculis
2434 778 2582 832 meis
2625 777 2890 850 profuge,
2919 795 3042 834 non
3093 780 3222 851 jam
3281 784 3336 835 te
3393 780 3622 850 videbo,
3656 783 3759 840 sed

2113 865 2268 919 male
2293 867 2579 921 mactabo.

2182 957 2269 1010 Ita
2284 972 2554 1027 egressus
2569 957 2670 1012 Dei
2685 957 2859 1012 homo
2877 958 2938 1011 in
2961 958 3342 1014 solitudinem
3357 959 3725 1018 secessitmm
3737 991 3759 1004 -

2111 1061 2244 1100 rore
2269 1045 2508 1114 quidem
2529 1063 2594 1101 eo
2618 1048 2858 1102 nomine
2900 1049 3167 1115 affectus,
3203 1048 3362 1118 quod
3398 1051 3754 1121 martyrium

2113 1133 2358 1188 minime
2402 1134 2951 1202 obiisset,ca:terum
2997 1135 3161 1190 nullo
3193 1153 3312 1190 non
3337 1136 3754 1208 die,quantum

2112 1223 2184 1277 ad
2205 1225 2626 1280 conscientiam
2647 1227 2875 1296 attinet,
2901 1216 3182 1297 martj'rio
3195 1227 3446 1298 fungens
3461 1234 3638 1299 atque
3651 1229 3756 1284 ad-

2110 1329 2314 1368 versus
2337 1314 2703 1385 principatus
2717 1320 2774 1368 et
2789 1316 3416 1385 potestates,adversus
3433 1317 3638 1372 mundi
3659 1335 3751 1373 re-

2112 1409 2302 1457 ctores
2326 1403 2703 1458 tenebrarum
2719 1404 2895 1475 hujus
2910 1405 3110 1458 saeculi
3125 1404 3404 1461 adversus
3420 1407 3754 1478 spiritualia

2112 1491 2486 1560 nequitiae,ut
2506 1493 2586 1545 ait
2607 1493 2815 1547 beatus
2833 1493 3070 1561 Paulus,
3096 1493 3386 1550 dimicans
3408 1497 3622 1566 (Ephes.
3649 1497 3748 1569 v1).

2109 1581 2250 1632 Cum
2275 1579 2450 1651 igitur
2471 1581 2570 1634 ille
2593 1581 2856 1647 abiisset,
2881 1597 2982 1636 rex
3004 1583 3266 1654 graviore
3287 1585 3598 1640 iracundia
3618 1603 3753 1642 con-

2109 1669 2341 1736 citatus,
2359 1670 2645 1724 acriorem
2671 1671 3142 1741 persecutionem
3163 1673 3442 1730 adversus
3462 1677 3750 1730 monasti-

2108 1775 2238 1812 cum
2278 1775 2490 1831 agmen
2521 1777 2814 1830 exercere,
2855 1762 3202 1833 majoreque
3241 1763 3465 1820 honore
3499 1766 3750 1822 simula-

2103 1863 2338 1902 crorum
2370 1849 2627 1903 cultores
2659 1865 2724 1904 ac
2752 1850 3088 1906 sacerdotes
3119 1852 3358 1907 afﬁcere
3389 1855 3584 1925 cmpit.

2173 1937 2303 1992 CAP.
2324 1938 2418 1992 III.
2439 1969 2507 1978 —
2524 1939 2668 1994 Cum
2689 1944 2886 1994 autem
2909 1955 3011 1994 rex
3033 1940 3094 1994 in
3117 1945 3234 1996 tam
3257 1945 3414 2014 gravi
3437 1960 3638 1999 errore
3657 1946 3747 2000 at-

2103 2041 2216 2096 que
2236 2026 2562 2097 impostura
2581 2035 2933 2096 versaretur,
2953 2031 3219 2085 nascitur
3235 2032 3288 2085 ei
3305 2032 3751 2105 elegantissima

2101 2114 2292 2170 forma
2309 2116 2669 2187 ﬁlius,atque
2683 2134 2752 2172 ex
2766 2133 2833 2172 ea
2848 2118 3290 2188 pulchritudine
3304 2137 3434 2191 quin
3458 2121 3571 2192 ipsi
3598 2122 3752 2176 aliu-

2104 2221 2168 2260 sa
2197 2205 2400 2260 eratid
2419 2206 2574 2276 quod
2595 2206 2861 2260 futurum
2895 2212 3019 2261 erat
3037 2208 3430 2280 praesignans.
3466 2211 3556 2264 Sic
3579 2211 3743 2265 enim

2104 2312 2375 2350 sermone
2389 2295 2688 2351 ferebatur
2701 2297 2762 2351 in
2777 2297 2880 2353 illa
2895 2303 3049 2353 terra
3069 2315 3321 2370 puerum
3343 2301 3469 2372 pari
3487 2300 3747 2372 pulchri-

2102 2385 2307 2439 tudine
2331 2401 2396 2439 ac
2417 2391 2725 2440 venustate
2751 2403 3048 2457 nusquam
3069 2389 3385 2446 exstitisse.
3411 2393 3531 2445 Rex
3551 2397 3751 2446 autem

2103 2473 2174 2527 ob
2197 2475 2364 2545 pueri
2389 2475 2752 2530 nativitatem
2775 2477 3031 2530 maximo
3055 2477 3266 2548 gaudio
3287 2479 3586 2550 perfusus,
3611 2495 3746 2534 eum

2101 2563 2378 2633 Josaphat
2393 2563 2750 2630 nominavit;
2772 2565 3034 2634 atquead
3066 2565 3363 2622 idolorum
3387 2569 3609 2638 templa
3638 2568 3752 2624 de-

2103 2669 2270 2707 mens
2303 2669 2363 2706 se
2387 2653 2655 2718 contulit,
2682 2657 2746 2706 ut
2767 2653 3235 2709 clementioribus
3251 2657 3542 2710 sacriﬁcia
3563 2659 3749 2712 offer-

2101 2747 2211 2808 ret,
2235 2741 2558 2811 laudesque
2581 2740 2656 2796 ad
2687 2742 2976 2797 edendam
2999 2743 3146 2814 grati
3164 2745 3348 2798 animi
3365 2745 3753 2816 signiﬁcatio-

2103 2846 2238 2884 nem
2263 2829 2655 2900 persolveret:
2679 2832 2958 2903 ignorans
2979 2831 3262 2886 nimirum
3278 2833 3556 2903 quisnam
3569 2834 3752 2888 bono-

2101 2927 2233 2964 rum
2257 2911 2524 2965 omnium
2545 2927 2678 2965 vere
2701 2917 2905 2966 auctor
2923 2917 3102 2980 esset,
3126 2912 3200 2968 ad
3231 2931 3409 2984 quem
3434 2914 3746 2985 spirituale

2103 3000 2460 3056 sacriﬁcium
2483 3000 2748 3054 adhiberi
2773 3000 3030 3056 deberet.
3058 3001 3164 3056 Ille
3205 3003 3383 3074 igitur
3418 3003 3597 3058 rebus
3621 3005 3748 3058 ina-

2102 3091 2282 3145 nimis
2304 3097 2361 3145 et
2381 3089 2574 3145 surdis
2595 3089 2700 3144 ﬁlii
2723 3095 2918 3144 ortum
2941 3096 3250 3162 acceptum
3271 3092 3490 3160 ferens,
3513 3109 3752 3164 quaqua

348 3191 454 3262 χοῦ
502 3183 770 3258 διέπεμπε
827 3191 1148 3259 συναγαγεῖν
1203 3185 1270 3238 τὰ
1298 3183 1485 3254 πλήθη
1549 3183 1625 3245 εἷς
1682 3185 1748 3236 τὰ
1802 3181 1997 3238 τούτου

2113 3195 2343 3234 versum
2376 3178 2573 3234 missis
2603 3179 2830 3232 nuntiis
2851 3179 3086 3250 plebem
3112 3181 3186 3235 ad
3209 3181 3338 3251 ejus
3361 3181 3633 3237 natalitia
3653 3198 3752 3237 ce—

349 3272 617 3350 γενέθλια.
653 3273 754 3330 Καὶ
779 3272 848 3342 ἦν
884 3271 1014 3327 ἰδεῖν
1073 3272 1276 3336 πάντας
1332 3271 1654 3348 συρῥέοντας
1702 3269 1781 3342 τῷ
1839 3265 1994 3349 φόϐῳ

346 3368 442 3418 τοῦ
505 3361 797 3439 βασιλέως,
845 3359 1216 3436 ἐπαγομένους
1267 3382 1326 3416 τε
1361 3363 1428 3416 τὰ
1457 3361 1592 3434 πρὸς
1646 3361 1744 3429 τὴν
1805 3361 1994 3424 θυσίαν

351 3451 765 3525 εὐτρεπισμέναι,
797 3451 870 3512 ὡς
917 3450 1124 3524 ἑκάστῳ
1153 3453 1187 3520 ἡ
1220 3451 1342 3526 χεὶρ
1403 3450 1620 3524 εὐπόρει
1675 3449 1764 3504 καὶ
1793 3451 1828 3518 ἡ
1860 3451 1996 3524 πρὸς

347 3542 438 3596 τὸν
477 3540 704 3617 βασιλέα
735 3537 918 3594 εὔνοια
947 3541 1082 3615 εἶχε.
1135 3539 1389 3597 Μάλιστα
1433 3537 1490 3594 δὲ
1537 3537 1732 3600 αὐτοὺς
1782 3539 2000 3612 ἠρέθιζε

351 3630 486 3704 πρὸς
520 3631 618 3686 19
679 3627 996 3700 φιλοτιμίαν
1056 3627 1237 3695 αὐτὸς,
1295 3627 1526 3703 ταύρους
1583 3631 1874 3690 καταθῦσαι
1908 3625 1998 3704 φέ-

355 3739 461 3794 ρων
693 3719 776 3772 ὅτι
833 3716 1125 3781 πλείστους
1180 3717 1270 3772 καὶ
1325 3717 1654 3792 εὐμεγέθεις,
1711 3716 1800 3770 καὶ
1858 3714 1999 3770 οὕτω

353 3805 640 3879 πάνδημον
669 3807 860 3883 ἑορτὴν
904 3805 1150 3876 τελέσας,
1209 3807 1411 3868 πάντας
1461 3803 1833 3882 ἐφιλοτιμεῖτο
1892 3802 2002 3858 δώ-

360 3917 477 3972 ροις
507 3895 623 3951 ὅσοι
653 3919 711 3952 τε
757 3904 854 3967 τῆς
913 3896 1120 3972 βουλῆς
1179 3896 1316 3964 ἦσαν
1373 3895 1462 3950 καὶ
1492 3899 1597 3949 τῶν
1631 3894 1681 3950 ἐν
1713 3891 1882 3966 τέλει,
1910 3894 2000 3948 καὶ

360 3986 476 4042 ὅσοι
508 3987 630 4062 περὶ
662 3987 722 4042 τὸ
753 3988 1160 4063 στρατιωτικὸν,
1203 3985 1320 4042 ὅσοι
1375 4007 1434 4042 τε
1463 3989 1570 4041 τῶν
1627 3983 1858 4040 εὐτελῶν
1911 3983 2001 4040 καὶ

361 4077 462 4149 ἆσή
475 4101 612 4152 μων.

426 4259 692 4314 ΚΕΦΑΛ.
725 4257 798 4312 Γ¹.
845 4257 936 4313 Ἐν
985 4257 1121 4331 αὐτῇ
1182 4253 1240 4312 δὲ
1269 4259 1335 4330 τῇ
1391 4259 1497 4312 τῶν
1557 4254 1846 4332 γενεθλίων
1905 4259 2002 4309 τοῦ

355 4343 548 4410 παιδὸς
578 4348 744 4419 ἑορτῇ
777 4345 1048 4416 συνῆλθον
1080 4347 1216 4418 πρὸς
1244 4348 1334 4401 τὸν
1367 4345 1595 4421 βασιλέα
1634 4347 1685 4415 ἐξ
1737 4343 2004 4419 ἐπιλογῆς

355 4433 546 4508 ἄνδρες
576 4434 704 4490 ὡσεὶ
735 4436 1253 4505 πεντηκονταπέντε,
1298 4435 1422 4509 περὶ
1465 4436 1563 4503 τὴν
1598 4433 2005 4509 ἄστροθεάμονα

2105 3269 2390 3325 lebranda
2411 3269 2734 3341 cogendam
2751 3269 3012 3324 curabat.
3039 3271 3118 3324 Ac
3141 3286 3383 3326 cernere
3409 3276 3752 3328 eratomnes

2105 3361 2259 3432 regis
2281 3365 2442 3413 metu
2457 3358 2827 3412 confluentes
2842 3374 3163 3430 secumque
3183 3377 3251 3415 ea
3273 3377 3405 3432 quas
3422 3361 3495 3417 ad
3519 3361 3746 3418 sacriﬁ-

2108 3451 2262 3505 cium
2287 3447 2729 3504 accommodata
2758 3453 2927 3502 erant
2956 3449 3292 3516 afferentes,
3325 3467 3431 3521 pro
3463 3453 3756 3524 cujusque

2109 3539 2337 3594 scilicet
2365 3537 2711 3593 facultatum
2737 3537 2998 3600 modulo,
3027 3543 3204 3610 atque
3237 3555 3372 3611 erga
3399 3557 3534 3596 eum
3567 3541 3754 3596 bene-

2108 3628 2382 3682 volentia.
2408 3627 2745 3680 Praesertim
2763 3631 2962 3681 autem
2985 3627 3110 3698 ipse
3135 3629 3408 3684 stimulos
3433 3631 3518 3684 eis
3533 3631 3606 3685 ad
3627 3646 3755 3684 mu-

2109 3712 2478 3767 niﬁcentiam
2528 3709 2895 3777 admovebat,
2949 3715 3014 3764 ut
3059 3711 3159 3780 qui
3197 3713 3670 3782 quamplurimos
3703 3717 3761 3767 et

2111 3803 2400 3858 maximos
2431 3801 2606 3855 boves
2639 3800 2984 3854 mactandos
3007 3803 3266 3856 offerret.
3289 3803 3480 3871 Atque
3510 3803 3584 3857 ad
3602 3803 3761 3857 hunc

2111 3891 2353 3947 modum
2385 3889 2862 3944 luculentissimo
2892 3888 3042 3944 festo
3072 3894 3335 3960 peracto,
3368 3907 3596 3956 omnes,
3637 3896 3758 3946 tam

2113 3982 2213 4052 qui
2246 3979 2528 4036 senatorii
2575 3979 2800 4034 ordinis
2835 3984 3006 4033 erant
3033 3980 3500 4052 magistratuque
3543 3981 3755 4052 funge-

2111 4072 2348 4134 bantur,
2369 4085 2548 4140 quam
2563 4068 2821 4122 militum
2837 4083 3080 4123 manum
3094 4073 3270 4138 atque
3292 4070 3472 4126 etiam
3495 4070 3761 4142 plebeios

2113 4167 2172 4216 et
2196 4160 2484 4233 ignobiles
2514 4157 2900 4229 amplissimis
2931 4158 3101 4213 donis
3125 4160 3616 4230 prosequebatur.

2185 4253 2248 4304 1n
2271 4251 2394 4320 ipso
2409 4253 2606 4302 autem
2621 4247 3027 4302 natalitiorum
3053 4247 3160 4302 ﬁlii
3184 4248 3440 4304 solemni
3459 4250 3552 4306 die
3577 4250 3765 4306 delec-

2115 4339 2281 4394 tiviri
2302 4337 2537 4392 circiter
2557 4336 3006 4408 quinquaginta,
3047 4339 3146 4408 qui
3171 4339 3233 4392 in
3256 4354 3324 4394 ea
3367 4340 3762 4396 Chaldeorum

2115 4427 2424 4500 sapientia,
2446 4443 2574 4497 quae
2594 4426 2654 4480 in
2673 4426 3111 4496 conspiciendis
3141 4429 3538 4500 notandisque
3561 4430 3765 4486 sideri-

354 4529 462 4582 τῶν
495 4523 794 4584 Χαλδαίων
826 4524 1189 4600 ἒσχολακότες
1222 4524 1432 4602 σοφίαν.
1467 4524 1569 4581 Καὶ
1598 4523 1823 4580 τούτους
1851 4523 2000 4597 ἐγγυ-

2119 4519 2225 4573 bus
2237 4520 2522 4582 versatur,
2543 4515 2804 4570 studium
2823 4520 2998 4586 atque
3015 4533 3258 4588 operam
3280 4517 3662 4586 collocarent,
3688 4517 3762 4574 ad

354 4615 498 4670 τάτω
538 4613 1022 4689 παραστησάμενος
1081 4616 1108 4669 ὁ
1166 4613 1420 4690 βασιλεὺς
1476 4615 1729 4690 ἀνηρώτα
1787 4613 2011 4686 ἐξέιπεῖν

360 4703 580 4760 ἕκαστον
612 4703 664 4759 τί
699 4703 890 4776 μέλλει
924 4698 1131 4767 ἔσεσθαι
1161 4705 1222 4758 τὸ
1252 4703 1502 4777 γεννηθὲν
1563 4703 1708 4775 αὐτῷ
1763 4701 2004 4759 παιδίον.

356 4796 424 4851 Οἱ
457 4792 534 4862 δὲ,
568 4793 754 4850 πολλᾶ
787 4791 1228 4868 διασκεψάμενοι,
1257 4789 1445 4866 ἔλεγον
1484 4794 1643 4868 μέγαν
1693 4792 1851 4847 αὐτὸν
1895 4788 2007 4847 ἔσε-

358 4885 475 4938 σθαι
499 4881 552 4939 ἔν
598 4905 657 4938 τε
703 4881 932 4956 πλούτῳ
988 4883 1077 4938 καὶ
1136 4880 1437 4954 δυναστείᾳ,
1495 4885 1586 4938 καὶ
1645 4877 2005 4954 ὑπερϐάλλειν

353 4973 557 5036 πάντας
585 4971 714 5036 τοὺς
765 4973 872 5048 πρὸ
926 4969 1090 5030 αἶ)τοῦ
1137 4967 1610 5050 βεϐασιλευκότας.
1665 4973 1756 5036 Εἷς
1790 4969 1848 5027 δὲ
1897 4975 2004 5027 τῶν

428 5158 564 5230 (55‘)
595 5159 646 5212 ΙΙ
673 5159 804 5213 Cor.
839 5175 881 5230 ζ,
913 5159 976 5214 if
1014 5172 1029 5212 :
1063 5155 1372 5230 Μαρτύριον
1403 5161 1501 5226 τῆς
1531 5151 1913 5227 συνειδήσεως.

428 5229 542 5300 (56)
567 5231 751 5301 Epist.
785 5229 860 5284 ad
891 5230 1104 5300 Ephes.
1138 5229 1213 5294 vi,
1248 5231 1334 5283 12.

2119 4625 2316 4681 regem
2343 4607 2928 4670 convenerunt.Quos
2967 4623 3100 4661 cum
3136 4623 3240 4662 rex
3280 4609 3555 4680 proprius
3587 4607 3661 4663 ad
3700 4623 3762 4662 se

2119 4698 2398 4755 accedere
2410 4697 2710 4768 jussisset,
2731 4695 2802 4750 de
2823 4695 3071 4768 singulis
3089 4698 3587 4767 percunctabatur
3599 4697 3765 4768 quid-

2119 4805 2256 4845 nam
2279 4786 2504 4858 puerin
2531 4787 2720 4841 lucem
2745 4785 2938 4840 editus
2959 4785 3192 4842 futurus
3238 4785 3514 4840 esset.Illi
3561 4792 3762 4841 autem

2117 4879 2293 4947 longa
2322 4874 2798 4931 consideratione
2837 4875 3059 4943 habita,
3097 4875 3360 4932 futurum
3401 4875 3764 4932 dicebantut

2118 4969 2328 5040 opibus
2346 4983 2411 5022 ac
2427 4966 2692 5040 potentia
2707 4965 3151 5038 floreret,atque
3171 4981 3379 5024 omnes
3393 4966 3498 5038 qui
3513 4982 3762 5040 regnum

429 5287 837 5374 (56‘)il:em_ma
869 5287 958 5355 est
985 5301 1128 5374 in__A
1159 5287 1472 5374 metricum
1500 5315 1512 5354 :
1548 5299 1780 5374 ’Ῑωᾴσαφ
1810 5299 2000 5374 γέννηο

2113 5297 2324 5374 ινταῢθα
2347 5287 2544 5374 βλέπε.

1059 5367 1073 5390 1

433 5373 658 5458 (57)"I_)‘e
689 5371 870 5458 φέρειν
898 5389 1004 5442 pro
1037 5369 1188 5458 ἄγειν
1220 5372 1348 5458 vi'de
1381 5377 1597 5458 notauit
1610 5372 1683 5427 ad
1715 5369 2040 5458 Sj'ntipam,

2075 5385 2204 5456 pag.
2241 5363 2659 5456 "181:1‘Lliceph.
2722 5365 3164 5456 (Eregor‘as,Lv1,l
3187 5367 3374 5456 βηίίλιΔ
3406 5363 3582 5456 {tremit
3617 5363 3762 5456 apt:

360 5435 508 5528 ρους.
529 5435 812 5528 ’Υίῐῖέβῖἱὶί
844 5435 1174 5528 Ιιὶιι.’ρ.’98
1202 5443 1400 5528 τίρέρων
1429 5443 1550 5528 μεβ’
1583 5435 1906 5528 suited-sbi
1945 5441 2000 5492 ut

2113 5435 2293 5528 αύτοξ.
2333 5439 2556 5528 ’Poutest
2611 5435 3324 5528 (conferrinSophZ‘Aj;‘63
3361 5435 3676 5528 τχἸΪοίμνρινς
3701 5453 3762 5489 τε

357 5503 532 5590 στάσας
566 5512 616 5590 ἐς
648 5510 854 5590 δέμους
875 5503 1382 5590 κομίζεταιηξᾶὲῐῐι
1411 5503 1560 5590 Ante
1769 5510 1916 5567 ἀλλά
1945 5534 2000 5566 νιη

2113 5508 2344 5590 ἱυμέζεϋ
2396 5505 2576 5590 εἶ¹σω,.
2608 5503 2810 5590 δμῶες.
2874 5506 2958 5560 Ib.
2989 5503 3122 5590 :4‘4'2
3157 5503 3280 5590 ε’Συ
3332 5506 3470 5590 ’μὶνῖ
3492 5503 3713 5590 κομξζοι
3741 5528 3758 5590 ,'

361 5581 420 5639 ἂν
454 5584 645 5640 σαυτὸν
676 5579 1164 5659 ᾔὊέΑειςςΑἱιὶιιδ
1194 5587 1470 5646 Varronis
1491 5588 1571 5645 De
1601 5588 1646 5644 Ι.
1681 5587 1804 5644 Lat.
1835 5603 1908 5656 τι,
1933 5603 1992 5659 p.

2113 5579 2184 5638 τι(
2207 5579 2452 5640 Lemnia
2480 5579 2614 5652 quis
2644 5583 2710 5636 tu
2757 5595 2822 5635 es
2849 5579 3120 5635 mortalis
3178 5579 3280 5651 qui
3329 5579 3390 5635 in
3437 5579 3674 5637 deserta
3703 5581 3762 5633 et

355 5661 524 5720 tesca
551 5663 610 5717 te
639 5658 920 5733 apportes
947 5658 1078 5716 loca
1096 5658 1126 5718 ’ἰ
