4042 6154
263 270 371 329 879

264 402 400 455 ante
418 397 615 469 ipsum
632 393 1034 451 obtinuissent
1047 395 1373 465 superaret.
1395 392 1558 445 Unus
1580 406 1714 445 vero
1736 394 1922 445 astro-
1949 411 2003 477 Α

261 488 430 559 logus
453 487 555 558 qui
580 486 770 541 socios
791 501 999 540 omnes
1022 500 1159 538 suos
1179 481 1508 535 eruditione
1531 479 1913 545 anteibat,his

262 577 456 633 verbis
487 593 629 632 usus
648 581 737 631 est
763 592 776 629 :
801 577 1097 640 Quantum
1121 589 1189 626 ex
1213 571 1474 625 Siderum
1494 586 1669 623 cursu
1711 568 1910 623 addis-

267 684 398 722 cere
450 682 715 737 possum,
749 682 781 718 ο
814 680 936 730 rex,
969 662 1075 715 ﬁlii
1110 661 1210 731 qui
1244 676 1402 714 nunc
1442 676 1512 712 ex
1543 664 1596 711 te
1628 663 1791 711 ortus
1827 660 1917 710 est

266 756 593 827 amplitudo
613 761 788 823 atque
810 752 1106 823 profectus
1128 767 1247 803 non
1268 749 1325 801 in
1352 755 1447 802 tuo
1470 764 1650 819 regno
1670 745 1911 814 erit,sed

266 846 328 899 in
350 845 533 899 altero
560 843 992 915 praestantiore,
1025 845 1200 909 atque
1231 837 1777 908 incomparabiliter
1814 853 1914 890 ex-

266 934 630 990 cellentiore.
654 934 846 1003 Atque
868 932 1063 1001 ipsum
1082 928 1554 983 Christianorum
1573 941 1807 995 quoque
1827 941 1913 979 re-

264 1025 500 1093 gionem
516 1038 695 1093 quam
714 1027 775 1074 tu
798 1020 1108 1075 insectaris
1122 1022 1497 1087 arrepturum
1518 1016 1787 1069 existimo
1803 1031 1912 1069 nec

268 1130 402 1169 eum
436 1112 507 1167 ab
540 1113 651 1165 hoc
684 1128 858 1182 scopo
891 1126 956 1165 ac
990 1126 1091 1180 spe
1123 1108 1534 1162 aberraturum
1584 1108 1743 1173 puto.
1777 1104 1909 1156 Haec

263 1193 492 1248 scilicet
514 1191 662 1245 dixit
683 1189 1034 1260 astrologus,
1054 1192 1119 1241 ut
1140 1186 1282 1240 olim
1308 1184 1544 1240 Balaam
1562 1183 1909 1252 (Nummum)

258 1298 384 1338 non
401 1280 559 1351 quod
589 1279 908 1349 astrologia
929 1277 1171 1332 veritate
1187 1275 1431 1339 nitatur,
1450 1271 1552 1326 sed
1576 1270 1731 1341 quod
1756 1271 1908 1324 Deus

261 1376 328 1425 ut
360 1370 557 1425 omnis
591 1368 790 1440 impiis
823 1366 1118 1423 excusatio
1142 1366 1570 1433 amputaretur,
1603 1358 1909 1413 veritatem

263 1478 371 1533 per
403 1461 562 1532 ipsos
589 1458 957 1514 adversarios
989 1456 1347 1511 ostenderet.

332 1553 452 1606 Rex
472 1555 691 1615 autem,
716 1553 781 1602 ut
810 1548 935 1602 haac
966 1545 1280 1608 intellexit,
1310 1541 1601 1615 ejusmodi
1633 1538 1908 1594 nuntium

257 1639 510 1712 graviter
540 1655 608 1693 ac
637 1637 887 1692 molesto
919 1636 1120 1691 animo
1148 1633 1397 1704 excepit,
1432 1631 1908 1700 voluptatemque

258 1744 427 1784 suam
440 1724 1082 1794 mmstitiainterrumpi
1097 1719 1704 1777 sensit.Nihilominus
1718 1724 1904 1771 tamen

1792 267 2160 321 ADDENDA.

3567 267 3675 323 880

2033 383 2402 462 ἀστρολόγων,
2437 387 2464 441 6
2493 392 2600 443 τῶν
2635 386 2728 441 σῦν
2767 387 2915 460 αὖτῷ
2969 385 3182 443 πάντων
3238 384 3669 465 διαφορώτατος,

2026 473 2167 529 εἶπεν
2200 475 2297 544 ὡς,
2357 476 2441 546 Ἐξ
2499 478 2572 530 ὧν
2633 498 2700 549 με
2756 474 3096 532 διδάσκουσιν
3158 477 3208 532 οἱ
3259 482 3367 531 τῶν
3430 478 3666 552 ἀστέρων

2025 560 2245 637 δρόμοι,
2278 563 2322 618 ὦ
2357 563 2601 640 βασιλεῦ,
2662 569 2695 635 ἡ
2753 568 3005 641 προκοπή
3059 571 3155 621 τοῦ
3212 566 3321 620 νυν)
3385 569 3670 642 γεννηθέν-

2022 674 2114 715 τος
2149 675 2231 708 σοι
2264 653 2456 717 παιδὸς
2490 656 2589 711 οὐκ
2619 657 2669 710 ὲν
2701 660 2768 730 τῇ
2802 661 2869 730 σῇ
2920 655 3064 711 ἔσΘαι
3102 655 3369 731 βασιλείᾳ,
3418 656 3561 712 ’ἀλλ’
3616 656 3667 712 έν

2024 741 2177 816 ἑτέρᾳ
2254 742 2518 817 κρείττονι
2612 746 2701 799 καὶ
2777 745 3113 820 ἀσυγκρίτως
3202 742 3671 821 ὑπερϐαλλούσῃ,

2023 836 2175 885 Δοκῶ
2208 830 2263 887 δὲ
2298 834 2386 886 καὶ
2444 841 2540 902 τῆς
2570 834 2713 909 παρά
2770 839 2869 887 σοῦ
2930 832 3269 906 διωκομένης
3327 835 3489 889 αὐτὸν
3546 834 3668 889 ἐπι-

2022 916 2281 984 λαϐέσθαι
2311 927 2415 975 τῶν
2476 924 2807 996 Χριστιανῶν
2843 923 3191 997 θηρησκείας,
3223 924 3313 977 καὶ
3346 923 3446 977 οὐκ
3498 921 3666 999 ἔγωγε

2020 1009 2176 1079 οἶμαι
2206 1014 2302 1063 τοῦ
2352 1016 2556 1064 σκοποῦ
2615 1010 2814 1065 ἐκεῖνον
2874 1011 2961 1066 καί
3018 1018 3119 1080 τῆς
3153 1009 3373 1072 ἐλπίδος
3430 1016 3668 1085 ψευσθή-

2019 1101 2238 1158 σεσθαι.
2291 1103 2470 1155 Ταῦτα
2531 1102 2624 1172 μὶν
2685 1102 2826 1155 εἶπεν
2882 1102 2910 1155 ὁ
2964 1099 3344 1175 ἀστρολόγος,
3405 1102 3586 1176 ὥσπερ
3640 1105 3668 1157 6

2017 1186 2187 1242 πάλαι
2232 1188 2459 1261 Βαλαὰμ
2490 1193 2620 1262 (58),
2679 1189 2741 1243 οὐ
2796 1193 2895 1257 τῆς
2947 1190 3305 1265 ἀστρολογίας
3363 1189 3669 1260 ἀληθευού-

2019 1297 2140 1345 σης,
2174 1275 2320 1331 ἀλλά
2346 1280 2446 1334 20
2501 1282 2597 1331 τοῦ
2656 1282 2789 1332 Θεοῦ
2849 1275 2938 1332 διὰ
2987 1283 3095 1332 τῶν
3149 1277 3399 1333 ἐναντίων
3453 1279 3518 1334 τὰ
3566 1283 3669 1347 τῆς

2017 1363 2277 1433 ἀληθείας
2319 1364 2794 1440 παραδεικνύντος,
2855 1366 2992 1421 ὥστε
3048 1373 3217 1421 πᾶσαν
3274 1373 3394 1431 τοῖς
3449 1363 3664 1423 ἀσεϐέσι

2017 1450 2285 1532 πρόφασιν
2320 1463 2752 1531 περιαιρεθῆναι.

2087 1546 2145 1600 Ὀ
2203 1541 2261 1598 δὲ
2319 1542 2598 1620 βασιλεὺς,
2657 1545 2730 1607 ὡς
2785 1543 2988 1614 ἤκουσε
3038 1549 3250 1616 ταῦτα,
3299 1546 3387 1601 καὶ
3453 1547 3660 1622 βαρέως

2015 1634 2114 1700 τήν
2146 1632 2408 1706 ἀγγελίαν
2441 1631 2672 1704 ἐδέξατο,
2711 1634 2857 1704 λυπη
2892 1633 2949 1688 δὲ
2978 1636 3074 1705 τὴν
3129 1634 3463 1709 εὐφροσύνην
3520 1635 3667 1709 αῦτῷ

2018 1715 2319 1778 διέκοπτεν.
2380 1723 2465 1777 Ἐν
2528 1722 2685 1776 πόλει
2733 1720 2789 1777 δέ
2838 1723 2990 1796 ὅμως
3053 1720 3333 1797 ίδιαζούσῃ
3394 1723 3666 1779 παλάτιον

259 1816 321 1871 in
345 1817 569 1888 privata
591 1815 845 1887 quadam
864 1778 1115 1877 civitalte,
1136 1810 1535 1882 pulcherrimo
1560 1807 1778 1879 palatio
1812 1821 1892 1858 ex-

2017 1806 2336 1884 δειμάμενος
2386 1811 2713 1887 περικαλλὲς
2743 1814 2832 1867 καὶ
2895 1813 3149 1889 λαμπρὰς
3208 1778 3383 1875 οἰκίας
3442 1813 3671 1891 φιλοτε-

260 1911 503 1973 structo,
533 1904 964 1977 splendidaque
998 1901 1171 1956 domo
1205 1900 1524 1963 elaborata,
1558 1896 1680 1951 illic
1714 1895 1904 1949 filium

260 1995 592 2061 collocavit,
610 1995 911 2065 jussitque
937 1996 1002 2047 ut
1024 1990 1244 2046 exactis
1272 1989 1479 2060 primis
1505 1987 1694 2041 astatis
1708 1984 1898 2050 annis,

261 2084 448 2138 nullis
478 2084 552 2138 ad
582 2100 717 2138 eum
750 2098 1022 2138 accessus
1053 2085 1300 2151 pateret.
1337 2081 1526 2147 Atque
1559 2075 1903 2146 paedagogos

253 2173 372 2243 ipsi
405 2178 463 2227 et
495 2172 798 2226 ministros
828 2176 1000 2225 aetate
1032 2170 1312 2224 ﬂorentes
1345 2167 1677 2235 eximiaque
1712 2164 1903 2218 forma

258 2261 539 2333 praeditos
571 2260 959 2329 constituens,
994 2260 1103 2313 hoc
1125 2258 1269 2329 ipsis
1302 2255 1619 2321 mandavit,
1646 2259 1709 2307 ut
1750 2252 1902 2306 nihil

252 2364 457 2403 eorum
474 2366 605 2419 qua)
629 2349 689 2403 in
708 2350 818 2403 hac
832 2349 948 2403 vita
969 2347 1219 2402 molesta
1232 2351 1370 2401 sunt
1388 2349 1763 2416 perspectum
1790 2340 1900 2411 ipsi

249 2437 661 2504 facerent,non
682 2444 1082 2503 mortem,non
1099 2440 1612 2500 senectutem,non
1625 2430 1899 2486 morbum

252 2543 374 2582 non
408 2533 842 2598 paupertatem,
876 2543 995 2581 non
1028 2526 1353 2596 quidquam
1376 2523 1538 2578 aliud
1570 2520 1856 2576 molestiae
1884 2537 1897 2584 ;

251 2614 528 2687 quodque
546 2616 659 2687 ipsi
680 2616 1136 2671 oblectationem
1155 2613 1535 2684 interpellare
1559 2615 1783 2681 posset;
1803 2624 1895 2661 ve-

252 2720 391 2759 rum
413 2704 899 2776 omniajucunda
918 2710 975 2758 et
1004 2720 1138 2759 cum
1164 2703 1323 2757 suavi
1356 2702 1549 2755 fructu
1580 2700 1898 2769 conjuncta

249 2799 674 2863 proponerent.
696 2801 761 2848 ut
784 2794 844 2848 in
863 2793 956 2847 his
979 2793 1163 2863 ipsius
1186 2792 1418 2846 animus
1444 2807 1577 2844 cum
1599 2788 1894 2857 voluptate

249 2897 319 2936 ac
340 2881 571 2936 deliciis
605 2898 863 2950 versans,
889 2881 1039 2936 nihil
1061 2880 1302 2934 omnino
1336 2895 1533 2934 rerum
1560 2879 1892 2931 futurarum

249 2970 604 3041 cogitatione
637 2971 950 3043 complecti
982 2975 1201 3041 posset,
1234 2985 1301 3022 ac
1344 2984 1417 3021 ne
1448 2967 1620 3020 verbo
1652 2964 1892 3035 quidem

245 3061 418 3113 tenus
448 3058 520 3112 de
550 3060 763 3114 Christi
796 3060 1079 3130 religione
1102 3057 1408 3128 ipsiusque
1440 3054 1691 3109 decretis
1718 3051 1891 3123 quid-

2012 1904 2237 1970 κνήσας,
2286 1901 2397 1956 ἐκεῖ
2450 1902 2541 1957 τὸν
2600 1900 2767 1957 παῖδα
2823 1899 2971 1967 ἔθετο
3024 1909 3320 1975 κατοικεῖν,
3372 1906 3506 1977 μετά
3560 1907 3666 1973 τὴν

2015 1988 2414 2065 συμπλήρωσιν
2454 1998 2552 2061 τῆς
2607 1992 2833 2065 πρώτης
2892 1993 3041 2063 αὐτῷ
3100 1990 3344 2063 ἡλικίας,
3401 1993 3665 2069 ἀπρὸϊτόν

2010 2101 2068 2135 τε
2134 2080 2261 2134 εἶναι
2339 2081 2821 2156 παρεκελεύσατο,
2876 2080 3254 2157 παιδαγωγοὺς
3337 2084 3487 2156 αὐτῷ
3572 2086 3667 2138 καὶ

2014 2168 2281 2242 ὑπηρέτας
2313 2172 2671 2239 καταστήσας,
2703 2171 2859 2231 νέους
2891 2175 2958 2243 τῇ
2990 2170 3185 2242 ἡλικίᾳ
3226 2171 3316 2224 καὶ
3366 2175 3433 2244 τῇ
3483 2174 3671 2245 ὁράσει

2012 2258 2402 2333 ὡραιοτάτους,
2438 2258 2741 2331 ἐπισκήψας
2791 2259 2973 2320 αὐτοῖς
3034 2258 3201 2333 μηδὲν
3250 2264 3358 2314 τῶν
3389 2265 3485 2315 τοῦ
3548 2261 3671 2335 βίου

2012 2346 2243 2417 ἀνιαρῶν
2304 2345 2613 2416 κατάδηλον
2691 2346 2837 2420 αὐτῷ
2918 2350 3247 2418 ποιήσασθαι
3284 2393 3298 2418 ,
3363 2351 3438 2421 μὴ
3503 2351 3669 2413 θάνα-

2008 2456 2119 2503 τον,
2152 2436 2226 2508 μὴ
2258 2442 2449 2510 γῆρας,
2493 2438 2569 2508 μὴ
2628 2436 2809 2507 νόσον,
2870 2438 2945 2509 μὴ
3002 2437 3212 2505 πενίαν,
3274 2439 3349 2510 μή
3412 2436 3551 2492 ἄλλο
3612 2460 3667 2493 τι

2010 2521 2257 2597 λυπηρὸν
2291 2524 2377 2578 καὶ
2439 2522 2732 2597 δυνάμενοι
2790 2527 2888 2595 τὴν
2948 2526 3284 2603 εὐφροσύνην
3345 2526 3491 2599 αὐτῷ
3545 2523 3663 2581 δια-

2008 2613 2229 2668 κόπτειν
2261 2660 2275 2685 ,
2334 2614 2481 2670 ἀλλά
2554 2615 2726 2670 πάντα
2779 2615 2846 2670 τά
2896 2618 3097 2691 τερπνά
3142 2616 3231 2671 καὶ
3288 2614 3664 2673 ἀπολαυστικά

2006 2705 2371 2775 προτιθέναι,
2428 2704 2517 2758 ἳνα
2572 2704 2787 2766 τούτοις
2847 2706 2874 2759 ὁ
2926 2710 3047 2767 νοῦς
3108 2706 3272 2761 αὐτοῦ
3323 2708 3660 2779 τερπόμενος

2003 2793 2092 2845 καί
2125 2791 2393 2864 ἐντρυφῶν
2442 2790 2614 2865 μηδὲν
2672 2792 2817 2855 ὅλως
2877 2794 2998 2868 περὶ
3049 2798 3154 2847 τῶν
3192 2792 3506 2866 μελλόντων
3536 2792 3658 2849 δια-

2005 2878 2316 2954 λογίζεσθαι
2352 2880 2613 2955 ἰσχύσειε,
2677 2884 2813 2955 μήτε
2874 2883 3040 2955 μέχρι
3082 2881 3249 2956 ψιλοῦ
3312 2883 3560 2959 ῥήματος
3590 2884 3657 2939 τὰ

2002 2969 2126 3042 περὶ
2185 2974 2281 3024 τοῦ
2326 2972 2558 3045 Χριστοῦ
2612 2971 2700 3025 καὶ
2751 2975 2859 3025 τῶν
2928 2971 3092 3025 αὑτοῦ
3152 2969 3440 3049 δογμάτων
3494 2973 3658 3028 ἀκοῦ-

2002 3077 2161 3115 σειεν,
2194 3061 2365 3113 Τοῦτο
2403 3058 2499 3133 γὰρ
2562 3056 2798 3131 μάλιστα
2850 3060 3063 3113 πάντων
3124 3059 3439 3135 ἀποχρῦψαι
3500 3062 3650 3133 αὐτῷ

246 3163 427 3217 quam
457 3148 707 3203 audiret.
732 3151 872 3203 Nam
910 3148 1018 3201 hoc
1032 3164 1151 3217 prae
1169 3144 1638 3201 omnibusrebus
1660 3143 1771 3213 ipsi
1790 3158 1882 3195 oc-

2008 3142 2256 3200 διενοεῖτο
2286 3149 2384 3215 τήν
2438 3148 2536 3200 τοῦ
2590 3146 2928 3220 ἀστρολόγοι)
2984 3150 3375 3223 προαγόρευσιν
3430 3150 3649 3224 ὑφορώ-

249 3236 474 3291 cultare
500 3237 563 3291 in
592 3236 791 3291 animo
818 3236 1090 3302 habebat,
1122 3235 1399 3306 astrologi
1434 3233 1714 3288 nimirum
1747 3232 1894 3285 vati-

245 3323 472 3377 cinium
526 3324 765 3377 veritus.
800 3325 964 3388 Quod
994 3325 1042 3378 si
1092 3324 1500 3378 ministrorum
1545 3321 1804 3390 aliquem
1832 3320 1893 3372 in

244 3411 521 3467 morbum
580 3412 842 3467 incidere
884 3414 1249 3486 contigisset,
1281 3429 1415 3466 cum
1473 3411 1670 3465 statim
1727 3409 1892 3462 illinc

244 3503 677 3574 ejicijubebat,
700 3505 1071 3576 alterumque
1122 3504 1375 3559 nitidum
1421 3504 1759 3574 optimeque
1802 3518 1891 3554 va-

242 3591 466 3647 lentem
481 3594 593 3665 ipsi
617 3594 1101 3650 substituebat.ut
1121 3611 1195 3648 ne
1213 3592 1356 3664 quid
1369 3593 1612 3647 omnino
1628 3591 1891 3646 salebro-

245 3682 291 3736 si
319 3687 493 3753 atque
524 3683 720 3738 acerbi
774 3684 835 3737 in
868 3684 973 3738 ﬁlii
1021 3682 1190 3738 oculo
1222 3682 1568 3737 incurreret.
1616 3682 1700 3735 Ad
1733 3682 1889 3734 hunc

247 3772 492 3828 modum
517 3789 578 3827 se
602 3790 705 3828 rex
733 3773 992 3846 gerebat,
1006 3778 1182 3843 atque
1200 3773 1327 3827 haec
1348 3770 1644 3844 cogitabat
1675 3776 1733 3824 et
1755 3785 1886 3841 age-

242 3860 591 3917 bat.Videns
614 3863 775 3917 enim
796 3879 921 3917 non
941 3862 1195 3929 videbat,
1221 3867 1279 3915 et
1296 3860 1543 3916 audiens
1565 3875 1684 3913 non
1708 3858 1885 3913 intel-

236 3947 478 4018 ligebat.

305 4039 451 4094 Cum
474 4046 673 4096 autem
698 4042 914 4097 certior
942 4041 1132 4096 factus
1161 4040 1373 4094 fuisset
1390 4039 1714 4094 monachos
1735 4054 1883 4092 non-

242 4128 442 4184 nullos
464 4131 740 4200 (quorum
778 4148 853 4186 ne
900 4131 1209 4203 vestigium
1259 4128 1492 4199 quidem
1527 4127 1715 4182 ullum
1739 4126 1880 4181 reli-

236 4234 421 4287 quum
444 4234 573 4273 esse
594 4220 857 4290 putabat)
881 4221 1072 4275 adhuc
1092 4235 1423 4291 superesse,
1449 4217 1757 4273 iracundia
1778 4234 1881 4270 aes-

229 4306 451 4371 tuabat,
511 4312 687 4378 atque
720 4310 1008 4364 acerrimo
1041 4309 1267 4380 impetu
1311 4309 1371 4362 in
1404 4325 1503 4363 eos
1558 4306 1877 4373 ferebatur,

234 4412 302 4450 ac
333 4412 635 4465 prmcones
666 4399 886 4468 passim
924 4404 1045 4453 tota
1073 4399 1217 4453 urbe
1266 4403 1324 4452 et
1352 4398 1593 4469 regione
1625 4413 1876 4467 procur-

2005 3230 2221 3305 συνεϐη,
2281 3240 2472 3290 τοῦτον
2531 3237 2624 3308 μὶν
2678 3239 2865 3290 Οᾶττον
2928 3233 3177 3291 ἐκϐαλεῖν
3257 3238 3448 3302 ἐκεῖθεν
3509 3259 3650 3311 παρ-

2004 3323 2279 3379 εκελεύετο
2316 3367 2330 3391 ,
2418 3322 2599 3402 ἔτερον
2655 3325 2711 3381 δὲ
2792 3328 2900 3381 ἀντ’
2973 3327 3135 3382 αὐτοῦ
3193 3334 3504 3406 σφριγῶντα
3558 3330 3651 3384 καὶ

2001 3412 2323 3467 εὐεκτοῦντα
2356 3412 2553 3485 ἐδίδου,
2599 3416 2691 3469 ἳνα
2726 3413 2894 3489 μηδὲν
2929 3416 3075 3478 ὅλως
3108 3416 3395 3489 ἀνώμαλον
3458 3419 3508 3472 οἱ
3550 3423 3649 3472 τοῦ

1999 3500 2194 3566 παιδὸς
2250 3503 2527 3581 ὁιξοαλμοὶ
2581 3505 2859 3560 θεάσαιντο
2904 3550 2915 3562 .
2967 3507 3026 3562 Ὀ
3081 3508 3174 3579 μὲν
3246 3498 3334 3561 οῦν
3395 3506 3651 3583 βασιλεύς

2000 3587 2142 3645 οὕτω
2173 3596 2340 3646 ταῦτα
2372 3590 2631 3647 διενοεῖτό
2665 3615 2724 3647 τε
2756 3594 2847 3648 καὶ
2879 3593 3071 3649 ἐποίει·
3123 3596 3342 3671 βλέπων
3392 3597 3494 3672 γὰρ
3545 3596 3656 3671 οὐχ

1997 3681 2162 3755 ἑώρα,
2192 3682 2281 3736 καί
2314 3683 2525 3738 ἀκούων
2557 3683 2616 3738 οὐ
2650 3682 2815 3738 συνίει
2852 3687 2986 3757 (59).

2066 4040 2158 4094 21
2200 4038 2395 4101 Μαθὼν
2428 4035 2482 4092 δέ
2512 4060 2661 4100 τινας
2714 4042 2819 4093 τῶν
2880 4035 3220 4113 μοναζόντων
3276 4034 3352 4095 ἔτι
3402 4041 3646 4115 περισώ-

1995 4130 2195 4195 ζεσθαι,
2243 4128 2315 4180 ὢν
2369 4124 2506 4198 μηδὲ
2566 4126 2722 4201 ἴχνος
2785 4128 3179 4205 ὑπολελεῖφθαι
3238 4127 3435 4199 ἐδόκει,
3469 4131 3648 4203 Ουμοῦ

1992 4213 2448 4289 ὑπερεπίμπλατο
2506 4218 2595 4270 καὶ
2658 4217 2885 4286 ὀξύτατα
2958 4220 3076 4271 κατ’
3132 4218 3306 4273 αὐτῶν
3366 4218 3594 4274 ἐκινεῖτο
3633 4266 3650 4290 ,

1989 4304 2228 4376 κήρυκάς
2268 4325 2324 4357 τε
2381 4304 2479 4358 ἀνά
2535 4311 2709 4360 πᾶσαν
2768 4306 2864 4373 τὴν
2925 4306 3088 4361 πόλιν
3146 4307 3235 4361 καὶ
3293 4308 3391 4375 τὴν
3454 4307 3644 4382 χώραθ

1988 4390 2199 4447 ἐκέλευε
2249 4389 2495 4460 διαθέειν,
2541 4393 2846 4468 ἐκγοῶντας
2881 4392 3140 4466 μηδαμοῦ
3166 4416 3283 4449 τινα
3340 4396 3402 4450 τὸ
3460 4398 3645 4471 παρα-

229 4501 359 4540 sare
392 4485 741 4556 imperabat.
775 4487 876 4557 qui
909 4488 1209 4542 edicerent
1264 4504 1338 4541 ne
1370 4485 1681 4540 monastici
1714 4485 1873 4538 ordi-

2008 4503 2088 4535 ταν
2128 4483 2260 4554 μετά
2288 4487 2433 4557 τρεῖς
2462 4482 2672 4554 ἡμέρας
2724 4487 2818 4536 τοῦ
2875 4487 2983 4537 τῶν
3042 4485 3382 4555 μοναζόντων
3422 4484 3637 4559 τάγμα-

227 4574 322 4628 nis
357 4574 675 4645 quisquam
706 4592 957 4646 usquam
990 4577 1233 4630 omnino
1266 4581 1399 4646 post
1424 4574 1685 4628 triduum
1711 4573 1871 4627 inve-

226 4664 488 4729 niretur;
522 4665 679 4735 quod
702 4665 750 4720 si
784 4664 1169 4731 inveniretur,
1199 4664 1454 4717 flammis
1477 4661 1868 4716 addiceretur.

226 4753 294 4807 Hi
328 4754 487 4808 enim
536 4760 695 4821 sunt,
728 4754 1057 4825 inquiebat,
1093 4768 1347 4824 quorum
1389 4751 1735 4805 auctoritate
1766 4768 1873 4821 po-

218 4842 396 4913 pulus
425 4842 742 4898 adducitur
771 4849 837 4897 ut
866 4860 1003 4898 eum
1036 4843 1136 4913 qui
1168 4841 1330 4896 cruci
1363 4839 1611 4895 suffixus
1646 4845 1735 4893 est
1764 4856 1868 4909 pro

220 4930 338 4984 Deo
362 4930 535 4985 colat.
570 4934 803 4988 Interea
834 4938 1033 4987 autem
1076 4928 1423 5000 hujusmodi
1455 4927 1737 4999 quiddam
1771 4944 1867 4982 ac-

221 5017 385 5086 cidit,
419 5020 577 5090 quod
597 5024 887 5093 majorem
919 5021 1029 5092 ipsi
1062 5019 1531 5092 indignationem
1575 5018 1866 5086 excitavit,

226 5123 486 5180 eumque
518 5113 826 5167 monachis
855 5111 1244 5167 infensiorem
1275 5110 1549 5167 reddidit.

296 5200 427 5254 CAP.
455 5202 545 5255 IV.
570 5232 631 5243 --
657 5203 816 5257 Inter
837 5203 1108 5258 homines
1131 5202 1415 5275 dignitate
1441 5200 1718 5273 praeditos
1736 5198 1866 5269 qui-

227 5287 364 5344 dam
389 5295 515 5344 erat
533 5292 635 5362 qui
656 5291 879 5363 primas
905 5293 963 5346 in
988 5293 1122 5348 aula
1148 5292 1474 5354 obtinebat,
1504 5290 1591 5343 vir
1614 5288 1865 5357 eleganti

214 5377 426 5443 vita,ac
442 5378 579 5435 ﬁdei
592 5381 1059 5453 pietate,quique
1073 5382 1249 5438 saluti
1264 5399 1383 5437 suae
1398 5396 1638 5453 operam
1658 5396 1864 5435 summo

287 5493 400 5565 (58)
429 5496 600 5552 Num.
629 5513 769 5554 xxu.

1981 4592 2074 4631 τος
2108 4570 2380 4647 εὐρεθῆνα.
2416 4571 2478 4626 Εἰ
2520 4569 2576 4625 δέ
2604 4593 2745 4632 τινες
2778 4571 3040 4645 εὑρεθεῖεν
3094 4573 3227 4645 μετά
3279 4575 3371 4634 τάς
3432 4571 3633 4648 διωρι-

1983 4660 2181 4731 σμένας
2233 4658 2465 4733 ἡμέρας,
2526 4664 2605 4731 τῷ
2663 4659 2751 4713 διὰ
2807 4661 2974 4735 πυρὸς
3033 4661 3120 4715 καὶ
3183 4661 3367 4738 ξίφους
3418 4661 3631 4736 ὀλέθρῳ

1980 4746 2467 4821 παραδοθήτωσαν·
2502 4746 2651 4803 οῦτοι
2709 4750 2809 4825 γάρ
2871 4748 3073 4825 (φησῖν)
3128 4750 3476 4813 ἀναπείθουσι
3535 4751 3628 4805 τὸν

1980 4836 2109 4893 λαὸν
2170 4840 2242 4899 ὡς
2295 4842 2409 4909 Θεῷ
2458 4837 2746 4913 προσέχειν
2806 4843 2885 4910 τῷ
2943 4837 3359 4911 ἐσταυρωμένῳ.
3425 4840 3510 4895 Ἐν
3572 4836 3630 4894 δὲ

1976 4931 2055 4999 τῷ
2085 4926 2279 4999 μεταξὺ
2301 4921 2497 4995 συνέϐη
2528 4926 2616 4980 καί
2664 4948 2714 4981 τι
2746 4932 3015 4995 τοιοῦτον,
3077 4926 3158 5003 ἐφ’
3216 4928 3260 5000 ᾧ
3319 4926 3405 4982 ἐπὶ
3459 4926 3628 4983 πλέον

1977 5016 2328 5093 χαλεπαίνων
2360 5017 2425 5085 ἦν
2460 5017 2487 5070 ὁ
2520 5014 2772 5090 βασιλεὺς
2803 5016 2893 5071 καὶ
2942 5017 3080 5072 κατά
3125 5021 3233 5072 τῶν
3283 5016 3630 5091 μοναζόντων

1978 5107 2351 5182 ὀργιζόμενος.

2047 5200 2210 5254 ΚΕΦ.
2272 5204 2341 5253 Δ’.
2397 5198 2565 5270 Ἀνὴρ
2623 5196 2723 5272 γάρ
2760 5217 2863 5267 τις,
2894 5201 3003 5252 τῶν
3034 5194 3087 5251 ἐν
3118 5196 3264 5253 τέλει
3322 5198 3391 5252 τὰ
3436 5200 3630 5270 πρῶτα

1976 5288 2187 5363 φέρων,
2231 5286 2282 5341 ἐν
2322 5291 2437 5348 τοῖς
2498 5286 2803 5361 βασιλείοις
2858 5285 3136 5362 ἐτύγχανε,
3194 5287 3284 5341 τὸν
3348 5287 3441 5360 μὲν
3504 5286 3625 5353 βίον

1974 5378 2237 5447 ἐπιεικὴς,
2294 5370 2515 5446 εὐσεϐὴς
2572 5374 2630 5431 δὶ
2684 5377 2784 5445 τήν
2839 5375 3043 5431 πίστιν·
3099 5376 3211 5446 καὶ,
3270 5378 3369 5445 τὴν
3430 5377 3624 5430 ἑαυτοῦ

285 5563 410 5643 (59)⁸
424 5567 534 5625 Isa.
567 5585 645 5640 Vl,
677 5572 709 5625 9
742 5585 756 5626 :
789 5568 963 5641 ’Δκοῇ
989 5566 1244 5625 ἀκούσετε
1288 5568 1379 5624 καὶ
1407 5567 1474 5624 οὐ
1509 5568 1586 5641 μὴ
1619 5574 1834 5640 συνῆτε,
1866 5588 1892 5623 κ

2008 5565 2285 5629 ἱλέποντες
2339 5564 2568 5643 βλέψετε
2620 5565 2710 5621 καὶ
2765 5564 2828 5621 οὗ
2890 5566 2966 5642 μή
3000 5563 3172 5639 ῖὸητε.
3209 5568 3376 5625 Conf.
3411 5568 3621 5624 Matth.

215 5650 316 5705 xu,
348 5639 438 5695 13.
