4042 6154
388 345 489 400 881

1557 343 1728 396 νιΤΑ
1765 339 2118 394 BARLAAM
2152 338 2245 391 ΕΤ
2279 336 2600 391 JOASAPH

3677 327 3785 382 882

390 466 660 542 σωτηρίαν
700 509 714 535 ,
773 465 849 528 ὡς
894 465 1008 520 οἶόν
1065 484 1143 532 τε,
1202 464 1690 538 ἐμπορευνόμενος,
1751 461 2012 524 λανθάνων

2141 459 2335 514 studio
2354 459 2556 514 dabat:
2581 457 2809 512 occulte
2828 461 3044 523 tamen,
3063 453 3136 510 ob
3159 454 3311 526 regis
3327 469 3548 509 meum.
3563 454 3781 518 Quam-

384 559 449 626 ἦν
481 554 569 611 διὰ
592 556 682 610 τὸν
718 550 884 631 φόϐον
915 558 1012 610 τοῦ
1048 552 1334 628 βασιλέως.
1367 554 1522 610 ’Όῦεν
1574 551 1736 619 τινές,
1794 557 1895 618 τῆς
1953 547 2028 611 εῗς

382 648 474 700 τὸν
509 645 734 721 βασιλέα
779 643 1082 719 παῤῥησίας
1129 664 1306 715 τουτῳ
1358 645 1738 718 βασκήναντες.
1798 635 2026 693 διαϐάλ-

379 735 494 792 λειν
519 733 677 789 αὑτὸν
738 733 1034 804 ἐμελέτων,
1064 733 1152 787 καὶ
1209 737 1368 786 τοῦτο
1428 731 1610 792 αὐτοῖς
1669 727 1757 784 διά
1809 725 2025 806 φροντί-

379 823 470 886 δος
500 825 565 894 ᾖν
602 828 732 895 (60).
767 821 868 878 Καὶ
925 820 988 893 δή
1019 843 1150 876 ποτε
1208 823 1344 894 πρὸς
1403 823 1572 896 θήραν
1633 817 1902 892 ἐξελθόντι
1951 820 2028 887 τῷ

383 911 599 989 βασιλεῖ
629 912 763 984 μετᾶ
790 918 892 981 τῆς
925 915 1188 982 συνήθους
1216 911 1362 981 αὐτῷ
1420 907 1768 986 δορυφορίας,
1827 906 1900 968 εἶς
1956 906 2022 975 ἦν

379 1008 486 1059 τῶν
521 1006 894 1076 συνθηρευτῶν
939 1001 1028 1056 καὶ
1079 1002 1106 1054 ὁ
1139 1001 1336 1074 ἀγαθὸς
1396 998 1598 1060 ἐκεῖνος
1648 997 1802 1071 ἀνὴρ.
1867 999 2026 1070 Περι-

379 1095 638 1147 πατοῦντι
671 1089 727 1145 δὲ
757 1089 904 1162 αὐτῷ
963 1089 1098 1145 κατά
1157 1089 1347 1162 μόνας,
1381 1089 1440 1143 ἐκ
1469 1087 1612 1148 θείας
1668 1083 1830 1140 τοῦτο
1888 1106 2022 1157 συμ-

375 1175 498 1248 ϐὰν,
556 1179 632 1243 ὡς
682 1178 858 1251 οἶμαι,
919 1178 1285 1251 οἰκονομίας,
1344 1176 1577 1252 εὑρίσκει
1635 1171 1914 1249 ἄνθρωπον
1971 1172 2021 1228 ἐν

377 1268 568 1343 λόχμῃ
622 1268 727 1323 τινὶ
777 1268 914 1322 κατὰ
970 1274 1076 1341 γῆς
1132 1265 1488 1342 ἐρριμμένον,
1538 1264 1627 1320 καὶ
1685 1261 1872 1325 δεινῶς
1930 1264 2021 1316 τὸν

377 1356 518 1413 πόδα
545 1358 648 1412 ὑπὸ
678 1356 870 1427 Θηρίου
902 1359 1000 1414 22
1043 1358 1516 1428 συντετριμμένον,
1547 1355 1627 1422 ὃς,
1678 1352 1807 1406 ἰδὼν
1863 1351 2020 1406 αὐτὸν

378 1446 662 1519 παριόντα,
717 1444 980 1500 ἐδυσώπει
1040 1447 1115 1518 μὴ
1187 1441 1583 1518 παραδραμεῖν,
1641 1439 1767 1496 ἀλλ’
1826 1441 2022 1495 οἰκτεῖ-

378 1556 465 1610 ραι
497 1535 656 1590 αὑτὸν
688 1542 787 1604 τῆς
816 1537 1119 1612 συμφορᾶς,
1151 1534 1240 1587 καὶ
1291 1532 1364 1595 εἰς
1391 1533 1480 1587 τὸν
1522 1530 1665 1585 ’ίδιον
1723 1530 2018 1604 ἀπαγαγεῖν

375 1625 544 1693 οἶκον,
581 1625 693 1696 ἅμα
726 1625 1002 1678 καὶτοῦτο
1062 1621 1396 1694 προστιθεὶς,
1457 1622 1530 1683 ὡς
1591 1619 1704 1677 Οὐκ
1761 1617 2021 1687 ἀνόνητός

377 1736 460 1769 σοι
516 1715 606 1769 καὶ
662 1713 944 1774 παντελῶς
1005 1712 1351 1787 ἀνενέργητος
1387 1757 1399 1781 ,
1459 1709 1620 1788 φησῖν
1658 1755 1671 1778 ,
1748 1709 2016 1784 εὑρεθείην

371 1801 500 1876 ἐγώ.
533 1804 594 1860 Ὀ
627 1799 686 1856 δὲ
718 1801 974 1876 λαμπρὸς
999 1800 1201 1864 ἐκιῖνος
1255 1801 1389 1874 ἀνὴρ
1449 1797 1597 1874 λέγει
1647 1797 1810 1869 αὐτῷ·
1875 1798 2012 1873 Ἐγὼ

377 1890 469 1963 μὶν
503 1887 572 1944 δι’
603 1890 767 1944 αὐτοῦ
795 1895 892 1944 τοῦ
921 1888 1093 1944 καλοῦ
1138 1891 1236 1958 τὴν
1285 1890 1439 1966 φύσιν
1500 1885 1897 1964 προσλήψομαί
1956 1907 2013 1941 σε

368 1981 457 2034 καὶ
509 1978 815 2054 θεραπείας,
877 1980 976 2048 ὅση
1040 1975 1291 2050 δύναμις,
1350 1977 1581 2047 ἀξιώσω·
1644 1974 1791 2029 ἀλλὰ
1835 1974 1918 2036 τίς
1974 1977 2009 2044 ἡ

370 2063 597 2138 ὄνησις,
655 2070 723 2138 ἢν
781 2068 928 2143 παρὰ
984 2070 1078 2120 σοῦ
1126 2088 1218 2139 μοι
1272 2063 1478 2129 ἔσεσθαι
1533 2064 1776 2141 ἔφησαςς
1835 2065 1896 2121 Ὁ
1955 2061 2012 2118 δὲ

368 2157 536 2225 πένης
561 2155 764 2218 ἐκεῖνος
819 2155 910 2210 καὶ
971 2155 1217 2226 ἀσθενὴς,
1277 2156 1436 2230 Ἐγὼ,
1496 2153 1680 2230 φησὶν,
1735 2150 2012 2226 ἅνθρωπός

368 2243 840 2318 εἲμιθεραπευτής
887 2243 1170 2319 ῥημάτωνο
1222 2243 1266 2298 εἷ
1322 2247 1424 2318 γάρ
1484 2263 1617 2297 ποτε
1665 2241 1717 2295 ἐν
1779 2240 2012 2316 ῥήμασιν

363 2332 398 2402 ἢ
432 2332 681 2406 ὁμιλίαις
716 2332 903 2409 πληγή
937 2354 1018 2395 τις
1049 2334 1083 2402 ἢ
1117 2337 1354 2394 κάκωσις
1405 2331 1667 2406 εὑρεθείη,
1728 2328 2008 2399 καταλλή-

366 2419 480 2483 λοις
530 2423 839 2498 φαρμάκοις
917 2426 1082 2476 ταῦτα
1150 2421 1482 2496 θεραπεύσω,
1535 2425 1632 2475 τοῦ
1689 2421 1764 2490 μὴ
1821 2439 2010 2493 περαι-

367 2509 506 2585 αὲρω
535 2512 597 2565 τὸ
645 2511 810 2566 κακὸν
864 2518 1140 2586 χωρῆσαν
1173 2512 1233 2567 Ὁ
1297 2511 1389 2582 μὶν
1450 2511 1538 2564 οὖν
1599 2503 1822 2576 εὐσεϐὴς
1873 2508 2008 2579 ἀνὴρ

363 2597 568 2661 ἐκεῖνος
598 2601 661 2654 τὸ
693 2598 886 2654 Λεχθέν
930 2600 1041 2653 ἀντ’
1088 2597 1306 2662 οὐδενὸς
1358 2601 1631 2672 ἡγήσατο,
1692 2597 1892 2651 ἐκεῖνον
1952 2593 2009 2649 δὲ

366 2685 457 2742 διὰ
513 2690 611 2756 τὴν
673 2686 898 2757 ἐντολὴν
971 2689 1267 2763 ἀπαγαγεῖν
1328 2685 1512 2742 οἷ’καδε
1561 2685 2008 2761 παρεκελεύσατο,

367 2777 457 2830 καὶ
500 2779 599 2844 τῆς
649 2777 1035 2851 προσηκούσης
1092 2775 1404 2849 ἐπιμελείας
1465 2777 1566 2830 οὐκ
1630 2774 2006 2849 ἀπεστέρησεν.

371 2865 434 2920 Οἱ
488 2861 545 2918 δὲ
596 2867 1136 2940 προμνημονεθέντες
1187 2865 1436 2940 φθονεροὶ
1501 2864 1695 2919 ἐκεῖνοι
1754 2863 1843 2918 καὶ
1914 2864 2008 2938 βά-

370 2973 576 3020 σκανοι,
610 2954 678 3020 ἢν
709 2951 877 3008 πάλαι
909 2949 1099 3010 ὤδινον
1128 2953 1314 3009 κακίαν
1356 2953 1430 3016 είς
1490 2958 1604 3027 φῶς
1661 2952 2009 3026 προενεγκόν-

365 3061 477 3107 τες,
512 3035 868 3097 διαϐάλλουσι
899 3045 988 3098 τὸν
1036 3039 1200 3117 ἄνδρα
1250 3044 1386 3118 πρὸς
1441 3043 1532 3097 τὸν
1559 3041 1806 3116 βασιλέα,
1838 3041 1909 3103 ὡς
1945 3042 2008 3096 οὐ

371 3128 557 3200 μόνον,
588 3136 688 3198 τῆς
719 3131 883 3185 αὐτοῦ
917 3129 1102 3207 φιλίας
1159 3131 1576 3204 ἐπιλαθόμενος,
1631 3131 1880 3204 ἠλόγησε
1907 3137 2008 3199 τῆς

364 3218 499 3289 πρὸς
530 3216 656 3279 τοὺς
714 3220 868 3282 θεοὺς
923 3219 1203 3295 θεραπείας
1253 3221 1343 3275 καὶ
1391 3220 1528 3294 πρὸς
1583 3219 2006 3291 Χριστιανισμὸν

369 3305 667 3374 ἀπέκλινεν,
702 3305 850 3362 ἀλλὰ
895 3308 984 3362 καὶ
1040 3305 1188 3362 δεινὰ
1240 3319 1374 3364 κατα
1429 3316 1530 3378 τῆς
1587 3308 1750 3362 αὐτοῦ
1813 3307 2012 3380 μελετᾷ

373 3390 670 3467 βασιλείας,
701 3395 793 3450 τὸν
828 3393 1002 3470 ἀχλον
1054 3394 1384 3474 διαστρέφων
1443 3396 1534 3452 καὶ
1583 3399 1756 3468 ἑαυτῷ
1811 3398 2012 3460 πάντας

372 3481 764 3555 οἰκειούμενος.
814 3482 990 3553 Ἀλλ’,
1051 3486 1096 3540 εί
1159 3485 1368 3558 βούλει,
1421 3485 1572 3556 φησὶ,
1645 3482 2009 3561 βεϐαιωθῆναι

374 3568 540 3642 μηδὲν
623 3574 774 3643 ἡμᾶς
857 3571 1239 3646 πεπλασμένον
1309 3573 1486 3649 λέγειν
1519 3619 1531 3642 ,
1591 3572 1789 3636 καλέας
1849 3573 2008 3629 αὐτὸν

369 3656 521 3720 ἰδίως
556 3702 570 3727 ,
632 3659 748 3714 εἶπέ
804 3663 1072 3734 πειράζων
1129 3662 1414 3737 βούλεσθαί
1477 3684 1570 3732 σε,
1647 3662 2011 3719 καταλιπόντα

366 3749 466 3816 τὴν
501 3748 726 3823 πάτριον
758 3749 1043 3824 θρησκείαν
1091 3751 1180 3805 καὶ
1212 3752 1310 3819 τήν
1345 3748 1498 3823 δόξαν
1552 3759 1653 3821 τῆς
1711 3751 2009 3827 βασιλείας,

371 3837 686 3910 Χριστιανὸν
749 3840 1044 3912 γενέσθαι,
1101 3840 1190 3894 καὶ
1245 3840 1308 3894 τὸ
1369 3842 1668 3915 μοναχικὸν
1720 3837 2008 3912 περιϐαλέ-

373 3936 493 3989 σθαι
549 3934 763 4001 σχῆμα,
797 3928 1019 3982 ’ὀπάλαι
1070 3927 1312 3998 έδίωξας,
1373 3931 1446 3991 ὡς
1499 3930 1561 3984 οὐ
1618 3929 1802 3992 καλῶς
1852 3928 2006 3998 δῆθεν

366 4015 562 4069 τούτου
595 4019 695 4072 23
745 4017 1132 4091 γεγενημένου.
1191 4019 1256 4075 Οἱ
1309 4019 1410 4094 γὰρ
1435 4023 1601 4073 ταῦτα
1658 4016 1846 4081 δεινῶς
1875 4018 2011 4074 κατὰ

362 4107 457 4156 τοῦ
491 4101 682 4178 ἀνδρὸς
731 4105 1104 4180 σκηπτόμενοι
1152 4103 1372 4175 ἥδεισαν
1419 4113 1516 4176 τῆς
1571 4105 1733 4161 αὐτοῦ
1783 4109 2010 4182 γνώμης

361 4192 461 4260 τήν
511 4192 901 4249 εὖκατάνυκτον
956 4194 1290 4269 προαίρεσιν,
1345 4194 1442 4263 ὡς,
1498 4195 1544 4250 εἴ
1595 4200 1817 4250 τοιαῦτα
1865 4197 2010 4270 παρά

360 4283 456 4334 τοῦ
515 4281 785 4355 βασιλέως
843 4283 1115 4338 ἀκούσειεν
1148 4329 1166 4354 ,
1225 4282 1410 4356 ἐκείνῳ
1471 4285 1565 4357 μὲν
1613 4284 1679 4340 τὰ
1733 4283 2009 4361 κρείττονα

365 4367 788 4443 βουλευσαμένῳ
816 4372 1039 4447 γνώμην
1101 4370 1290 4426 δώσειε
1323 4374 1398 4444 μὴ
1459 4369 1818 4438 ἀναϐαλέσθαι
1872 4376 2009 4450 πρὸς

360 4456 427 4511 τά
457 4457 639 4522 καλῶς
699 4454 1126 4533 βεϐουλευμένα,
1186 4462 1274 4516 καὶ
1332 4461 1390 4516 ἐκ
1444 4463 1639 4517 τούτου
1688 4462 1863 4534 ἀληθῆ
1919 4463 2010 4519 λέ·-

359 4565 544 4621 γοντες
577 4547 768 4602 ἐκεῖνοι
801 4545 1084 4624 εὒρεθεῖεν.

437 4812 496 4869 Ὁ
530 4811 586 4868 δὲ
618 4812 894 4890 βασιλεὺς,
926 4815 1026 4882 τήν
1056 4817 1152 4869 τοῦ
1184 4811 1376 4890 ἀνδρὸς
1412 4815 1548 4889 πρὸς
1604 4817 1762 4872 αὐτὸν
1796 4815 2004 4874 εὔνοιαν

369 4897 541 4969 ὁπόση
579 4903 654 4973 μὴ
687 4900 915 4975 ἀγνοῶν,
973 4901 1203 4965 ἀπίθανά
1241 4923 1300 4957 τε
1355 4904 1547 4976 ἡγεῖτο
1603 4903 1693 4958 καὶ
1741 4903 1908 4977 ψευδῆ
1942 4907 2008 4961 τὰ

364 4984 657 5062 λεγόμενα,
714 4989 804 5044 καὶ
863 4989 944 5044 ὅτι
1007 4992 1081 5062 μὴ
1131 4985 1492 5053 ἀϐασανίστως
1553 4996 1718 5046 ταῦτα
1775 4992 2006 5066 προσδέ-

363 5077 553 5148 χεσθαι
588 5074 688 5141 δεῖ,
723 5074 1012 5151 δοκιμάσαι
1045 5077 1108 5132 τὸ
1155 5084 1380 5153 πρᾶγμα
1434 5081 1520 5134 καὶ
1576 5082 1676 5148 τήν
1737 5077 2004 5150 διαϐολήν

363 5160 701 5223 διεσκέλατο.
742 5171 862 5231 Καὶ,
918 5165 1427 5240 προσκαλεσάμενος
1462 5167 1620 5222 αὐτὸν
1678 5171 1794 5224 κατ’
1844 5168 2002 5243 ἰδίαν,

361 5245 462 5328 ἔφη
497 5255 791 5325 πειράζων·
826 5252 1009 5324 Οἶδας,
1056 5255 1100 5308 ὧ
1131 5253 1275 5332 φίλε,
1335 5255 1431 5309 ὅσα
1489 5255 1829 5330 ἐνεδειξάμην
1888 5265 2003 5322 τοῖς

352 5361 412 5395 τε
444 5344 773 5417 Αεγομένοις
809 5345 1102 5416 μονάζουσι
1133 5345 1224 5398 καὶ
1283 5351 1410 5399 πᾶσι
1468 5352 1586 5408 τοῖς
1635 5353 2002 5419 Χριστιανοῖς.

354 5429 490 5486 Νυνὶ
523 5428 602 5500 δὲ,
643 5433 1071 5504 μετάμελοςέπὶ
1122 5433 1298 5504 τούτῳ
1356 5434 1642 5509 γενόμενος
1699 5437 1787 5491 καὶ
1845 5459 2003 5492 κατα-

2137 550 2338 604 obrem
2363 547 2660 615 nonnulli,
2695 547 2768 602 ob
2803 563 2931 602 eam
2963 562 3080 616 qua
3109 543 3266 616 apud
3296 559 3492 615 regem
3525 541 3787 613 pollebat

2136 639 2548 694 auctoritatem
2583 638 2692 708 ipsi
2724 636 3230 700 invidentes,eum
3260 631 3562 688 criminari
3585 631 3787 686 stude-

2137 728 2377 794 bant,ac
2396 743 2773 798 summopere
2798 725 3242 781 laborabant.Et
3262 722 3502 793 quidem
3525 738 3660 776 eum
3684 737 3786 775 rex

2136 818 2456 888 aliquando
2489 817 2810 872 satellitum
2844 823 3021 870 manu
3054 831 3157 885 pro
3173 829 3452 867 suamore
3471 809 3784 883 septus,ad

2136 907 2507 962 venationem
2531 906 2827 977 profectus
2845 904 3144 967 fuisset,in
3164 907 3507 956 venatorum
3531 915 3781 956 numero

2136 996 2356 1068 probus
2371 997 2470 1049 ille
2498 996 2583 1048 vir
2596 1000 2739 1049 erat.
2757 994 2900 1048 Cum
2914 999 3111 1048 autem
3134 992 3259 1062 ipse
3275 990 3435 1045 solus
3449 989 3782 1045 ambularet

2137 1086 2376 1156 (divino,
2393 1085 2700 1156 ut0pinor,
2719 1083 2968 1139 consilio
2984 1084 3065 1137 ita
3077 1081 3346 1150 ferente),
3366 1080 3672 1134 hominem
3686 1080 3779 1133 in-

2137 1179 2226 1230 ter
2239 1175 2452 1230 densas
2470 1174 2716 1229 arbores
2732 1173 2898 1227 humi
2925 1176 3307 1244 prostratum,
3333 1185 3400 1223 ac
3432 1168 3581 1240 pede
3603 1183 3638 1222 a
3657 1167 3783 1222 fera

2136 1264 2389 1335 quadam
2420 1263 2672 1336 graviter
2701 1263 3044 1330 contritum,
3089 1259 3354 1314 offendit.
3398 1257 3506 1323 Qui
3538 1256 3780 1328 quidem

2134 1353 2330 1424 ipsum
2345 1359 2800 1425 praetereuntem
2815 1348 3358 1421 intuens,precibus
3371 1347 3442 1402 ab
3458 1364 3526 1402 eo
3540 1351 3780 1401 conten-

2134 1442 2393 1498 debatne
2421 1460 2481 1497 se
2498 1442 3060 1513 prmteriret,verum
3085 1437 3439 1493 calamitatis
3454 1453 3574 1491 suae
3600 1435 3776 1489 mise-

2132 1532 2360 1586 ratione
2382 1531 2740 1596 afficeretur,
2766 1529 3017 1600 atquein
3035 1528 3275 1582 domum
3291 1542 3458 1582 suam
3477 1524 3780 1579 abducen-

2131 1621 2272 1675 dum
2305 1626 2556 1676 curaret.
2605 1620 2790 1675 Simul
2842 1621 3021 1674 etiam
3072 1618 3220 1672 illud
3265 1616 3554 1688 adjunxit,
3607 1630 3775 1668 suam

2131 1726 2369 1780 operam
2385 1711 2495 1780 ipsi
2513 1727 2631 1764 non
2645 1727 2888 1781 prorsus
2901 1709 3173 1763 inutilem
3187 1714 3360 1778 atque
3376 1707 3614 1760 inanem
3629 1703 3774 1759 fore.

2131 1799 2454 1854 Praeclarus
2485 1805 2678 1854 autem
2697 1799 2794 1853 ille
2813 1798 2898 1852 vir
2920 1798 2971 1852 ei
2991 1797 3140 1852 dixit
3164 1814 3176 1850 :
3203 1795 3491 1866 Equidem
3515 1793 3640 1864 ipse
3659 1792 3773 1846 vir-

2125 1889 2267 1942 tutis
2302 1888 2496 1942 studio
2516 1894 2692 1958 atque
2726 1904 2925 1943 amore
2946 1893 3000 1942 te
3028 1902 3348 1952 assumam,
3370 1884 3574 1954 tuique
3593 1897 3773 1953 quam

2120 1978 2438 2032 maximam
2454 1983 2657 2048 potero
2677 1993 2877 2032 curam
2897 1993 3119 2049 geram.
3135 1977 3349 2030 Verum
3383 1990 3513 2045 qua)
3531 1970 3770 2026 tandem

2123 2074 2214 2124 est
2243 2069 2367 2122 haec
2399 2069 2624 2123 utilitas
2657 2085 2834 2138 quam
2857 2067 2962 2121 abs
2987 2073 3040 2122 te
3063 2067 3136 2122 ad
3155 2083 3249 2121 me
3280 2065 3606 2120 redituram
3639 2076 3767 2116 esse

2121 2158 2208 2213 ais
2229 2157 2256 2212 ?
2285 2159 2516 2227 Pauper
2545 2162 2742 2211 autem
2772 2156 2871 2210 ille
2905 2161 2964 2210 et
2994 2155 3311 2210 imbecillis
3337 2172 3348 2207 :
3382 2156 3522 2223 Ego,
3552 2150 3766 2222 inquit,

2122 2245 2494 2302 sermonibus
2523 2246 2679 2300 lassis
2712 2245 2944 2300 medeo.
2977 2247 3120 2298 Nam
3146 2243 3193 2299 si
3224 2242 3460 2314 quando
3483 2242 3545 2294 in
3573 2238 3767 2294 verbis

2121 2341 2223 2392 aut
2243 2335 2543 2405 colloquia
2558 2335 2770 2389 vulnus
2789 2333 3028 2406 aliquod
3048 2339 3149 2388 aut
3169 2332 3387 2387 afﬁctio
3414 2329 3767 2394 inveniatur,

2121 2423 2541 2478 consentaneis
2558 2421 3008 2477 medicamentis
3026 2437 3094 2475 ea
3107 2435 3343 2483 curo,ac
3355 2434 3427 2473 ne
3441 2416 3666 2472 malum
3679 2412 3770 2468 ul-

2121 2512 2305 2566 terius
2320 2510 2982 2582 serpatprohibeo.Pius
2997 2509 3195 2578 itaque
3211 2508 3310 2562 ille
3325 2508 3410 2561 vir
3425 2519 3767 2576 quanquam

2121 2599 2179 2654 id
2199 2600 2354 2670 quod
2375 2600 2606 2654 dixerat
2621 2598 2845 2652 nullius
2869 2597 3155 2652 momenti
3178 2597 3440 2662 duceret,
3459 2600 3658 2648 tamen
3681 2592 3771 2647 di-

2119 2689 2237 2742 vini
2268 2689 2532 2743 mandati
2565 2704 2744 2741 causa
2771 2703 2905 2740 eum
2937 2687 2997 2740 in
3037 2685 3278 2740 domum
3329 2698 3494 2737 suam
3526 2680 3768 2746 deferri,

2121 2779 2292 2847 eique
2324 2794 2500 2848 quam
2517 2793 2622 2847 par
2640 2781 2766 2832 erat
2783 2793 2984 2830 curam
2998 2775 3266 2830 adhiberi
3275 2773 3475 2845 jussit.
3496 2769 3767 2826 Atinvidi

2121 2866 2208 2920 illi
2242 2872 2301 2920 et
2328 2866 2514 2921 livore
2533 2865 2741 2937 perciti
2775 2866 3066 2932 homines,
3088 2863 3161 2918 de
3193 2863 3408 2934 quibus
3431 2865 3566 2916 ante
3582 2858 3764 2915 locuti

2121 2971 2346 3022 sumus,
2371 2955 2812 3026 improbitatem
2828 2954 3135 3025 quamjam
3152 2952 3379 3023 pridem
3393 2949 3774 3022 paturiebant

2119 3045 2180 3098 in
2195 3044 2388 3099 lucem
2414 3043 2826 3115 proferentes,i
2836 3059 3006 3114 psum
3022 3041 3177 3113 apud
3190 3057 3388 3112 regem
3403 3041 3513 3094 hoc
3528 3038 3768 3092 nomine

2121 3138 2423 3198 accusant,
2452 3133 2610 3203 quod
2643 3149 2761 3187 non
2792 3132 2984 3186 solum
3017 3130 3293 3187 amicitim
3327 3127 3768 3199 ipsiusoblitus,

2040 3190 2082 3256 C
2123 3221 2367 3276 deorum
2399 3190 2623 3277 cultum
2655 3221 3033 3294 neglexisset,
3066 3226 3242 3292 atque
3273 3190 3767 3275 ad-Christianam

2119 3310 2464 3382 religionem
2483 3311 2752 3366 animum
2774 3310 3120 3380 inﬂexisset,
3143 3326 3345 3364 verum
3371 3308 3548 3363 etiam
3561 3307 3770 3363 adver-

2121 3417 2219 3455 sus
2248 3401 2432 3471 ipsius
2467 3402 2837 3473 majestatem
2859 3400 3057 3473 gravia
3075 3401 3403 3466 moliretur,
3418 3398 3768 3471 popularem

2121 3490 2590 3545 scilicetturbam
2608 3495 2968 3561 pervertens,
2993 3491 3382 3561 omniumque
3407 3487 3770 3544 benevolen-

2121 3581 2282 3648 tiam,
2318 3581 2428 3636 sibi
2456 3583 2802 3637 concilians.
2827 3580 2991 3646 Quod
3011 3582 3058 3636 si
3090 3598 3195 3652 pro
3221 3587 3382 3636 certo
3403 3581 3554 3635 scire
3577 3579 3766 3649 cupis,

2120 3670 2418 3740 inquiunt,
2438 3671 2588 3724 nihil
2613 3689 2718 3725 nos
2741 3671 2959 3742 fingere
2982 3675 3157 3738 atque
3172 3668 3560 3726 comminisci.
3576 3667 3768 3738 priva-

2120 3759 2224 3812 tim
2255 3759 2328 3821 ei,
2365 3759 2630 3813 tentandi
2657 3759 2845 3828 ipsius
2877 3775 3074 3822 causa,
3109 3759 3203 3813 dic
3237 3765 3291 3813 te
3323 3759 3530 3813 relicta
3576 3759 3767 3828 patria

2119 3847 2405 3918 religione
2420 3865 2485 3902 ac
2499 3848 2662 3919 regni
2678 3847 2886 3918 gloria,
2903 3847 3297 3902 Christianam
3330 3847 3505 3902 ﬁdem
3527 3847 3761 3918 ample-

2120 3935 2619 4005 cti,habitumque
2650 3937 3068 4002 monasticum,
3099 3953 3274 4007 quem
3307 3936 3448 3991 olim
3480 3941 3764 4006 tanquam

2119 4040 2326 4094 parum
2359 4023 2673 4078 honestum
2691 4031 3036 4094 persecutus
3050 4041 3132 4091 es,
3158 4024 3403 4080 induere
3425 4025 3595 4081 velle.
3619 4027 3764 4082 Nam

2121 4112 2220 4182 qui
2237 4112 2361 4166 haec
2375 4113 2656 4167 adversus
2670 4112 2859 4167 virum
2875 4113 3043 4167 illum
3059 4113 3342 4168 scelerate
3365 4114 3762 4187 conﬁgebant,

2119 4201 2304 4271 ipsius
2319 4202 2501 4255 animi
2517 4201 2854 4255 institutum
2869 4202 2941 4256 ad
2956 4203 3476 4272 compunctionem
3509 4221 3762 4276 propen-

2120 4289 2423 4343 sissimum
2473 4290 2841 4359 exploratum
2888 4289 3221 4358 habebant;
3255 4308 3365 4348 nec
3415 4291 3768 4349 dubitabant

2120 4378 2264 4448 quin
2296 4378 2343 4432 si
2367 4378 2493 4432 hmc
2516 4377 2695 4433 verba
2715 4395 2749 4433 a
2777 4395 2911 4450 rege
2943 4379 3198 4445 audiret,
3233 4380 3430 4436 statim
3462 4381 3574 4452 ipsi
3607 4382 3767 4453 quod

2118 4467 2498 4537 prmstantius
2533 4471 2689 4522 esset
2715 4467 2992 4536 suadens,
3013 4474 3217 4524 auctor
3249 4469 3482 4525 futurus
3517 4475 3673 4527 esset
3701 4475 3768 4525 ut

2028 4556 2074 4620 D
2107 4555 2183 4609 iis
2207 4571 2342 4625 quae
2375 4561 2534 4611 recte
2559 4557 2830 4611 consulta
2854 4563 3071 4624 essent,
3105 4558 3332 4614 nullam
3354 4577 3578 4616 moram
3599 4561 3769 4615 aﬂ‘er-

2114 4648 2403 4715 ret,atque
2430 4645 2566 4700 hinc
2588 4662 2724 4700 vera
2740 4662 2868 4700 esse
2891 4663 3020 4716 qua:
3039 4647 3315 4704 dicebant
3335 4649 3762 4704 invenirentur.

2186 4823 2305 4876 Rex
2320 4827 2541 4891 autem,
2569 4841 2686 4895 qua
2711 4825 2916 4880 virille
2944 4842 3080 4898 erga
3102 4844 3162 4882 se
3184 4827 3764 4884 benevolentiaesset

2115 4910 2362 4965 minime
2394 4912 2690 4983 ignorans,
2721 4931 2787 4970 ea
2819 4932 2948 4985 quae
2973 4915 3323 4971 dicebantur
3343 4916 3758 4988 probabilitate

2113 4999 2273 5052 omni
2306 5016 2504 5054 carere
2536 5018 2603 5057 ac
2632 5001 2779 5058 falsa
2810 5021 2938 5058 esse
2970 5004 3267 5060 censebat.
3300 5007 3499 5076 Neque
3523 5006 3636 5062 sibi
3666 5007 3755 5063 fa-

2111 5087 2386 5142 ciendum
2421 5105 2548 5145 esse
2571 5090 2840 5156 ducebat,
2863 5099 2927 5146 ut
2952 5110 3022 5147 ea
3040 5100 3258 5148 temere
3290 5095 3634 5167 susciperet.
3659 5113 3756 5152 ve-

2109 5193 2239 5230 rum
2265 5194 2386 5231 rem
2412 5179 2601 5249 ipsam
2626 5187 2802 5251 atque
2827 5181 3124 5253 objectum
3147 5184 3376 5239 crimen
3399 5186 3752 5256 exploraret.

2110 5264 2480 5336 Quapropter
2511 5285 2641 5322 cum
2677 5285 2808 5323 eum
2843 5270 3090 5324 remotis
3138 5271 3375 5327 arbitris
3425 5274 3752 5342 accivisset,

2110 5354 2376 5408 tentandi
2400 5355 2589 5426 ipsius
2616 5374 2792 5412 causa
2813 5358 2892 5412 ita
2916 5376 3046 5413 eum
3074 5361 3498 5416 estallocutus:
3521 5364 3700 5420 Nosti.
3722 5379 3754 5417 ο

2111 5441 2322 5506 amice,
2345 5445 2626 5514 quoniam
2643 5447 2815 5500 modo
2830 5447 3137 5503 adversum
3155 5466 3253 5505 eos
3267 5450 3365 5520 qui
3381 5453 3652 5506 monachi
3667 5450 3755 5506 di-

573 5538 1155 5619 liemma_m_etr_ic'um
1187 5540 1246 5619 i_n
1279 5540 1490 5619 codice
1506 5546 1554 5619 ,Α
1581 5560 1593 5596 :
1625 5543 1729 5608 Τήν
1762 5543 2012 5619 βασκανία

2124 5538 2287 5619 σεϐὧν
2319 5543 2526 5618 ἀνδρῶν
2561 5547 2678 5619 ὅρα.

421 5607 773 5698 (0612⁸00ρεἱὲ
804 5612 866 5677 C,
898 5608 956 5664 ἐκ
986 5609 1126 5698 θείας
1161 5610 1317 5698 οἶμαι
1347 5608 1553 5698 συμϐάν
1584 5607 2005 5698 τοῦὲοόἰκονομ

2136 5617 2226 5698 _De
2257 5619 2384 5687 pari
2404 5607 2659 5698 formula
2689 5618 2835 5698 οὕτω
2863 5619 3069 5698 ωμᾷἀν
3093 5625 3225 5698 vide
3256 5641 3434 5698 supra
3464 5633 3503 5680 t.
3536 5628 3580 5693 Ι,
3615 5642 3746 5698 pag.

357 5679 482 5747 168,
515 5679 616 5748 ll;
651 5686 691 5735 t.
719 5680 790 5749 ΙΙ,
821 5697 953 5755 pag.
998 5683 1086 5754 47,
1139 5679 1616 5759 ΠέΝἱοορὶωτυε
1669 5679 1977 5761 Gregoras,
2023 5689 2232 5744 Histor.
2257 5679 2366 5758 ἰν,
2426 5692 2478 5758 6,
2539 5694 2609 5746 2:

2665 5687 2874 5765 συμϐὰν
2931 5687 3141 5748 ὀὑτωσὶ
3199 5687 3443 5771 θειοτέρᾳ
3495 5687 3745 5774 προνοίᾷ.
