4042 6154
283 291 393 351 883

1810 306 2175 364 ΔΒΒΕΝΟΔ.

3579 304 3691 361 884

291 423 508 476 cuntur
536 422 713 492 atquo
743 418 892 477 adeo
923 419 1201 479 adversus
1222 439 1426 481 omnes
1448 425 1814 484 Christianos
1837 446 1933 485 me

2056 430 2209 506 γνοὺς
2289 435 2397 487 τῶν
2453 430 2737 509 παρόντων
2768 475 2784 504 ,
2841 428 3055 487 ἐκείνων
3122 429 3399 508 βούλομαι
3447 428 3693 504 γενέσθαι

288 510 763 583 gesserim,nunc
780 515 977 567 autem
996 528 1064 567 eo
1079 529 1319 569 nomine
1340 514 1687 586 paenitentia
1702 517 1933 588 ductus,

290 604 467 670 atque
479 601 863 672 praesentium
877 618 1075 657 rerum
1089 605 1478 673 pertmsus,ad
1491 622 1625 677 spes
1639 606 1772 662 illas
1789 624 1936 678 quas

294 705 396 745 eos
427 695 962 746 commemorantes
987 691 1431 764 audivi,nempe
1461 694 1814 751 immortalis
1836 713 1936 752 cu-

284 777 529 850 jusdam
560 779 914 852 regni,quod
936 781 998 834 in
1015 781 1261 836 aliavita
1274 781 1537 838 futurum
1561 790 1768 853 est,me
1792 802 1936 841 con-

291 867 446 922 ferre
478 868 651 939 cupio
679 872 842 937 (nam
875 886 1138 940 praesens
1164 886 1410 943 regnum
1450 879 1640 929 morte
1693 874 1937 931 omnino

292 955 775 1029 interrumpitur)
799 958 980 1014 :istud
998 964 1197 1014 autem
1215 976 1310 1016 me
1341 961 1507 1016 nullo
1526 962 1748 1035 alioqui
1765 964 1938 1020 modo

293 1047 679 1119 consequi.ac
691 1049 809 1103 voti
828 1050 945 1104 mei
958 1055 1293 1120 compotem
1308 1068 1437 1107 esse
1450 1070 1622 1124 posse
1643 1055 1938 1125 existimo,

290 1135 409 1190 nisi
422 1136 790 1192 Christianus
804 1137 940 1193 tiam
951 1139 1253 1211 ,regnique
1268 1141 1383 1195 mei
1397 1142 1599 1214 gloriae
1611 1160 1678 1198 ac
1696 1144 1941 1215 reliquis

297 1224 547 1297 hujusce
565 1225 720 1298 vitaaj
730 1227 1174 1284 ucunditatibus
1188 1230 1651 1301 etvoluptatibus
1675 1232 1831 1288 dicta
1844 1249 1941 1288 ex-

299 1317 493 1368 trema
514 1314 723 1382 salute,
749 1314 886 1370 illos
907 1316 1198 1387 religiosae
1220 1319 1348 1373 vitae
1371 1319 1649 1389 cultores,
1674 1326 1943 1376 etmona-

300 1402 464 1468 chos,
499 1418 647 1473 quos
678 1404 882 1475 inique
914 1411 972 1460 et
1001 1406 1284 1463 scelerate
1333 1409 1552 1479 expuli,
1586 1427 1941 1481 quocunque

298 1491 541 1547 tandem
556 1492 617 1547 in
630 1492 760 1547 loco
780 1493 920 1563 sint,
940 1495 1274 1567 inquirens,
1297 1497 1443 1568 ipsis
1456 1515 1549 1553 me
1562 1498 1940 1554 admisceam.

295 1581 387 1637 Ad
416 1582 566 1651 haec,
600 1582 701 1653 qui
724 1582 850 1653 ipse
873 1584 960 1639 ais
981 1584 1008 1638 ?
1038 1590 1096 1639 et
1116 1586 1257 1657 quid
1280 1587 1425 1641 mihi
1456 1587 1789 1643 faciendum
1813 1605 1946 1643 cen-

300 1688 397 1728 ses
412 1672 537 1728 ‘Idic
554 1690 892 1746 quaeso,per
904 1678 1411 1749 veritatemipsam
1438 1684 1493 1734 te
1514 1678 1793 1734 obtestor.
1818 1681 1943 1735 Non

2045 524 2152 574 τῶν
2182 518 2419 576 ἐλπίδων
2471 519 2545 576 ὧν
2601 519 2865 597 λεγοντων
2925 520 3100 576 αὐτῶν
3161 520 3371 589 ἀκήκοα
3427 517 3697 573 ἀθανάτου

2043 609 2191 671 τινὸς
2225 610 2508 685 βασιλείας
2540 610 2614 672 εἷς
2644 609 2822 682 ἀλλην
2856 611 3045 686 βιοτὴν
3088 607 3403 683 μελλούσης
3456 603 3690 661 ἔσεσθαι·

2045 699 2079 766 ἡ
2105 698 2205 773 γὰρ
2245 703 2489 772 παροῦσα
2543 699 2752 772 θανάτῳ
2800 701 3015 762 πάντως
3066 695 3430 753 διακόπτεται.
3464 695 3580 754 Ούκ
3625 693 3690 750 ἃν

2046 784 2236 849 ἄλλως
2269 785 2326 842 δὲ
2353 792 2515 843 τοῦτο
2564 787 2976 862 κατορθωθῆναι
3009 808 3102 861 μοι
3153 785 3298 842 δοκῶ
3353 786 3440 842 καὶ
3497 786 3572 858 μή
3606 781 3692 839 διο

2047 882 2305 953 αμαρτεῖν
2335 881 2433 932 τοῦ
2480 881 2706 951 σκοποῦ,
2752 876 2801 932 εἲ
2850 877 2928 950 μὴ
2980 874 3296 953 Χριστιανός
3325 895 3384 931 τε
3416 875 3692 949 γένωμαι,

2046 967 2135 1021 καὶ
2169 966 2384 1041 χαίρειν
2415 966 2583 1022 εἰπὼν
2627 970 2695 1041 τῇ
2756 963 2882 1041 δόξῃ
2941 972 3040 1036 τῆς
3072 963 3210 1037 ἐμῆς
3266 962 3545 1040 βασιλείας
3599 962 3694 1018 καὶ

2047 1060 2163 1117 τοῖς
2198 1055 2414 1118 λοιποῖς
2445 1054 2598 1126 ἡδέσι
2628 1056 2718 1111 καὶ
2742 1060 2997 1130 τερπνοῖς
3036 1059 3133 1109 τοῦ
3169 1054 3316 1129 βίου,
3345 1052 3472 1115 τοὺς
3521 1053 3701 1123 ἀσκη-

2047 1145 2142 1206 τάς
2172 1144 2405 1208 ἐκείνους
2465 1146 2551 1200 καὶ
2612 1145 2943 1218 μονάζοντας
3000 1149 3237 1213 ζητῆσας
3295 1141 3433 1197 ὅπου
3479 1142 3600 1196 ποτ’
3632 1141 3699 1196 ἂν

2051 1236 2176 1303 εἷεν,
2238 1233 2329 1297 οὕς
2384 1231 2587 1298 ἀδικως
2643 1232 2939 1304 ἀπήλασα,
2995 1231 3226 1294 ἐκείνοις
3280 1231 3466 1287 ἑαυτὸν
3525 1230 3695 1304 έγκα·

2047 1323 2284 1396 ταμίζω.
2320 1325 2461 1393 Πρὸς
2491 1328 2659 1379 ταῦτα
2682 1322 2736 1378 τί
2768 1325 2874 1398 φὴς
2909 1322 3092 1392 αὐτὸς,
3138 1321 3228 1376 καὶ
3279 1319 3468 1376 ὁποίαν
3526 1316 3700 1382 δίδως

2056 1411 2304 1488 βουλήνς
2364 1412 2502 1484 εἰπὲ,
2556 1414 2692 1488 πρὸς
2745 1412 2913 1481 αὐτῆς
2957 1419 3057 1481 τῆς
3086 1409 3367 1481 ἀληθείας.
3401 1406 3536 1467 Οἶδα
3589 1410 3699 1485 γὰρ

2051 1499 2234 1571 ἀληθῆ
2283 1504 2372 1557 καὶ
2434 1501 2748 1577 εὐγνώμονα
2801 1502 2932 1556 εἶναί
2984 1521 3043 1555 σε
3103 1500 3235 1575 ὑπὲρ
3293 1498 3516 1560 πάντας.
3547 1498 3608 1555 Ὁ
3640 1494 3705 1552 δὲ

2052 1592 2248 1666 ἀγαθὸς
2278 1590 2414 1668 ἀνὴρ
2448 1592 2669 1665 ἐκεῖνος,
2720 1592 2796 1656 ὡς
2820 1596 2989 1647 ταῦτα
3016 1587 3239 1660 ἤκουδε,
3292 1586 3556 1663 μηδὸΑως
3604 1588 3703 1642 τὸν

2052 1680 2483 1756 ἐγκεκρυμμένον
2543 1680 2797 1757 ἐπιγνοὺς
2853 1679 3062 1749 δόλον,
3116 1678 3384 1752 κατενύγη
3440 1680 3542 1736 24
3595 1677 3701 1746 τήν

300 1761 464 1817 enim
481 1778 577 1818 me
593 1762 744 1836 fugit
768 1768 822 1819 te
842 1781 1020 1836 supra
1039 1783 1246 1822 omnes
1277 1769 1558 1824 mortales
1578 1770 1697 1824 veri
1719 1770 1942 1824 studio-

2056 1772 2258 1848 ψυχῆν,
2314 1772 2404 1827 καὶ
2464 1768 2685 1845 δάκρυσι
2737 1770 3193 1845 συγκεχυμένοις,
3253 1767 3539 1827 ἀπλοῖκῶς
3598 1766 3707 1821 ἀπ-

2161 1861 2170 1870 .
2365 1861 2390 1870 Α
2490 1857 2583 1870 .-
2670 1859 2684 1870 .
2814 1859 2824 1870 .
2953 1858 3007 1870 ._
3148 1862 3237 1870 .___
3325 1858 3423 1870 η...
3489 1856 3517 1870 η
3592 1853 3658 1870 κ.

301 1868 457 1918 sum,
490 1856 666 1923 atque
699 1853 884 1909 animi
912 1856 1203 1926 probitate
1233 1857 1549 1928 praeditum
1568 1874 1717 1915 esse.
1750 1860 1945 1914 Bonus

306 1945 508 1996 autem
536 1941 638 1997 ille
669 1943 777 2010 vir,
809 1948 874 1998 ut
896 1943 1022 2000 hanc
1042 1945 1285 2006 audivit.
1316 1946 1648 2002 abstrusam
1677 1947 1945 2003 fraudem

305 2029 473 2085 nullo
486 2030 663 2086 modo
674 2047 1021 2104 agnoscens,
1038 2033 1222 2089 animi
1236 2052 1363 2090 com
1371 2038 1689 2107 punctione
1704 2039 1948 2092 affectus

303 2121 818 2194 est,lacrymisque
831 2124 1183 2195 profusus,si
1192 2127 1392 2198 mplici
1406 2129 1604 2182 animo
1619 2129 1945 2200 respondit:

301 2210 443 2278 Rex,
476 2216 765 2267 aeternum
794 2212 937 2279 vive,
972 2213 1195 2269 bonum
1228 2219 1287 2269 et
1324 2215 1582 2271 salutare
1630 2218 1948 2272 consilium

297 2299 806 2366 iniisti.Quoniam
824 2302 1057 2365 etiamsi
1073 2304 1353 2359 caelorum
1367 2321 1610 2377 regnum
1627 2323 1777 2378 aegre
1794 2307 1949 2362 inve-

298 2389 415 2443 niri
444 2394 659 2460 potest,
685 2396 889 2445 tamen
911 2391 1108 2463 ipsum
1130 2394 1410 2449 omnibus
1430 2394 1649 2449 viribus
1673 2412 1946 2465 quaeren-

302 2479 446 2533 dum
460 2479 682 2544 estzQui
701 2480 860 2534 enim
883 2482 1116 2551 quaerit,
1131 2483 1327 2554 inquit
1343 2484 1667 2555 ille,ipsum
1689 2485 1952 2540 inveniet

300 2568 480 2638 (Lucce
508 2568 609 2639 χι).
643 2569 1032 2625 Ρτωεεῃῑὶυῐιι
1048 2576 1245 2627 autem
1264 2589 1463 2628 rerum
1486 2573 1712 2628 fructus
1732 2574 1948 2630 licetin

301 2656 559 2728 speciem
591 2657 848 2715 oblectet
874 2675 942 2714 ac
973 2661 1333 2734 voluptatem
1365 2664 1591 2725 afferat,
1633 2664 1948 2735 pulchrum

297 2749 499 2800 tamen
516 2750 752 2800 esteum
771 2747 1103 2818 propellere
1121 2765 1188 2803 ac
1215 2749 1823 2819 propulsare.Etenim
1842 2767 1951 2805 no-

300 2839 423 2889 ster
452 2838 580 2888 tum
611 2834 871 2905 denique
902 2841 1011 2903 est,
1041 2853 1174 2891 cum
1202 2844 1325 2893 est:
1370 2844 1429 2892 et
1474 2856 1624 2909 quos
1672 2839 1947 2909 oblectat,

296 2922 486 2980 multo
504 2924 691 2996 magis
709 2941 947 2982 rursum
966 2927 1284 2982 excruciat.
1313 2929 1459 2982 Nam
1481 2933 1538 2983 et
1555 2928 1741 2999 ipsius
1754 2928 1917 2983 suavi
1930 2958 1950 2972 -

299 3013 441 3069 tatis
464 3017 524 3068 et
543 3012 832 3069 molestias
853 3014 1064 3070 umbra
1083 3015 1501 3072 imbecilliores
1523 3022 1680 3084 sunt,
1702 3034 1771 3072 ac
1791 3017 1951 3072 velut

302 3102 469 3158 navis
483 3101 544 3157 in
568 3103 719 3158 mari
737 3119 978 3159 cursum
997 3105 1274 3173 tenentis,
1293 3110 1395 3161 aut
1423 3106 1544 3161 avis
1560 3122 1755 3161 aerem
1775 3122 1949 3177 pera-

301 3192 530 3265 grantis
558 3193 804 3265 vestigia
823 3210 1000 3265 quam
1032 3195 1306 3250 ocissime
1339 3174 1942 3266 evanescunt(S(_zp.v).
1975 3174 2017 3240 ο

302 3281 541 3348 Contra,
560 3280 894 3336 futurorum
919 3299 1074 3354 spes,
1089 3299 1266 3354 quam
1289 3283 1576 3339 Chistiani
1599 3285 1945 3355 praedicant,

299 3370 475 3425 ﬁrma
499 3386 568 3425 ac
592 3370 889 3426 tutissima
901 3376 1010 3440 est,
1028 3372 1263 3428 tametsi
1281 3373 1343 3427 in
1361 3373 1584 3428 mundo
1607 3390 1946 3445 pressuram

297 3457 535 3514 habeat.
555 3460 716 3531 (Joan
729 3465 864 3528 xw).
891 3461 972 3515 Ac
986 3460 1437 3531 juncunditates
1457 3463 1699 3533 quidem
1724 3462 1947 3532 eaequi-

293 3548 407 3604 bus
421 3564 581 3604 nunc
602 3548 860 3604 fruimur
878 3549 1087 3605 breves
1111 3557 1271 3619 sunt,
1294 3552 1417 3607 illic
1430 3558 1627 3607 autem
1650 3552 1801 3606 nihil
1819 3568 1946 3607 om-

297 3639 672 3711 ninopreeter
695 3638 1054 3711 supplicium
1078 3658 1147 3696 ac
1167 3658 1473 3713 nunquam
1493 3641 1786 3697 finiendos
1807 3658 1943 3696 cru-

299 3729 490 3785 ciatus
502 3730 1061 3785 accersunt.Harum
1077 3730 1237 3785 enim
1259 3747 1457 3787 rerum
1481 3731 1740 3786 suavitas
1761 3731 1941 3794 ﬂuxa,

2055 1861 2325 1936 εκρίνατοο
2363 1857 2610 1936 βασιλεῦ,
2642 1859 2719 1922 εἰς
2745 1859 2873 1923 τοὺς
2917 1858 3112 1920 αἰῶνας
3147 1862 3273 1927 ζῆθι
3320 1858 3451 1929 (62)·
3488 1853 3703 1930 βουλὴν

2053 1949 2155 2026 γὰρ
2204 1951 2413 2025 ἀγαθὴν
2462 1949 2552 2004 καὶ
2611 1950 2879 2021 σωτήριον
2939 1942 3274 2015 ἐϐουλεύσω,
3305 1944 3410 2016 ὅτι,
3440 1943 3537 1999 κᾶν
3571 1940 3701 1998 δυσ-

2058 2040 2277 2115 εύρετος
2308 2041 2343 2108 ἡ
2377 2042 2487 2112 (63)
2517 2042 2625 2093 τῶν
2675 2038 2919 2113 οὐρανῶν
2965 2032 3239 2103 ϐασιλεία,
3271 2032 3400 2089 ἀλλ’
3429 2034 3584 2107 ὅμως
3617 2030 3707 2088 δεῖ

2055 2128 2257 2198 ταύτην
2307 2126 2452 2202 πάσῃ
2514 2125 2740 2200 δυνάμει
2795 2131 2995 2196 ζητεῖν·
3054 2126 3116 2182 Ὀ
3174 2127 3349 2194 ζητῶν
3411 2122 3540 2198 γὰρ,
3597 2143 3709 2199 φη-

2058 2217 2141 2273 σὶν
2194 2220 2326 2290 (64),
2386 2217 2603 2291 εὑρήσει
2649 2217 2842 2286 αὐτὴν.
2873 2217 2937 2272 Ἠ
2973 2212 3031 2270 δὲ
3057 2214 3164 2269 τῶν
3220 2213 3502 2287 παρόντων
3560 2211 3705 2266 ἀπό-

2057 2304 2268 2376 λαυσις,
2310 2304 2407 2361 κᾶν
2459 2310 2540 2378 τῷ
2596 2303 2908 2383 φαινομένῳ
2962 2304 3131 2379 τέρπῃ
3187 2302 3276 2357 καὶ
3331 2298 3523 2372 ἡδύνῃ,
3557 2297 3710 2356 ἀλλὰ

2058 2395 2226 2450 καλὸν
2260 2394 2425 2463 αὐτὴν
2482 2395 2819 2458 ἀπώσασθαι·
2856 2391 2907 2448 έν
2939 2393 3089 2464 αύτῷ
3145 2391 3245 2467 γὰρ
3301 2393 3382 2461 τῷ
3411 2390 3544 2444 εἶναι
3604 2389 3707 2444 ούκ

2057 2480 2167 2540 ἔστι
2199 2528 2212 2554 ,
2257 2483 2345 2538 καὶ
2407 2481 2499 2547 οὕς
2554 2482 2825 2560 εὐφραίνει
2874 2478 3261 2541 ἓπταπλασίως
3315 2479 3468 2540 αὖθις
3516 2482 3703 2535 Λυπεῖ.

2057 2574 2135 2628 Τά
2162 2592 2221 2628 τε
2247 2572 2346 2646 γὰρ
2398 2571 2572 2647 ἀγαθά
2621 2571 2790 2641 αὐτῆς
2842 2571 2912 2626 τά
2958 2590 3019 2624 τε
3073 2567 3297 2644 λυπηρά
3352 2573 3505 2631 σκιᾶς
3560 2566 3704 2622 ἐστιν

2059 2659 2423 2736 ἀσθενέστερα,
2478 2660 2617 2731 καὶ,
2669 2660 2742 2722 ὡς
2791 2658 2924 2734 ἴχνη
2981 2658 3114 2728 νηὸς
3160 2656 3608 2731 ποντοπορούσης
3667 2655 3706 2726 ἢ

2062 2749 2250 2824 ὀρνέου
2272 2749 2363 2804 τὸν
2402 2750 2530 2825 ἀέρα
2579 2746 2945 2825 διερχομένου
2996 2750 3127 2820 (65),
3173 2750 3362 2810 θᾶττον
3413 2744 3701 2823 ἀφανίζονο

2055 2860 2165 2895 ται.
2197 2840 2256 2895 Ἣ
2294 2836 2351 2893 δὲ
2396 2842 2504 2894 τῶν
2561 2837 2877 2910 μελλόντων
2911 2834 3090 2903 ἐλπὶς,
3145 2834 3213 2903 ἢν
3258 2834 3618 2907 κηρύττουσιν
3648 2834 3700 2887 οἱ

2057 2926 2396 3001 Χριστιανοὶ,
2435 2921 2626 3002 βεϐαία
2674 2924 2783 2980 ἐστὶ
2844 2926 2933 2980 καὶ
2992 2920 3391 3001 ἀσφαλεστάτη·
3428 2921 3608 2996 θλίψιν
3641 2918 3701 2976 δὶ

2058 3015 2175 3091 ἔχει
2207 3015 2260 3070 έν
2286 3020 2364 3088 τῷ
2391 3015 2604 3088 κόσμῳ.
2649 3011 2824 3071 ’Λλλά
2869 3013 2935 3067 τὰ
2969 3012 3061 3086 μὲν
3114 3013 3356 3087 ἡμέτερα
3403 3015 3489 3065 νῦν
3540 3009 3699 3080 ἡδέα,

2060 3102 2442 3179 ὀλιγοχρόνια,
2503 3102 2613 3157 ἐκεῖ
2662 3099 2720 3156 δέ
2770 3101 2915 3164 ὅλως
2948 3099 3101 3157 οὐδὲν
3159 3101 3194 3169 ἢ
3248 3097 3470 3154 κόλασιν
3525 3097 3698 3170 μόνον

2057 3195 2424 3269 προξενοῦντα
2452 3191 2545 3247 καὶ
2600 3190 2869 3266 τιμωρίαν
2930 3189 3007 3252 εἰς
3064 3187 3262 3250 αἰῶνας
3297 3187 3371 3261 μὴ
3399 3184 3693 3258 λυομένην·

2058 3285 2118 3337 τὸ
2158 3282 2261 3356 γὰρ
2320 3278 2424 3350 ἡδὺ
2478 3280 2708 3347 τούτων,
2767 3278 3123 3354 πρόσκαιρον,
3177 3279 3240 3332 τὸ
3297 3273 3356 3331 δὲ
3409 3272 3700 3349 ὀδυνηρὸν,

2056 3369 2319 3442 διηνεκές·
2350 3374 2456 3425 τῶν
2500 3367 2558 3424 δὲ
2587 3370 2922 3445 Χριστιανῶν
2961 3369 3023 3422 τὸ
3077 3366 3173 3440 μὶν
3227 3364 3505 3435 ἐπίπονον,
3530 3361 3701 3439 πρόσ-

2061 3480 2274 3535 καιρον,
2305 3458 2368 3514 τὸ
2410 3456 2467 3514 δὲ
2518 3456 2624 3528 ἡδυ
2681 3456 2771 3512 καὶ
2828 3459 3127 3532 χρήσιμον,
3189 3453 3468 3519 ἀθάνατον.
3503 3454 3705 3510 Κατευο

2056 3548 2269 3620 θυνθείη
2305 3545 2398 3603 οὖν
2428 3549 2463 3617 ἡ
2498 3547 2672 3622 ἀγαθὴ
2704 3549 2801 3601 τοῦ
2836 3543 3103 3621 βασιλέως
3140 3541 3339 3619 βουλή·
3369 3540 3540 3597 καλὸν
3570 3540 3699 3617 γὰρ,

2054 3636 2259 3716 σφόδρα
2304 3635 2470 3693 καλὸν
2523 3639 2631 3690 τῶν
2690 3637 2940 3711 φθαρτῶν
2992 3633 3060 3688 τὰ
3116 3632 3310 3687 αίώιια
3366 3628 3704 3700 ἀνταλλάξα-

2054 3738 2196 3792 σθαι.

302 3824 361 3874 et
384 3819 746 3890 temporaria
776 3824 882 3888 est,
915 3819 1207 3875 acerbitas
1236 3826 1433 3875 autem
1465 3821 1826 3892 sempiterna
1849 3837 1861 3875 :
1896 3819 2364 3875 Christianorum
2386 3821 2592 3873 contra
2613 3815 2781 3872 labor
2801 3814 3040 3887 quidem
3062 3811 3456 3885 temporarius
3484 3814 3701 3879 est,vo-

302 3907 500 3979 luptas
528 3913 726 3963 autem
760 3914 820 3964 et
849 3909 1077 3964 utilitas
1108 3910 1480 3966 immortalis.
1517 3911 1911 3976 Quamobrem
1942 3909 2196 3965 feliciter
2219 3908 2393 3962 velim
2424 3907 2594 3962 cedat
2647 3906 2871 3961 bonum
2929 3910 3097 3959 tuum
3155 3901 3491 3957 consilium.
3551 3898 3699 3954 Pul-

301 3997 511 4052 chrum
553 4002 643 4052 est
673 3998 857 4066 enim,
891 4014 959 4054 ac
986 3998 1151 4053 valde
1182 3999 1519 4070 pulchrum,
1554 4017 1623 4055 ea
1652 4018 1782 4071 qua)
1812 3999 2056 4054 interitu
2087 3998 2342 4053 obnoxia
2371 4001 2510 4051 sunt
2545 4012 2681 4051 cum
2712 3993 3091 4065 sempiternis
3126 3995 3517 4047 commutare.

370 4103 472 4158 His
499 4103 694 4160 verbis
726 4106 966 4173 auditis,
998 4122 1102 4160 rex
1130 4107 1511 4161 vehementer
1534 4106 1774 4177 quidem
1795 4107 1947 4160 indi-

295 4197 508 4265 gnatus
524 4199 610 4247 est
634 4199 948 4260 ;cmterum
964 4195 1333 4251 iracundiam
1357 4197 1729 4269 compressit.
1753 4211 1947 4267 neque

295 4281 411 4353 ipsi
442 4285 567 4335 tum
603 4281 927 4352 quidquam
958 4283 1190 4339 locutus
1218 4290 1326 4341 est.
1360 4288 1433 4339 At
1454 4285 1573 4351 ille,
1606 4291 1672 4340 ut
1695 4286 1947 4357 quipru-

301 4370 450 4425 dens
481 4387 547 4424 ac
580 4387 756 4441 sagax
770 4378 1151 4444 esset,regem
1167 4391 1273 4429 sua
1287 4374 1465 4429 verba
1481 4376 1733 4447 graviter
1755 4380 1813 4430 et
1832 4391 1951 4429 mo-

299 4458 448 4513 leste
480 4459 779 4530 accepisse
812 4460 1247 4529 animadvertit,
1275 4472 1629 4533 versutoque
1662 4463 1859 4516 animo
1891 4461 1950 4516 id

2126 4105 2222 4161 25
2284 4102 2512 4156 ’Ἤκουσε
2568 4099 2793 4155 ταῦταὸ
2830 4096 3083 4174 βασιλεὺς
3141 4097 3230 4151 καὶ
3292 4091 3415 4151 λίαν
3471 4089 3699 4168 ἐδυσχέ-

2058 4210 2205 4268 ρανει
2235 4190 2467 4263 κατέσχε
2497 4185 2554 4243 δὲ
2586 4186 2738 4259 ὅμως
2766 4188 2865 4256 τὴν
2901 4185 3091 4262 ὀργὴν,
3124 4184 3214 4240 καὶ
3268 4180 3425 4238 οὐδὲν
3455 4182 3593 4243 τέως
3620 4183 3705 4252 τῷ

2059 4277 2215 4352 ἀνδρί
2251 4275 2577 4347 λελάληκεν.
2621 4277 2682 4333 Ὀ
2741 4273 2819 4346 δὲ,
2866 4274 3083 4336 συνετὸς
3139 4272 3213 4328 ὢν
3269 4273 3356 4328 καὶ
3417 4270 3705 4346 ἀγχίνους,

2058 4367 2267 4445 ἐπέγνω
2304 4369 2509 4441 βαρέως
2552 4365 2798 4440 δέξασθαι
2852 4367 2943 4422 τὸν
3007 4361 3235 4440 βασιλέα
3262 4364 3328 4418 τὰ
3361 4361 3576 4438 ῥήματα
3606 4360 3709 4415 αύ-

2056 4463 2153 4514 τοῦ
2183 4457 2272 4513 καὶ
2304 4458 2386 4512 δτι
2416 4454 2564 4528 δόλῳ
2611 4456 2678 4524 ἦν
2739 4454 2901 4509 αύτὸν
2956 4451 3309 4528 ἐκπειράζων.
3343 4451 3707 4524 Ὑποστρέψας

300 4548 587 4605 duntaxat
617 4548 826 4621 egisse,
858 4554 924 4603 ut
947 4549 1135 4619 ipsius
1153 4550 1419 4606 animum
1447 4551 1780 4622 exploraret
1803 4568 1816 4615 ;
1843 4551 1943 4605 do-

2060 4546 2117 4602 δὲ
2147 4544 2331 4602 οἴκαδε
2358 4548 2548 4616 ἠνιᾶτο
2595 4543 2683 4599 καὶ
2736 4541 3043 4620 ἐδυσφόρει,
3075 4541 3295 4615 ἀπορῶν
3346 4539 3457 4595 τίνι
3511 4538 3705 4613 τρόπῳ

298 4655 584 4710 mumque
598 4654 891 4703 reversus,
910 4637 972 4691 in
990 4655 1240 4694 mmrore
1257 4646 1435 4709 atque
1451 4640 1734 4711 languore
1748 4655 1915 4694 versa
1926 4669 1942 4680 -

297 4727 856 4797 batur,addubitans
879 4727 1149 4782 videlicet
1169 4743 1426 4798 quonam
1449 4726 1623 4781 modo
1649 4727 1804 4799 regis
1823 4726 1943 4782 ani-

300 4833 466 4874 mum
498 4818 812 4891 mitigaret,
845 4821 1023 4888 atque
1066 4816 1399 4888 inpendens
1449 4815 1561 4872 sibi
1594 4814 1943 4888 ,periculum

384 5078 497 5150 (62)
551 5076 831 5150 Formula
903 5074 1203 5150 orationis
1268 5074 1594 5150 orientalis.

2059 4636 2372 4710 θεραπεύσει
2408 4635 2498 4689 τὸν
2554 4631 2777 4708 βασιλέα
2832 4632 2923 4686 καὶ
2981 4629 3183 4707 ἐκφύγῃ
3236 4628 3327 4683 τὸν
3386 4626 3705 4701 ἐπηρτημέ-

2059 4746 2149 4780 νον
2182 4723 2329 4796 αύτῷ
2358 4720 2624 4779 κινδυνον.
2658 4718 2879 4792 ’Δύπνῳ
2912 4716 2970 4773 δὲ
2999 4717 3136 4788 ὅλην
3179 4718 3279 4785 τήν
3324 4714 3492 4771 νύκτα
3522 4711 3705 4769 διατε-

2059 4810 2249 4870 λοῦντι
2308 4813 2397 4869 ἐπὶ
2451 4813 2677 4887 μνήμης
2732 4809 2895 4880 ἦλθεν
2954 4807 3099 4881 αύτῷ
3128 4807 3276 4863 ὁτὸν
3321 4801 3464 4862 πόδα
3519 4823 3708 4859 συντε-

1682 5072 1890 5128 Daniel

2105 5074 2211 5128 2t:
2295 5070 2427 5128 Εἷπε
2510 5067 2722 5142 ΔανιὴλΔ
2770 5068 2849 5142 τῷ
2910 5067 3127 5142 βασιλεῖ
3201 5065 3289 5142 εἷς-
3326 5058 3709 5142 τοὺεαίωνας

307 5134 452 5218 ζῆθι.
480 5134 623 5215 Ὼιιευ
653 5149 830 5203 verba
870 5149 1128 5203 recitans
1176 5147 1262 5219 Jo.
1295 5147 1767 5219 Chrysostomus,
1801 5162 1929 5217 pag.

2062 5145 2263 5219 Cotel._
2300 5145 2420 5219 δρα,
2449 5134 2673 5219 inquit,
2698 5134 2848 5215 ῥῆμα
2871 5134 3189 5219 ’κολακείας
3238 5138 3408 5219 γέμον
3421 5134 3711 5219 ΛΡὴίξίξειξ-

346 5211 480 5289 bus,
508 5211 574 5275 in
597 5219 933 5289 narratione
965 5219 1037 5274 de
1069 5218 1332 5289 Syntipa,
1367 5211 1429 5288 p:
1457 5221 1543 5279 25,
1577 5218 1724 5285 Cyro
1756 5211 1944 5288 rege'a

2056 5222 2188 5283 'ato,
2221 5213 2297 5275 εἷς
2323 5211 2415 5269 τὸν
2448 5211 2618 5289 αἰῶνα
2651 5211 2798 5282 ζῆθι,
2983 5211 3211 5267 Ibidem

304 5239 480 5294 pnus,
512 5239 574 5275 1n
597 5239 933 5275 narratione
965 5239 1037 5274 ae
1069 5239 1332 5344 Dgnupa,
1367 5239 1422 5288 p.
1457 5239 1543 5279 ιω,
1577 5239 1724 5285 L4er
1756 5239 1891 5288 rege
1923 5239 1944 5271 δ

307 5290 384 5353 εἷς
414 5291 506 5346 τὸν
541 5290 732 5354 αῗῶνα,
769 5288 1014 5356 βασιλεῦ.
1047 5293 1093 5344 Α
1141 5290 1210 5344 de
1244 5306 1338 5356 pp.
1375 5292 1461 5344 57.
1496 5291 1583 5352 47,
1620 5292 1740 5354 100,
1777 5291 1913 5353 152;

2057 5239 2188 5283 "illo,
2221 5239 2297 5275 εις
2323 5239 2415 5269 τον
2448 5239 2618 5269 αιωνα
2651 5239 2798 5282 (mut,
2829 5239 2931 5269 au.
2983 5239 3211 5267 uuucun
3264 5239 3319 5282 μ.
3381 5239 3449 5263 υν
3474 5249 3486 5261 .
3549 5239 3710 5272 νυνι»

2056 5303 2120 5341 ue
2178 5292 2349 5343 notas
2398 5288 2472 5342 ad
2501 5288 2815 5351 Elianum,
2862 5286 2988 5356 Hist
3042 5299 3188 5356 Avari.
3221 5284 3420 5356 1,32“:
3478 5275 3710 5356 Cotele:

307 5288 384 5353 εἷς
414 5291 506 5346 τὸν
541 5290 732 5364 αῗῶνα,
769 5288 1210 5364 βασιλεῦαΑᾲᾀΘ
1242 5288 1318 5360 pp

3262 5201 3319 5282 p'.
3381 5211 3449 5263 60
3474 5223 3517 5282 :_
3549 5201 3711 5282 ζώοίς

308 5345 466 5419 rium
497 5364 570 5419 ad
601 5345 798 5418 locum
827 5362 1071 5419 Joannis
1101 5345 1501 5432 Chrfsbstomi
1530 5345 1586 5430 pl
1621 5345 1765 5424 214';
1822 5365 1881 5413 et
1904 5345 2117 5428 supra,
2153 5363 2191 5413 t.
2225 5357 2321 5429 IlI,
2356 5376 2415 5431 p.
2449 5361 2573 5430 391,
2604 5376 2663 5413 n.
2700 5362 2724 5413 1
2761 5345 2934 5411 verba
2987 5352 3305 5426 Nicephori
3352 5347 3605 5406 Chumni
3635 5345 3715 5402 ad

312 5436 757 5507 imperatorem.

388 5500 498 5579 ('65)
530 5507 752 5579 Forsan
781 5500 819 5577 ᾖ
849 5503 908 5571 ἡ.

410 5580 496 5647 64)
525 5573 801 5634 Christus
823 5575 979 5647 apud
1010 5575 1145 5631 Luc.
1176 5591 1258 5643 ιι,
1292 5576 1395 5642 10;
1429 5573 1628 5630 Matth.
1651 5591 1742 5643 vn,
1777 5575 1829 5629 8.

410 5580 478 5633 64
525 5580 794 5634 Christus
823 5580 979 5647 apud
1010 5580 1145 5631 Luc.
1176 5591 1258 5643 ιι,
1292 5580 1395 5642 1ος
1429 5580 1523 5630 Ma

410 5580 498 5725 65)
531 5650 695 5707 Conf.
727 5650 862 5721 Sap.
894 5647 1116 5705 Salom.
1149 5664 1199 5717 ν,
1228 5650 1279 5717 9,
1316 5649 1403 5716 10,
1437 5650 1523 5706 ll.
