4042 6154
269 324 380 384 883

1796 332 2160 390 ADDENDA.

3567 323 3677 380 884

278 456 495 510 cuntur
523 454 699 523 atquo
730 449 879 508 adeo
909 449 1187 509 adversus
1208 468 1413 510 omnes
1434 454 1801 511 Christianos
1823 472 1919 511 me

2050 457 2195 531 γνοὺς
2274 459 2383 512 τῶν
2440 454 2723 532 παρόντων
2755 497 2770 527 ,
2827 450 3040 510 ἐκείνων
3108 449 3386 528 βούλομαι
3435 448 3679 524 γενέσθαι

275 542 751 616 gesserim,nunc
768 546 964 598 autem
983 558 1051 597 eo
1064 559 1306 598 nomine
1326 543 1481 615 pceni
1492 545 1675 600 tentia
1689 544 1920 614 ductus,

277 637 454 703 atque
467 632 851 704 praesentium
865 648 1061 687 rerum
1076 634 1465 703 pertaasus,ad
1478 650 1612 705 spes
1626 633 1759 689 illas
1777 651 1922 705 quas

281 738 384 777 eos
415 726 949 777 commemorantes
974 721 1418 794 audivi,nempe
1448 723 1802 778 immortalis
1823 741 1924 778 cu-

272 809 518 883 jusdam
549 810 902 884 regni,quod
923 811 986 864 in
1003 810 1249 865 aliavita
1262 810 1525 866 futurum
1548 818 1755 880 est,me
1780 829 1924 867 con-

280 899 435 954 ferre
466 900 639 971 cupio
667 903 831 969 (nam
863 916 1126 971 praesens
1153 916 1399 972 regnum
1439 906 1629 957 morte
1681 902 1925 957 omnino

280 987 764 1061 interrumpitur)
788 989 969 1044 :istud
987 995 1186 1044 autem
1204 1006 1299 1045 me
1329 989 1496 1044 nullo
1515 990 1738 1062 alioqui
1754 991 1926 1047 modo

283 1079 667 1150 consequi.ac
680 1080 798 1134 voti
817 1081 933 1135 mei
948 1085 1282 1151 compotem
1297 1097 1425 1136 esse
1440 1098 1610 1152 posse
1632 1082 1927 1151 existimo,

280 1168 399 1223 nisi
412 1167 780 1222 Christianus
794 1168 928 1224 (iam
941 1169 1243 1241 ,regnique
1257 1171 1373 1224 mei
1387 1170 1667 1242 gloriaeac
1686 1171 1931 1241 reliquis

286 1257 537 1329 hujusce
555 1257 1164 1329 vitaajucunditatibus
1178 1259 1640 1330 etvoluptatibus
1665 1259 1821 1314 dicta
1833 1275 1930 1314 ex-

289 1349 483 1400 trema
504 1345 713 1413 salute,
740 1346 876 1401 illos
897 1347 1188 1417 religiosa;
1210 1348 1338 1402 vitae
1361 1347 1639 1416 cultores,
1664 1354 1932 1403 etmona-

291 1434 455 1501 chos,
490 1451 638 1505 quos
668 1435 873 1506 inique
904 1441 963 1490 et
992 1436 1275 1492 scelerate
1324 1436 1543 1508 expuli,
1577 1452 1931 1508 quocunque

288 1523 531 1580 tandem
547 1523 607 1578 in
621 1523 751 1579 loco
771 1525 911 1594 sint,
932 1525 1265 1597 inquirens,
1288 1526 1434 1597 ipsis
1447 1543 1540 1581 me
1553 1526 1931 1581 admisceam.

287 1614 378 1669 Ad
408 1614 558 1682 haec,
591 1613 692 1685 qui
716 1614 842 1685 ipse
864 1614 951 1670 ais
971 1614 999 1669 ?
1029 1620 1087 1670 et
1107 1616 1249 1687 quid
1270 1615 1415 1670 mihi
1446 1616 1782 1671 faciendum
1804 1632 1937 1670 cen-

293 1721 389 1761 ses
404 1704 530 1760 ‘Idic
547 1722 883 1776 qumso,per
896 1708 1198 1761 veritatem
1210 1707 1402 1778 ipsam
1430 1712 1484 1762 te
1506 1706 1577 1761 ob
1587 1711 1785 1761 testor.
1811 1708 1935 1762 Non

2032 550 2139 599 τῶν
2168 543 2406 600 ἐλπίδων
2457 542 2532 600 ὦν
2586 542 2851 620 λεγοντων
2911 542 3086 598 αὐτῶν
3147 541 3358 610 ἀκήκοα
3415 536 3682 593 ἀθανάτου

2030 634 2177 696 τινὸς
2212 635 2495 710 βασιλείας
2526 633 2601 695 εἷς
2631 631 2809 705 ἀλλην
2843 632 3032 708 βιοτὴν
3076 628 3391 704 μελλούσης
3444 623 3677 681 ἔσεσθαι·

2033 725 2066 791 ἡ
2093 724 2192 799 γὰρ
2233 727 2477 796 παροῦσα
2531 722 2740 795 Θανάτῳ
2787 723 3003 783 πάντως
3052 716 3419 775 διακόπτεται.
3453 715 3569 774 Οὐκ
3613 713 3678 769 ὃν

2035 809 2224 874 ἄλλως
2256 810 2315 867 δὲ
2341 816 2503 867 τοῦτο
2552 809 2964 885 κατορθωθῆναί
2997 829 3091 883 μοι
3141 806 3286 863 δοκῶ
3341 807 3429 862 καὶ
3485 806 3561 878 μὴ
3595 801 3679 858 διο

2035 907 2293 978 αμαρτεῖν
2323 906 2421 957 τοῦ
2469 904 2694 974 σκοποῦ,
2740 898 2790 954 εἴ
2839 899 2916 972 μὴ
2969 896 3284 974 Χριστιανός
3313 916 3373 951 τε
3406 895 3679 970 γένωμαι,

2035 992 2123 1046 καὶ
2157 991 2373 1066 χαίρειν
2404 990 2571 1046 εἰπὼν
2616 993 2683 1063 τῇ
2745 985 2872 1063 δόξῃ
2929 994 3030 1057 τῆς
3060 985 3199 1059 ἐμῆς
3254 983 3535 1060 βασιλείας
3588 982 3681 1038 καὶ

2036 1086 2152 1142 τοῖς
2187 1080 2403 1143 λοιποῖς
2434 1078 2587 1150 ¹ἡδέσι
2617 1079 2707 1134 καὶ
2730 1082 2986 1153 τερπνοῖς
3025 1080 3123 1130 τοῦ
3157 1076 3306 1149 βίου,
3334 1072 3461 1135 τοὺς
3510 1073 3687 1142 ἀσκη-

2036 1170 2131 1232 τᾶς
2161 1169 2394 1232 ἐκείνους
2454 1169 2541 1224 καὶ
2602 1168 2933 1242 μονάζοντας
2990 1170 3227 1234 ζητῆσας
3284 1161 3423 1217 ὅπου
3468 1162 3591 1216 ποτ’
3621 1160 3684 1215 ἃν

2040 1261 2166 1329 εἷεν,
2228 1258 2319 1321 οὕς
2374 1255 2576 1322 ἀδικως
2633 1255 2930 1327 ἀπήλασα,
2985 1253 3215 1316 ἐκείνοις
3271 1252 3456 1307 ἑαυτὸν
3515 1249 3681 1324 ἐγκα-

2037 1349 2273 1422 ταμίζω.
2310 1349 2451 1418 Πρὸς
2480 1352 2648 1403 ταῦτα
2672 1345 2726 1401 τί
2758 1346 2865 1422 φὴς
2900 1343 3082 1413 αὐτὸς,
3128 1341 3218 1397 καὶ
3269 1340 3459 1397 ὁποίαν
3516 1336 3687 1401 δίδως

2046 1437 2295 1514 βουλήνς
2355 1437 2493 1509 εἰπὲ,
2547 1437 2682 1512 πρὸς
2735 1434 2903 1503 αὐτῆς
2949 1440 3048 1503 τῆς
3076 1430 3358 1502 ἀληθείας.
3392 1426 3528 1487 Οἶδα
3581 1429 3686 1514 γὸιρ

2042 1513 2225 1596 ἀληθῆ
2274 1528 2363 1582 καὶ
2424 1525 2740 1601 εὐγνώμονα
2792 1524 2924 1578 εἶναί
2975 1542 3033 1577 σε
3094 1520 3226 1596 ὑπὲρ
3284 1518 3508 1580 πάντας.
3538 1518 3600 1574 Ὀ
3630 1513 3693 1571 δὲ

2044 1619 2239 1693 ἀγαθὸς
2270 1615 2404 1692 ἀνὴρ
2439 1616 2660 1689 ἐκεῖνος,
2711 1614 2787 1679 ὡς
2812 1618 2980 1670 ταῦτα
3008 1608 3231 1682 ἧκουδε,
3283 1606 3547 1683 μηδόΛως
3595 1606 3691 1662 τὸν

2043 1706 2475 1782 ἐγκεκρυμμένον
2535 1704 2789 1780 ἐπιγνοὺς
2845 1701 3054 1772 δόλον,
3108 1699 3377 1773 κατενύγη
3433 1701 3534 1756 24
3588 1697 3690 1765 τὴν

292 1794 456 1850 enim
473 1810 568 1849 me
586 1794 736 1867 fugit
762 1800 814 1849 te
834 1811 1012 1867 supra
1032 1813 1238 1852 omnes
1268 1798 1551 1853 mortales
1569 1798 1689 1851 veri
1712 1797 1934 1851 studio-

2050 1797 2251 1873 ψυχὴν,
2306 1796 2397 1851 καὶ
2456 1792 2677 1869 δάκρυσι
2729 1792 3186 1868 συγκεχυμένοις,
3245 1788 3531 1848 ἁπλοϊκῶς
3590 1786 3696 1840 ἀπ-

2153 1886 2163 1896 ’
2356 1886 2382 1896 Α
2482 1881 2501 1896 κ
2550 1889 2575 1896 ..
2662 1882 2676 1896 .
2806 1882 2818 1896 \
2945 1881 2999 1896 ς..
3140 1884 3234 1896 ν,,
3316 1879 3440 1896 ,ηομ
3481 1876 3510 1896 η
3584 1872 3690 1896 ηνςη

294 1900 450 1951 sum,
482 1888 658 1954 atque
692 1884 875 1940 animi
904 1885 1195 1956 probitate
1226 1886 1541 1958 praeditum
1561 1902 1709 1942 esse.
1743 1887 1937 1940 Bonus

300 1977 500 2029 autem
530 1972 632 2029 ille
662 1974 769 2041 vir,
800 1980 867 2029 ut
888 1974 1015 2030 hanc
1035 1975 1278 2035 audivit.
1309 1975 1641 2031 abstrusam
1670 1975 1938 2030 fraudem

298 2062 466 2118 nullo
479 2062 655 2117 modo
668 2079 1015 2135 agnoscens,
1031 2063 1214 2119 animi
1228 2066 1683 2136 compunctione
1697 2066 1941 2119 aﬂ‘ectus

297 2152 812 2227 est,lacrymisque
824 2155 959 2225 prof
958 2157 1239 2221 usus,sim
1245 2156 1385 2228 plici
1400 2157 1598 2211 animo
1612 2155 1938 2227 respondit:

295 2243 437 2310 Rex,
470 2248 759 2298 mternum
788 2243 932 2308 vive,
967 2243 1190 2299 bonum
1222 2249 1281 2298 et
1317 2244 1577 2299 salutare
1624 2244 1942 2299 consilium

292 2332 799 2398 iniisti.Quoniam
819 2332 1052 2395 etiamsi
1066 2333 1347 2388 caelorum
1360 2349 1604 2406 regnum
1621 2350 1772 2405 aegre
1789 2334 1943 2388 inve-

292 2421 410 2476 uiri
439 2426 654 2493 potest,
679 2426 883 2476 tamen
906 2421 1102 2494 ipsum
1125 2422 1405 2478 omnibus
1424 2422 1644 2477 viribus
1667 2439 1941 2493 quaeren-

297 2511 440 2566 dum
455 2511 676 2576 estzQui
696 2511 855 2566 enim
877 2513 1111 2582 quaerit,
1126 2512 1322 2583 inquit
1338 2512 1661 2583 ille,ipsum
1683 2513 1947 2567 inveniet

295 2600 475 2671 (Luem
505 2600 604 2672 ιι).
637 2600 1026 2656 Prmsentium
1043 2606 1241 2657 autem
1260 2618 1460 2657 rerum
1480 2601 1707 2657 fructus
1728 2602 1868 2656 licet
1884 2601 1944 2655 in

297 2690 555 2761 speciem
587 2690 844 2746 oblectet
870 2706 938 2746 ac
968 2691 1329 2764 voluptatem
1361 2692 1587 2755 aﬂ‘erat,
1629 2692 1945 2763 pulchrum

295 2783 495 2833 tamen
511 2781 600 2832 est
613 2794 748 2832 eum
766 2777 1100 2848 propellere
1118 2794 1185 2833 ac
1210 2778 1818 2848 propulsare.Etenim
1837 2794 1946 2832 no-

296 2871 419 2921 ster
448 2870 576 2920 tum
608 2866 867 2936 denique
898 2872 1008 2933 est,
1038 2882 1172 2921 cum
1199 2872 1322 2922 est:
1366 2873 1425 2921 et
1470 2884 1620 2937 quos
1669 2866 1943 2935 oblectat,

292 2955 482 3013 multo
501 2955 687 3028 magis
704 2972 944 3012 rursum
963 2956 1281 3011 excruciat.
1311 2958 1456 3011 Nam
1478 2962 1535 3010 et
1552 2956 1738 3027 ipsius
1751 2955 1914 3010 suavi
1927 2985 1947 2999 -

295 3045 438 3101 tatis
461 3048 520 3100 et
539 3043 828 3100 molestiae
849 3044 1061 3100 umbra
1080 3044 1499 3100 imbecilliores
1520 3050 1677 3112 sunt,
1699 3061 1768 3099 ac
1789 3044 1948 3099 velut

300 3134 466 3191 navis
480 3134 540 3189 in
565 3134 716 3189 mari
734 3150 975 3190 cursum
994 3134 1272 3202 tenentis,
1290 3138 1392 3190 aut
1420 3135 1541 3189 avis
1557 3150 1754 3189 aerem
1774 3149 1946 3204 pera-

299 3224 527 3298 grantis
555 3224 801 3296 vestigia
821 3240 999 3295 quam
1029 3224 1304 3279 ocissime
1336 3224 1940 3292 evanescunt(Sap.v).
1973 3200 2015 3266 (ἶ

300 3314 539 3381 Contra,
558 3312 891 3368 futurorum
917 3330 1072 3383 spes,
1088 3328 1265 3383 quam
1288 3311 1575 3368 Chistiani
1598 3312 1943 3383 pradicant,

298 3402 473 3458 ﬁrma
497 3417 565 3457 ac
592 3401 886 3457 tutissima
899 3407 1008 3470 est,
1027 3402 1261 3457 tametsi
1280 3401 1342 3456 in
1360 3400 1582 3456 mundo
1606 3417 1945 3472 pressuram

297 3489 533 3546 habeat.
554 3491 715 3562 (Joan
727 3494 862 3558 xvi).
890 3491 970 3545 Ac
984 3489 1435 3560 juncunditates
1457 3491 1698 3561 quidem
1724 3506 1806 3545 ea;
1819 3489 1945 3560 qui-

292 3581 406 3637 bus
419 3596 580 3636 nunc
600 3579 859 3635 fruimur
877 3579 1087 3635 breves
1111 3586 1271 3649 sunt,
1293 3580 1417 3636 illic
1429 3586 1626 3635 autem
1650 3579 1801 3634 nihil
1818 3595 1945 3634 om-

296 3672 443 3727 nino
454 3675 671 3743 prteter
694 3669 1053 3741 supplicium
1077 3687 1147 3726 ac
1168 3686 1472 3742 nunquam
1493 3669 1786 3725 finiendos
1806 3685 1943 3723 cru-

298 3761 489 3818 ciatus
501 3760 1060 3816 accersunt.Harum
1077 3759 1237 3814 enim
1259 3776 1458 3815 rerum
1481 3759 1740 3815 suavitas
1761 3757 1941 3819 fluxa,

2048 1886 2317 1961 εκρίνατο’
2355 1881 2602 1961 βασιλεῦ,
2634 1882 2711 1945 είς
2737 1882 2866 1946 τοὺς
2910 1881 3105 1941 αἰῶνας
3140 1884 3266 1948 ζῆθι
3312 1879 3444 1950 (62)·
3481 1872 3693 1961 βουλὴν

2046 1960 2147 2052 γάρ
2197 1976 2405 2051 ἀγαθήν
2454 1974 2544 2028 καὶ
2603 1974 2872 2044 σωτήριον
2933 1964 3267 2037 ἐϐουλεύσω,
3298 1964 3404 2035 ὅτι,
3433 1962 3530 2019 κᾶν
3563 1960 3693 2052 δυσ-

2051 2049 2270 2141 εὐρετος
2301 2066 2336 2133 ἡ
2370 2066 2480 2137 (63)
2510 2066 2617 2116 τῶν
2668 2061 2912 2137 οὐρανῶν
2958 2054 3233 2124 ϐασιλεία,
3265 2052 3394 2110 ἀλλ’
3423 2054 3577 2127 ὅμως
3611 2049 3698 2107 δεῖ

2048 2154 2251 2223 ταύτην
2300 2151 2445 2226 πάσῃ
2508 2149 2734 2223 δυνάμει
2789 2154 2989 2219 ζητεῖνο
3048 2148 3109 2203 Ὀ
3168 2149 3343 2215 ζητῶν
3404 2142 3533 2218 γάρ,
3591 2163 3701 2218 φη-

2051 2243 2134 2298 σὶν
2188 2245 2320 2315 (64),
2380 2241 2596 2315 εὑρήσει
2643 2241 2836 2309 αὐτὴν.
2867 2240 2931 2295 Ἠ
2967 2234 3025 2292 δὲ
3051 2236 3158 2291 τῶν
3214 2234 3496 2309 παρόντων
3554 2230 3698 2286 ἀπό-

2051 2330 2262 2400 λαυσις,
2304 2330 2401 2386 κᾶν
2453 2334 2534 2402 τῷ
2590 2327 2903 2407 φαινομένῳ
2957 2327 3125 2401 τέρπῃ
3181 2322 3270 2379 καὶ
3324 2319 3517 2394 ἡδύνῃ,
3551 2317 3703 2374 ἀλλὰ

2053 2420 2221 2476 καλὸν
2255 2419 2419 2489 αὐτὴν
2477 2419 2814 2482 ἀπώσασθαι·
2850 2414 2902 2471 ἐν
2934 2416 3084 2486 αὐτῷ
3139 2413 3239 2489 γὰρ
3295 2414 3376 2483 τῷ
3406 2410 3539 2465 εἶναι
3599 2408 3701 2463 οὐκ

2052 2506 2162 2565 ἔστι
2193 2553 2207 2578 ,
2252 2508 2341 2563 καὶ
2402 2506 2494 2571 οὕς
2550 2505 2820 2583 εὐφραίνει
2869 2500 3256 2563 ἑπταπλασίως
3310 2500 3463 2561 αὖθις
3510 2501 3698 2554 Λυπεῖ.

2052 2599 2130 2653 Τά
2156 2617 2216 2653 τε
2242 2598 2341 2671 γὰρ
2393 2595 2567 2671 ἀγαθὰ
2617 2594 2785 2663 αὐτῆς
2838 2593 2907 2648 τὰ
2952 2613 3014 2647 τε
3069 2589 3292 2665 λυπηρά
3347 2594 3500 2651 σκιᾶς
3554 2587 3699 2641 ἐστιν

2054 2684 2419 2761 ἀσθενέστερα,
2473 2683 2563 2739 καὶ
2597 2727 2613 2755 ,
2665 2684 2738 2744 ὡς
2788 2681 2920 2757 ἴχνη
2976 2679 3110 2749 νηὸς
3156 2675 3603 2751 ποντοπορούσης
3661 2673 3702 2745 ἢ

2058 2775 2246 2849 ὀρνέου
2267 2774 2359 2828 τὸν
2398 2774 2526 2849 ἀέρα
2575 2770 2941 2848 διερχομένου
2992 2773 3124 2841 (65),
3170 2772 3358 2831 θᾶττον
3408 2764 3698 2843 ἀφανίζον-

2051 2886 2161 2921 ται.
2193 2865 2253 2920 Ἣ
2290 2862 2347 2917 δέ
2392 2866 2501 2917 τῶν
2558 2860 2874 2934 μελλόντων
2908 2857 3087 2926 ἐλπὶς,
3142 2855 3210 2925 ἢν
3254 2854 3616 2928 κηρύττουσιν
3646 2853 3699 2907 οἱ

2054 2951 2393 3027 Χριστιανοὶ,
2431 2945 2622 3027 βεϐαία
2671 2948 2780 3004 ἐστὶ
2840 2948 2931 3003 καὶ
2988 2941 3387 3023 ἀσφαλεστάτη·
3424 2941 3607 3016 θλίψιν
3641 2937 3701 2996 δὲ

2055 3041 2171 3117 ἔχει
2204 3040 2362 3113 ἐντῷ
2389 3039 2602 3112 κόσμῳ.
2647 3035 2821 3094 Ἀλλὰ
2867 3036 2932 3090 τὰ
2966 3034 3059 3108 μὲν
3111 3034 3353 3107 ἡμέτερα
3399 3035 3487 3085 νῦν
3536 3029 3697 3100 ἡδέα,

2057 3127 2439 3204 ὀλιγοχρόνια,
2499 3127 2612 3181 ἐκεῖ
2660 3122 2718 3181 δὲ
2767 3124 2912 3187 ὅλως
2945 3121 3099 3179 οὐδὲν
3157 3122 3192 3191 ἢ
3244 3118 3468 3175 κόλασιν
3525 3117 3698 3190 μόνον

2055 3220 2422 3295 προξενοῦντα
2450 3215 2543 3271 καὶ
2598 3213 2866 3289 τιμωρίαν
2927 3211 3005 3274 εἰς
3061 3210 3260 3271 αἰῶνας
3295 3209 3369 3295 μὴ
3399 3205 3696 3295 λυομένην

2056 3292 2117 3363 τδ
2155 3308 2259 3381 γὰρ
2317 3303 2422 3375 ἡδὺ
2477 3303 2706 3371 τούτων,
2765 3301 3122 3377 πρόσκαιρον,
3175 3298 3238 3353 τὸ
3295 3294 3355 3351 δέ
3408 3292 3700 3368 ὀδυνηρὸν,

2055 3394 2317 3467 διηνεκές
2348 3399 2455 3450 τῶν
2498 3391 2556 3448 δὲ
2585 3394 2920 3469 Χριστιανῶν
2959 3391 3021 3444 τὸ
3076 3388 3171 3463 μὶν
3226 3385 3504 3454 ἐπίπονον,
3528 3382 3701 3459 πρόσ-

2059 3505 2273 3560 καιρον,
2304 3483 2367 3539 τὸ
2409 3480 2466 3538 δέ
2517 3479 2622 3552 ἡδυ
2681 3480 2770 3535 καὶ
2826 3481 3126 3555 χρήσιμον,
3188 3475 3467 3539 ἀθάνατον.
3502 3475 3705 3530 Κατευ·

2055 3573 2269 3645 θυνθείη
2304 3570 2398 3628 οὖν
2428 3574 2463 3641 ἡ
2497 3571 2671 3646 ἀγαθὴ
2703 3572 2800 3624 τοῦ
2835 3566 3102 3644 βασιλέως
3139 3562 3338 3641 βουλή·
3369 3560 3539 3618 καλὸν
3569 3560 3699 3637 γὰρ,

2053 3661 2259 3741 σφόδρα
2304 3660 2469 3717 καλὸν
2523 3664 2631 3715 τῶν
2689 3660 2939 3735 φθαρτῶν
2991 3655 3060 3711 τὰ
3116 3653 3310 3708 αίώθια
3365 3648 3705 3721 ἀνταλλάξα-

2054 3764 2194 3817 σθαι.

303 3856 361 3907 et
385 3850 745 3922 temporaria
775 3854 883 3918 est,
916 3849 1207 3905 acerbitas
1237 3855 1434 3904 autem
1466 3849 1826 3920 sempiterna
1849 3864 1862 3902 :
1897 3845 2365 3902 Christianorum
2387 3846 2592 3897 contra
2613 3839 2781 3896 labor
2801 3836 3040 3910 quidem
3064 3831 3457 3906 temporarius
3484 3835 3701 3922 est,vo-

302 3919 727 4011 luptasautem
761 3944 820 3995 et
849 3939 1078 3994 utilitas
1108 3939 1481 3994 immortalis.
1518 3919 1911 4005 Quamobrem
1942 3935 2197 3991 feliciter
2219 3933 2393 3987 velim
2424 3931 2595 3986 cedat
2648 3930 2871 3984 bonum
2930 3932 3098 3981 tuum
3155 3922 3491 3980 consilium.
3552 3919 3700 3975 Pul-

302 4029 512 4085 chrum
553 4034 643 4084 est
674 4030 858 4096 enim,
892 4046 959 4084 ac
987 4028 1152 4083 valde
1183 4028 1520 4099 pulchrum,
1555 4045 1624 4083 ea
1654 4045 1783 4099 quae
1814 4025 2056 4081 interitu
2088 4023 2343 4078 obnoxia
2372 4025 2511 4076 sunt
2546 4036 2681 4075 cum
2713 4016 3092 4089 sempiternis
3126 4016 3517 4069 commutare.

372 4135 473 4189 His
501 4135 695 4192 verbis
727 4136 967 4205 auditis,
998 4152 1102 4190 rex
1131 4135 1512 4189 vehementer
1536 4134 1774 4205 quidem
1796 4132 1948 4187 indi-

296 4229 510 4298 gnatus
526 4231 611 4279 est
637 4230 950 4291 ;caaterum
965 4224 1336 4281 iracundiam
1359 4225 1731 4297 compressit,
1755 4238 1949 4294 neque

297 4313 413 4386 ipsi
444 4317 570 4367 tum
605 4313 928 4383 quidquam
959 4314 1192 4369 locutus
1221 4319 1327 4370 est.
1361 4314 1575 4378 Atille,
1609 4319 1674 4367 ut
1696 4313 1950 4384 quipru-

303 4402 452 4458 dens
483 4419 549 4457 ac
582 4419 757 4472 sagax
771 4409 1153 4475 esset,regem
1170 4421 1275 4458 sua
1290 4403 1468 4458 verba
1484 4404 1736 4475 graviter
1757 4407 1815 4457 et
1835 4418 1954 4456 mo-

301 4491 452 4547 leste
483 4491 781 4562 accepisse
814 4491 1250 4559 animadvertit,
1277 4501 1632 4561 versutoque
1665 4489 1862 4544 animo
1895 4488 1952 4542 id

2128 4130 2223 4186 25
2285 4128 2514 4181 Ἤκουσε
2570 4123 2794 4179 ταῦταὸ
2832 4117 3085 4197 βασιλεὺς
3142 4118 3231 4172 καὶ
3293 4112 3416 4172 λίαν
3472 4110 3701 4189 ἐδυσχέ-

2060 4236 2207 4293 ρανει
2236 4215 2469 4288 κατέσχε
2499 4210 2556 4267 δὲ
2587 4210 2739 4284 ὅμως
2768 4211 2866 4279 τήν
2903 4207 3093 4284 ὀργήν,
3125 4206 3215 4261 καὶ
3269 4201 3427 4259 οὐδὲν
3457 4202 3594 4263 τέως
3622 4204 3707 4273 τῷ

2060 4290 2218 4378 ἀνδρὶ
2252 4300 2579 4372 λελάληκεν.
2623 4300 2684 4357 Ὀ
2743 4297 2820 4370 δὲ,
2867 4296 3085 4358 συνετὸς
3141 4293 3215 4349 ὢν
3270 4295 3358 4349 καὶ
3418 4290 3707 4367 ἀγχίνους,

2060 4392 2269 4470 ἐπέγνω
2306 4393 2510 4467 βαρέως
2554 4389 2800 4464 δέξασθαι
2854 4389 2946 4444 τὸν
3009 4383 3237 4462 βασιλέα
3264 4386 3331 4440 τὰ
3363 4383 3579 4459 ῥήματα
3609 4380 3711 4436 αὖ·

2059 4488 2155 4541 τοῦ
2186 4483 2274 4538 καὶ
2306 4484 2389 4537 ὅτι
2418 4479 2567 4553 δόλῳ
2614 4481 2680 4549 ἦν
2742 4477 2903 4533 αὐτὸν
2959 4473 3312 4550 ἐκπειράζων.
3346 4472 3708 4545 Ὑποστρέψας

303 4581 590 4637 duntaxat
620 4559 828 4653 egisse,
860 4584 926 4634 ut
950 4580 1138 4650 ipsius
1156 4580 1423 4635 animum
1449 4559 1783 4650 exploraret
1806 4596 1819 4642 ;
1846 4577 1939 4632 do.

2063 4572 2120 4628 δέ
2150 4569 2334 4628 οἴκαδε
2361 4573 2551 4640 ἠνιᾶτο
2597 4567 2687 4623 καὶ
2739 4564 3045 4642 ἐδυσφόρει,
3078 4564 3297 4653 ἀπορῶν
3349 4560 3460 4653 τίνι
3514 4559 3707 4653 τρόπῳ

301 4687 587 4742 mumque
601 4686 894 4735 reversus,
914 4669 975 4723 in
993 4686 1243 4724 mmrore
1260 4674 1438 4738 atque
1455 4669 1737 4739 languore
1752 4683 1945 4721 versa-

300 4759 859 4829 batur,addubitans
881 4758 1153 4813 videlicet
1173 4773 1429 4828 quonam
1452 4754 1627 4810 modo
1654 4754 1807 4827 regis
1826 4753 1946 4810 ani-

304 4866 469 4906 mum
502 4849 816 4922 mitigaret,
850 4854 1026 4919 atque
1070 4845 1403 4919 inpendens
1453 4844 1564 4901 sibi
1598 4842 1947 4916 ,periculum

388 5110 517 5183 (62),
555 5107 836 5183 Formula
908 5104 1208 5183 orationis
1273 5102 1599 5183 orientalis.

2062 4663 2375 4737 θεραπεύσει
2412 4660 2501 4714 τὸν
2557 4656 2781 4733 βασιλέα
2834 4654 2926 4710 καὶ
2984 4652 3185 4730 ἐκφύγῃ
3239 4650 3331 4705 τὸν
3378 4647 3709 4737 ἐπηρτημέ-

2062 4732 2152 4805 νον
2186 4748 2333 4821 αὖτῷ
2362 4732 2628 4804 κινδυνον.
2662 4742 2882 4815 ’Δΰπνῳ
2915 4740 2973 4796 δέ
3003 4740 3140 4810 ὅλην
3183 4740 3282 4807 τὴν
3328 4735 3496 4792 νύκτα
3526 4732 3708 4790 διατι-

2063 4836 2254 4895 λοῦντι
2312 4838 2402 4894 ἐπὶ
2455 4837 2681 4912 μνήμης
2735 4832 2900 4904 ἦλθεν
2957 4829 3279 4904 αὖτῷὸτὸν
3325 4823 3468 4883 πόδα
3522 4843 3711 4880 συντε-

1688 5099 1895 5156 Daniel

2050 5147 2051 5155 .
2110 5100 2216 5154 2i:
2300 5097 2432 5154 Εἶπε
2515 5091 2726 5165 Δανιὴλ,
2775 5091 2853 5165 τῷ
2916 5090 3131 5165 βασιλεῖ
3205 5087 3294 5165 εἷςΔ
3330 5080 3711 5165 mhi-aluum:

312 5156 836 5251 (7,5175%;
875 5156 1772 5251 maliis—".19.'Ch‘éisééigmus,
1807 5190 1934 5244 pag.

2068 5170 2269 5251 αριθιο.
2306 5170 2426 5251 δρειν
2455 5156 2854 5251 ίξιειυίιέὲῆμέι
2876 5156 3205 5251 Maius
3242 5156 3713 5251 γέμοξηΡΡίΞΒὲΒῖ

309 5248 486 5327 phus,
518 5251 938 5327 in_narratione
970 5250 1042 5327 de
1072 5248 1338 5327 Syntipa,

1373 5234 1436 5318 p:
1462 5250 1549 5309 25,
1583 5247 1730 5315 Cyro
1761 5234 1939 5315 rege“:

2050 5249 2193 5307 rato,
2226 5239 2302 5301 εἷς
2328 5234 2421 5294 τὸν
2453 5234 2623 5318 adclive
2656 5234 2803 5306 ζῆθι,
2835 5236 2944 5318 δῇ..
2983 5234 3217 5318 ,Ιὺὶἀθῐιὶ

3268 5222 3324 5304 ρί
3386 5233 3455 5284 60
3480 5246 3523 5304 :_
3555 5222 3712 5304 ζώρίς

312 5296 391 5386 ξιξ
400 5296 1041 5398 “τ“ἐν’ῖξξξ›ῖὲιζ“ρζσῖῑεξξ
1054 5296 1345 5398 Ᾱᾷᾆ’ἑ’ἱβ’.
1369 5296 1445 5398 ξπ
1458 5296 1745 5398 ,ίέὴξξρᾀ
1762 5296 1881 5398 1'33;
1906 5296 1939 5380 ςί

2056 5296 2355 5398 uenotas
2404 5296 2821 5398 adAzEliani‘im,
2867 5309 3194 5398 βίσιΜυανἔ
3226 5296 3434 5398 πίβὲ
3484 5296 3713 5398 Sino-teli;

313 5365 1592 5461 ‘Rb'dxﬁ'idahiiié‘cﬁiy‘éBéiBihi'pl
1627 5365 1887 5452 ~81—43"th
1908 5365 2123 5455 supra,
2158 5365 2579 5455 ιίήῘΙΪξΡίθἮ,
2610 5400 2669 5438 n.
2706 5386 2730 5436 1
2767 5365 2941 5435 verba
2994 5365 3311 5448 Nicephori
3357 5369 3610 5428 Chumni
3641 5365 3719 5422 ad

318 5469 763 5540 imperatorem.

395 5532 505 5611 ('65)
537 5539 758 5611 Forsan
788 5532 826 5608 ᾖ
856 5534 915 5601 ἡ.

393 5602 504 5680 (64)
532 5602 808 5666 Christus
830 5605 994 5680 apud,
1017 5605 1152 5661 Luc.
1183 5621 1265 5680 xi,
1298 5605 1402 5680 id;
1436 5602 1635 5680 Matth.
1657 5619 1750 5671 vn,
1784 5602 1835 5656 8.

393 5613 485 5680 (64
532 5613 801 5666 Christus
830 5613 987 5679 apud
1017 5613 1152 5661 Luc.
1183 5621 1265 5671 ιι,
1298 5613 1402 5671 1ος
1436 5613 1524 5658 Ma

392 5613 506 5757 (ὅδὲ
538 5681 703 5739 Conf.
734 5681 870 5752 Sap.
902 5678 1124 5735 Salom.
1156 5693 1207 5745 v,
1235 5679 1286 5747 9,
1323 5678 1411 5744 10,
1443 5678 1530 5734 11.
