4042 6154
202 206 311 266 887

1723 208 2089 269 ΛΒΒΕΝΟΔ.

3493 222 3598 277 888

202 337 405 404 aperte
419 333 858 405 proclamantes
873 351 947 390 ne
963 335 1095 407 quis
1108 335 1284 390 vestri
1298 333 1573 390 diabolici
1589 334 1825 389 institut

1956 355 2074 389 τινα
2101 342 2203 406 τῆς
2240 339 2393 411 ὑμῶν
2429 337 2854 414 κακοδαιμονίας
2915 339 3048 415 μετὰ
3099 346 3246 418 τρεῖς
3295 340 3506 419 ἡμέρας
3539 343 3594 400 ἐν

201 428 338 493 post
361 423 620 478 triduum
642 424 704 478 in
729 424 874 480 urbe
897 425 1136 480 autulla
1163 425 1326 496 regni
1350 424 1466 478 mei
1488 424 1726 496 regione
1749 425 1842 478 in-

198 514 630 582 veniretur,aut
645 515 868 586 alioqui
890 533 1130 587 prorsus
1153 516 1273 586 igni
1297 522 1660 570 cremaretur
1679 516 1705 568 ‘I
1727 517 1846 569 Mo-

198 603 375 656 nachi
407 609 644 658 autem:
695 606 801 671 En,
836 605 1134 674 inquiunt,
1163 622 1267 676 pro
1308 621 1374 659 eo
1399 622 1464 658 ac
1489 605 1745 674 jussisti,
1776 621 1845 658 ex

197 691 449 747 urbibus
472 693 588 747 tuis
606 709 671 748 ac
694 693 1034 765 regionibus
1067 694 1427 748 excedimus.
1463 695 1676 747 Verum
1709 709 1842 747 cum

194 779 434 852 longum
463 781 634 836 nobis
666 782 779 836 iter
807 783 1177 852 propositum
1202 783 1296 849 sit,
1321 788 1385 837 ut
1407 781 1479 837 ad
1500 781 1712 836 fratres
1735 799 1844 836 no-

193 875 344 924 stros
366 871 833 940 proﬁciscamur,
855 889 920 926 ac
944 872 1075 926 cibo
1100 872 1541 939 careamus,liac
1566 873 1652 926 via
1679 873 1843 925 ince-

193 958 485 1024 dimus,ut
503 959 673 1013 nobis
692 960 904 1014 viatica
923 967 1377 1032 suppetant,nec
1394 961 1547 1016 fame
1566 961 1840 1014 absuma-

190 1064 344 1103 mur.
377 1050 496 1103 Rex
528 1055 724 1104 autem
757 1049 982 1120 inquit:
1012 1051 1118 1114 Qui
1149 1051 1356 1104 mortis
1386 1051 1582 1104 minas
1605 1049 1837 1115 metuit,

189 1137 328 1191 huic
342 1137 506 1192 cibos
523 1156 866 1209 comparare
882 1139 1129 1194 minime
1146 1139 1600 1194 vacat.Monachi
1617 1143 1835 1193 autem:

191 1227 367 1280 Recte
385 1226 646 1291 dixisti,o
669 1243 792 1289 rex,
817 1228 1128 1298 inquiunt:
1150 1229 1250 1298 qui
1275 1235 1522 1283 mortem
1543 1232 1836 1295 metuunt,

189 1314 251 1368 id
287 1321 784 1386 curant,quonam
808 1321 978 1387 pacto
1005 1333 1134 1372 eam
1158 1317 1717 1388 effugiantQuinam
1741 1333 1839 1370 au-

197 1408 318 1457 tem
337 1403 396 1458 hi
423 1405 701 1471 sunt,nisi
716 1405 814 1475 qui
831 1406 1004 1460 ﬂuxis
1019 1407 1195 1460 rebus
1214 1406 1835 1475 intabescunt,easque

191 1492 267 1547 ad
291 1497 593 1564 stuporem
617 1511 802 1564 usque
835 1495 1170 1550 mirantur?
1199 1495 1306 1559 Qui
1337 1495 1577 1566 quidem
1609 1512 1741 1549 cum
1775 1495 1835 1548 in

191 1581 380 1636 altera
409 1582 527 1636 vita
556 1582 882 1653 quidquam
911 1584 1048 1637 boni
1091 1601 1218 1638 sese
1251 1589 1673 1638 consecuturos
1705 1599 1832 1638 esse

1953 422 2112 479 πόλει
2143 428 2178 496 ἢ
2209 428 2367 502 χώρᾳ
2420 437 2518 499 τῆς
2575 429 2711 503 ἐμῆς
2762 430 3040 506 εὑρεθῆναι
3100 430 3362 501 ἐξουσίας,
3395 431 3429 501 ἢ
3458 435 3596 487 πάν-

1951 537 2057 578 τως
2091 518 2450 589 πυρίκαυστος
2484 521 2668 590 ἔσται;
2721 523 2788 578 Οἱ
2849 519 2904 576 δὲ
2958 521 3210 596 μοναχοί’
3249 519 3389 578 Ἰδοὺ
3423 525 3593 601 (φασέ)

1949 605 2086 666 καθὰ
2143 603 2208 674 δὴ
2268 608 2355 661 καὶ
2415 609 2761 682 προσέταξας,
2824 609 3159 684 ἐξερχόμεθᾶ
3215 632 3309 665 σου
3354 616 3459 665 τῶν
3491 611 3591 666 πό-

1951 692 2087 746 λεων
2119 696 2205 748 καὶ
2238 700 2342 749 τῶν
2377 703 2599 771 χωρῶν·
2653 705 2860 772 μακρᾶς
2904 698 2959 753 δὲ
2989 702 3124 771 ἡμῖν
3160 707 3261 768 τῆς
3294 697 3422 754 ὁδοῦ
3453 721 3592 776 προ-

1947 781 2203 852 κειμένης
2260 788 2355 838 τοῦ
2411 785 2663 849 ἀπελθεῖν
2724 787 2860 859 πρὸς
2918 787 3044 849 τοῦς
3093 789 3393 862 ἡμετέρους
3427 786 3587 844 ἀδελ-

1949 869 2100 942 φοὺς,
2137 869 2326 934 ἐνδεῶς
2382 868 2600 948 ἔχοντες
2657 883 2887 952 τρορῆς,
2940 874 3140 945 ταύτην
3196 874 3587 950 ἐποριζόμεθα,

1946 963 2041 1012 τοῦ
2074 957 2218 1034 ἔχειν
2249 961 2313 1015 τὰ
2342 960 2533 1038 ἐφόδια
2586 962 2675 1018 καὶ
2730 965 2805 1036 μή
2867 963 3036 1037 λιμοῦ
3095 963 3472 1039 παρανάλωμα
3501 988 3589 1043 γε·

1945 1047 2146 1110 νέσθαι.
2205 1049 2266 1106 Ὀ
2328 1047 2382 1104 δὲ
2445 1049 2698 1126 βασιλεὺς
2751 1051 2874 1129 ἔφη·
2935 1054 2989 1106 Ὀ
3046 1054 3275 1107 θανάτου
3329 1051 3590 1116 δεδοικὼς

1947 1133 2175 1204 ἀπειλὴν
2208 1137 2305 1192 οὐκ
2335 1138 2658 1214 ἀσχολεῖται
2708 1140 2784 1202 εἷς
2814 1142 3088 1215 πορισμὸν
3122 1141 3452 1216 βρωμάτων.
3487 1142 3589 1198 Λέ-

1943 1244 2127 1298 γουσιν
2187 1226 2239 1279 οἱ
2301 1228 2576 1298 μονασταί·
2645 1226 2834 1290 Καλῶς
2891 1228 3066 1299 εἶπας,
3127 1226 3171 1281 ὦ
3233 1230 3475 1304 βασιλεῦ·
3534 1232 3588 1284 οἱ

1947 1312 2167 1374 θάνατον
2202 1311 2503 1378 δεδοικότες
2567 1314 2656 1370 διὰ
2710 1313 2996 1390 φροντίδος
3054 1313 3234 1370 ἔκουσι
3277 1321 3393 1379 πῶς
3425 1317 3586 1374 αὑτὸν

1945 1400 2240 1478 ἐκφύγωσι.
2299 1403 2448 1468 Τίνες
2507 1403 2563 1459 δέ
2617 1405 2749 1460 εἰσιν
2809 1406 2980 1475 οὗτοι,
3014 1404 3140 1461 ἀλλ’
3169 1405 3205 1475 ἤ
3238 1407 3288 1460 οἱ
3320 1411 3434 1468 τοῖς
3466 1406 3585 1482 ῥευ-

1942 1497 2088 1554 στοῖς
2122 1494 2549 1566 προστετηκότες
2581 1497 2668 1549 καὶ
2721 1494 2938 1558 τούτοις
2986 1495 3338 1568 ἐπτοημένοι,
3369 1494 3584 1567 οἵτινες,

1945 1577 2114 1652 μηδὲν
2146 1580 2339 1656 ἀγαθὸν
2385 1581 2694 1652 ἐλπίζοντες
2749 1585 2923 1660 εὑρεῖν
2983 1583 3200 1655 ἐκεῖθεν,
3234 1582 3584 1640 δυσαποσπά-

190 1669 527 1742 desperent,
551 1672 991 1742 apraasentibus
1019 1673 1220 1727 divelli
1245 1673 1647 1743 nequeunt,ob
1672 1689 1829 1726 eam-

1943 1691 2080 1731 στως
2111 1669 2297 1746 ἔχουσι
2354 1676 2460 1726 τῶν
2521 1674 2824 1745 παρόντων,
2860 1673 2948 1728 καὶ
2981 1671 3069 1728 διὰ
3120 1678 3280 1729 τοῦτο
3313 1671 3583 1730 δεδοίκασι

192 1779 306 1831 que
321 1779 558 1816 causam
579 1769 824 1817 mortem
843 1764 1070 1818 timent.
1098 1767 1171 1817 At
1192 1781 1319 1831 nos,
1346 1765 1578 1835 quijam
1598 1763 1827 1834 pridem

188 1850 480 1906 mundum
496 1857 554 1906 et
567 1868 635 1907 ea
649 1869 779 1922 quae
801 1853 858 1906 in
873 1853 1094 1907 mundo
1116 1859 1253 1907 sunt
1266 1854 1399 1907 odio
1415 1854 1832 1924 prosequimur

186 1945 534 2010 aretamque
557 1946 939 2013 etangustam
964 1943 1114 1996 viam
1136 1943 1351 1996 Christi
1374 1959 1550 1996 causa
1572 1943 1833 2014 ingredi-

186 2043 456 2094 mur,nec
477 2030 684 2084 mortis
701 2035 886 2095 metu,
902 2048 1012 2091 nec
1035 2033 1419 2101 praesentium
1441 2049 1641 2085 rerum
1664 2031 1830 2100 cupi-

185 2113 368 2170 ditate
394 2117 690 2172 afficimur
713 2143 727 2184 ;
753 2135 952 2173 verum
975 2119 1304 2173 futurarum
1328 2121 1612 2173 duntaxat
1631 2135 1829 2172 rerum

183 2202 479 2258 desiderio
510 2211 801 2261 tenemur.
835 2207 1123 2271 Quoniam
1157 2207 1333 2278 igitur
1363 2224 1520 2261 mors
1552 2225 1622 2261 ea
1652 2223 1828 2276 quam

186 2292 360 2346 nobis
392 2293 624 2349 infertis
657 2301 730 2349 ad
774 2296 1197 2366 sempiternam
1252 2301 1308 2349 et
1354 2297 1828 2367 prmstantiorem

181 2381 361 2438 vitam
393 2384 678 2439 transitus
710 2385 985 2453 efﬁcitur,
1019 2385 1240 2440 idcirco
1281 2385 1587 2456 cupiditati
1634 2385 1829 2456 potius

183 2472 357 2528 nobis
389 2480 480 2528 est
507 2491 686 2545 quam
719 2477 950 2532 terrori.

256 2561 359 2615 Hic
377 2578 480 2616 rex
495 2579 602 2633 per
618 2562 1554 2632 solertiam,videlicetmonachos
1568 2563 1826 2634 arripere

182 2650 629 2721 cupiens,dixit:
645 2652 831 2717 Quid?
845 2656 932 2707 An
951 2670 1069 2707 non
1091 2653 1263 2724 paulo
1282 2659 1416 2708 ante
1432 2671 1530 2707 vos
1550 2652 1826 2707 secedere

188 2738 440 2807 dixistis,
467 2745 534 2795 ut
563 2758 694 2796 meo
727 2741 972 2812 imperio
998 2743 1252 2812 parcatis
1271 2742 1297 2796 ?
1318 2742 1481 2806 Quod
1503 2743 1550 2796 si
1577 2748 1826 2796 mortem

185 2828 431 2883 minime
452 2831 842 2901 timetis,quid
859 2837 947 2886 est
963 2831 1348 2902 quamobrem
1364 2833 1560 2904 fugam
1578 2833 1829 2886 ineatis?

183 2915 269 2972 En
286 2917 411 2972 haac
429 2935 664 2988 quoque
682 2919 900 2975 frustra
918 2927 975 2974 et
995 2919 1823 2991 inaniterjactantes,mentiti

184 3007 348 3062 estis.
375 3008 827 3078 Responderunt
849 3011 1153 3065 monachi:
1179 3013 1302 3065 Non
1327 3011 1544 3065 idcirco
1569 3012 1823 3083 fugimus

184 3095 344 3166 quod
365 3097 771 3153 denuntiatum
795 3099 963 3154 nobis
985 3099 1088 3153 abs
1107 3105 1161 3152 te
1185 3106 1433 3153 mortem
1452 3100 1828 3170 pertimesca-

183 3200 349 3252 mus;
378 3203 579 3241 verum
607 3188 688 3242 tui
721 3189 1103 3242 miseratione
1152 3190 1454 3254 commoti,
1485 3205 1558 3242 ne
1603 3189 1829 3260 gravio-

188 3289 315 3326 rem
365 3274 923 3330 condemnationem
974 3277 1078 3331 tibi
1126 3293 1518 3344 accersamus,
1553 3276 1826 3331 secedere

187 3360 253 3416 in
283 3361 551 3418 animum
583 3365 940 3420 induximus.
975 3369 1118 3421 Nam
1157 3366 1400 3436 alioqui,
1437 3355 1721 3436 quantum
1755 3365 1828 3419 ad

185 3467 295 3504 nos
327 3451 558 3520 attinet,
591 3453 755 3507 nullo
780 3455 955 3508 modo
980 3456 1170 3510 minas
1205 3462 1332 3510 tuas
1364 3456 1822 3526 expavescimus.

187 3529 274 3585 Ad
299 3531 424 3586 haec
441 3548 543 3587 rex
565 3532 652 3587 ira
674 3541 1022 3596 commotus.
1048 3535 1206 3606 ipsos
1228 3536 1392 3590 exuri
1409 3535 1825 3606 jussit.Sicque

187 3619 290 3675 Dei
324 3620 530 3676 famuli
564 3627 824 3678 extremo
855 3624 983 3678 vitae
1011 3624 1103 3678 die
1127 3625 1333 3692 functi,
1359 3625 1622 3694 martyrii
1657 3641 1826 3679 coro—

185 3725 325 3764 nam
376 3728 483 3782 per
528 3711 722 3784 ignem
773 3712 969 3784 adepti
1019 3718 1174 3768 sunt.
1211 3713 1536 3784 Statimque
1568 3713 1822 3767 edictum

184 3800 624 3872 promulgatum
657 3807 765 3869 est,
812 3808 877 3856 ut
930 3802 978 3856 si
1032 3803 1164 3872 quis
1214 3804 1541 3858 monachus
1573 3803 1820 3857 inveniri

181 3894 402 3958 posset,
438 3891 563 3944 sine
595 3891 718 3945 ulla
747 3891 1134 3960 inquisitione
1185 3891 1598 3945 trucidaretur.
1632 3893 1822 3961 Atque

183 3974 268 4031 ita
297 3977 498 4033 nullus
534 3980 876 4051 liujusmodi
915 3979 1141 4033 ordinis
1190 3979 1251 4033 in
1307 3981 1410 4034 illa
1456 3980 1695 4051 regione
1728 3997 1823 4033 rc—

183 4066 384 4137 liquus
413 4070 604 4125 factus
655 4077 763 4136 est,
822 4070 937 4124 nisi
997 4069 1097 4140 qui
1155 4069 1215 4124 in
1246 4069 1566 4132 montibus,
1603 4075 1660 4124 et
1689 4086 1821 4140 spe—

181 4155 399 4223 luncis,
431 4163 490 4212 et
517 4159 782 4213 cavernis
808 4165 980 4213 terra)
1031 4175 1158 4213 sese
1189 4158 1571 4214 occultarant.
1609 4160 1818 4213 Verum

183 4244 309 4298 hmo
335 4245 642 4300 hactenus.

253 4334 385 4388 CAP.
410 4336 474 4388 V.
498 4365 565 4375 -ο
583 4336 823 4407 Atregis
842 4337 1099 4403 filius,de
1123 4354 1238 4408 quo
1255 4337 1424 4392 initio
1444 4338 1612 4392 nobis
1633 4338 1817 4392 oratio

1942 1760 2166 1822 θάνατον
2194 1781 2207 1828 ;
2239 1761 2431 1834 Ἡμεῖς
2464 1759 2520 1815 δὲ
2566 1763 2618 1815 οἱ
2667 1765 2836 1817 πάλαι
2899 1765 3223 1834 μισήσαντες
3253 1762 3458 1836 κόσμον
3489 1764 3581 1817 καὶ

1937 1850 2004 1902 τὰ
2037 1847 2084 1901 ἒν
2118 1850 2334 1922 κόσμῳ,
2391 1850 2480 1905 καὶ
2529 1852 2628 1919 τὴν
2689 1851 2878 1918 στενὴν
2934 1851 3021 1905 καὶ
3079 1849 3446 1923 τεθλιμμένην
3493 1849 3584 1906 διὰ

1940 1938 2172 2011 Χριστὸν
2212 1937 2518 2013 βαδίζοντες
2549 1936 2672 1993 ὁδὸν
2729 1944 2860 2012 (70),
2923 1937 3044 1994 οὔτε
3084 1943 3303 2004 θάνατον
3337 1938 3582 1994 δεδοίκα-

1943 2048 2057 2098 μεν,
2092 2023 2214 2081 οὕτε
2249 2028 2317 2081 τὰ
2363 2029 2596 2100 παρόντα
2653 2033 2949 2100 ποθοῦμεν,
2999 2027 3144 2083 ἀλλὰ
3198 2033 3304 2082 τῶν
3341 2028 3584 2100 μελλόν-

1935 2134 2044 2168 των
2075 2115 2329 2192 ἐφιέμεθα
2363 2116 2544 2187 μόνον.
2601 2117 2750 2171 Ἐπεὶ
2809 2117 2898 2171 οὗν
2960 2118 2987 2171 ὁ
3040 2119 3168 2192 παρ’
3197 2118 3348 2188 ὑμῶν
3381 2115 3582 2192 ἐπαγό-

1941 2224 2094 2274 μενος
2156 2206 2254 2260 28
2313 2206 2447 2275 ἡμῖν
2521 2205 2744 2267 θάνατος
2816 2201 3172 2280 διαϐατήριον
3231 2205 3426 2281 γίνεται
3483 2213 3584 2275 τῆς

1935 2288 2114 2345 ἀϊδίου
2147 2297 2292 2360 ζωῆς
2320 2293 2410 2346 καὶ
2441 2292 2769 2366 κρείττονος,
2821 2294 3066 2364 ποθητὸς
3121 2296 3256 2366 ἡμῖν
3294 2293 3509 2367 μᾶλλον
3545 2295 3581 2366 ἢ

1939 2375 2165 2456 θοϐερός
2197 2380 2335 2436 ἐστιν
2367 2381 2543 2444 οὗτος.

2004 2559 2230 2633 Ἐφόῖς
2264 2557 2314 2628 ἐξ
2357 2557 2647 2633 ἀγχινοίας
2699 2556 2857 2628 δῆθεν
2918 2560 2946 2613 ὁ
3006 2558 3261 2634 βασιλεὺς
3319 2555 3576 2615 ἐπιλαϐέ-

1937 2648 2056 2701 σθαι
2081 2651 2189 2701 τῶν
2227 2652 2484 2722 μοναχῶν
2549 2645 2908 2721 βουλόμενος,
2966 2643 3091 2725 ἔφη’
3145 2649 3212 2706 Τί
3247 2647 3304 2703 δέ
3333 2670 3346 2718 ;
3381 2649 3440 2703 οὐ
3472 2650 3578 2723 πρὸ

1939 2741 2137 2811 μικροῦ
2169 2735 2354 2791 εἴπατε
2388 2737 2699 2810 ὑποχωρεῖν
2761 2737 2918 2809 ὑμᾶς,
2979 2737 3115 2791 καθὰ
3171 2735 3236 2806 δὴ
3286 2738 3377 2792 καὶ
3408 2759 3577 2813 προσ·

1934 2826 2124 2894 erasa;
2157 2826 2268 2897 καὶ,
2323 2825 2366 2879 εἶ
2419 2824 2480 2879 οὐ
2531 2823 2806 2880 δεδοίκατε
2859 2827 2949 2879 τὸν
3009 2826 3255 2894 θάνατον,
3285 2832 3402 2888 πῶς
3434 2832 3574 2904 φυγῇ

1934 2912 2274 2988 exprimam;
2335 2913 2476 2970 Ἰδοὺ
2557 2913 2648 2967 καὶ
2725 2917 2894 2968 ταῦτα
2953 2913 3124 2986 μάτην
3200 2917 3576 2987 κομπάζοντες

1936 3000 2302 3075 διεψεύσασθε.
2358 3001 2746 3076 ’Δπεκρίθησαν
2797 3003 2848 3056 οἱ
2900 3004 3157 3077 μοναχοί·
3207 3003 3284 3060 Οὐ
3313 3005 3402 3058 τὸν
3434 3005 3577 3080 παρᾶ

1938 3098 2033 3147 σοῦ
2065 3092 2458 3166 ἀπειλούμενον
2515 3094 2736 3157 θάνατον
2794 3091 3096 3158 δεδοικότες
3128 3096 3412 3172 φεύγομεν,
3445 3096 3572 3151 ἀλλ’

1936 3183 2212 3246 ἐλεοῦντες
2272 3205 2347 3240 σε.
2430 3191 2543 3238 Ἳνα
2615 3187 2690 3258 μὴ
2778 3187 3157 3261 περισσοτέρας
3212 3185 3573 3262 κατακρίσεως

1936 3271 2100 3326 αἴτιοί
2161 3295 2247 3327 σοι
2315 3274 2618 3346 γενώμεθα,
2697 3275 3161 3348 προεθυμήθημεν
3241 3276 3573 3350 ὑποχωρεῖν·

1937 3359 2073 3430 ἐπεὶ,
2130 3361 2190 3415 τό
2245 3383 2305 3437 γε
2365 3362 2438 3422 εἰς
2497 3363 2644 3432 ἡμᾶς
2699 3363 2832 3432 ᾗκον
2893 3365 3025 3434 (71),
3078 3361 3324 3424 οὐδόλως
3355 3384 3450 3417 σου
3478 3364 3575 3426 τὰς

1935 3449 2164 3512 ἀπειλάς
2204 3471 2335 3504 ποτε
2394 3448 2708 3522 δειλιῶμεν.
2767 3451 2908 3524 Πρὸς
2941 3455 3107 3504 ταῦτα
3138 3453 3164 3505 ὁ
3199 3451 3453 3524 βασιλεὺς
3481 3454 3573 3527 ὁρ-

1931 3538 2134 3612 γισθεῖς
2191 3537 2465 3594 ἐκέλευσεν
2552 3536 2749 3600 αὐτοὺς
2834 3538 3230 3612 πυρικαύστους
3310 3539 3571 3614 γενέσθαι·

1933 3626 2020 3680 καὶ
2079 3626 2467 3698 ἐτελειώθησαν
2522 3628 2574 3682 οἱ
2629 3631 2726 3682 τοῦ
2806 3631 3047 3702 Χριστοῦ
3103 3627 3424 3703 θεράποντες
3485 3625 3575 3682 διὰ

1931 3717 2122 3788 πυρὸς,
2171 3722 2278 3770 τῶν
2338 3721 2682 3790 μαρτυρικῶν
2731 3718 2991 3791 τυχόντες
3053 3718 3346 3792 στεφάνων.
3388 3717 3573 3793 Δόγμα

1929 3826 1986 3859 τε
2019 3805 2243 3874 ἐξέθετο,
2276 3803 2330 3860 εἷ’
2353 3827 2456 3860 που
2500 3827 2582 3867 τις
2639 3805 2827 3879 εὑρεθῂ
2888 3805 3159 3878 μονάζων,
3213 3806 3569 3878 ἀνεξετάστως

1933 3893 2264 3971 φονεύεσθαι.
2317 3894 2419 3950 Καὶ
2471 3893 2645 3957 οὐδεὶς
2690 3894 2984 3968 ὑπελείφθη
3031 3894 3082 3948 ἐν
3117 3893 3289 3968 ἐκείνῃ
3317 3899 3383 3968 τῇ
3412 3896 3572 3970 χώρᾳ

1928 3987 2024 4036 τοῦ
2070 3982 2320 4036 τοιούτου
2375 3984 2672 4058 τάγματος,
2724 3982 2768 4036 εἷ
2828 3983 2901 4055 μὴ
2955 3983 3005 4036 οἳ
3046 3983 3094 4036 ἐν
3129 3979 3276 4056 ὄρεσι
3305 3983 3393 4038 καὶ
3427 4004 3572 4053 σπη-

1931 4069 2106 4130 λαίοις
2154 4073 2240 4126 καὶ
2296 4077 2414 4134 ταῖς
2473 4070 2632 4133 ὀπαῖς
2681 4075 2779 4140 τῆς
2811 4078 2912 4146 γῆς
2947 4071 3168 4134 ἑαυτοὺς
3200 4071 3574 4148 κατακρύψαν-

1927 4181 2033 4221 τες.
2067 4163 2248 4217 Ταῦτα
2280 4163 2374 4233 μὲν
2409 4161 2497 4214 οὗν
2530 4157 2595 4229 δή
2629 4164 2867 4217 τοιαῦτα.

2003 4341 2167 4395 ΚΕΦ.
2204 4339 2272 4394 E’.
2306 4338 2361 4390 Ὀ
2402 4335 2460 4391 δὲ
2508 4342 2603 4392 τοῦ
2655 4336 2924 4412 βασιλέως
2977 4338 3115 4408 υἱὸς,
3172 4339 3295 4413 περὶ
3327 4340 3388 4392 οὗ
3419 4339 3446 4393 ὁ
3475 4337 3570 4394 λό-

181 4421 458 4478 instituta
475 4429 580 4489 est,
599 4424 659 4478 in
683 4425 901 4494 palatio
927 4426 1084 4495 quod
1105 4427 1216 4497 ipsi
1247 4432 1608 4480 exstructum
1635 4426 1826 4480 fuerat

1941 4448 2029 4501 γος
2062 4427 2152 4480 ἀπ’
2211 4427 2389 4500 ἀρχῆς
2448 4427 2616 4481 εἰπεῖν
2678 4427 2954 4500 ὥρμηται,
3013 4427 3067 4480 ἐν
3122 4431 3203 4499 τῷ
3243 4448 3568 4482 κατασκευα-

179 4509 266 4565 ita
281 4518 622 4580 manens,ut
637 4530 670 4566 a
686 4514 924 4566 nemine
947 4514 1093 4567 adiri
1119 4515 1666 4583 posset,juvenilem
1681 4520 1823 4567 aeta-

183 4605 301 4653 tem
325 4601 566 4655 tandem
589 4601 776 4673 attigit
796 4602 950 4672 (cum
969 4601 1196 4656 interea
1217 4619 1453 4656 omnem
1474 4609 1590 4656 tam
1611 4602 1824 4655 .‘Ethio-

177 4706 318 4760 pum
333 4695 825 4762 quamPersarum
841 4692 1166 4746 doctrinam
1183 4692 1824 4763 percepisset)prudcns

176 4779 722 4852 etcordatus,atque
738 4780 1014 4836 omnibus
1028 4780 1304 4834 virtutum
1321 4780 1554 4834 dotibus
1573 4780 1823 4834 illustris

178 4867 330 4936 Quin
345 4870 646 4924 naturales
663 4871 839 4924 etiam
855 4869 1212 4940 quaestiones
1228 4869 1686 4939 praeceptoribus
1702 4869 1822 4923 suis

181 4957 584 5027 proponebat;
606 4957 752 5014 adeo
778 4965 841 5013 ut
862 4957 972 5029 ipsi
989 4973 1222 5028 quoque
1245 4957 1637 5012 adolescentis
1657 4959 1820 5031 inge-

246 5189 359 5329 ἒἾΟ)
391 5190 557 5246 Conf.
592 5191 845 5247 Matthaii
879 5190 1044 5245 locus
1076 5207 1255 5262 supra
1286 5209 1415 5263 pag.

271 5262 360 5329 71)
391 5262 682 5318 Formulis
712 5261 774 5316 τὸ
810 5260 904 5329 μὲν
937 5261 1012 5321 εἷς
1045 5258 1243 5314 ἐκεῖνον
1275 5263 1407 5328 ἧκον

2000 4515 2016 4544 ι
2179 4514 2192 4534 ν
2243 4518 2268 4529 ~
2531 4515 2571 4536 ι.
2660 4514 2674 4532 9
2777 4514 2818 4535 ν..
2981 4511 3006 4532 ν
3269 4523 3297 4533 ...

1931 4518 2104 4568 σθεντι
2135 4535 2281 4585 αυτῳ
2339 4513 2590 4585 παλατιῳ
2650 4535 2909 4589 απροιτος
2969 4536 3065 4582 ων,
3101 4518 3200 4573 29
3230 4537 3329 4584 της
3360 4511 3567 4592 ἐφήϐου

1929 4601 2106 4674 ἥψατο
2163 4600 2403 4670 ἡλικίας,
2457 4608 2628 4657 πᾶσαν
2684 4605 2782 4672 τὴν
2860 4602 3140 4658 Αἰθιόπων
3200 4603 3290 4658 καὶ
3347 4606 3566 4679 Περσῶν

1935 4689 2208 4763 μετελθὼν
2237 4688 2478 4745 παιδείαν
2515 4693 2650 4763 (72),
2687 4691 2788 4744 οὐκ
2834 4685 3059 4745 ἔλαττον
3092 4692 3191 4759 τὴν
3223 4692 3405 4766 ψυχὴν
3439 4691 3474 4760 ἢ
3505 4692 3568 4745 τὸ

1932 4784 2090 4852 σῶμα
2121 4779 2322 4847 εὐφυὴς
2355 4774 2428 4834 ὥν
2477 4779 2566 4834 καὶ
2621 4779 2846 4855 ὡραῖος,
2875 4783 3141 4855 νουνεχής
3173 4801 3231 4834 τε
3259 4781 3350 4835 καὶ
3382 4780 3568 4858 φρόνι-

1935 4889 2037 4941 μος
2091 4868 2180 4922 καὶ
2239 4873 2366 4922 πᾶσι
2437 4866 2763 4940 διαλάμπων
2823 4867 3047 4943 ἀγαθοῖς
3103 4870 3566 4942 πλεονεκτήμασι,

1936 4959 2223 5031 ζητήματά
2272 4979 2330 5012 τε
2378 4957 2575 5036 φυσικά
2632 4957 2768 5032 πρὸς
2819 4957 2946 5019 τοὺς
3006 4955 3356 5020 διδάσκοντας
3411 4958 3569 5013 αὐτὸν

271 5262 360 5330 71)
386 5262 682 5334 Εοΐηιυιὶε
712 5261 774 5316 τὸ
810 5260 904 5333 μὶν
937 5261 1012 5321 εἷς
1045 5258 1243 5314 ἐκεῖνον
1275 5258 1431 5328 ﬁxo},
1462 5261 1524 5315 τό
1559 5283 1620 5334 γε
1647 5261 1722 5322 εἰς
1752 5260 1829 5334 ἐμῖ

1941 5284 2036 5327 ιον,
2095 5264 2155 5317 τό
2214 5282 2272 5332 γε
2330 5263 2406 5324 εἷς
2438 5262 2632 5323 αὐτοὺς
2660 5265 2816 5331 ἧκον,
2848 5280 2991 5320 usus
3024 5271 3130 5319 est.
3163 5267 3247 5321 J0.
3281 5267 3569 5322 Cantacu-

173 5333 528 5408 zenu_s_llis_t.
564 5351 660 5404 pp.
689 5335 816 5408 l92,
847 5335 979 5408 252l
1000 5335 1129 5408 254,
1161 5336 1285 5408 431,
1319 5341 1430 5389 etc.
1457 5333 1598 5408 Vide
1631 5340 1689 5388 et
1709 5336 1829 5408 _Jo._

1941 5352 2085 5408 :cum
2112 5336 2268 5408 Orat.
2297 5335 2367 5389 de
2395 5337 2617 5408 injusta
2641 5336 2730 5390 sui
2755 5336 3121 5408 depositione
3154 5355 3212 5408 p.
3245 5341 3327 5392 15,
3353 5341 3572 5392 Auctor

177 5401 332 5489 apud
363 5401 708 5489 Hasiuml'ad
725 5406 922 5489 ’Leon:
947 5405 1105 5489 D'iaq.

1137 5422 1194 5475 p.
1229 5407 1353 5478 232,
1392 5409 1412 5458 1
1445 5403 1615 5478 [ὅσον
1670 5405 1730 5478 τὸ
1791 5402 1829 5457 εἷ

1941 5403 2118 5465 erat:
2176 5406 2330 5471 ἧκον.
2365 5402 2606 5477 Niceph.
2640 5402 2964 5475 Chumnus,
2999 5402 3172 5478 epist:
3204 5410 3267 5463 27
3304 5409 3563 5466 inedita:

176 5470 238 5524 οὗ
258 5470 527 5548 νφέρο-μεν,
559 5474 617 5527 τό
640 5475 688 5548 γ’
717 5477 848 5541 ἧκον
883 5475 956 5534 εἷς
983 5470 1155 5544 ἡμᾶςί
1186 5476 1315 5531 Alia
1346 5476 1542 5548 attulit
1571 5477 1806 5548 llasiqs,
1837 5477 1977 5532 ibid.

2013 5495 2068 5548 p.
2103 5478 2228 5533 208.

271 5544 358 5618 72)
393 5545 629 5602 Lemma
653 5544 967 5603 metricum
998 5548 1174 5603 in‘A:
1207 5552 1375 5600 πᾶσαν
1413 5545 1603 5611 διῆλθε
1631 5544 1829 5601 παιδεία

1949 5544 2157 5624 ωᾶσαφ.
