4042 6154
376 294 481 351 889

1531 306 1705 361 VITA
1739 302 2090 359 BARLAAM
2124 303 2220 356 ΕΤ
2254 302 2593 359 JOABAPH.

3656 304 3766 393 89o

369 410 847 492 προϐαλλόμενος,
881 417 958 480 ὡς
1007 416 1288 483 κάκείνους
1334 422 1626 496 θαυμάζειν
1669 423 1757 480 ἐπὶ
1802 426 1873 497 τῇ
1910 426 1992 478 τοῐ

2120 424 2286 479 nium
2299 427 2601 497 animique
2614 440 2863 481 acumen
2877 424 3562 498 admirarentur,rexque
3582 428 3759 484 etiam

371 501 563 567 παιδὸς
621 503 875 581 ἀγχινοίᾳ
920 504 1011 561 καὶ
1070 512 1298 576 συνέσει,
1353 510 1747 583 ἐκπλήττεσθαι
1803 509 1860 566 δὶ
1922 508 2009 565 καὶ

370 593 462 648 τὸν
500 590 726 668 βασιλέα
752 593 811 648 τό
841 615 900 649 τε
929 597 1287 671 χαριέστατον
1325 603 1421 653 τοῦ
1463 599 1760 675 προσώπου
1807 600 1895 655 καὶ
1945 599 2007 653 τὸ

370 687 469 750 τῆς
498 683 683 755 ψυχῆς
710 681 1052 755 κατάστημα.
1110 684 1364 749 Ἐντολάς
1395 708 1452 743 τε
1500 686 1680 744 ἐδίδου
1722 693 1836 750 τοῖς
1884 709 2009 742 συν-

371 776 519 826 οὖσιν
550 771 720 843 αὐτῷ,
756 769 924 844 μηδὲν
958 774 1020 827 τὸ
1049 777 1301 852 παράπαν
1357 781 1464 832 τῶν
1518 784 1612 833 τοῦ
1674 777 1795 855 βίου
1852 778 2004 831 ἀνια-

373 864 480 935 ρῶν
513 861 663 927 αὐτῷ
704 863 981 938 γνώριμον
1030 864 1220 929 θεῖναι,
1278 865 1408 940 μηδ’
1456 866 1537 923 ὅτι
1586 866 1733 931 ὅλως
1782 869 2004 932 θάνατος

364 950 431 1005 τὰ
460 949 700 1026 παρόντα
727 953 929 1025 τερπνά
966 947 1296 1029 διαδέχεται.
1351 961 1534 1021 Κεναῖς
1582 955 1640 1011 δὲ
1688 954 2000 1031 ἑπηρείδετο

363 1037 681 1107 ἓλπίσι,καὶ
710 1043 871 1094 τοῦτο
929 1037 995 1109 δὴ
1036 1041 1098 1096 τὸ
1145 1046 1240 1097 τοῦ
1289 1042 1477 1118 λόγου,
1522 1044 1597 1107 είς
1640 1045 1860 1119 οὐρανὸν
1908 1065 1998 1099 το-

361 1126 526 1200 ξεῦειν
578 1130 689 1202 (73)
740 1126 1055 1204 ἐπιχειρῶν.
1117 1134 1240 1192 Ηῶς
1294 1133 1394 1208 γὰρ
1454 1131 1514 1187 ἄν
1586 1134 1677 1188 καὶ
1756 1131 1995 1197 διέλαθεν

362 1216 676 1290 ἀνθρωπίνῃ
707 1215 860 1289 φύσει
893 1217 921 1271 6
953 1215 1182 1282 θάνατος
1209 1238 1222 1291 ;
1269 1219 1331 1275 οὐ
1367 1220 1549 1293 μέντοι
1583 1220 1708 1278 οὐδὲ
1735 1226 1816 1294 τῷ
1845 1219 1999 1276 παιδὶ

360 1300 596 1367 διέλαθε.
630 1304 781 1379 Ηάσῃ
842 1304 944 1379 γάρ
995 1308 1198 1362 συνέσει
1245 1309 1555 1383 κατάκομον
1602 1306 1747 1385 ἔχων
1793 1309 1996 1371 ὶκεῖγος

353 1392 446 1446 τὸν
473 1389 758 1469 λογισμὸν,
810 1391 1027 1448 ἰσκόπει
1071 1397 1194 1449 καθ’
1244 1396 1428 1451 ἑαυτὸν
1472 1397 1598 1452 τίνι’
1632 1398 1784 1474 λόγῳ
1835 1398 1993 1453 αὐτόν

352 1501 411 1535 τε
441 1481 702 1555 ἀπρόϊτον
762 1481 894 1536 εἶναι
927 1483 955 1536 6
985 1484 1164 1557 πατὴρ
1213 1483 1527 1540 γατεδίκασε
1575 1487 1663 1541 καί
1715 1486 1870 1541 παντὶ
1915 1491 1995 1559 τῷ

364 1568 692 1645 βουλομένῳ
722 1569 821 1639 τήν
855 1567 931 1632 εἴς
959 1572 1120 1626 αὐτὸν
1153 1571 1216 1626 οὗ
1237 1580 1513 1650 συγχωρεῖ
1542 1573 1771 1631 εἴσοδον.
1814 1581 1995 1650 ’Έγνω

361 1659 466 1734 γὰρ
495 1661 615 1724 καθ’
642 1660 827 1716 ἑαυτὸν
859 1661 934 1733 μὴ
988 1660 1110 1716 ἄνευ
1149 1669 1251 1732 τῆς
1292 1667 1388 1719 τοῦ
1432 1666 1636 1740 πατρὸς
1684 1671 1997 1741 προπαγῆς

2122 512 2246 583 ipse
2270 530 2337 568 ex
2357 514 2551 569 vultus
2573 514 2759 585 ipsius
2784 514 3419 585 venustate,animique
3437 515 3665 583 habitu,
3694 517 3757 570 in

2121 607 2419 672 stuporem
2442 603 2790 657 traheretur.
2816 601 3340 657 Mandabatautem
3367 602 3459 657 his
3491 604 3592 674 qui
3623 620 3756 658 cum

2120 705 2186 743 eo
2218 690 2603 746 versabantur
2619 697 2683 745 ut
2720 690 2930 745 darent
2965 706 3205 761 operam
3234 707 3307 745 ne
3340 690 3480 761 quid
3514 708 3760 762 prorsus

2115 795 2318 834 eorum
2343 798 2472 850 qua)
2490 781 2551 836 in
2579 780 2688 836 hac
2711 781 3085 836 vitamolesta
3100 785 3237 835 sunt
3258 781 3757 853 intelligeret,nec

2115 870 2356 924 omnino
2380 870 2536 940 quod
2563 886 2720 924 mors
2744 875 3065 940 praesentes
3088 870 3414 940 voluptates
3432 870 3753 941 exciperet.

2113 956 2578 1013 Cmteruminani
2597 976 2698 1030 spe
2713 958 3031 1023 nitebatur,
3053 964 3228 1029 atque
3243 958 3643 1030 tutproverbio
3662 960 3754 1015 di-

2112 1045 2282 1116 citur)
2310 1047 2370 1100 in
2400 1047 2610 1101 coelum
2644 1047 2884 1119 sagittas
2925 1048 3157 1102 mittere
3205 1047 3546 1103 conabatur.
3598 1050 3755 1113 Quo-

2110 1149 2245 1188 nam
2262 1135 2421 1188 enim
2434 1134 2607 1189 modo
2622 1152 2781 1190 mors
2794 1136 3067 1191 humanm
3081 1141 3305 1191 natura)
3319 1136 3615 1208 incognita
3630 1153 3757 1191 esse

2108 1222 2344 1293 posset?
2360 1224 2562 1293 Itaque
2585 1240 2658 1277 ne
2673 1225 2837 1293 pueri
2860 1223 3099 1294 quidem
3117 1223 3515 1296 cognitionem
3530 1225 3754 1296 effugit.

2108 1311 2250 1364 Nam
2274 1327 2407 1366 cum
2429 1312 2694 1366 animum
2714 1329 2947 1366 summa
2968 1313 3282 1384 sagacitate
3304 1316 3578 1367 ornatum
3594 1318 3653 1366 et
3675 1312 3759 1367 in-

2108 1402 2394 1453 structum
2408 1400 2879 1461 haberet,secum
2900 1399 3025 1470 ipse
3041 1397 3448 1454 considerabat
3465 1399 3749 1470 quidnam

2105 1491 2332 1555 patrem
2347 1487 2690 1542 adduxisset
2708 1494 2771 1543 ut
2792 1488 2901 1559 ipsi
2917 1488 3181 1542 omnium
3195 1487 3420 1542 aditum
3436 1486 3745 1543 interdice-

2108 1579 2337 1636 ret,nec
2356 1575 2685 1646 quemlibet
2715 1575 2788 1630 ad
2810 1594 2870 1631 se
2892 1575 3174 1631 accedere
3199 1581 3518 1647 pateretur.
3548 1577 3658 1630 Per
3688 1594 3749 1631 se

2108 1666 2262 1716 enim
2276 1665 2643 1736 intelligebat
2655 1665 2764 1720 hoc
2777 1666 2921 1720 citra
2938 1665 3122 1737 patris
3136 1664 3449 1736 imperium
3464 1681 3582 1720 non
3599 1666 3633 1719 ti
3645 1664 3752 1720 eri.

355 1751 517 1804 τοῦτο
562 1749 716 1807 εἶναι.
776 1754 968 1821 ’Όμως
1023 1748 1209 1824 ᾐδεῖτο
1267 1752 1538 1827 ἐρωτῆσαι
1597 1753 1772 1808 αὐτόν·
1832 1757 1992 1808 τοῦτο

2105 1752 2392 1807 Craterum
2410 1753 2535 1824 ipse
2564 1753 2928 1826 interrogare
2946 1752 3277 1820 verebatur,
3303 1757 3427 1807 tum
3453 1753 3611 1823 quod
3647 1753 3755 1807 mi-

361 1840 456 1912 μὲν
488 1838 748 1902 ἀπίθανον
792 1837 927 1893 εἶναι
976 1836 1176 1913 λέγων,
1221 1841 1296 1912 μή
1345 1840 1412 1896 τά
1457 1843 1797 1919 συμφέροντα
1846 1844 1994 1916 αὐτῷ

354 1928 445 1983 τὸν
495 1926 699 2003 πατέρα
757 1923 1108 1997 διανοεῖσθαι,
1165 1932 1327 1984 τοῦτο
1381 1928 1438 1984 δὲ
1494 1935 1733 1997 σκοπῶν,
1794 1932 1888 2001 ὡς,
1947 1931 1993 1986 εί

354 2018 488 2071 κατά
516 2016 744 2092 γνώμην
769 2019 866 2069 τοῦ
897 2016 1100 2089 πατρός
1150 2014 1260 2071 ἐστι
1306 2017 1369 2072 τὸ
1422 2024 1670 2095 πρᾶγμα,
1712 2017 1807 2074 κέἰν
1856 2020 1992 2095 ἐρω-

353 2105 514 2177 τήσῃ,
547 2102 647 2158 οὐκ
693 2101 752 2158 ἄν
798 2102 945 2175 αὖτῷ
1002 2104 1069 2158 τὰ
1117 2108 1219 2171 τῆς
1267 2104 1527 2176 ἀληθείας
1573 2112 1804 2182 γνωριοῖ
1860 2112 1989 2181 (74).

354 2194 515 2250 ’Ὀθεν
544 2194 672 2265 παρ’
720 2194 822 2249 ³1)
871 2189 1077 2261 ἄλλων,
1136 2193 1226 2247 καὶ
1288 2194 1364 2266 μὴ
1414 2194 1558 2269 παρά
1613 2199 1709 2250 τοῦ
1765 2196 1989 2268 πατρὸς,

350 2277 518 2329 ταῦτα
551 2277 736 2345 μαθεῖν
771 2269 986 2348 διέγνω.
1017 2273 1147 2327 Ἕνα
1174 2271 1231 2327 δὲ
1254 2277 1359 2328 τῶν
1410 2272 1772 2350 παιδαγωγῶν
1822 2296 1991 2351 προσ-

352 2359 671 2437 φιλέστατον
697 2360 787 2415 καὶ
848 2358 1179 2416 οίκειότατον
1220 2365 1327 2416 τῶν
1378 2359 1587 2417 λοιπῶν
1635 2365 1989 2436 κεκτημένος,

355 2447 445 2504 ἐπὶ
501 2446 693 2503 πλεῖον
752 2446 1172 2521 οἰκειωσάμενος
1228 2448 1319 2503 καὶ
1373 2446 1601 2525 δωρεαῖς
1674 2449 1994 2528 φιλοτίμοις

357 2534 773 2610 δεξιωσάμενος,
804 2535 1126 2600 ἐπυνθάνετο
1157 2539 1283 2612 παρ’
1314 2536 1479 2593 αὐτοῦ
1518 2537 1573 2593 τί
1622 2536 1683 2593 ἄν
1732 2539 1990 2614 βούλοιτο

352 2632 436 2700 τῷ
469 2624 685 2703 βασιλεῖ
730 2628 765 2696 ἡ
814 2624 866 2681 ἐν
923 2630 1003 2699 τῷ
1056 2626 1495 2702 περιτειχίσματι
1553 2627 1739 2701 ἐκείνῳ
1791 2627 1990 2684 τούτου

355 2715 648 2790 κάθειρξις,
676 2714 763 2769 καὶ
797 2714 872 2776 ὡς
904 2713 961 2768 Et
989 2716 1151 2769 τοῦτό
1210 2735 1343 2793 φησι
1393 2719 1576 2791 σαφῶς
1623 2712 1852 2786 διδάξεις
1904 2737 1989 2790 με,

357 2802 654 2877 πρόκριτος
710 2803 922 2857 πάντων
981 2796 1075 2877 ἔσῃ
1140 2823 1254 2875 μοι,
1308 2802 1399 2857 καὶ
1458 2801 1723 2874 διαθήκην
1807 2803 1992 2879 φιλίας

357 2889 644 2961 διηνεκοῦς
674 2888 999 2965 διαθήσομαί
1051 2912 1158 2945 σοι.
1221 2892 1282 2948 Ὀ
1332 2889 1389 2946 δὲ
1439 2890 1807 2969 παιδαγωγός,
1866 2890 1989 2967 ἐχί-

355 2999 503 3056 φρων
531 2982 618 3034 καί
650 2978 808 3042 αὐτὸς
839 2980 1122 3056 ὑπάρχων,
1166 2979 1256 3035 καὶ
1306 2977 1466 3045 εἱδὼς
1509 2981 1608 3050 τήν
1653 2986 1749 3035 τοῦ
1796 2978 1989 3043 παιδὸς

352 3068 574 3135 συνετὴν
605 3068 693 3123 καὶ
724 3066 934 3123 τελείαν
996 3069 1279 3143 φρόνησιν,
1331 3068 1419 3123 καὶ
1472 3069 1545 3132 ὡς
1596 3069 1696 3123 οὐκ
1737 3067 1795 3126 ἄν
1841 3069 1988 3143 αὐτῷ

2106 1841 2264 1895 nime
2286 1857 2421 1895 vero
2444 1847 2909 1896 consentaneum
2936 1857 3064 1896 esse
3087 1841 3479 1912 diceret.quin
3499 1845 3664 1911 pater
3683 1857 3753 1896 ea

2104 1945 2233 1999 qum
2249 1929 2357 2000 ipsi
2372 1929 3279 1984 conducerentanimadverteret
3294 1936 3415 1983 tum
3433 1928 3589 1999 quod
3605 1927 3753 1982 illud

2104 2032 2302 2071 secum
2319 2018 2693 2089 reputaret,si
2711 2018 2768 2071 id
2784 2018 2855 2071 de
2873 2018 3056 2088 patris
3071 2017 3371 2072 voluntate
3388 2018 3745 2087 ﬁeretquan

2101 2105 2378 2160 tumlibet
2403 2107 2528 2176 ipse
2545 2112 3012 2177 percontaretur.
3033 2122 3097 2160 ac
3117 2111 3312 2160 tamen
3337 2105 3421 2160 rei
3443 2105 3746 2158 veritatem

2102 2193 2347 2248 minime
2366 2194 2808 2249 intellecturum
2836 2210 2985 2248 esse.
3012 2195 3378 2264 Quapropter
3410 2209 3479 2247 ex
3499 2192 3655 2253 aliis,
3679 2209 3746 2247 ac

2100 2298 2221 2336 non
2243 2288 2453 2352 apatre
2476 2282 2600 2336 haec
2618 2281 2768 2336 scire
2792 2281 3114 2336 constituit.
3136 2282 3339 2351 Itaque
3361 2296 3495 2334 cum
3514 2296 3697 2335 unum
3715 2295 3745 2334 e

2100 2370 2431 2443 paedagogis
2448 2370 2693 2441 reliquis
2711 2370 3042 2425 chariorem
3064 2386 3131 2425 ac
3157 2368 3603 2424 familiariorem
3633 2368 3742 2423 ha-

2099 2458 2286 2523 beret,
2311 2475 2562 2530 eumque
2586 2460 2811 2530 majore
2832 2459 3024 2514 adhuc
3046 2458 3457 2513 benevolentia
3488 2456 3601 2511 sibi
3633 2457 3739 2513 de-

2098 2546 2581 2618 vinxisset,atque
2594 2546 2977 2616 amplissimis
2990 2546 3335 2601 muneribus
3347 2544 3739 2613 affecisset,ab

2101 2651 2169 2689 eo
2192 2634 2603 2690 sciscitabatur
2624 2633 2913 2704 quidnam
2932 2649 3131 2704 regem
3155 2632 3491 2704 impulisset
3518 2637 3583 2685 ut
3603 2649 3738 2685 eum

2100 2722 2161 2777 in
2182 2723 2292 2778 hoc
2316 2729 2479 2794 septo
2502 2721 2803 2776 inclusum
2825 2720 3231 2776 teneret.lllud
3257 2720 3433 2775 etiam
3454 2718 3741 2790 adjunge-

2098 2809 2202 2865 bat
2224 2828 2236 2865 :
2262 2811 2317 2865 Si
2342 2809 2484 2865 mihi
2504 2815 2706 2882 aperte
2728 2810 2838 2864 hoc
2860 2808 3223 2880 exposueris,
3248 2806 3524 2863 omnibus
3550 2812 3604 2861 te
3626 2822 3735 2861 an-

2099 2902 2397 2970 teponam,
2434 2901 2850 2969 perpetuaeque
2891 2897 3166 2952 amicitia;
3202 2895 3391 2951 foedus
3425 2901 3619 2950 tecum
3653 2894 3737 2947 fe-

2099 2986 2268 3041 riam.
2298 2985 2656 3058 Pmdagogus
2684 2990 2900 3050 autem,
2930 2991 2996 3040 ut
3019 2985 3119 3056 qui
3145 2984 3322 3040 etiam
3339 2984 3464 3054 ipse
3478 2982 3740 3055 prudens

2100 3080 2158 3130 et
2176 3074 2450 3130 cordatus
2473 3079 2648 3138 esset,
2673 3074 2960 3145 puerique
2983 3073 3357 3145 sagacitatem
3376 3089 3443 3127 ac
3475 3070 3739 3125 numeris

348 3155 560 3230 γένοιτο
589 3153 838 3212 κινδύνου
868 3156 1144 3232 πρόξενος,
1191 3157 1365 3211 πάντα
1414 3156 1590 3230 αὖντῷ
1633 3158 1770 3213 κατὰ
1821 3159 1985 3233 μὲρος

2104 3163 2375 3218 omnibus
2398 3162 2730 3217 absolutam
2759 3163 3133 3234 sagacitatem
3158 3178 3225 3216 ac
3256 3158 3520 3214 numeris
3546 3157 3735 3213 omni-

346 3244 672 3321 διηγήσατο,
720 3246 813 3300 τὸν
863 3247 998 3301 κατά
1042 3250 1148 3300 τῶν
1198 3247 1534 3321 Χριστιανῶν
1580 3247 1798 3311 τεθὲντα
1841 3247 1987 3321 παρά

349 3340 444 3390 τοῦ
475 3333 743 3410 βασιλέως
775 3332 1025 3409 διωγμὸν
1055 3334 1143 3389 καὶ
1176 3332 1457 3409 ἰξαιρὲτως
1484 3336 1623 3390 κατὰ
1663 3339 1772 3390 τῶν
1824 3336 1993 3406 ἀσκη-

352 3430 482 3492 τῶν,
513 3423 663 3485 8πως
693 3444 751 3479 τε
796 3422 1154 3494 ἀπηλάθησαν
1200 3423 1289 3477 καὶ
1334 3418 1697 3496 ἐξεϐλήθησαν
1744 3430 1844 3492 τῆς
1893 3444 1993 3479 πε-

352 3516 599 3591 ριχώρου
623 3513 853 3583 ἐκείνης,
885 3513 974 3568 οἷά
1000 3533 1059 3568 τε
1085 3514 1434 3587 γεννηθέντος
1488 3514 1653 3568 αὐτοῦ
1697 3513 1748 3568 οἱ
1794 3514 1991 3589 ἀστρο-

347 3604 503 3679 λόγοι
536 3601 971 3677 ποοηγόρευσαν.
1000 3603 1091 3656 Ἵν’
1122 3600 1214 3657 οὖν
1247 3622 1403 3680 φησι,
1460 3603 1558 3675 μὴ,
1610 3601 1842 3664 ἀκούσας
1889 3609 1990 3672 τῆς

348 3691 564 3748 ἑκείνῶν
623 3688 878 3766 διδαχῆς,
934 3691 1133 3761 ταύτην
1206 3691 1508 3766 προκρίνης
1563 3697 1666 3760 τῆς
1717 3692 1986 3766 ἡμετέρας

350 3780 660 3854 θρησκείας,
696 3781 772 3852 μὴ
828 3778 1189 3854 μροσομιλεῖν
1245 3800 1333 3833 σοι
1385 3776 1659 3847 πολλοὺς,
1715 3778 1842 3835 ἀλλ’
1899 3779 1989 3834 εὖ-

348 3870 704 3945 αριθμητους,
741 3869 769 3922 6
820 3865 1073 3944 βασιλεὺς
1114 3864 1529 3938 ἐπετηδεόσατο,
1578 3866 1803 3929 ἐντολάς
1850 3870 1984 3941 ἡμῖν

353 3954 478 4020 δοὺς
512 3954 680 4031 μηδὲν
714 3977 797 4011 σοι
829 3961 936 4012 τῶν
966 3959 1063 4012 τοῦ
1096 3955 1216 4032 βίου
1246 3955 1480 4030 ἀνιαρῶν
1510 3955 1790 4033 γνωρίσαι.

2094 3251 2204 3307 bus
2227 3251 2559 3307 absolutam
2578 3250 2953 3322 prudentiam
2976 3250 3339 3321 exploratam
3362 3247 3740 3311 haberet,ne-

2102 3357 2216 3411 que
2239 3339 2351 3394 sibi
2373 3338 2444 3394 ab
2468 3355 2535 3394 eo
2559 3338 2889 3410 periculum
2910 3339 3099 3393 ullum
3122 3338 3443 3393 conﬂatum
3485 3336 3556 3390 iri
3583 3335 3738 3391 exis-

2100 3428 2567 3484 timaretomnia
2588 3428 2640 3483 ei
2659 3427 2960 3500 sigillatim
2980 3427 3273 3499 exposuit,
3296 3443 3509 3498 nempe
3524 3431 3583 3480 et
3599 3441 3734 3496 per-

2101 3516 2464 3572 secutionem
2482 3516 2759 3571 adversus
2772 3516 3230 3585 Christianos,ac
3251 3515 3627 3587 potissimum
3641 3512 3739 3567 ad-

2097 3622 2299 3661 versus
2340 3622 2441 3660 eos
2473 3605 2572 3676 qui
2622 3621 2683 3659 se
2730 3604 2934 3676 pietati
2984 3604 3247 3658 colendae
3280 3608 3433 3657 totos
3473 3601 3738 3656 devovis-

2099 3701 2233 3750 sent
2260 3695 2715 3767 promulgatam,
2743 3699 2801 3748 et
2842 3693 3343 3765 quemadmodum
3366 3692 3437 3747 ab
3457 3691 3739 3746 omnibus

2100 3784 2370 3839 ﬁnitimis
2391 3784 2538 3837 locis
2565 3782 2795 3854 expulsi
2818 3789 2876 3837 et
2896 3782 3068 3854 ejecti
3090 3782 3364 3847 fuissent,
3396 3787 3572 3850 atque
3596 3779 3738 3831 item

2099 3888 2168 3927 ea
2188 3889 2318 3943 quaa
2356 3872 2483 3942 ipso
2506 3871 2565 3926 in
2589 3872 2782 3926 lucem
2822 3871 2978 3926 edito
3001 3869 3278 3942 astrologi
3303 3866 3735 3939 prmdixissent.

2097 3962 2177 4016 Ne
2200 3961 2395 4033 igitur,
2414 3960 2624 4030 inquit,
2649 3960 2851 4015 audita
2880 3976 3085 4015 eorum
3113 3958 3402 4025 doctrina,
3437 3972 3565 4011 eam
3595 3953 3738 4010 reli-

2095 4049 2255 4121 gioni
2276 4054 2493 4103 nostra:
2518 4048 3045 4120 praeferasddcirco
3069 4064 3103 4102 a
3119 4062 3252 4119 rege
3274 4046 3411 4101 data
3427 4060 3606 4117 opera
3627 4047 3737 4111 est,

352 4155 426 4194 ne
452 4137 625 4194 multi
654 4142 851 4193 tecum
882 4136 1374 4193 consuetudinem
1403 4136 1711 4205 haberent,
1743 4136 1848 4193 sed
1872 4136 2043 4209 pauci
2076 4138 2343 4193 omnino.
2372 4140 2453 4192 Ac
2505 4137 2677 4193 nobis
2726 4138 2903 4193 etiam
2951 4142 3127 4207 atque
3185 4134 3361 4191 etiam
3415 4132 3740 4200 mandavit,

350 4232 416 4281 ut
440 4226 739 4282 studerem
764 4242 838 4280 ne
864 4224 1008 4296 quid
1038 4226 1285 4297 hujusce
1317 4226 1449 4280 vitm
1479 4225 1887 4281 molestiarum
1923 4242 2028 4297 per
2046 4242 2154 4281 nos
2187 4225 2571 4296 intelligeres.

416 4317 599 4371 Ταῦτα
624 4314 697 4374 ὡς
725 4309 953 4383 ἤκουσεν
1008 4313 1036 4367 6
1093 4312 1304 4375 νεανίας
1363 4309 1514 4367 οὐδὲν
1572 4309 1754 4387 ἕτερον
1813 4333 1979 4388 προσ-

2156 4315 2287 4370 Haec
2301 4313 2722 4369 utadolescens
2734 4312 2925 4369 audivi
2936 4311 3214 4381 t,nullum
3228 4312 3480 4368 alterum
3491 4310 3733 4365 verbum

348 4401 498 4457 ἔθετο
528 4399 788 4470 λαλῆσαιο
820 4400 999 4475 ἥψατο
1057 4397 1115 4455 δὲ
1169 4408 1270 4470 τῆς
1325 4398 1546 4474 καρδίας
1603 4401 1767 4458 αὐτοῦ
1825 4399 1988 4476 λόγος

2104 4402 2682 4474 adjunxit.Caaterum
2698 4401 2973 4457 salutaris
2987 4417 3180 4456 sermo
3194 4401 3380 4473 ipsius
3392 4405 3596 4472 pectus
3608 4397 3738 4452 teti-

350 4492 641 4566 σωτήριος,
670 4488 759 4544 καὶ
781 4491 816 4558 ἡ
847 4492 943 4543 τοῦ
976 4488 1339 4563 Ηαρακλήτου
1373 4486 1534 4563 χάρις
1581 4487 1709 4552 τοὺς
1756 4489 1989 4560 νοητοὺς

350 4576 513 4633 αὐτοῦ
572 4573 896 4653 ὀφθαλμοὺς
952 4572 1239 4651 διανοίγειν
1301 4576 1645 4652 ἐπεχείρησε,
1705 4576 1839 4650 πρὸς
1896 4576 1991 4632 τὸν

354 4667 443 4723 ³1
482 4662 688 4738 ἀψευδῆ
749 4668 1165 4740 χειραγωγοῦσα
1210 4668 1362 4735 Θεὸν,
1417 4664 1493 4726 ὡς
1534 4663 1741 4739 προϊὼν
1775 4665 1803 4719 6
1829 4663 1992 4741 λόγος

354 4750 645 4824 δηλώσειε.
682 4755 912 4827 Συχνῶς
940 4750 998 4807 δὶ
1026 4756 1123 4807 τοῦ
1152 4753 1354 4827 πατρὸς
1386 4751 1551 4807 αὐτοῦ
1581 4753 1669 4807 καὶ
1720 4750 1990 4827 βασιλέως

348 4842 483 4898 κατά
509 4843 630 4896 θὲαν
662 4838 757 4895 τοῦ
795 4838 991 4905 παιδὸς
1040 4838 1347 4916 ἐρχομένου
1403 4841 1600 4915 (ἀγάπῃ
1658 4842 1762 4916 γὰρ
1826 4842 1989 4917 ὑπερ-

347 4926 632 5004 ϐαλλούσῃ
665 4928 841 5007 ἐφίλει
872 4928 1078 5000 αὐτὸν),
1128 4926 1180 4983 ἐν
1248 4934 1348 5002 μιᾷ
1408 4931 1520 5002 (75)
1579 4928 1729 5004 λέγει
1784 4928 1930 5001 αὐτῷ
1961 4929 1988 4983 6

352 5019 486 5082 υἱός·
536 5019 739 5075 Μαθεῖν
797 5038 849 5073 τι
905 5016 1225 5090 ἐπεθύμησα
1279 5017 1427 5092 παρά
1484 5020 1603 5084 σοῦ,
1655 5014 1699 5071 ὦ
1759 5014 1990 5072 δέσποτα

425 5145 535 5215 (73)
567 5143 709 5199 Vide
742 5149 781 5199 t.
814 5144 910 5211 III,
943 5159 1001 5215 p.
1036 5144 1158 5215 382,
1194 5146 1339 5215 n.1,

2099 4491 2201 4564 git,
2219 4508 2285 4546 ac
2297 4490 2573 4546 Paracliti
2592 4490 2781 4563 gratia
2797 4490 3136 4562 spirituales
3160 4490 3347 4561 ipsius
3370 4488 3573 4544 oculos
3593 4503 3734 4557 ape-

2097 4580 2216 4634 rire
2247 4595 2521 4653 aggressa
2545 4584 2656 4647 est,
2691 4594 2825 4634 eum
2857 4579 2931 4633 ad
2961 4594 3163 4633 verum
3211 4579 3417 4645 Deum,
3452 4582 3732 4646 tanquam

2098 4673 2371 4739 porrecta
2411 4684 2593 4723 manu
2628 4667 2871 4732 ducens,
2920 4665 3419 4737 quemadmodum
3452 4661 3735 4718 orationis

2097 4772 2414 4828 progressu
2448 4754 3008 4811 demonstrabimus.
3037 4756 3180 4809 Cum
3203 4760 3401 4809 autem
3419 4769 3521 4807 rex
3546 4752 3732 4822 ipsius

2097 4850 2266 4915 pater
2285 4842 2491 4898 crebro
2514 4861 2651 4899 eum
2682 4844 2899 4898 viseret
2933 4842 3273 4914 (singularis
3303 4841 3522 4896 etenim
3550 4840 3734 4911 ipsius

2098 4948 2235 5003 erga
2259 4948 2394 4987 eum
2414 4947 2582 4986 amor
2602 4930 3036 5001 erat),quadam
3059 4931 3152 4985 die
3183 4930 3273 4983 his
3297 4927 3488 4983 verbis
3511 4928 3733 4983 adeum

2099 5019 2258 5075 filius
2283 5036 2425 5074 usus
2450 5025 2565 5074 est:
2587 5020 2630 5075 Ο
2653 5020 2793 5074 here
2814 5036 2881 5074 ac
2898 5036 3017 5087 rex,
3042 5018 3269 5089 aliquid
3290 5035 3361 5073 ex
3378 5022 3433 5073 te
3453 5017 3601 5073 scire
3629 5034 3736 5073 cu-

428 5211 539 5286 (74)
566 5218 633 5282 Α,
665 5217 903 5288 γνωριεῖ,
936 5211 997 5270 et
1025 5213 1109 5269 sic
1140 5215 1201 5275 Β.
1232 5214 1280 5268 si
1311 5214 1461 5269 bene
1491 5212 1708 5268 notavi.
1743 5212 1783 5266 C
1812 5220 1992 5287 γνωριῆ

428 5286 635 5339 eliores
656 5294 926 5339 auctores
954 5285 1161 5339 iuvari.
1198 5285 1475 5339 Libanius
1505 5284 1675 5339 enist.
1709 5284 1831 5339 382.
1866 5284 1965 5339 aui

2104 5212 2293 5295 lcripsi
2324 5215 2575 5285 γνωριοῖ,
2610 5228 2679 5268 ea
2706 5211 2986 5268 varietate
3031 5212 3236 5268 fretus.
3290 5211 3428 5268 Inde
3484 5218 3737 5283 possunt

2104 5285 2287 5339 :odice
2315 5286 2476 5339 3002.
2509 5300 2630 5339 non
2664 5281 2947 5339 Καλυκίω.
2970 5290 3036 5338 ut
3050 5284 3240 5339 vulgo.
3264 5283 3366 5338 sed
3385 5283 3616 5339 Τιτιανῷ
3646 5290 3737 5338 est

354 5294 635 5341 meliores
656 5294 926 5342 auctores
946 5294 1161 5356 juvarl.
1199 5294 1475 5340 Libanius
1505 5294 1675 5355 epist.
1709 5294 1831 5353 382,
1866 5294 1965 5355 (Illi
1993 5294 2054 5339 in
2085 5294 2287 5340 COdlCB
2315 5294 2476 5353 3002,
2509 5300 2630 5339 non
2667 5294 2947 5354 Καλυκίῳ,
2970 5294 3036 5338 ut.
3050 5294 3240 5355 vulgo.
3264 5294 3366 5338 sed
3385 5294 3567 5338 ἰἰτιαν
3587 5294 3598 5296 ἡ
3646 5294 3733 5338 θεῖ

356 5357 647 5439 inscripta
666 5373 678 5411 :
702 5357 1001 5439 γράμματα
1029 5357 1156 5428 γοῦν
1185 5352 1358 5439 ἐλθεῖν
1392 5354 1522 5439 ὑπὲρ
1550 5357 1659 5408 τῶν
1683 5352 1872 5439 γάμευν
1914 5352 2114 5439 ἐχρῆν.
2138 5356 2286 5439 παρά
2334 5357 2431 5408 σοῦ
2449 5425 2463 5439 ‘
2481 5351 2776 5437 δηλοῦντα,
2802 5354 2897 5439 ’ᾡς
2942 5352 3160 5439 τέἀημὶν
3179 5351 3345 5439 Λξχοι
3386 5372 3469 5436 σοι
3522 5302 3733 5439 κάλιξις,

354 5431 462 5500 τῶν
495 5424 566 5500 δῖ,
583 5424 765 5500 λόγων
793 5424 882 5481 νῦν
909 5424 999 5500 in?
1027 5424 1224 5479 σαυτοῦ
1257 5424 1571 5500 φροντίζεις
1600 5424 1924 5500 ωᾶιο-ξχει,

2104 5424 2408 5500 [verbum
2448 5425 2562 5497 legi
2611 5424 2672 5500 in
2715 5424 3129 5500 codiceh3035;
3175 5424 3479 5500 Cli'oricius
3516 5425 3581 5500 in
3623 5424 3737 5479 Vil-

354 5498 573 5573 loisoni
602 5490 896 5573 ᾼὴεοάοιίβ
915 5499 1136 5573 Graecis,
1168 5490 1311 5573 tom;
1344 5498 1414 5570 II,
1446 5490 1576 5570 pag.
1609 5499 1676 5551 57
1704 5512 1718 5552 :
1745 5490 1852 5552 Τὸῖ
1878 5490 1992 5572 φιλ]

2104 5515 2241 5573 ιργον
2272 5494 2486 5550 ἀνεῖλον
2508 5490 2767 5567 Ἴπατέρα,
2808 5490 3023 5565 παιδὸς,
3069 5493 3130 5549 οὗ
3181 5496 3257 5568 μὴ
3306 5496 3455 5571 φέρει
3501 5495 3602 5563 τὴν
3645 5512 3730 5550 τε·

353 5568 994 5644 λευτήν,-ἀποστερήσαιξ
1030 5569 1169 5644 imo,
1198 5566 1375 5644 φίροι.

426 5644 536 5716 (‘75)
566 5640 726 5697 Infra
748 5636 944 5714 plene,
975 5636 1028 5694 ἐν
1063 5643 1163 5713 μιᾷ
1187 5636 1299 5695 τῶν
1328 5638 1575 5716 ἡμερῶν.
1611 5639 1750 5695 Vide
1780 5642 1985 5696 notata

2120 5640 2349 5713 Syntip.
2380 5654 2512 5710 pag.
2578 5639 2670 5692 79.
