4042 6154
248 334 348 389 891

1796 321 2160 378 ADDENDA.

3527 312 3631 368 892

251 459 349 531 pio
366 456 536 528 cujus
557 469 736 509 causa
757 453 1078 531 perpetuus
1101 462 1335 531 mceror,
1356 448 1530 516 atque
1571 441 1762 498 omnis
1792 442 1886 498 in-

2011 445 2083 499 tui
2114 444 2358 520 βασιλεῦ,
2391 444 2473 519 ἐφ’
2502 446 2548 519 ᾧ
2577 442 2726 516 λύπη
2761 440 3016 513 διηνεκὴς
3043 438 3133 495 καὶ
3194 438 3426 512 μέριμνα
3468 433 3631 491 ἀδιά-

254 526 650 593 termissionis
669 548 874 603 expers
889 526 1223 584 sollicitudo
1238 526 1333 580 ani
1345 542 1500 579 mum
1516 540 1710 579 meum
1726 528 1890 577 exest

257 644 325 683 ac
347 624 786 681 conficit.Pater
807 625 1003 674 autem
1023 633 1090 670 ex
1113 615 1363 685 hocipso
1379 630 1649 668 sermone
1667 613 1890 666 intimis

253 712 574 771 visceribus
598 705 1225 772 discruciatus,ait:Dic
1247 701 1767 770 mihi,charissime
1785 701 1890 765 fili,

257 806 529 879 quisnam
554 802 630 856 sit
650 801 745 854 hic
766 814 982 853 maeror
1003 796 1103 867 qui
1120 800 1175 850 te
1196 794 1520 861 obsidet,ac
1542 793 1739 847 statim
1758 807 1893 846 eum

256 896 318 951 in
341 893 620 966 gaudium
634 892 997 944 commutare
1014 883 1435 940 studebo.Tum
1448 897 1612 953 puer:
1632 883 1889 951 Expone,

255 982 471 1054 inquit,
506 978 791 1051 quidnam
822 992 1014 1031 causa)
1038 974 1115 1028 sit
1144 989 1249 1027 cur
1279 972 1373 1026 hic
1404 970 1694 1036 detinear,
1718 975 1894 1039 atque

257 1075 413 1129 inter
433 1086 633 1125 muros
656 1068 945 1137 etjanuas
970 1063 1073 1117 abs
1096 1068 1151 1117 te
1176 1059 1517 1123 concludar,
1540 1075 1726 1130 eoque
1741 1062 1896 1113 statu

260 1163 396 1227 sim,
423 1164 489 1214 ut
517 1176 551 1213 a
579 1157 818 1211 nemine
840 1154 988 1209 adiri
1010 1169 1076 1207 ac
1098 1152 1260 1207 cerni
1286 1148 1839 1221 queam.Quoniam,
1863 1164 1895 1202 o

263 1250 370 1316 fili,
394 1247 588 1318 inquit
613 1262 736 1312 rex,
763 1244 899 1298 nolo
923 1241 1246 1313 quidquam
1269 1240 1468 1295 videas
1496 1238 1651 1309 quod
1674 1236 1897 1309 pectori

259 1343 360 1393 tuo
374 1335 708 1392 molestiam
721 1331 1177 1401 aﬂ‘erat,tibique
1189 1330 1545 1400 voluptatem
1560 1325 1902 1397 interpellat

263 1424 566 1497 Siquidem
586 1424 700 1477 hoc
721 1439 826 1495 ago
848 1438 916 1477 ac
934 1424 1227 1491 specto,ut
1248 1419 1310 1473 in
1324 1416 1625 1488 perpetuis
1646 1414 1896 1481 deliciis,

266 1521 440 1586 atque
462 1512 623 1568 omni
643 1511 855 1583 gaudio
883 1509 1186 1579 animique
1217 1507 1535 1577 voluptate,
1562 1520 1738 1559 omne
1768 1503 1899 1557 vita:

264 1609 498 1674 tempus
521 1601 813 1656 traducas.
833 1601 907 1653 At
925 1597 1099 1652 velim
1122 1596 1333 1651 sciaso
1356 1592 1723 1664 here,inquit
1744 1591 1900 1646 filius

267 1694 341 1749 ad
363 1698 614 1765 patrem,
637 1706 731 1745 me
751 1691 863 1744 hoc
884 1688 1059 1743 modo
1074 1704 1193 1741 non
1215 1686 1275 1739 in
1298 1685 1508 1757 gaudio
1528 1688 1702 1754 atque
1716 1680 1900 1736 animi

1998 553 2233 596 παυστος
2264 533 2529 588 κατεσθίει
2564 555 2670 606 μου
2712 533 2810 601 τὴν
2864 531 3071 605 ψυχήν.
3121 529 3184 583 Ὀ
3231 524 3288 580 δὶ
3336 525 3536 594 παῖἧρν
3581 522 3635 593 ἐξ

2000 621 2172 675 αὐτῶν
2230 624 2337 676 τῶν
2390 622 2649 699 ῥημάτων
2713 620 2960 695 ἀλγήσας
3002 616 3069 672 τὰ
3123 614 3436 689 σπλάγχνα,
3510 609 3632 689 ἔφη·

2000 712 2133 787 Λέγε
2166 734 2282 786 μοι,
2312 712 2495 768 τέκνον
2538 710 2934 780 ποθεινότατον,
2993 707 3074 769 τίς
3224 701 3524 779 συνέχουσά
3580 721 3640 755 σε

2002 798 2174 873 λύπη,
2204 802 2294 856 καὶ
2326 808 2514 865 θᾶττον
2541 801 2708 869 αὐτὴν
2754 799 2829 862 εἷς
2879 798 3052 874 χαρὰν
3094 795 3423 869 μεταμεῖψαι
3467 810 3640 844 σπου-

2003 886 2169 946 δάσω.
2214 889 2310 944 Kui
2356 912 2517 968 φησιν
2571 890 2599 944 6
2656 893 2804 950 παῖςο
2846 888 2941 949 Τίς
3000 886 3028 940 6
3082 883 3287 959 τρόπος
3336 886 3437 950 τῆς
3497 877 3635 968 ἐμῆς

2002 976 2188 1033 ἐνθάδε
2236 965 2579 1050 καθενίρξεως,
2632 977 2715 1032 ’ὁτι
2766 975 2914 1037 ἐντὸς
2985 975 3212 1048 τειχέων
3282 968 3374 1023 xui
3449 965 3638 1022 πυλῶν

2004 1066 2342 1130 συνέκλεισάς
2404 1089 2490 1141 με.
2546 1068 2805 1143 ἀπρόϊτον
2866 1064 3040 1133 πάντη
3095 1062 3186 1116 xui
3241 1058 3458 1115 ἀθέατον
3513 1055 3644 1111 πᾶσί

2008 1177 2073 1230 με
2092 1158 2473 1226 καταστήσας;
2522 1155 2624 1213 Καὶ
2655 1158 2682 1211 6
2714 1156 2890 1227 πατὴρ
2945 1148 3067 1225 ἔφη·
3128 1149 3204 1207 Οὐ
3266 1145 3562 1224 βούλομαι,
3596 1143 3641 1199 ὦ

2003 1247 2213 1316 τέκνον,
2247 1242 2377 1299 ἰδεῖν
2414 1245 2471 1300 σέ
2516 1266 2571 1301 τι
2612 1249 2719 1300 τῶν
2761 1240 3093 1313 ἀηδιζόντων
3141 1240 3242 1309 τήν
3280 1236 3500 1315 καρδίαν
3548 1257 3645 1291 σου

2005 1333 2097 1389 καὶ
2157 1333 2533 1409 ἐγκοπτόντων
2593 1354 2676 1388 σοι
2732 1333 2832 1401 τὴν
2893 1328 3254 1407 εὐφροσύνην.
3313 1329 3398 1382 Ἐν
3466 1327 3645 1402 τρυφῇ

2007 1424 2111 1498 γὰρ
2144 1419 2381 1491 διηνεκεῖ
2435 1422 2523 1477 καὶ
2575 1425 2721 1497 χαρᾷ
2772 1417 2917 1494 παίσῃ
2956 1417 3048 1473 καὶ
3098 1414 3341 1490 θυμηδίᾳ
3391 1414 3546 1484 ζῆσαί
3591 1433 3651 1467 σε

2006 1511 2098 1565 τὸν
2130 1510 2338 1565 ’ἅπαντα
2368 1508 2691 1583 διανοοῦμαι
2721 1509 2911 1566 αἰῶνα.
2964 1505 3123 1564 Ἀλλ’
3174 1502 3229 1559 εὖ
3282 1505 3413 1573 ἴσθι,
3461 1501 3505 1557 ὦ
3559 1499 3649 1557 δέ·

2011 1620 2203 1670 σποτα,
2232 1600 2395 1678 φησὶν
2429 1600 2456 1653 6
2487 1599 2603 1660 υἱὸς
2632 1603 2711 1669 τῷ
2745 1596 2929 1669 πατρὶ,
2959 1600 3039 1668 τῷ
3084 1594 3274 1670 τρόπῳ
3320 1592 3497 1664 τούτῳ
3544 1592 3652 1647 οὐκ

2008 1687 2062 1744 ἐν
2097 1693 2241 1764 χαρᾷ
2269 1689 2359 1744 καὶ
2391 1685 2633 1760 θυμηδίᾳ
2666 1691 2777 1772 ἣζῶ,
2829 1685 2879 1741 ἐν
2931 1683 3112 1758 θλίψει
3173 1681 3230 1738 δὲ
3291 1680 3503 1756 μᾶλλον
3556 1679 3650 1772 xui

264 1781 587 1852 voluptate,
621 1779 725 1833 sed
756 1777 949 1849 potius
980 1776 1040 1830 in
1085 1774 1405 1830 afﬂictione
1450 1777 1627 1842 atque
1675 1768 1899 1842 ingenti

2013 1777 2351 1854 στενοχωρίᾳ
2380 1776 2590 1850 πολλῇ,
2625 1768 2698 1839 ὡς
2730 1774 2816 1831 καὶ
2857 1774 3023 1841 αὐτὴν
3075 1773 3172 1841 τήν
3219 1771 3421 1847 βρῶσίν
3452 1790 3512 1825 τε
3556 1770 3650 1824 καὶ

268 1869 540 1940 angustia
567 1868 742 1921 vitam
774 1881 981 1937 agere;
1011 1864 1157 1919 adeo
1206 1867 1272 1917 ut
1313 1863 1438 1933 ipse
1469 1876 1704 1933 quoque
1737 1859 1903 1913 cibus

266 1973 335 2013 ac
365 1960 538 2027 potus
567 1952 804 2009 fastidio
830 1951 975 2007 mihi
1008 1957 1065 2006 et
1086 1949 1389 2006 acerbitati
1413 1949 1525 2015 sit;
1551 1947 1909 2019 etenimges-

266 2046 339 2099 tit
366 2044 600 2099 animus
628 2059 697 2098 ea
727 2059 856 2112 quas
888 2046 1053 2095 extra
1080 2040 1187 2094 has
1210 2039 1427 2111 januas
1458 2042 1597 2092 sunt
1617 2036 1908 2107 perspice-

265 2150 351 2187 re.
376 2130 768 2196 Quamobrem
793 2130 840 2184 si
868 2145 961 2183 me
984 2128 1115 2182 laete
1138 2124 1484 2197 acjucunde
1505 2125 1699 2178 vivere
1716 2123 1905 2193 cupis,

260 2219 408 2292 jube
435 2236 529 2274 me
553 2218 838 2273 arbitratu
860 2232 991 2271 meo
1013 2215 1169 2270 foras
1196 2213 1488 2285 progredi,
1507 2217 1682 2283 atque
1704 2225 1907 2266 earum

270 2325 472 2364 rerum
502 2323 753 2378 quarum
775 2310 1118 2377 prospectus
1140 2303 1284 2359 mihi
1306 2308 1553 2375 negatur
1569 2300 1907 2373 spectaculo

272 2397 540 2453 animum
571 2396 887 2451 oblectare.

344 2488 476 2543 Haec
501 2490 569 2541 ut
596 2502 699 2540 rex
728 2484 968 2552 audivit,
1000 2482 1279 2539 maestitia
1307 2484 1551 2538 affectus
1584 2486 1691 2549 est,
1724 2479 1904 2535 illud-

274 2592 390 2646 que
421 2574 714 2647 cogitabat
742 2573 890 2641 fore,
922 2579 988 2627 ut
1017 2573 1066 2627 si
1096 2572 1183 2627 illi
1214 2572 1371 2642 quod
1400 2571 1638 2643 petebat
1659 2570 1903 2641 denega-

268 2669 380 2731 ret,
416 2664 701 2735 majorem
731 2663 783 2717 ei
818 2678 1127 2716 maerorem
1154 2678 1221 2716 ac
1252 2660 1709 2716 sollicitudinem
1733 2660 1903 2713 affer-

268 2757 379 2807 ret.
412 2751 697 2818 Quocirca
723 2768 784 2806 se
819 2768 949 2821 qua:
998 2756 1163 2822 grata
1209 2749 1321 2821 ipsi
1368 2753 1567 2804 essent
1610 2747 1905 2802 facturum

270 2841 436 2897 dixit.
461 2843 542 2895 Ac
564 2840 762 2895 statim
775 2839 1021 2894 eximios
1041 2854 1301 2909 equosac
1323 2837 1643 2893 satellitum
1662 2851 1906 2891 manum

271 2929 447 3000 regias
473 2928 741 3000 dignitati
756 2932 1175 2999 congruentem
1193 2925 1600 2998 pararijussit,
1630 2925 1801 2994 eique
1818 2923 1905 2977 fo-

271 3032 389 3084 ras,
412 3016 642 3087 quoties
665 3014 1276 3086 vellet,progrediendi
1299 3018 1650 3085 potestatem
1664 3010 1907 3067 fecit.lis

270 3110 468 3160 autem
490 3105 590 3175 qui
610 3120 745 3159 cum
768 3120 834 3159 eo
854 3103 1242 3158 versabantur
1262 3118 1637 3173 summopere
1659 3099 1908 3156 manda-

268 3193 348 3248 vit
376 3199 442 3247 ut
470 3160 746 3248 curarent
774 3209 847 3247 ne
871 3192 1011 3263 quid
1029 3190 1340 3264 injucundi
1373 3160 1601 3245 obviam
1622 3190 1903 3255 haberet;
1935 3160 1978 3228 (ἶ

269 3297 471 3335 verum
502 3280 791 3351 quidquid
832 3281 1144 3351 pulchrum
1177 3284 1235 3334 et
1271 3296 1568 3335 amoenum
1600 3296 1668 3334 ac
1685 3278 1903 3350 jucun-

271 3370 413 3425 dum
445 3374 621 3436 esset,
653 3369 765 3440 ipsi
823 3369 1244 3435 ostenderent;
1276 3369 1637 3439 choreasque
1682 3367 1744 3422 in
1796 3367 1904 3423 viis

271 3456 583 3529 agitarent,
609 3456 1090 3529 suavissimisque
1118 3457 1493 3513 cantionibus
1525 3472 1765 3528 operam
1800 3455 1906 3511 da-

270 3550 425 3612 rent,
457 3562 524 3602 ac
570 3546 729 3602 varia
775 3547 1111 3618 spectacula
1158 3547 1604 3612 constituerent,
1658 3550 1724 3600 ut
1777 3545 1904 3616 ipse

269 3639 532 3692 mentem
564 3635 656 3691 his
688 3635 868 3691 rebus
899 3642 1217 3708 occuparet
1245 3642 1422 3707 atque
1452 3634 1795 3691 oblectaret.

340 3815 486 3870 Cum
503 3812 682 3887 igitur
701 3814 856 3887 regis
875 3814 1032 3869 ﬁlius
1049 3813 1121 3869 ad
1134 3813 1291 3869 hunc
1330 3813 1570 3869 modum
1601 3812 1759 3868 foras
1776 3828 1906 3867 cre-

268 3901 374 3958 bro
398 3903 869 3975 progrederetur,
903 3902 1156 3974 quadam
1189 3902 1284 3958 die
1321 3903 1732 3957 ministrorum
1754 3900 1906 3955 obli-

269 3991 440 4045 vione
468 3990 689 4046 factum
711 3996 800 4046 est
818 3996 883 4045 ut
903 3990 1052 4045 duos
1072 3990 1225 4046 viros
1245 3991 1625 4062 perspiceret,
1651 4005 1904 4060 quorum

272 4079 422 4134 alter
450 4078 634 4151 lepra,
658 4080 811 4135 alter
827 4076 1903 4148 caecitatelaborabat.Quosconspica-

269 4172 389 4236 tus,
420 4173 597 4238 atque
616 4169 800 4224 animi
824 4168 1100 4225 mmstitia
1115 4169 1381 4235 affectus,
1396 4167 1467 4224 ab
1490 4167 1563 4223 iis
1584 4167 1684 4240 qui
1704 4184 1902 4223 secum

268 4261 441 4311 erant
461 4257 703 4326 quinam
723 4257 784 4311 hi
808 4264 1092 4325 essent,et
1107 4257 1403 4330 quodnam
1426 4274 1595 4330 grave
1618 4256 1727 4311 hoc
1746 4273 1907 4328 spec-

269 4343 532 4399 taculum
567 4350 741 4414 esset,
766 4350 1142 4416 percontatus
1179 4352 1296 4414 est;
1321 4346 1408 4401 illi
1431 4352 1648 4407 autem,
1684 4362 1817 4401 cum
1846 4344 1905 4401 id

269 4433 427 4505 quod
449 4433 511 4487 in
532 4433 719 4505 ipsius
737 4441 1041 4506 aspectum
1059 4442 1297 4491 venerat
1318 4436 1612 4492 occultare
1635 4452 1754 4489 non
1777 4452 1907 4506 pos-

272 4526 423 4587 sent,
450 4521 557 4577 has
580 4522 872 4579 humanas
900 4524 1264 4579 calamitates
1287 4541 1416 4579 esse
1440 4522 1894 4593 responderunt,
1929 4507 1976 4571 D

270 4627 400 4681 qua)
422 4626 493 4665 ex
513 4616 789 4683 corrupta
808 4613 1075 4681 materia,
1105 4617 1163 4666 et
1183 4628 1427 4683 corpore
1440 4610 1662 4664 vitiosis
1684 4610 1896 4664 humo-

269 4698 432 4754 ribus
456 4699 1363 4771 pleno,mortalibuscontingere
1380 4697 1857 4752 solent.Tumille
1882 4713 1896 4751 :

267 4788 581 4845 Cunctisne
610 4788 950 4845 hominibus
979 4788 1106 4843 haec
1129 4786 1394 4842 accidere
1426 4785 1902 4841 consueverunt?

268 4877 394 4930 Non
424 4876 673 4942 cunctis,
697 4876 976 4946 inquiunt
993 4875 1105 4938 illi,
1126 4892 1329 4930 verum
1359 4874 1430 4930 iis
1451 4873 1737 4930 duntaxat
1754 4891 1900 4946 quo-

266 4980 399 5017 rum
421 4964 693 5019 valetudo
707 4968 946 5035 prOpter
962 4962 1264 5034 improbos
1286 4963 1564 5019 humores
1586 4963 1901 5036 depravata

267 5051 360 5103 sit.
386 5053 643 5106 Rursum
664 5052 843 5122 igitur
863 5050 1149 5106 sciscitari
1166 5052 1425 5122 perrexit
1442 5051 1816 5108 adolescens:
1839 5053 1897 5108 Si

266 5155 386 5193 non
401 5154 607 5193 omnes
624 5139 894 5193 homines
916 5139 976 5193 in
992 5140 1097 5195 has
1112 5140 1477 5196 calamitates
1495 5141 1754 5196 incidere
1767 5159 1899 5197 con-

267 5233 608 5293 sueverunt,
627 5226 731 5282 sed
757 5225 996 5298 quidam
1019 5227 1320 5294 duntaxat,
1348 5231 1791 5301 exploratumne
1811 5238 1900 5287 est

269 5318 516 5389 quinam
548 5317 669 5372 sint
696 5333 843 5387 quos
872 5317 1165 5373 malorum
1195 5317 1546 5375 acerbitates
1577 5326 1896 5391 arrepturaa

269 5406 390 5463 sint
412 5422 427 5474 ;
459 5422 535 5461 an
564 5412 772 5463 contra
788 5405 939 5462 citra
959 5406 1143 5464 ullam
1163 5406 1605 5464 distinctionem
1625 5413 1802 5480 atque
1826 5425 1898 5465 ex

2014 1867 2168 1923 πόσιν
2201 1864 2343 1936 ἀηδῆ
2378 1887 2472 1939 μοι
2502 1865 2920 1941 καταφαίνεσθαι
2954 1866 3063 1936 (76)
3094 1860 3184 1916 xui
3215 1861 3434 1937 πικράν.
3491 1860 3652 1915 Ποθῶ

2011 1957 2110 2031 γὰρ
2137 1961 2265 2031 ὸρᾷν
2292 1954 2466 2010 πάντα
2502 1955 2569 2009 τὰ
2618 1950 2718 2024 ἔξω
2762 1956 2871 2009 τῶν
2924 1950 3114 2007 πυλῶν
3166 1951 3393 2008 τούτων.
3443 1948 3509 2007 Ei
3559 1946 3652 2003 οὗν

2019 2045 2205 2121 βούλει
2234 2045 2285 2099 ἐν
2316 2043 2479 2118 ὀδύνῃ
2532 2045 2607 2118 μὴ
2671 2046 2768 2117 ζῇν
2830 2063 2918 2116 με,
2973 2039 3229 2096 κέλευσον
3286 2037 3652 2114 προέρχεσθαι

2013 2136 2192 2198 καθὼς
2225 2133 2520 2210 βούλομαι,
2560 2131 2650 2187 xui
2701 2132 2986 2205 τέρπεσθαι
3037 2130 3137 2199 τήν
3195 2129 3382 2204 ψυχὴν
3436 2131 3505 2202 τῇ
3560 2125 3655 2199 θέᾳ

2014 2229 2119 2281 τῶν
2150 2222 2453 2302 γενομένων
2481 2222 2615 2285 τέως
2643 2221 2878 2277 ἀθεάτων
2915 2240 3031 2295 μοι.

2088 2494 2186 2551 82
2244 2490 2526 2561 Ἐλυπήθη
2561 2491 2589 2546 6
2625 2487 2879 2564 βασιλεὺς
2935 2488 3010 2551 ὡς
3064 2485 3266 2556 ἤκουσε
3317 2489 3504 2556 ταῦτα,
3558 2484 3647 2540 xui

2016 2577 2289 2636 διεσκόπει
2336 2580 2430 2648 ὡς,
2493 2578 2538 2634 εί
2590 2577 2828 2633 κωλύσει
2883 2583 2983 2647 τῆς
3042 2576 3330 2646 αἰτήσεως,
3397 2574 3651 2649 πγείονος

2015 2668 2160 2741 αὐτῷ
2191 2669 2345 2730 ἀνίας
2374 2667 2465 2723 καὶ
2499 2666 2771 2742 μερίμνης
2796 2665 3053 2740 πρόξενος
3082 2661 3251 2722 ἔσται.
3285 2664 3412 2733 Καὶ,
3437 2688 3465 2715 ‹‹
3510 2662 3652 2737 Ἐγώ

2015 2779 2132 2826 σου,
2164 2757 2371 2827 τέκνον,
2405 2756 2595 2825 εἰπὼν,
2622 2755 2695 2810 τὰ
2748 2754 3054 2827 καταθύμια
3099 2753 3338 2824 ποιήσω,
3369 2777 3391 2806 ι
3442 2762 3653 2813 ἵππους

2014 2845 2201 2901 αὐτίκα
2251 2841 2539 2905 ἐκλεκτοὺς
2584 2842 2676 2898 καὶ
2736 2840 3062 2920 δορυφορίαν
3107 2843 3206 2911 τὴν
3260 2839 3478 2917 βασιλεῖ
3523 2838 3651 2915 πρέ-

2014 2954 2219 2989 πουσαν
2279 2932 2684 3004 εὐτρεπισθῆναι
2760 2929 3043 2996 κελεύσας,
3120 2930 3485 3004 προέρχεσθαι
3558 2926 3650 2983 αύ-

2012 3024 2105 3080 τὸν
2137 3022 2226 3078 ὅτε
2259 3020 2525 3098 βούλοιτο
2585 3019 2901 3097 διωρίσατο,
2951 3021 3256 3094 ἐπισκήψας
3305 3024 3423 3081 τοῖς
3464 3022 3654 3074 συνοῦ-

2016 3134 2097 3168 σιν
2159 3112 2305 3184 αὐτῷ
2357 3108 2525 3185 μηδὲν
2562 3108 2725 3179 ἀηδὲς
2769 3109 2846 3172 εἰς
2902 3108 3218 3179 συνάντησιν
3273 3109 3418 3179 αὖτῷ
3474 3105 3652 3181 ἄγειν,

2016 3199 2184 3267 ἀλλὰ,
2215 3205 2317 3254 πᾶν
2370 3198 2401 3253 6'
2442 3220 2495 3254 τι
2548 3197 2715 3253 καλὸν
2773 3195 2864 3252 καὶ
2918 3198 3104 3271 τέρψιν
3164 3195 3441 3270 ἐμποιοῦν,
3487 3199 3651 3249 τοῦτο

2017 3286 2384 3344 ὑποδεικνύειν
2411 3290 2490 3359 τῷ
2513 3284 2692 3355 παιδὶ,
2723 3285 2929 3362 χορούς
2974 3306 3032 3341 τε
3080 3289 3391 3361 συγκροτεῖν
3440 3280 3492 3338 ἐν
3538 3288 3659 3345 ταῖς

2013 3374 2163 3438 ὁδοῖς
2214 3374 2616 3450 παναρμονίους
2673 3373 3014 3449 κροτούντων
3069 3372 3215 3446 ᾠδὰς
3273 3371 3364 3428 xui
3435 3370 3662 3428 ποικίλα

2013 3464 2209 3539 θέατρα
2251 3460 2644 3532 συνιστώντων,
2695 3459 2834 3516 ὥστε
2888 3460 3106 3526 τούτοις
3161 3460 3253 3516 τὸν
3311 3464 3436 3515 νοῦν
3494 3458 3657 3515 αὐτοῦ

2013 3549 2444 3626 ἀπασχολεῖσθαι
2478 3550 2567 3606 καὶ
2599 3547 2964 3620 ἐνηδύνεσθαι.

2082 3814 2304 3890 Ἀμέλει
2337 3814 2540 3873 οὑτωσὶ
2572 3816 2851 3892 συχνάζων
2908 3814 2960 3871 ἐν
3007 3821 3127 3878 ταῖς
3170 3813 3431 3890 προόδοις
3482 3817 3510 3872 6
3556 3821 3654 3872 τοῦ

2016 3904 2286 3980 βασιλέως
2317 3905 2457 3975 υἱὸς,
2486 3901 2619 3959 εἶδεν
2654 3904 2705 3958 ἐν
2736 3909 2836 3977 μιᾷ
2856 3908 2965 3959 τῶν
2998 3906 3246 3981 ἡμερῶν,
3287 3905 3423 3960 κατὰ
3471 3903 3651 3976 λήθην

2008 3997 2116 4049 τῶν
2152 3990 2458 4063 ὑπηρετῶν,
2501 3988 2699 4066 ἄνδρας
2750 3990 2868 4063 δύο,
2915 3994 2988 4046 ὧν
3022 3993 3050 4047 6
3084 3994 3178 4065 μὶν
3234 3987 3644 4065 λελωϐημένος,

2008 4080 2212 4160 τυφλὸς
2246 4078 2303 4136 δὲ
2333 4082 2360 4135 6
2392 4077 2576 4155 ’ἔτερος
2608 4082 2694 4149 ἦν·
2744 4080 2837 4142 οὕς
2884 4078 3039 4147 ΐδὼν,
3080 4080 3170 4136 xui
3215 4077 3491 4151 ἆηδισθεὶς
3541 4083 3641 4151 τὴν

2011 4172 2218 4244 ψυχήνν
2250 4165 2398 4243 λέγει
2427 4173 2545 4231 τοῖς
2575 4169 2690 4241 μετ’
2721 4167 2904 4224 αὐτοῦ’
2959 4169 3115 4231 Τίνες
3172 4169 3343 4239 οὗτοι,
3391 4170 3479 4225 xui
3538 4191 3643 4225 πο.

2009 4260 2152 4327 ταπή
2186 4260 2220 4327 ἡ
2274 4254 2544 4332 δυσχερὴς
2585 4256 2759 4311 αὐτῶν
2812 4256 2944 4328 θέα;
2993 4257 3060 4314 ()ἰ
3105 4255 3183 4328 δὲ,
3226 4259 3303 4331 μὴ
3355 4255 3644 4330 δυνάμενοι

2010 4348 2072 4402 τὸ
2094 4345 2169 4408 είς
2204 4347 2386 4422 ὅρασιν
2441 4344 2604 4400 αὐτοῦ
2650 4344 2807 4409 ἐλθὸν
2852 4345 3185 4421 ἀποκρύψαι,
3226 4340 3448 4424 ἔφησαν·
3490 4346 3639 4418 Πάθη

2010 4433 2177 4491 ταῦτά
2243 4432 2375 4487 εἷ’σιν
2430 4433 2760 4508 ἀνθρώπινα,
2819 4433 2973 4489 am:
3028 4434 3081 4504 ἐξ
3134 4432 3271 4505 ὕλης
3324 4433 3643 4512 διεφθαρμέ-

2006 4545 2102 4593 νης
2122 4522 2211 4578 xui
2245 4521 2497 4595 σώματος
2524 4520 2847 4595 κακοχύμου
2897 4527 3013 4583 τοῖς
3065 4523 3282 4598 βροτοῖς
3325 4518 3637 4596 συμϐαίνειν

2007 4611 2183 4667 εἷ’ωθε.
2218 4608 2314 4664 Καί
2346 4630 2505 4685 φησιν
2541 4610 2569 4664 6
2598 4614 2747 4671 παῖς’
2780 4614 2915 4665 nam
2962 4615 3078 4674 τοῖς
3123 4609 3428 4685 ἀνθρώποις
3476 4616 3641 4667 ταῦτα

2009 4699 2232 4765 εἶ’θισται
2292 4691 2645 4771 συμϐαίνεινς
2722 4696 2979 4773 Λέγουσιν
3035 4698 3254 4755 ἐκεῖνοι·
3315 4699 3392 4757 Οὐ
3454 4707 3637 4772 πᾶσιν,

2006 4786 2133 4844 ἀλλ’
2159 4789 2240 4849 οἷς
2272 4784 2332 4842 ἂν
2367 4785 2656 4861 ἐκτραπείη
2688 4785 2752 4841 τὸ
2784 4787 3007 4862 ὑγιεινὸν
3040 4786 3099 4842 ὲκ
3124 4794 3225 4858 τῆς
3277 4793 3386 4844 τῶν
3439 4795 3636 4864 χυμῶν

2011 4874 2343 4953 μοχθηρίας.
2375 4874 2543 4939 Αὖθις
2574 4873 2666 4930 οὗν
2699 4874 3019 4932 ἐπυνθάνετο
3050 4878 3078 4932 6
3104 4882 3253 4940 παῖς.
3287 4876 3350 4933 Ei
3390 4877 3456 4934 οὐ
3485 4886 3638 4949 πᾶσι,

2008 4963 2162 5043 φησί,
2190 4969 2351 5020 τοῦτο
2380 4969 2498 5026 τοῖς
2532 4963 2844 5039 ἀνθρώποις
2875 4960 3186 5039 συμϐαίνειν
3239 4963 3446 5037 εἷ’ωθεν,
3497 4964 3641 5023 ἄλλᾶ

2002 5053 2168 5121 τισὶν,
2199 5059 2303 5127 ἆρα
2329 5050 2562 5128 γνωστοὶ
2612 5054 3025 5124 καθεστήκασιν,
3084 5052 3175 5116 οῧς
3234 5054 3424 5130 μέλλει
3473 5060 3639 5113 ταῦτα

2004 5140 2408 5214 καταλήψεσθαι
2438 5140 2505 5194 ea
2535 5137 2715 5208 δεινάς
2747 5141 2782 5212 ἢ
2815 5138 3141 5217 ἀδιορίστως
3170 5142 3258 5199 καὶ
3306 5145 3635 5220 ἆπροόπτως

2006 5229 2319 5309 ὖφίσταται;
2365 5231 2465 5285 33
2516 5227 2773 5303 Λέγουσιν
2828 5227 3045 5285 ἐκεῖνοι·
3095 5232 3195 5287 Καὶ
3250 5231 3335 5295 τίς
3391 5238 3495 5289 τῶν
3546 5234 3636 5289 ἀν-

2006 5318 2238 5395 θρώπων
2268 5318 2336 5374 τὰ
2393 5313 2669 5390 μέλλοντα
2716 5315 2947 5373 συνιδεῖν
3006 5316 3220 5376 δύναται
3263 5322 3351 5376 xui
3401 5318 3637 5398 ἀκριϐῶς

2005 5407 2327 5483 ἐπιγνῶναι;
2359 5411 2605 5485 κρεῖττον
2644 5405 2747 5483 γὰρ
2794 5406 3136 5483 ἀνθρωπίνης
3191 5409 3402 5485 φύσεως
3451 5415 3637 5485 τοῦτο,

334 5551 446 5621 ('76)
474 5550 536 5622 Ο,
563 5547 857 5635 φᾳίνεσθαν
892 5550 1265 5637 ΙιὶΜηίιιε,“ς.
1295 5552 1340 5634 I_,
1365 5568 1423 5624 p.
1457 5554 1559 5607 253
1584 5568 1600 5609 :
1637 5552 1775 5637 μήτε
1804 5550 1899 5626 ὄψι

2021 5549 2099 5609 ἔτι
2129 5551 2255 5614 τοὺς
2280 5548 2330 5607 ἐν
2360 5555 2481 5617 ταῖς
2530 5551 2821 5624 συνθήκαις
2870 5549 3127 5619 ἰκείνους·
3178 5556 3280 5615 ubi
3322 5558 3451 5617 cod.
3504 5561 3639 5616 1000

267 5622 481 5693 θήκαις,
509 5622 730 5681 omissa
757 5640 919 5681 nunc
948 5622 1431 5681 commodissime
1460 5622 1901 5698 prepositione.
