4042 6154
455 271 560 328 893

1621 277 1796 330 VITA
1832 275 2180 330 DARLAAM
2216 277 2310 330 ΕΤ
2343 276 2684 330 JOASAPH.

3735 279 3842 334 891

455 395 542 449 καὶ
607 392 796 466 μόνοις
843 390 1234 468 ἀποκληρωθὶν
1284 397 1400 455 τοῖς
1453 393 1730 455 ἀθανάτοις
1780 397 1945 456 θεοῖς.
1997 396 2094 448 Καὶ

2214 397 2523 467 improviso
2555 397 2892 452 couﬂantnr
2916 397 2944 452 ?
2971 399 3039 452 Et
3069 399 3202 469 quis
3231 400 3470 455 tandem
3507 401 3838 468 hominum,

455 480 724 536 ἐπαύσατο
785 482 1059 553 μένὸτοῠ
1121 479 1390 556 βασιλέως
1445 483 1558 544 υἱὸς
1617 481 2094 555 ἐπερωτῶν,ὠδυ-

454 573 589 641 νήθη
625 567 682 624 δὲ
712 571 808 638 τήν
855 567 1077 644 καρδίαν
1135 571 1218 624 ἐπὶ
1275 574 1355 642 τῷ
1385 572 1649 646 ὁραθὲντι,
1682 571 1770 626 καὶ
1801 571 2089 642 ἠλλοιώθη

451 659 488 726 ἠ
537 658 721 734 μορφή
777 661 874 711 τοῦ
930 656 1226 732 προσώπου
1283 659 1447 712 αὐτοῦ
1505 659 1756 728 ἀσυνήθει
1811 663 1909 713 τοῦ
1955 658 2091 734 πρά-

453 767 687 820 γματος.

2205 487 2640 556 responderunt
2669 487 2778 554 illi,
2811 487 3008 542 futura
3029 487 3362 558 perspicere
3381 505 3446 542 ac
3477 489 3732 560 perfecte
3755 490 3841 544 in-

2207 575 2470 646 telligere
2495 576 2714 644 queat?
2739 577 2852 630 Hoc
2881 577 3039 630 enim
3063 577 3338 631 humana:
3363 583 3586 632 naturze
3601 583 3834 648 captum

2205 663 2452 726 excedit,
2487 679 2552 717 ac
2584 663 2726 718 solis
2757 664 3191 719 immortalibus
3224 665 3335 720 diis
3359 667 3704 720 attributum
3729 671 3836 720 est.

2205 752 2308 805 Hic
2333 751 2717 822 percontandi
2744 753 2982 822 quidem
3033 755 3212 807 tinem
3259 754 3398 808 fecit
3439 755 3591 826 regis
3643 755 3836 820 filius;

451 853 654 892 verum
689 853 759 892 ex
784 835 1128 907 hujusmodi
1159 837 1492 909 spectaculo
1525 838 1791 894 dolorem
1823 838 2022 894 animo
2079 839 2255 909 cepit,
2309 840 2515 910 reique
2573 841 2828 896 novitate
2883 841 2966 895 ita
2995 843 3238 897 affectus
3270 849 3377 907 est,
3411 849 3475 897 ut
3503 843 3621 898 oris
3651 841 3836 914 ipsius

451 927 643 982 forma
671 926 1106 981 immutaretur.

521 1033 650 1088 Μετ’
683 1030 744 1086 ού
777 1028 990 1094 πολλὰς
1047 1029 1102 1086 δὲ
1151 1033 1364 1108 ἡμέρας
1422 1035 1572 1098 αὖθις
1625 1031 1980 1108 διερχόμενος
2013 1031 2097 1088 ἐν·

451 1123 708 1197 τυγχάνει
739 1122 954 1195 γέροντι
985 1119 1426 1194 πεπαλαιωμὲνῳ
1471 1121 1524 1176 ἐν
1573 1122 1808 1198 ἡμέραις
1837 1119 2096 1191 πολλαῖς,

455 1207 838 1286 ἐρῥικνωμένῳ
893 1209 988 1282 μὲν
1047 1209 1110 1264 τὸ
1165 1209 1482 1286 πρόσωπον,
1544 1210 1852 1284 παρειμένῳ
1903 1208 1959 1265 δὲ
2005 1211 2099 1272 τὰς

452 1301 681 1372 κνήμας,
716 1298 1096 1376 συγκεκυφότι,
1144 1300 1235 1354 καὶ
1287 1298 1432 1362 ὅλως
1483 1301 1908 1372 πεπολιωμὲνῳ,
1953 1299 2098 1353 ἐστε--

454 1392 678 1466 ρημὲνῳ
733 1391 860 1452 τοὺς
921 1387 1162 1456 ὀδόντας,
1219 1389 1310 1445 καὶ
1383 1389 1760 1464 ἐγκεκομμένα
1817 1390 2096 1446 λαλοῦντι.

451 1477 755 1550 Ἐκπληξις
813 1477 902 1532 οὗν
977 1476 1134 1532 αὐτὸν
1209 1473 1497 1550 λαμϐἀνιν
1555 1477 1644 1532 καὶ
1713 1475 1804 1546 δὴ,
1861 1476 2098 1547 πλησίον

454 1571 648 1621 τοῦτον
677 1567 917 1640 ἀγαγὼν,
951 1564 1206 1640 ἐπηρώτα
1263 1571 1450 1639 μαθεῖν
1506 1566 1565 1620 τὸ
1615 1573 1715 1634 τῆς
1773 1562 1893 1628 θέας
1921 1563 2095 1638 παρᾶ-

2279 1036 2530 1090 Rursum
2564 1041 2759 1091 autem
2789 1037 2944 1092 foras
2977 1038 3376 1110 progrediens,
3400 1039 3460 1092 in
3500 1039 3835 1110 capularem

2211 1124 2524 1194 quemdam
2540 1143 2740 1180 senem
2764 1126 2990 1190 incidit,
3007 1134 3211 1194 rugata
3229 1127 3373 1180 facie
3409 1126 3608 1182 fractis
3631 1145 3696 1181 ac
3713 1127 3835 1182 dis-

2211 1213 2418 1268 solutis
2451 1214 2630 1279 tibiis,
2663 1232 2835 1268 curvo
2869 1232 3134 1286 corpore,
3169 1217 3356 1286 capite
3389 1232 3628 1286 prorsus
3669 1233 3835 1282 cauo,

2208 1301 2307 1371 qui
2323 1309 2608 1373 praeterea
2621 1304 2892 1358 dentibus
2909 1305 3346 1373 carebat.atque
3359 1305 3660 1359 concisum
3677 1305 3841 1374 quid-

2207 1390 2342 1444 dam
2359 1399 2414 1445 et
2435 1393 2829 1462 interruptum
2845 1393 3466 1464 loquebatur.Stupore
3488 1395 3686 1464 itaque
3713 1411 3839 1448 cor-

2207 1485 2427 1551 reptus,
2463 1499 2592 1535 cum
2629 1483 2932 1536 hominem
2966 1499 3098 1536 eum
3127 1483 3400 1554 pr0prius
3436 1483 3508 1536 ad
3539 1499 3600 1538 se
3632 1483 3842 1538 adduci

2198 1570 2496 1640 jussisset,
2527 1587 2625 1624 eos
2651 1573 2746 1640 qui
2773 1577 2895 1624 tum
2919 1571 3165 1626 aderant
3185 1571 3584 1643 interrogabat
3604 1571 3842 1642 ecquid-

454 1653 630 1726 δοξον.
663 1656 730 1713 Οἱ
764 1653 821 1709 Si
874 1655 1251 1730 συμπαρόντες
1304 1655 1476 1710 εἶπον·
1534 1657 1704 1716 Οὗτος
1736 1655 1952 1730 χρόνων
1983 1652 2092 1724 ἤδη

2214 1675 2342 1713 nam
2377 1664 2492 1712 tam
2523 1659 2788 1714 insolens
2829 1660 3230 1730 spectaculum
3281 1666 3453 1714 esset.
3503 1661 3596 1714 Illi
3645 1666 3839 1714 autem

453 1745 724 1801 πλείστων
787 1745 1043 1819 ὑπάρχει,
1119 1745 1208 1798 καὶ
1287 1746 1424 1799 κατὰ
1500 1746 1693 1818 μικρὸν
1766 1744 2094 1816 μειουμένης

456 1833 604 1906 αὖτῷ
631 1841 732 1903 τῆς
775 1833 987 1907 ἰσχύος,
1039 1833 1459 1902 ἐξασθενούντων
1520 1832 1576 1888 δὲ
1623 1837 1729 1887 τῶν
1785 1832 1988 1904 μελῶν,
2021 1831 2094 1894 εἷς

449 1921 518 1992 ἥν
552 1923 683 1998 όρᾷς
730 1916 926 1997 ἔφθασε
984 1920 1388 1998 ταλαιπωρίαν.
1447 1923 1551 1976 Καὶ
1608 1922 1684 1990 τί,
1718 1921 1870 1998 φησὶ,
1901 1921 2098 1975 τούτου

453 2013 515 2068 τὸ
545 2011 745 2080 τὲλος;
779 2011 847 2067 Οἱ
899 2007 954 2065 δὲ
1003 2010 1152 2065 εἷπον
1203 2011 1371 2082 αὐτῷ·
1423 2007 1590 2068 Οὐδὲν
1635 2007 1776 2064 ἄλλο
1874 2011 2098 2071 θάνατος

453 2101 614 2156 αὐτὸν
648 2097 964 2172 διαδέξεται.
998 2097 1178 2154 Ἀλλά
1227 2097 1316 2153 καὶ
1365 2103 1548 2164 πᾶσιν,
1589 2096 1713 2175 ἔφη,
1741 2103 1858 2159 τοῖς
1891 2097 2098 2170 ἀνθρὼ-

452 2210 578 2251 ποις
633 2192 794 2244 τοῦτο
854 2185 1176 2262 πρόκειταις
1229 2188 1264 2257 ἢ
1323 2187 1411 2240 καὶ
1485 2191 1645 2241 τοῦτο
1705 2185 1866 2248 ἐνίοις
1923 2185 2097 2240 αὐτῶν

459 2273 788 2352 συμϐαίνεις
845 2277 1235 2351 Ἀπεκρίθησαν
1289 2273 1506 2330 ἐκεῖνοι·
1563 2275 1625 2331 Εἰ
1681 2276 1756 2348 μή
1806 2269 2100 2348 προλαϐὼν

459 2369 486 2422 6
519 2366 744 2428 θάνατος
805 2367 1126 2438 μεταστήσει
1181 2365 1304 2420 τινὰ
1356 2362 1462 2418 τῶν
1518 2362 1777 2433 ἐντεῦθεν,
1818 2359 2099 2434 ἀδύνατον,

455 2460 564 2512 τῶν
599 2457 811 2530 χρόνων
844 2449 1272 2530 προϐαινόντων,
1316 2455 1392 2526 μὴ
1441 2452 1517 2514 εἷς
1560 2451 1763 2521 ταύτης
1795 2450 1968 2514 ἐλθεῖν
2000 2451 2098 2519 τὴν

455 2549 644 2616 πεῖραν
698 2547 798 2608 τῆς
857 2543 1081 2613 τάξεως.
1143 2541 1240 2596 Καὶ
1299 2563 1458 2616 φησιν
1519 2541 1546 2595 6
1601 2545 1750 2602 παῖς·
1795 2541 1881 2594 Ἐν
1910 2539 2102 2601 πόσοις

463 2634 554 2687 οὖν
585 2629 722 2686 ἔτεσι
747 2635 906 2686 τοῦτο
957 2629 1242 2704 ἐπέρχεταί
1293 2649 1438 2700 τινις
1487 2627 1576 2683 καὶ
1627 2628 1672 2683 εἰ
1720 2630 1936 2691 πάντως
1963 2629 2100 2702 πρό-

465 2742 643 2776 κειται
674 2721 701 2774 6
731 2721 975 2786 θάνατος,
1006 2719 1094 2774 καὶ
1137 2720 1238 2774 οὐκ
1286 2717 1397 2773 ἔστι
1455 2715 1682 2790 μέθοδος
1710 2721 1900 2772 τοῦτον
1929 2736 2106 2791 παρα-

465 2807 713 2884 δραμεῖν,
747 2808 836 2864 καὶ
891 2805 1030 2882 μηδὶ
1078 2807 1154 2870 εἷς
1200 2807 1402 2876 ταύτην
1453 2805 1623 2861 ἐλθεῖν
1673 2807 1772 2874 τήν
1821 2804 2103 2860 ταλαιπω-

463 2900 623 2973 play;
679 2897 936 2974 Λέγουσιν
998 2895 1162 2967 αὐτῷ’
1219 2897 1309 2952 Ἐν
1377 2893 1720 2970 ὀγδοήκοντα
1776 2895 1871 2966 μὶν
1925 2892 1961 2963 ἤ
2017 2891 2105 2948 καὶ

460 2987 650 3042 ἑκατὸν
683 2985 852 3041 ἔτεσιν
906 2985 984 3047 εἰς
1032 2989 1192 3040 τοῦτο
1245 2985 1307 3038 τὸ
1355 2991 1528 3060 γῆρας
1559 2987 1659 3040 34
1690 2987 2020 3038 καταντῶσιν
2053 2984 2104 3037 οἱ

471 3073 772 3151 ἅνθρωποι,
827 3077 938 3130 εἶτα
984 3074 1409 3144 ἀποθνήσκουσι,
1459 3074 1533 3146 μή
1575 3071 1762 3134 ἄλλως
1813 3069 2104 3146 ἐνδεχομὲ-

459 3185 577 3220 νου.
609 3163 778 3239 Χρὲος
833 3165 934 3238 γάρ
991 3163 1214 3239 φυσικὸν
1275 3163 1302 3215 ὁ
1357 3160 1579 3223 θάνατός
1637 3160 1800 3229 ἐστιν,
1833 3158 1884 3228 ἐξ
1924 3159 2104 3231 ἀρχῆς

459 3250 696 3307 ἐπιτεθὶν
743 3256 862 3313 τοῖς
913 3251 1242 3324 ἀνθρώποις,
1293 3249 1384 3304 καὶ
1434 3247 1801 3324 ἀπαραίτητος
1829 3249 1864 3316 ἡ
1905 3245 2105 3302 τούτου

458 3338 762 3402 ἐπέλευσις.

529 3447 714 3503 Ταῦτα
767 3444 938 3501 πάντα
996 3447 1071 3508 ὡς
1134 3441 1240 3500 εἶδέ
1295 3465 1354 3499 τε
1405 3445 1493 3499 καὶ
1555 3441 1843 3512 ἤκουσενὸ
1889 3441 2103 3505 συνετὸς

465 3534 670 3596 ἐκεῖνος
728 3537 815 3590 καὶ
877 3534 1142 3612 φρόνιμος
1200 3533 1432 3600 νεανίας,
1493 3533 1735 3604 στενάξας
1791 3530 1845 3586 ἐν
1909 3530 2103 3608 βάθους

463 3621 710 3700 καρδίας,
769 3621 892 3698 ἔφη·
957 3625 1160 3698 [ἰικρὸς
1191 3623 1220 3676 6
1255 3622 1370 3698 βίος
1433 3623 1589 3683 οὗτος
1642 3621 1728 3676 καὶ
1771 3619 1947 3688 πάσης
1979 3617 2108 3673 ὀδύ-

462 3733 560 3783 νης
605 3713 694 3766 καὶ
747 3709 942 3782 ἀηδίας
973 3711 1284 3778 ἀνάπλεως,
1333 3709 1378 3765 εἶ
1429 3714 1596 3765 ταῦτα
1627 3708 1802 3770 οὕτως
1833 3707 1974 3782 ἔχει.
2005 3708 2103 3762 Καὶ

463 3805 583 3863 πῶς
641 3801 1004 3874 ἀμεριμνήσει
1075 3821 1160 3864 τις
1236 3796 1541 3875 προσδοκίᾳ
1589 3801 1686 3853 τοῦ
1744 3795 1954 3868 ἀδήλου
2013 3797 2103 3850 θα-

463 3892 648 3958 νάτου,
683 3889 743 3943 οὗ
773 3892 808 3958 ἡ
842 3887 1054 3950 ἔλευσις
1105 3887 1167 3941 ού
1221 3887 1384 3960 μόνον
1420 3887 1806 3960 ἀπαραίτητος,
1841 3885 1987 3941 ἀλλά
2016 3884 2104 3939 καὶ

465 3977 692 4049 ἄδηλος,
725 3977 902 4039 καθὼς
952 3974 1155 4044 εἶ’πατε,
1208 3975 1481 4052 ὑπάρχει;
1541 3976 1636 4030 Καὶ
1699 3974 1914 4044 ἀπῆλθε
1940 3977 2106 4028 ταῦτα

465 4069 703 4145 στρέφων
761 4065 815 4122 ἐν
869 4065 1065 4137 ἑαυτῷ,
1124 4065 1212 4120 καὶ
1272 4063 1558 4125 ἀπαύστως
1631 4061 2102 4135 διαλογιζόμενος,

461 4155 550 4210 καὶ
583 4155 786 4216 πυκνὰς
840 4153 1168 4226 ποιούμενος
1225 4173 1349 4228 περι
1403 4157 1502 4207 τοῦ
1562 4151 1788 4206 θανάτου
1845 4151 1940 4212 τὰς
1973 4153 2108 4206 ὑπο-

470 4247 714 4317 μνήσεις,
745 4247 935 4306 πόνοις
963 4264 1018 4298 τε
1049 4243 1138 4297 καὶ
1181 4242 1432 4314 ἀθυμίαις
1483 4241 1542 4296 ἐκ
1586 4243 1782 4296 τούτου
1813 4246 1986 4310 συζῶν
2015 4242 2104 4296 καὶ

465 4332 731 4388 ἄπαυστον
789 4327 935 4407 ἔχων
992 4332 1091 4398 τήν
1153 4329 1352 4401 λύπην.
1405 4330 1598 4404 Ἔλεγε
1654 4331 1758 4405 γὰρ
1817 4329 1868 4384 ἐν
1911 4329 2102 4400 ἑαυτῷ-

463 4423 604 4498 Ἀρά
634 4423 763 4478 πντέ
798 4442 863 4494 με
905 4423 932 4475 ὁ
983 4421 1208 4484 θάνατος
1262 4421 1672 4494 καταλήψεταις
1731 4419 1820 4473 καὶ
1850 4418 1930 4482 τίς
1959 4415 2106 4472 ἔσται

465 4511 492 4564 ὁ
529 4513 752 4583 μνήμην
786 4531 890 4582 μου
947 4508 1275 4580 ποιούμενος
1339 4509 1471 4580 μετᾶ
1503 4506 1753 4576 θάνατον,
1779 4510 1876 4561 τοῦ
1903 4507 2107 4580 χρόνου

464 4599 640 4653 πάντα
675 4601 744 4671 τῇ
796 4595 940 4670 λήθῃ
989 4592 1428 4670 παραδιδόντοςς
1478 4594 1567 4649 καὶ
1617 4595 1660 4650 εἷ
1711 4593 1994 4648 ἀποθανὼν
2029 4593 2108 4655 εἰς

462 4688 524 4742 τὸ
575 4688 650 4760 μὴ
707 4684 764 4742 ὃν
825 4683 1230 4758 διαλυθήσομαι
1257 4703 1272 4754 ;
1302 4681 1338 4752 ἤ
1371 4681 1480 4738 ἔστι
1510 4705 1596 4744 τις
1643 4680 1786 4752 ἄλλη
1825 4683 1982 4757 βιοτῆ
2015 4681 2104 4736 καὶ

465 4773 648 4852 ἕτερος
681 4773 926 4848 κόσμος;
971 4778 1152 4831 Ταῦτα
1197 4773 1288 4830 καὶ
1335 4773 1404 4828 τὰ
1449 4771 1667 4832 τούτοις
1719 4772 1888 4844 ὅμοια
1932 4769 2104 4825 ἀπαύ-

469 4887 606 4927 στως
659 4861 1134 4936 διενθυμούμενος,
1183 4863 1405 4938 ὠχριῶν
1453 4862 1798 4931 κατετήκετο·
1831 4860 1949 4915 κατ’
1979 4855 2102 4932 ὄψιν

469 4951 526 5010 δὶ
554 4957 650 5009 τοῦ
679 4955 904 5030 πατρὸς,
964 4952 1054 5007 ὅτε
1114 4947 1305 5022 συνέϐη
1365 4956 1556 5007 τοῦτον
1601 4946 1904 5028 ἀφικέσθαι,
1933 4969 2106 5024 προσ-

470 5047 704 5097 εποιεῖτο
742 5043 806 5096 τὸ
849 5040 1040 5115 ἱλαρὸν
1095 5039 1185 5094 καὶ
1235 5038 1462 5108 ἄλυπον,
1526 5039 1600 5112 μὴ
1661 5036 1998 5114 βουλόμενος
2031 5037 2106 5099 εἷς

467 5135 668 5206 γνῶσιν
744 5135 824 5202 τῷ
898 5129 1062 5204 πατρὶ
1133 5130 1202 5184 τά
1279 5129 1424 5201 αύτῷ
1488 5127 1842 5202 μελετώμενα
1903 5125 2101 5190 ἐλθεῖν.

466 5219 682 5283 Ἐπόθει
715 5217 772 5274 δὲ
803 5218 1154 5292 ἀκατασχέτῳ
1208 5216 1312 5273 τινὶ
1361 5218 1514 5289 πόθῳ
1545 5217 1634 5272 καὶ
1667 5214 1924 5291 ἐγλίχετο
1955 5215 2107 5270 ἐντυ-

468 5315 584 5384 χεῖν
614 5329 718 5364 τινι
756 5312 834 5380 τῷ
865 5305 1147 5382 δυναμένῳ
1177 5307 1277 5376 τὴν
1327 5305 1492 5361 αὐτοῦ
1522 5305 1944 5383 πληροφορῆσαι
1975 5323 2104 5379 καρ-

467 5395 606 5470 δίαν,
636 5397 724 5454 καὶ
757 5395 924 5472 λόγον
981 5395 1172 5472 ἀγαθὸν
1221 5399 1338 5460 ταῖς
1369 5394 1532 5451 αὐτοῦ
1590 5395 1778 5457 ἀκοαῖς
1811 5392 2104 5470 ἐνηχῆσαι.

535 5577 642 5638 Τὸν
673 5574 1226 5652 προμνημονευθὲντα
1286 5571 1342 5631 δὲ
1397 5571 1745 5653 παιδαγωγὸν
1803 5572 1956 5638 αὗθις
2005 5569 2100 5628 ἐπ-

2205 1748 2518 1801 dixerunt:
2553 1747 2654 1802 Hic
2685 1753 2854 1802 tritate
2885 1748 3053 1804 valde
3083 1755 3412 1819 provectus,
3441 1766 3507 1804 ac
3549 1749 3836 1819 paulatim

2199 1836 2620 1891 decedentibus
2646 1836 2756 1907 ipsi
2781 1836 3018 1896 viribus,
3050 1836 3450 1906 membrisque
3474 1836 3842 1890 imbecillita-

2201 1929 2317 1978 tem
2333 1923 2920 1990 contrahentibus,ad
2935 1923 3087 1978 hanc
3103 1941 3280 1994 quam
3301 1925 3493 1978 cernis
3516 1941 3842 1978 aerumnam

2203 2013 2489 2082 pervenit.
2525 2014 2593 2065 Et
2622 2013 2918 2081 quisnam,
2953 2013 3148 2082 inquit
3176 2013 3298 2075 ille,
3323 2013 3510 2083 ipsius
3545 2013 3679 2066 finis
3710 2011 3844 2066 est?

2201 2099 2356 2152 Nihil
2371 2099 2957 2169 aliud.inquiuntilli,
2978 2117 3343 2168 quam,mors
3362 2101 3554 2170 ipsum
3570 2099 3841 2169 excipiet.

2205 2187 2573 2242 Omnibusne
2605 2187 2966 2254 hominibus,
2991 2189 3186 2258 inquit
3205 2189 3443 2252 ille,hoc
3474 2189 3844 2258 propositum

2203 2281 2392 2342 est,an
2408 2277 2758 2346 quibusdam
2778 2276 3846 2349 duntaxatcontingit?RespondeI-unt

2203 2363 2328 2418 illi:
2363 2365 2482 2418 Nisi
2523 2381 2682 2420 mors
2712 2369 3090 2420 antevertens
3120 2365 3384 2436 aliquem
3411 2366 3550 2420 hinc
3571 2365 3844 2431 abducat,

2207 2451 2336 2506 ﬁeri
2365 2467 2484 2505 non
2508 2457 2702 2522 potest
2723 2453 2866 2523 quin
2889 2455 3171 2524 temporis
3195 2469 3506 2524 progressu
3530 2459 3715 2508 status
3737 2454 3850 2506 hu-

2200 2540 2374 2610 jusce
2403 2540 2732 2611 periculum
2755 2558 2876 2594 non
2907 2542 3250 2596 faciat.Tum
3273 2541 3640 2596 adolescens:
3661 2543 3845 2605 Quoto

2207 2644 2361 2682 anno
2379 2629 2491 2682 hoc
2512 2629 2769 2699 cuipiam
2789 2629 3124 2700 contingit?
3146 2635 3324 2698 atque
3347 2645 3667 2700 prorsusne
3691 2629 3840 2682 mori

2208 2731 2450 2770 necesse
2483 2722 2588 2780 est,
2615 2733 2806 2788 neque
2825 2733 2919 2772 ars
2938 2718 3060 2772 ulla
3081 2724 3170 2772 est
3198 2735 3314 2788 qua
3335 2723 3584 2772 mortem
3609 2719 3850 2789 effugia-

2209 2811 2546 2874 mus,atque
2562 2805 2622 2858 in
2642 2806 2794 2860 hanc
2811 2807 3206 2860 calamitatem
3233 2807 3474 2862 minime
3490 2806 3852 2860 incidamus?

2209 2893 2423 2946 Dicunt
2447 2894 2497 2946 ei
2523 2894 2932 2965 :Octogesimo,
2957 2901 3058 2949 aut
3080 2895 3404 2949 centesimo
3428 2911 3584 2949 anno
3606 2896 3679 2949 ad
3700 2895 3851 2949 hanc

2217 2985 2578 3036 senectutem
2601 2982 2870 3036 homines
2893 2983 3339 3053 perveniunt,ac
3360 2983 3570 3036 deinde
3593 2982 3852 3036 moriun-

2217 3075 2332 3136 tur,
2363 3087 2471 3124 nec
2501 3070 2674 3124 aliter
2705 3071 2830 3124 fieri
2853 3076 3066 3142 potest.
3091 3071 3364 3125 Debitum
3396 3071 3553 3124 enim
3585 3071 3852 3125 naturale

2215 3175 2374 3212 mors
2389 3158 2838 3220 est.hominibus
2861 3160 2933 3214 ab
2952 3159 3122 3214 initio
3146 3159 3710 3230 impositum,neque
3731 3159 3854 3214 ulla

2215 3249 2444 3301 ratione
2475 3248 2661 3318 ipsius
2683 3248 2966 3304 adventus
2999 3249 3168 3304 vitari
3197 3255 3410 3320 potest.

2285 3447 2418 3502 Haec
2449 3447 2670 3512 omnia,
2703 3452 2770 3501 ut
2799 3463 2973 3519 sagax
3003 3447 3104 3502 ille
3135 3463 3204 3502 ac
3223 3447 3486 3519 prudens
3508 3447 3852 3502 adolescens

2215 3535 2438 3591 audivit
2466 3541 2644 3606 atque
2669 3537 2981 3602 intellexit,
3007 3537 3213 3592 intimo
3241 3537 3414 3592 corde
3439 3537 3854 3608 ingemiscens,

2214 3625 2398 3680 dixit:
2431 3626 2658 3681 Acerba
2687 3627 2813 3681 haec
2843 3625 2959 3680 vita
2989 3630 3099 3692 est,
3133 3631 3308 3696 atque
3339 3627 3502 3680 omni
3552 3626 3754 3680 dolore
3787 3643 3854 3680 ac

2215 3714 2494 3768 maestitia
2525 3713 2777 3784 plena,si
2803 3714 2995 3768 resita
3021 3730 3082 3768 se
3113 3714 3388 3768 habet.Et
3408 3730 3664 3783 quonam
3679 3713 3855 3766 modo

2215 3803 2512 3873 quispiam
2557 3803 2618 3856 in
2665 3803 2907 3858 incertae
2949 3802 3158 3856 mortis
3198 3802 3657 3873 exspectatione,
3687 3802 3856 3872 cujus

2215 3890 2498 3945 adventus
2525 3907 2646 3944 non
2669 3891 2843 3945 modo
2867 3891 3034 3945 vitari
3053 3907 3173 3944 non
3199 3896 3413 3960 potest,
3441 3890 3542 3946 sed
3569 3891 3768 3958 etiam,
3793 3894 3859 3943 ut

2216 3978 2468 4047 dixistis,
2503 3979 2762 4034 incertus
2794 3985 2900 4044 est,
2937 3996 3143 4034 securo
3175 3979 3372 4034 animo
3397 3979 3555 4034 erit?
3583 3979 3857 4047 Abiitque

2213 4069 2340 4124 haec
2358 4086 2558 4124 secum
2579 4070 2815 4125 volvens
2837 4076 3012 4140 atque
3036 4069 3271 4125 assidue
3295 4069 3860 4130 considerans,mor-

2215 4159 2409 4227 tisque
2441 4159 2790 4213 memoriam
2841 4158 3167 4213 identidem
3216 4159 3413 4213 animo
3461 4165 3756 4229 repetens,
3791 4173 3857 4210 ac

2215 4245 2493 4316 deinceps
2527 4247 2587 4299 in
2611 4245 2912 4301 doloribus
2945 4248 3245 4317 animique
3275 4247 3752 4302 consternatione
3775 4245 3858 4298 vi-

2215 4339 2558 4402 vens,atque
2577 4334 2638 4388 in
2664 4339 2948 4404 perpetuo
2971 4352 3224 4390 mcerore
3247 4335 3682 4406 degens.Atque
3705 4333 3860 4404 apud

2218 4439 2278 4476 se
2294 4421 2525 4476 dicebat
2551 4425 2796 4493 :Ergone
2821 4439 2981 4477 mors
3003 4440 3097 4478 me
3121 4423 3441 4494 aliquando
3465 4422 3747 4494 corripiet
3766 4421 3864 4476 ?Et

2219 4512 2492 4581 quisnam
2527 4512 2638 4566 erit
2667 4513 2766 4582 qui
2792 4513 2906 4566 mei
2931 4519 3064 4583 post
3084 4519 3336 4568 mortem
3359 4513 3861 4574 meminerit,cum

2217 4605 2449 4670 tempus
2471 4601 2672 4655 omnia
2692 4600 2982 4656 oblivione
3002 4602 3345 4656 contriverit
3361 4601 3387 4655 ?
3405 4603 3554 4655 Num
3575 4605 3862 4671 praeterea

2215 4694 2404 4744 morte
2416 4689 2728 4744 functusin
2749 4689 3006 4744 nihilum
3027 4690 3418 4756 dissolvar;an
3444 4687 3861 4750 contra,altera

2216 4777 2486 4847 quaedam
2511 4777 2624 4831 vita
2639 4781 2748 4844 est,
2773 4783 2828 4831 et
2850 4778 3001 4831 alter
3020 4776 3320 4832 mundus?
3343 4777 3476 4830 Haec
3499 4781 3556 4829 et
3576 4775 3668 4829 his
3693 4775 3858 4828 simi-

2213 4865 2298 4919 Iia
2309 4871 2592 4935 perpetuo
2606 4866 2732 4934 cogi
2743 4865 3124 4936 tans,pallore
3137 4864 3860 4920 conﬁciebatur.Praesen-
3893 4877 3896 4880 '

2215 4959 2271 5008 te
2295 4959 2494 5008 tamen
2511 4953 2752 5024 patre,si
2772 4953 3006 5024 quando
3021 4954 3093 5008 ad
3115 4971 3248 5008 eum
3266 4951 3770 5010 veniret.hilarem
3793 4969 3859 5008 ac

2215 5059 2463 5097 maerore
2479 5059 2724 5098 vacuum
2748 5043 3013 5097 animum
3035 5059 3157 5113 praa
3172 5059 3234 5098 se
3253 5042 3502 5102 ferebat.
3533 5042 3690 5112 quod
3709 5041 3863 5097 scili-

2215 5135 2309 5185 cet
2337 5147 2406 5186 ea
2436 5147 2566 5202 quae
2597 5131 2890 5202 cogitabat
2919 5131 2993 5185 ad
3015 5130 3202 5200 ipsius
3233 5131 3636 5202 cognitionem
3657 5129 3859 5186 venire

2215 5219 2842 5274 nollet.lncredibilem
2862 5219 3133 5274 autemin
3160 5218 3400 5274 modum
3430 5219 3692 5288 aliquem
3717 5235 3860 5272 nan-

2216 5309 2354 5364 cisci
2371 5307 2779 5380 cupiebat.qui
2798 5307 2985 5380 ipsius
3011 5309 3232 5380 pectori
3256 5314 3478 5362 certam
3505 5307 3682 5362 fidem
3703 5307 3858 5362 face-

2215 5404 2326 5463 ret,
2357 5417 2425 5455 ac
2453 5399 2676 5454 bonum
2707 5413 3044 5453 sermonem
3073 5397 3260 5469 ipsius
3295 5397 3537 5452 auribus
3567 5395 3858 5452 instillare

2213 5493 2436 5559 posset.

2287 5575 2570 5642 Quocirca
2601 5573 2672 5631 de
2702 5573 3020 5647 paedagogo
3050 5591 3118 5631 eo
3145 5575 3315 5647 cujus
3339 5579 3474 5632 ante
3491 5573 3858 5631 mentionem
