4042 6154
207 253 314 307 895

1750 251 2120 309 ADDENDA.

3493 248 3601 302 896

206 377 455 432 fecimus
487 394 719 433 rursum
749 380 1119 449 quaeritnum
1136 396 1309 449 quem
1324 381 1480 435 norit
1503 380 1604 450 qui
1628 377 1697 433 ad
1724 394 1848 431 eam

1969 372 2182 444 ηρώτα,
2217 369 2265 425 ε⁹ί
2293 370 2397 424 πού
2424 391 2545 424 τινα
2572 370 2824 445 γινώσκει
2851 369 2940 423 τὸν
2970 366 3264 440 δυνάμενον
3297 367 3442 440 αὐτῷ
3473 391 3605 442 συμ-

210 484 336 521 rem
361 469 530 538 cujus
548 467 869 538 cupiditate
893 469 1534 540 ﬂagrabatadjumento
1560 470 1669 540 ipsi
1696 484 1846 535 esse,

211 556 514 627 ipsiusque
549 564 807 612 mentem
828 560 1095 630 gravibus
1117 560 1569 631 cogitationibus
1598 565 1851 613 mstuan-

212 652 533 715 tem,atque
553 647 893 716 hujusmodi
921 664 1121 702 curam
1144 648 1398 718 abjicere
1422 653 1847 717 nequeuntem,

211 736 566 788 conﬁrmare
597 736 800 804 possit.
838 736 941 790 Ille
968 743 1161 791 autem
1198 754 1265 791 ea
1311 755 1439 807 quae
1488 737 1652 807 prius
1696 735 1850 789 dicta

210 822 539 887 fuerant,in
554 824 901 878 memoriam
930 842 1131 879 rursus
1162 826 1273 895 ipsi
1294 842 1571 879 revocans
1597 824 1847 878 dicebat:

212 911 335 964 Jam
352 927 583 980 quoque
600 912 760 981 prius
778 913 880 965 tibi
896 914 1137 983 exposui
1158 913 1661 983 quemadmodum
1687 917 1854 983 pater

213 1002 349 1052 tuus
375 999 669 1069 sapientes
686 1000 819 1054 illos
835 1001 988 1055 viros
1010 1019 1076 1056 ac
1099 1002 1577 1072 pietaticolendoe
1592 1001 1847 1071 devotos,

216 1086 316 1155 qui
332 1086 402 1139 de
420 1086 756 1157 hujusmodi
772 1088 946 1142 rebus
963 1089 1283 1160 disputant,
1301 1093 1511 1161 partim
1538 1090 1851 1143 obtrunca-

212 1178 307 1237 rit,
327 1178 541 1246 partim
565 1177 712 1232 irato
737 1184 911 1248 atque
936 1179 1164 1234 infenso
1190 1181 1387 1234 animo
1416 1180 1723 1251 expulerit,
1742 1197 1850 1233 nec

212 1264 399 1318 ullum
424 1266 715 1335 ejusmodi
740 1267 797 1319 in
827 1272 941 1321 tota
958 1267 1063 1321 hac
1087 1269 1348 1337 undique
1373 1269 1610 1340 regione
1634 1284 1850 1337 cogno-

214 1370 329 1406 sco.
365 1355 486 1417 Quo
521 1353 756 1422 quidem
793 1357 1032 1409 nomine
1058 1373 1268 1428 magna
1301 1357 1400 1410 ille
1430 1357 1703 1410 molestia
1741 1356 1852 1408 im-

212 1441 426 1512 pletus,
462 1442 735 1513 gravique
764 1444 946 1497 animi
982 1445 1220 1499 vulnere
1256 1447 1520 1513 affectus,
1547 1444 1598 1498 ei
1640 1442 1851 1497 similis

215 1535 340 1582 erat
371 1529 467 1599 qui
494 1530 791 1602 ingentem
824 1533 1164 1586 thesaurum
1197 1533 1413 1596 amisit,
1443 1538 1616 1601 atque
1641 1532 1699 1584 in
1724 1532 1851 1601 ejus

213 1616 659 1689 investigatione
676 1625 934 1674 mentem
952 1626 1129 1674 totam
1144 1626 1487 1691 occupatam
1510 1637 1576 1674 ac
1601 1619 1851 1673 deﬁxam

212 1704 407 1761 habet.
440 1708 520 1759 Ac
555 1706 803 1776 proinde
836 1708 897 1760 in
929 1714 1210 1778 perpetuo
1242 1708 1523 1780 languore
1558 1713 1614 1760 et
1634 1706 1851 1760 sollici-

215 1794 417 1848 tudine
442 1795 1131 1866 versabatur.omnesque
1151 1797 1771 1867 mundijucunditates
1795 1800 1852 1849 et

210 1881 538 1952 voluptates
570 1884 629 1937 in
663 1884 848 1954 ipsius
882 1885 1068 1938 oculis
1091 1885 1305 1955 piaculi
1335 1886 1641 1955 cujusdam
1668 1890 1726 1939 et
1755 1902 1851 1938 ex-

212 1971 960 2026 secrationisinstarerant.
981 1974 1122 2027 Cum
1144 1979 1341 2027 autem
1359 1973 1469 2027 hoc
1491 1974 1674 2027 animi
1700 1978 1853 2027 statu

213 2064 388 2121 esset,
424 2076 489 2113 ac
508 2076 718 2131 magno
743 2078 873 2114 cum
905 2062 1123 2132 gemitu
1148 2062 1367 2115 bonum
1393 2062 1653 2115 invenire
1677 2077 1852 2131 cupe-

209 2151 319 2212 ret,
354 2147 646 2201 insomnis
679 2149 777 2202 ille
811 2149 1038 2213 oculus,
1073 2150 1171 2218 qui
1206 2150 1404 2203 omnia
1435 2150 1641 2217 cernit,
1677 2155 1850 2217 atque

211 2251 417 2288 omnes
434 2235 622 2289 salvos
643 2237 791 2304 fieri,
817 2243 873 2290 et
894 2237 967 2291 ad
989 2238 1248 2291 veritatis
1272 2238 1631 2303 agnitionem
1655 2238 1850 2290 venire

1963 456 2221 524 ϐαλέσθαι
2257 463 2355 518 35
2392 461 2527 529 πρὸς
2555 460 2617 513 τὸ
2648 456 3005 530 ποθούμενον,
3037 456 3125 511 καὶ
3157 458 3249 510 τὸν
3278 461 3402 511 νοῦν
3435 459 3603 512 αὐτοῦ

1964 544 2279 623 βεϐαιῶσαι,
2318 546 2509 609 δεινῶς
2543 547 2870 621 ἷλιγγιῶντα
2900 546 2950 601 ἐν
2998 552 3115 607 τοῖς
3149 543 3461 619 λογισμοῖς,
3511 548 3602 602 καὶ

1964 638 2038 709 μή
2097 634 2391 708 δυνάμενον
2452 631 2821 700 ἀποϐαλέσθαι
2872 636 2971 703 τὴν
3026 635 3148 707 περὶ
3199 636 3404 689 τούτων
3440 657 3602 712 φρον-

1958 724 2100 781 τίδα.
2134 726 2193 781 Ὀ
2240 723 2317 795 δὲ,
2374 730 2483 779 τῶν
2537 728 2950 799 προειρημένων
3012 722 3176 777 πάλιν
3227 724 3603 795 ἐπιμνησθεὶς,

1960 812 2162 888 ἔλεγεν⁸
2194 814 2355 868 Εἶπὸν
2415 834 2498 868 σοι
2557 814 2646 868 καὶ
2692 814 2952 887 πρότερον
3009 815 3155 874 ὅπως
3214 817 3241 867 ὁ
3295 834 3476 888 πατηρ
3508 835 3603 869 σου

1958 902 2085 966 τοὺς
2111 904 2307 964 crocei):
2341 903 2576 965 ἐκείνους
2609 903 2695 958 καὶ
2728 903 2962 972 ἀσκητάς
3003 902 3084 957 ἀεὶ
3131 903 3252 975 περὶ
3283 908 3390 957 τῶν
3422 901 3603 956 τοιού-

1959 1014 2065 1047 των
2095 991 2545 1070 φιλοσοφοῦντας,
2590 991 2681 1054 οὕς
2728 993 2821 1065 μὲν
2877 991 3109 1059 ἀνεῖλεν,
3145 990 3236 1052 οὕς
3267 988 3323 1045 δὲ
3357 997 3472 1063 μετ’
3507 990 3602 1064 ὀρ·-

1958 1086 2059 1153 γῆς
2094 1078 2298 1152 ἐδίωξε,
2326 1081 2415 1134 καὶ
2464 1080 2524 1134 οὐ
2573 1083 2819 1155 γινώσκω
2877 1079 2993 1133 νυνί
3023 1100 3144 1133 τινα
3170 1084 3416 1134 τοιοῦτον
3453 1077 3505 1133 ἐν
3537 1078 3604 1153 τῇ

1959 1171 2260 1245 περιχώρῳ
2315 1169 2505 1243 ταύτῃ.
2568 1169 2791 1223 Πολλοῦ
2850 1165 2906 1221 δέ
2975 1167 3060 1222 ἐπὶ
3116 1168 3335 1228 τούτοις
3395 1169 3600 1242 ἄχθους

1962 1256 2163 1320 ἐκεῖνος
2211 1258 2547 1333 πληρωθεές,
2597 1258 2685 1311 καὶ
2743 1258 2840 1325 τὴν
2894 1258 3079 1330 ψυχήν
3116 1253 3301 1318 δεινῶς
3333 1277 3608 1330 κατατρω-

1961 1347 2092 1415 θεῖς,
2146 1346 2301 1418 ἐῴκει
2362 1343 2513 1420 ἀνδρὶ
2579 1346 2845 1418 θησαυρὸν
2905 1343 3229 1400 ἀπολέσαντι
3294 1345 3453 1419 μέγαν
3501 1344 3591 1398 καὶ

1962 1436 2036 1498 εἰς
2067 1438 2165 1504 τήν
2197 1435 2357 1489 αὐτοῦ
2405 1438 2629 1505 ζήτησιν
2673 1434 2802 1489 ὅλον
2857 1434 3021 1488 αὐτοῦ
3051 1434 3140 1488 τὸν
3173 1439 3293 1488 νοῦν
3326 1433 3594 1509 ἀσχολου-

1964 1525 2129 1597 μένῳ.
2187 1526 2455 1587 Ἐντεῦθεν
2518 1524 2685 1597 ἀγῶνι
2751 1521 2985 1593 διηνεκεῖ
3030 1524 3118 1577 καὶ
3180 1523 3417 1596 μερίμνῃ
3471 1545 3597 1576 συν-

1960 1614 2072 1682 έξη,
2106 1612 2193 1666 καὶ
2226 1614 2397 1667 πάντα
2426 1613 2491 1667 τὰ
2522 1612 2654 1681 ἡδέα
2700 1612 2789 1667 καὶ
2840 1613 3041 1688 τερπνά
3078 1617 3172 1666 τοῦ
3204 1613 3416 1684 κόσμου
3446 1613 3513 1680 ἦν
3542 1612 3594 1666 έν

1960 1700 2269 1774 ὀφθαλμοῖς
2327 1701 2489 1756 αὐτοῦ
2550 1702 2622 1762 ὠς
2680 1700 2809 1775 ἄγος
2838 1723 2889 1754 τι
2935 1701 3024 1754 καὶ
3079 1698 3376 1774 βδέλυγμα.
3410 1698 3599 1762 Οὕτως

1960 1791 2049 1845 οὖν
2083 1785 2269 1865 ἔχοντι
2310 1788 2387 1861 τῷ
2436 1792 2536 1861 νέῳ
2586 1790 2673 1843 καὶ
2726 1791 3084 1862 ποτνιωμένῳ
3119 1792 3223 1861 (77)
3254 1789 3388 1843 κατά
3418 1791 3604 1863 ψυχὴν

1958 1880 2018 1933 τὸ
2050 1878 2243 1953 ἀγαθὸν
2274 1878 2469 1950 εὑρεῖν,
2504 1875 2639 1932 εἶδεν
2671 1878 2830 1932 αὐτὸν
2866 1880 2892 1931 6
2935 1879 3107 1931 πάντα
3143 1876 3357 1952 βλέπων
3394 1877 3604 1950 ὀφθαλ-

1965 1968 2085 2040 μὸς,
2143 1967 2231 2021 καὶ
2283 1966 2343 2020 οὐ
2404 1965 2654 2041 παρεῖδεν
2714 1968 2739 2019 ὁ
2797 1965 2967 2021 θέλων
3000 1967 3202 2025 πάντας
3243 1967 3482 2029 σωθῆναι
3513 1966 3603 2019 καὶ

1963 2056 2038 2119 εἷς
2080 2056 2367 2131 ἐπίγνωσιν
2400 2055 2658 2124 ἀληθείας
2707 2055 2881 2118 ἐλθεῖν
2929 2059 3037 2128 (78)
3070 2052 3235 2122 ἀλλά,
3265 2054 3365 2123 τὴν
3398 2055 3600 2123 συνήθη

1962 2144 2109 2215 αὐτῷ
2158 2142 2567 2220 φιλανθρωπίαν
2618 2143 2706 2198 καὶ
2763 2143 2849 2198 ἐπὶ
2898 2144 3076 2215 τούτῳ
3128 2140 3321 2215 δείξας,
3383 2141 3604 2218 ἐγνώρι-

1963 2254 2045 2287 σεν
2080 2229 2205 2287 ὁδὸν
2236 2230 2300 2300 ἤν
2336 2231 2440 2287 ἔδει
2472 2232 2790 2303 πορεύεσθαι
2821 2235 2932 2305 (79)
2961 2232 3147 2306 τρόπῳ
3168 2229 3382 2302 τοιῷδε·

209 2322 332 2375 vult
359 2324 405 2393 (1
433 2325 569 2377 Tim.
604 2324 688 2393 ιι),
722 2325 916 2394 ipsum
948 2326 1195 2396 aspexit,
1230 2342 1513 2396 suamque
1546 2326 1660 2397 ipsi
1686 2330 2030 2380 consuetam
2069 2323 2493 2395 benignitatem
2540 2323 2881 2394 ostendens,
2916 2323 3212 2394 quodnam
3247 2324 3357 2377 iter
3387 2328 3598 2378 tenen—

210 2410 349 2464 dum
382 2418 556 2478 esset,
590 2412 700 2467 hoc
728 2413 898 2466 modo
930 2413 1371 2470 demonstravit.

277 2498 409 2552 CAP.
454 2499 540 2553 VI.
586 2530 654 2540 ---
701 2502 838 2555 Erat
886 2502 1044 2555 enim
1098 2518 1163 2555 eo
1214 2508 1478 2573 tempore
1523 2504 1851 2558 monachus

209 2587 449 2658 quidam
467 2587 795 2642 divinarum
810 2607 1005 2643 rerum
1025 2591 1268 2660 peritus,
1293 2592 1526 2661 vitaque
1542 2610 1608 2646 ac
1626 2608 1850 2646 sermo-

208 2693 280 2730 ne
298 2682 557 2735 ornatus.
575 2682 749 2747 atque
766 2678 825 2731 in
840 2678 999 2731 omni
1018 2679 1347 2733 monastica
1360 2680 1591 2734 vivendi
1625 2681 1853 2734 ratione

212 2781 585 2834 summopere
612 2770 908 2820 versatus:
940 2766 1097 2819 unde
1147 2768 1453 2835 oriundus,
1505 2774 1606 2822 aut
1637 2786 1705 2822 ex
1735 2786 1849 2838 quo

206 2869 439 2923 genere,
472 2852 666 2906 dicere
682 2870 1147 2923 nequeo,verum
1174 2856 1233 2909 in
1255 2857 1571 2910 solitudine
1596 2857 1850 2925 quadam

210 2941 634 2995 Sennaaritidis
654 2947 821 2996 terra:
836 2943 1202 2997 domicilium
1227 2944 1470 3009 habens,
1487 2962 1553 2999 ac
1577 2946 1850 2999 sacerdo-

205 3029 269 3082 tii
302 3030 584 3100 dignitate
608 3031 910 3100 praeditus.
942 3033 1085 3086 Huic
1109 3050 1278 3102 porro
1300 3035 1427 3087 seni
1454 3034 1721 3087 Barlaam
1744 3050 1849 3087 no-

204 3135 339 3172 men
359 3126 500 3173 erat.
526 3121 628 3174 Hic
661 3120 837 3191 igitur
862 3138 995 3175 cum
1020 3122 1215 3175 divino
1236 3123 1491 3191 quodam
1515 3122 1841 3189 admonitu,
1875 3143 1917 3208 ρ

204 3224 462 3277 quonam
496 3214 649 3261 statu
680 3210 833 3279 regis
858 3209 1014 3262 ﬁlius
1037 3216 1194 3263 esset
1216 3213 1621 3281 comperisset,
1647 3228 1677 3265 e
1706 3212 1842 3265 soli-

205 3294 409 3348 tudine
442 3311 731 3365 egressus,
765 3296 837 3349 ad
871 3296 1090 3350 cultam
1127 3302 1183 3350 et
1212 3297 1596 3352 habitabilem
1630 3304 1845 3351 terram

204 3383 501 3453 profectus
532 3388 657 3448 est;
684 3390 1023 3453 mutatoque
1048 3385 1249 3438 habitu
1275 3402 1401 3449 suo,
1426 3392 1599 3457 atque
1622 3386 1846 3440 indutis

205 3470 524 3525 mundanis
556 3472 834 3537 vestibus,
862 3476 917 3525 et
942 3489 1264 3527 conscensa
1292 3474 1443 3531 navi.
1469 3476 1541 3528 ad
1564 3474 1843 3529 Indorum

202 3576 449 3630 regnum
475 3576 534 3613 se
551 3560 820 3621 contulit,
845 3577 911 3614 ac
939 3567 1326 3616 mercatorem
1351 3579 1410 3615 se
1444 3579 1569 3617 esse
1593 3563 1842 3633 ﬁngens,

203 3648 262 3701 in
297 3664 427 3702 eam
459 3648 665 3703 urbem
690 3648 749 3703 in
784 3666 900 3718 qua
921 3650 1075 3720 regis
1103 3650 1260 3704 ﬁlius
1283 3651 1567 3720 palatium
1593 3651 1847 3705 habebat

200 3736 1011 3808 ingreditur.Permultosque
1026 3738 1152 3792 dies
1173 3739 1294 3793 illic
1318 3741 1844 3809 commoratus.qui

203 3843 400 3880 rerum
432 3826 617 3896 ipsius
651 3833 836 3881 status
880 3834 1037 3881 esset
1085 3828 1398 3899 diligenter
1429 3829 1759 3899 exquisivit,
1790 3834 1847 3882 et

208 3914 449 3983 quinam
485 3920 681 3967 essent
714 3915 814 3984 qui
847 3914 1122 3985 proprius
1153 3915 1225 3969 ad
1254 3933 1386 3970 eum
1428 3933 1628 3971 accere
1680 3917 1843 3970 sole-

205 4007 338 4055 rent
363 4018 375 4055 :
397 4018 531 4056 cum
551 4002 727 4073 igitur
748 4002 1129 4073 paedagogum
1152 4020 1286 4057 eum
1302 4005 1371 4058 de
1396 4022 1509 4074 quo
1530 4006 1847 4075 superiusa

205 4091 376 4145 nobis
391 4092 612 4147 mentio
626 4093 779 4147 facta
799 4098 887 4145 est
903 4093 1013 4163 ipsi
1030 4094 1294 4148 omnium
1316 4094 1843 4149 familiarissimum

205 4198 331 4234 esse
348 4181 759 4252 intellexisset,
779 4184 1027 4237 seorsim
1044 4200 1179 4238 eum
1202 4185 1586 4249 conveniens,
1606 4186 1697 4240 his
1720 4202 1844 4239 ver-

203 4268 292 4323 bis
327 4286 467 4323 usus
500 4275 621 4325 est:

277 4358 436 4412 Scias
468 4358 664 4425 velim,
699 4359 935 4414 domine
979 4361 1080 4430 mi,
1129 4378 1222 4416 me
1272 4368 1659 4417 mercatorem
1693 4379 1844 4428 esse,

2036 2503 2199 2557 ΚΕΦ.
2255 2506 2312 2569 ζ’.
2370 2501 2615 2573 Ἐγένετο
2666 2500 2766 2574 γὰρ
2825 2502 2941 2554 κατ’
2999 2499 3201 2553 ἐκεῖνον
3259 2498 3350 2553 τὸν
3409 2501 3596 2575 καιρὸν

1965 2591 2207 2662 μοναχὸς
2248 2610 2352 2660 τις,
2404 2592 2503 2645 36
2555 2589 2719 2665 σοφὸς
2768 2588 2834 2641 τὰ
2884 2594 3021 2656 θεῖα,
3077 2587 3179 2663 βίῳ
3225 2609 3282 2642 τε
3328 2589 3414 2643 καὶ
3447 2586 3601 2662 λόγῳ

1959 2676 2357 2749 κοσμούμενος,
2409 2677 2497 2731 καὶ
2547 2677 2622 2737 εἷς
2670 2674 2830 2747 ἄκρον
2882 2681 3052 2730 πᾶσαν
3115 2678 3423 2749 μοναχικήν
3481 2697 3597 2750 μετ-

1962 2764 2134 2820 ελθὼν
2166 2766 2471 2821 πολιτείαν·
2524 2767 2642 2819 ὃθεν
2698 2766 2789 2838 μὶν
2842 2765 3167 2838 ὁρμώμενος
3217 2767 3305 2819 καὶ
3352 2765 3411 2819 ἐκ
3440 2765 3597 2819 ποίου

1957 2853 2149 2927 γένους
2206 2854 2304 2909 οὐκ
2360 2853 2474 2929 ἔχω
2530 2853 2734 2929 λέγειν,
2787 2854 2838 2907 ἐν
2890 2855 3191 2927 πανεργξμῳ
3246 2850 3303 2907 δέ
3351 2875 3455 2907 τινι
3504 2861 3598 2922 τῆς

1958 2941 2336 3015 Σενααρίτιδος
2391 2946 2504 3014 (80)
2555 2949 2657 3017 γῆς
2703 2943 2797 3004 τὰς
2854 2942 3095 3012 οἰκήσεις
3129 2942 3478 3013 ποιούμενος,
3511 2942 3601 2996 καὶ

1955 3038 2055 3099 τῆς
2113 3032 2411 3104 ἱερωσύνης
2468 3031 2890 3103 τετελειωμένος
2937 3035 3004 3103 τῇ
3072 3030 3280 3105 χάριτι.
3334 3029 3595 3105 Βαρλαάμ

1955 3120 2020 3187 ἦν
2073 3116 2245 3190 δνομα
2289 3118 2468 3191 τούτῳ
2515 3123 2592 3189 τῷ
2639 3120 2869 3194 γέροντι.
2924 3119 3096 3180 Οὗτος
3130 3117 3221 3171 οὖν
3262 3117 3591 3190 ἀποκαλύψει

1953 3207 2058 3260 τινὶ
2110 3206 2288 3269 θεόθεν
2334 3207 2479 3277 αὐτῷ
2536 3207 2802 3280 γενομένῃ
2858 3206 3017 3281 γνοὺς
3067 3208 3132 3261 τὰ
3174 3206 3309 3260 κατά
3356 3207 3443 3261 τὸν
3476 3207 3592 3261 υἱὸν

1947 3299 2044 3349 τοῦ
2079 3294 2365 3369 βασιλέως,
2419 3293 2648 3364 ἐξελθὼν
2698 3303 2795 3364 τῆς
2843 3294 3074 3369 ἐρήμου,
3114 3295 3248 3370 πρὸς
3277 3298 3377 3366 τήν
3410 3295 3592 3349 οἴκου-

1954 3384 2117 3455 μένην
2176 3384 2432 3447 κατῆλθε.
2515 3383 2640 3452 Καὶ,
2718 3382 2951 3456 ἀμείψας
3005 3385 3068 3438 τὸ
3127 3385 3317 3438 ἑαυτοῦ
3376 3386 3588 3458 σχῆμα,

1949 3471 2139 3543 ἱμάτιά
2168 3493 2224 3525 τε
2268 3470 2505 3543 κοσμικά
2566 3472 2996 3548 ἀμφιασάμενος,
3048 3472 3137 3526 καὶ
3188 3473 3318 3542 νηὸς
3377 3468 3590 3544 ἐπιϐὰς,

1950 3560 2168 3637 ἀφίκετο
2231 3560 2305 3620 εἷς
2360 3560 2425 3613 τὰ
2479 3565 2584 3613 τῶν
2646 3558 2824 3615 Ἰνδῶν
2884 3559 3153 3634 βασίλεια,
3211 3562 3299 3615 καὶ
3342 3559 3588 3633 ἐμπόρου

1954 3646 2154 3709 ὑποδὺς
2203 3654 2567 3717 προσωπεῖον,
2616 3651 2714 3717 τήν
2765 3649 2925 3705 πόλιν
2977 3644 3405 3722 καταλαμϐάνει,
3466 3647 3591 3713 ἔνθα

1952 3734 2017 3805 δὴ
2053 3739 2078 3791 ὁ
2106 3742 2202 3791 τοῦ
2240 3736 2503 3810 βασιλέως
2546 3738 2661 3799 υἱὸς
2705 3738 2765 3791 τὸ
2814 3737 3075 3792 παλάτιον
3131 3739 3263 3811 εἶχε.
3300 3738 3423 3809 Kal,
3458 3738 3593 3809 ἡμέ-
3638 3742 3641 3747 λ

1952 3846 2041 3901 ρας
2078 3823 2362 3899 διατρίψας
2395 3825 2565 3880 ἐκεῖσε
2595 3824 2830 3890 πολλὰς,
2861 3822 3345 3900 ἠκριϐολογτςσατο
3376 3832 3440 3880 τὰ
3477 3826 3593 3880 κατ’

1950 3913 2107 3968 αὐτὸν
2158 3913 2245 3967 καὶ
2296 3914 2435 3975 τίνες
2486 3916 2536 3966 οἱ
2593 3913 2775 3985 τούτῳ
2825 3915 3236 3984 πλησιάζοντες.
3271 3917 3468 3969 Μαθὼν
3502 3916 3588 3969 οὗν

1947 4004 2036 4057 τὸν
2094 4003 2346 4071 ἀνωτέρω
2408 4001 2640 4077 ῥηθέντα
2714 4000 3063 4078 παιδαγωγὸν
3150 4006 3361 4058 πάντων
3446 4004 3591 4076 αὐτῷ

1954 4089 2163 4163 μᾶλλον
2238 4088 2569 4142 οἰκειότατον
2647 4090 2799 4158 εἶναι,
2873 4089 3189 4162 προσελθὼν
3271 4092 3418 4164 αὐτῴ
3475 4092 3588 4146 κατ’

1950 4177 2107 4249 ἰδίαν,
2141 4174 2264 4254 ἔφη’

2023 4357 2311 4410 Γινώσκειν
2370 4376 2426 4409 σε
2486 4355 2782 4430 βούλομαι,
2841 4355 2992 4430 κύριέ
3052 4379 3176 4430 μου,
3227 4357 3310 4412 ὅτι
3350 4354 3590 4430 ἔμπορος

208 4452 383 4515 atque
402 4446 1054 4520 exlonginquaregione
1069 4450 1318 4515 venisse,
1336 4451 1654 4520 eximiique
1672 4452 1842 4520 pretii

1961 4444 2064 4518 ἐγὼ
2120 4442 2179 4497 ἐκ
2235 4450 2442 4516 μακρᾶς
2498 4441 2744 4511 ἐλήλυθα
2798 4446 3006 4518 χώρας,
3065 4444 3152 4499 καὶ
3212 4446 3445 4521 ὑπάρχει
3497 4466 3587 4519 μοι

207 4534 466 4605 lapidem
484 4535 722 4606 habere,
738 4539 829 4591 cui
846 4538 1047 4592 nullus
1060 4555 1324 4607 unquam
1341 4538 1551 4592 similis
1574 4538 1846 4590 inventus

1956 4533 2116 4595 λίθος
2144 4532 2353 4604 τίμιος,
2389 4533 2433 4602 ᾧ
2482 4531 2791 4605 παρόμοιος
2837 4534 3059 4588 πώποτε
3108 4533 3215 4608 οὐχ
3244 4534 3456 4609 εὑρέθη,
3492 4534 3588 4588 Καὶ

278 4712 388 4781 (7'7)
423 4713 501 4766 De
531 4712 705 4766 verbo
736 4711 1055 4781 ποτνιᾶσθαι
1089 4712 1217 4781 vide
1250 4715 1371 4781 not.
1406 4711 1479 4765 ad
1512 4710 1784 4781 Aristaan.
1813 4712 1848 4765 P

1961 4709 2107 4765 )thei
2154 4713 2421 4780 Parerga,
2472 4726 2530 4780 p.
2582 4711 2688 4781 45;
2734 4708 3030 4770 Φθάσαντες
3059 4706 3116 4764 δὲ
3145 4709 3339 4781 καὶ-εἶς
3371 4712 3460 4766 τὸν
3496 4711 3589 4766 δα-

206 4776 408 4855 φνῶνα,
468 4780 521 4835 ἐν
579 4784 623 4853 ᾧ
671 4780 1083 4843 κατακλιθέντες
1115 4778 1527 4855 διελεγόμεθα,
1582 4780 1670 4833 καὶ
1700 4781 1812 4855 ἐπ’
1860 4779 2045 4855 ὀλίγον
2101 4776 2578 4855 περιεργασάμενοι
2638 4776 2862 4855 ἕκᾼαστρν
2911 4783 3095 4851 ἡμῶν,
3128 4778 3485 4837 ἐπιϐάλλουσι
3514 4788 3590 4854 τῷ

206 4839 495 4923 ἰξορνηλίῳ
524 4839 617 4913 τάξ
651 4858 859 4941 χεῖρας.
893 4839 984 4903 καὶ
1040 4848 1223 4941 πολλά
1271 4839 1980 4941 ποτ’νιώμεχονηάπάγουσιν
2030 4851 2088 4905 ἐκ
2132 4839 2232 4904 τοῦ
2257 4839 2623 4941 ’παραγρῆμξ
2648 4851 2742 4941 Ἶεξς
2795 4839 3194 4927 δεσμωτήριον·
3238 4856 3375 4912 Cod.
3409 4839 3586 4911 2108':

390 4927 395 4935 ν
950 4924 974 4941 n
1017 4920 1037 4930 δ
1082 4940 1085 4941 ,
1222 4939 1247 4941 γ,
1313 4939 1326 4941 _
1376 4930 1415 4941 ί.
1598 4926 1606 4938 1
1946 4926 1955 4935 .
2040 4925 2049 4935 .
2396 4931 2405 4941 ι
2634 4926 2640 4931 .

202 4918 573 4990 ποτνιώμενον
602 4918 690 4975 κάῖ
725 4918 1157 4976 δεινοπαθοῦντα.
1179 4922 1333 4995 _Inde
1366 4930 1423 4976 et
1453 4918 1822 4977 ἐπιϐάλλουσι
1847 4950 1848 4957 η

1966 4925 2052 4995 psi
2086 4941 2189 4994 pro
2221 4918 2847 4995 νωςέλιόέέπιϐαλλωσι.

275 4996 383 5063 (78)
421 5000 476 5053 Β,
512 4992 640 5051 Θεὸς
675 5012 776 5065 pro
812 4993 935 5064 ὀφθ,
970 4992 1247 5065 Siracidaa
1280 5010 1372 5057 xv,
1412 4997 1493 5059 18,
1527 4996 1810 5051 Dominus
1843 5020 1848 5043 ‹

1966 4992 2032 5050 iis
2081 4992 2170 5048 ést
2216 4992 2383 5065 πάντα
2418 4994 2655 5065 βλέπων.
2688 5026 2757 5036 -——
2788 4995 2949 5050 Paul.
2984 4998 3007 5049 Ι
3036 4996 3179 5050 Tim.
3214 5013 3276 5057 II.
3310 4999 3379 5053 3:
3415 4997 3588 5051 Ἐνώ-

205 5054 328 5116 πιον
361 5054 456 5115 τοῦ
490 5054 750 5141 Σωτῆρος
778 5054 938 5131 ἡμῶν
972 5066 1138 5141 θεοῦ,
1159 5061 1217 5121 ὅς
1250 5054 1450 5141 πάντας
1480 5054 1797 5141 ἀνθρώπους
1814 5063 1973 5141 θέλει
2006 5066 2312 5141 σωθῆναι...
2347 5054 2543 5120 ἐλθεῖν.
2580 5069 2649 5120 Et
2678 5065 2737 5120 in
2770 5068 2808 5119 Β
2838 5073 2925 5121 est
2957 5054 3290 5141 ἀνθρώπους.

277 5136 390 5209 (79)
420 5135 572 5209 Bsal.
604 5133 769 5209 cNLii,
798 5138 869 5187 8.·
901 5133 1169 5209 Γνώρισόν
1206 5153 1319 5209 μοι,
1356 5134 1535 5208 Κύριε,
1568 5133 1690 5189 ὁδὸν
1723 5137 1773 5190 ἐν
1805 5138 1843 5207 ᾖ

1961 5135 2239 5207 οεῦσομαι.

280 5207 686 5280 (_80)_Estr_19ta
715 5207 748 5280 ἡ
780 5210 846 5275 γῆ
881 5205 1185 5280 gavadpex
1220 5207 1359 5259 Gen.
1384 5205 1443 5280 μζ
1478 5210 1579 5280 1Q;
1614 5209 1757 5263 Dan.
1793 5205 1829 5269 ι.

1980 5210 2216 5263 Lemma
2257 5209 2569 5280 metricum
2601 5209 2661 5262 in
2693 5210 2737 5261 A
2764 5225 2776 5261 :
2810 5207 2920 5272 Τὴν
2948 5211 3044 5280 τοῦ
3077 5207 3363 5280 Βαρλα-ἆμ
3392 5206 3593 5280 agona.

206 5272 521 5349 λυψινὸρα,
549 5272 662 5346 Οἵῳ
690 5272 843 5349 τόπῳ
868 5272 933 5349 δὲ
971 5272 1069 5341 τὴν
1105 5276 1436 5349 ἄσκησιν-γῆν
1475 5275 1668 5332 τελῶν.
1696 5280 1847 5333 Polit

1961 5285 2299 5349 spoetaster
2325 5279 2575 5334 debebat
2620 5280 2900 5346 scribere,
2940 5276 3039 5349 οἵῳ
3079 5272 3247 5332 τελῶν
3274 5272 3333 5332 δὲ
3366 5299 3416 5332 τ.
3458 5278 3488 5331 ἂ
3526 5280 3589 5346 ἦν

204 5345 378 5423 τόπῳ.
423 5345 823 5423 Ephraemius
854 5347 1067 5423 Chron.
1128 5348 1227 5400 753
1255 5364 1266 5399 :
1295 5346 1423 5423 βῖτα
1484 5349 1719 5420 προέστη
1785 5354 1884 5423 τῇς
1947 5345 2080 5401 Θεοῦ
2140 5346 2466 5423 Ἐκκλησίας
2492 5348 2859 5423 ,Μαξιμιανὸς
2897 5345 3205 5423 προστατης
3247 5345 3590 5423 ὀρθᾼοφρονῶν

204 5415 340 5495 (ιςθΓ
362 5415 739 5495 scribendum
772 5415 1097 5495 6990:96va
1126 5439 1168 5495 «Ι
1198 5415 1648 5495 orthodoxofun},
1682 5415 1733 5495 »ζ
1755 5421 1845 5495 vel

1965 5420 2441 5495 ansponendum,
2484 5415 2865 5495 6pgocppovfev__
2886 5415 3238 5495 προστάτης),

202 5482 391 5565 νον-τος
419 5482 814 5565 ᾲένθρονᾼίςεταί
839 5482 1014 5561 θρόνῳ
1053 5482 1372 5561 Πρόκλος...
1437 5482 1652 5563 Ποιμήν
1710 5490 1905 5563 ἀγαθὸς
1943 5489 2034 5545 καὶ
2075 5482 2273 5565 νομεὺς

209 5562 368 5631 9904,
408 5562 568 5632 9627,
606 5563 764 5617 9856.

554 5974 557 5981 λ
570 5976 579 5981 ν

3283 5421 3460 5492 Οὖπερ
3498 5432 3589 5483 θα-

2314 5491 2687 5565 ψυχοτρόπος·
2732 5491 2936 5548 δοτίὺζ
2970 5494 3346 5568 ψυχοτρόφος.
3395 5491 3476 5548 Cf.
3534 5509 3584 5547 v.
