4042 6154
329 285 434 342 897

1494 291 1667 343 νιΤΑ
1703 289 2051 344 BARLAAM
2087 288 2180 341 ET
2214 285 2552 342 JOASAPH.

3619 289 3726 346 898

329 408 511 466 οὐδενὶ
547 409 712 489 μέχρι
742 413 840 464 τοῦ
868 414 959 464 νῦν
990 415 1180 466 τοῦτον
1214 411 1542 489 ἐφανέρωσα·
1597 411 1680 465 σοὶ
1713 407 1769 464 δὲ
1797 408 1970 464 κατά-

2091 415 2497 481 est.quemque
2522 409 2750 466 nemini
2774 411 2966 467 adhuc
2989 412 3240 467 ostendi.
3258 412 3382 466 Tibi
3405 417 3601 468 autem
3614 413 3727 470 hoc

332 490 498 562 δηλον
531 488 638 560 ἢδη
672 495 838 557 ποιῶ,
870 493 1088 545 συνετόν
1119 512 1179 546 τε
1214 488 1304 546 καὶ
1363 498 1598 566 νουνεχῆ
1636 491 1854 566 βλὲπων
1917 511 1973 545 σε

331 581 498 656 ἄνδρα
529 584 666 656 (81),
703 582 777 643 ὡς
816 581 876 636 ἂν
910 581 1198 658 εἷσαγαὶγῃς
1232 586 1326 640 37
1395 603 1460 655 με
1517 583 1651 656 πρὸς
1709 582 1798 636 τὸν
1861 581 1974 634 υἱὸν

330 678 425 729 τοῦ
460 672 752 748 βασιλέως,
811 673 902 725 καὶ
963 669 1216 726 ἐπιδώσω
1264 677 1456 727 τοῦτον
1516 671 1686 744 αὐτῷ.
1753 670 1972 726 Πάντων

334 764 436 836 γὰρ
493 765 601 816 τῶν
657 759 840 815 καλῶν
897 760 1230 836 ἀσυγκρίτως
1291 762 1562 836 ὑπερέχει⁸
1610 759 1829 815 δύναται
1886 760 1976 813 καὶ

333 849 566 927 τυφλοῖς
596 853 664 922 τῇ
691 847 887 923 καρδιᾳ
915 854 1028 926 φῶς
1059 847 1349 924 δωρεῖσθαι
1409 849 1623 927 σοφίας,
1671 854 1866 926 κωφῶν
1922 845 1978 902 δέ

337 941 449 994 ὤτα
480 939 739 1013 ¹ξνοίγειν,
771 937 1007 1000 ἀλάλοις
1038 959 1098 993 τε
1147 940 1330 1017 φωνήν
1384 935 1615 1005 διδόναι,
1669 939 1754 992 καὶ
1811 936 1974 1012 βῶσιν

332 1031 446 1088 τοῖς
494 1029 712 1080 νοσοῦσι
773 1024 1054 1100 παρεχειν·
1107 1025 1236 1089 τοὺς
1293 1023 1526 1102 ἄφρονας
1579 1025 1805 1102 σοφίζει,
1857 1022 1977 1078 δαί-

339 1136 504 1188 μονας
531 1112 744 1183 διώκει,
780 1115 870 1168 καὶ
929 1119 1033 1167 πᾶν
1063 1113 1093 1168 ὅ
1114 1135 1166 1169 τι
1197 1115 1363 1169 καλὸν
1395 1114 1484 1169 καὶ
1517 1113 1771 1188 ἐράσμιον
1803 1111 1978 1190 ἀφθό-

333 1225 437 1265 νως
473 1206 814 1277 χορηγεῖτῷ
845 1203 1159 1274 κεκτημένῳ
1187 1202 1368 1260 αὐτόν.
1426 1203 1582 1275 Λέγει
1637 1203 1772 1276 πρὸς
1820 1201 1975 1254 αὑτὸν

334 1295 361 1346 ὁ
418 1290 787 1364 παιδαγωγός·
849 1291 994 1366 Ὁρῶ
1070 1313 1128 1345 σε
1211 1289 1496 1365 ἄνθρωπον
1571 1293 1830 1365 σταθεροῦ
1886 1288 1978 1344 καὶ

338 1376 642 1456 βεϐηκότος
674 1382 1044 1456 φρονήματοςο
1077 1382 1144 1436 τὰ
1200 1379 1257 1435 δὲ
1314 1381 1532 1457 ῥήματά
1561 1402 1656 1435 σου
1690 1379 1894 1454 ἃμετρά
1924 1401 1980 1436 σε

333 1475 636 1545 καυχᾶσθαι
697 1467 1041 1546 ἐμφαίνουσι.
1102 1470 1304 1531 Λίθους
1367 1470 1469 1544 γὰρ
1525 1471 1612 1524 καὶ
1651 1469 1978 1545 μαργαρίτας

333 1556 658 1620 πολυτελεῖς
691 1560 780 1612 καὶ
813 1556 1155 1630 πολυτίμους
1188 1561 1305 1620 πῶς
1336 1555 1396 1612 ἄν
1456 1579 1540 1612 σοι
1602 1555 1976 1632 διηγησαίμην

334 1648 496 1710 ’ὀσους
529 1647 740 1722 ἑώρακα
769 1667 783 1715 ;
816 1648 1082 1722 Ἒχοντας
1117 1643 1172 1701 δὲ
1192 1647 1443 1711 τοιαύτας
1472 1646 1532 1710 ἅς
1564 1645 1784 1721 εἷ’ρηκας
1819 1643 1976 1700 δυνά-

341 1758 458 1810 μεις
491 1735 612 1791 οὕτε
645 1733 812 1802 εἶδον,
872 1735 996 1790 οὕτε
1053 1737 1279 1806 ἤκουσα.
1313 1737 1506 1808 Ὀμως
1566 1732 1845 1804 ὑπόδειξὸν
1884 1755 1975 1804 μοι
2007 1775 2054 1840 Β

376 1827 389 1840 1
439 1827 451 1840 ι
611 1825 625 1840 \
713 1825 727 1840 9
763 1819 787 1840 Ἰ
1014 1825 1026 1840 ι
1104 1824 1117 1840 \
1169 1825 1180 1840 !
1201 1827 1227 1838 εν
1296 1823 1307 1840 Ι
1555 1827 1612 1840 Λ..
1808 1823 1820 1840 9
1879 1824 1888 1840 Ι

334 1827 516 1895 αὑτὸν,
538 1825 649 1894 καὶ,
685 1825 729 1879 εἷ
761 1819 871 1879 ἔστι
902 1825 1036 1879 κατά
1064 1824 1127 1879 τὸ
1159 1823 1313 1899 ῥῆμά
1369 1845 1488 1892 σου,
1553 1827 1745 1878 θᾶττον
1776 1823 1975 1898 εἰσάγω

331 1919 521 1970 τοῦτον
553 1914 686 1988 πρὸς
714 1915 804 1968 τὸν
859 1918 958 1967 τοῦ
1012 1913 1278 1988 βασιλέως
1340 1914 1474 1981 υἱὸν,
1531 1914 1619 1968 καὶ
1672 1912 1835 1984 τιμὰς
1891 1911 1976 1966 ὅτι

338 2006 589 2078 μεγίστας
647 2003 736 2057 καὶ
797 2000 1002 2076 δωρεὰς
1056 2005 1208 2075 λήψῃ
1256 2004 1384 2076 παρ’
1438 2001 1624 2058 αὑτοῦ.
1686 2002 1858 2076 Πρινή
1920 1999 1977 2054 δὲ

337 2088 699 2166 βεϐαιωθῆναί
735 2095 900 2164 μετῇ
960 2089 1182 2164 ἀψευδεῖ
1238 2096 1344 2145 τῶν
1405 2091 1703 2168 ὀφθαλμῶν
1767 2088 1974 2164 ὁράσει,

333 2180 589 2236 ἀδὺνατόν
646 2202 740 2253 μοι
798 2184 877 2252 τῷ
937 2179 1056 2252 ἐμῷ
1110 2177 1342 2253 δεσπότῃ
1419 2180 1508 2233 καὶ
1575 2179 1792 2254 βασιλεῖ
1851 2179 1973 2251 περὶ

333 2273 651 2347 πράγματος
710 2271 944 2346 ἀφανοῦς
997 2272 1162 2323 ταῦτα
1220 2266 1286 2336 δὴ
1344 2269 1412 2322 τὰ
1471 2269 1742 2342 ὑπέρογκα
1799 2267 1977 2341 ἀπαγ-

333 2358 540 2435 γεῖλαι.
598 2360 659 2416 Ὁ
719 2356 777 2412 δὲ
837 2356 1099 2432 Βαρλαὰμ
1182 2351 1306 2430 ἔφη·
1368 2356 1558 2418 Καλῶς
1624 2356 1778 2419 εἶπας
1838 2359 1976 2428 μήτε

334 2448 624 2524 ἑωρακέναι
685 2448 910 2502 πώποτε
971 2451 1110 2519 μήτε
1188 2445 1472 2516 ἀκηκοέναι
1529 2444 1780 2507 τοιαύτας
1811 2443 1974 2514 ,δυνά-

341 2559 456 2612 μείς
478 2538 568 2592 καὶ
599 2536 880 2611 ἐνεργείας
917 2536 944 2590 ὁ
972 2535 1073 2609 γὰρ
1123 2535 1260 2609 πρὸς
1318 2533 1374 2588 σὲ
1403 2556 1508 2606 μου
1566 2531 1729 2609 λόγος
1764 2533 1824 2588 οὑ
1855 2533 1977 2608 περί

337 2649 434 2684 του
462 2626 728 2701 τυχόντος
761 2625 872 2679 ἐστὶ
903 2627 1242 2699 πράγματος,
1285 2623 1431 2678 ἀλλὰ
1463 2627 1773 2693 θαυμαστοῦ
1828 2643 1974 2684 τινος

337 2717 428 2772 καὶ
489 2713 748 2788 μεγάλου.
801 2716 924 2770 ’Ὁτι
985 2711 1042 2768 δὲ
1098 2711 1362 2783 ἐζήτησας
1417 2716 1610 2767 τοῦτον
1671 2710 1976 2782 θεάσασθαι,

343 2808 572 2860 ἄκουσον
602 2807 710 2859 τῶν
734 2802 878 2876 ἐμῶν
913 2801 1198 2880 ῥημάτων.

407 2983 468 3040 Ὁ
502 2979 661 3044 λίθος
693 2982 849 3044 οὗτος
875 2983 902 3036 ὁ
934 2979 1248 3055 πολύτιμος
1302 2981 1435 3054 μετᾶ
1485 2985 1593 3036 τῶν
1641 2977 1980 3056 προειρημέ-

335 3093 440 3126 νων
475 3070 758 3146 ἐνεργειῶν
786 3071 875 3126 καὶ
909 3070 1210 3144 δυνάμεων,
1270 3069 1348 3125 ἔτι
1403 3071 1490 3126 καὶ
1549 3071 1748 3140 ταύτην
1781 3069 1976 3139 κέκτη-

334 3181 420 3215 ται
450 3161 547 3228 τήν
584 3161 765 3235 ίσχῦν·
829 3161 894 3214 οὑ
955 3158 1174 3214 δύναται
1236 3162 1523 3224 θεάσασθαι
1578 3159 1736 3214 αὑτὸν
1766 3158 1825 3214 ἐκ
1878 3163 1976 3214 τοῦ
2007 3137 2050 3203 C

337 3250 641 3325 προχείρου
674 3250 702 3302 ὁ
737 3250 813 3321 μὴ
848 3243 993 3322 ἔχων
1025 3247 1338 3324 ἐρρωμένην
1397 3249 1490 3321 μὶν
1522 3249 1620 3317 τὴν
1673 3249 1856 3324 δρασιν
1890 3249 1979 3302 καὶ

345 3338 710 3412 ὑγιαίνουσαν,
743 3339 902 3414 ἁγνὸν
937 3335 994 3392 δὲ
1025 3338 1122 3394 88
1181 3338 1244 3392 τὸ
1303 3342 1462 3411 σῶμα
1518 3337 1607 3392 καὶ
1639 3336 1810 3406 πάντη
1841 3335 1981 3408 ἀμό-

345 3426 559 3483 λυντον.
594 3425 786 3501 Εἰγάρ
841 3449 943 3493 τις,
982 3429 1058 3499 μὴ
1117 3425 1183 3480 τὰ
1241 3423 1336 3480 δύο
1391 3431 1557 3480 ταῦτα
1613 3423 1752 3480 καλά
1811 3422 1980 3498 ἔχων,

343 3520 631 3589 προπετῶς
662 3511 958 3588 ἐμϐλέψειε
985 3520 1064 3587 τῷ
1093 3517 1267 3589 τιμίῳ
1321 3512 1459 3588 λίθῳ
1513 3515 1712 3588 τούτῳ,
1767 3515 1857 3570 καὶ
1888 3513 1984 3568 αὑ-

343 3605 442 3673 τήν
473 3601 650 3674 δήπου
681 3603 746 3672 ἢν
778 3601 895 3679 ἔχει
929 3603 1158 3672 ὀπτικήν
1215 3601 1441 3677 δύναμιν
1501 3605 1590 3658 καὶ
1647 3605 1740 3664 τας
1789 3602 1982 3680 φρένας

343 3693 822 3768 προσαπολὲσειεν.
859 3694 999 3765 Ἐγὼ
1031 3691 1109 3762 δὲ,
1153 3691 1252 3747 οὑκ
1305 3692 1552 3765 ἀμύητος
1581 3698 1680 3761 τῆς
1727 3693 1982 3761 ἱσποικῆς

344 3782 656 3854 ἐπιστήμης
715 3782 1003 3856 ὑπάρχων,
1060 3783 1274 3858 καθορῶ
1327 3803 1422 3836 σου
1478 3781 1605 3845 τοὺς
1665 3781 1986 3860 ὀφθαλμοὺς

346 3872 424 3944 μή
462 3871 628 3946 ὑγιῶς
656 3866 903 3945 ἔχοντας,
933 3871 1023 3925 καὶ
1057 3868 1275 3926 δέδοικα
1307 3871 1382 3942 μή
1416 3870 1505 3925 καὶ
1537 3871 1605 3940 ἦς
1660 3868 1806 3946 ἔχεις
1855 3871 1984 3945 ὁρά-

343 3981 482 4022 σεως
513 3961 762 4036 στὲρησιν
793 3961 1130 4036 προξενῄσω.
1182 3959 1359 4016 Ἀλλὰ
1385 3960 1474 4015 τὸν
1531 3961 1645 4014 υἱὸν
1699 3964 1796 4014 τοῦ
1830 3961 1984 4036 βασι-

341 4047 485 4111 λέως
516 4049 724 4120 ἀκήκοα
747 4048 866 4125 βίον
900 4050 996 4123 μὲν
1016 4043 1165 4124 ἔχειν
1199 4049 1472 4124 σώφρονα,
1503 4049 1631 4112 τοὺς
1666 4048 1985 4128 ὀφθαλμοὺς

342 4136 402 4193 δὲ
432 4138 666 4212 ὡραίους
692 4139 781 4192 καὶ
812 4139 975 4214 ὑγιῶς
1009 4139 1269 4214 ὁρῶντας·
1319 4137 1516 4192 τούτου
1575 4139 1738 4214 χάριν
1799 4138 1986 4210 ἐκείνῳ

343 4224 620 4297 ὑποδεῖξαι
650 4228 742 4282 τὸν
794 4227 1060 4301 θησαυρὸν
1119 4231 1312 4281 τοῦτον
1368 4226 1694 4302 τεθάῤῥηκα.
1759 4226 1833 4281 Σὺ
1890 4227 1985 4282 οὖν

348 4317 426 4390 μή
460 4315 686 4388 ἀμελῶς
712 4316 837 4391 περὶ
877 4316 1074 4370 τούτου
1135 4313 1407 4390 διατεθῇς,
1474 4313 1614 4387 μηδὲ
1669 4317 1986 4391 πράγματος

340 4404 595 4460 τοιούτου
623 4405 716 4460 τὸν
746 4405 932 4478 κύριόν
993 4425 1093 4458 σου
1151 4405 1550 4479 ἀποστερήσῃς.
1616 4405 1676 4461 Ὁ
1738 4401 1796 4458 δὲ
1851 4405 1987 4478 πρὸς

2081 499 2502 568 declaro,quod
2528 505 2581 553 te
2609 499 2960 570 prudentem
2984 517 3050 554 ac
3075 501 3375 555 cordatum
3394 502 3582 556 virum
3597 520 3724 557 esse

2078 587 2328 652 videam,
2364 594 2428 642 ut
2455 604 2548 642 me
2581 588 2656 642 ad
2689 590 2841 660 regis
2874 589 3065 643 [ilium
3092 589 3454 655 introducas,
3489 590 3724 661 ipsique

2080 693 2214 731 eum
2246 677 2400 731 dono
2415 677 2876 747 dem.Siquidem
2901 677 3056 731 bona
3069 678 3269 732 omnia
3294 678 3725 749 incomparabi-

2079 764 2217 818 liter
2263 766 2586 820 antecellit.
2618 767 2758 820 Nam
2792 772 2851 820 et
2880 767 2955 820 iis
2982 767 3081 836 qui
3115 767 3309 821 cordis
3332 767 3520 821 oculis
3572 769 3725 838 capti

2081 855 2560 924 suntsapientize
2584 855 2775 908 lucem
2808 856 2998 920 aﬂ‘ert,
3020 860 3079 907 et
3100 855 3294 909 surdis
3319 872 3491 910 aures
3514 856 3724 927 aperit,

2084 950 2141 998 et
2165 945 2342 998 mutis
2365 961 2566 999 vocem
2589 945 2667 998 im
2679 946 2940 1014 pertit,et
2969 951 3320 1016 mgrotantes
3336 949 3396 1000 in
3412 947 3725 1002 sanitatem

2082 1034 2312 1098 asserit,
2331 1038 2390 1086 et
2412 1033 2620 1087 stultes
2648 1033 2939 1102 sapientia
2957 1032 3154 1096 donat,
3187 1039 3245 1086 et
3261 1033 3560 1090 daemones
3589 1037 3723 1106 pel-

2081 1121 2168 1186 lit,
2203 1138 2270 1176 ac
2290 1121 2549 1191 denique
2573 1122 2862 1191 quidquid
2893 1122 3207 1192 pulchrum
3250 1128 3306 1176 et
3329 1124 3724 1192 expetendum

2085 1216 2191 1276 est,
2217 1211 2458 1264 domino
2492 1227 2596 1265 suo
2645 1209 2941 1264 uberrime
2971 1210 3308 1280 suppeditat
3360 1212 3453 1265 Ait
3481 1213 3554 1266 ad
3589 1229 3723 1267 eum

2082 1300 2432 1372 paedagogus
2459 1316 2470 1351 :
2497 1301 2571 1354 Te
2595 1300 2834 1369 quidem
2866 1299 3170 1354 hominem
3191 1300 3378 1370 gravis
3392 1305 3568 1370 atque
3583 1318 3726 1356 con-

2084 1388 2293 1443 stantis
2315 1389 2496 1442 animi
2527 1404 2653 1442 esse
2685 1387 3178 1455 video;czeterum
3192 1388 3368 1443 verba
3383 1395 3481 1444 tua
3509 1391 3723 1444 immo-

2083 1477 2276 1533 dicam
2317 1477 2635 1547 quamdam
2665 1477 3017 1547 jactantiam
3049 1495 3168 1547 prae
3211 1493 3272 1532 se
3317 1477 3532 1532 ferunt.
3559 1480 3724 1544 Quod

2086 1568 2242 1622 enim
2267 1568 2623 1622 excellentes
2655 1573 2830 1636 atque
2881 1567 3138 1638 ingentis
3179 1568 3354 1638 pretii
3395 1568 3622 1639 lapides
3668 1573 3726 1623 et

2083 1657 2334 1711 uniones
2356 1657 2888 1726 viderim,quonam
2903 1655 3079 1709 modo
3103 1657 3503 1711 enumerando
3519 1673 3724 1712 recen-

2085 1760 2213 1798 sere
2236 1759 2446 1814 queam
2469 1744 2615 1798 ?nec
2642 1749 2835 1797 tamen
2867 1758 3128 1813 unquam
3150 1748 3250 1796 aut
3271 1743 3384 1796 vidi
3411 1747 3510 1797 aut
3527 1742 3724 1797 audivi

2084 1834 2183 1904 qui
2207 1849 2306 1888 eas
2327 1849 2472 1903 quas
2491 1832 2966 1887 commemorasti
2987 1831 3138 1885 vires
3171 1831 3724 1886 haberent.Verum-

2085 1928 2282 1977 tamen
2314 1941 2449 1978 eum
2475 1923 2614 1976 mihi
2640 1922 2986 1986 ostende,ac
3019 1923 3065 1974 si
3092 1921 3226 1975 talis
3249 1921 3590 1990 estqualem
3615 1921 3722 1986 ais,

2083 2012 2210 2066 sine
2229 2012 2349 2066 ulla
2371 2011 2743 2066 cunctatione
2772 2010 2845 2064 ad
2861 2009 3010 2082 regis
3036 2010 3223 2064 ﬁlium
3248 2015 3302 2063 te
3326 2009 3722 2074 introducam,

2083 2101 2182 2170 qui
2207 2107 2260 2154 te
2274 2101 2546 2155 maximis
2559 2099 2883 2153 honoribus
2904 2115 2969 2152 ac
2986 2098 3292 2152 beneﬁciis
3308 2097 3566 2151 ornabit.
3600 2097 3727 2150 Pri-

2081 2205 2332 2259 usquam
2364 2195 2561 2243 autem
2581 2205 2686 2258 per
2719 2188 2913 2258 ipsum
2963 2187 3270 2241 oculorum
3293 2185 3585 2251 obtutum,
3621 2185 3722 2255 qui

2081 2278 2205 2332 falli
2234 2277 2626 2348 nequit,dicta
2646 2282 2742 2330 tua
2769 2275 3297 2333 confirmarisﬁeri
3323 2291 3438 2328 non
3454 2277 3726 2344 potestut

2084 2367 2323 2421 domino
2361 2382 2492 2420 meo
2531 2381 2598 2419 ac
2620 2365 2740 2434 regi
2765 2364 2835 2418 de
2859 2380 2920 2418 re
2947 2365 3172 2417 incerta
3210 2368 3269 2416 et
3292 2363 3727 2434 incognitahaac

2083 2460 2201 2509 tam
2216 2454 2537 2508 immodica
2548 2469 2615 2507 ac
2628 2452 2978 2523 prmiumida
2991 2451 3512 2505 renuntiem.Dixit
3530 2457 3727 2504 autem

2083 2543 2353 2598 Barlaam
2380 2559 2392 2596 :
2419 2544 2594 2596 Recte
2619 2541 2838 2606 dixisti,
2859 2546 2912 2593 te
2937 2540 3278 2610 hujusmodi
3305 2540 3531 2593 viresac
3544 2539 3732 2594 facul-

2084 2637 2233 2687 tates
2267 2648 2376 2685 nec
2395 2646 2656 2700 unquam
2678 2628 3073 2699 perspexisse,
3105 2643 3213 2681 nec
3236 2626 3731 2681 audisse.Etenim

2084 2721 2271 2775 oratio
2304 2719 2377 2773 ad
2417 2723 2471 2771 te
2504 2734 2635 2772 mea
2655 2734 2775 2772 non
2801 2717 2948 2772 dere
2970 2715 3322 2787 vulgari,sed
3345 2715 3568 2786 ingenti
3583 2732 3731 2784 qua-

2086 2808 2221 2864 dam
2254 2813 2311 2862 et
2339 2805 2691 2861 admiranda
2723 2811 2830 2860 est.
2863 2804 3028 2869 Quod
3075 2809 3272 2859 autem
3321 2819 3455 2858 eum
3487 2819 3729 2858 cernere

2086 2896 2430 2968 qumsivisti,
2464 2895 2600 2950 audi
2625 2894 2768 2965 quid
2800 2894 3014 2948 dicam.

2159 2988 2328 3058 Lapis
2355 2987 2450 3040 hic
2474 2985 2690 3040 summi
2714 2983 3130 3054 pretii,preeter
3149 2999 3245 3037 eas
3267 2999 3414 3052 quas
3436 2981 3556 3037 dixi
3580 2983 3730 3037 vires

2090 3081 2148 3130 et
2168 3075 2656 3141 facultates,hanc
2679 3074 2856 3128 etiam
2888 3072 3239 3126 habet.Eum
3271 3073 3431 3126 enim
3459 3077 3732 3142 prompte

2089 3182 2155 3220 ac
2180 3164 2351 3220 facile
2374 3163 2711 3236 prospicere
2743 3179 2863 3217 non
2895 3167 3108 3232 potest.
3133 3161 3233 3231 qui
3285 3176 3492 3215 sanum
3521 3177 3588 3215 ac
3619 3160 3728 3214 ﬁr-

2090 3271 2254 3309 mum
2285 3253 2544 3319 oculum,
2606 3267 2937 3322 corpusque
2978 3266 3189 3320 purum
3221 3255 3400 3320 atque
3451 3249 3523 3303 ab
3569 3247 3730 3304 omni

2092 3345 2372 3416 spurcitie
2404 3344 2664 3398 alienum
2692 3359 2812 3397 non
2844 3341 3188 3396 habet.Nam
3215 3341 3260 3394 si
3297 3339 3557 3410 quis,his
3589 3339 3733 3394 dua-

2090 3435 2202 3490 bus
2233 3434 2408 3489 rebus
2433 3451 2550 3488 non
2565 3438 2723 3487 recte
2751 3431 3196 3502 comparatis,in
3223 3431 3379 3484 hunc
3411 3429 3736 3500 pretiosum

2094 3525 2351 3595 lapidem
2384 3523 2586 3578 oculos
2609 3527 2829 3576 temere
2861 3536 2927 3574 ac
2959 3520 3294 3590 petulanter
3324 3519 3575 3589 inliciat,
3608 3517 3737 3587 ipsa

2095 3630 2328 3685 quoque
2358 3612 2584 3666 scilicet
2618 3626 2735 3681 qua
2781 3607 3064 3680 praeditus
3107 3613 3197 3662 est
3249 3605 3536 3660 cernendi
3587 3605 3639 3657 vi
3670 3619 3736 3658 ac

2093 3709 2294 3759 mente
2317 3702 2561 3771 insuper
2582 3697 2984 3753 mulctahitur.
3010 3699 3125 3767 Ego
3154 3711 3352 3766 porro,
3383 3698 3587 3763 utpote
3611 3708 3736 3746 me-

2095 3793 2305 3847 dicinae
2337 3790 2581 3845 minime
2604 3787 2768 3842 rudis
2787 3792 2846 3841 et
2871 3787 3130 3858 ignarus,
3146 3783 3349 3838 oculos
3382 3788 3510 3837 tuos
3530 3796 3738 3853 parum

2096 3897 2272 3936 sanos
2305 3895 2434 3934 esse
2465 3877 2762 3948 conspicio
2795 3892 2806 3929 :
2836 3891 2901 3930 ac
2933 3873 3181 3946 proinde
3229 3887 3432 3926 vereor
3479 3886 3554 3924 ne
3585 3871 3739 3926 hanc

2095 3985 2333 4042 quoque
2365 3983 2542 4039 quam
2571 3967 2756 4020 habes
2778 3963 3062 4019 cernendi
3095 3961 3437 4017 facultatem
3475 3961 3735 4016 amittas.

2097 4062 2311 4114 Verum
2345 4057 2415 4112 de
2438 4056 2591 4128 regis
2610 4055 2732 4109 filio
2765 4054 2980 4120 audivi,
3003 4067 3139 4108 eum
3165 4057 3282 4105 tam
3314 4050 3443 4103 vitae
3466 4049 3735 4103 castitate

2097 4148 2410 4221 praeditum
2431 4161 2581 4211 esse,
2603 4150 2726 4198 tum
2748 4143 3026 4214 pulchros
3055 4157 3121 4195 ac
3143 4139 3515 4210 perspicaces
3537 4137 3740 4191 oculos

2098 4237 2314 4292 habere
2343 4233 2625 4298 Quocirca
2640 4233 2982 4285 thesaurum
2997 4231 3154 4283 hunc
3177 4227 3287 4298 ipsi
3304 4225 3614 4280 ostendere
3634 4225 3744 4280 mi-

2099 4327 2260 4380 nime
2290 4321 2589 4378 dubitabo.
2626 4319 3020 4385 Quamobrem
3051 4334 3124 4372 ne
3147 4315 3517 4372 commiseris
3540 4319 3605 4368 ut
3633 4314 3744 4368 hoc

2099 4414 2384 4485 negligas,
2427 4427 2493 4466 ac
2519 4427 2581 4464 re
2612 4409 2758 4464 tanti
2782 4407 3070 4462 momenti
3105 4405 3409 4460 dominum
3436 4409 3601 4458 tuum
3630 4403 3744 4473 pri-

343 4493 532 4562 αὑτὸν,
568 4494 672 4551 Καὶ
705 4493 751 4548 εί
781 4499 970 4560 ταῦτα,
1027 4494 1213 4570 φησὶν,
1275 4493 1447 4557 οὕτως
1483 4491 1620 4568 ἔχει,
1659 4494 1734 4566 μή
1775 4515 1867 4566 μοι
1897 4494 1978 4548 τὸη

2101 4519 2218 4558 ves.
2252 4501 2354 4554 llle
2377 4505 2574 4554 autem
2602 4497 2673 4552 ad
2702 4514 2836 4552 eum
2867 4496 3014 4550 dixit
3041 4512 3054 4548 :
3079 4495 3143 4567 Si
3169 4495 3294 4548 haec
3321 4493 3403 4547 ita
3419 4508 3481 4546 se
3500 4491 3744 4558 habent,

343 4581 502 4648 λίθον
565 4581 868 4658 ὑποδείξῃς·
931 4583 982 4637 ἐν
1044 4581 1332 4659 ἁμαρτίαις
1389 4583 1493 4658 γὰρ
1543 4581 1836 4645 πολλαῖςὸ
1872 4583 1993 4659 βίος

347 4693 456 4745 μου
482 4670 810 4747 ἐρῥὺπωταιο
846 4673 953 4746 οὐχ
977 4672 1144 4745 ὑγιῶς
1205 4669 1261 4726 δὶ
1289 4671 1378 4725 καὶ
1425 4673 1523 4740 τὴν
1558 4671 1765 4746 ὅρασιν,
1807 4673 1986 4735 καθὼς

344 4761 520 4828 εἶπας,
551 4762 844 4833 κέκτημαι.
902 4760 1060 4816 Ἀλλ’
1115 4759 1243 4836 ἐγὼ,
1303 4766 1420 4823 τοῖς
1454 4767 1569 4823 σοῖς
1627 4763 1860 4824 πεισθεὶς
1891 4762 1990 4840 ῥή-

347 4872 504 4924 μασι,
554 4850 814 4927 γνωρίσαι
872 4854 1038 4904 ταῦτα
1091 4854 1169 4922 τῷ
1225 4850 1400 4923 κυρίῳ
1464 4871 1569 4921 μου
1624 4850 1714 4904 καὶ
1776 4851 1993 4926 βασιλεῖ

344 4939 447 4995 οὑκ
478 4941 715 5010 ὀκνήσω.
751 4939 886 4996 Eine
933 4943 1119 5008 ταῦτα,
1179 4939 1269 4993 καὶ
1328 4938 1582 4994 εἰσελθὼν
1640 4940 1776 4994 κατά
1831 4941 1993 5015 μέρος

342 5029 524 5083 πάντα
573 5033 653 5101 τῷ
703 5029 807 5100 υίῷ
861 5033 958 5084 τοῦ
1021 5029 1292 5103 βασιλέως
1348 5026 1696 5103 ἀπήγγειλεν.
1755 5031 1994 5094 Ἐκεῖνος

345 5115 427 5186 δὲ,
487 5116 561 5180 ὠς
613 5117 820 5188 ἢκουσε
874 5119 942 5173 τὰ
987 5123 1082 5173 τοῦ
1141 5115 1490 5194 παιδαγωγοῦ
1524 5116 1764 5193 ῥήματα,
1820 5123 1993 5193 χαρᾶς

342 5227 491 5269 τινος
538 5209 629 5262 καὶ
704 5204 979 5281 θυμηδίας
1031 5213 1405 5280 πνευματικῆς
1451 5204 1671 5281 ᾔσθετο,
1726 5212 1795 5282 τῇ
1828 5207 1992 5262 αὑτοῦ

337 5296 720 5370 ἐμπνευσάσης
776 5294 992 5369 καρδίᾳ,
1055 5295 1166 5365 καὶ,
1221 5291 1405 5360 ἔνθους
1456 5295 1637 5372 ὥσπερ
1705 5295 1993 5371 γενόμενος

336 5387 446 5456 τὴν
470 5387 678 5461 ψυχὴν,
712 5385 958 5442 ἐκέλευσε
987 5392 1180 5450 θᾶττον
1215 5385 1518 5462 εἰσαγαγεῖν
1540 5385 1630 5440 τὸν
1670 5383 1856 5461 ἃνδρα,

423 5604 550 5678 (81)
580 5606 648 5674 Α,
675 5599 889 5657 συνετόν
919 5621 978 5657 σε
1005 5600 1096 5656 καὶ
1135 5599 1353 5676 ν.βλ.ἃ.

2101 4609 2176 4648 ne
2207 4589 2352 4644 mihi
2375 4587 2634 4658 lapidem
2667 4585 2966 4652 ostendas,
2991 4583 3283 4656 siquidem
3309 4580 3583 4653 plurimis
3603 4595 3742 4650 pec-

2100 4681 2246 4737 catis
2277 4678 2392 4733 vita
2421 4693 2554 4731 mea
2585 4676 2896 4747 inquinata
2927 4680 3033 4738 est,
3052 4677 3418 4743 acpraeterea
3440 4686 3513 4724 ne
3539 4667 3744 4722 oculos

2101 4767 2343 4840 quidem
2366 4766 2508 4821 satis
2532 4781 2709 4820 sanos
2743 4764 2950 4818 habeo.
2987 4765 3065 4816 De
3089 4762 3200 4816 hac
3230 4765 3426 4814 autem
3457 4774 3519 4812 re
3556 4756 3748 4810 domi-

2101 4875 2245 4913 num
2259 4873 2458 4912 meum
2483 4872 2680 4928 regem
2695 4855 3005 4910 certiorem
3026 4853 3219 4906 facere
3243 4849 3489 4905 minime
3512 4850 3753 4902 cuncta-

2143 4965 2228 5002 or.
2278 4949 2396 5001 Hoc
2427 4960 2702 5000 sermone
2750 4944 2972 5010 habito,
3029 4942 3102 4996 ad
3150 4941 3304 5012 regis
3375 4938 3568 4993 illium
3650 4935 3740 4989 in-

2101 5053 2358 5109 gressus,
2379 5034 2578 5090 omnia
2595 5035 2646 5088 ei
2665 5033 2969 5106 sigillatim
2991 5030 3281 5102 exposuit.
3323 5027 3428 5082 Ille
3461 5030 3660 5081 autem
3685 5029 3751 5078 ut

2101 5124 2480 5197 praeceptoris
2508 5123 2682 5177 verba
2704 5117 3246 5191 audivit,spirituali
3268 5117 3523 5189 quadam
3544 5113 3752 5169 laetitia

2103 5220 2161 5270 et
2181 5215 2477 5286 voluptate
2500 5219 2704 5286 pectus
2749 5229 2923 5267 suum
2980 5208 3172 5264 afflari
3215 5207 3438 5273 sensit;
3483 5221 3550 5260 ac
3593 5202 3755 5257 velut

2102 5305 2350 5361 numine
2390 5308 2718 5375 correptus,
2770 5301 3075 5358 hominem
3123 5297 3398 5354 celeriter
3455 5291 3752 5349 introduci

2096 5395 2298 5467 jussit.
