4042 6154
297 290 402 347 899

369 411 637 485 Utigitur
652 409 954 482 ingressus
985 410 1074 462 est
1102 403 1572 474 Barlaam,eique
1604 418 1781 474 quam
1798 418 1931 458 con-
1960 406 2013 471 Α

288 502 561 557 veniebat
589 514 795 571 pacem
833 496 1014 561 dedit,
1065 494 1270 550 sedere
1299 494 1503 563 jussus
1526 497 1631 547 est.
1666 494 1928 562 Cumque

290 596 616 663 praeceptor
637 584 1286 653 secessisset,Josaphat
1316 582 1389 636 ad
1421 597 1620 636 senem
1635 581 1810 635 dixit:
1832 581 1931 634 Ve-

292 681 395 735 lim
417 679 562 733 mihi
586 677 912 748 pretiosum
938 673 1104 727 illum
1124 672 1380 741 lapidem
1413 670 1709 732 ostendas,
1728 670 1797 723 de
1815 685 1930 739 quo

291 785 503 840 magna
522 773 577 820 et
591 764 940 820 admiranda
953 762 1056 815 abs
1072 767 1124 814 te
1138 759 1586 814 commemorari
1604 763 1931 828 przeceptor

290 874 457 912 meus
474 855 615 908 mihi
641 852 917 907 narravit.
960 850 1225 903 Barlaam
1271 854 1465 903 autem
1491 864 1657 901 suam
1689 847 1762 900 ad
1795 863 1931 901 eum

289 944 747 1015 disputationem
763 940 831 994 ad
850 941 1004 993 hunc
1020 938 1259 991 modum
1275 937 1609 1007 auspicatus
1626 935 1933 989 estzllaud-

288 1048 587 1105 quaquam
611 1046 846 1100 aaquum
873 1034 1019 1093 est,o
1051 1043 1173 1091 rex,
1206 1027 1280 1080 ad
1312 1026 1605 1080 illustrem
1638 1029 1799 1078 tuam
1832 1041 1925 1077 ex-

287 1121 629 1177 cellentiam
648 1118 970 1189 quidquam
993 1115 1140 1169 falso
1160 1120 1216 1169 et
1237 1114 1670 1169 inconsiderate
1688 1130 1827 1167 ame
1843 1113 1930 1167 di-

288 1209 579 1264 ci.0mnia
592 1208 750 1261 enim
764 1222 892 1275 quas
909 1204 977 1258 de
994 1220 1085 1257 me
1100 1204 1172 1257 ad
1189 1210 1242 1256 te
1267 1204 1445 1257 allata
1457 1209 1738 1257 suntvera
1752 1208 1928 1271 atque

287 1297 359 1351 ab
382 1296 541 1350 omni
575 1293 942 1348 dubitatione
965 1291 1161 1345 aliena
1192 1298 1348 1344 sunt.
1387 1292 1597 1344 Verum
1633 1290 1749 1344 nisi
1779 1306 1927 1360 pru-

285 1387 502 1443 dentia:
527 1392 639 1441 tuae
663 1386 824 1456 prius
848 1383 1177 1454 periculum
1213 1381 1427 1448 fecero,
1457 1382 1623 1435 nefas
1675 1387 1763 1435 est
1819 1381 1928 1435 hoc

285 1476 633 1547 mysterium
656 1474 761 1527 tibi
787 1472 1211 1527 declarare.Ait
1243 1472 1403 1525 enim
1421 1471 1703 1525 Dominus
1723 1486 1925 1545 meus:

284 1566 437 1619 Exiit
460 1564 559 1634 qui
587 1563 841 1617 seminat
873 1561 1187 1616 seminare.
1228 1562 1296 1613 Et
1329 1560 1468 1613 dum
1503 1559 1776 1625 seminat,
1810 1558 1927 1613 alia

285 1653 523 1724 quidem
547 1652 889 1706 ceciderunt
920 1667 1089 1704 secus
1110 1650 1352 1713 viam,et
1381 1649 1650 1702 volucres
1676 1647 1805 1701 coeli
1835 1664 1926 1701 co-

282 1741 596 1795 mederunt
628 1741 748 1795 illa.
794 1740 923 1794 Alia
954 1738 1297 1793 ceciderunt
1326 1754 1506 1808 super
1535 1743 1790 1807 petrosa,
1826 1736 1925 1790 ubi

284 1847 403 1884 non
421 1836 546 1884 erat
569 1836 724 1884 terra
747 1829 951 1890 multa,
988 1833 1045 1883 et
1066 1826 1379 1881 confestim
1406 1831 1607 1880 exorta
1637 1828 1797 1890 sunt,
1858 1840 1926 1879 eo

284 1919 439 1990 quod
460 1936 579 1973 non
594 1919 881 1974 baberent
906 1924 1124 1972 terram
1149 1917 1553 1971 multam.Sole
1577 1932 1710 1969 vero
1727 1920 1926 1969 exorto

282 2014 696 2071 eestuaverunt,
739 2014 796 2061 et
818 2008 957 2079 quia
988 2024 1107 2061 non
1130 2005 1429 2061 habebant
1448 2006 1728 2071 radicem,
1755 2020 1926 2059 arue-

282 2097 577 2150 runt.Alia
606 2102 803 2149 autem
836 2096 1179 2150 ceciderunt
1202 2096 1356 2148 inter
1377 2094 1667 2164 spinas,et
1688 2109 1927 2164 surgen-

285 2190 371 2239 tes
388 2185 570 2254 spinze
586 2183 1258 2238 suifocaveruntea.Alia
1273 2188 1571 2253 postremo
1587 2182 1929 2236 ceciderunt

283 2274 344 2326 in
366 2278 581 2327 terram
605 2273 843 2338 bonam,
892 2279 949 2325 et
971 2272 1261 2326 dederunt
1300 2271 1555 2324 fructum
1580 2270 1924 2340 centuplum

280 2362 498 2429 (Matth.
532 2368 675 2423 xm).
701 2361 983 2425 Quocirca
1001 2361 1047 2413 si
1082 2360 1141 2413 in
1174 2358 1348 2414 corde
1382 2365 1480 2413 tuo
1502 2358 1925 2429 frugiferamac

280 2448 497 2505 bonam
522 2455 738 2505 terram
763 2449 1330 2515 invenero,divinum
1357 2449 1705 2502 semeninte
1737 2447 1923 2517 conji-

282 2545 627 2609 cere,atque
662 2539 868 2610 ingens
902 2538 1249 2609 mysterium
1275 2537 1377 2590 tibi
1410 2537 1638 2607 aperire
1672 2536 1923 2590 minime

279 2627 645 2682 dubitabo.Si
677 2634 873 2682 autem
898 2633 1134 2696 petrosa
1155 2642 1224 2680 ea
1254 2631 1311 2680 et
1340 2626 1549 2696 spinea
1577 2626 1775 2691 fuerit,
1803 2624 1917 2678 via-

280 2734 392 2786 que
423 2734 456 2771 a
489 2716 754 2787 quolibet
772 2716 1263 2781 calcata,omnino
1291 2715 1546 2769 salutare
1571 2715 1682 2768 hoc
1715 2730 1919 2768 semen

278 2806 736 2876 haudquaquam
761 2806 1297 2874 serere,ipsumque
1312 2804 1512 2858 avibus
1528 2809 1586 2857 et
1614 2804 1920 2869 feris,ante

278 2910 423 2964 quas
444 2895 790 2965 margaritas
813 2893 1103 2963 projicere
1119 2893 1261 2946 mihi
1281 2909 1523 2963 prorsus
1540 2892 1919 2945 interdictum

277 2988 385 3048 est,
414 2983 475 3036 in
501 2982 763 3052 prmdam
814 2983 1071 3053 objicere
1121 2981 1483 3052 praestiterit.
1516 2982 1726 3034 Verum
1758 2980 1829 3034 de
1864 2985 1919 3033 te

274 3071 788 3125 melioraacsaluti
814 3071 1099 3125 viciniora
1121 3070 1354 3125 confido
1381 3086 1393 3124 ;
1424 3085 1639 3139 nempe
1672 3070 1830 3139 quod
1862 3073 1922 3123 et

273 3159 529 3230 lapidem
549 3160 647 3229 qui
680 3161 935 3231 pretium
954 3176 1127 3214 omne
1162 3165 1400 3230 superat
1429 3159 1674 3218 videbis.
1709 3175 1775 3213 ac
1808 3176 1912 3229 per

272 3248 514 3303 luminis
538 3249 723 3318 ipsius
748 3248 1125 3319 splendorem
1159 3248 1267 3302 hoc
1299 3248 1915 3317 consequeris,utipse

276 3353 513 3407 quoque
546 3337 745 3389 lumen
778 3336 1078 3401 efﬁciaris,
1140 3335 1516 3405 fructumque
1566 3336 1914 3405 centuplum

273 3424 451 3479 feras.
478 3424 707 3478 Etenim
766 3430 866 3479 tua
919 3441 1093 3479 causa
1133 3424 1368 3496 longam
1419 3424 1569 3478 viam
1618 3425 1912 3479 conficere

276 3512 493 3578 studui,
526 3518 740 3582 utquae
776 3529 1083 3583 nunquam
1116 3513 1331 3579 vidisti,
1357 3512 1460 3565 tibi
1512 3512 1908 3577 ostenderem,

270 3606 446 3672 atque
480 3617 548 3655 ea.
577 3600 851 3656 docerem
878 3619 1008 3672 qua:
1040 3617 1348 3672 nunquam
1380 3601 1620 3656 audisti.

339 3799 709 3853 Dixitautem
744 3798 817 3853 ad
852 3815 986 3853 eum
1017 3800 1297 3870 Josaphat
1322 3798 1636 3868 :Equidem
1662 3798 1909 3869 ipse.ve-

268 3887 532 3942 nerande
555 3886 1095 3944 senex.incredibili
1121 3888 1581 3957 quodamatque
1596 3887 1909 3957 ejusmodi,

272 3975 432 4046 quod
458 3976 620 4030 nullo
646 3976 818 4030 modo
843 3976 1102 4030 coerceri
1127 3982 1323 4046 queat,
1356 3976 1651 4030 desiderio
1686 3983 1909 4043 teneor,

270 4081 486 4119 novum
504 4066 819 4134 quemdam
834 4082 900 4119 ac
922 4065 1143 4119 bonum
1161 4081 1494 4118 sermonem
1512 4065 1913 4119 audiendi.At—

267 4168 381 4222 que
405 4153 556 4224 ignis
584 4155 644 4207 in
670 4161 903 4224 pectore
928 4170 1059 4208 meo
1112 4154 1389 4207 incensus
1414 4158 1519 4213 est,
1548 4152 1647 4222 qui
1696 4168 1789 4205 me
1840 4153 1911 4207 ad

266 4242 923 4313 necessariasquasdam
942 4243 1299 4313 qumstiones
1314 4241 1729 4314 intelligendas
1744 4242 1913 4296 vehe-

265 4334 496 4383 menter
527 4330 1182 4385 inﬂammat.Cazterum
1218 4331 1409 4385 adhuc
1434 4330 1731 4385 hominem
1760 4348 1908 4385 nan-

262 4418 401 4472 cisci
426 4417 573 4471 mihi
606 4434 723 4472 non
750 4419 936 4484 licuit,
986 4420 1085 4488 qui
1136 4419 1205 4473 de
1240 4420 1349 4473 hac
1389 4436 1451 4473 re
1506 4425 1727 4473 certam
1760 4420 1903 4474 mihi

1808 281 1850 330 Δ
1863 280 2171 336 ΟΒΕΝΟΑ.

3574 273 3685 331 900

2113 402 2201 465 Ὠς
2256 400 2347 457 οὗν
2408 399 2657 473 εἶσῆλθεν
2704 400 2732 457 6
2787 400 3076 475 Βαρλαάμ,
3125 396 3213 453 καὶ
3276 394 3503 453 δέδωκεν
3534 396 3682 471 αὖτῷ

2040 493 2136 559 τὴν
2198 494 2503 566 πρέπουσαν
2555 492 2775 567 εἰρήνην
2801 493 2937 563 (82),
2999 489 3281 561 ἐπέτρεψεν
3342 486 3500 542 αὐτὸν
3550 498 3680 550 καθ-

2042 585 2278 650 εσθῆναι,
2312 584 2426 647 καὶ,
2455 586 2551 636 τοῦ
2580 579 2935 655 παιδαγωγοῦ
2998 580 3485 652 ὑποχωρήσαντος,
3537 576 3680 652 λέγει

2042 672 2069 725 6
2096 674 2195 728 39
2226 671 2457 749 Ἰωάσαφ
2486 676 2565 742 τῷ
2593 673 2826 747 γέροντι·
2862 666 3164 740 ’Υπόδειξόν
3207 687 3298 738 μοι
3355 665 3446 719 τὸν
3506 664 3683 720 πολύ-

2039 781 2198 831 τιμον
2261 759 2434 828 λίθον,
2491 760 2612 835 περὶ
2694 758 2755 814 οὗ
2817 756 3025 833 μεγάλα
3079 755 3200 809 τινὰ
3255 754 3343 809 καὶ
3403 755 3684 827 θαυμαστά

2081 851 2220 921 έγειν
2279 871 2335 904 σε
2396 852 2423 905 ὁ
2481 848 2612 922 ἐμὸς
2695 846 3045 923 παιδαγωγὸς
3131 844 3453 919 διηγήσατο,
3512 846 3569 897 '0
3628 842 3684 899 δὲ

2042 938 2309 1011 Βαρλαάμ
2367 938 2537 1000 οὕτως
2595 939 2873 1009 ἀπήρξατο
2927 943 3029 1003 τῆς
3082 934 3217 1008 πρὸς
3286 933 3447 987 αὐτὸν
3498 930 3683 988 διαλέ-

2040 1028 2187 1098 ξεως”
2224 1027 2301 1083 Οὐ
2347 1025 2552 1082 δίκαιόν
2599 1026 2763 1095 ἐστιν,
2815 1027 2858 1079 ὦ
2920 1023 3163 1101 βασιλεῦ,
3224 1020 3438 1096 ψευδῶς
3487 1042 3537 1074 τι
3592 1022 3681 1077 καὶ

2040 1115 2439 1190 ἀπερισκέπτως
2470 1118 2604 1192 πρὸς
2628 1118 2690 1171 τὸ
2744 1112 3005 1189 ὑπερέχον
3066 1119 3166 1182 τῆς
3216 1118 3315 1181 σῆς
3375 1108 3537 1181 δόξης
3588 1108 3673 1165 λέ-

2036 1226 2144 1278 γειν
2210 1224 2294 1277 με’
2355 1207 2526 1260 πάντα
2576 1206 2676 1281 γὰρ
2724 1206 2792 1259 τὰ
2850 1202 3165 1273 δηλωθέντα
3221 1221 3306 1255 σοι
3364 1202 3493 1274 παρ’
3548 1199 3678 1272 ἐμοῦ

2038 1294 2219 1364 ἀληθῆ
2251 1293 2351 1348 εἶσι
2405 1296 2491 1349 καὶ
2548 1294 2942 1367 ἀναμφίλεκτα.
3004 1290 3183 1358 Ἀλλ’,
3227 1289 3273 1344 εἰ
3311 1291 3384 1363 μή
3418 1291 3678 1363 πρότερον

2039 1382 2271 1457 δοκιμήν
2303 1392 2404 1453 τῆς
2436 1391 2532 1453 σῆς
2566 1380 2720 1439 λαϐω
2750 1385 3080 1461 φρονήσεως,
3102 1380 3162 1435 οὐ
3192 1379 3345 1453 θέμις
3375 1381 3438 1435 τὸ
3473 1382 3684 1453 μυστή-

2038 1494 2151 1547 ριον
2181 1474 2485 1550 φανερῶσαί
2518 1494 2621 1529 σοι.
2656 1472 2799 1543 Φησῖ
2833 1474 2938 1546 γάρ
2990 1472 3017 1525 6
3075 1469 3204 1541 ἐμὸς
3238 1470 3509 1537 Δεσπότης
3545 1472 3681 1542 (83)*

2038 1563 2290 1634 Ἐξῆλθεν
2326 1563 2353 1616 ὁ
2387 1562 2616 1634 σπείρων
2675 1566 2769 1616 τοῦ
2829 1565 3044 1629 σπεῖραι
3102 1559 3193 1612 τὸν
3256 1558 3451 1632 σπόρον
3485 1557 3678 1611 αὐτοῦ’

2032 1652 2119 1706 καὶ
2182 1651 2233 1705 ἐν
2275 1656 2353 1724 τῷ
2385 1651 2616 1723 σπείρειν
2676 1649 2858 1719 αὐτὸν,
2918 1645 2952 1703 ἅ
3010 1648 3103 1721 μὶν
3164 1643 3318 1701 ἔπεσε
3373 1646 3523 1720 παρά
3576 1647 3680 1716 τὴν

1956 1773 2002 1837 Β
2037 1736 2182 1804 ὁδὸν,
2214 1739 2302 1793 καὶ
2334 1737 2473 1807 ἦλθε
2504 1740 2569 1793 τὰ
2598 1738 2812 1792 πετεινά
2858 1737 2947 1791 καὶ
3006 1734 3301 1808 κατέφαγεν
3342 1732 3492 1788 αὐτά·
3528 1731 3677 1789 ἃλλα

2037 1826 2093 1883 δὲ
2124 1826 2277 1882 ἔπεσε
2306 1827 2451 1901 παρά
2480 1828 2547 1882 τά
2575 1824 2850 1899 πετρώδη,
2885 1823 3021 1879 ὅπου
3065 1824 3169 1878 οὐκ
3223 1824 3338 1897 εἶχε
3392 1829 3495 1896 γῆν
3537 1821 3678 1876 πολ-

2036 1916 2161 1985 λὴν,
2192 1916 2282 1971 καὶ
2313 1916 2506 1977 εὐθέως
2536 1911 2857 1983 ἐϐλάστησε,
2920 1911 3010 1967 διὰ
3064 1912 3125 1965 τὸ
3189 1913 3261 1983 μή
3323 1909 3469 1985 ἔχειν
3518 1912 3682 1985 βάθος

2034 2014 2160 2082 γῆς,
2194 2007 2355 2075 ἡλίου
2381 2005 2437 2061 δὲ
2466 2005 2848 2065 ἀνατείλαντος
2883 2002 3278 2074 ἐκαυματίσθη,
3327 1998 3439 2067 καί,
3499 1998 3587 2054 διὰ
3616 2001 3680 2055 τὸ

2039 2097 2113 2168 μή
2146 2093 2290 2170 ἔχειν
2326 2095 2497 2170 ῥίζαν,
2541 2094 2827 2165 ἐξηράνθη·
2888 2089 3033 2146 ἄλλα
3084 2088 3141 2145 δὲ
3199 2088 3380 2145 ἔπεσεν
3436 2087 3520 2144 ἐπὶ
3582 2091 3682 2151 τάς

2034 2184 2285 2252 ἀκάνθας,
2340 2186 2427 2238 καὶ
2486 2179 2749 2252 ἀνέϐησαν
2810 2182 2864 2235 αἱ
2918 2181 3140 2243 ἃκανθαι
3220 2180 3311 2234 καὶ
3386 2176 3683 2248 ἀπέπνιξαν

2032 2272 2182 2327 αὐτά·
2218 2272 2363 2328 ἄλλα
2393 2271 2448 2326 δὲ
2506 2272 2689 2326 ἔπεσεν
2747 2270 2836 2325 ἐπὶ
2883 2271 2984 2339 τὴν
3040 2276 3143 2345 γῆν
3200 2270 3300 2335 τήν
3358 2269 3559 2337 καλὴν,
3590 2266 3683 2322 καὶ

2033 2360 2210 2417 ἐδίδου
2301 2363 2505 2437 καρπὸν
2582 2359 3022 2416 ἐκατοστεόοντα.
3088 2359 3156 2415 Εἴ
3214 2359 3308 2430 μὲν
3385 2356 3475 2411 οὖν
3577 2364 3680 2431 γῆν

2030 2451 2169 2526 εὕρω
2202 2450 2252 2505 ἐν
2276 2455 2344 2525 τῇ
2376 2449 2571 2524 καρδίᾳ
2601 2472 2697 2504 σου
2741 2450 3094 2525 καρποφόρον
3150 2447 3239 2502 καὶ
3298 2447 3521 2523 ἀγαθὴν,
3578 2448 3683 2501 οὐκ

2034 2540 2249 2610 ὀκνήσω
2277 2541 2370 2594 τὸν
2400 2542 2545 2594 θεῖον
2603 2535 2805 2613 σπόρον
2867 2538 3196 2614 ἐμφυτεῦσαί
3231 2557 3314 2591 σοι
3372 2543 3463 2590 καὶ
3522 2556 3685 2614 φανε-

2030 2634 2201 2703 ρῶσαι
2226 2632 2289 2684 τὸ
2352 2629 2485 2704 μέγα
2548 2631 2868 2703 μυστήριον
2904 2627 2949 2682 εἰ
3011 2624 3067 2681 δὲ
3096 2624 3386 2701 πετρώδης
3420 2622 3555 2695 αὕτη
3588 2628 3681 2680 καὶ

2029 2717 2347 2788 ἀκανθώδης
2404 2718 2511 2774 ἐστὶ
2567 2722 2656 2773 καὶ
2716 2716 2840 2779 ὁδὸς
2873 2717 3187 2789 πατουμένη
3240 2721 3318 2787 τῷ
3352 2714 3683 2791 βουλομένῳ

2028 2809 2209 2877 παντὶ,
2242 2813 2484 2884 κρεῖττον
2518 2806 2782 2880 μηδόλως
2807 2804 2996 2861 τοῦτον
3031 2803 3097 2875 δὴ
3153 2806 3242 2859 τὸν
3274 2807 3548 2875 σωτήριον
3578 2826 3680 2860 κα-

2029 2893 2283 2951 ταϐαλεῖν
2320 2898 2521 2971 σπόρον
2552 2895 2640 2951 καὶ
2702 2895 2777 2956 εἷς
2810 2894 3116 2969 διαρπαγὴν
3150 2894 3308 2948 αὐτὸν
3363 2899 3531 2957 θεῖναι
3560 2899 3678 2954 τοῖς

2027 2991 2292 3047 πετεινοῖς
2324 2985 2412 3039 καὶ
2446 2984 2683 3059 θηρίοις,
2717 2986 2789 3037 ῶν
2851 2982 3155 3057 ἔμπροσθεν
3191 2980 3337 3042 ὅλως
3374 2984 3448 3055 μὴ
3485 2981 3670 3057 βαλεῖν

2025 3077 2152 3137 τοὺς
2187 3076 2522 3151 μαργαρίτας
2573 3074 2896 3139 ἐντέταλμαι
2957 3076 3093 3147 (84).
3153 3071 3331 3128 Ἀλλὰ
3374 3072 3674 3145 πέπεισμαι

2024 3169 2125 3223 40
2184 3166 2307 3239 περὶ
2363 3169 2458 3219 σοῦ
2510 3166 2576 3218 τά
2632 3162 2911 3238 κρείττονα
2967 3162 3057 3217 καὶ
3110 3162 3343 3237 ἐχόμενα
3373 3160 3671 3234 σωτηρίας,

2023 3253 2218 3309 δτικαὶ
2251 3255 2342 3308 τὸν
2375 3253 2530 3307 λίθον
2574 3252 2693 3327 ὄψει
2749 3252 2841 3307 τὸν
2904 3253 3193 3324 ἀτίμητον,
3246 3251 3331 3306 καὶ
3386 3254 3453 3323 τῇ
3497 3247 3671 3324 αἴγλῃ

2021 3348 2116 3397 τοῦ
2148 3344 2327 3420 φωτὸς
2361 3342 2525 3398 αὐτοῦ
2557 3346 2673 3419 φῶς
2702 3340 2793 3397 καὶ
2848 3341 3008 3402 αὐτὸς
3071 3342 3347 3413 ἀξιωθήσῃ
3401 3338 3672 3414 γενέσθαι,

2021 3433 2106 3487 καὶ
2143 3433 2346 3505 καρπὸν
2407 3432 2633 3505 ἐνέγκῃς
2693 3431 3113 3486 ἐκατοστεῦοντα
3144 3432 3275 3501 (85).
3312 3429 3408 3483 Διά
3463 3429 3519 3483 σε
3566 3428 3670 3501 γὰρ

2021 3516 2174 3596 ἔργον
2235 3521 2433 3594 ἐθέμην
2494 3521 2584 3575 καὶ
2648 3519 2857 3595 μακρὰν
2920 3517 3146 3589 διήνυσα
3204 3516 3351 3586 ὁδὸν,
3404 3518 3499 3572 τοῦ
3535 3518 3671 3573 ὑπο-

2022 3609 2189 3683 δεῖξαί
2223 3632 2305 3665 σοι
2340 3606 2375 3664 ἄ
2401 3608 2510 3684 οὐχ
2538 3608 2778 3685 ἑώρακας
2836 3609 3058 3664 πώποτε
3115 3607 3205 3662 καὶ
3261 3605 3471 3678 διδάξαι
3505 3607 3538 3660 ἅ
3567 3606 3671 3661 οὐκ

2023 3699 2282 3767 ἀκήκοας.

2112 3808 2228 3860 Εἴπε
2287 3802 2343 3859 δέ
2398 3804 2534 3879 πρὸς
2591 3804 2751 3858 αὐτὸν
2805 3804 2833 3858 6
2900 3805 3129 3879 Ἰωάσαφ
3189 3804 3323 3875 (86)'
3368 3801 3508 3877 Ἐγὼ
3546 3802 3666 3875 μὶν,

2019 3890 2292 3966 πρεσϐύτα
2348 3893 2519 3966 τίμιε,
2570 3894 2724 3966 πόθῳ
2780 3891 2883 3946 τινὶ
2942 3893 3030 3947 καὶ
3091 3887 3252 3966 ἔρωτι
3311 3891 3673 3966 ἀκατασχέτῳ

2022 3988 2167 4052 ζητῶ
2198 3981 2361 4058 λόγον
2392 3983 2614 4037 ἀκοῦσαι
2674 3981 2859 4037 καινόν
2889 4003 3011 4037 τινα
3062 3982 3148 4036 καὶ
3185 3982 3403 4055 ἀγαθὸν,
3438 3981 3527 4035 καὶ
3561 3985 3671 4056 πῐὶρ

2019 4070 2229 4128 ἔνδοθεν
2264 4071 2315 4126 ἐν
2353 4076 2419 4145 τῇ
2452 4069 2647 4143 καρδίᾳ
2681 4093 2785 4144 μου
2847 4071 3162 4126 ἐκκέκαυται
3222 4069 3412 4133 δεινῶς
3467 4071 3671 4147 φλέγον

2022 4182 2088 4234 με
2118 4160 2207 4215 καὶ
2264 4166 2569 4235 παρορμῶν
2635 4164 2819 4234 μαθεῖν
2880 4160 3169 4235 ἀναγκαίας
3226 4160 3372 4221 τινάς
3430 4162 3672 4229 συζητή-

2019 4268 2148 4311 σεις·
2186 4251 2282 4304 οὐκ
2322 4245 2516 4323 ἔτυχον
2577 4246 2632 4304 δὲ
2670 4250 2833 4324 μέχρι
2864 4254 2961 4303 τοῦ
3019 4254 3110 4303 νῦν
3165 4249 3451 4324 ἀνθρώπου
3507 4246 3672 4303 δονα-

2021 4340 2184 4411 μένου
2225 4339 2652 4415 πληροφορῆσαί
2715 4361 2782 4411 με
2838 4338 2961 4410 περὶ
3016 4337 3246 4394 τούτων.
3308 4336 3375 4394 Ei’
3425 4334 3480 4391 δὲ
3509 4338 3668 4411 τύχω

2018 4431 2186 4502 σοφοῦ
2237 4428 2386 4488 τινὸς
2453 4427 2541 4482 καὶ
2600 4426 2988 4500 ἐπιστήμονος,
3046 4426 3135 4481 καὶ
3192 4426 3414 4481 ἀκούσω
3494 4427 3662 4497 Λόγον

265 4505 444 4560 ﬁdem
468 4505 657 4559 facere
690 4512 906 4575 posset.
932 4507 1092 4571 Quod
1126 4508 1172 4561 si
1206 4508 1533 4576 sapientem
1567 4508 1905 4575 quemdam,

2034 4516 2315 4588 τωτηρίας,
2349 4515 2471 4569 οὕτε
2496 4521 2788 4585 πετεινοῖς,
2848 4517 2921 4577 ὡς
2955 4517 3133 4586 οἴμαι,
3182 4515 3370 4569 τοῦτον
3417 4510 3655 4579 ἐκδώσω,

264 4598 321 4648 et
343 4593 613 4648 doctrina
632 4593 945 4663 praeditum
979 4594 1165 4647 virum
1200 4600 1410 4648 nactus
1440 4595 1625 4658 fuero,
1652 4610 1718 4647 ac
1751 4596 1906 4648 salu-

262 4688 447 4737 tarem
483 4699 816 4737 sermonem
833 4681 1215 4745 audiero,nec
1233 4682 1529 4747 avibus,ut
1559 4682 1907 4751 opinor,nec

262 4770 402 4825 feris
435 4789 569 4826 eum
590 4771 814 4826 tradam
843 4789 854 4838 ;
883 4788 991 4825 nec
1014 4786 1250 4824 rursum
1276 4775 1545 4839 petrosus
1569 4776 1625 4823 et
1647 4771 1907 4840 spineus,

262 4865 328 4913 ut
348 4861 465 4915 tuis
490 4861 683 4916 verbis
707 4867 859 4925 utar,
896 4876 1016 4915 ero.
1049 4859 1200 4924 Quin
1234 4858 1429 4929 potius
1461 4865 1519 4912 et
1561 4859 1811 4915 candido
1843 4876 1909 4915 ac

265 4949 494 5005 sincero
514 4951 713 5006 animo
730 4967 865 5005 eum
881 4950 1256 5021 excipiam,et
1272 4948 1499 5004 erudite
1514 4965 1580 5005 ac
1594 4948 1912 5022 diligenter

2019 4604 2141 4657 οὔτε
2183 4603 2420 4677 θηρίοις,
2482 4604 2604 4659 οὕτε
2663 4606 2768 4677 μὴν
2826 4601 3112 4678 πετρώδης
3169 4605 3503 4678 φανήσομαι,
3587 4600 3661 4661 ὡς

2018 4688 2171 4769 ἔφης,
2205 4694 2326 4747 οὕτε
2366 4692 2708 4763 ἀκανθώδης,
2760 4692 2904 4749 ἀλλὰ
2956 4694 3043 4747 καὶ
3105 4692 3465 4767 εὐγνωμόνως
3508 4688 3665 4760 δέξο-

2024 4776 2238 4846 μαικαῖ
2274 4773 2581 4849 εἷδημόνως
2637 4778 2883 4851 τηρήσω.
2944 4774 3017 4829 Σὺ
3078 4773 3154 4845 δέ,
3214 4774 3267 4828 εἶ’
3310 4794 3361 4827 τι
3415 4777 3665 4827 τοιοῦτον

2021 4862 2320 4933 ἐπίστασαι,
2360 4867 2434 4938 μή
2469 4863 2771 4939 διακρῦῲῃς
2832 4861 2923 4919 ἄπ’
2975 4864 3133 4937 ἐμοῦ,
3167 4863 3292 4919 ἀλλ’
3343 4860 3669 4936 ἀνάγγειλόν

2023 4973 2138 5026 μοι.
2172 4955 2260 5016 Ὡς
2288 4955 2390 5032 γὰρ
2446 4954 2654 5023 ἥκουσα
2712 4954 2769 5009 ἐκ
2831 4960 3039 5028 μακρᾶς
3098 4954 3377 5032 ἀφικέσθαι
3428 4971 3485 5005 σε
3533 4957 3668 5025 γῆς,

336 5163 447 5243 (ϐξ)
469 5161 928 5243 Εἶρήνηνηδοῦναι
951 5162 1209 5220 formula
1229 5169 1318 5219 est
1345 5162 1640 5219 salutandi
1664 5165 1917 5222 oriental

2034 5168 2159 5224 Vid.
2192 5169 2440 5243 Raphel.
2492 5170 2566 5227 ad
2622 5172 2786 5227 Joan.
2821 5186 2935 5239 nv,
2967 5173 3057 5239 27,
3115 5168 3217 5224 ubi
3256 5168 3495 5239 frustra,
3518 5171 3666 5238 puto

260 5234 459 5289 Grotio
483 5236 930 5291 contradicitur.

327 5307 432 5373 (83)
458 5308 722 5363 Christus
757 5309 913 5378 apud
946 5307 1283 5363 Mattheeum
1322 5324 1454 5371 xm;
1492 5308 1624 5364 Luc.
1652 5326 1779 5375 vnn;
1813 5311 1983 5364 Mars.
2023 5327 2090 5365 iv.

328 5379 439 5461 (8%)
472 5381 615 5465 elota
637 5377 852 5467 Christi
886 5380 1061 5463 verba
1091 5379 1244 5467 apud
1278 5378 1617 5433 Matthazum
1650 5397 1744 5443 vn,
1776 5381 1809 5435 6
1845 5382 1921 5435 :M

2041 5385 2145 5435 ῶτε
2172 5383 2236 5437 τὸ
2270 5382 2424 5458 ἅγιον
2453 5389 2570 5446 τοῖς
2599 5384 2746 5457 κυσὶ,
2785 5381 2925 5456 μηδὲ
2985 5383 3192 5458 βάλητε
3220 5379 3347 5442 τοὺς
3385 5377 3672 5455 μαργαρί-

256 5466 350 5507 τα,
386 5443 537 5514 ὑμῶν
569 5443 871 5520 ἔμπροσθεν
904 5454 1011 5503 τῶν
1046 5443 1279 5523 χοίρων.

477 5518 713 5603 Lemma
744 5518 1155 5603 metricum'in'
1257 5518 1612 5603 :llpéﬁ‘égqtc
1633 5518 1739 5603 ὧδε
1761 5520 1921 5603 Bap}:

2034 5526 2232 5603 egon;
2264 5524 2439 5584 πέλει.

334 5591 447 5665 (86)
478 5593 717 5653 Lemma
744 5594 1059 5656 metricum
1086 5594 1148 5652 in
1172 5596 1258 5651 A:
1292 5590 1467 5668 Ἀ’ρχὴ
1501 5590 1679 5672 λόγων
1712 5592 1921 5649 ἐνταῦθα

2034 5599 2051 5650 3
2084 5590 2338 5676 Ἰὼάσαφ.
