4042 6154
333 284 435 340 901

1500 294 1672 348 VlTA
1708 295 2060 350 BARLAAM
2093 296 2188 351 ET
2223 296 2569 351 JOASAPH.

3620 298 3730 356 902

330 408 472 479 ἥσθη
511 430 616 483 μου
646 411 680 480 ἡ
709 411 883 484 ψυχὴ,
939 411 1030 468 καὶ
1090 412 1309 477 εὔελπις
1357 411 1603 490 ἒγενόμεν
1639 413 1728 470 διὰ
1756 420 1852 470 σοῦ
1880 421 1970 472 τοῦ

2090 421 2474 476 conservabo.
2501 421 2586 476 Tu
2613 437 2748 476 vero
2799 420 2848 478 si
2897 422 3030 494 quis
3080 421 3373 494 ejusmodi
3423 425 3598 495 nosti,
3647 445 3722 482 ne

333 499 675 570 ποθουμένου
730 498 1046 576 ἐπιτυχεῖν.
1109 503 1206 558 Διά
1259 507 1418 558 τοῦτο
1475 505 1564 559 καὶ
1624 509 1812 568 θᾶττον
1864 505 1976 559 εἱσ-

335 588 544 664 ἡγαγόν
579 609 634 643 σε
663 591 798 660 πρός
841 611 906 664 με
954 591 1042 646 καὶ
1099 597 1418 667 προστηνῶς
1463 593 1745 667 ἐδεξάμην,
1798 593 1980 668 ὥσπερ

333 679 456 732 τινὰ
483 681 590 732 τῶν
641 681 887 748 συνήθων
946 703 1037 754 μοι
1090 682 1178 736 καὶ
1209 682 1550 756 ἡλικιωτῶν,
1583 681 1732 757 εἷ’περ
1765 683 1826 737 οὐ
1850 686 1980 756 ψευ-

337 771 608 840 σθήσομαι
639 775 738 838 τῆς
772 767 1014 834 ἐλπίδος.
1057 774 1162 828 Καὶ
1221 775 1248 828 ὁ
1302 777 1570 850 Βαρλαάμ.
1625 773 1748 844 ἔφη·
1785 773 1981 836 Καλῶς

338 858 599 927 ἐποίησας
647 863 808 913 τοῦτο
865 859 952 915 καὶ
1013 867 1102 918 ΔΙ
1170 863 1327 936 ἀξίως
1384 871 1481 934 τῆς
1539 871 1638 934 σῆς
1691 862 1980 938 βασιλικῆς

341 947 811 1022 μεγαλοπρεπείας
848 992 862 1018 ,
921 950 1002 1003 δτι
1065 951 1141 1023 μὴ
1209 956 1277 1026 τῇ
1335 953 1631 1029 φαινομένῃ
1677 953 1977 1027 προσέσχες

336 1035 598 1106 εὐτέλείᾳ,
631 1034 776 1092 ἀλλὰ
804 1043 904 1106 τῆς
933 1039 1313 1114 κεκρυμμένης
1343 1040 1522 1118 ἒγένου
1555 1040 1802 1103 ἐλπίδος.

2085 526 2283 579 quaeso
2298 511 2358 566 id
2371 511 2642 579 reticeas,
2663 528 2866 566 verum
2877 512 3020 567 mihi
3037 529 3261 567 narres.
3280 513 3723 584 Quamprimum

2091 600 2249 653 enim
2281 617 2310 654 e
2340 601 2664 672 longinqua
2693 603 2931 674 regione
2963 607 3017 656 te
3047 604 3274 657 venisse
3301 601 3514 668 audivi,
3539 604 3722 659 animi

2089 688 2382 760 voluptate
2414 691 2658 744 affectus
2689 709 2840 758 sum,
2870 699 3044 762 atque
3077 693 3136 746 in
3157 693 3374 748 bonam
3408 711 3570 764 spem
3591 695 3722 750 veni

2087 776 2212 831 fore
2238 782 2304 831 ut
2334 795 2512 849 opera
2545 783 2642 832 tua
2672 779 2730 833 id
2763 781 2918 850 quod
2950 781 3260 851 cupiebam
3304 799 3719 854 consequerer.

2087 866 2287 934 quue
2315 867 2552 920 nomine
2588 866 2784 920 statim
2809 871 2862 920 te
2894 867 2966 922 ad
2999 885 3089 922 me
3121 869 3723 932 introduxi,comiter-

2089 970 2202 1024 que
2227 959 2503 1024 tanquam
2525 955 2904 1010 familiarium
2929 973 3196 1012 meorum
3214 961 3600 1030 etaequalium
3623 961 3726 1016 ali-

2088 1059 2265 1112 quem
2289 1045 2509 1115 excepi.
2539 1047 2728 1116 Atque
2752 1046 2976 1100 utinam
2993 1063 3094 1116 spe
3117 1064 3246 1102 mea
3263 1048 3506 1102 minime
3528 1031 3718 1104 fallar!

335 1127 492 1182 Dixit
521 1133 722 1182 autem
754 1128 1020 1183 Barlaam
1052 1147 1064 1186 :
1099 1131 1406 1200 Praeclare,
1441 1137 1616 1203 atque
1641 1138 1708 1187 ut
1735 1131 1896 1204 regia
1926 1131 2368 1202 magniﬁcentia
2410 1133 2652 1204 dignum
2709 1139 2852 1203 erat,
2913 1135 3024 1188 hoc
3079 1135 3293 1204 fecisti,
3351 1141 3419 1192 ut
3469 1153 3590 1192 non
3647 1139 3721 1194 ad

335 1222 594 1272 externae
627 1218 867 1272 vilitatis
896 1221 1153 1290 speciem
1185 1222 1450 1278 animum
1482 1223 1792 1294 adjiceres,
1823 1237 2026 1276 verum
2055 1220 2340 1276 abstrusae
2373 1223 2496 1292 spei
2529 1223 2782 1293 teipsum
2815 1223 3099 1278 traderes.

398 1308 497 1359 Ἦν
527 1304 630 1378 γὰρ
663 1307 770 1377 (87)
801 1327 883 1367 τις
938 1305 1192 1380 βασιλεὺς
1251 1310 1418 1384 μέγας
1467 1311 1554 1365 καὶ
1605 1305 1837 1381 ἔνδοξος,
1881 1311 1969 1366 καὶ

333 1391 566 1466 ἐγένετο,
603 1389 962 1468 διερχομένου
990 1393 1152 1449 αὐτοῦ
1183 1394 1274 1468 ἑῳ⁹
1305 1399 1544 1472 ἅρματος
1583 1397 1973 1472 χρυσοκολλή-

325 1501 422 1534 του
481 1479 570 1534 καὶ
618 1487 717 1549 τῆς
780 1483 919 1554 (88)Δ
953 1483 1170 1558 βασιλεῖ
1223 1485 1541 1559 πρεπούσης
1599 1486 1925 1564 δορυφορίας
1956 1532 1970 1559 ,

331 1571 628 1638 ὑπαντῆσαι
661 1565 756 1625 δύο
815 1567 1034 1644 ἄνδρας,
1095 1571 1448 1650 διεῤῥωγώτα
1507 1577 1601 1650 μὶν
1660 1579 1968 1655 ἠμφιεσμέ-

339 1677 464 1719 νους
495 1656 584 1712 καὶ
629 1656 984 1733 ῥερυπωμένα
1018 1663 1148 1734 (89),
1182 1660 1534 1732 έκτετηκότας
1584 1660 1640 1718 δὲ
1690 1665 1758 1717 τά
1805 1665 1971 1736 πρόσ-

2151 1311 2290 1364 Erat
2320 1311 2477 1364 enim
2509 1311 2822 1382 aliquando
2852 1329 3098 1384 magnus
3123 1313 3362 1384 quidam
3387 1319 3444 1368 et
3465 1315 3717 1371 illustris

2082 1415 2206 1462 rex,
2240 1399 2354 1462 cui,
2388 1417 2520 1454 cum
2551 1401 2612 1454 in
2645 1417 2823 1455 aureo
2855 1418 3050 1466 curru,
3078 1403 3402 1457 satellitum
3433 1420 3613 1460 manu
3635 1422 3723 1460 re-

2081 1487 2189 1558 giae
2211 1489 2506 1558 majestati
2537 1489 2712 1562 digna
2743 1491 2968 1544 cinctus
3001 1491 3115 1544 iter
3143 1490 3638 1564 faceret,contigit
3658 1499 3723 1548 ut

2081 1574 2229 1630 duos
2259 1578 2432 1642 viros,
2467 1577 2677 1632 laceris
2708 1567 3060 1633 ac'sordidis
3093 1581 3372 1646 vestibus,
3411 1586 3587 1652 atque
3618 1599 3719 1636 ore

2081 1664 2268 1718 macie
2301 1666 2670 1732 confecto,ac
2701 1669 2987 1737 majorem
3013 1667 3072 1722 in
3093 1669 3334 1723 modum
3359 1669 3596 1740 pallido,
3615 1671 3716 1726 ob-

335 1767 458 1800 ωπα
511 1745 600 1800 καὶ
663 1747 784 1800 λίαν
844 1748 1340 1823 κατωχριωμένους
1375 1771 1385 1783 ·
1447 1751 1514 1820 ἦν
1577 1749 1633 1806 δὶ
1688 1753 1970 1827 γινώσκων

2081 1752 2202 1806 vios
2254 1752 2518 1810 haberet.
2551 1755 2688 1826 Regi
2720 1772 2896 1826 porro
2925 1755 3292 1826 exploratum
3321 1738 3446 1812 erat
3468 1775 3566 1812 eos
3593 1775 3717 1813 cor-

331 1837 558 1898 τούτους
588 1837 616 1891 ὁ
652 1838 904 1912 βασιλεὺς
950 1843 1030 1910 τῷ
1074 1839 1419 1913 ὑπωπιασμῷ
1447 1847 1543 1896 τοῦ
1601 1842 1852 1915 σώματος
1883 1842 1972 1898 καὶ

331 1932 446 1988 τοῖς
496 1929 593 1994 τῆς
641 1927 884 1996 ἀσήσεως
943 1925 1135 2002 ἱδρῶσι
1191 1931 1254 1984 τὸ
1329 1930 1544 2006 σαρκίον
1605 1929 1970 2002 έκδεδαπανη-

329 2014 514 2076 κότας.
547 2015 635 2076 Ὦς
668 2012 760 2068 δῦν
794 2013 932 2070 εἶδεν
975 2017 1197 2085 αὐτοὺς,
1245 2017 1631 2091 καταπηδήσας
1691 2021 1846 2085 εὐθὺς
1875 2025 1972 2076 τοῦ

330 2105 572 2178 ἅρματος
603 2104 694 2158 καὶ
750 2102 838 2159 ἐπὶ
893 2107 992 2174 τὴν
1050 2113 1152 2181 γῆν
1219 2109 1414 2180 πεσὼν,
1471 2110 1857 2182 προσεκύνησε,
1881 2111 1968 2164 καὶ

326 2191 552 2254 ἀναστάς
631 2191 973 2268 περιεπλάκη
1061 2194 1244 2257 αὐτοῖς
1329 2196 1767 2272 προσφιλέστατα
1842 2219 1973 2254 κατ-

325 2282 719 2354 ασπαζόμενος.
765 2283 829 2336 Οἱ
887 2281 944 2338 δὲ
1001 2289 1316 2359 μεγιστᾶνες
1347 2285 1510 2339 αὐτοῦ
1561 2285 1650 2341 καὶ
1712 2288 1972 2362 ἄρχοντες

327 2367 686 2445 ἐδυσχέραναν
721 2371 806 2426 ἐπὶ
853 2372 1052 2445 τούτῳ,
1086 2373 1273 2443 ἀνάξια
1299 2380 1400 2440 τῆς
1460 2375 1749 2450 βασιλικῆς
1804 2373 1967 2445 δόξης

327 2461 681 2530 πεποιηκέναι
739 2459 896 2514 αὐτὸν
970 2461 1326 2534 νομίζοντες·
1391 2465 1466 2536 μή
1542 2463 1857 2536 τολμῶντες
1913 2462 1972 2518 δὲ

327 2549 464 2603 κατὰ
493 2547 782 2617 πρόσωπον
828 2545 1102 2624 ἐλέγχειν,
1157 2550 1248 2605 τὸν
1295 2553 1514 2624 γνήσιον
1587 2552 1750 2606 αὐτοῦ
1809 2550 1968 2607 ἀδελ·

331 2638 430 2714 φὸν
462 2635 642 2712 ἔλεγον
677 2636 914 2706 λαλῆσαι
971 2643 1050 2710 τῷ
1107 2638 1321 2715 βασιλεῖ
1363 2641 1436 2712 μὴ
1468 2647 1530 2695 τὸ
1561 2639 1694 2714 ὕψος
1724 2645 1820 2694 τοῦ
1852 2639 1966 2695 δια-

335 2723 583 2798 δήματος
641 2725 837 2780 οὔτωσὶ
893 2722 1254 2802 καθυϐρίζειν,
1287 2733 1389 2781 Τοῦ
1423 2727 1478 2782 δὲ
1510 2729 1757 2790 εἷ’πόντος
1803 2733 1970 2784 ταῦτα

333 2818 415 2885 τῷ
447 2811 664 2890 ἀδελρῷ
703 2813 789 2868 καὶ
839 2815 1341 2889 καταμεμψαμένου
1387 2818 1484 2881 τὴν
1533 2815 1754 2892 ἄκαιρον
1804 2817 1968 2872 αὐτοῦ

333 2901 746 2978 σμικρολογίαν,
805 2901 1032 2960 δέδωκεν
1093 2903 1238 2977 αὐτῷ
1295 2905 1579 2982 ἀπόκρισιν
1631 2905 1964 2982 ἀβασιλεὺς,

327 2990 392 3060 ἢν
423 2989 488 3044 οὐ
519 2992 737 3060 συνῆκιν
772 2991 800 3045 ὁ
831 2989 1066 3072 ἀδελφὸς
1107 2993 1292 3050 αὐτοῦ.

390 3171 552 3234 Ἔθος
578 3171 682 3247 γὰρ
714 3173 780 3241 ἧν
840 3171 1024 3245 ἐκείνῳ
1077 3177 1155 3245 τῷ
1216 3174 1452 3250 βασιλεῖ,
1512 3172 1636 3230 ὅταν
1695 3173 1962 3249 ἀπόφασιν

324 3259 556 3314 θανάτου
608 3261 744 3315 κατὰ
798 3281 946 3324 τινος
1008 3259 1210 3332 ἐδίδου,
1269 3265 1481 3338 κήρυκα
1539 3263 1614 3326 εἷς
1641 3265 1740 3334 τὴν
1801 3265 1966 3320 αὐτοῦ

323 3347 484 3424 θύραν
539 3349 902 3406 ἀποστέλλειν
967 3353 1098 3424 μετὰ
1155 3351 1460 3427 σάλπιγγος
1513 3353 1844 3430 τεταγμένης
1894 3353 1968 3415 εἷς

325 3439 508 3493 τούτο·
541 3439 629 3493 καὶ
659 3443 729 3513 τῇ
758 3439 912 3515 φωνῆ
956 3447 1056 3510 τῆς
1112 3439 1414 3516 σάλπιγγος
1473 3442 1682 3513 ἐκείνης
1738 3439 1966 3518 ᾔστοντο

328 3525 522 3590 πάντες
571 3528 799 3583 Θανάτου
852 3525 1048 3604 ἔνοχον
1109 3528 1309 3584 ἐκεῖνον
1368 3531 1652 3608 ὑπάρχειν.
1705 3533 1966 3606 Ἐσπέρας

329 3619 431 3676 42
489 3621 579 3672 οὖν
638 3613 1091 3689 καταλαϐούσης,
1147 3618 1464 3675 ἀπάστειλεν
1505 3621 1532 3674 ὁ
1568 3619 1820 3694 βασιλεὺς
1870 3620 1969 3688 τὴν

323 3704 598 3782 σάλπιγγα
645 3711 739 3761 τοῦ
798 3709 1026 3762 θανάτου
1085 3705 1360 3777 σαλπίζειν
1417 3707 1505 3764 ἐπὶ
1563 3712 1631 3782 τῇ
1684 3711 1818 3784 θυρᾳ
1873 3713 1968 3764 τοῦ

326 3791 480 3848 οἴκου
509 3796 606 3846 τοῦ
667 3790 904 3871 ἀδελφοῦ
954 3795 1140 3850 αὐτοῦ.
1200 3795 1288 3858 Ὠς
1333 3795 1424 3850 οὗν
1483 3792 1713 3864 ἤκουσει
1768 3795 1971 3860 ἐκεῖνος

321 3883 422 3951 τὴν
455 3881 731 3959 σάλπιγγα
755 3888 851 3938 τοῦ
904 3886 1156 3956 θανάτου,
1211 3884 1428 3960 ἀπέγνω
1477 3892 1578 3954 τῆς
1639 3886 1828 3941 ἑαυτοῦ
1861 3907 1970 3939 σω-

319 3971 513 4046 τηρίας
565 3973 654 4026 καὶ
713 3969 916 4036 διέθετο
973 3973 1040 4028 τὰ
1095 3975 1214 4028 κατ’
1269 3973 1428 4029 αὐτὸν
1462 3973 1598 4044 ὃλην
1630 3977 1730 4044 τὴν
1781 3973 1966 4028 νύκτα·

320 4062 438 4132 ἅμα
470 4059 526 4116 δὲ
556 4059 722 4138 πρωῒ,
757 4063 1170 4140 ἀμφιασάμενος
1197 4062 1407 4136 μέλανά
1436 4065 1525 4120 καὶ
1555 4067 1798 4140 πενθήρη
1831 4067 1967 4138 (90),

328 4156 464 4221 μετα
491 4151 741 4224 γυναικὸς
791 4153 880 4206 καὶ
932 4153 1134 4207 τέκνων
1186 4152 1479 4230 ἀπέρχεται
1531 4153 1605 4215 εἷς
1650 4155 1748 4222 τήν
1805 4153 1966 4228 θύραν

321 4243 420 4293 τοῦ
452 4238 724 4294 παλατίου
754 4239 959 4296 κλαίων
997 4242 1086 4296 καὶ
1141 4239 1492 4317 ὀδυρόμενος.
1542 4241 1859 4318 Εἴσαγαγὼν
1914 4240 1971 4296 δὲ

323 4329 488 4383 αὐτὸν
519 4330 546 4383 ὁ
582 4328 860 4404 βασιλεὺς,
891 4332 978 4386 καὶ
1012 4327 1186 4392 οὕτως
1217 4329 1346 4386 ἷδὼν
1375 4329 1809 4408 ὀλοφυρόμενον,
1841 4326 1964 4408 ἔφη·

2079 1840 2239 1912 poris
2254 1841 2634 1897 afﬂictatione
2649 1860 2714 1897 ac
2739 1845 2868 1897 vitae
2893 1845 3008 1899 Deo
3023 1850 3380 1899 consecratae
3411 1845 3714 1902 laboribus

2078 1945 2283 1984 carnes
2315 1948 2450 1986 suas
2482 1932 2564 1986 ita
2602 1931 2945 1988 confecisse.
3003 1935 3074 1988 Ut
3121 1934 3298 2006 igitur
3328 1950 3425 1989 eos
3469 1935 3631 2004 vidit,
3683 1952 3712 1990 e

2075 2034 2253 2073 curru
2283 2021 2482 2074 statim
2515 2021 2819 2086 desiliens,
2851 2026 3027 2091 atque
3059 2023 3224 2076 humi
3254 2027 3712 2093 prostratus,eos

2075 2107 2356 2175 adoravit;
2378 2125 2444 2163 ac
2475 2108 2690 2163 deinde
2718 2111 3350 2180 surgens,amicissime
3373 2112 3714 2182 complexus

2077 2201 2182 2263 est,
2219 2201 2276 2250 et
2307 2196 2597 2250 salutavit.
2623 2199 2902 2250 Proceres
2931 2203 3126 2252 autem
3150 2198 3338 2268 ipsius
3368 2214 3434 2253 ae
3454 2199 3714 2269 praefecti

2076 2286 2186 2340 hoc
2217 2285 2464 2339 moleste
2495 2285 2779 2352 tulerunt,
2813 2302 2948 2339 eum
2977 2285 3207 2341 facinus
3230 2287 3389 2358 regia
3410 2287 3598 2359 gloria
3627 2288 3716 2342 in-

2075 2375 2316 2447 dignum
2349 2374 2658 2429 admisisse
2687 2375 3112 2430 existimantes.
3133 2377 3494 2432 Verumcum
3515 2393 3712 2431 coram

2075 2465 2269 2534 ipsum
2285 2463 2718 2534 reprehendere
2729 2465 2957 2518 minime
2972 2464 3228 2518 auderen
3241 2471 3418 2532 t,cum
3432 2482 3711 2537 germano

2076 2553 2262 2624 ipsius
2291 2553 2473 2606 frater
2502 2552 2770 2624 agebant,
2807 2559 2872 2606 ut
2897 2570 3094 2624 regem
3126 2553 3574 2620 admoneret,ne
3594 2554 3716 2608 dia-

2077 2641 2326 2696 dematis
2343 2641 2796 2712 amplitudinem
2817 2641 3312 2694 etsublimitatem
3327 2643 3398 2695 ad
3413 2642 3570 2694 hunc
3589 2659 3712 2696 mo-

2077 2729 2213 2784 dum
2251 2728 2534 2782 dedecore
2565 2745 2630 2782 ac
2647 2728 3006 2782 contumelio
3038 2727 3322 2783 afficeret.
3346 2729 3489 2782 Cum
3513 2729 3713 2799 itaque

2075 2835 2199 2890 ipse
2231 2818 2356 2870 haec
2384 2816 2550 2871 fratri
2593 2816 2840 2872 dixisset
2908 2822 3083 2887 atque
3131 2818 3608 2888 intempestivam
3658 2823 3717 2872 et

2073 2911 2496 2980 praeposteram
2509 2905 2697 2977 ipsius
2711 2905 2917 2960 humili
2929 2910 3105 2960 tatem
3118 2911 3716 2978 accusasset,respon-

2075 3013 2206 3051 sum
2235 2996 2348 3066 ipsi
2380 3011 2484 3049 rex
2513 2994 2694 3060 dedit,
2733 2993 2888 3066 quod
2921 3011 2954 3050 a
2981 2995 3162 3050 fratre
3193 2995 3442 3050 minime
3475 2995 3713 3051 intelle-

1997 3097 2039 3164 ο
2078 3091 2236 3140 ctum
2270 3090 2376 3138 est.

2148 3175 2269 3228 Mos
2301 3173 2458 3228 enim
2481 3173 2600 3246 regi
2622 3177 2828 3228 eratut
2847 3189 2980 3227 cum
3003 3172 3262 3243 aliquem
3285 3179 3474 3228 morte
3495 3173 3714 3229 multa-

2072 3269 2182 3330 ret,
2203 3280 2534 3334 praeconem
2549 3281 2682 3317 cum
2699 3263 2998 3333 tuba,quae
3014 3264 3252 3335 quidem
3277 3265 3482 3320 mortis
3496 3265 3713 3320 idcirco

2075 3351 2400 3418 dicebatur,
2435 3351 2510 3406 ad
2539 3351 2727 3423 ipsius
2757 3351 2912 3406 fores
2943 3353 3223 3416 mitteret,
3254 3359 3431 3424 atque
3458 3371 3528 3408 ex
3559 3353 3714 3409 tubae

2074 3441 2237 3496 illius
2268 3441 2540 3514 clangore
2571 3458 2778 3496 omnes
2805 3441 2856 3494 ei
2883 3441 3258 3496 moriendum
3281 3459 3408 3498 esse
3429 3443 3718 3516 intellige-

2073 3531 2236 3586 bant.
2269 3533 2470 3601 Itaque
2502 3547 2636 3584 cum
2651 3525 3406 3600 advesperasset,letbalem
3429 3531 3716 3588 tubamad

2072 3621 2272 3675 fratris
2304 3619 2393 3674 sui
2425 3619 2583 3674 fores
2614 3620 2948 3692 clangorem
2980 3620 3271 3674 edituram
3303 3637 3406 3675 rex
3437 3623 3617 3678 misit.
3645 3623 3717 3677 Ut

2073 3709 2252 3781 igitur
2281 3709 2380 3763 ille
2401 3709 2550 3763 hanc
2574 3709 2773 3763 tubam
2797 3709 3039 3775 audivit,
3065 3708 3375 3780 desperata
3397 3710 3584 3764 salute
3607 3727 3715 3780 per

2073 3803 2258 3853 totam
2289 3803 2523 3852 noctem
2573 3797 2911 3852 domesticis
2949 3797 3126 3852 rebus
3177 3797 3494 3851 consuluit.
3547 3801 3710 3852 Mane

2075 3891 2272 3942 autem
2306 3891 2433 3941 atra
2463 3902 2530 3940 ac
2557 3885 2789 3957 lugubri
2811 3890 2966 3939 veste
2997 3885 3260 3952 indutus,
3285 3901 3418 3940 cum
3439 3902 3622 3940 uxore
3645 3903 3710 3941 ac

2073 3976 2277 4030 liberis
2307 3976 2380 4030 ad
2410 3975 2613 4046 palatii
2631 3975 2788 4029 fores
2805 3973 2954 4028 flens
2972 3991 3039 4028 ac
3061 3974 3395 4028 lamentans
3416 3974 3712 4045 profectus

2077 4071 2185 4122 est.
2222 4067 2364 4120 Cum
2387 4070 2584 4120 autem
2614 4081 2718 4119 rex
2747 4064 2942 4135 ipsum
2969 4063 3043 4118 ad
3075 4080 3136 4118 se
3159 4063 3514 4130 admisisset,
3535 4068 3711 4134 atque

2076 4157 2158 4212 ita
2187 4156 2510 4227 ejulantem
2541 4155 2802 4218 vidisset,
2836 4155 2928 4208 his
2947 4153 3137 4208 verbis
3158 4171 3299 4208 usus
3323 4158 3411 4208 est
3435 4155 3510 4208 :0
3535 4153 3712 4209 stulte

2075 4263 2142 4302 ac
2174 4245 2444 4311 demens,
2477 4245 2526 4298 si
2559 4245 2756 4298 fratris
2787 4243 2892 4310 tui,
2925 4260 3057 4298 cum
3082 4259 3197 4313 quo
3219 4243 3372 4297 idem
3402 4242 3507 4296 tibi
3529 4260 3713 4314 genus

2079 4340 2136 4390 et
2165 4351 2270 4405 par
2295 4333 2487 4387 honor
2517 4337 2624 4402 est,
2653 4334 2712 4386 in
2746 4347 2920 4402 quem
2951 4331 3176 4386 nullius
3207 4332 3450 4387 omnino
3474 4331 3714 4386 sceleris

319 4419 389 4472 Ὠ
419 4417 637 4474 ἀσύνετε
693 4420 782 4474 καί
815 4417 1006 4496 ἄφρον,
1064 4419 1110 4474 εἰ
1170 4419 1231 4474 σὺ
1289 4420 1460 4482 οὕτως
1520 4417 1820 4482 ἐδειλίασας
1874 4421 1966 4474 τὸν

2090 4423 2193 4478 tibi
2213 4423 2486 4478 conscius
2516 4438 2599 4482 es,
2627 4437 2962 4492 praeconem
2989 4422 3071 4476 ita
3091 4421 3436 4488 extimuisti;
3457 4437 3716 4492 quonam

323 4508 537 4581 κήρυκα
574 4511 672 4562 τοῦ
730 4507 1002 4580 ὁμοτίμου
1041 4529 1134 4562 σου
1192 4506 1449 4586 ἀδελφοῦ,
1508 4511 1643 4584 πρὸς
1705 4511 1762 4564 ὃν
1814 4507 1968 4564 οὐδὲν

322 4593 472 4656 ὅλως
540 4597 724 4651 ἑαυτὸν
813 4599 1190 4672 ἡμαρτηκέναι
1241 4599 1570 4672 γινώσκεις,
1645 4603 1762 4660 πῶς
1843 4597 1968 4670 ἐμοὶ

327 4685 534 4758 μέμψιν
593 4685 866 4760 ἐπήγαγες
927 4685 977 4741 ἐν
1021 4685 1348 4742 ταπεινώσεν
1427 4687 1789 4761 ἀσπασαμένῳ
1843 4687 1971 4752 τοὺς

317 4776 559 4848 κήρυκας
596 4779 691 4829 τοῦ
719 4779 850 4832 Θεοῦ
912 4797 1040 4847 μου.
1071 4775 1198 4838 τοὺς
1254 4774 1618 4851 εὐηχέστερον
1668 4775 1972 4851 σάλπιγγος

325 4861 655 4936 μηνύοντάς,
709 4885 800 4936 μοι
856 4865 946 4918 τὸν
1009 4863 1233 4927 θάνατον
1289 4866 1375 4918 καὶ
1427 4865 1525 4932 τήν
1585 4859 1818 4940 φοϐεράν
1873 4869 1970 4919 τοῖ’)

328 4951 602 5007 Δεσπότου
663 4953 978 5024 ὑπάντησιν,
1011 4955 1056 5026 ᾧ
1087 4951 1272 5008 πολλά
1327 4953 1419 5007 καὶ
1475 4953 1684 5029 μεγάλα
1739 4953 1970 5025 ἐμαυτὸν

322 5041 701 5118 ἡμαρτηκέναι
749 5041 1090 5116 ἐπίσταμαις
1135 5040 1276 5099 Ἰδοὺ
1326 5043 1504 5098 τοίνυν
1535 5043 1635 5111 τήν
1667 5043 1765 5112 σὴν
1815 5041 1974 5117 ἐλέγ-

323 5150 446 5207 χων
481 5129 661 5188 ἄνοιαν
688 5131 868 5206 τούτῳ
907 5131 975 5204 δὴ
1032 5137 1112 5206 τῷ
1164 5134 1354 5209 τρόπῳ
1411 5133 1758 5210 ἐχρησάμην,
1793 5132 1972 5210 ὥσπερ

2079 4512 2253 4567 modo
2285 4511 2429 4565 mihi
2455 4509 2936 4582 reprehensionis
2959 4515 3160 4566 notam
3183 4509 3401 4565 idcirco
3425 4510 3714 4578 inussisti,

2078 4599 2235 4672 quod
2265 4600 2368 4654 Dei
2403 4600 2516 4654 mei
2541 4615 2865 4670 praecones.
2885 4599 2984 4669 qui
3011 4604 3282 4664 mortem,
3304 4615 3370 4653 ac
3395 4597 3630 4652 Domini
3657 4598 3718 4652 in

2080 4707 2255 4761 quem
2287 4707 2380 4745 me
2411 4689 2600 4744 multa
2631 4694 2688 4743 et
2716 4687 2910 4761 gravia
2940 4689 3165 4744 scelera
3195 4694 3563 4759 perpetrasse
3595 4687 3714 4741 scio

2079 4779 2620 4850 pertimescendum
2651 4777 2964 4832 adventum
2995 4778 3136 4832 mihi
3160 4775 3518 4846 quavistuba
3539 4792 3715 4830 voca-

2079 4868 2195 4923 lius
2209 4869 2504 4938 altiusque
2519 4868 2626 4921 den
2637 4866 3203 4934 untiant,humiliter
3215 4881 3282 4920 ac
3296 4863 3549 4919 demisse
3565 4865 3719 4918 salu-

2081 4957 2372 5013 larim?En
2387 4957 2564 5028 igitur
2575 4962 2641 5012 ut
2653 4963 2814 5012 tuam
2827 4956 3187 5011 dementiam
3201 4953 3720 5034 coarguerem,hac

2085 5046 2312 5101 ratione
2345 5061 2486 5099 usus
2500 5045 3158 5116 sum,quemadmodum
3178 5044 3356 5100 etiam
3377 5059 3477 5099 eos
3498 5043 3599 5114 qui
3613 5042 3720 5098 tibi

2082 5139 2148 5192 ut
2159 5151 2252 5191 me
2266 5135 2822 5206 reprehenderes,in
2835 5135 3104 5192 animum
3131 5132 3722 5204 induxerunt,statim

401 5320 516 5400 @j)
541 5323 790 5400 Lemma
819 5324 1136 5400 metricum
1165 5324 1226 5379 in
1259 5323 1462 5380 codice
1491 5327 1540 5381 Α
1564 5340 1578 5380 :
1611 5317 1904 5400 Παραϐολὴ
1941 5341 1970 5376 τι

2081 5343 2133 5392 τη
2163 5341 2226 5398 γε.
2249 5320 2384 5392 αὕτη
2415 5319 2694 5396 τυγχάνει.

396 5394 510 5532 (88ζ
541 5395 762 5449 Forsan
792 5394 880 5448 καὶ
919 5395 1052 5462 μετά
1079 5401 1198 5462 τῆς.

396 5465 486 5532 (89
542 5466 621 5520 De
652 5467 764 5520 hac
797 5467 1039 5532 perfecti
1061 5467 1198 5522 forrr

395 5465 508 5532 (89)
542 5466 621 5520 De
652 5467 764 5537 hac
797 5467 1039 5537 perfecti
1061 5467 1269 5534 forma,
1303 5471 1346 5523 t.
1377 5469 1476 5537 III,

395 5537 504 5604 (90,:
630 5533 855 5610 palus-1'.
891 5541 969 5594 De
1001 5533 1287 5610 adjective
1322 5533 1550 5610 palmo}
1581 5555 1618 5592 ι.
1651 5539 1746 5610 Ill,

1507 5484 1564 5537 p.
1597 5469 1720 5521 459.
1755 5465 1837 5521 Cf.
1871 5465 2046 5521 modo

1779 5555 1830 5608 p.
1873 5541 1992 5592 151.

2097 5467 2376 5608 25336;:
2403 5553 2416 5591 :
2447 5534 2696 5609 περκνὸν,
2758 5535 3012 5610 μελανόν.
3045 5538 3104 5594 C.
3139 5545 3290 5602 πενθ.
3321 5533 3536 5610 ἱμάτια,
3569 5550 3632 5590 ιιι
3657 5550 3718 5608 p.

321 5607 416 5677 41,
450 5609 503 5675 7,
533 5605 646 5683 ῥερζ
679 5607 892 5681 ἱμάτια·
929 5627 1044 5682 quo
1071 5605 1332 5667 nomine
1347 5609 1521 5667 facile
1551 5605 1904 5666 carebimus.
1935 5609 1970 5664 C

2081 5605 2182 5681 »δελ
2215 5609 2306 5668 43.
