4042 6154
334 310 440 367 903

1843 311 2215 368 ADDENDA.

3623 305 3737 362 904

338 435 584 493 stolidos
598 440 655 492 et
667 441 937 493 amentes
951 453 1079 492 esse
1095 430 1531 492 demonstrabo.
1557 436 1744 507 Atque
1768 435 1850 492 ita
1870 453 1971 491 cu-

2093 432 2183 490 οὗν
2215 431 2461 495 καὶτοὺς
2494 434 2853 508 ὑποθεμένους
2896 454 2991 489 σου
3020 432 3119 502 τὴν
3167 432 3285 487 κατ’
3336 428 3473 503 έμοῦ
3529 428 3736 506 μέμψιν

337 536 533 586 ratum
549 540 604 584 et
625 529 852 585 utiliter
871 530 1224 584 instructum
1248 528 1490 583 fratrem
1518 544 1712 597 suum,
1736 528 1976 583 domum

339 620 593 674 remisit.

403 708 585 762 Jussit
614 712 813 762 autem
837 723 867 761 e
898 706 1058 778 ligno
1074 711 1328 777 quatuor
1345 722 1511 761 arcas
1541 704 1978 774 efﬁci:quarum

333 813 467 852 cum
493 796 638 851 duas
651 796 914 867 undique
931 812 1074 850 auro
1097 794 1779 864 contexissetfetidaque
1803 793 1979 848 cada-

331 902 536 940 verum
567 901 695 939 ossa
725 886 785 939 in
814 901 911 939 eas
936 885 1016 955 inj
1029 885 1262 951 ecisset,
1285 884 1481 938 aureis
1504 883 1650 938 seris
1675 899 1773 937 eos
1797 882 1975 936 obﬁr-

332 975 513 1030 mavit
531 991 544 1039 ;
562 974 807 1043 reliquis
821 979 1018 1028 autem
1034 973 1263 1028 duabus
1278 973 1404 1044 pice
1421 988 1489 1027 ac
1518 972 1812 1026 bitumine
1837 971 1981 1025 obli-

331 1064 430 1127 tis,
470 1063 863 1134 pretiosisque
895 1061 1193 1132 lapidibus
1224 1066 1283 1115 et
1313 1060 1600 1131 exquistis
1632 1059 1974 1127 unionibus,

336 1151 615 1220 omnique
631 1150 1024 1220 unguentaria
1052 1149 1375 1220 fragrantia
1405 1149 1686 1220 impletis,
1722 1148 1979 1218 asperis-

335 1254 448 1310 que
461 1238 699 1293 funibus
713 1237 1064 1298 constrictis.
1082 1253 1357 1308 proceres
1373 1253 1492 1304 eos,
1519 1253 1552 1291 a
1567 1235 1779 1306 quibus
1796 1234 1868 1289 ob
1892 1235 1971 1288 vi-

331 1344 538 1383 rorum
568 1328 808 1382 illorum
831 1343 1141 1382 occursum
1163 1327 1558 1397 reprehensus
1578 1326 1788 1390 fuerat,
1814 1325 1889 1380 ad
1912 1342 1973 1380 se

332 1417 558 1482 accivit,
590 1416 853 1487 ipsisque
885 1421 1139 1487 quatuor
1168 1416 1274 1470 has
1322 1432 1488 1470 arcas
1545 1414 1872 1486 proposuit,
1909 1420 1974 1469 ut

334 1505 662 1576 quantihaa,
697 1504 1151 1575 quantiqueillaa
1167 1505 1338 1575 pretii
1368 1503 1962 1559 essentmstimarent.

331 1594 424 1648 Illi
440 1598 635 1649 autem
648 1592 794 1648 duas
807 1609 905 1647 eas
920 1610 1049 1662 quae
1064 1593 1351 1647 inaurata:
1367 1598 1554 1657 erant,
1574 1592 1815 1647 maximi
1831 1608 1963 1663 pre-

333 1682 400 1738 tii
420 1698 547 1737 esse
571 1681 933 1748 asserebant;
960 1697 1152 1752 neque
1173 1681 1329 1735 enim
1358 1681 1529 1735 aliter
1549 1681 1672 1735 ﬁeri
1694 1697 1865 1752 posse
1886 1682 1975 1735 in-

340 1771 641 1842 quiebant,
663 1771 806 1841 quin
839 1771 900 1824 in
922 1771 1065 1842 ipsis
1084 1770 1259 1842 regia:
1284 1786 1514 1824 coronas
1536 1786 1602 1824 ac
1624 1769 1860 1841 cingula
1883 1786 1976 1825 re-

339 1859 577 1915 condita
589 1860 925 1914 essent.Eas
938 1864 1145 1913 contra
1157 1875 1285 1929 quas
1298 1858 1427 1929 pice
1443 1874 1510 1912 ac
1522 1857 1813 1912 bitumine
1831 1857 1977 1912 obli-

337 1953 412 2003 ιω
426 1953 614 2013 erant,
640 1948 781 2002 viles
795 1948 1037 2001 omnino
1052 1963 1116 2001 ac
1130 1947 1352 2001 nullius
1375 1947 1548 2017 pretii
1568 1963 1696 2001 esse
1716 1946 1973 2001 aiebant.

337 2038 458 2092 Rex
470 2040 664 2091 autem
681 2037 825 2107 ipsis
839 2035 1092 2090 dixitzNe
1107 2034 1450 2106 mequidem
1465 2035 1847 2107 fugiebat,vos
1866 2035 1975 2089 hoc

338 2124 598 2179 dicturos
613 2141 907 2189 esse;nam
929 2124 1313 2178 sensibilibus
1327 2123 1512 2178 oculis
1527 2140 1594 2178 ea
1611 2141 1740 2194 qua)
1765 2124 1825 2177 in
1848 2140 1975 2178 sen-

338 2228 471 2269 sum
489 2213 708 2267 cadunt
727 2212 1262 2284 perspicitis.Atqui
1278 2229 1396 2267 non
1415 2213 1496 2266 ita
1510 2211 1844 2267 faciendum
1865 2217 1971 2281 est;

341 2301 943 2356 veruminterioribus
965 2300 1153 2356 oculis
1178 2301 1297 2355 sive
1319 2301 1594 2371 pretium,
1623 2300 1977 2356 siveutilita-

341 2395 461 2445 tem
485 2394 543 2444 et
561 2390 905 2457 foeditatem,
929 2406 1059 2460 quas
1084 2389 1243 2443 intus
1270 2388 1508 2443 condita
1528 2394 1685 2456 sunt,
1712 2395 1976 2460 spectare

343 2484 592 2550 oportet.
627 2478 990 2550 Acprotinus
1012 2478 1313 2533 inauratae
1335 2494 1501 2532 arcas
1531 2478 1747 2549 aperiri
1772 2478 1974 2549 jussit.

345 2567 566 2632 Quibus
591 2566 916 2637 patefactis,
936 2567 1125 2638 gravis
1146 2566 1387 2637 quidam
1401 2583 1466 2620 ac
1481 2571 1628 2620 teter
1640 2566 1787 2621 odor
1800 2567 1976 2623 exha-

335 2654 680 2727 lavit,atque
693 2655 773 2727 inj
783 2654 1252 2711 ucundissimum
1265 2655 1666 2727 spectaculum
1680 2656 1869 2712 oculis
1881 2655 1979 2711 ob-

331 2744 563 2816 jectum
596 2751 704 2800 est.

409 2835 508 2888 Ait
535 2834 734 2905 itaque
772 2849 913 2888 rex:
946 2833 1049 2887 Hic
1098 2849 1303 2888 eorum
1350 2838 1524 2905 typus
1571 2839 1662 2889 est
1708 2834 1808 2905 qui
1841 2850 1974 2888 cum

330 2922 669 2994 splendidis
703 2927 760 2977 et
780 2921 1110 2977 illustribus
1129 2921 1390 2977 vestibus
1419 2928 1678 2990 utantur,
1705 2929 1880 2993 atque
1904 2922 1976 2978 ob

330 3010 634 3083 ingentem
666 3010 914 3083 gloriam
954 3016 1010 3065 et
1032 3011 1355 3082 potentiam
1386 3011 1718 3066 insolenter
1748 3028 1809 3065 se
1833 3012 1971 3066 effe-

331 3101 655 3168 rant,intus
670 3104 864 3155 tamen
877 3100 1075 3155 fetidis
1090 3100 1468 3155 cadaveribus
1481 3117 1549 3155 ac
1564 3100 1800 3173 ﬂagitiis
1816 3100 1974 3171 pleni

334 3191 868 3253 sunt.Postautem,
889 3205 1023 3244 cum
1038 3206 1136 3244 eas
1150 3206 1279 3260 quae
1294 3190 1421 3261 pice
1435 3206 1502 3244 ac
1514 3188 1804 3244 bitumine
1819 3189 1967 3244 obli-
2000 3174 2041 3240 C

331 3282 404 3332 tas
436 3283 624 3337 erant.
646 3278 1177 3349 aperirijussisset,
1208 3293 1413 3332 omnes
1437 3294 1536 3332 eos
1567 3278 1667 3348 qui
1695 3277 1963 3344 aderant,

328 3364 649 3436 splendore
679 3371 856 3435 atque
889 3364 1085 3420 odoris
1119 3365 1402 3420 suavitate
1439 3381 1568 3434 quae
1608 3365 1669 3418 in
1700 3365 1846 3435 ipsis
1879 3380 1974 3419 re-

324 3452 567 3507 condita
589 3458 713 3507 erat
739 3452 1073 3509 oblectavit.
1100 3453 1371 3524 Dixitque
1394 3453 1477 3506 eis
1504 3469 1516 3506 :
1541 3453 1710 3508 Scitis
1733 3454 1971 3509 cuinam

324 3541 411 3597 rei
433 3541 523 3595 Ιιω
548 3557 700 3597 arcaa
723 3541 949 3596 similes
972 3542 1128 3597 sint?
1148 3541 1472 3596 humilibus
1488 3542 1770 3597 nimirum
1793 3548 1971 3613 atque

324 3630 571 3703 abjectis
594 3631 714 3685 illis
735 3631 894 3698 viris,
918 3630 1248 3702 vilibusque
1271 3631 1529 3686 vestibus
1547 3631 1791 3692 indutis.
1826 3649 1970 3703 quo-

328 3735 459 3773 rum
492 3736 591 3774 vos
623 3724 933 3775 externum
966 3719 1573 3782 habitumintuentes,
1596 3721 1970 3776 contumelias

327 3822 395 3862 ac
416 3808 600 3879 probo
624 3809 770 3863 mihi
794 3808 1065 3876 duxistis,
1090 3809 1248 3880 quod
1271 3815 1407 3864 ante
1430 3826 1530 3864 eos
1551 3810 1612 3863 in
1638 3814 1855 3865 terram
1877 3826 1970 3865 me

326 3895 695 3966 abjecissem.
732 3899 846 3969 Ego
880 3903 1081 3952 autem
1122 3914 1328 3952 eorum
1375 3898 1744 3965 dignitatem,
1794 3904 1970 3970 atque

319 3984 657 4039 animorum
680 3985 1193 4056 pulchritudinem
1208 3987 1614 4058 spiritualibus
1630 3987 1815 4042 oculis
1830 4004 1967 4042 con-

323 4072 687 4135 siderans,ex
702 4074 967 4146 ipsorum
985 4080 1258 4129 contactu
1281 4074 1528 4147 gloriam
1545 4076 1969 4133 contraxi.eos-

324 4176 439 4231 que
461 4162 664 4231 quavis
686 4179 903 4218 corona
928 4169 986 4219 et
1002 4165 1211 4234 quavis
1232 4165 1391 4234 regia
1403 4181 1664 4236 purpura
1684 4170 1967 4237 praestan-

324 4248 506 4303 tiores
538 4249 880 4304 existimavi.
917 4251 1002 4305 Ad
1028 4252 1187 4308 hunc
1213 4253 1392 4325 igitur
1420 4253 1662 4308 modum
1680 4254 1968 4325 pudorem

326 4336 473 4408 ipsis
505 4336 774 4405 incussit,
790 4341 1012 4410 eosqué
1044 4340 1104 4395 in
1126 4342 1215 4395 his
1231 4342 1404 4396 rebus
1426 4360 1555 4413 quae
1580 4343 1640 4397 in
1664 4349 1969 4414 aspectum

320 4424 547 4480 cadunt
578 4426 825 4482 minime
847 4428 1125 4484 oberrare
1141 4429 1358 4493 docuit,
1383 4447 1583 4485 verum
1606 4432 1678 4485 iis
1700 4433 1969 4487 animum

2089 523 2278 577 θᾶττον
2333 521 2670 594 ἀνοηταίνειν
2726 520 2950 598 ἐλέγξω.
3009 520 3113 579 Καὶ
3166 519 3308 574 οὕτω
3372 519 3734 592 θεραπνεύσας

2085 609 2176 665 τὸν
2212 607 2443 687 ἀδελφὸν
2477 610 2640 665 αὐτοῦ
2670 611 2759 665 καὶ
2791 609 3081 688 ὠφελήσας
3113 605 3296 664 οἷ’καδε
3324 606 3661 665 ἀπέστειλεν.

2158 696 2443 754 Ἐκέλευσε
2475 696 2532 753 δὲ
2563 698 2803 773 γενέσθαι
2837 699 2897 753 ἐκ
2926 696 3102 769 ξύλων
3159 696 3424 772 βαλάντια
3478 698 3732 774 τέσσαρα.

2088 788 2187 844 Κδ
2264 788 2277 806 ε
2361 789 2386 841 ι
2475 786 2534 841 δυ’
2826 786 2891 843 λ’
3114 787 3124 804 '
3529 809 3537 825 ο
3718 787 3735 808 κ

2139 808 2188 841 α.
2221 809 2288 842 τα
2321 811 2360 860 μ
2390 810 2416 841 ν
2515 808 2571 841 )ο
2628 809 2821 860 περικα
2866 791 3002 860 υψας
3056 799 3315 851 πάντοθεν
3378 805 3611 862 χρυσῳ,
3644 808 3736 842 και

2088 875 2219 930 ὁστᾶ
2272 879 2474 952 νεκρῶν
2555 873 2803 931 ἀδωδότα
2864 876 3045 952 βαλὼν
3104 875 3155 930 έν
3215 875 3421 941 αὐτοῖς,
3504 881 3736 950 χρυσαῖς

2086 964 2339 1037 περόναις
2395 964 2861 1040 κατησφαλίσατο·
2923 965 2991 1019 τὰ
3034 962 3092 1021 δὲ
3142 961 3286 1020 ἄλλα
3339 964 3503 1038 πίσσῃ
3572 986 3735 1020 κατα-

2085 1052 2281 1129 χρίσας
2346 1053 2437 1109 καὶ
2494 1051 2852 1131 ἀσφαλτώσας
2885 1098 2903 1122 ,
2955 1052 3241 1124 ἐπλήρωσε
3313 1051 3485 1117 λίθων
3533 1053 3730 1127 τιμίων

2085 1142 2177 1197 καὶ
2231 1140 2525 1218 μαργάρων
2581 1141 2903 1215 πολυτίμων
2936 1145 3036 1200 48
3066 1141 3155 1198 καὶ
3187 1142 3362 1212 πάσης
3424 1146 3730 1218 μυρεψικῆς

2087 1227 2338 1293 εὐωδίας.
2403 1231 2684 1305 Σχοινίοις
2710 1251 2769 1285 τε
2821 1230 3090 1306 τριχίνοις
3144 1234 3310 1286 ταῦτα
3359 1230 3731 1306 περισφίγξας,

2085 1317 2305 1374 ἐκάλεσε
2334 1317 2463 1381 τοὺς
2517 1317 2905 1392 μεμψαμένους
2953 1318 3100 1391 αὐτῷ
3152 1324 3473 1393 μεγιστᾶνας
3521 1318 3609 1374 ἐπὶ
3657 1323 3727 1393 τῇ

2083 1410 2189 1461 τῶν
2222 1403 2432 1482 ἀνδρῶν
2462 1406 2679 1461 ἐκείνων
2727 1409 3063 1479 συναντήσει,
3095 1407 3185 1463 καὶ
3236 1409 3492 1483 προέθετο
3548 1406 3736 1470 αὐτοῖς

2084 1494 2151 1549 τδ.
2178 1496 2409 1567 τέσσαρα
2442 1494 2725 1571 βαλάντια,
2756 1500 2857 1550 τοῦ
2905 1497 3346 1570 ἀποτιμήσασθαι
3405 1495 3571 1551 πόσου
3631 1498 3732 1568 μὶν

2085 1588 2274 1653 ταῦτα,
2332 1583 2506 1638 πόσου
2565 1581 2623 1639 δὶ
2680 1582 2856 1639 ἐκεῖνα
2910 1585 3225 1659 τιμήματός
3283 1585 3417 1640 εἶσιν
3469 1585 3606 1654 ἄξια.
3664 1585 3738 1642 Οἱ

2088 1671 2145 1728 δὲ
2174 1674 2241 1727 τά
2276 1672 2369 1745 μὶν
2403 1669 2498 1727 δύο
2546 1673 2613 1727 τὰ
2665 1672 3058 1747 κεχρυσωμένα
3111 1675 3280 1746 τιμῆς
3336 1673 3417 1728 ὅτι
3471 1669 3740 1744 πλείστης

2089 1762 2222 1816 εἶναι
2283 1758 2625 1836 διωρίζοντο.
2686 1762 2895 1832 Ἔξεστι
2953 1763 3103 1837 γάρ,
3162 1761 3323 1836 φησὶν
3360 1804 3376 1831 ,
3435 1759 3489 1817 ἐν
3550 1760 3736 1823 αὐτοῖς

2089 1848 2347 1926 βασιλικά
2403 1847 2715 1922 διαδήματα
2768 1850 2856 1904 καὶ
2929 1851 3100 1920 ζώνας
3155 1850 3494 1914 ἀποκεῖσθαι·
3553 1851 3621 1906 τὰ
3675 1847 3733 1906 δὶ

2082 1942 2152 2012 τῇ
2184 1938 2350 2013 πίσσῃ
2399 1939 2867 2014 κατακεχρισμένα
2922 1938 3012 1994 καὶ
3068 1943 3136 2014 τῇ
3171 1938 3428 2011 ἀσφάλτῳ
3478 1936 3737 2003 εὐτελοῦς

2083 2048 2228 2090 τινος
2254 2027 2344 2082 καὶ
2402 2027 2626 2101 οἰκτροῦ
2674 2029 2991 2101 τιμήματος
3055 2027 3309 2104 ὑπάρχει.
3356 2028 3413 2081 Ὀ
3463 2025 3521 2083 δὲ
3574 2029 3732 2103 βασι-

2086 2115 2209 2177 λεὺς
2252 2112 2352 2193 ἔφη
2412 2117 2547 2191 πρὸς
2605 2115 2819 2178 αὐτοὺς*
2880 2114 3022 2175 Οἶδα
3069 2117 3225 2192 γάγὼ
3270 2114 3493 2172 τοιαῦτα
3552 2115 3731 2193 λέγειν

2088 2205 2244 2275 ὑμᾶς·
2275 2208 2394 2265 τοῖς
2434 2203 2718 2275 αἴσθητοῖς
2776 2205 2877 2279 γὰρ
2937 2204 3245 2284 ὀφθαλμοῖς
3296 2207 3395 2274 τήν
3458 2205 3724 2277 αἷσθητῆν

2084 2285 2205 2364 ὄψιν
2260 2296 2594 2346 κατανοεῖτε’
2658 2290 2746 2346 καὶ
2810 2292 2916 2364 μὴν
2987 2292 3095 2368 οὐχ
3150 2292 3323 2354 οὕτως
3382 2290 3465 2348 δεῖ
3523 2299 3725 2350 ποιεῖν.

2084 2376 2230 2433 ἀλλὰ
2257 2383 2373 2441 τοῖς
2405 2373 2551 2433 ἔνδον
2581 2375 2790 2452 ὄμμασι
2846 2380 2946 2448 τήν
3006 2379 3156 2442 ἐντὸς
3214 2381 3579 2455 ἀποκειμένην
3608 2383 3725 2457 χρὴ

2089 2466 2307 2541 βλέπειν
2367 2467 2474 2522 εἴτε
2545 2468 2712 2541 τιμὴν
2770 2464 2877 2523 εἴτε
2952 2468 3168 2541 ἀτιμίαν
3205 2512 3218 2525 .
3280 2469 3376 2523 Καὶ
3450 2467 3728 2525 ἐκέλευσεν

2085 2554 2369 2631 ἀνοιγῆναι
2398 2556 2467 2610 τὰ
2507 2554 2903 2630 κεχρυσωμένα
2964 2555 3245 2627 βαλάντια.
3301 2559 3730 2633 Διανοιχθέντων

2087 2641 2164 2713 δὲ,
2200 2641 2347 2715 δεινή
2378 2666 2463 2709 τις
2494 2638 2715 2700 ἔπνευσε
2764 2641 3002 2701 δυσωδία
3057 2647 3144 2701 καὶ
3205 2644 3508 2719 ἀηδεστάτῃ
3542 2648 3729 2721 ὡράθη

2087 2733 2201 2797 θέα.

2159 2823 2333 2893 Φησῖν
2359 2822 2449 2877 οὗν
2479 2823 2506 2877 ὃ
2531 2822 2804 2899 βασιλεὺς
2839 2825 3012 2887 Οὗτος
3034 2826 3062 2881 ὁ
3085 2824 3255 2890 τύπος
3272 2830 3380 2881 τῶν
3406 2827 3474 2881 τὰ
3503 2826 3735 2902 λαμπρά

2089 2914 2183 2987 μὲν
2216 2913 2305 2969 καὶ
2349 2909 2534 2988 ἔνδοξα
2588 2916 3001 2989 ἡμφιεσμένων,
3059 2915 3248 2989 πολλῇ
3305 2915 3432 2991 δόξῃ
3486 2920 3572 2974 καὶ
3635 2916 3726 2973 δυ·

2085 3003 2298 3075 ναστείᾳ
2354 2998 2819 3079 σοϐαρευομένων,
2875 3007 2966 3060 καὶ
3024 3004 3218 3070 ἔσωθεν
3277 3007 3604 3077 ἀποζώντων
3636 3028 3728 3062 νε-

2082 3096 2225 3168 κρῶν
2256 3093 2344 3148 καὶ
2379 3097 2633 3167 πονηρῶν
2667 3090 2847 3170 ἔργον.
2909 3096 3039 3150 Εἶτα
3087 3095 3179 3150 καὶ
3235 3096 3303 3151 τά
3333 3098 3723 3168 πεπισσωμένα

2082 3180 2172 3236 καὶ
2230 3179 2727 3258 κατησφαλτωμένα
2781 3181 3041 3245 κελεύσας
3097 3181 3552 3262 ἀνακαλυφθῆναι,
3581 3184 3721 3238 πάν-

2075 3292 2171 3334 τας
2202 3268 2431 3349 εῧφρανε
2472 3269 2600 3332 τοὺς
2624 3272 2896 3347 παρόντας
2925 3275 2993 3346 τῇ
3046 3277 3152 3328 τῶν
3200 3272 3252 3327 έν
3284 3273 3466 3335 αὐτοῖς
3496 3274 3726 3329 ἀποκει-

2081 3359 2253 3433 μένων
2286 3357 2721 3437 φαιδρότητικαὶ
2771 3357 2988 3433 εὐωδίᾳ.
3021 3362 3163 3439 Ἒφη
3224 3359 3283 3417 δὲ
3311 3362 3448 3437 πρὸς
3506 3360 3726 3426 αὐτοὺς·

2077 3447 2276 3506 Οἴδατε
2303 3446 2411 3503 τίνι
2444 3447 2611 3521 ὅμοια
2639 3452 2804 3503 ταῦτα
2838 3466 2853 3517 ;
2902 3454 3020 3512 τοῖς
3050 3449 3328 3512 ταπεινοῖς
3384 3449 3608 3513 ἐκείνοις
3637 3451 3731 3506 καὶ

2076 3536 2269 3606 εὐτελῆ
2302 3538 2703 3612 περικειμένοις
2731 3534 3004 3610 ἐνδυματα
3024 3540 3161 3612 (91),
3195 3537 3270 3595 ὧν
3304 3539 3460 3612 ὑμεῖς
3486 3540 3549 3595 τὸ
3576 3539 3731 3603 ἐκτὸς

2078 3626 2310 3700 ὁρῶντες
2341 3631 2442 3683 44
2475 3632 2694 3701 σχῆμα,
2751 3621 2905 3702 ὕϐριν
2957 3629 3238 3703 ἡγήσασθε
3292 3629 3391 3697 τήν
3425 3627 3563 3702 ἐρῆν
3595 3630 3735 3685 κατὰ

2077 3714 2370 3785 πρόσωπον
2390 3714 2568 3769 αὐτῶν
2601 3713 2689 3769 ἐπὶ
2717 3721 2819 3791 γῆς
2876 3716 3263 3790 προσκύνησιν·
3325 3717 3436 3794 ἐγὼ
3498 3716 3575 3790 δὲ,
3606 3725 3733 3784 τοῖς

2075 3808 2288 3878 νοεροῖς
2317 3799 2530 3877 ὄμμασι
2559 3805 2620 3858 τὸ
2649 3803 2835 3878 τίμιον
2893 3804 3068 3860 αὐτῶν
3123 3806 3213 3861 καὶ
3270 3806 3604 3883 περικαλλὲς
3631 3829 3732 3863 κα-

2076 3894 2342 3962 τανοήσας
2387 3896 2494 3948 τῶν
2551 3897 2769 3967 ψυχῶν,
2828 3891 3177 3967 ένεδοξάσθην
3242 3897 3333 3969 μὶν
3392 3900 3460 3970 τῇ
3517 3896 3729 3952 τούτων

2075 3980 2434 4055 προσψαύσει,
2490 3982 2689 4043 παντὸς
2747 3979 2804 4036 δὲ
2859 3985 3120 4060 στεφάνου
3186 3986 3276 4040 καὶ
3332 3984 3509 4056 πάσης
3569 3986 3730 4061 βασι-

2078 4069 2242 4138 λικῆς
2297 4067 2626 4145 ἁλουργίδας
2692 4072 3053 4147 τιμιωτέρους
3126 4072 3321 4136 αὐτοὺς
3404 4074 3729 4149 ἡγησάμην.

2077 4159 2267 4224 Οὕτως
2295 4158 2387 4214 οὖν
2431 4160 2625 4222 αὐτοὺς
2684 4165 2910 4237 ᾔσχυνε,
2943 4162 3032 4217 καὶ
3085 4160 3290 4234 ἐδίδαξε
3323 4166 3397 4238 μὴ
3424 4170 3540 4227 τοῖς
3592 4187 3732 4243 φαι-

2074 4248 2326 4320 νομένὸις
2360 4247 2683 4317 πλανᾶσθαι,
2714 4248 2861 4305 ἀλλὰ
2912 4256 3028 4313 τοῖς
3061 4252 3382 4326 νοουμένοις
3411 4253 3731 4330 προσέχειν.

2076 4338 2205 4392 Κατ’
2240 4335 2440 4391 ἐκεῖνον
2496 4337 2676 4393 τοίνυν
2720 4339 2813 4393 τὸν
2875 4335 3067 4409 εὐσεϐῆ
3125 4340 3213 4395 καὶ
3270 4343 3435 4416 σοφὸν
3500 4341 3733 4417 βασιλέα

2072 4426 2162 4481 καὶ
2194 4424 2257 4479 σὺ
2314 4425 2640 4495 πεποίηκας,
2689 4430 2757 4501 τῇ
2817 4427 2990 4502 ἀγαθῇ
3051 4428 3234 4485 ἐλπίδι
3296 4428 3730 4505 προσδεξάμενός

323 4512 415 4585 adj
426 4530 644 4584 ungere
662 4533 790 4587 quae
806 4517 1109 4573 intellectu
1127 4518 1551 4590 percipiuntur.
1570 4520 1770 4589 Itaque
1794 4521 1869 4574 ad
1884 4521 1964 4591 pii

2086 4536 2171 4587 με,
2201 4514 2270 4583 ἧς
2300 4512 2366 4568 οὐ
2398 4518 2694 4590 ψευσθησῃ,
2739 4518 2813 4580 ὡς
2866 4513 3038 4594 ἔγωγε
3069 4521 3248 4592 οἶμαι.
3309 4522 3446 4577 Εῖπε
3504 4517 3559 4574 δὲ
3587 4519 3724 4594 πρὸς

322 4606 382 4657 et
412 4602 698 4673 sapientis
710 4605 864 4677 regis
885 4605 1339 4660 similitudinem
1357 4606 1482 4677 ipse
1505 4623 1740 4677 quoque
1765 4624 1967 4662 acces-

318 4691 485 4758 srsti;
521 4697 587 4746 ut
614 4694 713 4764 qui
746 4692 900 4747 bona
930 4709 1034 4764 spe
1066 4694 1241 4748 nixus
1283 4711 1379 4748 me
1430 4695 1781 4765 susceperis,
1833 4713 1967 4766 quae

318 4780 578 4852 quidem,
606 4787 671 4835 ut
692 4782 1185 4853 Opinor,minime
1203 4787 1256 4837 te
1286 4782 1470 4837 fallet.
1498 4783 1652 4837 Dixit
1673 4790 1871 4840 autem
1894 4786 1966 4841 ad

315 4884 449 4923 eum
471 4869 753 4940 Josaphat
777 4886 790 4923 :
828 4871 961 4923 Haec
985 4870 1186 4925 omnia
1205 4871 1451 4942 pulchre
1472 4876 1650 4943 atque
1678 4875 1968 4930 concinne

317 4955 535 5011 dixisti.
557 4958 773 5012 Verum
798 4957 947 5013 illud
971 4958 1122 5013 scire
1144 4960 1591 5031 aveo,quisnam
1607 4961 1682 5016 sit
1702 4968 1836 5018 tuus
1858 4964 1965 5018 Do-

316 5044 536 5112 minus,
560 5060 737 5116 quem
769 5052 833 5101 tu
863 5047 1150 5103 orationis
1182 5048 1355 5104 initio
1380 5049 1450 5105 de
1473 5051 1575 5106 illo
1612 5053 1967 5109 seminatore

311 5133 490 5189 verba
517 5133 728 5189 fecisse
762 5134 891 5190 dice
902 5135 1027 5191 baS'

388 5223 521 5279 CAP.
555 5223 672 5277 VII.
707 5253 774 5263 —
806 5225 1034 5280 Rursus
1064 5226 1243 5299 igitur
1276 5245 1616 5286 sermonem
1659 5247 1968 5287 assumens

2077 4602 2234 4657 αὐτὸν
2270 4605 2297 4658 ὁ
2331 4605 2583 4683 Ἰωασάφ.
2615 4609 2794 4661 Ταῦτα
2831 4607 2928 4680 μὲν
2985 4605 3052 4675 δὴ
3113 4610 3283 4663 πάντα
3336 4608 3520 4671 καλῶς
3575 4609 3726 4670 εἶπας

2076 4692 2166 4747 καὶ
2194 4691 2559 4768 εὐαρμόστως’
2596 4692 2722 4750 ἀλλ’
2780 4695 2954 4750 ἐκεῖνο
3013 4694 3157 4752 θέλω
3218 4698 3426 4770 μαθεὶν,
3454 4698 3536 4762 τίς
3582 4696 3726 4754 ἐστιν

2078 4781 2106 4835 ὁ
2138 4780 2231 4846 σὸς
2262 4781 2560 4853 Δεσπότης,
2594 4784 2651 4837 ’ὀν
2680 4784 2797 4838 κατ’
2852 4784 3028 4860 ἀρχὰς
3082 4783 3179 4841 τοῦ
3237 4784 3405 4864 λόγου
3460 4787 3584 4861 περὶ
3624 4791 3727 4842 τοῦ

2076 4871 2324 4947 σπορέως
2356 4870 2563 4927 ἐκείνου
2593 4872 2863 4948 εἰρηκέναι
2893 4870 3094 4951 ἔλεγες.

2151 5230 2317 5287 ΚΕΦ.
2343 5228 2414 5285 Ζ“.
2448 5225 2612 5290 Αὖθις
2641 5223 2732 5281 οὖν
2758 5222 3046 5283 ἀναλαϐὼν
3067 5229 3159 5284 τὸν
3184 5227 3352 5304 λόγον
3379 5228 3407 5282 ὁ
3435 5224 3727 5303 Βαρλαάμ,

392 5418 503 5490 (91)
537 5421 617 5475 De
651 5439 716 5473 πε
761 5422 986 5477 ικεῖσθαί
1017 5445 1067 5477 τι
1092 5427 1295 5481 notavi
1327 5427 1387 5481 in
1418 5427 1595 5483 Notit.
1629 5445 1772 5484 mss.
1807 5432 1946 5483 tom.

392 5486 501 5549 lsi):
530 5491 599 5549 εἴ.
624 5438 782 5549 aug-il
796 5515 922 5549 ματι
953 5494 1277 5549 περίκεισαι.
1312 5499 1458 5549 Puto
1491 5499 1891 5549 scribendum,
1927 5496 1971 5549 δι

2111 5444 2174 5493 ιι,
2205 5444 2304 5499 pp.
2339 5429 2405 5481 29
2437 5430 2495 5480 et
2528 5427 2647 5481 151.
2680 5426 2936 5483 Joannes
2982 5428 3185 5500 Chrys.
3214 5446 3270 5500 p.
3304 5432 3372 5484 46
3409 5428 3592 5483 Cotel.
3631 5426 3732 5500 βα-

2097 5518 2170 5549 ua
2197 5517 2320 5549 πεο-
2354 5497 2639 5549 Disnlicet
2677 5493 2921 5549 SuiS'mm'
2944 5518 2996 5549 τι
3026 5518 3145 5549 πεο-
3174 5502 3304 5549 Inse
3362 5501 3520 5549 hom.
3579 5499 3641 5549 in
3667 5500 3725 5549 S.

316 5486 501 5552 σιλεὺς
530 5491 599 5559 εἴ,
624 5486 711 5545 δια

749 5495 922 5565 ήματι
953 5494 1277 5568 περίκεισαι.
1312 5499 1458 5568 Puto
1491 5499 1893 5557 scribendum.
1927 5496 2046 5553 διάδ

2053 5493 2170 5571 ημα
2197 5493 2320 5572 περ.
2354 5497 2639 5572 Displicet.
2677 5493 2921 5568 διάδημά
2943 5518 2996 5572 τι
3026 5493 3145 5571 περ·
3174 5493 3304 5572 Ipse
3362 5501 3520 5556 hom.
3579 5493 3725 5572 in_S.

324 5562 595 5645 Lumina,
626 5582 684 5645 ρ.
722 5562 843 5645 133,
876 5562 1114 5625 Conbef.
1153 5584 1167 5624 :
1197 5569 1312 5645 Τὴν
1343 5565 1510 5645 σᾶρκα
1542 5568 1658 5645 εἷὲκῆ
1691 5569 1971 5645 περικείμε

2086 5562 2107 5639 ,’
2128 5562 2351 5628 Rursus
2381 5562 2612 5627 Horum.
2642 5586 2679 5627 a
2701 5562 2994 5628 Matthaaio
3051 5562 3226 5630 editis
3250 5577 3290 5628 t.
3323 5572 3363 5643 l,
3393 5589 3451 5644 p.
3484 5572 3555 5626 80
3587 5587 3602 5627 :
3637 5570 3724 5645 Τῇ

328 5631 478 5708 χειρὶ
505 5631 583 5711 τῇ
602 5631 702 5707 τ’ἠν
735 5631 927 5695 ἅλυσιν
958 5631 1336 5717 περικειμένῃ·
1368 5631 1468 5698 ubi
1500 5631 1710 5699 editor.
