4042 6154
332 318 442 405 905

1504 355 1674 409 νισι-Α
1711 352 2062 407 BARLAAM
2098 351 2191 404 ET
2225 346 2566 401 JOASAPH.

3627 332 3743 411 906

334 490 480 528 ειπεν
514 473 641 542 (92)·
672 468 735 526 Εἰ
789 472 881 527 τὸν
936 472 1065 546 ἒμὸν
1129 470 1317 549 βούλει
1377 473 1649 542 Δεσπότην
1709 474 1917 545 μαθεῖν,

2063 534 2066 542 _
2098 469 2385 531 Barlaam,
2411 468 2589 523 dixit:
2615 469 2669 523 Si
2703 469 2978 541 quisnam
3007 470 3293 528 Dominus
3325 489 3492 531 meus
3524 476 3602 532 sit
3631 478 3733 534 in-'

334 559 535 635 Κύριός
568 558 711 615 ἐστιν
769 562 980 630 Ἰησοῦς
1037 564 1288 637 Χριστὸς,
1321 563 1349 617 ὁ
1384 563 1685 638 μονογενὴς
1732 561 1855 625 Υἱὸς
1884 581 1947 614 το

2090 559 2353 627 telligere
2370 558 2849 629 cupis.Dominus
2870 560 3037 614 Jesus
3052 560 3320 616 Christus
3342 567 3735 638 est.unigeni-

332 652 488 715 Θεοῦ,
550 650 577 703 ὁ
638 649 903 722 μακάριος
962 650 1050 705 καὶ
1114 651 1279 722 μόνος
1338 648 1625 718 δυνάστης,
1659 647 1977 710 ὁΒασιλεῦς

330 741 438 791 τῶν
504 737 900 810 βασιλευόντων
962 743 1049 793 καὶ
1111 738 1310 807 Κύριος
1364 744 1468 793 τῶν
1518 738 1903 812 κυριευόντων,
1950 736 1978 789 ὁ

338 824 503 898 μόνος
534 820 679 899 ἔχων
734 825 1045 895 ἀθανασίαν,
1100 832 1215 904 φῶς
1272 827 1434 882 οἰκῶν
1490 826 1781 900 ἀπρόσιτον
1841 828 1975 897 (93),

329 913 481 969 ὁσὺν
516 914 685 986 Ηατρὶ
744 915 835 969 καὶ
896 914 1033 990 ἁγίῳ
1095 916 1369 989 [Ινεύματι
1428 914 1810 989 δοξαζόμενος.
1863 913 1977 971 Οὐκ

329 1002 439 1076 είμί
474 1004 579 1078 γὰρ
612 1002 717 1079 ἐγὼ
745 1009 851 1058 τῶν
881 1004 1009 1067 τοὺς
1041 1004 1286 1066 πολλοὺς
1314 1005 1539 1067 τούτους
1580 1004 1669 1059 καὶ
1712 1005 1973 1065 ἀτάκτους

326 1092 766 1168 ἀναγορευόντων
800 1093 978 1164 θεοὺς,
1018 1096 1108 1150 καὶ
1165 1097 1233 1150 τὰ
1262 1093 1448 1171 ἄψυχα
1475 1099 1644 1151 ταῦτα
1699 1095 1786 1150 καὶ
1816 1093 1975 1167 κωφᾶ

325 1176 633 1255 σεϐομένων
687 1181 909 1238 εἴδωλαο
942 1183 1068 1240 ἀλλ’
1123 1181 1216 1239 ἕνα
1271 1186 1398 1241 Θεὸν
1429 1184 1679 1254 γινώσκω
1709 1184 1799 1239 καὶ
1830 1184 1965 1256 ὁμο-

322 1269 476 1347 λογῶ
505 1275 600 1331 45
662 1270 717 1326 ἐν
774 1273 946 1348 τρισὶν
1009 1273 1331 1329 ὑποστάσεσι
1387 1271 1770 1346 δοξαζόμενον,
1806 1271 1971 1346 [Ιατρί

321 1381 487 1438 φημι,
516 1360 605 1415 καὶ
636 1362 769 1433 Υἱῷ,
800 1362 890 1416 καὶ
943 1363 1080 1438 ἁγιῳ
1139 1363 1431 1436 Πνεύματι,
1463 1363 1514 1419 ἐν
1552 1368 1649 1436 μιᾷ
1701 1360 1758 1417 δὲ
1814 1361 1968 1440 φύσει

319 1450 407 1504 καὶ
441 1448 619 1522 οὐσίᾳ,
652 1448 705 1505 ἐν
742 1450 841 1522 μίᾷ
868 1449 994 1525 δόξῃ
1040 1451 1128 1506 καὶ
1164 1449 1412 1526 βασιλείᾳ
1470 1453 1546 1525 μὴ
1608 1452 1964 1527 μεριζομένῃ.

319 1538 491 1600 Οὗτος
521 1538 610 1593 οὗν
641 1540 668 1593 ὁ
700 1538 755 1594 ἐν
782 1539 957 1615 τρισὶν
995 1541 1348 1596 ὑποστάσεσιν
1410 1540 1485 1602 εἷς
1542 1542 1690 1613 Θεὸς,
1724 1539 1965 1615 ἅναρχός

316 1647 377 1682 τε
406 1626 496 1682 καὶ
528 1625 912 1698 ἂτελεύτητος,
960 1627 1180 1691 αἰώνιός
1233 1649 1293 1684 τι
1343 1628 1432 1683 καὶ
1463 1626 1661 1699 ἀΐδιος,
1694 1628 1964 1700 ὰκτιστος,

319 1714 583 1792 ἄτρεπτός
613 1738 671 1773 τε
709 1718 799 1773 καὶ
858 1719 1166 1790 ἀσώματος,
1229 1719 1479 1795 ἀόρατος,
1538 1719 1960 1794 ἀπερίγραπτος,

319 1807 702 1878 ἆπερινόητος,
760 1808 961 1881 ἀγαθὸς
1012 1807 1102 1862 καὶ
1162 1804 1369 1870 δίκαιος
1429 1807 1612 1880 μόνος,
1645 1807 1763 1862 ὁτὰ
1791 1807 1961 1862 πάντα

314 1892 373 1950 ἐκ
432 1896 509 1967 μὴ
567 1890 733 1950 ὄντων
778 1896 1244 1968 ὑποστησάμενος,
1290 1890 1368 1951 ’τά
1412 1917 1471 1952 τε
1522 1896 1691 1972 ὁρατᾶ
1743 1896 1833 1951 καὶ
1888 1897 1956 1951 τὰ

312 1982 535 2057 ἀόρατα,
566 1988 784 2058 πρῶτον
820 1985 914 2057 μὶν
964 1981 1295 2059 δημιουργεῖ
1320 1984 1417 2047 τὰς
1465 1984 1748 2050 οὐρανίους
1797 1982 1951 2039 δυνάο

313 2092 432 2145 μεις
464 2073 549 2127 καὶ
585 2072 872 2147 ἀοράτους,
931 2074 1278 2148 ἀναρίθμητά
1305 2095 1426 2129 τινα
1455 2074 1643 2145 πλήθη
1704 2071 1843 2129 ἅϋλά
1894 2095 1953 2129 τε

304 2160 393 2216 καὶ
426 2160 707 2233 ἀσώματα,
770 2161 1119 2239 λειτουργικὰ
1174 2162 1451 2236 πνεύματα
1506 2170 1607 2231 τῆς
1663 2166 1761 2217 τοῦ
1818 2166 1950 2217 Θεοῦ

309 2248 757 2323 μεγαλειότητος·
792 2248 978 2306 ἔπειτα
1000 2253 1091 2305 τὸν
1143 2252 1421 2326 ὁρώμενον
1472 2252 1677 2325 κόσμον
1733 2255 1947 2317 τοῦτον,

305 2336 530 2413 οὐρανόν
566 2358 620 2393 τε
677 2338 770 2394 καὶ
823 2347 924 2416 γῆν
984 2340 1074 2394 καὶ
1129 2342 1227 2409 τήν
1288 2338 1581 2409 θάλασσαν,
1640 2339 1799 2414 ὅνπερ
1858 2340 1947 2394 καὶ

305 2425 441 2503 φωτὶ
499 2423 795 2503 φαιδρύνας
848 2428 1250 2500 κατεκόσμησεν
1284 2474 1301 2498 ,
1360 2427 1584 2503 οὐρανὸν
1646 2428 1741 2501 μὶν
1798 2427 1946 2500 ἡλίῳ

299 2514 390 2569 καὶ
422 2517 622 2590 σελήνῃ
652 2517 739 2571 καὶ
799 2522 916 2579 τοῖς
971 2514 1209 2590 ἄστροις,
1254 2523 1357 2592 γῆν
1391 2514 1447 2572 δὲ
1476 2516 1754 2578 παντοίοις
1811 2515 1945 2592 βλα-

302 2607 398 2675 στή
412 2626 542 2678 μασι
570 2605 661 2660 καὶ
694 2603 974 2684 διαφόροις
1008 2608 1192 2676 ζώοις,
1224 2607 1322 2675 τὴν
1374 2628 1432 2662 τε
1483 2604 1751 2661 Θάλασσαν
1781 2603 1946 2660 πάλιν

300 2694 382 2768 τῷ
439 2695 768 2768 παμπληθεῖ
840 2702 947 2752 τῶν
1002 2702 1214 2766 νηκτῶν
1268 2718 1449 2772 γενει.
1505 2700 1684 2755 Ταῦτα
1748 2696 1941 2765 πάντα,

303 2782 465 2845 αὐτός
529 2786 667 2853 εἷπε,
707 2787 794 2840 καὶ
852 2784 1236 2860 ἐγεννήθησαν,
1288 2785 1445 2849 αὐτὸς
1505 2782 1804 2841 ἐνετείλατο
1852 2786 1939 2840 καὶ

304 2871 623 2942 ἐκτίσθησαν
678 2878 785 2947 "94)
820 2919 835 2935 .
894 2875 1024 2932 Εἶτα
1109 2873 1436 2950 δημιουργεῖ
1507 2875 1598 2930 τὸν
1659 2871 1939 2950 ἄνθρωπον

300 2961 491 3035 χερσὶν
552 2959 736 3031 ἰδίαις,
797 2968 933 3038 χοῦν
995 2964 1089 3036 μὲν
1150 2959 1333 3019 Λαϐὼν
1390 2963 1494 3018 ἀπὸ
1549 2969 1648 3032 τῆς
1702 2970 1805 3038 γῆς
1864 2962 1939 3025 είς

297 3047 591 3105 διάπλασιν
620 3055 717 3105 τοῦ
750 3053 1025 3125 σώματος,
1080 3054 1179 3122 την
1241 3050 1298 3107 δὲ
1347 3053 1530 3128 ψυχὴν
1591 3050 1823 3125 λογικὴν
1850 3051 1940 3106 καὶ

294 3140 480 3216 νοερᾶν
514 3137 602 3195 διὰ
630 3145 727 3195 τοῦ
754 3140 959 3196 οἰκείου
991 3140 1382 3219 ἐμφυσήματος
1440 3143 1587 3213 αύτῷ
1645 3140 1768 3202 δοὺς
1803 3143 1937 3215 (95),

2087 653 2202 713 tus,
2235 649 2499 717 inquam,
2534 645 2634 699 ille
2658 647 2757 700 Dei
2782 646 2981 707 Filius.
3009 648 3109 703 ille
3132 649 3341 705 beatus
3369 654 3606 710 etsolus
3628 674 3735 727 po-

2088 742 2239 795 tens.
2266 736 2364 790 ille
2389 738 2504 791 Rex
2528 751 2728 807 regum
2752 741 2809 790 et
2835 737 3117 791 Dominus
3142 738 3603 809 dominantium,
3629 747 3731 816 qui

2087 826 2247 881 solus
2280 824 2994 889 liabetimmortalitatem,
3020 843 3086 881 ac
3108 827 3300 883 lucem
3329 830 3731 891 habitatinac-

2084 914 2444 980 cessibilem,
2469 914 2567 984 qui
2592 931 2724 968 cum
2753 916 2924 968 Patre
2951 922 3009 969 et
3029 915 3248 987 Spiritu
3275 926 3480 976 sancto
3507 922 3729 994 gloriﬁ-

2083 1009 2249 1058 catur
2278 1004 2326 1072 (I
2347 1004 2482 1057 Tim.
2501 1008 2591 1064 νι).
2610 1004 2807 1073 Neque
2823 1004 2982 1057 enim
2998 1021 3067 1059 ex
3098 1022 3302 1062 eorum
3328 1026 3576 1067 numero
3592 1018 3732 1068 sunt

2082 1094 2182 1163 qui
2215 1092 2433 1146 multos
2447 1092 2554 1146 hos
2568 1096 2626 1146 et
2648 1092 2982 1162 petulantes
2998 1094 3140 1150 deos
3163 1096 3388 1165 colunt,
3409 1104 3585 1171 atque
3601 1103 3728 1158 haac

2080 1181 2293 1236 animae
2326 1181 2588 1252 expertia
2618 1186 2675 1235 et
2703 1180 2882 1236 surda
2904 1182 3223 1239 simulacra
3242 1196 3615 1257 venerantur;
3631 1208 3730 1246 ve-

2079 1287 2210 1325 rum
2242 1287 2425 1325 unum
2444 1270 2626 1324 Deum
2658 1286 2912 1342 agnosco
2926 1274 3300 1331 etcontiteor.
3327 1277 3426 1346 qui
3449 1277 3511 1331 in
3537 1278 3725 1335 tribus

2078 1360 2373 1431 personis,
2405 1359 2516 1413 hoc
2547 1364 2638 1414 est
2666 1360 2837 1414 Patre
2871 1366 2931 1415 et
2958 1361 3103 1416 Filio
3136 1368 3194 1417 et
3224 1364 3443 1435 Spiritu
3492 1373 3720 1439 sancto,

2076 1452 2252 1518 atque
2283 1464 2401 1503 una
2431 1449 3001 1513 naturaetessentia,
3027 1450 3086 1504 in
3110 1467 3229 1507 una
3252 1452 3439 1524 gloria
3460 1460 3519 1509 et
3537 1473 3719 1530 regno

2073 1536 2319 1591 minime
2347 1536 2530 1591 diviso
2544 1536 2925 1608 glorificatur.
2952 1538 3056 1593 Hic
3086 1538 3264 1611 igitur
3293 1541 3354 1595 in
3380 1543 3568 1600 tribus
3582 1563 3717 1617 per-

2073 1627 2236 1679 sonis
2266 1642 2419 1679 unus
2444 1626 2616 1692 Deus,
2648 1625 2924 1696 principii
2978 1643 3044 1682 ac
3097 1626 3233 1683 ﬁnis
3278 1646 3487 1701 expers
3536 1634 3712 1703 (Naz.,

2071 1721 2210 1769 orat.
2244 1717 2297 1780 2,
2332 1715 2397 1768 de
2431 1709 2671 1785 Pasch),
2700 1716 3461 1789 sempiternus.increatus,
3493 1722 3712 1779 immu-

2072 1803 2542 1874 tabilis,corpore
2556 1804 3135 1871 vacans,invisibilis.
3161 1807 3710 1882 circumscriptione

2068 1907 2297 1959 carens,
2330 1888 3123 1963 animicomprehensionem
3146 1894 3397 1968 fugiens,
3423 1899 3583 1956 solus
3596 1901 3709 1956 bo-

2060 1980 2458 2052 nusacjustus
2477 1984 2585 2036 est.
2621 1980 2719 2050 qui
2737 1980 3084 2037 omnia.tam
3099 2000 3227 2054 queo
3245 1986 3433 2042 oculis
3446 2004 3708 2045 cernun-

2060 2076 2155 2124 tur
2168 2086 2343 2139 quam
2369 2086 2499 2139 quae
2523 2067 2832 2123 oculorum
2850 2070 3122 2126 obtutum
3153 2072 3406 2145 fugiunt.
3436 2092 3505 2131 ex
3518 2079 3705 2134 nihilo

2057 2158 2118 2211 in
2134 2163 2326 2211 ortum
2359 2156 2652 2228 produxit.
2674 2157 2938 2212 Primum
2971 2159 3605 2220 scilicetinvisibilium
3636 2184 3704 2223 ac

2056 2247 2384 2303 cmlestium
2401 2246 2681 2300 virtutum
2695 2246 3192 2303 innumerabilem
3210 2252 3529 2320 quamdam
3546 2254 3695 2311 mul-

2054 2337 2094 2390 ti
2106 2336 2367 2391 tudinem
2382 2334 2677 2390 amateria
2688 2339 2748 2389 et
2764 2351 3011 2406 corpore
3037 2344 3327 2394 secretam
3349 2341 3460 2397 hoc
3483 2349 3572 2397 est
3589 2343 3695 2399 ad-

2053 2425 2358 2480 ministros
2374 2423 2585 2477 divina)
2609 2424 2939 2494 majestatis
2965 2426 3229 2496 spiritus;
3255 2428 3467 2485 deinde
3490 2438 3691 2489 autem

2051 2513 2338 2570 mundum
2354 2513 2513 2566 hunc
2543 2513 2603 2565 in
2635 2518 2940 2583 aspectum
2973 2514 3305 2583 cadentem,
3332 2519 3444 2574 hoc
3473 2527 3692 2576 estote-

2051 2603 2196 2667 lum,
2223 2619 2289 2657 ac
2308 2606 2548 2666 terram,
2574 2606 2830 2666 etmare;
2850 2618 3028 2671 quem
3048 2604 3688 2664 etiamlaetissimaluce

2052 2689 2373 2755 coornavit,
2397 2687 2609 2742 caalum
2628 2704 2841 2758 nempe
2866 2690 2990 2744 sole
3021 2706 3088 2745 ac
3116 2690 3261 2746 luna
3291 2699 3347 2746 et
3377 2694 3692 2769 sideribus,

2050 2786 2266 2834 terram
2282 2781 2479 2832 autem
2504 2775 2698 2829 omnis
2720 2777 2958 2847 generis
2981 2778 3265 2850 stirpibus
3282 2798 3349 2835 ac
3365 2784 3544 2839 variis
3558 2786 3695 2840 ani-

2050 2868 2559 2927 mantibus,mare
2588 2864 2845 2936 denique
2888 2868 3398 2926 numerosissimis
3442 2874 3697 2945 piscium

2048 2956 2382 3031 generibus.
2407 2955 2754 3009 Haecomnia
2784 2954 2911 3026 ipse
2928 2956 3096 3017 dixit.
3126 2965 3185 3013 et
3211 2958 3366 3016 facta
3388 2969 3547 3030 sunt;
3574 2964 3701 3035 ipse

2047 3045 2434 3111 mandavit,et
2446 3048 2640 3098 creata
2656 3045 2952 3113 sunt(Psal
2978 3062 3044 3100 cx
3054 3052 3195 3116 LVIII)
3209 3091 3215 3099 .
3227 3049 3367 3104 Post
3379 3056 3576 3106 autem
3592 3053 3696 3107 ho-

2050 3135 2271 3189 minem
2302 3132 2840 3188 suismetmanibus
2859 3133 3065 3204 efﬁgit,
3096 3142 3332 3208 sumpto
3355 3138 3640 3194 nimirum
3663 3157 3699 3196 a

296 3226 418 3297 ἥτις
449 3230 562 3283 κατ’
590 3228 773 3284 εἰκόνα
824 3230 913 3284 καὶ
975 3230 1240 3296 ὁμοίωσιν
1297 3230 1392 3284 τοῦ
1424 3234 1556 3285 Θεοῦ
1614 3227 1942 3303 δεδημιούρ-

2063 3230 2215 3279 terra
2243 3223 2315 3277 ad
2347 3221 2610 3293 corporis
2624 3221 3696 3293 compositionemluto.animaautem

291 3322 493 3391 γῆσθαι
520 3318 819 3393 γέγραπται
865 3322 993 3391 (96)⁶
1054 3320 1170 3373 κατ’
1201 3318 1382 3374 εἶ’κόνα
1415 3319 1534 3391 μὶν,
1560 3316 1649 3373 διὰ
1704 3319 1767 3373 τὸ
1825 3338 1943 3372 νοε-

291 3404 387 3480 ρὸν
440 3406 530 3459 καὶ
583 3406 949 3477 αὐτεξούσιον,
1008 3409 1128 3471 καθ’
1181 3407 1446 3481 ὁμοίωσιν
1476 3405 1533 3462 δὲ
1582 3404 1670 3461 διὰ
1714 3407 1813 3475 τὴν
1841 3412 1941 3475 τῆς

284 3495 484 3568 ἀρετῆς
516 3495 654 3550 κατᾶ
680 3496 743 3551 τὸ
777 3493 999 3551 δυνατὸν
1026 3501 1125 3555 ΑΒ
1150 3497 1415 3572 ὁμοίωσιν
1450 3498 1580 3571 (9‘7).
1614 3499 1820 3553 Τοῦτον
1850 3496 1942 3551 τὸν

289 3580 574 3656 ἄνθρωπον
663 3583 1101 3659 αύτεξουσιότητι
1186 3588 1272 3643 καὶ
1343 3587 1606 3658 ἀθανασίᾳ
1681 3588 1941 3659 τιμήσας,

292 3671 520 3747 βασιλέα
565 3677 672 3728 τῶν
724 3673 812 3729 ἐπὶ
867 3678 971 3749 γῆς
1031 3677 1377 3747 κατέστησεν·
1411 3675 1600 3745 ἐπίησε
1651 3672 1708 3731 δὲ
1762 3672 1814 3744 ἐξ
1845 3672 1943 3728 αύ-

284 3765 384 3816 τοῦ
411 3762 476 3817 τὸ
510 3760 674 3831 θῆλυ,
712 3765 916 3837 βοηθὸν
948 3765 1095 3838 αύτῷ
1123 3766 1240 3820 κατ’
1272 3764 1433 3820 αὐτόν
1466 3768 1595 3837 (98).

2048 3312 2297 3369 rationis
2329 3310 2808 3383 etintelligentiaa
2823 3312 3108 3384 participe
3123 3330 3229 3384 per
3244 3332 3410 3371 suam
3423 3318 3695 3375 insufﬂa-

2050 3404 2271 3457 tionem
2297 3401 2409 3472 ipsi
2433 3400 2810 3472 tributa.quaa
2833 3400 3071 3471 quidem
3086 3403 3159 3457 ad
3186 3404 3283 3459 Dei
3306 3404 3626 3479 imaginem
3640 3415 3699 3465 et

2052 3488 2505 3545 similitudinem
2540 3488 2747 3543 effecta
2789 3504 2918 3543 esse
2972 3491 3191 3561 scripta
3235 3499 3325 3547 est
3355 3494 3504 3551 (Gen.
3535 3513 3587 3550 ιε
3622 3497 3697 3552 ad

2051 3579 2369 3651 imaginem
2405 3576 2956 3647 videlicet,propter
2983 3579 3095 3632 vim
3126 3579 3496 3654 intelligendi
3520 3589 3695 3655 atque

2054 3668 2283 3724 arbitrii
2300 3665 2736 3730 libertatem;ad
2752 3665 3205 3722 similitudinem
3229 3676 3701 3744 autem,propter

2052 3758 2285 3813 virtutis
2306 3755 2514 3826 ipsius,
2540 3753 2733 3824 quoad
2748 3754 2878 3826 ejus
2905 3757 3033 3810 ﬂeri
3062 3759 3699 3827 potest,imitationem.

296 3852 463 3907 Hunc
492 3869 669 3924 porro
705 3853 1031 3923 hominem,
1064 3855 1291 3910 arbitrii
1322 3856 1594 3910 libertate
1626 3860 1802 3925 atque
1834 3847 2281 3908 immortalitate
2315 3843 2622 3904 donatum,
2658 3860 2863 3898 eorum
2895 3861 3026 3915 quo:
3057 3845 3119 3899 in
3152 3852 3308 3902 terra
3337 3856 3476 3903 sunt
3504 3866 3702 3921 regem

285 3942 634 4008 constituit;
667 3948 847 4014 atque
878 3960 947 3999 ex
978 3945 1106 4016 ipso
1138 3945 1443 4003 feminam.
1477 3961 1607 4016 quae
1635 3943 1747 4015 ipsi
1778 3940 1999 3998 auxilio
2031 3940 2207 4001 esset,
2242 3932 2353 4004 ipsi
2387 3931 2644 3986 similem
2675 3932 2889 3987 effecit.

361 4046 458 4100 Καὶ
516 4047 781 4121 φυτεύσας
855 4046 1180 4124 παράδεισον
1242 4048 1294 4105 ἐν
1352 4047 1521 4122 Ἐδὶμ
1597 4049 1733 4104 κατᾶ
1808 4048 1931 4102 ἀνα-

279 4132 492 4204 τολᾶς,
544 4134 880 4213 εὐφροσύνης
935 4138 1026 4193 καὶ
1078 4137 1349 4211 θυμηδίας
1402 4140 1579 4208 πάσης
1635 4133 1936 4209 πεπληρω-

283 4224 444 4295 μὲνον
476 4266 492 4293 ,
550 4221 698 4287 ἔθετο
752 4225 804 4279 ὲν
866 4225 1013 4299 αύτῷ
1072 4229 1167 4282 τὸν
1226 4225 1511 4303 ἄνθρωπον
1570 4227 1629 4282 ὃν
1686 4222 1888 4280 ἔπλασε
1921 4267 1934 4292 ,

279 4313 498 4368 πάντων
535 4313 629 4387 μὶν
659 4318 768 4369 τῶν
820 4315 993 4371 ἐκεῖσε
1052 4316 1212 4380 θείων
1268 4322 1449 4392 φυτῶν
1500 4315 1761 4378 κελεύσας
1792 4314 1939 4368 ἀκω-

276 4396 459 4465 λύτως
492 4396 768 4476 μετέχειν,
804 4404 925 4467 ἑνὸς
956 4401 1014 4460 δέ.
1050 4401 1214 4478 μόνου
1247 4405 1478 4480 θέμενος
1520 4403 1747 4472 ἐντολὴν
1791 4400 1938 4463 ὅλως

2118 4040 2475 4110 Consitoque
2510 4039 2570 4093 in
2603 4038 2763 4094 Eden
2786 4038 2861 4094 ad
2885 4040 3183 4096 Orientem
3217 4044 3513 4115 paradiso,
3541 4048 3708 4105 volu-

2048 4132 2228 4204 ptatis
2259 4129 2453 4184 omnis
2485 4133 2662 4199 atque
2693 4128 3112 4184 oblectamenti
3140 4132 3338 4202 pleno,
3376 4135 3701 4206 hominem,

2049 4237 2229 4292 quem
2263 4218 2592 4280 efﬂuxerat,
2626 4217 2688 4271 in
2718 4217 2846 4287 ipso
2875 4219 3224 4288 collocavit;
3259 4222 3343 4277 sic
3369 4225 3708 4295 quidem,ut

2050 4310 2250 4365 divina
2280 4306 2513 4361 bonitas
2527 4305 2729 4360 omnia
2757 4305 2918 4379 ligna
2950 4324 3080 4378 quae
3097 4310 3220 4366 illic
3237 4318 3408 4367 erant
3430 4314 3558 4370 sine
3580 4316 3703 4373 ullo

2052 4397 2480 4469 impedimento
2517 4410 2649 4449 eum
2676 4396 2984 4467 percipere
3009 4397 3251 4469 juberet
3272 4419 3286 4468 ;
3305 4403 3482 4458 unius
3505 4411 3705 4465 autem

278 4488 357 4561 μὴ
389 4488 704 4563 γεύσασθαι,
756 4492 888 4567 ὅπερ
950 4492 1111 4562 ξύλον
1138 4498 1234 4548 τοῦ
1289 4495 1567 4570 γινώσκειν
1625 4490 1793 4547 καλὸν
1850 4489 1940 4545 καὶ

2063 4488 2333 4543 luntaxat
2354 4483 2765 4556 degustatione
2800 4484 2916 4556 ipsi
2949 4486 3332 4547 interdiceret
3363 4493 3542 4563 (quod
3572 4497 3705 4567 qui-

275 4578 524 4649 πονηρὸν
553 4577 843 4651 κέκληται,
870 4580 1044 4644 οὕτως
1088 4582 1256 4638 εἰπών
1286 4586 1415 4657 (99).
1473 4583 1545 4652 ᾜ
1602 4578 1648 4636 δ’
1706 4582 1763 4635 ἂν
1797 4579 1941 4652 ἡμὲ-

2052 4577 2187 4631 dem
2203 4574 2428 4648 lignum
2444 4573 2706 4629 scientiae
2721 4573 2862 4629 boni
2878 4580 2937 4631 et
2950 4576 3081 4631 mali
3096 4579 3461 4651 appellatum
3477 4584 3705 4653 est),his

359 4742 477 4820 (9?)
506 4740 755 4820 Lemma
784 4745 1098 4820 metricum
1130 4745 1190 4820 in
1222 4748 1268 4801 A
1293 4761 1305 4799 :
1333 4742 1595 4820 Βαρλαὰμ
1623 4739 1730 4798 ὧδε
1753 4738 1950 4810 διάλεξι

2063 4737 2258 4812 ευτὲρα.

358 4812 471 4885 (93)
506 4813 523 4867 l
558 4814 745 4885 Epist.
778 4816 852 4872 ad
883 4816 1029 4872 Tim.
1063 4834 1135 4873 ιι·
1162 4819 1249 4885 15,
1286 4820 1370 4872 16.

362 4884 480 5025 (94)
501 4884 657 4940 Psal.
693 4903 915 4951 cxmu.
947 4892 999 4944 5.

386 4957 480 5025 95)
514 4955 660 5011 Gen.
699 4974 761 5025 ιι,
795 4964 826 5013 7
854 4975 867 5013 :
899 4957 999 5017 Καὶ

386 4945 480 5032 95)
500 4955 660 5032 “Gen.
699 4974 761 5026 ll,
795 4964 826 5013 7
854 4975 867 5013 :
899 4945 1004 5017 Καὶ
1033 4951 1265 5013 ἔπλασεν
1298 4958 1327 5014 ὁ
1351 4958 1480 5020 Θεὸς
1508 4954 1601 5011 τὸν
1635 4952 1939 5032 ἄνθρωπον,
1960 4955 2096 5027 χοῦν
2130 4949 2235 5005 ἀπὸ
2257 4955 2379 5018 τῆς,
2408 4954 2535 5023 γῆς,
2559 4948 2649 5003 καὶ
2674 4945 2994 5021 ἐνεφύσησεν
3024 4950 3100 5014 εἷς
3126 4953 3190 5007 τε,
3219 4951 3515 5028 πρόσωπον
3544 4952 3709 5012 αὐτοῦ

282 5024 469 5090 πνοὴν
498 5028 664 5095 ζωῆς.

361 5095 474 5170 (96)
509 5092 650 5154 Gen.
688 5115 724 5161 ι,
760 5103 848 5156 26.
883 5132 950 5142 -
981 5102 1062 5157 De
1093 5102 1287 5157 verbis
1315 5101 1434 5155 κατ’
1463 5099 1646 5155 εΐκόνα
1672 5097 1765 5153 καὶ
1797 5094 1950 5169 ὁμοία

2093 5092 2225 5149 vide
2255 5098 2296 5147 t‘.
2340 5093 2387 5160 I,
2430 5109 2488 5165 p.
2521 5095 2626 5147 250
2659 5110 2673 5160 ;
2705 5094 3080 5165 Chevraeana,
3108 5101 3151 5151 t.
3182 5097 3254 5162 Π,
3287 5115 3345 5170 p.
3379 5099 3502 5155 314.
3539 5101 3707 5157 Lem-

282 5167 481 5256 ma?“
594 5170 771 5256 “PP-’6
800 5170 852 5254 ἐί
882 5171 945 5227 τὸ
970 5172 1087 5226 κατ’
1120 5171 1298 5256 εἰκόνα
1331 5173 1419 5227 καὶ
1450 5173 1567 5256 καθ’
1588 5167 1882 5256 ,ὁμοίωσιέοτ

351 5237 471 5317 (_97_)
502 5241 572 5293 Et
604 5234 828 5317 ethnici
857 5261 1091 5317 quoque
1126 5245 1514 5317 sapientesin
1549 5234 1946 5317 philosophia,
1979 5234 2619 5317 virtutehterrfstrium
2653 5235 2801 5317 iuga
2844 5242 2903 5291 et
2947 5238 3102 5317 odio.
3128 5247 3465 5317 posuerunt
3491 5242 3590 5308 τὴν
3620 5247 3701 5314 τῷ

278 5310 402 5377 Θεῷ
432 5306 722 5382 δμοιωσιν.
759 5306 909 5371 Loca
944 5306 1073 5370 vide
1101 5317 1158 5370 in
1194 5306 1350 5373 notis
1379 5315 1451 5372 ad
1483 5306 1688 5372 Marini
1721 5306 1950 5369 Proclul

2063 5326 2109 5380 p.
2145 5308 2401 5382 103403
2429 5306 2621 5382 :_apud
2653 5306 2894 5382 Falster.
2931 5306 3179 5382 Ama’nit.
3200 5312 3405 5382 philol.
3426 5331 3462 5373 ι,
3492 5306 3598 5380 20;
3633 5306 3697 5373 ϐ’.

277 5381 591 5460 ἕξηιιιίἒιιι
616 5384 853 5460 _Proleg_.
887 5387 961 5442 ad
992 5387 1267 5460 Hippocr.
1302 5407 1338 5460 p

281 5452 683 5532 Vic_t__Cleric.
720 5457 798 5532 ad
826 5452 1082 5532 Sentent'.
1106 5452 1270 5532 'Plat.
1304 5452 1433 5532 pag.
1475 5461 1599 5515 519.

357 5524 476 5604 (98)
504 5524 650 5604 (ξοιι.
684 5543 744 5596 ιι,
777 5531 968 5604 20._—
998 5531 1217 5604 Theod.
1250 5524 1610 5604 Prodromus
1639 5531 1887 5585 Tetrast.
1921 5527 2001 5604 in_
2030 5527 2191 5604 Gen.‘
2230 5537 2345 5604 pag

1347 5433 1359 5445 .
1394 5391 1475 5443 14.
1515 5404 1574 5443 n.
1612 5391 1634 5442 1
1667 5404 1680 5454 ;
1713 5388 1963 5441 Remum
1995 5378 2119 5438 not.
2154 5379 2226 5434 ad
2259 5378 2537 5434 Themist.
2589 5396 2646 5449 p.
2682 5380 2782 5434 135
2812 5397 2826 5446 ;
2863 5380 3163 5436 Heindorf.
3200 5378 3285 5438 ad
3337 5385 3511 5440 Teazt.
3541 5378 3698 5455 584:

2400 5523 2470 5603 ξς
2504 5521 2761 5603 δυνξεςιιη
2792 5520 2865 5578 de
2923 5524 3053 5579 Evm
3104 5522 3460 5585 formatione
3492 5543 3506 5583 :
3541 5525 3698 5603 Σίγα,

357 5523 477 5649 (9Βέ
504 5524 650 5611 gen.
684 5543 744 5596 ιι,
777 5531 865 5583 20.
899 5560 968 5570 -
998 5531 1217 5586 Theod.
1250 5523 1610 5616 Prodromus
1639 5531 1887 5585 Tetrast.
1921 5527 1950 5581 ἱ]

278 5592 463 5678 Θερᾼςμ
484 5613 641 5678 ρειται
672 5599 927 5678 γυναικὸς
956 5600 1056 5670 τὴν
1087 5601 1307 5657 πλάσιν·
1339 5620 1460 5660 uno
1491 5598 1592 5678 δρα
1616 5605 1739 5672 τῆς,
1770 5604 1837 5657 ut
1862 5614 1950 5662 me

2063 5539 2201 5651 ξθὲέι
2227 5523 2707 5648 ἅδὲοὲίῖτέἓξὲἰῗ

347 5666 469 5742 (99)
485 5666 645 5727 'Gen.
677 5666 741 5742 ιι,
775 5666 862 5728 17.

562 5785 842 5854 Panos.
887 5787 1000 5854 Gn.
1043 5788 1254 5855 XCVI.

3335 5786 3413 5843 29
