4042 6154
322 260 431 325 907

1846 257 2216 345 ADDENDA.

3621 260 3726 319 908

324 384 521 444 verbis
549 388 745 440 utens.
779 384 1140 452 Quacunque
1171 378 1267 435 die
1317 379 1709 437 comederetis
1760 396 1829 436 ex
1877 398 1967 450 eo,

2089 401 2153 456 ρᾳ
2201 380 2412 457 φάγητε
2464 382 2557 437 ἃπ’
2608 381 2793 452 αὐτοῦ,
2852 384 3061 457 θανάτῳ
3112 382 3485 445 ἀποθανεῖσθε.
3544 381 3637 439 Εἷς
3671 381 3726 439 δὲ

327 484 522 536 morte
552 473 913 531 moriemini.
940 473 1252 529 Enimvero
1277 488 1433 526 unus
1457 488 1526 527 ex
1550 471 1847 544 praedictis
1871 489 1973 527 an-

327 565 864 643 geliciscopiis.qui
898 564 999 618 uni
1017 563 1666 635 agminiprzeerat,cum
1691 562 1977 617 naturalis

331 658 460 711 vitii
476 673 548 711 ne
563 655 878 710 minimum
894 652 1134 723 quidem
1154 652 1457 723 vestigium
1477 668 1509 705 a
1526 659 1789 706 creatore
1812 668 1980 706 acce-

328 748 535 820 pisset,
570 761 772 800 verum
799 743 937 797 boni
962 758 1140 796 causa
1165 746 1507 812 procreatus
1539 740 1763 806 fuisset,
1793 740 1980 796 libera

329 836 549 893 mentis
571 833 966 889 inductionea
992 831 1146 885 bono
1169 832 1230 884 in
1265 831 1485 885 malum
1523 829 1783 895 deﬂexit,
1803 836 1980 901 atque

327 924 649 984 insolentia
703 923 917 989 elatus,
969 921 1250 977 adversus
1311 921 1628 975 Dominum
1679 937 1745 975 ac
1794 922 1979 974 Deum

326 1016 621 1074 rebellare
650 1014 852 1069 voluit.
890 1014 969 1067 Ac
1010 1018 1325 1083 propterea
1374 1028 1443 1065 ex
1494 1010 1698 1065 ordine
1750 1027 1857 1063 suo
1914 1026 1980 1064 ac

330 1107 616 1180 dignitate
639 1103 919 1175 expulsus
938 1108 1230 1172 est,atque
1262 1118 1365 1171 pro
1393 1100 1566 1154 beata
1597 1099 1701 1154 illa
1721 1099 1907 1170 gloria
1926 1105 1983 1153 et

334 1194 601 1267 angelico
615 1193 879 1260 nomine,
895 1190 1117 1247 diaboli
1134 1208 1200 1245 ac
1215 1191 1442 1245 Satanae
1460 1206 1676 1244 nomen
1698 1206 1983 1244 consecu-

333 1292 428 1341 tus
442 1290 545 1340 est.
559 1285 712 1339 Deus
728 1283 887 1337 enim
915 1282 1128 1351 ipsum.
1141 1286 1196 1334 et
1209 1280 1429 1335 cmlesti
1453 1278 1979 1351 gloriaindignum,

326 1373 693 1449 prmcipitem
727 1388 758 1426 e
788 1370 935 1426 caalo
969 1369 1480 1426 exturbavit.Cum
1508 1385 1574 1423 eo
1607 1386 1781 1439 porro
1805 1367 1983 1422 simul

336 1466 543 1521 avulsa
572 1469 630 1518 et
654 1463 843 1534 ejecta
867 1468 957 1515 est
985 1461 1194 1533 ingens
1208 1460 1552 1532 angelorum
1586 1459 1685 1529 qui
1711 1459 1822 1529 ipsi
1847 1458 1983 1512 sub-

333 1560 503 1611 erant
530 1550 848 1608 multitudo
870 1551 989 1621 :qui
1006 1550 1244 1621 quidem
1263 1549 1476 1603 mentis
1490 1547 1832 1602 inductione
1846 1546 1986 1602 mali

339 1642 781 1700 eﬂ‘ecti.acboni
799 1641 925 1696 loco
942 1640 1250 1711 principiis
1266 1640 1355 1693 sui
1372 1638 1763 1693 defectionem
1778 1637 1984 1703 secuti,

2082 475 2187 525 τῶν
2224 471 2527 548 εἰρημένων
2577 472 2873 549 ἀγγελικᾶη
2933 471 3233 544 δυνάμεων,
3297 475 3424 544 μιᾶς
3479 477 3730 545 στρατιᾶς

2083 564 2495 635 πρωτοστάτης,
2529 559 2779 624 οὐδόλως
2837 562 2887 616 ἐν
2922 562 3097 633 ἑαυτῷ
3128 561 3275 636 παρά
3324 566 3421 617 τοῦ
3454 569 3723 636 Δημιουρ-

2084 654 2186 723 γοῦ
2216 652 2404 714 κακίας
2436 658 2664 728 φυσικῆς
2709 651 2961 727 ἐσχηκὼς
3020 649 3194 725 ἴχνος,
3228 648 3352 705 ἀλλ’
3411 649 3495 704 ἐπ’
3544 651 3734 726 ἀγαθῷ

2085 740 2377 813 γενόμενος
2414 783 2427 808 ,
2486 740 2813 813 αὐτεξουσίῳ
2887 740 3197 815 προαιρέσει
3269 738 3471 814 ἐτράπη
3535 739 3594 794 ἐκ
3639 744 3735 795 τοῦ

2083 827 2256 883 καλοῦ
2288 828 2362 890 εἷς
2408 829 2469 883 τὸ
2518 830 2703 897 κακὸν,
2764 829 2853 883 καὶ
2912 828 3122 903 ἐπήρθη
3182 831 3252 902 τῇ
3313 828 3563 899 ἀπονοίᾳ,
3612 830 3735 885 ἀντι

2088 923 2210 991 ἆραι
2245 918 2535 992 βουληθεὶς
2592 923 2671 990 τῷ
2702 917 2942 991 Δεσπότῃ
2999 918 3087 971 καὶ
3121 921 3256 989 Θεῷ.
3291 918 3385 971 Διὸ
3443 913 3733 990 ἀπεϐλήθη

2086 1014 2183 1075 τῆς
2213 1008 2412 1076 τάξεως
2447 1008 2609 1063 αὐτοῦ
2639 1007 2728 1062 καὶ
2760 1010 2858 1076 τῆς
2913 1007 3085 1080 ἀξίας,
3143 1006 3255 1076 καὶ,
3312 1006 3431 1061 ἀντὶ
3476 1009 3575 1076 τῆς
3629 1030 3733 1082 μα-

2086 1096 2274 1172 καρίας
2332 1095 2492 1170 δόξης
2563 1096 2773 1168 ἐκείνης
2857 1097 2945 1152 καὶ
3032 1094 3334 1171 ἀγγελικῆς
3391 1096 3680 1168 ὀνομασίας
3716 1146 3730 1168 ,

2097 1181 2357 1248 διάϐολος
2391 1186 2599 1258 ἐκλήθη
2623 1187 2713 1241 καὶ
2739 1193 2977 1248 Σατανᾶς
2995 1187 3474 1261 προσωνόμαστάι.
3508 1186 3726 1262 Ἒρῥιψε

2085 1276 2186 1350 γὰρ
2242 1275 2399 1329 αὐτὸν
2462 1277 2489 1330 ὁ
2546 1276 2674 1339 Θεὸς
2730 1277 2803 1338 ὡς
2863 1277 3069 1348 ἀνάξιον
3139 1282 3236 1345 τῆς
3294 1277 3493 1330 ἀνωθεν
3554 1272 3729 1345 δόξης·

2091 1364 2501 1436 συναπεσπάσθη
2566 1363 2623 1421 δὲ
2678 1361 2824 1438 αὐτῷ
2873 1365 2961 1419 καὶ
3020 1358 3406 1435 συναπεϐλήθη
3463 1364 3551 1419 καὶ
3593 1368 3739 1430 πλῆ-

2095 1456 2186 1517 θος
2219 1454 2363 1510 πολὺ
2396 1460 2491 1509 τοῦ
2542 1456 2629 1510 ὑπ’
2688 1456 2847 1511 αὐτὸν
2895 1455 3167 1531 τάγματος
3196 1458 3302 1509 τῶν
3360 1454 3623 1530 ἀγγέλων,
3658 1452 3742 1509 σ’ί-

2090 1566 2250 1614 τινες,
2310 1546 2467 1600 κακοὶ
2524 1546 2836 1621 γεγονόντες
2891 1548 2984 1603 47
3048 1546 3147 1612 τὴν
3220 1546 3567 1618 προαίρεσιν,
3626 1544 3745 1615 καὶ,

2095 1637 2209 1690 ἀντὶ
2278 1640 2373 1690 τοῦ
2460 1636 2657 1711 ἀγαθοῦ
2711 1639 2780 1710 τῇ
2835 1634 3135 1706 ἀποστασία
3219 1633 3747 1706 ἐξακολουθήσαντες

342 1735 681 1790 daemonum
711 1736 1024 1799 nomen,ut
1050 1729 1400 1801 impostores
1431 1746 1497 1784 ac
1511 1728 1979 1799 circumscripto-

2093 1730 2191 1781 τοῦ
2248 1725 2520 1803 ἄρχοντος
2583 1727 2781 1796 αὐτῶν,
2843 1726 3097 1801 δαίμονες
3156 1725 3556 1800 ὠνομάσθησαν
3596 1770 3610 1797 ,
3671 1726 3744 1789 ὡς

337 1840 453 1883 res.
486 1826 866 1894 acceperunt.

410 1912 687 1969 Diabolus
708 1911 904 1982 igitur,
939 1908 1210 1979 abjurato
1242 1925 1484 1979 prorsus
1506 1907 1681 1963 bono.
1709 1907 1984 1979 malaque

337 2009 553 2059 natura
581 1998 1193 2070 assumpta,invidiam
1225 1997 1503 2052 adversus
1526 1998 1827 2051 hominem
1841 2014 1981 2052 con-

345 2092 503 2162 cepit
532 2092 683 2160 tSap.
718 2094 796 2158 ιι),
828 2094 1142 2159 prOpterea
1163 2087 1321 2158 quod
1343 2087 1603 2157 seipsum
1624 2104 1654 2142 e
1678 2093 1839 2141 tanta
1859 2087 1983 2158 glo-

341 2180 433 2234 ria
462 2179 737 2250 ejectum,
766 2176 937 2231 illum
969 2181 1164 2231 autem
1190 2177 1261 2230 ad
1286 2181 1512 2230 tantum
1535 2176 1822 2229 honorem
1845 2174 1986 2229 sub-

341 2274 569 2323 vectum
593 2266 997 2337 perspiceret:
1032 2280 1283 2335 eumque
1324 2282 1354 2319 e
1406 2264 1575 2319 beata
1618 2264 1722 2318 illa
1752 2264 1983 2319 vivendi

341 2356 571 2412 ratione
585 2355 841 2426 dejicere
856 2353 1425 2419 moliebatur.Quare
1439 2360 1775 2425 serpentem
1796 2354 1983 2425 impo-

343 2451 521 2501 sturze
554 2462 674 2500 sua}
705 2444 1006 2499 ofﬁcinam
1022 2450 1509 2514 nactus.pereum
1540 2444 1823 2498 feminam
1842 2460 1981 2499 con-

342 2534 518 2591 venit.
555 2535 817 2604 Cumque
846 2549 977 2587 eam
1010 2549 1112 2604 spe
1155 2533 1476 2588 divinitatis
1524 2532 1888 2601 adduxisset,
1922 2536 1986 2586 ut

340 2624 724 2680 interdictum
740 2622 964 2694 lignum
976 2622 1332 2693 degustaret.
1341 2639 1446 2693 per
1458 2638 1586 2677 eam
1602 2628 1805 2693 postea
1816 2622 1987 2676 etiam

341 2714 635 2769 Adamum
665 2717 827 2781 (nam
859 2712 971 2766 hoc
1001 2711 1191 2783 primo
1219 2712 1443 2767 homini
1477 2728 1693 2767 nomen
1742 2711 1873 2782 fuit)
1922 2711 1982 2764 in

339 2804 610 2859 fraudem
643 2803 898 2875 impulit.
931 2804 1112 2857 Porro
1151 2808 1369 2869 autem,
1421 2809 1485 2857 ut
1532 2804 1759 2874 primus
1807 2802 1982 2855 homo

342 2900 550 2950 contra
576 2893 840 2947 divinum
868 2892 1183 2963 imperium
1206 2892 1582 2947 interdictam
1600 2892 1863 2963 plantam
1879 2890 1982 2944 de-

339 2983 653 3057 gustavit,a
665 2999 896 3037 summo
910 2987 1152 3054 parente
1166 2989 1342 3052 atque
1355 2982 1675 3037 architecto
1699 3000 1728 3037 e
1748 2981 1779 3035 d
1790 2981 1983 3036 elicia-

338 3089 472 3128 rum
505 3072 777 3144 paradiso
811 3071 1440 3141 exterminatur.atque
1456 3072 1817 3127 beataeillius
1839 3072 1980 3126 etab

339 3162 517 3218 exitio
549 3162 832 3217 immunis
863 3162 997 3216 vitae
1029 3162 1157 3216 loco
1190 3162 1250 3216 in
1281 3162 1432 3217 hanc
1456 3163 1595 3226 (heu
1621 3161 1659 3232 ί)
1701 3162 1980 3217 ιῐιίεμηιῐῐι

337 3252 514 3306 vitam
549 3251 774 3307 incidit.
808 3267 877 3305 ac
908 3258 1206 3322 postremo
1241 3258 1427 3305 morte
1461 3251 1765 3306 multatur.
1791 3255 1980 3323 Atque

338 3342 498 3396 hunc
527 3340 682 3395 vires
713 3346 921 3395 nactus
952 3339 1308 3401 diabolus,et
1336 3340 1978 3407 victoriaelatus,aucto

335 3428 649 3485 hominum
670 3444 907 3501 genere,
928 3445 1102 3484 omne
1124 3428 1520 3500 improbitatis
1542 3445 1727 3498 genus
1750 3431 1895 3501 ipsis
1919 3448 1979 3487 1n

335 3518 605 3574 animum
638 3518 951 3591 injecit.Ex
965 3534 1081 3589 quo
1104 3518 1323 3574 factum
1338 3524 1428 3573 est
1443 3519 1661 3573 utDeus
1678 3519 1978 3591 ingentem

332 3607 559 3681 peccati
575 3608 861 3679 impetum
875 3623 1146 3663 coercere
1160 3624 1227 3662 ac
1244 3609 1564 3678 reprimere
1579 3608 1979 3677 volens,terrae

334 3697 621 3753 diluvium
640 3697 1142 3768 induxerit,atque
1158 3714 1398 3751 omnem
1413 3697 1673 3752 animam
1688 3698 1978 3755 viventem

336 3786 684 3843 exstinxerit
713 3787 868 3851 (Gen.
902 3787 1169 3855 vu).Cum
1188 3792 1385 3842 autem
1406 3804 1586 3843 unum
1612 3786 1896 3843 duntaxat
1917 3790 1979 3845 in

335 3877 441 3932 illa
470 3882 641 3931 aatate
664 3877 898 3947 justum
910 3877 1096 3930 virum
1119 3877 1462 3940 invenisset,
1478 3878 1636 3932 hunc
1649 3896 1782 3933 cum
1795 3896 1978 3934 uxore

327 3982 395 4021 ac
427 3965 632 4021 liberis
656 3966 718 4020 in
741 3982 877 4020 arca
898 3966 1152 4035 quadam
1180 3973 1472 4021 servatum
1522 3967 1711 4021 solum
1736 3968 1796 4023 in
1824 3975 1977 4023 terra

327 4055 650 4110 constituit.
687 4058 1078 4126 Posteaquam
1107 4062 1305 4109 autem
1324 4075 1337 4108 ι
1353 4071 1556 4109 ursum
1573 4056 1848 4111 homines
1865 4075 1973 4113 nu-

325 4160 489 4200 mero
523 4144 721 4216 augeri
749 4149 1073 4215 reaperuut,
1110 4144 1209 4199 Dei
1265 4144 1559 4199 oblivione
1610 4146 1763 4216 capti
1816 4152 1972 4217 sunt,

323 4239 504 4305 atque
536 4232 609 4288 ad
625 4233 953 4305 graviorem
981 4228 1347 4306 impietatem
1363 4242 1856 4307 proruperunt,ut
1874 4236 1972 4308 qui

324 4322 574 4378 diversis
604 4323 861 4395 peccatis
893 4323 952 4378 in
977 4324 1317 4380 servitutem
1341 4341 1402 4379 se
1434 4325 1973 4397 addixerint,atque

320 4413 385 4469 in
416 4413 577 4469 varia
607 4429 874 4468 errorum
906 4429 1122 4487 genera
1153 4413 1555 4470 distraxerint.

385 4592 502 4650 Alii
532 4592 693 4649 enim
716 4609 855 4649 casu
880 4609 948 4647 ac
970 4592 1217 4647 fortuito
1240 4593 1442 4647 omnia
1463 4593 1605 4648 ferri
1651 4591 1962 4664 providen-

312 4683 529 4756 timque
555 4683 820 4755 expertia
847 4698 975 4737 esse
1005 4688 1373 4737 censuerunt
1399 4700 1412 4748 ;
1434 4688 1717 4753 tanquam
1740 4681 1968 4736 scilicet

312 4773 517 4831 nullus
549 4773 834 4829 Dominus
866 4771 944 4827 sit
974 4771 1075 4842 qui
1106 4787 1177 4827 ea
1196 4777 1359 4843 regat
1375 4787 1441 4826 ac
1472 4770 1831 4826 moderetur.
1848 4770 1964 4827 Alii

2096 1815 2293 1871 πλάνοι
2324 1817 2413 1871 καί
2445 1819 2766 1880 ἀπατεῶνες.

2165 1907 2572 1983 Ἀρνησάμενος
2632 1909 2720 1962 οὖν
2780 1906 2950 1978 πάντη
2991 1907 3053 1962 τὸ
3112 1907 3307 1983 ἀγαθὸν
3368 1906 3396 1960 ὁ
3454 1900 3738 1969 διάϐολος.

2090 1995 2177 2050 xui
2220 1998 2464 2071 πονηρὰν
2517 1992 2969 2071 προσλαϐόμενος
3001 1997 3182 2073 φύσιν,
3215 1994 3413 2074 φθόνον
3462 1993 3738 2067 ἀνεδέξατο

2088 2084 2227 2160 πρὸς
2256 2087 2347 2140 τὸν
2404 2084 2710 2158 ἄνθρωπον,
2742 2088 2883 2160 ὁρῶο
2941 2086 3125 2141 ἑαυτὸν
3160 2086 3255 2158 μὶν
3284 2083 3343 2139 ἐκ
3397 2082 3741 2155 τηλικαύτης

2090 2173 2458 2253 ἀποῤῥιφέντα
2498 2173 2679 2249 δόξης,
2740 2176 2941 2231 ἐκεῖνον
2995 2174 3053 2231 δὲ
3086 2176 3222 2251 πρὸς
3278 2177 3536 2245 τοιαύτην
3566 2177 3735 2247 τιμήν

2093 2264 2440 2341 ἀναγόμενον,
2498 2266 2588 2321 καὶ
2648 2265 3039 2342 ἐμηχανήσατο
3098 2261 3346 2321 ἐκϐαλεῖν
3418 2264 3577 2321 αὐτὸν
3636 2272 3741 2334 τῆς

2096 2354 2358 2429 μακαρίας
2388 2353 2596 2427 ἐκείνης
2652 2353 2949 2432 διαγωγῆς.
3009 2357 3115 2414 Τὸν
3147 2354 3266 2434 ὅφιν
3328 2354 3417 2410 οὖν
3459 2352 3735 2429 ἐργαστή-

2093 2463 2208 2517 ριον
2239 2450 2341 2513 τῆς
2372 2442 2510 2508 ἰδίας
2537 2445 2750 2516 πλάνης
2801 2441 3129 2518 λαϐόμενος,
3188 2442 3259 2499 δι’
3288 2444 3451 2499 αὐτοῦ
3480 2442 3737 2516 ὡμίλησε

2090 2536 2158 2606 τῇ
2190 2534 2425 2609 γυναικὶ,
2464 2535 2553 2589 καὶ
2600 2536 2791 2598 πείσας
2843 2536 3009 2602 αὐτὴν
3042 2540 3227 2613 φαγεῖν
3262 2532 3321 2590 ἐκ
3368 2537 3465 2589 τοῦ
3520 2533 3734 2607 ἀπηγο-

2094 2625 2357 2696 ρευμένου
2414 2622 2618 2679 ἐκείνου
2675 2624 2837 2696 ξύλου
2896 2622 3080 2680 ἐλπίδι
3140 2623 3406 2691 θεώσεως,
3440 2620 3509 2677 δι’
3567 2622 3735 2691 αὐτῆς

2091 2712 2340 2783 ἠπάτησε
2393 2713 2483 2768 καὶ
2528 2715 2622 2769 τὸν
2677 2712 2849 2787 Ἀδὰμ
2881 2758 2894 2783 ,
2947 2712 3089 2768 οὕτω
3143 2717 3240 2768 τοῦ
3299 2709 3735 2784 πρωτοπλάστου

2090 2801 2413 2871 κληθέντος.
2475 2805 2577 2860 Καὶ
2636 2802 2824 2880 φαγὼν
2858 2805 2885 2858 ὁ
2916 2807 3131 2878 πρῶτος
3184 2801 3471 2876 ἅνθρωπος
3502 2806 3598 2856 τοῦ
3632 2824 3733 2879 qm.

2089 2895 2187 2945 τοῦ
2244 2899 2343 2961 τῆς
2399 2900 2680 2965 παρακοῆς
2735 2892 3006 2967 ἐξόριστος
3070 2891 3268 2967 γίνεται
3325 2895 3423 2947 τοῦ
3478 2888 3734 2966 παραδεί-

2094 3001 2189 3035 σου
2213 2988 2314 3051 τῆς
2366 2989 2575 3059 τρυφῆς
2636 2988 2711 3053 (1)
2773 2982 2875 3036 ὑπὸ
2924 2985 3020 3036 τοῦ
3078 2985 3444 3058 Δημιουργοῦ,
3478 2982 3589 3049 καὶ,
3620 2979 3736 3035 ἀντὶ

2090 3072 2190 3137 τῆς
2238 3071 2502 3145 μακαρίας
2560 3077 2704 3141 ζωῆς
2751 3070 2955 3139 ἐκείνης
3010 3071 3098 3125 καί
3159 3068 3464 3145 ἀνωλέθρου
3522 3067 3734 3144 διαγω-

2094 3166 2220 3233 γῆς,
2281 3159 2356 3222 εἷς
2400 3161 2499 3228 τὴν
2560 3159 2748 3224 ἀθλίαν
2806 3159 3004 3231 ταύτην
3054 3160 3144 3214 καὶ
3196 3157 3539 3228 ταλαίπωρον
3601 3164 3729 3233 (φεῦ

2093 3270 2185 3321 μοι
2222 3251 2256 3321 l)
2293 3250 2480 3324 βιοτήν
2540 3248 2820 3323 ἐμπιπτει,
2879 3249 2970 3304 καὶ
3028 3251 3252 3313 θάνατον
3301 3249 3361 3303 τὸ
3412 3246 3726 3302 τελευταῖου

2086 3336 2519 3408 καταδικάζεται.
2555 3341 2824 3404 Ἐντεῦθεν
2860 3340 3016 3415 ἴσχὺν
3050 3340 3077 3393 ὁ
3112 3334 3367 3400 διάϐολος
3413 3332 3597 3392 λαϐὼν
3636 3338 3729 3392 καὶ

2086 3430 2154 3501 τῇ
2187 3428 2306 3502 νίκῃ
2349 3427 2792 3505 ἐγκαυχώμενος,
2847 3427 3251 3498 πΛηθυνθέντος
3286 3432 3381 3482 τοῦ
3410 3428 3591 3502 γένους
3618 3432 3729 3481 τῶν

2086 3516 2411 3592 ἀνθρώπων,
2446 3518 2543 3573 48
2603 3521 2770 3571 πᾶσαν
2831 3516 3020 3579 κακίας
3075 3513 3199 3570 ὁδὸν
3232 3514 3418 3577 αὐτοῖς
3478 3514 3725 3585 ὑπέθετο,

2084 3606 2173 3669 Ὦς
2206 3650 2218 3674 ,
2280 3604 2516 3669 ἐντεῦθεν
2574 3603 2827 3679 διακόψαι
2884 3606 2983 3674 τὴν
3033 3602 3251 3673 πολλὴν
3310 3606 3410 3673 τῆς
3462 3602 3732 3679 ἁμαρτίας

2086 3697 2253 3772 φοράν
2315 3694 2673 3769 βουλόμενος,
2700 3695 2727 3748 ὁ
2761 3696 2888 3756 Θεὸς
2944 3692 3326 3767 κατακλυσμὸν
3388 3691 3632 3768 ἐπήγαγε
3658 3696 3730 3766 τῇ

2084 3787 2180 3859 γῇ,
2239 3783 2509 3845 ἀπολέσας
2562 3788 2732 3838 πᾶσαν
2791 3785 2974 3858 ψυχὴν
3046 3787 3239 3852 ζῶσαν
3298 3780 3389 3837 ἕνα
3445 3780 3504 3837 δὲ
3562 3782 3729 3854 μόνον

2085 3872 2256 3944 εὑρὼν
2290 3869 2498 3927 δίκαιον
2531 3871 2581 3927 ἐν
2613 3876 2682 3945 τῇ
2712 3878 2863 3949 γενεᾷ
2893 3872 3088 3946 ἐκείνῃ,
3130 3876 3322 3927 τοῦτον
3375 3871 3465 3927 σὸν
3514 3872 3728 3945 γυναικὶ

2083 3962 2171 4016 καὶ
2214 3963 2421 4023 τέκνοις
2481 3963 2533 4017 ἐν
2592 3957 2813 4033 κιϐωτῷ
2859 3984 2967 4016 τινι
3025 3961 3355 4034 περισώσας,
3411 3962 3729 4033 μονώτατον

2086 4049 2161 4111 εἰς
2192 4053 2291 4120 τὴν
2323 4058 2422 4124 γῆν
2455 4051 2797 4120 κατέστησεν.
2827 4051 3020 4106 Ἡνίκα
3051 4047 3108 4103 δὲ
3163 4047 3367 4123 ἤρξατο
3426 4047 3592 4105 πάλιν
3652 4048 3735 4113 εἷς

2081 4139 2291 4208 πλῆθος
2320 4142 2382 4195 τὸ
2410 4144 2517 4195 τῶν
2568 4141 2869 4214 ἀνθρώπων
2921 4139 3077 4212 γένος
3137 4143 3363 4213 χωρεῖν,
3396 4136 3729 4193 ἐπελάθοντο

2080 4233 2175 4283 τοῦ
2236 4233 2368 4284 Θεοῦ
2425 4229 2513 4283 καὶ
2568 4227 2644 4290 εἷς
2704 4232 2889 4302 χεῖρον
2949 4222 3193 4288 ἀσεϐείας
3256 4227 3565 4302 προέκοψαν
3628 4232 3729 4301 (2),

2080 4316 2362 4394 διαφόροις
2396 4315 2759 4379 δουλωθέντες
2787 4318 3167 4393 ἁμαρτήμασι,
3198 4317 3288 4371 καὶ
3329 4313 3526 4378 δεινοῖς
3558 4337 3728 4372 κατα-

2081 4407 2366 4483 φθαρὲντες
2398 4408 2737 4478 ἀτοπήμασι,
2769 4406 2858 4461 καὶ
2920 4406 2995 4469 είς
3023 4403 3340 4482 πολυσχιδῆ
3377 4408 3449 4481 (3)
3505 4403 3726 4475 πλάνην

2002 4489 2044 4553 D
2078 4496 2530 4572 διαμερισθέντες.

2147 4588 2211 4646 Οἳ
2252 4588 2345 4660 μὲν
2377 4590 2481 4663 γὰρ
2538 4590 2617 4661 (4)
2671 4586 2991 4661 αὐτομάτως
3048 4587 3300 4665 φέρεσθαι
3328 4587 3392 4642 τὸ
3423 4590 3521 4642 πᾶν
3580 4582 3717 4640 ἐνό-

2079 4700 2258 4751 μισαν,
2315 4678 2406 4734 κάὶ
2471 4678 2787 4753 ἀπρονόητα
2868 4676 3229 4754 ἐδογμάτισαν
3265 4723 3280 4746 ,
3347 4678 3421 4741 ὠς
3484 4674 3722 4750 μηδενὸς

2074 4768 2431 4847 ἐφεστηκότος
2488 4767 2779 4824 Δεσπότου·
2838 4764 3002 4824 ἄλλοι
3078 4766 3409 4845 εῗμαρμὲνην
3487 4765 3725 4843 εἰσηγή-

382 4976 466 5103 (lg
492 4978 638 5033 Gen.
672 4994 752 5035 ιη.
784 4978 858 5062 23'
907 4975 989 5030 Cf.
1025 4980 1065 5032 t.
1098 4977 1195 5061 IlI,
1228 4994 1285 5065 p_-
1321 4979 1410 5044 31,
1462 4994 1519 5033 n.
1556 4982 1607 5035 2.
1637 4978 1739 5063 Th.
1791 4978 1979 5033 Prodr

385 5049 401 5103 i
471 5047 676 5103 ακούω.
703 5043 1058 5103 Ἐκϐαλλεται
1089 5066 1189 5103 γαρ
1213 5068 1315 5103 της
1343 5055 1553 5103 τρυφῆς
1584 5070 1684 5103 του
1715 5050 1946 5103 γωοίου.

2089 4996 2176 5043 us,
2226 4982 2454 5034 Tetrast.
2488 4995 2544 5049 p.
2580 4980 2651 5043 8;
2702 4973 2929 5039 Βλέπεις
2972 4975 3063 5031 τὸν
3108 4972 3240 5031 ’Λδά
3318 4974 3493 5046 ςΝαὶ,
3529 4972 3726 5070 βλέπω

2089 5071 2109 5102 ν
2155 5047 2212 5103 δὲ
2263 5055 2439 5103 μισεῖν
2470 5051 2566 5103 τοῦ
2613 5052 2782 5103 κακοῦ
2826 5049 2924 5103 τῆν
2972 5047 3168 5103 αἰτίαν.
3218 4997 3287 5103 ’ὅ
3320 5046 3365 5102 δ’
3414 5046 3522 5103 ἀλλ
3589 5046 3726 5101 ἐπι-

312 5043 676 5126 καὶδακριξω.
703 5043 1064 5126 Ἐκϐάλλεται
1089 5047 1189 5126 γάρ
1213 5043 1553 5126 ἑῆς-τρυφῆς
1584 5053 1687 5126 τοᾷ
1715 5050 1946 5126 χωρίου.
1981 5050 2109 5126 ᾼέον
2155 5047 2212 5105 δὲ
2263 5055 2439 5121 μισεῖν
2470 5043 2566 5103 τοῦ
2582 5052 2782 5126 μκακοῦ
2826 5049 2924 5116 τήν
2939 5047 3168 5126 -αἷτίαι
3218 5043 3279 5126 ’β
3320 5046 3392 5126 δ’⁸
3414 5043 3542 5126 ἀλλ’
3589 5046 3727 5126 ἐπι-

314 5119 479 5196 γνοὶξς
511 5117 877 5196 παῖδα-γενγᾷ
907 5117 1181 5196 «av-xm.
1212 5117 1557 5194 Suvig'ny'us,
1591 5122 1691 5196 qui
1717 5117 1873 5196 bene
1898 5139 1979 5177 scr

2090 5122 2134 5176 it
2161 5117 2339 5196 τοῦ-χλ
2379 5140 2484 5194 pro
2511 5122 2611 5196 σοῦ
2639 5124 2721 5192 (et
2754 5122 2974 5196 es_t1:_g’5_
3005 5121 3085 5196 _in
3144 5120 3272 5196 cod.
3334 5122 3513 5196 283i),
3536 5121 3729 5196 _male

316 5187 575 5283 conjecit
603 5191 641 5275 6_
663 5187 709 5245 δ’
731 5187 899 5283 ἀλλ’,
922 5214 949 5240 ‹‹
978 5198 1050 5283 ut
1076 5192 1153 5274 sit
1181 5187 1409 5283 sensujs.
1430 5187 1552 5275 alid
1574 5187 1724 5249 ηῖαια
1744 5194 1967 5283 edoctus
1988 5187 2143 5283 est.»
2171 5187 2780 5283 Nihirjmtandumlnljl‘s't
2804 5191 2848 5283 ξ’
2883 5187 3730 5283 55115:"conjuncti'onisforma

309 5263 596 5337 frequens
627 5264 688 5319 in
721 5263 1109 5334 scriptoribus
1139 5264 1289 5327 istis,
1323 5271 1383 5319 et
1410 5267 1582 5336 cujus
1614 5266 1885 5337 exempla
1914 5266 2064 5337 colle

2069 5267 2123 5357 gi
2156 5267 2229 5322 ad
2261 5268 2545 5357 liilcetam,
2577 5283 2635 5337 p.
2660 5269 2782 5351 θος.
2817 5262 3101 5356 Ἐτξιγνρὺς
3131 5260 3329 5357 αἶτίαν,
3566 5264 3732 5357 scili-

314 5329 687 5413 cet,'_dictum
716 5341 808 5391 est
835 5329 971 5391 cum
1001 5343 1274 5409 respectu
1304 5337 1378 5393 ad
1410 5329 1549 5393 Gen.
1581 5354 1656 5407 1v,
1690 5341 1714 5392 1
1744 5355 1757 5393 :
1789 5329 1964 5410 Ἀδὰμ

2089 5329 2218 5412 ἔγνω
2267 5333 2405 5395 Εὕαν
2457 5329 2556 5407 τὴν
2578 5329 2835 5413 ’γυναῖκα
2864 5329 3047 5409 αὐτοῦ,
3074 5334 3163 5391 καὶ
3194 5330 3544 5393 συλλαϐοῦσα
3571 5329 3730 5390 ἓτεκε

310 5408 403 5463 τὸν
438 5409 593 5465 Καϊν.

385 5483 464 5550 (2)
504 5482 564 5549 Ο,
594 5478 675 5554 εἷς
705 5476 942 5554 χείροναΔ
957 5472 1350 5554 πρ.ῗᾶσέϐειαν.

492 5547 627 5632 god.
653 5547 1010 5632 _1toluu)(68§l
1043 5553 1285 5632 Lemma.
1316 5553 1632 5611 metricum
1664 5553 1726 5632 in
1754 5555 1802 5632 Α
1826 5569 1845 5632 3
1875 5554 1979 5632 Ὅσ

2089 5557 2156 5632 ῐεν
2188 5552 2584 5632 πῇςμέξέφυσαν
2612 5549 2866 5632 αἱρέσεις.

387 5622 468 5699 (4)
498 5625 693 5687 Schol.
725 5626 788 5686 in
817 5622 904 5687 AT:
939 5624 992 5679 οἱ
1021 5622 1336 5701 Αἲγύπτιοι·
1370 5633 1431 5684 et
1457 5643 1616 5701 mox,
1647 5627 1721 5683 ad
1751 5622 1915 5683 ἄλλοι
1946 5625 1979 5681 εἲ

2111 5626 2163 5682 οἱ
2195 5622 2486 5700 Ἕλληνές.
