4042 6154
304 280 406 339 911

1824 282 2191 339 ADDENDA.

3601 288 3709 343 912

301 412 430 484 ipso
462 410 894 482 promanarunt
918 404 1267 461 transmissa
1297 401 1539 475 pietate,
1574 419 1674 458 eos
1706 402 1809 458 viri
1842 405 1944 459 Dei

2064 406 2117 458 τὸ
2181 404 2395 479 σπέρμα
2444 406 2605 462 αὐτοῦ
2664 408 2895 472 ἐλθεῖνὸ
2929 408 3206 477 Δεσπότης
3262 405 3547 480 εὗδόκησε,
3604 411 3694 466 καὶ

299 501 640 573 cognitione
672 497 972 553 instruxit.
1002 498 1262 565 Eamque
1294 495 1367 548 ob
1400 510 1639 548 causam
1669 496 1959 548 Dominus

302 607 510 647 semen
537 588 723 660 ipsius
770 588 832 640 in
888 585 1185 639 infinitam
1246 583 1689 638 multitudinem
1753 600 1962 638 excre—

304 697 472 737 scere
492 679 695 745 voluit,
714 676 1119 747 populumque
1136 674 1243 727 sibi
1265 672 1623 743 peculiarem
1641 673 1963 743 appellavit

302 771 459 842 (Gen.
495 784 594 829 xv;
626 768 798 820 IPet.
856 768 952 833 11);
1016 778 1235 832 eosque
1290 762 1569 832 [Egyptice
1627 763 1845 833 gentis.
1896 779 1961 815 ac

303 858 543 931 tyranni
559 855 882 911 Pharaonis
898 854 1178 908 servitute
1195 868 1428 922 pressos
1444 851 1634 905 editis
1648 851 1962 905 horrendis

305 956 484 1019 atque
516 944 885 1001 admirandis
918 943 1102 1012 signis
1124 948 1181 996 et
1204 941 1487 1013 prodigiis
1513 958 1615 1011 per
1640 943 1877 1012 Moysen
1907 946 1965 995 et

307 1043 626 1104 Aaronem,
658 1035 814 1089 viros
847 1038 1085 1087 sanctos
1117 1048 1183 1086 ac
1210 1030 1535 1101 prOphetiaa
1563 1030 1716 1083 dono
1746 1029 1964 1099 przedi-

316 1135 429 1195 tos,
463 1127 665 1181 eduxit
693 1125 898 1194 (Exodi
926 1124 1042 1193 xv).
1094 1122 1353 1185 Quorum
1377 1120 1554 1174 etiam
1588 1135 1767 1189 Opera
1796 1121 1960 1190 Egy-

311 1219 497 1291 ptios,
524 1232 633 1287 pro
656 1231 721 1269 eo
751 1213 1204 1283 atqueipsorum
1231 1209 1577 1279 improbitas
1601 1208 1959 1275 merebatur,

314 1306 696 1364 excruciavit:
724 1302 1093 1357 etlsraelitas
1116 1300 1221 1369 (sic
1242 1299 1398 1352 enim
1424 1298 1680 1369 populus
1715 1298 1838 1364 ille,
1862 1299 1962 1367 qui

303 1399 378 1454 ab
406 1396 741 1452 Abrahamo
776 1398 972 1447 ortum
1005 1390 1191 1456 duxit,
1225 1387 1563 1457 vocabatur)
1601 1388 1775 1441 siccis
1804 1387 1965 1457 pedi-

302 1489 339 1544 b
356 1506 429 1543 us
451 1504 556 1559 per
577 1485 839 1541 Rubrum
865 1499 1048 1538 mare.
1078 1481 1277 1536 scissis
1302 1480 1962 1549 videlicetaquis,atque

299 1583 432 1632 tum
455 1594 489 1632 a
508 1577 717 1631 dextra
736 1581 858 1628 tum
881 1590 913 1628 a
938 1572 1179 1627 sinistra
1201 1571 1355 1624 muri
1382 1570 1568 1623 instar
1588 1569 1963 1633 eilectis,tra-

302 1667 470 1739 jecit.
502 1669 647 1721 Cum
671 1671 868 1720 autem
892 1664 1120 1717 Pharao
1148 1668 1204 1714 et
1220 1661 1470 1731 Aigyptii
1498 1676 1531 1713 a
1554 1666 1713 1729 tergo
1740 1675 1839 1712 eos
1870 1674 1963 1711 se—

3336 495 3711 563 δουλωθέντας

2064 581 2259 643 αὐτοὺς
2293 582 2428 638 ἔθνει
2461 586 2748 659 Αἰγυπτίῳ
2779 586 2866 641 καὶ
2918 591 3119 660 Φαραῷ
3167 607 3268 639 τινι
3317 589 3561 661 τυράννῳ
3609 611 3712 659 ση-

2067 672 2241 742 μείοις
2292 674 2379 725 καὶ
2451 676 2635 746 τέρασι
2697 682 2945 749 φρικτοῖς
2997 675 3087 729 καί
3146 675 3397 747 ἐξαισίοις
3457 677 3712 753 ἐξήγαγει

2065 760 2264 824 ἐκεῖθεν
2300 761 2388 817 ’διά
2434 766 2680 825 Μωσέως
2734 765 2824 819 καὶ
2868 766 3099 837 Ἀαρὼν,
3140 763 3348 839 ἀνδρῶν
3399 767 3568 840 ἁγίων
3622 766 3717 821 καὶ

2067 852 2251 925 χάριτι
2316 854 2650 928 προφητείας
2738 852 3118 926 δοξασθέντων·
3182 852 3251 907 δι’
3309 856 3383 908 ὧν
3440 857 3528 909 καὶ
3585 856 3716 919 τοὺς

2066 938 2397 1012 Αἰγυπτίους
2431 940 2687 996 ἐκόλασεν
2722 943 2882 1012 ἀξίως
2912 951 3011 1011 τῆς
3070 943 3241 997 αὐτῶν
3285 945 3574 1018 πονηρίας,
3624 947 3714 1001 καὶ

2063 1029 2189 1089 τοὺς
2236 1030 2573 1103 Ἰσραηλίτας
2634 1031 2799 1105 (οὕτω
2849 1032 2950 1106 γάρ
3006 1033 3033 1086 6
3089 1031 3220 1093 λαὸς
3275 1030 3474 1095 ἐκεῖνος
3530 1036 3557 1088 6
3614 1040 3714 1089 τοῦ

2063 1112 2312 1190 Ἃϐραάμ
2364 1119 2633 1194 ἀπόγονος
2693 1120 2979 1194 ἐκέκλητο)
3034 1118 3121 1175 διὰ
3178 1122 3340 1194 ξηρᾶς
3396 1124 3494 1191 τὴν
3556 1125 3713 1199 Ἐρυ-

2064 1207 2190 1281 θράν
2220 1206 2487 1262 θάλασσαν
2549 1207 2797 1284 διήγαγε,
2860 1207 3279 1285 διασχισθέντων
3331 1215 3438 1265 τῶν
3499 1209 3707 1268 ὑδάτων

2064 1296 2153 1349 καί
2183 1302 2372 1371 τεῖχος
2405 1297 2463 1351 ἐκ
2513 1296 2697 1370 δεξιῶν
2741 1299 2830 1353 καὶ
2877 1305 3062 1374 τεῖχος
3113 1300 3163 1370 ἐξ
3213 1298 3509 1372 εὐωνύμων
3554 1324 3710 1377 γεγε-

2064 1386 2314 1456 νημένων
2479 1392 2575 1441 τοῦ
2606 1385 2662 1441 δὲ
2694 1388 2895 1460 Φαραὼ
2926 1387 3014 1441 καί
3064 1392 3170 1442 τῶν
3224 1389 3537 1462 Αἰγυπτίων
3593 1395 3711 1446 κατ’

2066 1471 2227 1547 ἴχνος
2254 1476 2432 1529 αὐτῶν
2492 1476 2868 1544 εἰσελθόντων,
2924 1477 3393 1552 ἐπαναστραφέντα
3431 1480 3496 1533 τὰ
3543 1478 3711 1536 ὕδατα

2066 1563 2234 1639 ἂρδην
2295 1566 2490 1628 αὐτοὺς
2548 1566 2848 1625 ἀπώλεσεν.
2903 1572 2992 1626 5|
3064 1570 3193 1624 Εἶτα
3244 1571 3477 1642 θαύμασι
3556 1574 3714 1647 μεγί-

2065 1674 2212 1716 στοις
2244 1656 2331 1709 καὶ
2369 1656 2702 1732 θεοφανείαις
2744 1656 2830 1711 ἐπὶ
2884 1657 3106 1732 χρόνοις
3153 1658 3551 1733 τεσσαράκοντα
3597 1658 3714 1715 δια-

2066 494 2195 547 λαὸν
2258 495 2569 563 περιούσιον
2624 499 2771 569 αὑτῷ
2828 498 3100 570 ὠνόμασε,
3158 499 3245 551 καὶ

309 1762 917 1827 querentur,reversa3
934 1768 1100 1822 aquas
1121 1767 1220 1805 eos
1234 1766 1477 1820 prorsus
1492 1749 1854 1803 deleverunt.
1882 1750 1956 1800 Ac

2070 1743 2250 1817 γαγὼν
2284 1745 2373 1797 τὸν
2407 1746 2534 1799 Λαὸν
2561 1746 2613 1799 ἐν
2652 1750 2720 1818 τῇ
2773 1746 2965 1821 ἐρήμῳ
3014 1747 3103 1801 καὶ
3148 1749 3295 1821 ἄρτῳ
3345 1748 3583 1822 οὐρανίῳ
3629 1748 3710 1805 δι-

306 1852 533 1921 postea.
578 1862 713 1901 cum
748 1861 854 1915 per
888 1843 1149 1898 maxima
1168 1840 1458 1895 miracula
1479 1840 1826 1908 divinosque
1842 1853 1945 1908 pro

316 1945 552 2010 spectus
567 1935 961 2007 quadraginta
974 1948 1266 1987 annorum
1285 1930 1472 2001 spatio
1491 1930 1777 2000 populum
1795 1929 1851 1981 in
1866 1928 1970 1980 de-

320 2035 476 2083 serto
504 2027 842 2090 deduceret,
864 2040 930 2078 ac
953 2022 1175 2077 cmlesti
1198 2037 1350 2091 pane
1376 2036 1509 2073 eum
1541 2020 1745 2084 aleret,
1779 2019 1967 2089 legem

308 2118 463 2189 (quae
488 2117 824 2169 futurorum
856 2118 1030 2182 typus
1055 2117 1230 2180 atque
1258 2108 1630 2163 adumbratio
1655 2113 1799 2160 erat.
1824 2106 1960 2176 lapi-

301 2206 429 2260 deis
464 2203 679 2258 tabulis
716 2201 1000 2255 divinitus
1054 2199 1115 2251 in
1136 2200 1420 2267 scriptam
1480 2196 1661 2259 dedit,
1714 2212 1966 2264 eamque

303 2294 375 2349 ab
389 2291 665 2347 omnibus
685 2288 1024 2343 simulacris
1045 2293 1104 2340 et
1117 2286 1426 2357 flagitiosis
1442 2284 1772 2339 actionibus
1786 2284 1965 2338 abdu-

304 2382 493 2446 cebat,
520 2380 836 2449 solumque
851 2393 1054 2431 verum
1081 2378 1267 2430 Deum
1284 2374 1551 2429 venerari
1583 2373 1849 2428 docebat.
1873 2374 1964 2427 Sic

305 2472 485 2542 igitur
501 2486 608 2541 per
629 2468 894 2540 ingentia
918 2466 1207 2520 miracula
1230 2465 1391 2536 ipsos
1416 2464 1476 2517 in
1500 2464 1718 2517 bonam
1743 2479 1959 2532 quam-

308 2561 444 2616 dam
462 2564 679 2614 terram
702 2557 1139 2626 induxit,quam
1159 2554 1299 2608 olim
1317 2553 1663 2623 patriarcha:
1680 2552 1765 2606 illi
1786 2551 1960 2606 Abra-

309 2651 487 2707 hamo
513 2664 574 2702 se
598 2646 784 2717 ipsius
818 2644 1032 2699 semini
1060 2643 1337 2697 daturum
1358 2646 1683 2712 receperat.
1717 2644 1796 2694 Ac
1827 2641 1955 2695 lon-

313 2755 452 2813 gum
486 2742 643 2791 esset
670 2749 1138 2790 commemorare
1169 2737 1313 2802 quot
1340 2747 1641 2801 quamque
1661 2746 1873 2802 magna
1904 2734 1960 2783 et

315 2826 667 2883 admiranda
688 2830 746 2879 et
767 2822 1211 2892 illustriaatque
1236 2821 1451 2875 eximia
1481 2820 1791 2876 benelicia.
1825 2836 1955 2888 quae

313 2934 630 2975 numerum
651 2932 887 2971 omnem
913 2914 1224 2973 excedunt.
1260 2914 1320 2967 in
1342 2930 1442 2967 eos
1456 2911 1793 2967 contulerit.
1813 2911 1956 2976 Qui-

312 3008 425 3066 bus
448 3006 723 3062 omnibus
755 3006 813 3059 id
845 3004 1143 3073 agebatur.
1171 3008 1238 3058 ut
1265 3002 1336 3057 ab
1356 3002 1514 3057 omni
1546 3000 1772 3056 nefario
1794 3000 1955 3055 cultu

306 3103 365 3154 et
381 3096 602 3169 ﬂagitio
615 3111 802 3168 genus
816 3095 1140 3148 humanum
1158 3092 1546 3157 abstraheret,
1566 3097 1742 3159 atque
1770 3090 1830 3143 in
1852 3105 1950 3142 ve-

302 3192 491 3242 terem
523 3192 741 3241 statum
768 3188 1086 3237 revocaret.
1114 3181 1307 3235 Nihilo
1332 3180 1523 3235 secius
1548 3185 1743 3233 tamen
1759 3178 1947 3233 adhuc

304 3282 518 3331 natura
549 3278 754 3327 nostra
783 3271 1001 3326 erroris
1054 3269 1309 3324 libertati
1371 3266 1681 3333 serviebat,
1732 3282 1799 3320 ac
1845 3282 1950 3335 per

304 3363 525 3420 diaboli
560 3360 934 3432 tyrannidem
967 3376 1128 3414 mors
1156 3359 1216 3412 in
1250 3358 1522 3412 homines
1556 3371 1803 3427 regnum
1845 3354 1951 3408 ob-

306 3452 555 3515 tinebat,
586 3464 912 3519 omnesque
961 3448 1159 3503 divina
1195 3447 1491 3501 sententia
1522 3444 1951 3499 condemnatos

304 3542 371 3597 in
401 3540 698 3595 infernum
732 3537 1189 3594 transmittebat.

378 3659 522 3713 Cum
546 3657 723 3729 igitur
742 3655 802 3709 in
823 3653 1113 3726 ejusmodi
1138 3652 1535 3708 calamitatem
1560 3669 1627 3708 ac
1651 3653 1951 3707 miseriam

302 3747 688 3813 venissemus,
712 3744 954 3797 minime
984 3760 1092 3796 nos
1117 3742 1384 3813 despexit
1406 3743 1519 3796 ista
1538 3760 1654 3813 quo
1669 3742 1849 3797 efﬁcti
1864 3747 1949 3796 at-

313 3852 428 3909 que
454 3836 515 3890 in
548 3839 742 3890 ortum
774 3831 1040 3903 producti
1068 3831 1409 3895 fueramus;
1442 3846 1634 3900 neque
1668 3847 1952 3885 manuum

313 3940 556 3981 suarum
586 3939 734 3993 opus
766 3920 1031 3974 funditus
1063 3921 1257 3991 perire
1289 3919 1437 3973 sivit.
1468 3922 1676 3973 Verum
1700 3920 1956 3990 benigna

313 4012 414 4069 Dei
444 4030 510 4067 ac
542 4011 730 4066 Patris
761 4010 1063 4063 voluntate
1096 4008 1439 4079 unigenitus
1486 4008 1690 4069 Filius,
1751 4014 1809 4061 et
1850 4008 1950 4061 Dei

307 4102 586 4167 Verbum,
620 4100 721 4170 qui
754 4104 843 4152 est
870 4098 931 4151 in
955 4098 1087 4151 sinu
1118 4097 1343 4161 Patris;
1374 4097 1496 4158 ille,
1528 4097 1952 4166 inquam,ejus-

304 4192 442 4247 dem
474 4205 609 4244 cum
641 4190 811 4242 Patre
843 4203 909 4241 ac
941 4186 1162 4258 Spiritu
1196 4191 1400 4241 sancto
1452 4185 1818 4248 substantiae,
1854 4183 1954 4237 ille

302 4296 425 4334 α)νο
458 4277 621 4333 omni
653 4275 975 4345 antiquior,
1003 4275 1104 4330 ille
1136 4275 1415 4346 principii
1449 4291 1681 4346 expers,
1738 4273 1838 4344 qui
1892 4273 1953 4326 in

301 4367 597 4441 principio
632 4372 776 4431 erat,
810 4372 867 4419 et
896 4364 1051 4435 apud
1091 4367 1271 4419 Deum
1317 4382 1383 4419 ac
1444 4368 1675 4419 Patrem
1719 4372 1862 4420 erat.
1900 4372 1956 4419 et

298 4460 451 4514 Deus
492 4461 637 4522 erat,
670 4454 744 4509 ad
776 4470 972 4508 servos
1007 4470 1144 4507 suos
1176 4453 1554 4524 indulgenter
1577 4470 1639 4506 se
1667 4453 1942 4519 dimittit;

300 4553 359 4602 et
381 4545 620 4619 quidem
646 4545 745 4609 ita,
772 4543 987 4597 uthzec
1012 4543 1293 4596 demissio
1319 4558 1425 4595 nec
1449 4540 1638 4595 verbis
1659 4541 1949 4595 declarari

296 4654 408 4693 nec
429 4640 629 4691 mente
647 4630 1068 4703 comprehendi
1094 4630 1353 4700 possit.N
1373 4645 1470 4682 am
1492 4645 1623 4682 cum
1642 4630 1794 4681 Deus
1810 4645 1943 4698 per-

289 4727 481 4783 fectus
509 4730 684 4790 esset,
718 4721 1017 4794 perfectus
1049 4719 1226 4772 homo
1260 4734 1330 4771 ex
1387 4716 1606 4787 Spiritu
1655 4723 1856 4771 sancto
1890 4724 1948 4771 et

289 4822 497 4872 sancta
525 4813 705 4869 Maria
736 4810 957 4881 virgine
988 4808 1089 4861 Dei
1110 4805 1393 4879 genitrice
1417 4804 1691 4871 efﬁcitur,
1726 4823 1849 4861 non
1874 4824 1944 4862 ex

2075 1838 2339 1909 ατρέφων,
2371 1835 2534 1906 νόμον
2572 1832 2770 1889 δέδωκε
2798 1835 2961 1905 πλαξὶ
2991 1835 3222 1900 λιθίναις
3252 1837 3430 1901 θεόθεν
3468 1860 3710 1913 γεγραμ-⁵

2079 1919 2257 1992 μένον,
2293 1922 2456 1996 ὅνπερ
2515 1921 2809 1997 ἐνεχείρισε
2862 1928 2940 1995 τῷ
3000 1926 3191 1980 Μωσεῖ
3238 1925 3322 1979 ἐπὶ
3381 1930 3477 1981 τοῦ
3527 1922 3709 2001 ὅρους,

2072 2007 2238 2063 τύπον
2287 2007 2409 2064 ὄντα
2466 2010 2555 2064 καὶ
2614 2014 2967 2089 σκιαγραφίαν
3025 2018 3131 2068 τῶν
3213 2015 3551 2087 μελλόντων,
3607 2022 3717 2072 τῶν

2077 2099 2171 2169 μὲν
2227 2096 2471 2153 εἰδώλων
2526 2100 2614 2153 καὶ
2672 2100 2887 2156 πάντων
2934 2106 3043 2157 τῶν
3115 2108 3365 2177 πονηρῶν
3441 2106 3717 2180 ἀπάγοντα

2072 2189 2335 2261 πράξεων,
2372 2191 2532 2264 μόνον
2569 2190 2626 2247 δὲ
2685 2190 3004 2249 διδάσκοντα
3054 2195 3146 2249 τὸν
3193 2192 3358 2257 ὅντως
3409 2192 3535 2251 ὅντα
3582 2199 3712 2253 Θεὸν

2071 2274 2458 2347 σέϐεσθαι,καὶ
2515 2286 2621 2336 τῶν
2678 2284 2891 2357 ἀγαθῶν
2952 2280 3126 2359 ἔργων
3184 2284 3518 2361 ἀντέχεσθαι·
3577 2291 3711 2345 Τοι-

2069 2367 2256 2429 αύταις
2318 2369 2407 2423 οὖν
2489 2371 2892 2447 τερατουργίαις
2982 2373 3265 2447 εἰσήγαγεν
3350 2374 3541 2439 αὐτοὺς
3628 2397 3708 2439 εις

2068 2456 2271 2531 ἀγαθήν
2302 2480 2422 2513 τινα
2446 2467 2569 2535 γῆν,
2604 2461 2775 2536 ἥνπερ
2808 2461 2977 2518 πάλαι
3030 2469 3110 2535 τῷ
3157 2465 3472 2541 πατριάρχῃ
3521 2465 3709 2540 ἐκείνῳ

2070 2543 2319 2623 Ἀϐραὰμ
2376 2549 2734 2626 ἐπηγγείλατο
2795 2550 2985 2607 δώσειν
3046 2553 3209 2608 αὐτοῦ
3262 2559 3340 2626 τῷ
3416 2564 3707 2632 σπέρματι.

2067 2637 2168 2692 Καὶ
2205 2638 2407 2712 μακρὸν
2440 2638 2497 2693 ἂν
2548 2639 2628 2711 εἴη
2684 2638 3045 2715 διηγήσασθαι
3096 2644 3196 2697 ’ὁσα
3245 2644 3321 2706 είς
3375 2645 3568 2708 αὐτοὺς
3624 2647 3705 2702 ἐν·

2065 2724 2301 2798 εδείξατο
2337 2728 2546 2803 μεγάλα
2574 2732 2662 2785 καὶ
2715 2734 3013 2805 θαυμαστὰ,
3072 2730 3256 2806 ἔνδοξά
3308 2756 3366 2789 τε
3418 2737 3507 2790 καὶ
3566 2736 3709 2808 ἐξαί-

2063 2839 2172 2883 σια,
2206 2820 2276 2872 ὧν
2311 2820 2410 2873 οὐκ
2441 2817 2579 2875 ἔστιν
2632 2822 2884 2897 ἀριθμος,
2932 2820 3002 2877 δι’
3046 2825 3118 2878 ὢν
3170 2825 3385 2879 πάντων
3434 2832 3594 2883 τοῦτο
3638 2832 3703 2897 ἦν

2059 2910 2121 2963 τὸ
2172 2908 2609 2983 σπουδαζόμενον
2692 2915 2868 2983 πάσης
2959 2911 3196 2987 ἀθέσμου
3282 2916 3531 2993 λατρείας
3612 2922 3699 2975 καὶ

2060 3000 2301 3074 πράξεως
2356 3002 2417 3056 τὸ
2482 3008 2589 3056 τῶν
2650 3003 2949 3079 ἀνθρώπων
3012 3005 3313 3060 ἀποσκάσαι
3373 3008 3548 3081 γένος,
3609 3010 3701 3065 καὶ

2060 3088 2136 3149 εἷς
2167 3092 2265 3159 τὴν
2318 3091 2547 3164 ἀρχαίαν
2593 3091 2941 3168 ἐπαναγαγεῖν
2996 3094 3331 3150 κατάστασιν.
3388 3095 3555 3152 Ἀλλά
3607 3098 3698 3152 καὶ

2060 3173 2139 3233 ἔτι
2158 3180 2549 3265 τῇναύτονομίᾳ
2576 3187 2675 3254 τῇς
2707 3182 2918 3254 πλάνης
2951 3183 3243 3241 ἐδουλοῦτο
3273 3187 3482 3265 ἡφύσις
3505 3190 3691 3261 ἡμῶν,

2054 3271 2143 3322 καὶ
2188 3264 2466 3326 ἐϐασίλευε
2520 3278 2627 3326 τῶν
2690 3275 2988 3349 ἀνθρώπων
3022 3276 3049 3329 6
3083 3264 3349 3346 θάνατος,
3379 3280 3447 3351 τῇ
3496 3298 3696 3353 τυραν-

2052 3357 2161 3413 νίδι
2192 3365 2287 3414 τοῦ
2322 3356 2583 3417 διαϐόλου
2614 3364 2701 3418 καὶ
2744 3369 2810 3437 τῇ
2864 3363 3123 3440 καταδίκῃ
3169 3371 3267 3421 τοῦ
3313 3364 3445 3439 ᾅδου
3491 3371 3696 3431 πάντας

2053 3453 2449 3527 παραπέμπων.

2126 3648 2219 3710 Ετς
2250 3651 2510 3719 τοιαύτην
2567 3651 2658 3704 οὗν
2709 3652 2992 3731 συμφορὰν
3041 3656 3131 3709 καὶ
3176 3656 3552 3731 ταλαιπωρίαν
3608 3659 3701 3716 ἐλ-

2057 3738 2243 3801 θόντας
2274 3741 2420 3811 ἡμᾶς
2470 3738 2532 3793 οὐ
2582 3738 2832 3815 παρεῖδεν
2868 3743 2894 3795 6
2926 3740 3137 3806 πλάσας
3195 3744 3286 3798 καὶ
3345 3744 3405 3800 ἐκ
3462 3748 3559 3801 τοῦ
3624 3752 3703 3820 μὴ

2057 3826 2206 3887 ὄντος
2239 3826 2313 3890 είς
2342 3827 2401 3881 τὸ
2433 3827 2565 3882 εἶναι
2600 3830 2950 3904 παραγαγὼν,
2984 3830 3107 3886 οὐδὲ
3163 3833 3366 3909 ἀφῆκεν
3421 3835 3498 3899 είς
3542 3836 3707 3901 τέλος

2056 3915 2354 3970 ἀπολέσθαι
2384 3918 2445 3971 τὸ
2475 3922 2581 3971 τῶν
2610 3924 2815 3993 χειρῶν
2861 3919 3025 3975 αὐτοῦ
3077 3920 3257 3996 ἔργον,
3309 3922 3436 3979 ἀλλ’
3485 3924 3713 3999 εὐδοκία

2058 4008 2158 4063 52
2185 4003 2279 4058 τοῖ’)
2338 4009 2470 4060 Θεοῦ
2520 4008 2609 4059 καὶ
2666 4010 2872 4080 Ματρὸς
2930 4010 3020 4063 καὶ
3080 4012 3333 4086 συνεργία
3394 4018 3492 4068 τοῦ
3550 4015 3711 4090 ἀγίου

2059 4092 2388 4164 Ιινεύματος,
2423 4097 2450 4148 6
2487 4098 2779 4171 μονογενής
2816 4099 2934 4158 Υἱὸς
2964 4098 3055 4153 καὶ
3098 4101 3271 4176 Λόγος
3329 4107 3427 4155 τοῦ
3485 4109 3643 4176 Θεοῦ,
3678 4107 3707 4160 ὁ

2060 4179 2131 4235 ὤν
2166 4181 2240 4243 εἰς
2272 4184 2363 4237 τὸν
2394 4183 2603 4238 κόλπον
2663 4190 2759 4239 τοῦ
2815 4188 3024 4261 ΙΙατρὸς
3073 4192 3175 4262 (9),
3211 4190 3237 4243 ὁ
3270 4191 3571 4262 ὁμοούσιος
3629 4200 3710 4267 τῷ

2058 4272 2228 4345 ΙΙατρὶ
2255 4272 2341 4326 καὶ
2390 4278 2470 4343 τῷ
2518 4275 2659 4347 ἁγίῳ
2710 4277 3003 4349 Πνεύματι,
3038 4279 3065 4332 6
3096 4282 3444 4351 προαιώνιος,
3479 4283 3507 4337 ὁ
3539 4280 3702 4360 ἄναρ-

2058 4381 2181 4436 χος,
2215 4363 2242 4415 ὁ
2275 4361 2324 4415 ἐν
2357 4363 2504 4438 ἀρχῇ
2560 4362 2653 4433 ὢν,
2707 4367 2792 4420 καὶ
2842 4368 2978 4436 πρὸς
3030 4368 3120 4422 τὸν
3174 4372 3301 4424 Θεὸν
3348 4373 3438 4425 καὶ
3494 4374 3705 4448 Πατέρα

2061 4447 2155 4517 ὥν,
2206 4452 2295 4505 καὶ
2354 4454 2483 4515 Θεὸς
2543 4453 2614 4509 ὢν
2671 4459 2801 4530 (10),
2868 4457 3277 4532 συγκαταϐαίνει
3336 4468 3452 4524 τοῖς
3510 4447 3699 4517 ἑαυτοῦ

2060 4537 2280 4602 δούλοις
2336 4539 2729 4616 συγκατάϐασιν
2787 4544 3053 4622 ἄφραστον
3122 4550 3209 4602 καὶ
3294 4550 3694 4620 ἀκατάληπτον,

2058 4629 2168 4695 καὶ,
2203 4631 2331 4689 Θεὸς
2364 4625 2437 4684 ὤν
2493 4631 2724 4703 τέλειος,
2783 4632 3065 4710 ἄνθρωπος
3123 4638 3333 4703 τέλειος
3386 4640 3584 4715 γίνεται
3639 4639 3702 4696 ἐκ

2058 4719 2371 4793 Πνεύματος
2434 4723 2589 4799 ἁγίου
2647 4726 2733 4778 καὶ
2789 4727 3001 4799 Μαρίας
3054 4731 3154 4793 τῆς
3213 4730 3371 4803 ἁγίας
3429 4731 3703 4806 Ηαρθένου

2058 4807 2148 4861 καὶ
2180 4810 2467 4881 Θεοτόκου,
2522 4812 2620 4867 οὐκ
2677 4811 2737 4868 ἐκ
2794 4815 3101 4889 σπέρματος
3150 4815 3358 4893 ἀνδρὸς,
3391 4818 3427 4888 ἤ
3459 4819 3704 4893 θελήμα-

360 5035 869 5118 (8)‘Co_dd.__5np§ic_.
900 5030 1078 5118 Exod:
1118 5034 1373 5118 ηιμ-21)
1410 5027 1679 5118 56910:...
1716 5030 1939 5118 ἐποίησε

2064 5060 2066 5071 ν
2102 5034 2611 5118 θάλασσαγυιξηράνη
2652 5040 2740 5093 καὶ
2787 5041 3018 5118 ἐσχίσθη
3054 5042 3313 5118 τὸ-ὕδωρ⁸
3364 5047 3453 5101 καὶ
3502 5047 3698 5117 είσῆλ·

292 5100 383 5177 θον
418 5100 471 5164 ot
502 5107 613 5181 υἱοὶ
648 5100 978 5181 Ἰσραὴλᾲεὶς
1016 5104 1177 5181 μέσον
1209 5100 1615 5181 τῆὶθαλόίσσης
1646 5104 1868 5181 κατὰ-τὸ
1901 5106 2080 5177 ξηρόν·
2114 5108 2201 5160 καὶ
2232 5109 2293 5162 “rd
2352 5100 2495 5173 ὕδωρ
2555 5100 2719 5181 αὐτῆς
2766 5120 2849 5168 τεῖ

2897 5136 2954 5195 oc
3004 5114 3304 5195 éx‘BaEuIiv
3355 5120 3442 5173 καὶ
3482 5114 3700 5195 μτεῖχος

292 5134 383 5177 θον
420 5134 471 5164 οι
502 5134 613 5163 υιοι
667 5134 868 5179 ΙσραηΛ
904 5134 977 5164 us
1060 5134 1176 5155 ιυυν
1220 5134 1306 5170 ιηι,
1341 5134 1613 5168 manu":qu
1649 5134 1779 5156 Λιιυ.
1808 5134 1868 5157 ἐυ
1901 5134 1956 5173 gr,

290 5180 702 5269 tguii’iwvépwv.
735 5134 1261 5269 :I‘h.nProd‘romus,
1293 5174 1630 5269 Tetrast.~in
1874 5196 1928 5248 p.

2070 5134 2201 5199 -xa':
2232 5134 2293 5162 το
2352 5134 2495 5191 υοωρ
2555 5134 2719 5181 αυτης
2766 5134 2954 5216 τειχος
3004 5136 3061 5170 εκ
3120 5134 3304 5189 οεξιων
3355 5134 3442 5173 και
3508 5134 3700 5195 τεῐχος

2074 5182 2328 5269 1’Χερσον
2393 5177 2760 5269 αϐὶυσσότοκον
2819 5184 3200 5269 πιδονὴᾗλιος
3254 5188 3701 5269 ἀμφεπόλευσεν·

291 5244 490 5339 [ξ’ΐδωρ
660 5248 909 5331 ὶκάτερθε
940 5244 1288 5319 πεπηγμένον
1320 5245 1450 5327 ἠύτε
1478 5248 1686 5339 τεῖχοςΔ]
1720 5244 1945 5339 Ιμίμνὲι,

2064 5251 2175 5307 .lim
2204 5244 2573 5339 ἀβυσσοτόκον
2807 5261 2936 5339 (30ίίΔ
2982 5244 3150 5339 ἓὸίΗ,
3186 5244 3359 5339 ᾲρᾴιί
3397 5272 3455 5319 et,

287 5329 462 5408 liam};
494 5327 764 5408 editioni,
797 5336 917 5408 (Ιμᾶ
947 5319 1838 5408 “9119QQI‘BO.’lu§§sfjflidqtum
1872 5338 2007 5408 cum
2040 5339 2108 5375 ex
2140 5342 2207 5408 eo
2242 5326 2367 5408 loco
2406 5328 2463 5380 in
2493 5345 2642 5408 nova
2677 5331 2938 5408 Thesauri
2969 5319 3150 5408 Graeci
3166 5319 3423 5408 editione
3447 5336 3700 5391 allatum

286 5400 485 5488 fuerit.
520 5397 743 5488 Sensus.
770 5398 859 5447 est
883 5390 1491 5488 :‘solum‘ali‘yssorum
1517 5393 2008 5488 parentemvel'ut
2026 5396 2440 5488 c‘ontinentCm‘
2456 5400 2543 5453 sol
2567 5400 2889 5469 oberravit;
2914 5404 3069 5473 quod
3097 5421 3306 5461 moneo
3329 5407 3401 5461 ob
3417 5409 3702 5488 Suvignyi

373 5477 383 5488 ι
437 5486 480 5488 VA
533 5486 648 5488 kd”
706 5482 780 5488 η’
815 5480 903 5488 mn
940 5480 964 5488 ”“
1002 5479 1107 5488 ’””““”“
1240 5479 1289 5488 "'
1321 5478 1404 5488 *Μ
1454 5478 1510 5488 ⁸³
1572 5478 1640 5488 ¹““
1678 5479 1688 5488 ·
1769 5480 1879 5488 ἰν-υ·
1988 5482 2041 5488 -η
2128 5484 2189 5488 ---
2244 5472 2273 5488 n
2304 5486 2312 5488 ξ
2369 5476 2406 5488 ιι
2464 5471 2476 5488 ι
2733 5471 2743 5488 ,
2823 5471 2833 5485 ι
2920 5473 2931 5488 ,
3006 5468 3092 5488 ,ρ’
3261 5477 3274 5488 ⁸
3385 5477 3397 5488 ἱ
3488 5478 3501 5488 ς

286 5471 495 5528 Latina
525 5486 655 5540 quas
690 5466 784 5520 hic
815 5463 971 5519 mala
1001 5467 1158 5517 sunt.
1192 5461 1409 5517 Eadem
1451 5467 1541 5516 est
1570 5462 1882 5519 antithesis
1939 5467 1956 5519 Ι

357 5539 821 5611 (9)Joan.1,18.
939 5604 1055 5611 ιω
1444 5604 1469 5611 _
1601 5603 1709 5611 __
1791 5605 1804 5611 _
1903 5608 1927 5611 Δ

2064 5466 2091 5519 l.
2122 5484 2211 5533 CV,
2244 5472 2273 5523 9
2301 5486 2314 5525 :
2348 5467 2651 5544 Ὠδήγησεν
2688 5461 2888 5536 αὐτοὺς
2915 5461 2965 5527 ἔν
2993 5468 3213 5548 ἀϐύσσῳ
3245 5477 3328 5539 ὡς
3380 5461 3444 5533 ἐν⁷

864 5605 992 5667 Θεὸς
1021 5604 1088 5674 ἦν
1119 5605 1146 5659 6
1176 5603 1375 5678 Λόγος·
1409 5604 1564 5665 οὗτος
1596 5604 1661 5672 ἦν
1693 5603 1745 5657 ἐν
1780 5605 1929 5681 ἀρχῇ

2064 5630 2101 5671 ις
2129 5608 2224 5663 τὸν
2257 5609 2409 5669 Θεόν.
