4042 6154
292 373 396 429 913

1463 371 1632 426 VITA
1672 369 2023 424 BARLAAM
2059 367 2154 420 ET
2186 361 2529 418 JOASAPH.

3585 357 3698 416 9η

289 519 404 566 τος,
435 495 474 566 ἢ
504 492 812 572 συναφείας,
868 494 922 550 ἐν
969 497 1037 568 τῇ
1097 492 1356 568 ἀχράντῳ
1389 495 1570 566 μήτρᾳ
1596 498 1696 562 τῆς
1726 490 1931 564 Παρθέ-

2049 487 2157 544 viri
2183 487 2410 542 semine
2441 489 2544 539 aut
2570 483 2868 538 voluntate
2886 481 3316 538 autconcubitu
3337 483 3516 554 (Joan.
3543 485 3686 549 1),in

287 610 380 643 νου
413 585 772 662 συλληφθεὶς,
807 584 931 640 ἀλλ’
961 583 1020 638 ἐκ
1051 582 1365 656 ΙΙνε-ὂματος
1405 581 1562 656 ὁγίου
1591 585 1726 654 (11),
1760 580 1940 640 καθὼς

290 678 378 730 καὶ
431 677 540 748 πρὸ
595 681 698 743 τῆς
757 673 1086 746 συλλήψεως
1145 674 1222 735 εἷς
1273 676 1384 726 τῶν
1441 667 1802 746 ἀρχαγγὲλων
1839 669 1942 721 ἀπ-

288 765 486 834 εστάλη
526 763 749 836 μηνύων
781 765 848 836 τῇ
881 763 1137 834 Παρθένῳ
1167 763 1264 830 τήν
1317 762 1468 831 ξένην
1501 757 1777 832 σύλληψιν
1803 757 1940 810 ἐκεί-

287 875 380 924 νην
437 853 528 907 καὶ
587 853 678 907 τὸν
740 847 1012 927 ἄφραστον
1069 849 1248 906 τόκον.
1305 849 1592 922 Ἀσπόρως
1655 847 1757 922 γὰρ
1813 865 1938 899 συν-

291 941 499 1018 ελήφθη
559 941 586 994 ὁ
649 940 775 1001 Υἱὸς
834 943 931 993 τοῖ’)
987 942 1122 993 Θεοῦ
1174 937 1232 992 ἐκ
1282 939 1594 1010 Πνεύματος
1641 935 1819 1008 ἁγίου,
1849 933 1940 988 καὶ

293 1032 570 1102 συμπήξας
602 1029 776 1099 ἑαυτῷ
838 1026 888 1082 ἐν
947 1025 1016 1100 τῇ
1079 1029 1260 1100 μήτρᾳ
1313 1032 1413 1095 τῆς
1465 1025 1737 1098 ΙΙαρθὲνου
1770 1024 1940 1090 σάρκα

288 1117 715 1192 ἐμψυχουμένην
745 1119 898 1190 ψυχῇ
943 1115 1142 1190 λογικῇ
1199 1135 1258 1170 τε
1315 1114 1404 1168 καὶ
1437 1118 1620 1188 νοερᾷ,
1661 1111 1938 1185 προῆλθεν

291 1208 341 1263 ἐν
404 1212 502 1278 μιᾷ
556 1211 624 1280 τῇ
685 1207 992 1273 ὑποστάσει,
1055 1203 1150 1258 δύο
1211 1202 1268 1258 δὲ
1323 1208 1440 1264 ταῖς
1493 1199 1938 1279 φ·5σεσι,τὲλειος

289 1297 437 1360 Θεὸς,
467 1295 559 1349 καὶ
616 1292 824 1356 τὲλειος
885 1291 1191 1365 ἄνθρωπος,
1254 1289 1488 1369 ἄφθορον
1522 1292 1616 1355 τὴν
1651 1293 1935 1362 παρθενίαν

284 1393 380 1454 τῆς
427 1383 702 1452 Τεκούσης
749 1384 836 1438 καὶ
897 1384 1030 1455 μετά
1075 1382 1168 1436 τὸν
1219 1382 1378 1435 τόκον
1435 1378 1691 1453 φυλάξις,
1739 1379 1849 1446 καὶ,
1883 1378 1934 1431 ἐν

286 1479 442 1528 πᾶσιν
530 1474 873 1544 ὁμοιοπαθὴς
927 1475 1062 1544 ἡμῖν
1140 1471 1435 1544 γενόμενος
1509 1467 1686 1542 χωρῖς
1759 1467 1938 1540 ἆμαρ-

283 1564 398 1625 τίας
431 1565 562 1636 (12),
593 1563 688 1623 τὰς
719 1560 995 1624 ἀσθενείας
1027 1563 1190 1632 ἡμῶν
1238 1553 1470 1614 ἀνέλαϐε
1498 1558 1586 1612 καὶ
1618 1557 1713 1616 τὰς
1745 1556 1936 1616 νόσους

287 1647 572 1707 ἐϐάστασεν
629 1653 756 1723 (13).
818 1650 968 1706 Ἐπεὶ
1021 1649 1122 1724 γὰρ
1186 1645 1256 1702 δι’
1311 1646 1582 1716 ἁμαρτίας
1623 1645 1874 1708 εἰσῆλθεν
1910 1644 1936 1697 ὁ

287 1742 510 1801 θάνατος
543 1738 618 1800 είς
647 1739 736 1793 τὸν
769 1737 973 1810 κόσμον
1009 1739 1142 1810 (14),
1191 1740 1292 1796 53
1346 1733 1452 1790 ἔδει
1481 1737 1571 1790 τὸν
1609 1738 1934 1809 Λυτροῦσθαι

291 1826 566 1902 μέλλοντα
623 1829 999 1902 ἀναμάρτητον
1057 1827 1192 1882 εἶναι
1245 1827 1446 1900 καὶμὴ
1491 1829 1572 1897 τῷ
1603 1825 1814 1896 θανάτῳ
1848 1820 1935 1876 διὰ

285 1916 376 1983 τῆς
404 1917 671 1993 ἁμαρτίας
701 1915 1016 1972 ὑπεύθυνον.

349 2097 472 2152 Ἐπὶ
511 2095 802 2172 τριάκοντα
833 2093 888 2149 δὲ
931 2093 1160 2170 χρόνοις
1189 2099 1310 2156 τοῖς
1359 2094 1666 2168 ἀνθρώποις
1701 2111 1932 2146 συνανα-

287 2187 557 2262 στραφεὶς,
616 2179 912 2254 ἐϐαπτίσθη
974 2182 1028 2238 ἐν
1101 2187 1181 2254 τῷ
1237 2181 1481 2257 Ἰορδάνῃ
1533 2186 1768 2254 ποταμῷ
1831 2180 1933 2234 ὑπὸ

289 2275 556 2341 Ἰωάννου,
613 2272 806 2347 ἀνδρὸς
869 2273 1024 2346 ἁγίου
1081 2274 1170 2326 καὶ
1227 2273 1440 2326 πάντων
1489 2276 1597 2325 τῶν
1630 2274 1930 2347 προφητῶν

287 2361 690 2438 ὑπερκειμένου.
741 2363 1134 2423 Βαπτισθὲντος
1194 2359 1251 2416 δὲ
1308 2360 1492 2426 αὐτοῦ,
1534 2361 1686 2437 φωνή
1719 2359 1926 2432 ἠνέχθη

286 2451 568 2526 οὐρανόθεν
601 2450 660 2506 ἐκ
717 2452 812 2505 τοῦ
866 2455 999 2506 Θεοῦ
1049 2451 1141 2505 καὶ
1202 2451 1435 2525 ῙῙατρὸς,
1483 2448 1732 2524 λέγουσα·
1767 2446 1934 2507 Οὗτός

285 2541 562 2613 ἐστινζίὸ)
618 2542 646 2595 ὁ
703 2541 828 2602 Υἱὸς
901 2562 1006 2614 μου
1064 2541 1090 2594 ὁ
1149 2540 1446 2616 ἀγαπητὸς,
1482 2539 1608 2608 ἐνῷ
1641 2535 1928 2606 εὐδόκησα,

283 2629 384 2688 Καὶ
409 2633 472 2686 τὸ
507 2635 725 2702 Πνεῦμα
776 2631 839 2684 τὸ
898 2631 1051 2704 ἅγιον
1086 2629 1137 2684 ἐν
1181 2627 1310 2684 ε”δει
1363 2633 1682 2700 περιστερᾶς
1724 2624 1934 2692 κατῆλ-

285 2731 368 2783 θεν
423 2719 506 2774 ἐπ’
563 2719 742 2774 αὐτὸν.
799 2720 893 2773 Καὶ
955 2718 1187 2772 ἀποτότε
1244 2718 1444 2792 ἤρξατο
1499 2721 1702 2788 σημεῖα
1753 2711 1929 2768 ποιεὶν

291 2807 501 2882 μεγάλα
551 2811 662 2882 (16)
715 2807 800 2862 καὶ
876 2807 1179 2880 θαυμαστὰ,
1253 2805 1473 2880 νεκροὺς
1526 2805 1778 2871 ἀνιστῶν,
1835 2823 1928 2856 τυ-

287 2893 460 2973 φλοὺς
519 2896 782 2972 φωτίζων,
843 2895 1105 2969 δαίμονας
1161 2895 1504 2964 ἀπελαύνων,
1561 2897 1781 2970 κωφοὺς
1837 2891 1926 2946 καὶ

283 2983 524 3047 κυλλοὺς
565 2985 896 3060 θεραπεύων,
959 2985 1194 3060 λεπροὺς
1249 2985 1573 3056 καθαρίζων,
1607 2983 1689 3037 καὶ
1726 3002 1926 3036 παντα-

289 3071 450 3151 χόθεν
502 3075 862 3144 ἀνακαινίζων
915 3077 1013 3143 τὴν
1073 3072 1474 3130 παλαιωθεῖσαν
1533 3075 1692 3144 ἡμῶν
1744 3070 1923 3149 φύσιν,

284 3164 428 3240 ἔργῳ
467 3185 526 3220 τε
580 3165 672 3220 καὶ
731 3165 880 3242 λόγῳ
937 3163 1206 3220 παιδεύων
1254 3167 1344 3220 καὶ
1396 3163 1662 3220 διδάσκων
1693 3165 1790 3230 τὴν
1822 3169 1920 3230 τῆς

2051 579 2201 634 labis
2216 576 2408 632 omnis
2423 579 2660 646 experte
2683 573 2936 646 Virginis
2957 580 3125 628 utero
3139 573 3595 646 conceptus,sed
3615 591 3686 630 ex

2051 668 2268 740 Spiritu
2301 662 3046 735 sancto,quemadmodum
3073 669 3209 718 ante
3239 665 3692 736 conceptionem

2049 757 2542 828 archangelorum
2573 771 2726 809 unus
2741 754 2958 808 missus
2976 759 3084 816 est,
3105 753 3204 824 qui
3225 770 3434 809 novam
3459 754 3623 810 illam
3639 759 3700 811 et

2049 847 2462 904 admirandam
2494 844 2943 914 conceptionem
2975 843 3196 916 Virgini
3231 844 3555 899 nuntiaret.
3597 847 3697 900 Et-

2048 940 2208 994 enim
2225 935 2604 991 DeiFilius'ex
2621 933 2840 1005 Spiritu
2867 938 3070 988 sancto
3087 934 3217 988 sine
3245 935 3470 990 semine
3485 952 3699 991 conce-

2047 1033 2184 1099 ptus
2216 1030 2342 1081 est:
2377 1028 2800 1094 compactaque
2819 1022 2928 1076 sibi
2961 1022 3022 1077 in
3057 1022 3308 1094 Virginis
3331 1029 3498 1080 utero
3515 1042 3692 1080 carne

2047 1117 2308 1171 animata
2331 1115 2532 1170 anima
2549 1111 2796 1166 rationis
2817 1129 2884 1166 ac
2903 1112 3122 1166 mentis
3145 1112 3450 1184 participe.
3475 1113 3700 1184 prodiit

2047 1207 2106 1260 in
2139 1223 2257 1260 una
2287 1221 2562 1276 persona,
2597 1207 2654 1256 et
2684 1201 2914 1256 duabus
2935 1201 3694 1274 naturis,_perfectusDeus,

2047 1303 2103 1350 et
2135 1297 2309 1350 homo
2341 1294 2675 1365 perfectus;
2704 1292 2908 1346 matris
2939 1291 3332 1361 virginitatem
3363 1293 3540 1346 etiam
3562 1295 3696 1362 post

2045 1391 2278 1456 partum
2312 1384 2383 1438 ab
2400 1382 2710 1438 omnilabe
2731 1398 3086 1436 conservans
3129 1387 3316 1451 Atque
3341 1381 3690 1436 iisdemom-

2045 1475 2186 1528 nino
2219 1473 2436 1544 quibus
2470 1489 2600 1527 nos.
2634 1477 2874 1542 excepto
2899 1477 3158 1543 peccato,
3184 1471 3564 1542 passionibus
3587 1471 3697 1525 ob-

2043 1565 2255 1618 noxius
2278 1565 2523 1618 eti'ectus
2546 1563 2808 1628 (Heva),
2833 1560 3213 1614 inﬁrmitates
3236 1566 3468 1615 nostras
3488 1577 3691 1616 susce-

2043 1654 2149 1726 pit,
2183 1670 2251 1708 ac
2283 1653 2519 1707 morbos
2553 1658 2790 1706 nostros
2821 1651 3071 1722 portavit
3093 1651 3371 1722 (Isa.Lm).
3401 1650 3692 1714 Quoniam

2045 1743 2204 1797 enim
2237 1759 2342 1813 per
2371 1747 2678 1812 peccatum
2722 1757 2882 1794 mors
2923 1740 2985 1793 in
3032 1737 3323 1794 mundum
3379 1739 3692 1794 introierat

2044 1835 2314 1900 (Rom.v),
2357 1847 2602 1885 necesse
2651 1833 2778 1884 erat
2823 1833 2888 1882 ut
2943 1829 3044 1898 qui
3095 1827 3525 1899 redemptionis
3555 1844 3690 1882 mu-

2045 1938 2185 1975 nere
2217 1919 2636 1992 perfuncturus
2686 1925 2830 1982 erat,
2883 1917 2954 1972 ab
3005 1917 3168 1972 omni
3213 1923 3454 1988 peccato
3501 1933 3686 1989 purus

2046 2017 2220 2078 esset,
2254 2011 2598 2082 peccatique
2628 2009 2806 2064 morti
2837 2008 3085 2062 minime
3117 2008 3426 2062 obnoxius.

2114 2100 2372 2170 Triginta
2385 2115 2559 2169 porro
2584 2099 2758 2152 annis
2790 2113 2923 2151 cum
2945 2097 3288 2151 hominibus
3312 2100 3598 2160 versatus,
3621 2095 3685 2151 in

2042 2189 2312 2244 Jordanis
2327 2188 2502 2243 undis
2517 2190 2782 2243 aJoanne
2795 2187 2844 2240 vi
2857 2203 2917 2241 ro
2937 2192 3142 2241 sancto
3172 2203 3238 2241 ac
3261 2187 3684 2257 prophetarum

2043 2279 2310 2332 omnium
2325 2277 3169 2350 praistantissimo,baptizatus
3181 2283 3270 2330 est
3297 2277 3492 2346 quue
3505 2275 3690 2348 bapti-

2043 2373 2165 2422 zato
2197 2385 2302 2422 vox
2335 2367 2626 2438 ejusmodi
2660 2367 2730 2420 de
2764 2367 2909 2422 cmlo
2941 2383 2975 2421 a
3007 2367 3122 2420 Deo
3156 2367 3326 2420 Patre
3350 2366 3545 2420 delata
3568 2370 3687 2420 est:

2046 2457 2146 2510 Hic
2169 2463 2258 2510 est
2279 2457 2460 2510 Filius
2485 2472 2649 2510 meus
2669 2455 2920 2509 dilectus
2971 2456 3032 2508 in
3057 2472 3172 2524 quo
3194 2455 3336 2508 mihi
3361 2455 3687 2509 benecom-

2043 2545 2236 2616 placui
2265 2548 2442 2604 (Luca:
2478 2546 2555 2614 In)
2583 2561 2594 2598 :
2625 2551 2800 2614 atque
2841 2543 3094 2614 Spiritus
3127 2551 3368 2597 sanctus
3399 2543 3688 2597 columbas

2043 2634 2238 2704 specie
2263 2635 2322 2687 in
2337 2635 2530 2703 ipsum
2559 2633 2878 2686 desCendit.
2893 2634 2972 2685 Ac
2986 2631 3267 2702 deinceps
3285 2647 3496 2702 magna
3508 2637 3564 2685 et
3577 2631 3682 2685 ad-

2041 2723 2313 2776 miranda
2344 2723 2510 2793 signa
2541 2722 2775 2776 efficere
2803 2721 2994 2791 cmpit.
3021 2726 3287 2774 mortuos
3309 2719 3578 2774 videlicet
3611 2719 3685 2774 ad

2040 2811 2217 2865 vitam
2249 2827 2549 2874 revocans,
2575 2809 2745 2864 caecis
2775 2811 2966 2864 lucem
2991 2810 3270 2864 atterens.
3295 2809 3596 2864 dmmones
3617 2807 3680 2864 in

2037 2901 2234 2972 fugam
2267 2907 2520 2966 vertens,
2555 2899 2764 2954 surdos
2794 2905 2853 2953 et
2882 2897 3124 2954 claudos
3156 2915 3390 2964 curans,
3415 2899 3680 2969 leprosos

2038 3009 2317 3064 purgans,
2334 2998 2510 3062 atque
2529 2991 2912 3045 inveteratam
2932 2997 3203 3044 naturam
3217 2995 3481 3044 nostram
3505 2989 3680 3044 undi-

2037 3099 2152 3154 que
2174 3081 2885 3152 renovans,operibusque
2902 3080 3273 3144 erudiens,ac
3285 3079 3515 3133 virtutis
3527 3077 3680 3133 viam

2038 3171 2313 3234 edocens,
2335 3177 2508 3241 atque
2530 3187 2563 3224 a
2583 3170 2962 3240 corruptione
2980 3168 3420 3230 abstrahens,et
3439 3166 3514 3222 ad
3530 3183 3682 3222 sem-

282 3254 476 3328 ἆρετῆς
507 3254 653 3324 ὁδὸν,
714 3258 813 3324 τῆς
875 3256 967 3328 μὶν
1029 3257 1230 3332 φθορᾶς
1290 3256 1532 3329 ἀπάγων,
1564 3255 1702 3329 πρὸς
1735 3251 1792 3306 δὲ
1820 3253 1918 3320 τήν

2044 3262 2336 3332 piternam
2359 3260 2534 3314 vitam
2561 3259 2672 3313 iter
2690 3265 3046 3313 monstrans.
3075 3257 3240 3313 Unde
3259 3257 3436 3312 etiam
3459 3255 3683 3312 duode-

287 3344 430 3411 ζωὴν
480 3342 736 3419 ποδηγῶν
789 3345 889 3412 τὴν
945 3343 1185 3400 αίώνιον.
1234 3345 1394 3407 ’Όθεν
1443 3343 1534 3398 καὶ
1573 3341 1816 3415 μαθητὰς
1851 3343 1934 3411 ἐξ-

281 3429 500 3501 ελέξατο
553 3429 783 3501 δώδεκα,
838 3431 928 3494 οὕς
977 3432 1066 3488 καὶ
1124 3431 1466 3494 ἀποστόλους
1519 3430 1762 3486 ἐκάλεσε·
1841 3429 1932 3484 καὶ

277 3521 562 3592 κηρύττειν
621 3521 810 3584 αὐτοῖς
865 3519 1124 3596 ἐπέτρεψε
1175 3523 1272 3590 τήν
1335 3520 1586 3597 οὐράνιον
1620 3519 1930 3588 πολιτείαν,

287 3609 354 3680 ἥν
409 3610 575 3680 ἦλθεν
631 3611 714 3666 ἒπῖ
774 3619 876 3682 τῆς
929 3619 1032 3688 γῆς
1088 3610 1444 3682 ἐνδείξασθαι,
1496 3613 1584 3666 καὶ
1643 3611 1931 3684 οὐρανίους

279 3701 412 3765 τοὺς
435 3702 720 3765 ταπεινοὺς
779 3705 927 3776 ἡμᾶς
983 3705 1074 3759 καὶ
1135 3703 1416 3780 ἐπιγείους
1464 3707 1532 3778 τῇ
1583 3704 1748 3759 αὐτοῦ
1781 3703 1931 3760 οἰκο-

285 3793 454 3864 νομίᾳ
480 3792 714 3848 τελέσαι.

353 3882 548 3954 Φθόνῳ
607 3879 664 3936 δὲ
717 3889 816 3951 τῆς
873 3885 1190 3956 θαυμαστῆς
1245 3881 1410 3937 αὐτοῦ
1457 3883 1547 3937 καὶ
1595 3884 1930 3952 θεοπρεποῦς

276 3969 565 4032 πολιτείας
624 3971 715 4025 καὶ
769 3975 878 4026 τῶν
932 3971 1170 4046 ἀπείρων
1230 3972 1517 4044 θαυμάτων
1547 3973 1598 4026 οἱ
1649 3973 1931 4048 ἀρχιερεῖς

343 4059 358 4080 ‘
614 4061 628 4078 ι
725 4065 746 4074 -
841 4063 852 4082 ’
1033 4063 1042 4078 Ι
1199 4059 1220 4078 Ἰ
1402 4061 1426 4092 μ’
1468 4082 1480 4092 α
1541 4060 1556 4080 ‘
1636 4061 1648 4076 ‘

267 4080 360 4114 και
391 4060 630 4135 ἆοχηγοι
680 4081 789 4114 των
861 4057 1147 4126 Ιουδαιων,
1197 4071 1322 4123 ενθα
1370 4058 1435 4128 δη
1470 4082 1558 4114 ⁴ιιαι
1591 4082 1686 4122 τας
1720 4058 1928 4132 διατρι-

272 4143 372 4209 ϐὰς
431 4147 694 4218 ἐποιεῖτο,
778 4149 1054 4221 μανέντες,
1139 4151 1326 4222 οἷσπερ
1407 4149 1474 4202 τὰ
1553 4153 1928 4222 προειρημένα

269 4237 556 4308 θαυμαστὰ
587 4242 792 4308 σημεῖα
848 4239 937 4292 καὶ
994 4238 1192 4312 τέρατα
1241 4241 1352 4310 (17)
1400 4241 1713 4307 πεποιήκει,
1745 4239 1934 4312 ἀμνη-

273 4328 608 4397 μονήσαντες
699 4324 935 4392 πάντων,
1016 4327 1230 4398 Θανάτῳ
1341 4327 1503 4382 αὐτὸν
1556 4325 1928 4383 κατεδίκασαν,

267 4412 496 4473 54ἓνα
549 4419 656 4470 τῶν
719 4419 984 4487 μαθητῶν
1047 4415 1213 4470 αὐτοῦ
1273 4414 1348 4476 εἷς
1401 4412 1696 4490 προδοσίαν
1740 4437 1930 4492 συναρ-

266 4506 556 4565 πάσαντες·
615 4502 730 4574 καὶ,
783 4505 1156 4577 κρατήσαντες
1213 4503 1395 4572 αὐτὸν,
1443 4509 1559 4565 τοῖς
1608 4503 1810 4560 ἔθνεσιν
1845 4505 1930 4562 ἔκ-

2041 3353 2155 3405 cim
2197 3349 2518 3421 discipulos
2555 3347 2732 3420 elegit
2762 3348 2979 3416 (Matth.
3033 3348 3170 3418 χιι),
3204 3363 3351 3418 quos
3381 3346 3682 3418 apostolos

2039 3455 2113 3493 no
2125 3437 2654 3509 minavit.ipsisque
2671 3438 2972 3508 negotium
2987 3435 3225 3491 deditut
3237 3435 3536 3491 cmlestem
3549 3435 3684 3489 vitm

2038 3529 2328 3583 rationem
2354 3527 2767 3598 praedicarent,
2788 3541 2964 3596 quam
2981 3531 3045 3579 ut
3061 3525 3122 3579 in
3145 3531 3302 3581 terra
3323 3524 3683 3591 ostenderet,

2038 3633 2104 3670 ac
2137 3633 2246 3670 nos
2267 3615 2524 3670 humiles
2547 3621 2604 3670 et
2622 3621 2890 3669 terrenos
2907 3631 3012 3685 per
3029 3613 3500 3669 incarnationem
3515 3628 3684 3667 suam

2039 3705 2306 3760 caelestes
2333 3705 2613 3773 efﬁceret,
2643 3709 2899 3771 venerat,

2109 3885 2328 3938 Atvero
2345 3883 2707 3938 admirandae
2731 3883 2916 3954 ipsius
2939 3900 3006 3938 ac
3029 3881 3240 3938 Deitati
3262 3885 3676 3938 consentaneae

2033 3974 2164 4028 vitae
2179 3980 2352 4044 atque
2367 3974 2380 4027 i
2393 3973 2738 4028 ntinitorum
2755 3973 3172 4028 miraculorum
3187 3971 3404 4027 invidia
3416 3971 3681 4026 etfurore

2037 4064 2316 4118 commoti
2346 4063 2680 4118 Judmorum
2713 4064 3024 4134 pontifices
3051 4079 3117 4118 ac
3148 4062 3470 4134 principes,
3521 4057 3681 4132 apud

2037 4172 2184 4226 quos
2208 4155 2436 4210 scilicet
2455 4155 2951 4214 commorabatur,
2978 4159 3037 4208 et
3057 4153 3130 4208 ad
3177 4170 3430 4224 quorum
3454 4150 3676 4206 utilita-

2037 4247 2154 4298 tem
2186 4242 2536 4298 admiranda
2559 4241 2900 4312 hujusmodi
2927 4242 3092 4312 signa
3115 4247 3172 4296 et
3193 4242 3458 4313 prodigia
3479 4254 3685 4312 perpe-

2037 4337 2234 4386 trarat.
2249 4331 2675 4385 beneﬁciorum
2689 4332 2957 4386 omnium
2973 4332 3517 4397 immemores,eum
3535 4348 3684 4386 mor-

2037 4426 2092 4474 te
2113 4439 2162 4474 m
2179 4421 2582 4478 ultarunt.uno
2601 4421 2878 4474 nimirum
2900 4437 2968 4475 ex
2983 4420 3168 4492 ipsius
3183 4421 3491 4490 discipulis
3504 4420 3577 4476 ad
3591 4421 3678 4492 ip-

2037 4527 2164 4564 sum
2183 4509 2550 4580 prodendum
2566 4516 2821 4582 arrepta,
2845 4511 3458 4581 comprehensumque
3482 4510 3676 4581 ipsum

273 4590 436 4648 δοτον
488 4595 586 4661 τήν
651 4595 794 4662 ζωὴν
853 4597 958 4647 τῶν
1020 4593 1266 4648 ἁπάντων
1325 4592 1675 4664 ἐποιήσαντο,
1711 4595 1926 4668 ἑκουσίᾳ

2044 4599 2304 4672 gentibus
2319 4599 3164 4670 dediderunt,ipsum,inquam
3177 4599 3296 4671 ,qui
3311 4600 3676 4654 omniumvi-

271 4681 453 4756 βουλῇ
505 4685 672 4737 ταῦτα
723 4679 1149 4754 καταδεξαμένου
1226 4681 1409 4738 αὐτοῦ.
1467 4685 1642 4739 Ἦλθε
1691 4687 1792 4760 γὰρ
1853 4683 1923 4741 δι’

263 4773 422 4843 ἡμᾶς
481 4772 654 4827 πάντα
711 4776 921 4835 παθεῖν,
975 4771 1042 4824 'iv’
1096 4774 1245 4844 ἡμᾶς
1298 4775 1407 4826 τῶν
1466 4777 1650 4836 παθῶν
1703 4775 1918 4847 ἐγευθε-

263 4861 449 4937 ρώσῃ.
491 4859 684 4916 Πολλᾶ
740 4857 798 4915 δὲ
854 4859 930 4922 είς
981 4860 1139 4915 αὐτὸν
1197 4859 1584 4933 ἐνδειξάμενοι,
1616 4868 1829 4936 σταυρῷ
1858 4866 1918 4919 τὸ

2033 4695 2090 4744 ta
2105 4695 2249 4754 erat,
2264 4705 2330 4744 ac
2344 4694 2551 4760 sponte
2565 4689 2690 4743 haec
2705 4688 3082 4759 suscipiebat.
3107 4691 3223 4743 Hac
3238 4689 3396 4743 enim
3409 4688 3480 4742 de
3495 4703 3674 4743 causa.

2031 4779 2212 4845 venit,
2233 4784 2300 4832 ut
2319 4785 2521 4834 nostra
2542 4795 2720 4834 causa
2733 4779 2934 4834 omnia
2947 4783 3496 4850 perpeteretur,quo
3509 4777 3674 4833 vide-

2029 4867 2287 4922 licetnos
2300 4884 2335 4922 a
2361 4867 2583 4923 vitiosis
2597 4867 3013 4923 affectionibus
3035 4867 3096 4922 in
3118 4867 3454 4922 libertatem
3475 4866 3670 4923 vindi-

342 5061 649 5146 (iiLJoan.
682 5079 722 5130 ι,
758 5065 822 5117 13
849 5079 863 5117 :
894 5061 962 5118 Οἳ
994 5058 1092 5115 οὐκ
1121 5058 1171 5132 ἐξ
1202 5059 1468 5132 αἱμάτων,
1500 5058 1628 5116 οὐδὲ
1658 5062 1716 5118 ἐκ
1753 5061 2063 5138 θελήματος
2123 5067 2338 5142 σαρκὸς,
2392 5065 2514 5123 οὐδὲ
2572 5067 2630 5123 ἐκ
2687 5067 2997 5144 θελήματος
3047 5064 3264 5146 ἆνδρὸς,
3296 5066 3423 5126 ἀλλ’
3452 5068 3513 5126 ἐκ
3537 5074 3671 5127 Θεοῦ

259 5133 530 5208 ἐγεννήθη
539 5153 632 5208 σαν
643 5177 653 5188 .

338 5206 450 5274 (12)
487 5205 667 5276 Epist.
702 5204 774 5276 ad
802 5205 974 5276 Hebr.
1009 5222 1080 5276 Iv,
1137 5206 1198 5259 l6
1229 5221 1240 5258 :
1293 5203 1368 5260 Οὐ

1425 5203 1526 5294 γάρ
1584 5199 1817 5294 ἔχομεν’
1842 5209 2100 5300 ἀρχιερέα
2163 5211 2238 5282 μή
2301 5209 2594 5281 δυνάμενον
2629 5214 2977 5285 συμπαθῆσαι
3007 5217 3127 5276 ταῖς
3155 5211 3450 5278 ἀσθενείαις
3480 5217 3666 5290 ἡμῶν,

251 5273 695 5356 πεπειρασμένον
729 5273 786 5328 δὲ
813 5275 948 5330 κατά
977 5273 1146 5330 πάντα
1177 5275 1294 5338 καθ’
1326 5273 1653 5350 ὁμοὶότηταξ
1677 5273 1852 5354 χωρὶς
1879 5273 2171 5356 ’ἁμαρτίαςξ

337 5350 458 5417 (13)
490 5348 688 5402 Matth.
723 5365 831 5402 v1".
869 5351 920 5404 ’7.

331 5421 448 5483 (Ml
481 5420 663 5491 Epist.
697 5418 771 5475 ad
801 5421 966 5476 Rom.
999 5435 1052 5488 ν,
1088 5421 1192 5474 l2:
1227 5417 1305 5471 Δι’
1335 5418 1447 5481 ἑνὸς
1494 5419 1784 5496 ἀνθρώπου
1812 5423 1846 5492 ἡ
1880 5423 2116 5498 ἁμαρτία
2165 5423 2243 5488 εἲς
2298 5423 2392 5482 τὸν
2445 5425 2650 5500 κόσμον
2702 5425 2943 5499 εἰσῆλθε,
2970 5429 3058 5484 καὶ
3095 5425 3186 5484 διὰ
3211 5431 3310 5499 τῆς
3341 5430 3603 5508 ἁμαρτίας
3629 5433 3657 5489 ὁ

248 5488 356 5553 θάν
367 5509 516 5550 ατος.

359 5564 446 5632 15)
479 5563 676 5617 Matth.
707 5577 788 5624 III.
824 5565 910 5618 17.

353 5630 445 5716 1
475 5635 856 5716 gaudium
889 5634 962 5716 24-
986 5649 999 5686 :
1032 5630 1274 5686 Δώσουσι
1304 5637 1505 5708 σημεῖα
1537 5635 1747 5710 μεγάλα
1775 5637 1865 5693 καὶ
1893 5639 2107 5716 τέρατα.

326 5705 450 5776 (17)
479 5705 564 5762 Cf.
592 5723 652 5778 p.
687 5705 757 5758 50
782 5709 840 5760 et
865 5708 1008 5762 nota
1029 5720 1206 5778 prsic.
