  <div class='ocr_page' id='page_1' title='image "/cluster/home/n/w/nwhite01/storage/ocr_20150623/96/mdp.39015008972211/472.png"; bbox 0 0 4042 6154; ppageno 0'>
   <div class='ocr_carea' id='block_1_1' title="bbox 387 313 495 367">
    <p class='ocr_par' dir='ltr' id='par_1_1' title="bbox 387 313 495 367">
     <span class='ocr_line' id='line_1_1' title="bbox 387 313 495 367; baseline -0.009 0"><span class='ocrx_word' id='word_1_1' title='bbox 387 313 495 367; x_wconf 82' lang='grc'>917</span> 
     </span>
    </p>
   </div>
   <div class='ocr_carea' id='block_1_2' title="bbox 1546 277 2614 360">
    <p class='ocr_par' dir='ltr' id='par_1_2' title="bbox 1546 277 2614 360">
     <span class='ocr_line' id='line_1_2' title="bbox 1546 277 2614 360; baseline -0.003 0"><span class='ocrx_word' id='word_1_2' title='bbox 1546 307 1715 360; x_wconf 82' lang='lat' dir='ltr'>VITA</span> <span class='ocrx_word' id='word_1_3' title='bbox 1756 277 2105 358; x_wconf 63' lang='lat' dir='ltr'>BARLAAM</span> <span class='ocrx_word' id='word_1_4' title='bbox 2143 306 2237 358; x_wconf 75' lang='lat' dir='ltr'>nr</span> <span class='ocrx_word' id='word_1_5' title='bbox 2271 301 2614 359; x_wconf 79' lang='lat' dir='ltr'>JOASAPH.</span> 
     </span>
    </p>
   </div>
   <div class='ocr_carea' id='block_1_3' title="bbox 3673 264 3786 357">
    <p class='ocr_par' dir='ltr' id='par_1_3' title="bbox 3673 264 3786 357">
     <span class='ocr_line' id='line_1_3' title="bbox 3673 264 3786 357; baseline -0.018 0"><span class='ocrx_word' id='word_1_6' title='bbox 3673 264 3786 357; x_wconf 56' lang='lat' dir='ltr'>tu”:</span> 
     </span>
    </p>
   </div>
   <div class='ocr_carea' id='block_1_4' title="bbox 387 404 2048 512">
    <p class='ocr_par' dir='ltr' id='par_1_4' title="bbox 387 426 2030 512">
     <span class='ocr_line' id='line_1_4' title="bbox 387 426 2030 512; baseline -0.007 -20"><span class='ocrx_word' id='word_1_7' title='bbox 387 435 586 500; x_wconf 85' lang='grc' dir='ltr'><strong>πείθων</strong></span> <span class='ocrx_word' id='word_1_8' title='bbox 617 432 744 497; x_wconf 71' lang='grc' dir='ltr'><strong>τοὺς</strong></span> <span class='ocrx_word' id='word_1_9' title='bbox 779 436 876 492; x_wconf 67' lang='lat'>56</span> <span class='ocrx_word' id='word_1_10' title='bbox 934 432 1168 512; x_wconf 70' lang='grc' dir='ltr'><strong>ἄφρονας</strong></span> <span class='ocrx_word' id='word_1_11' title='bbox 1225 433 1315 487; x_wconf 81' lang='grc' dir='ltr'><strong>καὶ</strong></span> <span class='ocrx_word' id='word_1_12' title='bbox 1376 430 1662 492; x_wconf 81' lang='grc' dir='ltr'><strong>ἀσυνέτους</strong></span> <span class='ocrx_word' id='word_1_13' title='bbox 1715 426 1790 482; x_wconf 82' lang='grc' dir='ltr'>ἔτι</span> <span class='ocrx_word' id='word_1_14' title='bbox 1819 433 1920 496; x_wconf 77' lang='grc' dir='ltr'>τῆς</span> <span class='ocrx_word' id='word_1_15' title='bbox 1953 448 2030 482; x_wconf 92' lang='grc' dir='ltr'><strong>ει-</strong></span> 
     </span>
    </p>
   </div>
   <div class='ocr_carea' id='block_1_5' title="bbox 2133 404 3784 512">
    <p class='ocr_par' dir='ltr' id='par_1_5' title="bbox 2145 404 3784 500">
     <span class='ocr_line' id='line_1_5' title="bbox 2145 404 3784 500; baseline 0 -16"><span class='ocrx_word' id='word_1_16' title='bbox 2145 429 2235 485; x_wconf 91' lang='lat' dir='ltr'>dis</span> <span class='ocrx_word' id='word_1_17' title='bbox 2246 427 2610 500; x_wconf 83' lang='lat' dir='ltr'>persuadens</span> <span class='ocrx_word' id='word_1_18' title='bbox 2623 404 2687 483; x_wconf 85' lang='lat' dir='ltr'>ut</span> <span class='ocrx_word' id='word_1_19' title='bbox 2701 427 2994 483; x_wconf 86' lang='lat' dir='ltr'>idolorum</span> <span class='ocrx_word' id='word_1_20' title='bbox 3010 412 3233 482; x_wconf 86' lang='lat' dir='ltr'>cultum</span> <span class='ocrx_word' id='word_1_21' title='bbox 3248 423 3441 481; x_wconf 89' lang='lat' dir='ltr'>adhuc</span> <span class='ocrx_word' id='word_1_22' title='bbox 3465 427 3784 499; x_wconf 77' lang='lat' dir='ltr'><strong>retineant,</strong></span> 
     </span>
    </p>
   </div>
   <div class='ocr_carea' id='block_1_6' title="bbox 388 513 2048 599">
    <p class='ocr_par' dir='ltr' id='par_1_6' title="bbox 388 513 2036 599">
     <span class='ocr_line' id='line_1_6' title="bbox 388 513 2036 599; baseline -0.007 -19"><span class='ocrx_word' id='word_1_23' title='bbox 388 522 794 596; x_wconf 66' lang='grc' dir='ltr'><strong>δωλολατρείας</strong></span> <span class='ocrx_word' id='word_1_24' title='bbox 854 522 1191 599; x_wconf 69' lang='grc' dir='ltr'>ἀντέχεσθαι,</span> <span class='ocrx_word' id='word_1_25' title='bbox 1249 519 1372 577; x_wconf 87' lang='grc' dir='ltr'><strong>ἀλλ’</strong></span> <span class='ocrx_word' id='word_1_26' title='bbox 1435 519 1660 588; x_wconf 79' lang='grc' dir='ltr'><strong>ἀσθενὴς</strong></span> <span class='ocrx_word' id='word_1_27' title='bbox 1713 519 1748 587; x_wconf 79' lang='grc' dir='ltr'>ἠ</span> <span class='ocrx_word' id='word_1_28' title='bbox 1807 513 2036 589; x_wconf 69' lang='grc' dir='ltr'><strong>δύναμις</strong></span> 
     </span>
    </p>
   </div>
   <div class='ocr_carea' id='block_1_7' title="bbox 2133 513 3783 599">
    <p class='ocr_par' dir='ltr' id='par_1_7' title="bbox 2144 513 3783 591">
     <span class='ocr_line' id='line_1_7' title="bbox 2144 513 3783 591; baseline 0 -17"><span class='ocrx_word' id='word_1_29' title='bbox 2144 518 2444 574; x_wconf 88' lang='lat' dir='ltr'>imbecilla</span> <span class='ocrx_word' id='word_1_30' title='bbox 2471 522 2669 574; x_wconf 87' lang='lat' dir='ltr'>tamen</span> <span class='ocrx_word' id='word_1_31' title='bbox 2691 516 2874 591; x_wconf 88' lang='lat' dir='ltr'>ipsius</span> <span class='ocrx_word' id='word_1_32' title='bbox 2908 518 2990 573; x_wconf 85' lang='lat' dir='ltr'>vis</span> <span class='ocrx_word' id='word_1_33' title='bbox 3013 519 3222 573; x_wconf 84' lang='lat' dir='ltr'>effecta</span> <span class='ocrx_word' id='word_1_34' title='bbox 3254 513 3363 581; x_wconf 88' lang='lat' dir='ltr'>est,</span> <span class='ocrx_word' id='word_1_35' title='bbox 3395 521 3572 589; x_wconf 88' lang='lat' dir='ltr'>atque</span> <span class='ocrx_word' id='word_1_36' title='bbox 3595 517 3783 589; x_wconf 87' lang='lat' dir='ltr'>ipsius</span> 
     </span>
    </p>
   </div>
   <div class='ocr_carea' id='block_1_8' title="bbox 387 603 2034 690">
    <p class='ocr_par' dir='ltr' id='par_1_8' title="bbox 387 603 2034 690">
     <span class='ocr_line' id='line_1_8' title="bbox 387 603 2034 690; baseline -0.007 -19"><span class='ocrx_word' id='word_1_37' title='bbox 387 613 552 671; x_wconf 77' lang='grc' dir='ltr'>οὐτοῦ</span> <span class='ocrx_word' id='word_1_38' title='bbox 581 615 792 690; x_wconf 86' lang='grc' dir='ltr'><strong>γέγονε,</strong></span> <span class='ocrx_word' id='word_1_39' title='bbox 823 615 913 670; x_wconf 80' lang='grc' dir='ltr'><strong>καὶ</strong></span> <span class='ocrx_word' id='word_1_40' title='bbox 971 612 1025 667; x_wconf 83' lang='grc' dir='ltr'>αἱ</span> <span class='ocrx_word' id='word_1_41' title='bbox 1094 611 1359 690; x_wconf 76' lang='grc' dir='ltr'><strong>ρομφαῖαι</strong></span> <span class='ocrx_word' id='word_1_42' title='bbox 1418 609 1582 664; x_wconf 72' lang='grc' dir='ltr'><strong>αὐτοῦ</strong></span> <span class='ocrx_word' id='word_1_43' title='bbox 1639 605 1715 668; x_wconf 88' lang='grc' dir='ltr'>εἰς</span> <span class='ocrx_word' id='word_1_44' title='bbox 1759 603 1921 668; x_wconf 87' lang='grc' dir='ltr'><strong>τέλος</strong></span> <span class='ocrx_word' id='word_1_45' title='bbox 1955 604 2034 676; x_wconf 82' lang='grc' dir='ltr'>ἐξ·</span> 
     </span>
    </p>
   </div>
   <div class='ocr_carea' id='block_1_9' title="bbox 390 693 2034 777">
    <p class='ocr_par' dir='ltr' id='par_1_9' title="bbox 390 693 2034 777">
     <span class='ocr_line' id='line_1_9' title="bbox 390 693 2034 777; baseline -0.007 -17"><span class='ocrx_word' id='word_1_46' title='bbox 390 705 580 760; x_wconf 86' lang='grc' dir='ltr'><strong>έλιπον</strong></span> <span class='ocrx_word' id='word_1_47' title='bbox 613 708 823 777; x_wconf 78' lang='grc' dir='ltr'>(30)τῇ</span> <span class='ocrx_word' id='word_1_48' title='bbox 882 707 976 758; x_wconf 80' lang='grc' dir='ltr'>τοῦ</span> <span class='ocrx_word' id='word_1_49' title='bbox 1035 702 1271 776; x_wconf 75' lang='grc' dir='ltr'>Χριστοῦ</span> <span class='ocrx_word' id='word_1_50' title='bbox 1329 697 1576 771; x_wconf 83' lang='grc' dir='ltr'><strong>δυνάμει.</strong></span> <span class='ocrx_word' id='word_1_51' title='bbox 1635 693 1777 753; x_wconf 74' lang='grc' dir='ltr'><strong>Ἰδού</strong></span> <span class='ocrx_word' id='word_1_52' title='bbox 1807 716 1891 750; x_wconf 93' lang='grc' dir='ltr'>σοι</span> <span class='ocrx_word' id='word_1_53' title='bbox 1944 695 2034 748; x_wconf 90' lang='grc' dir='ltr'><strong>τὸν</strong></span> 
     </span>
    </p>
   </div>
   <div class='ocr_carea' id='block_1_10' title="bbox 387 781 2033 866">
    <p class='ocr_par' dir='ltr' id='par_1_10' title="bbox 387 781 2033 866">
     <span class='ocr_line' id='line_1_10' title="bbox 387 781 2033 866; baseline -0.009 -16"><span class='ocrx_word' id='word_1_54' title='bbox 387 793 520 866; x_wconf 78' lang='grc' dir='ltr'><strong>ἐμὸν</strong></span> <span class='ocrx_word' id='word_1_55' title='bbox 567 791 867 863; x_wconf 84' lang='grc' dir='ltr'><strong>Δεσπότην,</strong></span> <span class='ocrx_word' id='word_1_56' title='bbox 901 792 990 846; x_wconf 88' lang='grc' dir='ltr'>καί</span> <span class='ocrx_word' id='word_1_57' title='bbox 1049 790 1175 845; x_wconf 84' lang='grc' dir='ltr'>Θεὸν</span> <span class='ocrx_word' id='word_1_58' title='bbox 1235 787 1325 843; x_wconf 79' lang='grc' dir='ltr'>καὶ</span> <span class='ocrx_word' id='word_1_59' title='bbox 1385 793 1640 860; x_wconf 81' lang='grc' dir='ltr'>Σωτῆρα,</span> <span class='ocrx_word' id='word_1_60' title='bbox 1700 781 1768 838; x_wconf 84' lang='grc' dir='ltr'><strong>δι’</strong></span> <span class='ocrx_word' id='word_1_61' title='bbox 1828 783 2033 860; x_wconf 78' lang='grc' dir='ltr'>ὀλίγων</span> 
     </span>
    </p>
   </div>
   <div class='ocr_carea' id='block_1_11' title="bbox 389 871 2032 959">
    <p class='ocr_par' dir='ltr' id='par_1_11' title="bbox 389 871 2032 959">
     <span class='ocr_line' id='line_1_11' title="bbox 389 871 2032 959; baseline -0.007 -20"><span class='ocrx_word' id='word_1_62' title='bbox 389 882 658 958; x_wconf 79' lang='grc' dir='ltr'>ἐγνώρισα</span> <span class='ocrx_word' id='word_1_63' title='bbox 714 881 998 959; x_wconf 72' lang='grc' dir='ltr'><strong>ῥημάτωνο</strong></span> <span class='ocrx_word' id='word_1_64' title='bbox 1065 877 1398 952; x_wconf 76' lang='grc' dir='ltr'>τελεώτερον</span> <span class='ocrx_word' id='word_1_65' title='bbox 1486 875 1544 932; x_wconf 74' lang='grc' dir='ltr'>δὲ</span> <span class='ocrx_word' id='word_1_66' title='bbox 1624 873 1926 952; x_wconf 86' lang='grc' dir='ltr'><strong>γνωρίσεις,</strong></span> <span class='ocrx_word' id='word_1_67' title='bbox 1988 871 2032 927; x_wconf 81' lang='grc' dir='ltr'><strong>εἰ</strong></span> 
     </span>
    </p>
   </div>
   <div class='ocr_carea' id='block_1_12' title="bbox 385 962 2029 1048">
    <p class='ocr_par' dir='ltr' id='par_1_12' title="bbox 385 962 2029 1048">
     <span class='ocr_line' id='line_1_12' title="bbox 385 962 2029 1048; baseline -0.007 -20"><span class='ocrx_word' id='word_1_68' title='bbox 385 974 483 1042; x_wconf 82' lang='grc' dir='ltr'><strong>τὴν</strong></span> <span class='ocrx_word' id='word_1_69' title='bbox 518 972 680 1048; x_wconf 84' lang='grc' dir='ltr'>χάριν</span> <span class='ocrx_word' id='word_1_70' title='bbox 712 969 875 1026; x_wconf 78' lang='grc' dir='ltr'><strong>αὐτοῦ</strong></span> <span class='ocrx_word' id='word_1_71' title='bbox 907 969 1027 1044; x_wconf 80' lang='grc' dir='ltr'><strong>δέξῃ</strong></span> <span class='ocrx_word' id='word_1_72' title='bbox 1057 968 1108 1024; x_wconf 82' lang='grc' dir='ltr'>έν</span> <span class='ocrx_word' id='word_1_73' title='bbox 1139 972 1208 1043; x_wconf 77' lang='grc' dir='ltr'><strong>τῇ</strong></span> <span class='ocrx_word' id='word_1_74' title='bbox 1238 971 1392 1043; x_wconf 80' lang='grc' dir='ltr'>ψυχῇ</span> <span class='ocrx_word' id='word_1_75' title='bbox 1426 988 1520 1022; x_wconf 85' lang='grc' dir='ltr'>σου</span> <span class='ocrx_word' id='word_1_76' title='bbox 1549 964 1641 1020; x_wconf 80' lang='grc' dir='ltr'>καὶ</span> <span class='ocrx_word' id='word_1_77' title='bbox 1699 962 1898 1026; x_wconf 78' lang='grc' dir='ltr'><strong>δοῦλος</strong></span> <span class='ocrx_word' id='word_1_78' title='bbox 1935 962 2029 1018; x_wconf 79' lang='grc' dir='ltr'>αὖ·</span> 
     </span>
    </p>
   </div>
   <div class='ocr_carea' id='block_1_13' title="bbox 385 1061 1138 1136">
    <p class='ocr_par' dir='ltr' id='par_1_13' title="bbox 385 1061 1138 1136">
     <span class='ocr_line' id='line_1_13' title="bbox 385 1061 1138 1136; baseline -0.004 -19"><span class='ocrx_word' id='word_1_79' title='bbox 385 1066 482 1117; x_wconf 80' lang='grc' dir='ltr'><strong>τοῦ</strong></span> <span class='ocrx_word' id='word_1_80' title='bbox 513 1063 851 1134; x_wconf 77' lang='grc' dir='ltr'><strong>καταξιωθῇς</strong></span> <span class='ocrx_word' id='word_1_81' title='bbox 873 1061 1138 1136; x_wconf 84' lang='grc' dir='ltr'><strong>γενέσθαι.</strong></span> 
     </span>
    </p>
   </div>
   <div class='ocr_carea' id='block_1_14' title="bbox 456 1143 2028 1220">
    <p class='ocr_par' dir='ltr' id='par_1_14' title="bbox 456 1143 2028 1220">
     <span class='ocr_line' id='line_1_14' title="bbox 456 1143 2028 1220; baseline -0.008 -14"><span class='ocrx_word' id='word_1_82' title='bbox 456 1153 617 1208; x_wconf 81' lang='grc' dir='ltr'><strong>ΚΕΦ.</strong></span> <span class='ocrx_word' id='word_1_83' title='bbox 653 1152 732 1208; x_wconf 86' lang='grc' dir='ltr'>Η’.</span> <span class='ocrx_word' id='word_1_84' title='bbox 759 1149 973 1204; x_wconf 74' lang='grc' dir='ltr'><strong>Τούτων</strong></span> <span class='ocrx_word' id='word_1_85' title='bbox 999 1150 1072 1212; x_wconf 82' lang='grc' dir='ltr'><strong>ὡς</strong></span> <span class='ocrx_word' id='word_1_86' title='bbox 1130 1147 1336 1218; x_wconf 77' lang='grc' dir='ltr'><strong>ἤκουσε</strong></span> <span class='ocrx_word' id='word_1_87' title='bbox 1391 1151 1499 1202; x_wconf 89' lang='grc' dir='ltr'>τῶν</span> <span class='ocrx_word' id='word_1_88' title='bbox 1555 1144 1814 1220; x_wconf 74' lang='grc' dir='ltr'><strong>ῥημάτιον</strong></span> <span class='ocrx_word' id='word_1_89' title='bbox 1874 1143 1901 1197; x_wconf 86' lang='grc' dir='ltr'>ὁ</span> <span class='ocrx_word' id='word_1_90' title='bbox 1932 1145 2028 1196; x_wconf 76' lang='grc' dir='ltr'><strong>τοῦ</strong></span> 
     </span>
    </p>
   </div>
   <div class='ocr_carea' id='block_1_15' title="bbox 386 1234 2026 1316">
    <p class='ocr_par' dir='ltr' id='par_1_15' title="bbox 386 1234 2026 1316">
     <span class='ocr_line' id='line_1_15' title="bbox 386 1234 2026 1316; baseline -0.007 -20"><span class='ocrx_word' id='word_1_91' title='bbox 386 1239 658 1316; x_wconf 87' lang='grc' dir='ltr'><strong>βασιλέως</strong></span> <span class='ocrx_word' id='word_1_92' title='bbox 715 1240 852 1306; x_wconf 76' lang='grc' dir='ltr'><strong>υἱὸς,</strong></span> <span class='ocrx_word' id='word_1_93' title='bbox 905 1243 1017 1316; x_wconf 77' lang='grc' dir='ltr'>φῶς</span> <span class='ocrx_word' id='word_1_94' title='bbox 1075 1238 1237 1292; x_wconf 77' lang='grc' dir='ltr'>αὐτοῦ</span> <span class='ocrx_word' id='word_1_95' title='bbox 1291 1238 1661 1310; x_wconf 74' lang='grc' dir='ltr'><strong>περιήστραψε</strong></span> <span class='ocrx_word' id='word_1_96' title='bbox 1740 1234 1838 1301; x_wconf 81' lang='grc' dir='ltr'><strong>τήν</strong></span> <span class='ocrx_word' id='word_1_97' title='bbox 1922 1235 2026 1305; x_wconf 80' lang='grc' dir='ltr'>ψυ-</span> 
     </span>
    </p>
   </div>
   <div class='ocr_carea' id='block_1_16' title="bbox 382 1321 2023 1405">
    <p class='ocr_par' dir='ltr' id='par_1_16' title="bbox 382 1321 2023 1405">
     <span class='ocr_line' id='line_1_16' title="bbox 382 1321 2023 1405; baseline -0.006 -19"><span class='ocrx_word' id='word_1_98' title='bbox 382 1331 492 1405; x_wconf 77' lang='grc' dir='ltr'>χήν</span> <span class='ocrx_word' id='word_1_99' title='bbox 525 1334 658 1405; x_wconf 87' lang='grc'><strong>(31)·</strong></span> <span class='ocrx_word' id='word_1_100' title='bbox 690 1329 782 1385; x_wconf 87' lang='grc' dir='ltr'>καί</span> <span class='ocrx_word' id='word_1_101' title='bbox 815 1327 1098 1398; x_wconf 72' lang='grc' dir='ltr'><strong>ἐξαναστὰς</strong></span> <span class='ocrx_word' id='word_1_102' title='bbox 1150 1331 1246 1380; x_wconf 74' lang='grc' dir='ltr'>τοῦ</span> <span class='ocrx_word' id='word_1_103' title='bbox 1302 1325 1502 1395; x_wconf 78' lang='grc' dir='ltr'><strong>θρόνου</strong></span> <span class='ocrx_word' id='word_1_104' title='bbox 1559 1324 1618 1378; x_wconf 83' lang='grc' dir='ltr'><strong>ἐκ</strong></span> <span class='ocrx_word' id='word_1_105' title='bbox 1651 1321 2023 1397; x_wconf 76' lang='grc' dir='ltr'>περιχαρείας,</span> 
     </span>
    </p>
   </div>
   <div class='ocr_carea' id='block_1_17' title="bbox 382 1409 2023 1495">
    <p class='ocr_par' dir='ltr' id='par_1_17' title="bbox 382 1409 2023 1495">
     <span class='ocr_line' id='line_1_17' title="bbox 382 1409 2023 1495; baseline -0.006 -21"><span class='ocrx_word' id='word_1_106' title='bbox 382 1420 471 1474; x_wconf 82' lang='grc' dir='ltr'><strong>καὶ</strong></span> <span class='ocrx_word' id='word_1_107' title='bbox 506 1417 861 1495; x_wconf 76' lang='grc' dir='ltr'>περιπλακεὶς</span> <span class='ocrx_word' id='word_1_108' title='bbox 885 1421 963 1487; x_wconf 81' lang='grc' dir='ltr'><strong>τῷ</strong></span> <span class='ocrx_word' id='word_1_109' title='bbox 995 1414 1283 1490; x_wconf 75' lang='grc' dir='ltr'><strong>Βαρλαᾶμ,</strong></span> <span class='ocrx_word' id='word_1_110' title='bbox 1317 1409 1440 1492; x_wconf 69' lang='grc' dir='ltr'><strong>ἔφη·</strong></span> <span class='ocrx_word' id='word_1_111' title='bbox 1490 1415 1648 1487; x_wconf 86' lang='grc' dir='ltr'><strong>Τάχα</strong></span> <span class='ocrx_word' id='word_1_112' title='bbox 1677 1411 1832 1473; x_wconf 83' lang='grc' dir='ltr'><strong>οὗτός</strong></span> <span class='ocrx_word' id='word_1_113' title='bbox 1863 1410 2023 1480; x_wconf 84' lang='grc' dir='ltr'><strong>ἐστιν,</strong></span> 
     </span>
    </p>
   </div>
   <div class='ocr_carea' id='block_1_18' title="bbox 383 1499 2024 1585">
    <p class='ocr_par' dir='ltr' id='par_1_18' title="bbox 383 1499 2024 1585">
     <span class='ocr_line' id='line_1_18' title="bbox 383 1499 2024 1585; baseline -0.005 -21"><span class='ocrx_word' id='word_1_114' title='bbox 383 1509 458 1572; x_wconf 87' lang='grc' dir='ltr'><strong>ὡς</strong></span> <span class='ocrx_word' id='word_1_115' title='bbox 489 1508 596 1585; x_wconf 85' lang='grc' dir='ltr'><strong>ἐγὼ</strong></span> <span class='ocrx_word' id='word_1_116' title='bbox 628 1508 847 1578; x_wconf 88' lang='grc' dir='ltr'><strong>εἰκάζω,</strong></span> <span class='ocrx_word' id='word_1_117' title='bbox 903 1508 1202 1581; x_wconf 89' lang='grc' dir='ltr'><strong>τιμιώτατε</strong></span> <span class='ocrx_word' id='word_1_118' title='bbox 1246 1509 1352 1560; x_wconf 89' lang='grc' dir='ltr'>τῶν</span> <span class='ocrx_word' id='word_1_119' title='bbox 1405 1503 1727 1578; x_wconf 86' lang='grc' dir='ltr'><strong>ἀνθρώπων,</strong></span> <span class='ocrx_word' id='word_1_120' title='bbox 1787 1499 1815 1556; x_wconf 81' lang='grc' dir='ltr'><strong>ὅ</strong></span> <span class='ocrx_word' id='word_1_121' title='bbox 1874 1501 2024 1565; x_wconf 82' lang='grc' dir='ltr'>λίθος</span> 
     </span>
    </p>
   </div>
   <div class='ocr_carea' id='block_1_19' title="bbox 383 1589 2022 1670">
    <p class='ocr_par' dir='ltr' id='par_1_19' title="bbox 383 1589 2022 1670">
     <span class='ocr_line' id='line_1_19' title="bbox 383 1589 2022 1670; baseline -0.007 -15"><span class='ocrx_word' id='word_1_122' title='bbox 383 1599 586 1662; x_wconf 80' lang='grc' dir='ltr'><strong>ἐκεῖνος</strong></span> <span class='ocrx_word' id='word_1_123' title='bbox 617 1599 644 1653; x_wconf 85' lang='grc' dir='ltr'>ὁ</span> <span class='ocrx_word' id='word_1_124' title='bbox 671 1596 959 1670; x_wconf 73' lang='grc' dir='ltr'><strong>ἀτίμητος,</strong></span> <span class='ocrx_word' id='word_1_125' title='bbox 1005 1597 1060 1651; x_wconf 82' lang='grc' dir='ltr'>δν</span> <span class='ocrx_word' id='word_1_126' title='bbox 1094 1594 1148 1651; x_wconf 80' lang='grc' dir='ltr'>ἐν</span> <span class='ocrx_word' id='word_1_127' title='bbox 1184 1596 1466 1668; x_wconf 78' lang='grc' dir='ltr'><strong>μυστηρίῳ</strong></span> <span class='ocrx_word' id='word_1_128' title='bbox 1497 1589 1720 1654; x_wconf 78' lang='grc' dir='ltr'>εἰκότως</span> <span class='ocrx_word' id='word_1_129' title='bbox 1751 1593 2022 1666; x_wconf 86' lang='grc' dir='ltr'><strong>κατέχεις,</strong></span> 
     </span>
    </p>
   </div>
   <div class='ocr_carea' id='block_1_20' title="bbox 387 1679 2022 1761">
    <p class='ocr_par' dir='ltr' id='par_1_20' title="bbox 387 1679 2022 1761">
     <span class='ocr_line' id='line_1_20' title="bbox 387 1679 2022 1761; baseline -0.006 -18"><span class='ocrx_word' id='word_1_130' title='bbox 387 1690 462 1761; x_wconf 81' lang='grc' dir='ltr'>μὴ</span> <span class='ocrx_word' id='word_1_131' title='bbox 492 1689 650 1742; x_wconf 89' lang='grc' dir='ltr'><strong>παντὶ</strong></span> <span class='ocrx_word' id='word_1_132' title='bbox 679 1691 760 1759; x_wconf 77' lang='grc' dir='ltr'><strong>τῷ</strong></span> <span class='ocrx_word' id='word_1_133' title='bbox 793 1684 1116 1760; x_wconf 73' lang='grc' dir='ltr'>βουλομένῳ</span> <span class='ocrx_word' id='word_1_134' title='bbox 1168 1688 1359 1740; x_wconf 78' lang='grc' dir='ltr'><strong>τοῦτον</strong></span> <span class='ocrx_word' id='word_1_135' title='bbox 1415 1681 1695 1747; x_wconf 75' lang='grc' dir='ltr'>δεικνύων,</span> <span class='ocrx_word' id='word_1_136' title='bbox 1756 1679 1883 1736; x_wconf 78' lang='grc' dir='ltr'><strong>ἀλλ’</strong></span> <span class='ocrx_word' id='word_1_137' title='bbox 1939 1682 2022 1742; x_wconf 80' lang='grc' dir='ltr'>οἷς</span> 
     </span>
    </p>
   </div>
   <div class='ocr_carea' id='block_1_21' title="bbox 2142 605 3782 681">
    <p class='ocr_par' dir='ltr' id='par_1_21' title="bbox 2142 605 3782 681">
     <span class='ocr_line' id='line_1_21' title="bbox 2142 605 3782 681; baseline 0 -18"><span class='ocrx_word' id='word_1_138' title='bbox 2142 607 2382 664; x_wconf 80' lang='lat' dir='ltr'>frameae</span> <span class='ocrx_word' id='word_1_139' title='bbox 2405 625 2509 681; x_wconf 89' lang='lat' dir='ltr'>per</span> <span class='ocrx_word' id='word_1_140' title='bbox 2528 608 2741 663; x_wconf 78' lang='lat' dir='ltr'>Christi</span> <span class='ocrx_word' id='word_1_141' title='bbox 2764 608 3087 680; x_wconf 81' lang='lat' dir='ltr'>potentiam</span> <span class='ocrx_word' id='word_1_142' title='bbox 3124 606 3185 661; x_wconf 92' lang='lat' dir='ltr'>in</span> <span class='ocrx_word' id='word_1_143' title='bbox 3214 607 3396 662; x_wconf 84' lang='lat' dir='ltr'>finem</span> <span class='ocrx_word' id='word_1_144' title='bbox 3420 605 3782 680; x_wconf 85' lang='lat' dir='ltr'>defecerunt.</span> 
     </span>
    </p>
   </div>
   <div class='ocr_carea' id='block_1_22' title="bbox 2140 695 3785 754">
    <p class='ocr_par' dir='ltr' id='par_1_22' title="bbox 2140 695 3785 754">
     <span class='ocr_line' id='line_1_22' title="bbox 2140 695 3785 754; baseline 0.001 -2"><span class='ocrx_word' id='word_1_145' title='bbox 2140 701 2225 753; x_wconf 84' lang='lat' dir='ltr'>En</span> <span class='ocrx_word' id='word_1_146' title='bbox 2242 699 2344 753; x_wconf 83' lang='lat' dir='ltr'>tibi</span> <span class='ocrx_word' id='word_1_147' title='bbox 2360 698 2673 754; x_wconf 90' lang='lat' dir='ltr'>Dominum</span> <span class='ocrx_word' id='word_1_148' title='bbox 2692 715 2890 753; x_wconf 89' lang='lat' dir='ltr'>meum</span> <span class='ocrx_word' id='word_1_149' title='bbox 2912 699 3168 754; x_wconf 90' lang='lat' dir='ltr'>acDeum</span> <span class='ocrx_word' id='word_1_150' title='bbox 3182 702 3241 752; x_wconf 89' lang='lat' dir='ltr'>et</span> <span class='ocrx_word' id='word_1_151' title='bbox 3261 695 3469 751; x_wconf 89' lang='lat' dir='ltr'>salutis</span> <span class='ocrx_word' id='word_1_152' title='bbox 3483 701 3785 753; x_wconf 83' lang='lat' dir='ltr'>auctorem</span> 
     </span>
    </p>
   </div>
   <div class='ocr_carea' id='block_1_23' title="bbox 2139 787 3784 861">
    <p class='ocr_par' dir='ltr' id='par_1_23' title="bbox 2139 787 3784 861">
     <span class='ocr_line' id='line_1_23' title="bbox 2139 787 3784 861; baseline -0.001 -17"><span class='ocrx_word' id='word_1_153' title='bbox 2139 788 2345 861; x_wconf 83' lang='lat' dir='ltr'>paucis</span> <span class='ocrx_word' id='word_1_154' title='bbox 2375 788 2568 844; x_wconf 87' lang='lat' dir='ltr'>verbis</span> <span class='ocrx_word' id='word_1_155' title='bbox 2598 787 2887 843; x_wconf 84' lang='lat' dir='ltr'>declaravi</span> <span class='ocrx_word' id='word_1_156' title='bbox 2913 806 2927 854; x_wconf 92' lang='lat'><strong>;</strong></span> <span class='ocrx_word' id='word_1_157' title='bbox 2951 787 3187 860; x_wconf 88' lang='lat' dir='ltr'>plenius</span> <span class='ocrx_word' id='word_1_158' title='bbox 3209 793 3407 842; x_wconf 91' lang='lat' dir='ltr'>autem</span> <span class='ocrx_word' id='word_1_159' title='bbox 3421 804 3554 842; x_wconf 88' lang='lat' dir='ltr'>cum</span> <span class='ocrx_word' id='word_1_160' title='bbox 3568 803 3784 860; x_wconf 84' lang='lat' dir='ltr'>cogno-</span> 
     </span>
    </p>
   </div>
   <div class='ocr_carea' id='block_1_24' title="bbox 2140 876 3784 952">
    <p class='ocr_par' dir='ltr' id='par_1_24' title="bbox 2140 876 3784 952">
     <span class='ocr_line' id='line_1_24' title="bbox 2140 876 3784 952; baseline -0.002 -17"><span class='ocrx_word' id='word_1_161' title='bbox 2140 897 2289 948; x_wconf 91' lang='lat' dir='ltr'>sces,</span> <span class='ocrx_word' id='word_1_162' title='bbox 2333 879 2381 935; x_wconf 89' lang='lat' dir='ltr'>si</span> <span class='ocrx_word' id='word_1_163' title='bbox 2429 877 2616 951; x_wconf 90' lang='lat' dir='ltr'>ipsius</span> <span class='ocrx_word' id='word_1_164' title='bbox 2660 879 2909 952; x_wconf 79' lang='lat' dir='ltr'>gratiam</span> <span class='ocrx_word' id='word_1_165' title='bbox 2952 877 3014 931; x_wconf 91' lang='lat' dir='ltr'>in</span> <span class='ocrx_word' id='word_1_166' title='bbox 3066 876 3267 933; x_wconf 87' lang='lat' dir='ltr'>anima</span> <span class='ocrx_word' id='word_1_167' title='bbox 3315 882 3415 932; x_wconf 86' lang='lat' dir='ltr'>tua</span> <span class='ocrx_word' id='word_1_168' title='bbox 3462 877 3784 948; x_wconf 88' lang='lat' dir='ltr'>acceperis,</span> 
     </span>
    </p>
   </div>
   <div class='ocr_carea' id='block_1_25' title="bbox 2139 966 3784 1040">
    <p class='ocr_par' dir='ltr' id='par_1_25' title="bbox 2139 966 3784 1040">
     <span class='ocr_line' id='line_1_25' title="bbox 2139 966 3784 1040; baseline -0.001 -16"><span class='ocrx_word' id='word_1_169' title='bbox 2139 969 2455 1040; x_wconf 87' lang='lat' dir='ltr'>divinoque</span> <span class='ocrx_word' id='word_1_170' title='bbox 2486 969 2776 1024; x_wconf 85' lang='lat' dir='ltr'>beneﬁcio</span> <span class='ocrx_word' id='word_1_171' title='bbox 2811 966 2914 1023; x_wconf 90' lang='lat' dir='ltr'>tibi</span> <span class='ocrx_word' id='word_1_172' title='bbox 2944 967 3258 1039; x_wconf 77' lang='lat' dir='ltr'>contigerit</span> <span class='ocrx_word' id='word_1_173' title='bbox 3286 971 3350 1022; x_wconf 87' lang='lat' dir='ltr'>ut</span> <span class='ocrx_word' id='word_1_174' title='bbox 3378 967 3564 1040; x_wconf 88' lang='lat' dir='ltr'>ipsius</span> <span class='ocrx_word' id='word_1_175' title='bbox 3585 983 3784 1024; x_wconf 88' lang='lat' dir='ltr'>servus</span> 
     </span>
    </p>
   </div>
   <div class='ocr_carea' id='block_1_26' title="bbox 2138 1061 2266 1116">
    <p class='ocr_par' dir='ltr' id='par_1_26' title="bbox 2138 1061 2266 1116">
     <span class='ocr_line' id='line_1_26' title="bbox 2138 1061 2266 1116; baseline -0.039 0"><span class='ocrx_word' id='word_1_176' title='bbox 2138 1061 2266 1116; x_wconf 82' lang='lat' dir='ltr'>ﬁas.</span> 
     </span>
    </p>
   </div>
   <div class='ocr_carea' id='block_1_27' title="bbox 2206 1147 3777 1221">
    <p class='ocr_par' dir='ltr' id='par_1_27' title="bbox 2206 1147 3777 1221">
     <span class='ocr_line' id='line_1_27' title="bbox 2206 1147 3777 1221; baseline -0.001 -15"><span class='ocrx_word' id='word_1_177' title='bbox 2206 1152 2336 1206; x_wconf 82' lang='lat' dir='ltr'>CAP.</span> <span class='ocrx_word' id='word_1_178' title='bbox 2371 1151 2515 1206; x_wconf 89' lang='lat' dir='ltr'><strong>VIII.</strong></span> <span class='ocrx_word' id='word_1_179' title='bbox 2550 1182 2614 1192; x_wconf 96' lang='lat'>—</span> <span class='ocrx_word' id='word_1_180' title='bbox 2646 1150 2779 1204; x_wconf 63' lang='lat' dir='ltr'>Haec</span> <span class='ocrx_word' id='word_1_181' title='bbox 2808 1148 2985 1205; x_wconf 88' lang='lat' dir='ltr'>verba</span> <span class='ocrx_word' id='word_1_182' title='bbox 3015 1153 3081 1204; x_wconf 92' lang='lat' dir='ltr'>ut</span> <span class='ocrx_word' id='word_1_183' title='bbox 3121 1149 3275 1221; x_wconf 86' lang='lat' dir='ltr'>regis</span> <span class='ocrx_word' id='word_1_184' title='bbox 3328 1148 3486 1204; x_wconf 81' lang='lat' dir='ltr'>filius</span> <span class='ocrx_word' id='word_1_185' title='bbox 3534 1147 3777 1216; x_wconf 85' lang='lat' dir='ltr'>audivit,</span> 
     </span>
    </p>
   </div>
   <div class='ocr_carea' id='block_1_28' title="bbox 2133 1238 3782 1316">
    <p class='ocr_par' dir='ltr' id='par_1_28' title="bbox 2133 1238 3782 1316">
     <span class='ocr_line' id='line_1_28' title="bbox 2133 1238 3782 1316; baseline -0.002 -17"><span class='ocrx_word' id='word_1_186' title='bbox 2133 1244 2319 1316; x_wconf 88' lang='lat' dir='ltr'>ipsius</span> <span class='ocrx_word' id='word_1_187' title='bbox 2349 1243 2580 1300; x_wconf 91' lang='lat' dir='ltr'>animus</span> <span class='ocrx_word' id='word_1_188' title='bbox 2612 1241 2838 1296; x_wconf 91' lang='lat' dir='ltr'>lumine</span> <span class='ocrx_word' id='word_1_189' title='bbox 2853 1240 3141 1312; x_wconf 63' lang='lat' dir='ltr'>perstricti</span> <span class='ocrx_word' id='word_1_190' title='bbox 3173 1245 3316 1301; x_wconf 88' lang='lat' dir='ltr'>sest.</span> <span class='ocrx_word' id='word_1_191' title='bbox 3346 1256 3416 1294; x_wconf 90' lang='lat' dir='ltr'>ac</span> <span class='ocrx_word' id='word_1_192' title='bbox 3432 1255 3552 1310; x_wconf 66' lang='lat' dir='ltr'>pra)</span> <span class='ocrx_word' id='word_1_193' title='bbox 3576 1238 3782 1295; x_wconf 58' lang='lat' dir='ltr'>laetitia</span> 
     </span>
    </p>
   </div>
   <div class='ocr_carea' id='block_1_29' title="bbox 2135 1328 3774 1408">
    <p class='ocr_par' dir='ltr' id='par_1_29' title="bbox 2135 1328 3774 1408">
     <span class='ocr_line' id='line_1_29' title="bbox 2135 1328 3774 1408; baseline -0.003 -19"><span class='ocrx_word' id='word_1_194' title='bbox 2135 1351 2165 1408; x_wconf 87' lang='lat' dir='ltr'>e</span> <span class='ocrx_word' id='word_1_195' title='bbox 2199 1333 2347 1389; x_wconf 89' lang='lat' dir='ltr'>solio</span> <span class='ocrx_word' id='word_1_196' title='bbox 2378 1349 2482 1388; x_wconf 92' lang='lat' dir='ltr'>suo</span> <span class='ocrx_word' id='word_1_197' title='bbox 2531 1348 2873 1403; x_wconf 83' lang='lat' dir='ltr'>exsurgens,</span> <span class='ocrx_word' id='word_1_198' title='bbox 2919 1330 3303 1400; x_wconf 89' lang='lat' dir='ltr'>Barlaamque</span> <span class='ocrx_word' id='word_1_199' title='bbox 3353 1328 3774 1400; x_wconf 88' lang='lat' dir='ltr'>complectens,</span> 
     </span>
    </p>
   </div>
   <div class='ocr_carea' id='block_1_30' title="bbox 2134 1416 3777 1490">
    <p class='ocr_par' dir='ltr' id='par_1_30' title="bbox 2134 1416 3777 1490">
     <span class='ocr_line' id='line_1_30' title="bbox 2134 1416 3777 1490; baseline -0.003 -12"><span class='ocrx_word' id='word_1_200' title='bbox 2134 1424 2314 1479; x_wconf 85' lang='lat' dir='ltr'>dixit:</span> <span class='ocrx_word' id='word_1_201' title='bbox 2353 1424 2643 1490; x_wconf 85' lang='lat' dir='ltr'>Fortasse,</span> <span class='ocrx_word' id='word_1_202' title='bbox 2676 1421 2788 1476; x_wconf 90' lang='lat' dir='ltr'>nisi</span> <span class='ocrx_word' id='word_1_203' title='bbox 2824 1437 2916 1476; x_wconf 92' lang='lat' dir='ltr'>me</span> <span class='ocrx_word' id='word_1_204' title='bbox 2949 1421 3293 1490; x_wconf 84' lang='lat' dir='ltr'>conjectura</span> <span class='ocrx_word' id='word_1_205' title='bbox 3322 1416 3597 1484; x_wconf 81' lang='lat' dir='ltr'>fallit,vir</span> <span class='ocrx_word' id='word_1_206' title='bbox 3624 1435 3777 1489; x_wconf 68' lang='lat' dir='ltr'>prm-</span> 
     </span>
    </p>
   </div>
   <div class='ocr_carea' id='block_1_31' title="bbox 2134 1507 3774 1579">
    <p class='ocr_par' dir='ltr' id='par_1_31' title="bbox 2134 1507 3774 1579">
     <span class='ocr_line' id='line_1_31' title="bbox 2134 1507 3774 1579; baseline -0.003 -11"><span class='ocrx_word' id='word_1_207' title='bbox 2134 1511 2622 1578; x_wconf 87' lang='lat' dir='ltr'>stantissime,hic</span> <span class='ocrx_word' id='word_1_208' title='bbox 2637 1507 3284 1565; x_wconf 67' lang='lat' dir='ltr'>estinmstimabilisille</span> <span class='ocrx_word' id='word_1_209' title='bbox 3300 1507 3451 1579; x_wconf 90' lang='lat' dir='ltr'>lapis</span> <span class='ocrx_word' id='word_1_210' title='bbox 3464 1524 3640 1578; x_wconf 88' lang='lat' dir='ltr'>quem</span> <span class='ocrx_word' id='word_1_211' title='bbox 3655 1523 3774 1563; x_wconf 89' lang='lat' dir='ltr'>non</span> 
     </span>
    </p>
   </div>
   <div class='ocr_carea' id='block_1_32' title="bbox 2130 1597 3771 1669">
    <p class='ocr_par' dir='ltr' id='par_1_32' title="bbox 2130 1597 3771 1669">
     <span class='ocr_line' id='line_1_32' title="bbox 2130 1597 3771 1669; baseline -0.004 -10"><span class='ocrx_word' id='word_1_212' title='bbox 2130 1604 2234 1659; x_wconf 90' lang='lat' dir='ltr'>abs</span> <span class='ocrx_word' id='word_1_213' title='bbox 2251 1620 2313 1658; x_wconf 89' lang='lat' dir='ltr'>re</span> <span class='ocrx_word' id='word_1_214' title='bbox 2333 1602 2632 1658; x_wconf 90' lang='lat' dir='ltr'>occultum</span> <span class='ocrx_word' id='word_1_215' title='bbox 2650 1606 2832 1656; x_wconf 32' lang='lat' dir='ltr'>tenes.</span> <span class='ocrx_word' id='word_1_216' title='bbox 2847 1616 2954 1654; x_wconf 91' lang='lat' dir='ltr'>nec</span> <span class='ocrx_word' id='word_1_217' title='bbox 2968 1597 3556 1669; x_wconf 89' lang='lat' dir='ltr'>cuilibetpromiscue</span> <span class='ocrx_word' id='word_1_218' title='bbox 3569 1603 3771 1653; x_wconf 63' lang='lat' dir='ltr'>osteno</span> 
     </span>
    </p>
   </div>
   <div class='ocr_carea' id='block_1_33' title="bbox 2131 1685 3773 1759">
    <p class='ocr_par' dir='ltr' id='par_1_33' title="bbox 2131 1685 3773 1759">
     <span class='ocr_line' id='line_1_33' title="bbox 2131 1685 3773 1759; baseline -0.003 -11"><span class='ocrx_word' id='word_1_219' title='bbox 2131 1693 2240 1756; x_wconf 92' lang='lat' dir='ltr'>dis,</span> <span class='ocrx_word' id='word_1_220' title='bbox 2257 1691 2547 1748; x_wconf 87' lang='lat' dir='ltr'>verumiis</span> <span class='ocrx_word' id='word_1_221' title='bbox 2560 1690 2799 1745; x_wconf 91' lang='lat' dir='ltr'>demum</span> <span class='ocrx_word' id='word_1_222' title='bbox 2814 1687 2915 1759; x_wconf 90' lang='lat' dir='ltr'>qui</span> <span class='ocrx_word' id='word_1_223' title='bbox 2939 1687 3100 1743; x_wconf 90' lang='lat' dir='ltr'>sanis</span> <span class='ocrx_word' id='word_1_224' title='bbox 3124 1704 3189 1742; x_wconf 89' lang='lat' dir='ltr'>ac</span> <span class='ocrx_word' id='word_1_225' title='bbox 3214 1687 3401 1741; x_wconf 86' lang='lat' dir='ltr'>ﬁrmis</span> <span class='ocrx_word' id='word_1_226' title='bbox 3427 1685 3610 1751; x_wconf 83' lang='lat' dir='ltr'>animi</span> <span class='ocrx_word' id='word_1_227' title='bbox 3634 1703 3773 1743; x_wconf 89' lang='lat' dir='ltr'>sen-</span> 
     </span>
    </p>
   </div>
   <div class='ocr_carea' id='block_1_34' title="bbox 382 1767 2048 1859">
    <p class='ocr_par' dir='ltr' id='par_1_34' title="bbox 382 1767 2018 1859">
     <span class='ocr_line' id='line_1_34' title="bbox 382 1767 2018 1859; baseline -0.004 -26"><span class='ocrx_word' id='word_1_228' title='bbox 382 1775 641 1853; x_wconf 73' lang='grc' dir='ltr'><strong>ἔρῥωνται</strong></span> <span class='ocrx_word' id='word_1_229' title='bbox 673 1779 767 1835; x_wconf 74' lang='grc'>57</span> <span class='ocrx_word' id='word_1_230' title='bbox 831 1775 896 1830; x_wconf 80' lang='grc' dir='ltr'>τὰ</span> <span class='ocrx_word' id='word_1_231' title='bbox 940 1782 1039 1843; x_wconf 84' lang='grc' dir='ltr'><strong>τῆς</strong></span> <span class='ocrx_word' id='word_1_232' title='bbox 1093 1777 1276 1848; x_wconf 79' lang='grc' dir='ltr'>ψυχῆς</span> <span class='ocrx_word' id='word_1_233' title='bbox 1327 1773 1674 1846; x_wconf 74' lang='grc' dir='ltr'><strong>αἰσθητήρια.</strong></span> <span class='ocrx_word' id='word_1_234' title='bbox 1719 1767 1858 1826; x_wconf 80' lang='grc' dir='ltr'><strong>Ἰδοὺ</strong></span> <span class='ocrx_word' id='word_1_235' title='bbox 1894 1769 2018 1859; x_wconf 73' lang='grc' dir='ltr'><strong>γὰρ.</strong></span> 
     </span>
    </p>
   </div>
   <div class='ocr_carea' id='block_1_35' title="bbox 2133 1767 3769 1859">
    <p class='ocr_par' dir='ltr' id='par_1_35' title="bbox 2134 1776 3769 1854">
     <span class='ocr_line' id='line_1_35' title="bbox 2134 1776 3769 1854; baseline -0.005 -15"><span class='ocrx_word' id='word_1_236' title='bbox 2134 1784 2295 1839; x_wconf 91' lang='lat' dir='ltr'>sibus</span> <span class='ocrx_word' id='word_1_237' title='bbox 2318 1781 2549 1854; x_wconf 67' lang='lat' dir='ltr'>praediti</span> <span class='ocrx_word' id='word_1_238' title='bbox 2572 1786 2728 1836; x_wconf 90' lang='lat' dir='ltr'>sunt.</span> <span class='ocrx_word' id='word_1_239' title='bbox 2753 1781 2900 1833; x_wconf 90' lang='lat' dir='ltr'>Ecce</span> <span class='ocrx_word' id='word_1_240' title='bbox 2923 1779 3079 1833; x_wconf 91' lang='lat' dir='ltr'>enim</span> <span class='ocrx_word' id='word_1_241' title='bbox 3106 1777 3307 1832; x_wconf 70' lang='lat' dir='ltr'>uthaec</span> <span class='ocrx_word' id='word_1_242' title='bbox 3333 1776 3509 1832; x_wconf 89' lang='lat' dir='ltr'>verba</span> <span class='ocrx_word' id='word_1_243' title='bbox 3528 1776 3769 1833; x_wconf 88' lang='lat' dir='ltr'>auribus</span> 
     </span>
    </p>
   </div>
   <div class='ocr_carea' id='block_1_36' title="bbox 383 1858 2018 1940">
    <p class='ocr_par' dir='ltr' id='par_1_36' title="bbox 383 1858 2018 1940">
     <span class='ocr_line' id='line_1_36' title="bbox 383 1858 2018 1940; baseline -0.006 -18"><span class='ocrx_word' id='word_1_244' title='bbox 383 1868 459 1930; x_wconf 83' lang='grc' dir='ltr'><strong>ὡς</strong></span> <span class='ocrx_word' id='word_1_245' title='bbox 487 1871 654 1922; x_wconf 79' lang='grc' dir='ltr'><strong>ταῦτα</strong></span> <span class='ocrx_word' id='word_1_246' title='bbox 677 1866 742 1920; x_wconf 81' lang='grc' dir='ltr'><strong>τὰ</strong></span> <span class='ocrx_word' id='word_1_247' title='bbox 773 1863 990 1940; x_wconf 79' lang='grc' dir='ltr'><strong>ῥήματα</strong></span> <span class='ocrx_word' id='word_1_248' title='bbox 1021 1862 1284 1936; x_wconf 78' lang='grc' dir='ltr'>ἐδεξάμην</span> <span class='ocrx_word' id='word_1_249' title='bbox 1337 1867 1455 1926; x_wconf 89' lang='grc' dir='ltr'><strong>ταῖς</strong></span> <span class='ocrx_word' id='word_1_250' title='bbox 1482 1861 1694 1927; x_wconf 80' lang='grc' dir='ltr'>ἀκοαῖς,</span> <span class='ocrx_word' id='word_1_251' title='bbox 1723 1865 1836 1938; x_wconf 68' lang='grc' dir='ltr'><strong>φῶς</strong></span> <span class='ocrx_word' id='word_1_252' title='bbox 1873 1858 2018 1934; x_wconf 90' lang='grc' dir='ltr'><strong>γλυ-</strong></span> 
     </span>
    </p>
   </div>
   <div class='ocr_carea' id='block_1_37' title="bbox 381 1948 2021 2028">
    <p class='ocr_par' dir='ltr' id='par_1_37' title="bbox 381 1948 2021 2028">
     <span class='ocr_line' id='line_1_37' title="bbox 381 1948 2021 2028; baseline -0.005 -17"><span class='ocrx_word' id='word_1_253' title='bbox 381 1956 609 2013; x_wconf 66' lang='grc' dir='ltr'><strong>κύτατον</strong></span> <span class='ocrx_word' id='word_1_254' title='bbox 642 1951 819 2010; x_wconf 70' lang='grc' dir='ltr'><strong>εἰσέδυ</strong></span> <span class='ocrx_word' id='word_1_255' title='bbox 849 1975 953 2028; x_wconf 89' lang='grc' dir='ltr'>μου</span> <span class='ocrx_word' id='word_1_256' title='bbox 982 1956 1050 2026; x_wconf 77' lang='grc' dir='ltr'><strong>τῇ</strong></span> <span class='ocrx_word' id='word_1_257' title='bbox 1079 1950 1296 2026; x_wconf 80' lang='grc' dir='ltr'><strong>καρδίᾳ.</strong></span> <span class='ocrx_word' id='word_1_258' title='bbox 1326 1949 1414 2005; x_wconf 82' lang='grc' dir='ltr'>καί</span> <span class='ocrx_word' id='word_1_259' title='bbox 1443 1950 1506 2006; x_wconf 84' lang='grc' dir='ltr'><strong>τὸ</strong></span> <span class='ocrx_word' id='word_1_260' title='bbox 1533 1950 1668 2024; x_wconf 76' lang='grc' dir='ltr'><strong>βαρὺ</strong></span> <span class='ocrx_word' id='word_1_261' title='bbox 1700 1948 1872 2004; x_wconf 85' lang='grc' dir='ltr'><strong>ἐκεῖνο</strong></span> <span class='ocrx_word' id='word_1_262' title='bbox 1921 1955 2021 2017; x_wconf 75' lang='grc' dir='ltr'>τῆς</span> 
     </span>
    </p>
   </div>
   <div class='ocr_carea' id='block_1_38' title="bbox 383 2037 2018 2116">
    <p class='ocr_par' dir='ltr' id='par_1_38' title="bbox 383 2037 2018 2116">
     <span class='ocr_line' id='line_1_38' title="bbox 383 2037 2018 2116; baseline -0.004 -15"><span class='ocrx_word' id='word_1_263' title='bbox 383 2044 567 2116; x_wconf 78' lang='grc' dir='ltr'><strong>λύπης</strong></span> <span class='ocrx_word' id='word_1_264' title='bbox 598 2042 884 2116; x_wconf 65' lang='grc' dir='ltr'><strong>κάλυμμα,</strong></span> <span class='ocrx_word' id='word_1_265' title='bbox 917 2043 979 2098; x_wconf 83' lang='grc' dir='ltr'><strong>τὸ</strong></span> <span class='ocrx_word' id='word_1_266' title='bbox 1017 2039 1192 2096; x_wconf 81' lang='grc' dir='ltr'><strong>πολὺν</strong></span> <span class='ocrx_word' id='word_1_267' title='bbox 1222 2038 1330 2111; x_wconf 72' lang='grc' dir='ltr'>ἤδη</span> <span class='ocrx_word' id='word_1_268' title='bbox 1393 2041 1593 2115; x_wconf 89' lang='grc' dir='ltr'><strong>χρόνον</strong></span> <span class='ocrx_word' id='word_1_269' title='bbox 1644 2037 2018 2113; x_wconf 75' lang='grc' dir='ltr'><strong>περικείμενον</strong></span> 
     </span>
    </p>
   </div>
   <div class='ocr_carea' id='block_1_39' title="bbox 378 2125 2017 2210">
    <p class='ocr_par' dir='ltr' id='par_1_39' title="bbox 378 2125 2017 2210">
     <span class='ocr_line' id='line_1_39' title="bbox 378 2125 2017 2210; baseline -0.005 -20"><span class='ocrx_word' id='word_1_270' title='bbox 378 2137 447 2209; x_wconf 80' lang='grc' dir='ltr'><strong>τῇ</strong></span> <span class='ocrx_word' id='word_1_271' title='bbox 477 2132 673 2210; x_wconf 80' lang='grc' dir='ltr'>καρδίᾳ</span> <span class='ocrx_word' id='word_1_272' title='bbox 695 2155 820 2207; x_wconf 85' lang='grc' dir='ltr'><strong>μου,</strong></span> <span class='ocrx_word' id='word_1_273' title='bbox 856 2138 1045 2197; x_wconf 78' lang='grc' dir='ltr'><strong>θᾶττον</strong></span> <span class='ocrx_word' id='word_1_274' title='bbox 1077 2132 1382 2206; x_wconf 72' lang='grc' dir='ltr'><strong>περιῃρήθη</strong></span> <span class='ocrx_word' id='word_1_275' title='bbox 1419 2131 1553 2200; x_wconf 82' lang='lat'>(32).</span> <span class='ocrx_word' id='word_1_276' title='bbox 1590 2127 1650 2184; x_wconf 74' lang='lat' dir='ltr'>Ei</span> <span class='ocrx_word' id='word_1_277' title='bbox 1684 2127 1773 2182; x_wconf 84' lang='grc' dir='ltr'><strong>οὗν</strong></span> <span class='ocrx_word' id='word_1_278' title='bbox 1833 2125 2017 2190; x_wconf 91' lang='grc' dir='ltr'><strong>καλῶς</strong></span> 
     </span>
    </p>
   </div>
   <div class='ocr_carea' id='block_1_40' title="bbox 381 2217 2018 2297">
    <p class='ocr_par' dir='ltr' id='par_1_40' title="bbox 381 2217 2018 2297">
     <span class='ocr_line' id='line_1_40' title="bbox 381 2217 2018 2297; baseline -0.005 -17"><span class='ocrx_word' id='word_1_279' title='bbox 381 2225 598 2294; x_wconf 83' lang='grc' dir='ltr'><strong>εἰκάζω,</strong></span> <span class='ocrx_word' id='word_1_280' title='bbox 629 2220 951 2297; x_wconf 80' lang='grc' dir='ltr'><strong>ἀνάγγειλόν</strong></span> <span class='ocrx_word' id='word_1_281' title='bbox 1014 2240 1129 2294; x_wconf 88' lang='grc' dir='ltr'><strong>μοι·</strong></span> <span class='ocrx_word' id='word_1_282' title='bbox 1190 2219 1234 2275; x_wconf 87' lang='grc' dir='ltr'>εἰ</span> <span class='ocrx_word' id='word_1_283' title='bbox 1294 2217 1351 2273; x_wconf 70' lang='grc' dir='ltr'>δὲ</span> <span class='ocrx_word' id='word_1_284' title='bbox 1402 2218 1492 2273; x_wconf 85' lang='grc' dir='ltr'><strong>καὶ</strong></span> <span class='ocrx_word' id='word_1_285' title='bbox 1551 2217 1794 2290; x_wconf 91' lang='grc' dir='ltr'><strong>κρεῖττόν</strong></span> <span class='ocrx_word' id='word_1_286' title='bbox 1833 2221 2018 2272; x_wconf 84' lang='grc' dir='ltr'><strong>τιτῶν</strong></span> 
     </span>
    </p>
   </div>
   <div class='ocr_carea' id='block_1_41' title="bbox 381 2303 2018 2388">
    <p class='ocr_par' dir='ltr' id='par_1_41' title="bbox 381 2303 2018 2388">
     <span class='ocr_line' id='line_1_41' title="bbox 381 2303 2018 2388; baseline -0.007 -18"><span class='ocrx_word' id='word_1_287' title='bbox 381 2314 687 2388; x_wconf 84' lang='grc' dir='ltr'><strong>εἰρημένων</strong></span> <span class='ocrx_word' id='word_1_288' title='bbox 717 2312 1019 2388; x_wconf 84' lang='grc' dir='ltr'><strong>γινώσκεις,</strong></span> <span class='ocrx_word' id='word_1_289' title='bbox 1083 2310 1160 2384; x_wconf 81' lang='grc' dir='ltr'><strong>μὴ</strong></span> <span class='ocrx_word' id='word_1_290' title='bbox 1219 2303 1534 2364; x_wconf 76' lang='grc' dir='ltr'><strong>ἆναϐάλλου</strong></span> <span class='ocrx_word' id='word_1_291' title='bbox 1564 2304 1616 2378; x_wconf 84' lang='grc' dir='ltr'>ἐξ</span> <span class='ocrx_word' id='word_1_292' title='bbox 1655 2306 1822 2376; x_wconf 80' lang='grc' dir='ltr'><strong>αὐτῆς</strong></span> <span class='ocrx_word' id='word_1_293' title='bbox 1855 2328 2018 2384; x_wconf 77' lang='grc' dir='ltr'><strong>φανε-</strong></span> 
     </span>
    </p>
   </div>
   <div class='ocr_carea' id='block_1_42' title="bbox 380 2403 700 2482">
    <p class='ocr_par' dir='ltr' id='par_1_42' title="bbox 380 2403 700 2482">
     <span class='ocr_line' id='line_1_42' title="bbox 380 2403 700 2482; baseline -0.016 -21"><span class='ocrx_word' id='word_1_294' title='bbox 380 2403 550 2482; x_wconf 88' lang='grc' dir='ltr'><strong>ρῶσαί</strong></span> <span class='ocrx_word' id='word_1_295' title='bbox 585 2423 700 2476; x_wconf 91' lang='grc' dir='ltr'><strong>μοι.</strong></span> 
     </span>
    </p>
   </div>
   <div class='ocr_carea' id='block_1_43' title="bbox 452 2483 2019 2565">
    <p class='ocr_par' dir='ltr' id='par_1_43' title="bbox 452 2483 2019 2565">
     <span class='ocr_line' id='line_1_43' title="bbox 452 2483 2019 2565; baseline -0.004 -16"><span class='ocrx_word' id='word_1_296' title='bbox 452 2493 620 2558; x_wconf 74' lang='grc' dir='ltr'><strong>Αὖθις</strong></span> <span class='ocrx_word' id='word_1_297' title='bbox 655 2491 744 2546; x_wconf 84' lang='grc' dir='ltr'>οὗν</span> <span class='ocrx_word' id='word_1_298' title='bbox 778 2491 806 2544; x_wconf 84' lang='grc' dir='ltr'>ὁ</span> <span class='ocrx_word' id='word_1_299' title='bbox 837 2487 1108 2565; x_wconf 84' lang='grc' dir='ltr'><strong>Βαρλαὰμ</strong></span> <span class='ocrx_word' id='word_1_300' title='bbox 1159 2487 1505 2562; x_wconf 83' lang='grc' dir='ltr'><strong>ἀπεκρίνατο·</strong></span> <span class='ocrx_word' id='word_1_301' title='bbox 1561 2483 1660 2540; x_wconf 74' lang='lat' dir='ltr'>Nai</span> <span class='ocrx_word' id='word_1_302' title='bbox 1705 2487 1834 2560; x_wconf 82' lang='grc' dir='ltr'><strong>μὴν,</strong></span> <span class='ocrx_word' id='word_1_303' title='bbox 1867 2486 2019 2558; x_wconf 61' lang='lat' dir='ltr'>wsth</span> 
     </span>
    </p>
   </div>
   <div class='ocr_carea' id='block_1_44' title="bbox 385 2574 2018 2656">
    <p class='ocr_par' dir='ltr' id='par_1_44' title="bbox 385 2574 2018 2656">
     <span class='ocr_line' id='line_1_44' title="bbox 385 2574 2018 2656; baseline -0.004 -19"><span class='ocrx_word' id='word_1_304' title='bbox 385 2603 490 2656; x_wconf 87' lang='grc' dir='ltr'><strong>μου</strong></span> <span class='ocrx_word' id='word_1_305' title='bbox 518 2581 608 2636; x_wconf 87' lang='grc' dir='ltr'>καὶ</span> <span class='ocrx_word' id='word_1_306' title='bbox 644 2577 891 2655; x_wconf 75' lang='grc' dir='ltr'><strong>βασιλεῖ’),</strong></span> <span class='ocrx_word' id='word_1_307' title='bbox 933 2577 1092 2632; x_wconf 73' lang='grc' dir='ltr'><strong>τοῦτό</strong></span> <span class='ocrx_word' id='word_1_308' title='bbox 1151 2575 1262 2631; x_wconf 81' lang='grc' dir='ltr'><strong>ἐστι</strong></span> <span class='ocrx_word' id='word_1_309' title='bbox 1315 2577 1379 2630; x_wconf 88' lang='grc' dir='ltr'><strong>τὸ</strong></span> <span class='ocrx_word' id='word_1_310' title='bbox 1431 2574 1569 2650; x_wconf 88' lang='grc' dir='ltr'><strong>μέγα</strong></span> <span class='ocrx_word' id='word_1_311' title='bbox 1629 2577 1923 2648; x_wconf 74' lang='grc' dir='ltr'><strong>μυστήριον</strong></span> <span class='ocrx_word' id='word_1_312' title='bbox 1954 2576 2018 2630; x_wconf 82' lang='grc' dir='ltr'><strong>τὸ</strong></span> 
     </span>
    </p>
   </div>
   <div class='ocr_carea' id='block_1_45' title="bbox 382 2663 2014 2742">
    <p class='ocr_par' dir='ltr' id='par_1_45' title="bbox 382 2663 2014 2742">
     <span class='ocr_line' id='line_1_45' title="bbox 382 2663 2014 2742; baseline -0.006 -15"><span class='ocrx_word' id='word_1_313' title='bbox 382 2669 864 2742; x_wconf 71' lang='grc' dir='ltr'><strong>ἀποκεκρυμμένον</strong></span> <span class='ocrx_word' id='word_1_314' title='bbox 950 2666 1057 2721; x_wconf 83' lang='grc' dir='ltr'>ἀπὸ</span> <span class='ocrx_word' id='word_1_315' title='bbox 1131 2669 1239 2720; x_wconf 88' lang='grc' dir='ltr'>τῶν</span> <span class='ocrx_word' id='word_1_316' title='bbox 1323 2663 1535 2720; x_wconf 85' lang='grc' dir='ltr'><strong>αἰώνων</strong></span> <span class='ocrx_word' id='word_1_317' title='bbox 1601 2663 1691 2719; x_wconf 80' lang='grc' dir='ltr'><strong>καὶ</strong></span> <span class='ocrx_word' id='word_1_318' title='bbox 1750 2664 1855 2718; x_wconf 87' lang='grc' dir='ltr'>άπὸ</span> <span class='ocrx_word' id='word_1_319' title='bbox 1909 2668 2014 2718; x_wconf 85' lang='grc' dir='ltr'>τῶν</span> 
     </span>
    </p>
   </div>
   <div class='ocr_carea' id='block_1_46' title="bbox 380 2752 2013 2835">
    <p class='ocr_par' dir='ltr' id='par_1_46' title="bbox 380 2752 2013 2835">
     <span class='ocr_line' id='line_1_46' title="bbox 380 2752 2013 2835; baseline -0.006 -20"><span class='ocrx_word' id='word_1_320' title='bbox 380 2763 600 2835; x_wconf 82' lang='grc' dir='ltr'><strong>γενεῶν,</strong></span> <span class='ocrx_word' id='word_1_321' title='bbox 655 2756 732 2812; x_wconf 64' lang='lat' dir='ltr'>in’</span> <span class='ocrx_word' id='word_1_322' title='bbox 790 2755 1038 2831; x_wconf 74' lang='grc' dir='ltr'><strong>ἐσχάτων</strong></span> <span class='ocrx_word' id='word_1_323' title='bbox 1119 2752 1177 2810; x_wconf 73' lang='grc' dir='ltr'>δὲ</span> <span class='ocrx_word' id='word_1_324' title='bbox 1230 2758 1335 2809; x_wconf 87' lang='grc' dir='ltr'>τῶν</span> <span class='ocrx_word' id='word_1_325' title='bbox 1422 2754 1636 2829; x_wconf 85' lang='grc' dir='ltr'><strong>χρόνων</strong></span> <span class='ocrx_word' id='word_1_326' title='bbox 1710 2754 2013 2827; x_wconf 76' lang='grc' dir='ltr'><strong>φανερωθὶν</strong></span> 
     </span>
    </p>
   </div>
   <div class='ocr_carea' id='block_1_47' title="bbox 378 2843 2014 2923">
    <p class='ocr_par' dir='ltr' id='par_1_47' title="bbox 378 2843 2014 2923">
     <span class='ocr_line' id='line_1_47' title="bbox 378 2843 2014 2923; baseline -0.004 -20"><span class='ocrx_word' id='word_1_327' title='bbox 378 2847 460 2920; x_wconf 81' lang='grc' dir='ltr'><strong>τῷ</strong></span> <span class='ocrx_word' id='word_1_328' title='bbox 513 2845 650 2923; x_wconf 84' lang='grc' dir='ltr'><strong>γένει</strong></span> <span class='ocrx_word' id='word_1_329' title='bbox 709 2844 816 2901; x_wconf 83' lang='grc' dir='ltr'>τῶν</span> <span class='ocrx_word' id='word_1_330' title='bbox 876 2845 1176 2917; x_wconf 83' lang='grc' dir='ltr'><strong>ἀνθρώπων</strong></span> <span class='ocrx_word' id='word_1_331' title='bbox 1223 2845 1360 2917; x_wconf 84' lang='grc'><strong>(33),</strong></span> <span class='ocrx_word' id='word_1_332' title='bbox 1419 2843 1481 2898; x_wconf 79' lang='grc' dir='ltr'>οὗ</span> <span class='ocrx_word' id='word_1_333' title='bbox 1535 2844 1636 2912; x_wconf 68' lang='grc' dir='ltr'><strong>τὴν</strong></span> <span class='ocrx_word' id='word_1_334' title='bbox 1715 2844 2014 2918; x_wconf 81' lang='grc' dir='ltr'><strong>φανέρωσιν</strong></span> 
     </span>
    </p>
   </div>
   <div class='ocr_carea' id='block_1_48' title="bbox 375 2929 2015 3008">
    <p class='ocr_par' dir='ltr' id='par_1_48' title="bbox 375 2929 2015 3008">
     <span class='ocr_line' id='line_1_48' title="bbox 375 2929 2015 3008; baseline -0.002 -17"><span class='ocrx_word' id='word_1_335' title='bbox 375 2935 547 2992; x_wconf 87' lang='grc' dir='ltr'><strong>πάλαι</strong></span> <span class='ocrx_word' id='word_1_336' title='bbox 577 2939 645 3008; x_wconf 82' lang='grc' dir='ltr'><strong>τῇ</strong></span> <span class='ocrx_word' id='word_1_337' title='bbox 679 2939 774 2990; x_wconf 77' lang='grc' dir='ltr'>τοῦ</span> <span class='ocrx_word' id='word_1_338' title='bbox 832 2933 977 2998; x_wconf 88' lang='grc' dir='ltr'><strong>θείου</strong></span> <span class='ocrx_word' id='word_1_339' title='bbox 1036 2932 1351 3006; x_wconf 74' lang='grc' dir='ltr'><strong>ΙΙνεόματος</strong></span> <span class='ocrx_word' id='word_1_340' title='bbox 1409 2931 1595 3006; x_wconf 88' lang='grc' dir='ltr'><strong>χάριτι</strong></span> <span class='ocrx_word' id='word_1_341' title='bbox 1647 2929 2015 3007; x_wconf 73' lang='grc' dir='ltr'><strong>προήγγειλαν</strong></span> 
     </span>
    </p>
   </div>
   <div class='ocr_carea' id='block_1_49' title="bbox 374 3019 2017 3099">
    <p class='ocr_par' dir='ltr' id='par_1_49' title="bbox 374 3019 2017 3099">
     <span class='ocr_line' id='line_1_49' title="bbox 374 3019 2017 3099; baseline -0.002 -20"><span class='ocrx_word' id='word_1_342' title='bbox 374 3023 579 3080; x_wconf 86' lang='grc' dir='ltr'><strong>πολλοὶ</strong></span> <span class='ocrx_word' id='word_1_343' title='bbox 613 3030 890 3099; x_wconf 78' lang='grc' dir='ltr'><strong>προφῆται</strong></span> <span class='ocrx_word' id='word_1_344' title='bbox 947 3021 1036 3077; x_wconf 85' lang='grc' dir='ltr'>καὶ</span> <span class='ocrx_word' id='word_1_345' title='bbox 1097 3019 1324 3091; x_wconf 87' lang='grc' dir='ltr'><strong>δίκαιοι,</strong></span> <span class='ocrx_word' id='word_1_346' title='bbox 1379 3021 1712 3094; x_wconf 80' lang='grc' dir='ltr'>πολυμερῶς</span> <span class='ocrx_word' id='word_1_347' title='bbox 1767 3019 1856 3075; x_wconf 80' lang='grc' dir='ltr'>καὶ</span> <span class='ocrx_word' id='word_1_348' title='bbox 1914 3042 2017 3076; x_wconf 92' lang='grc' dir='ltr'><strong>πο-</strong></span> 
     </span>
    </p>
   </div>
   <div class='ocr_carea' id='block_1_50' title="bbox 376 3108 1989 3186">
    <p class='ocr_par' dir='ltr' id='par_1_50' title="bbox 376 3108 1989 3186">
     <span class='ocr_line' id='line_1_50' title="bbox 376 3108 1989 3186; baseline -0.002 -17"><span class='ocrx_word' id='word_1_349' title='bbox 376 3111 662 3184; x_wconf 88' lang='grc' dir='ltr'><strong>λυτρόπως</strong></span> <span class='ocrx_word' id='word_1_350' title='bbox 716 3115 825 3184; x_wconf 77' lang='grc'><strong>(34)</strong></span> <span class='ocrx_word' id='word_1_351' title='bbox 888 3109 1201 3184; x_wconf 58' lang='grc' dir='ltr'><strong>μυηθέντες</strong></span> <span class='ocrx_word' id='word_1_352' title='bbox 1260 3108 1351 3164; x_wconf 90' lang='grc' dir='ltr'>καὶ</span> <span class='ocrx_word' id='word_1_353' title='bbox 1411 3108 1820 3186; x_wconf 78' lang='grc' dir='ltr'><strong>μεγαλοφώνως</strong></span> <span class='ocrx_word' id='word_1_354' title='bbox 1891 3131 1989 3166; x_wconf 90' lang='grc' dir='ltr'>κατ</span> 
     </span>
    </p>
   </div>
   <div class='ocr_carea' id='block_1_51' title="bbox 375 3198 2011 3278">
    <p class='ocr_par' dir='ltr' id='par_1_51' title="bbox 375 3198 2011 3278">
     <span class='ocr_line' id='line_1_51' title="bbox 375 3198 2011 3278; baseline -0.002 -20"><span class='ocrx_word' id='word_1_355' title='bbox 375 3200 743 3278; x_wconf 82' lang='grc' dir='ltr'><strong>αγγείλαντες,</strong></span> <span class='ocrx_word' id='word_1_356' title='bbox 798 3200 888 3255; x_wconf 83' lang='grc' dir='ltr'>καὶ</span> <span class='ocrx_word' id='word_1_357' title='bbox 974 3201 1171 3261; x_wconf 86' lang='grc' dir='ltr'><strong>πάντες</strong></span> <span class='ocrx_word' id='word_1_358' title='bbox 1256 3200 1354 3268; x_wconf 82' lang='grc' dir='ltr'><strong>τήν</strong></span> <span class='ocrx_word' id='word_1_359' title='bbox 1409 3198 1673 3271; x_wconf 80' lang='grc' dir='ltr'><strong>ἐσομένην</strong></span> <span class='ocrx_word' id='word_1_360' title='bbox 1739 3199 2011 3274; x_wconf 83' lang='grc' dir='ltr'><strong>σωτηρίαν</strong></span> 
     </span>
    </p>
   </div>
   <div class='ocr_carea' id='block_1_52' title="bbox 378 3286 2014 3366">
    <p class='ocr_par' dir='ltr' id='par_1_52' title="bbox 378 3286 2014 3366">
     <span class='ocr_line' id='line_1_52' title="bbox 378 3286 2014 3366; baseline -0.002 -19"><span class='ocrx_word' id='word_1_361' title='bbox 378 3294 740 3366; x_wconf 81' lang='grc' dir='ltr'><strong>προορῶντες,</strong></span> <span class='ocrx_word' id='word_1_362' title='bbox 809 3287 1036 3352; x_wconf 78' lang='grc' dir='ltr'><strong>ἐπόθουν</strong></span> <span class='ocrx_word' id='word_1_363' title='bbox 1121 3289 1408 3352; x_wconf 80' lang='grc' dir='ltr'><strong>θεάσασθαι</strong></span> <span class='ocrx_word' id='word_1_364' title='bbox 1486 3286 1714 3357; x_wconf 70' lang='grc' dir='ltr'><strong>ταύτην,</strong></span> <span class='ocrx_word' id='word_1_365' title='bbox 1767 3290 1854 3343; x_wconf 81' lang='grc' dir='ltr'>καὶ</span> <span class='ocrx_word' id='word_1_366' title='bbox 1915 3288 2014 3344; x_wconf 79' lang='grc' dir='ltr'>οὐκ</span> 
     </span>
    </p>
   </div>
   <div class='ocr_carea' id='block_1_53' title="bbox 377 3375 2013 3453">
    <p class='ocr_par' dir='ltr' id='par_1_53' title="bbox 377 3375 2013 3453">
     <span class='ocr_line' id='line_1_53' title="bbox 377 3375 2013 3453; baseline -0.001 -19"><span class='ocrx_word' id='word_1_367' title='bbox 377 3377 661 3444; x_wconf 80' lang='grc' dir='ltr'><strong>ἐθεάσαντο</strong></span> <span class='ocrx_word' id='word_1_368' title='bbox 693 3381 826 3453; x_wconf 83' lang='grc'><strong>(35)·</strong></span> <span class='ocrx_word' id='word_1_369' title='bbox 887 3375 1015 3432; x_wconf 83' lang='grc' dir='ltr'><strong>ἀλλ’</strong></span> <span class='ocrx_word' id='word_1_370' title='bbox 1069 3376 1274 3450; x_wconf 77' lang='grc' dir='ltr'><strong>ἐσχάτη</strong></span> <span class='ocrx_word' id='word_1_371' title='bbox 1332 3377 1492 3452; x_wconf 77' lang='grc' dir='ltr'><strong>γενεὰ</strong></span> <span class='ocrx_word' id='word_1_372' title='bbox 1519 3375 1652 3447; x_wconf 78' lang='grc' dir='ltr'><strong>αὕτη</strong></span> <span class='ocrx_word' id='word_1_373' title='bbox 1686 3378 1893 3450; x_wconf 76' lang='grc' dir='ltr'><strong>ἠξιώθη</strong></span> <span class='ocrx_word' id='word_1_374' title='bbox 1951 3379 2013 3432; x_wconf 82' lang='grc' dir='ltr'><strong>τὸ</strong></span> 
     </span>
    </p>
   </div>
   <div class='ocr_carea' id='block_1_54' title="bbox 379 3465 2013 3545">
    <p class='ocr_par' dir='ltr' id='par_1_54' title="bbox 379 3465 2013 3545">
     <span class='ocr_line' id='line_1_54' title="bbox 379 3465 2013 3545; baseline -0.001 -21"><span class='ocrx_word' id='word_1_375' title='bbox 379 3471 649 3545; x_wconf 77' lang='grc' dir='ltr'><strong>σωτήριον</strong></span> <span class='ocrx_word' id='word_1_376' title='bbox 683 3465 949 3538; x_wconf 80' lang='grc' dir='ltr'><strong>δέξασθαι.</strong></span> <span class='ocrx_word' id='word_1_377' title='bbox 979 3467 1040 3523; x_wconf 90' lang='grc' dir='ltr'>Ὁ</span> <span class='ocrx_word' id='word_1_378' title='bbox 1098 3465 1384 3529; x_wconf 72' lang='grc' dir='ltr'><strong>πιστεύσας</strong></span> <span class='ocrx_word' id='word_1_379' title='bbox 1439 3467 1529 3521; x_wconf 78' lang='grc' dir='ltr'>οὗν</span> <span class='ocrx_word' id='word_1_380' title='bbox 1557 3465 1646 3521; x_wconf 86' lang='grc' dir='ltr'><strong>καὶ</strong></span> <span class='ocrx_word' id='word_1_381' title='bbox 1703 3467 2013 3541; x_wconf 78' lang='grc' dir='ltr'><strong>βαπτισθεὶς</strong></span> 
     </span>
    </p>
   </div>
   <div class='ocr_carea' id='block_1_55' title="bbox 371 3553 1836 3632">
    <p class='ocr_par' dir='ltr' id='par_1_55' title="bbox 371 3553 1836 3632">
     <span class='ocr_line' id='line_1_55' title="bbox 371 3553 1836 3632; baseline 0 -18"><span class='ocrx_word' id='word_1_382' title='bbox 371 3560 702 3630; x_wconf 70' lang='grc' dir='ltr'><strong>σωθήσεται,</strong></span> <span class='ocrx_word' id='word_1_383' title='bbox 736 3559 764 3612; x_wconf 87' lang='grc' dir='ltr'>ὁ</span> <span class='ocrx_word' id='word_1_384' title='bbox 797 3553 854 3612; x_wconf 78' lang='grc' dir='ltr'>δὲ</span> <span class='ocrx_word' id='word_1_385' title='bbox 883 3555 1182 3627; x_wconf 78' lang='grc' dir='ltr'><strong>ἀπίστήσας</strong></span> <span class='ocrx_word' id='word_1_386' title='bbox 1212 3557 1662 3632; x_wconf 80' lang='grc' dir='ltr'><strong>κατακριθήσεται</strong></span> <span class='ocrx_word' id='word_1_387' title='bbox 1700 3559 1836 3630; x_wconf 87' lang='grc'>(36).</span> 
     </span>
    </p>
   </div>
   <div class='ocr_carea' id='block_1_56' title="bbox 438 3730 2011 3814">
    <p class='ocr_par' dir='ltr' id='par_1_56' title="bbox 438 3730 2011 3814">
     <span class='ocr_line' id='line_1_56' title="bbox 438 3730 2011 3814; baseline -0.002 -18"><span class='ocrx_word' id='word_1_388' title='bbox 438 3738 501 3796; x_wconf 77' lang='grc'>’0</span> <span class='ocrx_word' id='word_1_389' title='bbox 564 3736 632 3807; x_wconf 78' lang='grc' dir='ltr'><strong>δὴ</strong></span> <span class='ocrx_word' id='word_1_390' title='bbox 711 3735 941 3812; x_wconf 81' lang='grc' dir='ltr'><strong>Ἰωάσαφ</strong></span> <span class='ocrx_word' id='word_1_391' title='bbox 998 3730 1122 3814; x_wconf 75' lang='grc' dir='ltr'><strong>ἔφη·</strong></span> <span class='ocrx_word' id='word_1_392' title='bbox 1201 3733 1379 3792; x_wconf 81' lang='grc' dir='ltr'><strong>Ηάντα</strong></span> <span class='ocrx_word' id='word_1_393' title='bbox 1433 3735 1502 3791; x_wconf 81' lang='grc' dir='ltr'><strong>τὰ</strong></span> <span class='ocrx_word' id='word_1_394' title='bbox 1587 3735 1849 3810; x_wconf 81' lang='grc' dir='ltr'><strong>εἰρημένα</strong></span> <span class='ocrx_word' id='word_1_395' title='bbox 1927 3759 2011 3793; x_wconf 89' lang='grc' dir='ltr'>σοι</span> 
     </span>
    </p>
   </div>
   <div class='ocr_carea' id='block_1_57' title="bbox 368 3824 2013 3902">
    <p class='ocr_par' dir='ltr' id='par_1_57' title="bbox 368 3824 2013 3902">
     <span class='ocr_line' id='line_1_57' title="bbox 368 3824 2013 3902; baseline -0.001 -17"><span class='ocrx_word' id='word_1_396' title='bbox 368 3826 762 3892; x_wconf 81' lang='grc' dir='ltr'><strong>ἀνενδοιάστως</strong></span> <span class='ocrx_word' id='word_1_397' title='bbox 792 3827 1053 3898; x_wconf 81' lang='grc' dir='ltr'><strong>πιστεύω,</strong></span> <span class='ocrx_word' id='word_1_398' title='bbox 1108 3824 1199 3882; x_wconf 88' lang='grc' dir='ltr'><strong>καὶ</strong></span> <span class='ocrx_word' id='word_1_399' title='bbox 1249 3826 1306 3882; x_wconf 78' lang='grc' dir='ltr'><strong>ὅν</strong></span> <span class='ocrx_word' id='word_1_400' title='bbox 1360 3826 1746 3902; x_wconf 84' lang='grc' dir='ltr'><strong>καταγγέλλεις</strong></span> <span class='ocrx_word' id='word_1_401' title='bbox 1807 3825 2013 3900; x_wconf 81' lang='grc' dir='ltr'><strong>δοξάζω</strong></span> 
     </span>
    </p>
   </div>
   <div class='ocr_carea' id='block_1_58' title="bbox 367 3914 2012 3994">
    <p class='ocr_par' dir='ltr' id='par_1_58' title="bbox 367 3914 2012 3994">
     <span class='ocr_line' id='line_1_58' title="bbox 367 3914 2012 3994; baseline -0.001 -20"><span class='ocrx_word' id='word_1_402' title='bbox 367 3918 524 3976; x_wconf 83' lang='grc' dir='ltr'><strong>Θεόν.</strong></span> <span class='ocrx_word' id='word_1_403' title='bbox 561 3920 658 3977; x_wconf 66' lang='lat'>58</span> <span class='ocrx_word' id='word_1_404' title='bbox 693 3919 874 3975; x_wconf 88' lang='grc' dir='ltr'><strong>Μόνον</strong></span> <span class='ocrx_word' id='word_1_405' title='bbox 897 3914 1168 3980; x_wconf 75' lang='grc' dir='ltr'><strong>ἀπλανῶς</strong></span> <span class='ocrx_word' id='word_1_406' title='bbox 1199 3937 1293 3988; x_wconf 91' lang='grc' dir='ltr'><strong>μοι</strong></span> <span class='ocrx_word' id='word_1_407' title='bbox 1348 3919 1516 3971; x_wconf 78' lang='grc' dir='ltr'><strong>ταῦτα</strong></span> <span class='ocrx_word' id='word_1_408' title='bbox 1563 3918 1882 3994; x_wconf 78' lang='grc' dir='ltr'><strong>σαφήνισον,</strong></span> <span class='ocrx_word' id='word_1_409' title='bbox 1920 3917 2012 3972; x_wconf 86' lang='grc' dir='ltr'>καὶ</span> 
     </span>
    </p>
   </div>
   <div class='ocr_carea' id='block_1_59' title="bbox 366 4001 2008 4082">
    <p class='ocr_par' dir='ltr' id='par_1_59' title="bbox 366 4001 2008 4082">
     <span class='ocr_line' id='line_1_59' title="bbox 366 4001 2008 4082; baseline -0.001 -19"><span class='ocrx_word' id='word_1_410' title='bbox 366 4007 420 4063; x_wconf 89' lang='grc' dir='ltr'>τί</span> <span class='ocrx_word' id='word_1_411' title='bbox 453 4028 522 4082; x_wconf 75' lang='grc' dir='ltr'><strong>με</strong></span> <span class='ocrx_word' id='word_1_412' title='bbox 553 4005 635 4064; x_wconf 89' lang='grc' dir='ltr'>δεῖ</span> <span class='ocrx_word' id='word_1_413' title='bbox 664 4013 840 4063; x_wconf 87' lang='grc' dir='ltr'><strong>ποιεῖν</strong></span> <span class='ocrx_word' id='word_1_414' title='bbox 869 4001 1110 4072; x_wconf 78' lang='grc' dir='ltr'><strong>ἀκριϐῶς</strong></span> <span class='ocrx_word' id='word_1_415' title='bbox 1139 4003 1376 4074; x_wconf 82' lang='grc' dir='ltr'><strong>δίδαξον·</strong></span> <span class='ocrx_word' id='word_1_416' title='bbox 1410 4005 1554 4061; x_wconf 84' lang='grc' dir='ltr'>ἀλλᾶ</span> <span class='ocrx_word' id='word_1_417' title='bbox 1579 4006 1668 4060; x_wconf 84' lang='grc' dir='ltr'>καὶ</span> <span class='ocrx_word' id='word_1_418' title='bbox 1699 4007 1759 4060; x_wconf 88' lang='grc' dir='ltr'><strong>τὸ</strong></span> <span class='ocrx_word' id='word_1_419' title='bbox 1787 4005 2008 4082; x_wconf 84' lang='grc' dir='ltr'><strong>βάπτισ-</strong></span> 
     </span>
    </p>
   </div>
   <div class='ocr_carea' id='block_1_60' title="bbox 374 4092 2012 4173">
    <p class='ocr_par' dir='ltr' id='par_1_60' title="bbox 374 4092 2012 4173">
     <span class='ocr_line' id='line_1_60' title="bbox 374 4092 2012 4173; baseline 0.001 -23"><span class='ocrx_word' id='word_1_420' title='bbox 374 4118 448 4170; x_wconf 91' lang='grc' dir='ltr'>μα</span> <span class='ocrx_word' id='word_1_421' title='bbox 476 4097 529 4152; x_wconf 90' lang='grc' dir='ltr'><strong>τί</strong></span> <span class='ocrx_word' id='word_1_422' title='bbox 561 4095 727 4161; x_wconf 78' lang='grc' dir='ltr'><strong>ἐστιν,</strong></span> <span class='ocrx_word' id='word_1_423' title='bbox 758 4095 788 4150; x_wconf 78' lang='grc'>8</span> <span class='ocrx_word' id='word_1_424' title='bbox 831 4095 960 4158; x_wconf 83' lang='grc' dir='ltr'><strong>τοὺς</strong></span> <span class='ocrx_word' id='word_1_425' title='bbox 1011 4093 1362 4158; x_wconf 70' lang='grc' dir='ltr'><strong>πιστεύοντας</strong></span> <span class='ocrx_word' id='word_1_426' title='bbox 1399 4092 1640 4164; x_wconf 80' lang='grc' dir='ltr'><strong>δέξασθαι</strong></span> <span class='ocrx_word' id='word_1_427' title='bbox 1696 4094 1849 4173; x_wconf 81' lang='grc' dir='ltr'><strong>ἔφης,</strong></span> <span class='ocrx_word' id='word_1_428' title='bbox 1896 4099 2012 4152; x_wconf 89' lang='grc' dir='ltr'><strong>κατ’</strong></span> 
     </span>
    </p>
   </div>
   <div class='ocr_carea' id='block_1_61' title="bbox 372 4182 1672 4258">
    <p class='ocr_par' dir='ltr' id='par_1_61' title="bbox 372 4182 1672 4258">
     <span class='ocr_line' id='line_1_61' title="bbox 372 4182 1672 4258; baseline 0.001 -18"><span class='ocrx_word' id='word_1_429' title='bbox 372 4184 700 4240; x_wconf 81' lang='grc' dir='ltr'><strong>ἀκολουθίαν</strong></span> <span class='ocrx_word' id='word_1_430' title='bbox 733 4186 882 4258; x_wconf 86' lang='grc' dir='ltr'>αὐτῷ</span> <span class='ocrx_word' id='word_1_431' title='bbox 917 4187 1089 4240; x_wconf 86' lang='grc' dir='ltr'><strong>πάντα</strong></span> <span class='ocrx_word' id='word_1_432' title='bbox 1125 4205 1217 4257; x_wconf 87' lang='grc' dir='ltr'>μοι</span> <span class='ocrx_word' id='word_1_433' title='bbox 1247 4182 1508 4257; x_wconf 65' lang='grc' dir='ltr'><strong>γνώρισον</strong></span> <span class='ocrx_word' id='word_1_434' title='bbox 1543 4188 1672 4253; x_wconf 78' lang='lat'>(37).</span> 
     </span>
    </p>
   </div>
   <div class='ocr_carea' id='block_1_62' title="bbox 2127 1867 3766 1945">
    <p class='ocr_par' dir='ltr' id='par_1_62' title="bbox 2127 1867 3766 1945">
     <span class='ocr_line' id='line_1_62' title="bbox 2127 1867 3766 1945; baseline -0.005 -15"><span class='ocrx_word' id='word_1_435' title='bbox 2127 1873 2347 1945; x_wconf 84' lang='lat' dir='ltr'>excepi,</span> <span class='ocrx_word' id='word_1_436' title='bbox 2382 1869 2730 1927; x_wconf 88' lang='lat' dir='ltr'>suavissima</span> <span class='ocrx_word' id='word_1_437' title='bbox 2755 1869 2851 1922; x_wconf 81' lang='lat' dir='ltr'>lux</span> <span class='ocrx_word' id='word_1_438' title='bbox 2866 1873 3070 1939; x_wconf 89' lang='lat' dir='ltr'>pectus</span> <span class='ocrx_word' id='word_1_439' title='bbox 3087 1882 3282 1921; x_wconf 89' lang='lat' dir='ltr'>meum</span> <span class='ocrx_word' id='word_1_440' title='bbox 3303 1867 3504 1922; x_wconf 89' lang='lat' dir='ltr'>subiit.</span> <span class='ocrx_word' id='word_1_441' title='bbox 3522 1873 3579 1921; x_wconf 91' lang='lat' dir='ltr'>et</span> <span class='ocrx_word' id='word_1_442' title='bbox 3596 1883 3766 1938; x_wconf 84' lang='lat' dir='ltr'>grave</span> 
     </span>
    </p>
   </div>
   <div class='ocr_carea' id='block_1_63' title="bbox 2126 1956 3764 2028">
    <p class='ocr_par' dir='ltr' id='par_1_63' title="bbox 2126 1956 3764 2028">
     <span class='ocr_line' id='line_1_63' title="bbox 2126 1956 3764 2028; baseline -0.004 -9"><span class='ocrx_word' id='word_1_443' title='bbox 2126 1963 2276 2019; x_wconf 93' lang='lat' dir='ltr'>illud</span> <span class='ocrx_word' id='word_1_444' title='bbox 2292 1961 2558 2018; x_wconf 60' lang='lat' dir='ltr'>maeroris</span> <span class='ocrx_word' id='word_1_445' title='bbox 2571 1957 3157 2028; x_wconf 79' lang='lat' dir='ltr'>velamen,quodjam</span> <span class='ocrx_word' id='word_1_446' title='bbox 3175 1956 3402 2028; x_wconf 89' lang='lat' dir='ltr'>pridem</span> <span class='ocrx_word' id='word_1_447' title='bbox 3418 1956 3617 2012; x_wconf 89' lang='lat' dir='ltr'>animo</span> <span class='ocrx_word' id='word_1_448' title='bbox 3633 1972 3764 2012; x_wconf 92' lang='lat' dir='ltr'>meo</span> 
     </span>
    </p>
   </div>
   <div class='ocr_carea' id='block_1_64' title="bbox 2124 2046 3768 2123">
    <p class='ocr_par' dir='ltr' id='par_1_64' title="bbox 2124 2046 3768 2123">
     <span class='ocr_line' id='line_1_64' title="bbox 2124 2046 3768 2123; baseline -0.004 -15"><span class='ocrx_word' id='word_1_449' title='bbox 2124 2053 2390 2123; x_wconf 88' lang='lat' dir='ltr'>undique</span> <span class='ocrx_word' id='word_1_450' title='bbox 2412 2049 2814 2115; x_wconf 88' lang='lat' dir='ltr'>incumbebat,</span> <span class='ocrx_word' id='word_1_451' title='bbox 2835 2048 3033 2102; x_wconf 88' lang='lat' dir='ltr'>statim</span> <span class='ocrx_word' id='word_1_452' title='bbox 3058 2046 3355 2102; x_wconf 89' lang='lat' dir='ltr'>sublatum</span> <span class='ocrx_word' id='word_1_453' title='bbox 3379 2051 3487 2101; x_wconf 87' lang='lat' dir='ltr'>est.</span> <span class='ocrx_word' id='word_1_454' title='bbox 3513 2047 3569 2100; x_wconf 89' lang='lat' dir='ltr'>Si</span> <span class='ocrx_word' id='word_1_455' title='bbox 3588 2046 3768 2120; x_wconf 83' lang='lat' dir='ltr'>igitur</span> 
     </span>
    </p>
   </div>
   <div class='ocr_carea' id='block_1_65' title="bbox 2123 2136 3770 2213">
    <p class='ocr_par' dir='ltr' id='par_1_65' title="bbox 2123 2136 3770 2213">
     <span class='ocr_line' id='line_1_65' title="bbox 2123 2136 3770 2213; baseline -0.003 -16"><span class='ocrx_word' id='word_1_456' title='bbox 2123 2148 2282 2198; x_wconf 89' lang='lat' dir='ltr'>recte</span> <span class='ocrx_word' id='word_1_457' title='bbox 2305 2142 2579 2213; x_wconf 85' lang='lat' dir='ltr'>conjicio,</span> <span class='ocrx_word' id='word_1_458' title='bbox 2599 2140 2708 2196; x_wconf 84' lang='lat' dir='ltr'>fac.</span> <span class='ocrx_word' id='word_1_459' title='bbox 2734 2154 2956 2209; x_wconf 73' lang='lat' dir='ltr'>quaeso,</span> <span class='ocrx_word' id='word_1_460' title='bbox 2980 2137 3182 2191; x_wconf 88' lang='lat' dir='ltr'>sciam.</span> <span class='ocrx_word' id='word_1_461' title='bbox 3208 2136 3307 2191; x_wconf 91' lang='lat' dir='ltr'>Sin</span> <span class='ocrx_word' id='word_1_462' title='bbox 3329 2142 3525 2191; x_wconf 88' lang='lat' dir='ltr'>autem</span> <span class='ocrx_word' id='word_1_463' title='bbox 3541 2136 3770 2207; x_wconf 88' lang='lat' dir='ltr'>aliquid</span> 
     </span>
    </p>
   </div>
   <div class='ocr_carea' id='block_1_66' title="bbox 2125 2225 3766 2302">
    <p class='ocr_par' dir='ltr' id='par_1_66' title="bbox 2125 2225 3766 2302">
     <span class='ocr_line' id='line_1_66' title="bbox 2125 2225 3766 2302; baseline -0.004 -15"><span class='ocrx_word' id='word_1_464' title='bbox 2125 2233 2216 2287; x_wconf 91' lang='lat' dir='ltr'>his</span> <span class='ocrx_word' id='word_1_465' title='bbox 2234 2249 2363 2302; x_wconf 68' lang='lat' dir='ltr'>qua:</span> <span class='ocrx_word' id='word_1_466' title='bbox 2377 2231 2482 2286; x_wconf 90' lang='lat' dir='ltr'>abs</span> <span class='ocrx_word' id='word_1_467' title='bbox 2497 2236 2549 2284; x_wconf 91' lang='lat' dir='ltr'>te</span> <span class='ocrx_word' id='word_1_468' title='bbox 2564 2231 3029 2284; x_wconf 83' lang='lat' dir='ltr'>commemorata</span> <span class='ocrx_word' id='word_1_469' title='bbox 3043 2225 3571 2298; x_wconf 83' lang='lat' dir='ltr'>suntpraestantius</span> <span class='ocrx_word' id='word_1_470' title='bbox 3588 2225 3766 2299; x_wconf 81' lang='lat' dir='ltr'>nosti,</span> 
     </span>
    </p>
   </div>
   <div class='ocr_carea' id='block_1_67' title="bbox 2122 2316 3318 2388">
    <p class='ocr_par' dir='ltr' id='par_1_67' title="bbox 2122 2316 3318 2388">
     <span class='ocr_line' id='line_1_67' title="bbox 2122 2316 3318 2388; baseline -0.004 -11"><span class='ocrx_word' id='word_1_471' title='bbox 2122 2338 2201 2376; x_wconf 91' lang='lat' dir='ltr'>ne</span> <span class='ocrx_word' id='word_1_472' title='bbox 2230 2319 2525 2376; x_wconf 91' lang='lat' dir='ltr'>cuncteris</span> <span class='ocrx_word' id='word_1_473' title='bbox 2555 2318 2614 2373; x_wconf 93' lang='lat' dir='ltr'>id</span> <span class='ocrx_word' id='word_1_474' title='bbox 2646 2317 2790 2372; x_wconf 89' lang='lat' dir='ltr'>mihi</span> <span class='ocrx_word' id='word_1_475' title='bbox 2821 2333 3026 2372; x_wconf 89' lang='lat' dir='ltr'>rursus</span> <span class='ocrx_word' id='word_1_476' title='bbox 3065 2316 3318 2388; x_wconf 89' lang='lat' dir='ltr'>aperire.</span> 
     </span>
    </p>
   </div>
   <div class='ocr_carea' id='block_1_68' title="bbox 2196 2405 3769 2480">
    <p class='ocr_par' dir='ltr' id='par_1_68' title="bbox 2196 2405 3769 2480">
     <span class='ocr_line' id='line_1_68' title="bbox 2196 2405 3769 2480; baseline -0.002 -14"><span class='ocrx_word' id='word_1_477' title='bbox 2196 2413 2452 2466; x_wconf 85' lang='lat' dir='ltr'>Rursum</span> <span class='ocrx_word' id='word_1_478' title='bbox 2490 2409 2669 2480; x_wconf 79' lang='lat' dir='ltr'>igitur</span> <span class='ocrx_word' id='word_1_479' title='bbox 2707 2405 2984 2478; x_wconf 89' lang='lat' dir='ltr'>repondit</span> <span class='ocrx_word' id='word_1_480' title='bbox 3031 2405 3302 2462; x_wconf 89' lang='lat' dir='ltr'>Barlaam</span> <span class='ocrx_word' id='word_1_481' title='bbox 3330 2422 3344 2460; x_wconf 89' lang='lat'>:</span> <span class='ocrx_word' id='word_1_482' title='bbox 3374 2407 3462 2462; x_wconf 88' lang='lat' dir='ltr'>Ita</span> <span class='ocrx_word' id='word_1_483' title='bbox 3490 2423 3654 2472; x_wconf 81' lang='lat' dir='ltr'>sane,</span> <span class='ocrx_word' id='word_1_484' title='bbox 3685 2405 3769 2463; x_wconf 89' lang='lat' dir='ltr'>mi</span> 
     </span>
    </p>
   </div>
   <div class='ocr_carea' id='block_1_69' title="bbox 2126 2494 3766 2568">
    <p class='ocr_par' dir='ltr' id='par_1_69' title="bbox 2126 2494 3766 2568">
     <span class='ocr_line' id='line_1_69' title="bbox 2126 2494 3766 2568; baseline -0.001 -15"><span class='ocrx_word' id='word_1_485' title='bbox 2126 2498 2364 2554; x_wconf 88' lang='lat' dir='ltr'>domine</span> <span class='ocrx_word' id='word_1_486' title='bbox 2385 2516 2452 2554; x_wconf 87' lang='lat' dir='ltr'>ac</span> <span class='ocrx_word' id='word_1_487' title='bbox 2475 2514 2597 2552; x_wconf 83' lang='lat' dir='ltr'>rex.</span> <span class='ocrx_word' id='word_1_488' title='bbox 2616 2497 2730 2552; x_wconf 90' lang='lat' dir='ltr'>hoc</span> <span class='ocrx_word' id='word_1_489' title='bbox 2759 2501 2851 2551; x_wconf 90' lang='lat' dir='ltr'>est</span> <span class='ocrx_word' id='word_1_490' title='bbox 2886 2494 3036 2550; x_wconf 90' lang='lat' dir='ltr'>illud</span> <span class='ocrx_word' id='word_1_491' title='bbox 3085 2513 3363 2565; x_wconf 83' lang='lat' dir='ltr'>magnum</span> <span class='ocrx_word' id='word_1_492' title='bbox 3395 2496 3766 2568; x_wconf 84' lang='lat' dir='ltr'>mysterium,</span> 
     </span>
    </p>
   </div>
   <div class='ocr_carea' id='block_1_70' title="bbox 2124 2584 3768 2659">
    <p class='ocr_par' dir='ltr' id='par_1_70' title="bbox 2124 2584 3768 2659">
     <span class='ocr_line' id='line_1_70' title="bbox 2124 2584 3768 2659; baseline -0.002 -15"><span class='ocrx_word' id='word_1_493' title='bbox 2124 2589 2280 2659; x_wconf 89' lang='lat' dir='ltr'>quod</span> <span class='ocrx_word' id='word_1_494' title='bbox 2312 2586 2726 2644; x_wconf 89' lang='lat' dir='ltr'>absconditum</span> <span class='ocrx_word' id='word_1_495' title='bbox 2760 2590 2849 2640; x_wconf 90' lang='lat' dir='ltr'>est</span> <span class='ocrx_word' id='word_1_496' title='bbox 2896 2601 2930 2639; x_wconf 88' lang='lat' dir='ltr'>a</span> <span class='ocrx_word' id='word_1_497' title='bbox 2980 2584 3212 2639; x_wconf 66' lang='lat' dir='ltr'>saeculis</span> <span class='ocrx_word' id='word_1_498' title='bbox 3262 2590 3321 2639; x_wconf 93' lang='lat' dir='ltr'>et</span> <span class='ocrx_word' id='word_1_499' title='bbox 3369 2586 3768 2657; x_wconf 89' lang='lat' dir='ltr'>generationi-</span> 
     </span>
    </p>
   </div>
   <div class='ocr_carea' id='block_1_71' title="bbox 2123 2673 3766 2745">
    <p class='ocr_par' dir='ltr' id='par_1_71' title="bbox 2123 2673 3766 2745">
     <span class='ocr_line' id='line_1_71' title="bbox 2123 2673 3766 2745; baseline -0.001 -13"><span class='ocrx_word' id='word_1_500' title='bbox 2123 2678 2253 2744; x_wconf 90' lang='lat' dir='ltr'>bus,</span> <span class='ocrx_word' id='word_1_501' title='bbox 2277 2679 2339 2732; x_wconf 89' lang='lat' dir='ltr'>in</span> <span class='ocrx_word' id='word_1_502' title='bbox 2355 2675 2632 2732; x_wconf 82' lang='lat' dir='ltr'>extremis</span> <span class='ocrx_word' id='word_1_503' title='bbox 2646 2679 2842 2729; x_wconf 85' lang='lat' dir='ltr'>autem</span> <span class='ocrx_word' id='word_1_504' title='bbox 2858 2673 3224 2745; x_wconf 89' lang='lat' dir='ltr'>temporibus</span> <span class='ocrx_word' id='word_1_505' title='bbox 3239 2673 3550 2728; x_wconf 88' lang='lat' dir='ltr'>hominum</span> <span class='ocrx_word' id='word_1_506' title='bbox 3563 2674 3766 2743; x_wconf 76' lang='lat' dir='ltr'>generi</span> 
     </span>
    </p>
   </div>
   <div class='ocr_carea' id='block_1_72' title="bbox 2123 2760 3767 2836">
    <p class='ocr_par' dir='ltr' id='par_1_72' title="bbox 2123 2760 3767 2836">
     <span class='ocr_line' id='line_1_72' title="bbox 2123 2760 3767 2836; baseline -0.001 -17"><span class='ocrx_word' id='word_1_507' title='bbox 2123 2765 2481 2836; x_wconf 89' lang='lat' dir='ltr'>patefactum</span> <span class='ocrx_word' id='word_1_508' title='bbox 2502 2763 2720 2831; x_wconf 86' lang='lat' dir='ltr'>(Coloss.</span> <span class='ocrx_word' id='word_1_509' title='bbox 2737 2762 2797 2830; x_wconf 93' lang='grc' dir='ltr'>ι).</span> <span class='ocrx_word' id='word_1_510' title='bbox 2814 2763 2995 2834; x_wconf 85' lang='lat' dir='ltr'>Cujus</span> <span class='ocrx_word' id='word_1_511' title='bbox 3020 2760 3482 2816; x_wconf 89' lang='lat' dir='ltr'>declarationem</span> <span class='ocrx_word' id='word_1_512' title='bbox 3504 2761 3767 2835; x_wconf 89' lang='lat' dir='ltr'>olimper</span> 
     </span>
    </p>
   </div>
   <div class='ocr_carea' id='block_1_73' title="bbox 2123 2851 3763 2926">
    <p class='ocr_par' dir='ltr' id='par_1_73' title="bbox 2123 2851 3763 2926">
     <span class='ocr_line' id='line_1_73' title="bbox 2123 2851 3763 2926; baseline -0.001 -17"><span class='ocrx_word' id='word_1_513' title='bbox 2123 2854 2373 2926; x_wconf 89' lang='lat' dir='ltr'>Spiritus</span> <span class='ocrx_word' id='word_1_514' title='bbox 2393 2853 2569 2908; x_wconf 89' lang='lat' dir='ltr'>divini</span> <span class='ocrx_word' id='word_1_515' title='bbox 2593 2851 2842 2925; x_wconf 80' lang='lat' dir='ltr'>gratiam</span> <span class='ocrx_word' id='word_1_516' title='bbox 2869 2851 3034 2906; x_wconf 91' lang='lat' dir='ltr'>multi</span> <span class='ocrx_word' id='word_1_517' title='bbox 3062 2851 3361 2922; x_wconf 67' lang='lat' dir='ltr'>prophetae</span> <span class='ocrx_word' id='word_1_518' title='bbox 3384 2868 3451 2907; x_wconf 91' lang='lat' dir='ltr'>ac</span> <span class='ocrx_word' id='word_1_519' title='bbox 3473 2851 3621 2924; x_wconf 86' lang='lat' dir='ltr'>justi</span> <span class='ocrx_word' id='word_1_520' title='bbox 3655 2852 3763 2908; x_wconf 91' lang='lat' dir='ltr'>viri</span> 
     </span>
    </p>
   </div>
   <div class='ocr_carea' id='block_1_74' title="bbox 2121 2942 3762 3015">
    <p class='ocr_par' dir='ltr' id='par_1_74' title="bbox 2121 2942 3762 3015">
     <span class='ocr_line' id='line_1_74' title="bbox 2121 2942 3762 3015; baseline 0 -17"><span class='ocrx_word' id='word_1_521' title='bbox 2121 2945 2535 3015; x_wconf 85' lang='lat' dir='ltr'>praedixeruat,</span> <span class='ocrx_word' id='word_1_522' title='bbox 2570 2943 2955 2998; x_wconf 86' lang='lat' dir='ltr'>multifariam</span> <span class='ocrx_word' id='word_1_523' title='bbox 2983 2942 3307 3012; x_wconf 90' lang='lat' dir='ltr'>multisque</span> <span class='ocrx_word' id='word_1_524' title='bbox 3349 2942 3539 2998; x_wconf 92' lang='lat' dir='ltr'>modis</span> <span class='ocrx_word' id='word_1_525' title='bbox 3570 2942 3762 2998; x_wconf 90' lang='lat' dir='ltr'>edocti</span> 
     </span>
    </p>
   </div>
   <div class='ocr_carea' id='block_1_75' title="bbox 2121 3032 3762 3104">
    <p class='ocr_par' dir='ltr' id='par_1_75' title="bbox 2121 3032 3762 3104">
     <span class='ocr_line' id='line_1_75' title="bbox 2121 3032 3762 3104; baseline 0 -16"><span class='ocrx_word' id='word_1_526' title='bbox 2121 3033 2308 3104; x_wconf 76' lang='lat' dir='ltr'>(Hebr.</span> <span class='ocrx_word' id='word_1_527' title='bbox 2333 3037 2434 3101; x_wconf 71' lang='lat' dir='ltr'>xx),</span> <span class='ocrx_word' id='word_1_528' title='bbox 2461 3039 2639 3104; x_wconf 85' lang='lat' dir='ltr'>atque</span> <span class='ocrx_word' id='word_1_529' title='bbox 2677 3033 2798 3088; x_wconf 90' lang='lat' dir='ltr'>alta</span> <span class='ocrx_word' id='word_1_530' title='bbox 2834 3048 2972 3087; x_wconf 92' lang='lat' dir='ltr'>voce</span> <span class='ocrx_word' id='word_1_531' title='bbox 3019 3032 3464 3088; x_wconf 86' lang='lat' dir='ltr'>annuntiantes.</span> <span class='ocrx_word' id='word_1_532' title='bbox 3497 3033 3762 3103; x_wconf 86' lang='lat' dir='ltr'>Cumque</span> 
     </span>
    </p>
   </div>
   <div class='ocr_carea' id='block_1_76' title="bbox 2127 3121 3760 3192">
    <p class='ocr_par' dir='ltr' id='par_1_76' title="bbox 2127 3121 3760 3192">
     <span class='ocr_line' id='line_1_76' title="bbox 2127 3121 3760 3192; baseline -0.002 -14"><span class='ocrx_word' id='word_1_533' title='bbox 2127 3123 2375 3178; x_wconf 88' lang='lat' dir='ltr'>salutem</span> <span class='ocrx_word' id='word_1_534' title='bbox 2398 3123 2641 3178; x_wconf 90' lang='lat' dir='ltr'>omnino</span> <span class='ocrx_word' id='word_1_535' title='bbox 2660 3122 2917 3177; x_wconf 80' lang='lat' dir='ltr'>futuram</span> <span class='ocrx_word' id='word_1_536' title='bbox 2934 3121 3358 3192; x_wconf 89' lang='lat' dir='ltr'>prospicerent,</span> <span class='ocrx_word' id='word_1_537' title='bbox 3375 3121 3623 3192; x_wconf 84' lang='lat' dir='ltr'>ejusque</span> <span class='ocrx_word' id='word_1_538' title='bbox 3636 3137 3760 3176; x_wconf 89' lang='lat' dir='ltr'>cer-</span> 
     </span>
    </p>
   </div>
   <div class='ocr_carea' id='block_1_77' title="bbox 2125 3211 3765 3284">
    <p class='ocr_par' dir='ltr' id='par_1_77' title="bbox 2125 3211 3765 3284">
     <span class='ocr_line' id='line_1_77' title="bbox 2125 3211 3765 3284; baseline -0.001 -17"><span class='ocrx_word' id='word_1_539' title='bbox 2125 3212 2333 3268; x_wconf 77' lang='lat' dir='ltr'>nendae</span> <span class='ocrx_word' id='word_1_540' title='bbox 2367 3211 2686 3284; x_wconf 90' lang='lat' dir='ltr'>cupiditate</span> <span class='ocrx_word' id='word_1_541' title='bbox 2711 3218 3075 3278; x_wconf 87' lang='lat' dir='ltr'>tenerentur,</span> <span class='ocrx_word' id='word_1_542' title='bbox 3109 3227 3228 3266; x_wconf 91' lang='lat' dir='ltr'>non</span> <span class='ocrx_word' id='word_1_543' title='bbox 3261 3217 3460 3266; x_wconf 89' lang='lat' dir='ltr'>tamen</span> <span class='ocrx_word' id='word_1_544' title='bbox 3483 3227 3613 3266; x_wconf 89' lang='lat' dir='ltr'>eam</span> <span class='ocrx_word' id='word_1_545' title='bbox 3627 3227 3765 3283; x_wconf 87' lang='lat' dir='ltr'>per-</span> 
     </span>
    </p>
   </div>
   <div class='ocr_carea' id='block_1_78' title="bbox 2125 3299 3761 3373">
    <p class='ocr_par' dir='ltr' id='par_1_78' title="bbox 2125 3299 3761 3373">
     <span class='ocr_line' id='line_1_78' title="bbox 2125 3299 3761 3373; baseline 0 -16"><span class='ocrx_word' id='word_1_546' title='bbox 2125 3307 2480 3373; x_wconf 86' lang='lat' dir='ltr'>spexerunt;</span> <span class='ocrx_word' id='word_1_547' title='bbox 2549 3318 2750 3356; x_wconf 89' lang='lat' dir='ltr'>verum</span> <span class='ocrx_word' id='word_1_548' title='bbox 2799 3301 3014 3356; x_wconf 88' lang='lat' dir='ltr'>ultima</span> <span class='ocrx_word' id='word_1_549' title='bbox 3057 3301 3182 3355; x_wconf 78' lang='lat' dir='ltr'>haec</span> <span class='ocrx_word' id='word_1_550' title='bbox 3223 3300 3525 3373; x_wconf 79' lang='lat' dir='ltr'>generatio</span> <span class='ocrx_word' id='word_1_551' title='bbox 3565 3299 3761 3357; x_wconf 88' lang='lat' dir='ltr'>divino</span> 
     </span>
    </p>
   </div>
   <div class='ocr_carea' id='block_1_79' title="bbox 2123 3389 3764 3462">
    <p class='ocr_par' dir='ltr' id='par_1_79' title="bbox 2123 3389 3764 3462">
     <span class='ocr_line' id='line_1_79' title="bbox 2123 3389 3764 3462; baseline 0.001 -16"><span class='ocrx_word' id='word_1_552' title='bbox 2123 3391 2410 3446; x_wconf 85' lang='lat' dir='ltr'>beneﬁcio</span> <span class='ocrx_word' id='word_1_553' title='bbox 2443 3391 2650 3447; x_wconf 90' lang='lat' dir='ltr'>salutis</span> <span class='ocrx_word' id='word_1_554' title='bbox 2690 3397 2991 3446; x_wconf 88' lang='lat' dir='ltr'>auctorem</span> <span class='ocrx_word' id='word_1_555' title='bbox 3042 3391 3319 3462; x_wconf 89' lang='lat' dir='ltr'>suscepit.</span> <span class='ocrx_word' id='word_1_556' title='bbox 3369 3389 3764 3457; x_wconf 86' lang='lat' dir='ltr'>Quamobrem</span> 
     </span>
    </p>
   </div>
   <div class='ocr_carea' id='block_1_80' title="bbox 2125 3479 3767 3552">
    <p class='ocr_par' dir='ltr' id='par_1_80' title="bbox 2125 3479 3767 3552">
     <span class='ocr_line' id='line_1_80' title="bbox 2125 3479 3767 3552; baseline 0.001 -16"><span class='ocrx_word' id='word_1_557' title='bbox 2125 3481 2226 3552; x_wconf 91' lang='lat' dir='ltr'>qui</span> <span class='ocrx_word' id='word_1_558' title='bbox 2279 3480 2619 3550; x_wconf 88' lang='lat' dir='ltr'>crediderit,</span> <span class='ocrx_word' id='word_1_559' title='bbox 2673 3487 2733 3536; x_wconf 93' lang='lat' dir='ltr'>et</span> <span class='ocrx_word' id='word_1_560' title='bbox 2773 3481 3098 3552; x_wconf 88' lang='lat' dir='ltr'>baptizatus</span> <span class='ocrx_word' id='word_1_561' title='bbox 3144 3479 3343 3550; x_wconf 88' lang='lat' dir='ltr'>fuerit,</span> <span class='ocrx_word' id='word_1_562' title='bbox 3410 3481 3605 3537; x_wconf 88' lang='lat' dir='ltr'>salvus</span> <span class='ocrx_word' id='word_1_563' title='bbox 3653 3482 3767 3537; x_wconf 90' lang='lat' dir='ltr'>erit</span> 
     </span>
    </p>
   </div>
   <div class='ocr_carea' id='block_1_81' title="bbox 2120 3572 2483 3639">
    <p class='ocr_par' dir='ltr' id='par_1_81' title="bbox 2120 3572 2483 3639">
     <span class='ocr_line' id='line_1_81' title="bbox 2120 3572 2483 3639; baseline -0.006 -13"><span class='ocrx_word' id='word_1_564' title='bbox 2120 3572 2318 3639; x_wconf 84' lang='lat' dir='ltr'>(Marc.</span> <span class='ocrx_word' id='word_1_565' title='bbox 2350 3575 2483 3638; x_wconf 72' lang='lat' dir='ltr'>xvx).</span> 
     </span>
    </p>
   </div>
   <div class='ocr_carea' id='block_1_82' title="bbox 2193 3660 3766 3732">
    <p class='ocr_par' dir='ltr' id='par_1_82' title="bbox 2193 3660 3766 3732">
     <span class='ocr_line' id='line_1_82' title="bbox 2193 3660 3766 3732; baseline 0.003 -19"><span class='ocrx_word' id='word_1_566' title='bbox 2193 3660 2351 3713; x_wconf 86' lang='lat' dir='ltr'>Dixit</span> <span class='ocrx_word' id='word_1_567' title='bbox 2370 3665 2570 3717; x_wconf 88' lang='lat' dir='ltr'>autem</span> <span class='ocrx_word' id='word_1_568' title='bbox 2591 3660 2897 3732; x_wconf 88' lang='lat' dir='ltr'>Josaphat:</span> <span class='ocrx_word' id='word_1_569' title='bbox 2922 3660 3133 3716; x_wconf 90' lang='lat' dir='ltr'>Omnia</span> <span class='ocrx_word' id='word_1_570' title='bbox 3155 3677 3224 3716; x_wconf 88' lang='lat' dir='ltr'>ea</span> <span class='ocrx_word' id='word_1_571' title='bbox 3245 3677 3374 3732; x_wconf 63' lang='lat' dir='ltr'>quin</span> <span class='ocrx_word' id='word_1_572' title='bbox 3398 3661 3504 3716; x_wconf 88' lang='lat' dir='ltr'>abs</span> <span class='ocrx_word' id='word_1_573' title='bbox 3526 3664 3583 3716; x_wconf 88' lang='lat' dir='ltr'>te</span> <span class='ocrx_word' id='word_1_574' title='bbox 3609 3660 3766 3718; x_wconf 76' lang='lat' dir='ltr'>dicta</span> 
     </span>
    </p>
   </div>
   <div class='ocr_carea' id='block_1_83' title="bbox 2124 3748 3763 3820">
    <p class='ocr_par' dir='ltr' id='par_1_83' title="bbox 2124 3748 3763 3820">
     <span class='ocr_line' id='line_1_83' title="bbox 2124 3748 3763 3820; baseline 0.002 -18"><span class='ocrx_word' id='word_1_575' title='bbox 2124 3753 2262 3802; x_wconf 90' lang='lat' dir='ltr'>sunt</span> <span class='ocrx_word' id='word_1_576' title='bbox 2285 3749 2412 3804; x_wconf 90' lang='lat' dir='ltr'>sine</span> <span class='ocrx_word' id='word_1_577' title='bbox 2429 3748 2548 3803; x_wconf 88' lang='lat' dir='ltr'>ulla</span> <span class='ocrx_word' id='word_1_578' title='bbox 2572 3749 2938 3805; x_wconf 88' lang='lat' dir='ltr'>dubitatione</span> <span class='ocrx_word' id='word_1_579' title='bbox 2956 3749 3153 3815; x_wconf 90' lang='lat' dir='ltr'>credo,</span> <span class='ocrx_word' id='word_1_580' title='bbox 3178 3765 3431 3820; x_wconf 91' lang='lat' dir='ltr'>eumque</span> <span class='ocrx_word' id='word_1_581' title='bbox 3454 3765 3633 3820; x_wconf 89' lang='lat' dir='ltr'>quem</span> <span class='ocrx_word' id='word_1_582' title='bbox 3654 3766 3763 3806; x_wconf 86' lang='lat' dir='ltr'>an-</span> 
     </span>
    </p>
   </div>
   <div class='ocr_carea' id='block_1_84' title="bbox 2123 3836 3764 3910">
    <p class='ocr_par' dir='ltr' id='par_1_84' title="bbox 2123 3836 3764 3910">
     <span class='ocr_line' id='line_1_84' title="bbox 2123 3836 3764 3910; baseline 0.002 -20"><span class='ocrx_word' id='word_1_583' title='bbox 2123 3836 2363 3891; x_wconf 90' lang='lat' dir='ltr'>nuntias</span> <span class='ocrx_word' id='word_1_584' title='bbox 2384 3838 2570 3892; x_wconf 92' lang='lat' dir='ltr'>Deum</span> <span class='ocrx_word' id='word_1_585' title='bbox 2593 3838 2781 3910; x_wconf 86' lang='lat' dir='ltr'>gloria</span> <span class='ocrx_word' id='word_1_586' title='bbox 2801 3839 2995 3894; x_wconf 83' lang='lat' dir='ltr'>afﬁcio</span> <span class='ocrx_word' id='word_1_587' title='bbox 3043 3840 3161 3894; x_wconf 86' lang='lat' dir='ltr'>Hoc</span> <span class='ocrx_word' id='word_1_588' title='bbox 3178 3855 3361 3894; x_wconf 90' lang='lat' dir='ltr'>unum</span> <span class='ocrx_word' id='word_1_589' title='bbox 3383 3845 3541 3910; x_wconf 86' lang='lat' dir='ltr'>peto,</span> <span class='ocrx_word' id='word_1_590' title='bbox 3563 3843 3631 3894; x_wconf 87' lang='lat' dir='ltr'>ut</span> <span class='ocrx_word' id='word_1_591' title='bbox 3643 3838 3764 3895; x_wconf 85' lang='lat' dir='ltr'>sint</span> 
     </span>
    </p>
   </div>
   <div class='ocr_carea' id='block_1_85' title="bbox 2122 3924 3762 4000">
    <p class='ocr_par' dir='ltr' id='par_1_85' title="bbox 2122 3924 3762 4000">
     <span class='ocr_line' id='line_1_85' title="bbox 2122 3924 3762 4000; baseline 0.004 -20"><span class='ocrx_word' id='word_1_592' title='bbox 2122 3924 2245 3980; x_wconf 88' lang='lat' dir='ltr'>ullo</span> <span class='ocrx_word' id='word_1_593' title='bbox 2269 3943 2467 3981; x_wconf 91' lang='lat' dir='ltr'>errore</span> <span class='ocrx_word' id='word_1_594' title='bbox 2490 3933 2703 3983; x_wconf 89' lang='lat' dir='ltr'>cuncta</span> <span class='ocrx_word' id='word_1_595' title='bbox 2724 3928 2869 3983; x_wconf 91' lang='lat' dir='ltr'>mihi</span> <span class='ocrx_word' id='word_1_596' title='bbox 2894 3927 3180 3997; x_wconf 89' lang='lat' dir='ltr'>declares,</span> <span class='ocrx_word' id='word_1_597' title='bbox 3214 3927 3476 4000; x_wconf 89' lang='lat' dir='ltr'>quidque</span> <span class='ocrx_word' id='word_1_598' title='bbox 3507 3927 3654 3984; x_wconf 91' lang='lat' dir='ltr'>mihi</span> <span class='ocrx_word' id='word_1_599' title='bbox 3681 3928 3762 3986; x_wconf 82' lang='lat' dir='ltr'>fa-</span> 
     </span>
    </p>
   </div>
   <div class='ocr_carea' id='block_1_86' title="bbox 2121 4014 3762 4090">
    <p class='ocr_par' dir='ltr' id='par_1_86' title="bbox 2121 4014 3762 4090">
     <span class='ocr_line' id='line_1_86' title="bbox 2121 4014 3762 4090; baseline 0.004 -20"><span class='ocrx_word' id='word_1_600' title='bbox 2121 4014 2400 4070; x_wconf 90' lang='lat' dir='ltr'>ciendum</span> <span class='ocrx_word' id='word_1_601' title='bbox 2433 4017 2510 4071; x_wconf 92' lang='lat' dir='ltr'>sit</span> <span class='ocrx_word' id='word_1_602' title='bbox 2540 4024 2741 4073; x_wconf 85' lang='lat' dir='ltr'>exacte</span> <span class='ocrx_word' id='word_1_603' title='bbox 2772 4017 3003 4074; x_wconf 88' lang='lat' dir='ltr'>doceas.</span> <span class='ocrx_word' id='word_1_604' title='bbox 3041 4021 3229 4089; x_wconf 88' lang='lat' dir='ltr'>Atque</span> <span class='ocrx_word' id='word_1_605' title='bbox 3257 4019 3434 4074; x_wconf 87' lang='lat' dir='ltr'>etiam</span> <span class='ocrx_word' id='word_1_606' title='bbox 3477 4018 3762 4090; x_wconf 88' lang='lat' dir='ltr'>quidnam</span> 
     </span>
    </p>
   </div>
   <div class='ocr_carea' id='block_1_87' title="bbox 2123 4103 3762 4177">
    <p class='ocr_par' dir='ltr' id='par_1_87' title="bbox 2123 4103 3762 4177">
     <span class='ocr_line' id='line_1_87' title="bbox 2123 4103 3762 4177; baseline 0.002 -20"><span class='ocrx_word' id='word_1_607' title='bbox 2123 4103 2374 4174; x_wconf 87' lang='lat' dir='ltr'>baptism</span> <span class='ocrx_word' id='word_1_608' title='bbox 2385 4122 2450 4158; x_wconf 92' lang='lat' dir='ltr'>us</span> <span class='ocrx_word' id='word_1_609' title='bbox 2468 4105 2732 4176; x_wconf 80' lang='lat' dir='ltr'>sitquem</span> <span class='ocrx_word' id='word_1_610' title='bbox 2746 4106 2905 4161; x_wconf 89' lang='lat' dir='ltr'>abiis</span> <span class='ocrx_word' id='word_1_611' title='bbox 2919 4107 3018 4176; x_wconf 90' lang='lat' dir='ltr'>qui</span> <span class='ocrx_word' id='word_1_612' title='bbox 3037 4106 3150 4161; x_wconf 82' lang='lat' dir='ltr'>ﬁde</span> <span class='ocrx_word' id='word_1_613' title='bbox 3163 4105 3395 4177; x_wconf 68' lang='lat' dir='ltr'>praediti</span> <span class='ocrx_word' id='word_1_614' title='bbox 3421 4112 3560 4162; x_wconf 92' lang='lat' dir='ltr'>sunt</span> <span class='ocrx_word' id='word_1_615' title='bbox 3574 4106 3762 4176; x_wconf 86' lang='lat' dir='ltr'>accipi</span> 
     </span>
    </p>
   </div>
   <div class='ocr_carea' id='block_1_88' title="bbox 2123 4192 3050 4268">
    <p class='ocr_par' dir='ltr' id='par_1_88' title="bbox 2123 4192 3050 4268">
     <span class='ocr_line' id='line_1_88' title="bbox 2123 4192 3050 4268; baseline 0.004 -22"><span class='ocrx_word' id='word_1_616' title='bbox 2123 4192 2232 4260; x_wconf 86' lang='lat' dir='ltr'>ais,</span> <span class='ocrx_word' id='word_1_617' title='bbox 2263 4194 2544 4266; x_wconf 79' lang='lat' dir='ltr'>deinceps</span> <span class='ocrx_word' id='word_1_618' title='bbox 2575 4195 2664 4250; x_wconf 84' lang='lat' dir='ltr'>fac</span> <span class='ocrx_word' id='word_1_619' title='bbox 2703 4196 3050 4268; x_wconf 86' lang='lat' dir='ltr'>intelligam.</span> 
     </span>
    </p>
   </div>
   <div class='ocr_carea' id='block_1_89' title="bbox 369 4337 2048 4428">
    <p class='ocr_par' dir='ltr' id='par_1_89' title="bbox 369 4337 2046 4428">
     <span class='ocr_line' id='line_1_89' title="bbox 369 4337 2046 4428; baseline 0.006 -34"><span class='ocrx_word' id='word_1_620' title='bbox 369 4339 559 4428; x_wconf 60' lang='lat' dir='ltr'>ditum</span> <span class='ocrx_word' id='word_1_621' title='bbox 586 4341 706 4428; x_wconf 63' lang='lat' dir='ltr'>fuit</span> <span class='ocrx_word' id='word_1_622' title='bbox 730 4337 1048 4423; x_wconf 72' lang='grc' dir='ltr'><strong>παράληψις</strong></span> <span class='ocrx_word' id='word_1_623' title='bbox 1078 4339 1262 4395; x_wconf 88' lang='lat' dir='ltr'>latina</span> <span class='ocrx_word' id='word_1_624' title='bbox 1283 4355 1425 4428; x_wconf 58' lang='lat' dir='ltr'>voce</span> <span class='ocrx_word' id='word_1_625' title='bbox 1455 4342 1775 4428; x_wconf 58' lang='lat' dir='ltr'>responsio,-</span> <span class='ocrx_word' id='word_1_626' title='bbox 1810 4366 1836 4391; x_wconf 86' lang='lat'><strong>»</strong></span> <span class='ocrx_word' id='word_1_627' title='bbox 1862 4347 1963 4427; x_wconf 75' lang='lat' dir='ltr'>sed</span> <span class='ocrx_word' id='word_1_628' title='bbox 1993 4348 2046 4404; x_wconf 91' lang='lat' dir='ltr'>le</span> 
     </span>
    </p>
   </div>
   <div class='ocr_carea' id='block_1_90' title="bbox 2133 4337 3759 4428">
    <p class='ocr_par' dir='ltr' id='par_1_90' title="bbox 2143 4347 3759 4428">
     <span class='ocr_line' id='line_1_90' title="bbox 2143 4347 3759 4428; baseline 0.009 -25"><span class='ocrx_word' id='word_1_629' title='bbox 2143 4347 2493 4424; x_wconf 82' lang='grc' dir='ltr'><strong>παράλειψις,</strong></span> <span class='ocrx_word' id='word_1_630' title='bbox 2521 4359 2587 4428; x_wconf 85' lang='lat' dir='ltr'>ut</span> <span class='ocrx_word' id='word_1_631' title='bbox 2617 4362 2708 4411; x_wconf 90' lang='lat' dir='ltr'>est</span> <span class='ocrx_word' id='word_1_632' title='bbox 2729 4355 2786 4410; x_wconf 92' lang='lat' dir='ltr'>in</span> <span class='ocrx_word' id='word_1_633' title='bbox 2811 4357 2941 4411; x_wconf 92' lang='lat' dir='ltr'>cod.</span> <span class='ocrx_word' id='word_1_634' title='bbox 2975 4359 3135 4423; x_wconf 82' lang='lat'>2967,</span> <span class='ocrx_word' id='word_1_635' title='bbox 3163 4363 3221 4412; x_wconf 90' lang='lat' dir='ltr'>et</span> <span class='ocrx_word' id='word_1_636' title='bbox 3247 4364 3406 4414; x_wconf 86' lang='lat' dir='ltr'>verto</span> <span class='ocrx_word' id='word_1_637' title='bbox 3428 4362 3759 4428; x_wconf 64' lang='lat' dir='ltr'>przeteritio.</span> 
     </span>
    </p>
   </div>
   <div class='ocr_carea' id='block_1_91' title="bbox 368 4411 2790 4494">
    <p class='ocr_par' dir='ltr' id='par_1_91' title="bbox 368 4411 2790 4494">
     <span class='ocr_line' id='line_1_91' title="bbox 368 4411 2790 4494; baseline 0.007 -28"><span class='ocrx_word' id='word_1_638' title='bbox 368 4413 578 4494; x_wconf 61' lang='lat' dir='ltr'>l‘lullus</span> <span class='ocrx_word' id='word_1_639' title='bbox 609 4411 817 4467; x_wconf 89' lang='lat' dir='ltr'>dubito</span> <span class='ocrx_word' id='word_1_640' title='bbox 847 4413 1258 4494; x_wconf 45' lang='lat' dir='ltr'>quin-rectese</span> <span class='ocrx_word' id='word_1_641' title='bbox 1281 4411 1652 4494; x_wconf 36' lang='lat' dir='ltr'>habeatjste‘</span> <span class='ocrx_word' id='word_1_642' title='bbox 1675 4414 1839 4470; x_wconf 90' lang='lat' dir='ltr'>locus</span> <span class='ocrx_word' id='word_1_643' title='bbox 1870 4417 1930 4473; x_wconf 91' lang='lat' dir='ltr'>in</span> <span class='ocrx_word' id='word_1_644' title='bbox 1957 4411 2354 4494; x_wconf 59' lang='lat' dir='ltr'>_nupera,&#39;qua</span> <span class='ocrx_word' id='word_1_645' title='bbox 2395 4411 2660 4481; x_wconf 67' lang='lat' dir='ltr'>nondum</span> <span class='ocrx_word' id='word_1_646' title='bbox 2705 4429 2790 4482; x_wconf 89' lang='lat' dir='ltr'>uti</span> 
     </span>
    </p>
   </div>
   <div class='ocr_carea' id='block_1_92' title="bbox 2852 4429 3760 4498">
    <p class='ocr_par' dir='ltr' id='par_1_92' title="bbox 2852 4429 3760 4498">
     <span class='ocr_line' id='line_1_92' title="bbox 2852 4429 3760 4498; baseline 0.004 -16"><span class='ocrx_word' id='word_1_647' title='bbox 2852 4429 3033 4498; x_wconf 87' lang='lat' dir='ltr'>potui,</span> <span class='ocrx_word' id='word_1_648' title='bbox 3069 4430 3318 4484; x_wconf 82' lang='lat' dir='ltr'>Bekkeri</span> <span class='ocrx_word' id='word_1_649' title='bbox 3353 4431 3632 4488; x_wconf 89' lang='lat' dir='ltr'>editione.</span> <span class='ocrx_word' id='word_1_650' title='bbox 3667 4433 3760 4488; x_wconf 85' lang='lat' dir='ltr'>Li-</span> 
     </span>
    </p>
   </div>
   <div class='ocr_carea' id='block_1_93' title="bbox 365 4482 2048 4572">
    <p class='ocr_par' dir='ltr' id='par_1_93' title="bbox 365 4482 2029 4572">
     <span class='ocr_line' id='line_1_93' title="bbox 365 4482 2029 4572; baseline 0.004 -35"><span class='ocrx_word' id='word_1_651' title='bbox 365 4483 582 4572; x_wconf 12' lang='lat' dir='ltr'>banius&quot;</span> <span class='ocrx_word' id='word_1_652' title='bbox 605 4501 841 4572; x_wconf 51' lang='lat' dir='ltr'>&#39;rursus,</span> <span class='ocrx_word' id='word_1_653' title='bbox 871 4482 1034 4572; x_wconf 50' lang='lat' dir='ltr'>t.nl~V.,</span> <span class='ocrx_word' id='word_1_654' title='bbox 1068 4501 1121 4572; x_wconf 64' lang='grc' dir='ltr'><strong>ρ.</strong></span> <span class='ocrx_word' id='word_1_655' title='bbox 1152 4486 1302 4572; x_wconf 48' lang='grc' dir='ltr'><strong>191δξ</strong></span> <span class='ocrx_word' id='word_1_656' title='bbox 1329 4482 1564 4572; x_wconf 51' lang='grc' dir='ltr'><strong>ὐίρέυτᾷς</strong></span> <span class='ocrx_word' id='word_1_657' title='bbox 1594 4485 1693 4551; x_wconf 79' lang='grc' dir='ltr'><strong>τήν</strong></span> <span class='ocrx_word' id='word_1_658' title='bbox 1725 4491 2029 4572; x_wconf 60' lang='grc' dir='ltr'><strong>συμφοοάν,</strong></span> 
     </span>
    </p>
   </div>
   <div class='ocr_carea' id='block_1_94' title="bbox 2133 4482 3761 4572">
    <p class='ocr_par' dir='ltr' id='par_1_94' title="bbox 2133 4482 3761 4572">
     <span class='ocr_line' id='line_1_94' title="bbox 2133 4482 3761 4572; baseline 0.007 -24"><span class='ocrx_word' id='word_1_659' title='bbox 2249 4482 2357 4572; x_wconf 49' lang='lat' dir='ltr'>is}:</span> <span class='ocrx_word' id='word_1_660' title='bbox 2394 4517 2408 4564; x_wconf 91' lang='lat'><strong>;</strong></span> <span class='ocrx_word' id='word_1_661' title='bbox 2441 4497 2568 4553; x_wconf 89' lang='lat' dir='ltr'>cod.</span> <span class='ocrx_word' id='word_1_662' title='bbox 2606 4499 2743 4553; x_wconf 83' lang='lat'>3017</span> <span class='ocrx_word' id='word_1_663' title='bbox 2776 4482 2928 4554; x_wconf 78' lang='lat' dir='ltr'>beile</span> <span class='ocrx_word' id='word_1_664' title='bbox 3124 4482 3761 4572; x_wconf 42' lang='lat' dir='ltr'>ill—ziI—eb&#39;aii&#39;lie—is-</span> 
     </span>
    </p>
   </div>
   <div class='ocr_carea' id='block_1_95' title="bbox 365 4554 791 4626">
    <p class='ocr_par' dir='ltr' id='par_1_95' title="bbox 365 4554 791 4626">
     <span class='ocr_line' id='line_1_95' title="bbox 365 4554 791 4626; baseline 0.002 -18"><span class='ocrx_word' id='word_1_665' title='bbox 365 4554 524 4610; x_wconf 81' lang='lat' dir='ltr'>kius.</span> <span class='ocrx_word' id='word_1_666' title='bbox 560 4555 723 4610; x_wconf 86' lang='lat' dir='ltr'>Idem</span> <span class='ocrx_word' id='word_1_667' title='bbox 755 4573 791 4626; x_wconf 93' lang='lat' dir='ltr'>p</span> 
     </span>
    </p>
   </div>
   <div class='ocr_carea' id='block_1_96' title="bbox 797 4550 2470 4636">
    <p class='ocr_par' dir='ltr' id='par_1_96' title="bbox 797 4550 2470 4636">
     <span class='ocr_line' id='line_1_96' title="bbox 797 4550 2470 4636; baseline 0.007 -27"><span class='ocrx_word' id='word_1_668' title='bbox 797 4550 1144 4636; x_wconf 41' lang='lat' dir='ltr'>ag.-67_l,__3‘:</span> <span class='ocrx_word' id='word_1_669' title='bbox 1174 4550 1674 4636; x_wconf 43' lang='lat' dir='ltr'>unSEv‘jj-§txsiaea}</span> <span class='ocrx_word' id='word_1_670' title='bbox 1706 4550 1970 4636; x_wconf 69' lang='grc' dir='ltr'><strong>νομίζειν·</strong></span> <span class='ocrx_word' id='word_1_671' title='bbox 2006 4550 2470 4636; x_wconf 15' lang='grc' dir='ltr'><strong>ίωονήοικῆσθίαι,</strong></span> 
     </span>
    </p>
   </div>
   <div class='ocr_carea' id='block_1_97' title="bbox 445 4623 2274 4708">
    <p class='ocr_par' dir='ltr' id='par_1_97' title="bbox 445 4623 2274 4708">
     <span class='ocr_line' id='line_1_97' title="bbox 445 4623 2274 4708; baseline 0.009 -29"><span class='ocrx_word' id='word_1_672' title='bbox 591 4623 861 4708; x_wconf 41' lang='grc' dir='ltr'>Ρεᾶιξιχξ</span> <span class='ocrx_word' id='word_1_673' title='bbox 885 4628 954 4708; x_wconf 55' lang='grc' dir='ltr'>ξε</span> <span class='ocrx_word' id='word_1_674' title='bbox 976 4627 1091 4708; x_wconf 82' lang='grc' dir='ltr'>Τοῦ¹</span> <span class='ocrx_word' id='word_1_675' title='bbox 1113 4623 1314 4708; x_wconf 56' lang='grc' dir='ltr'><strong>ἐχθροῖ)</strong></span> <span class='ocrx_word' id='word_1_676' title='bbox 1337 4623 1579 4708; x_wconf 70' lang='grc' dir='ltr'><strong>ἐξέλιπον</strong></span> <span class='ocrx_word' id='word_1_677' title='bbox 1612 4627 1667 4708; x_wconf 56' lang='grc' dir='ltr'><strong>αἰ</strong></span> <span class='ocrx_word' id='word_1_678' title='bbox 1699 4623 1962 4708; x_wconf 72' lang='grc' dir='ltr'><strong>ῥομφαῖαι</strong></span> <span class='ocrx_word' id='word_1_679' title='bbox 1987 4634 2064 4698; x_wconf 89' lang='grc' dir='ltr'><strong>εἰς</strong></span> <span class='ocrx_word' id='word_1_680' title='bbox 2089 4623 2274 4700; x_wconf 63' lang='grc' dir='ltr'><strong>τέλος.</strong></span> 
     </span>
    </p>
   </div>
   <div class='ocr_carea' id='block_1_98' title="bbox 439 4697 951 4769">
    <p class='ocr_par' dir='ltr' id='par_1_98' title="bbox 439 4697 951 4769">
     <span class='ocr_line' id='line_1_98' title="bbox 439 4697 951 4769; baseline -0.006 1"><span class='ocrx_word' id='word_1_681' title='bbox 439 4697 556 4769; x_wconf 69' lang='grc'>(311</span> <span class='ocrx_word' id='word_1_682' title='bbox 583 4698 655 4769; x_wconf 54' lang='lat' dir='ltr'>Aa</span> <span class='ocrx_word' id='word_1_683' title='bbox 683 4698 752 4769; x_wconf 71' lang='grc' dir='ltr'>τῇ</span> <span class='ocrx_word' id='word_1_684' title='bbox 774 4698 951 4769; x_wconf 62' lang='grc' dir='ltr'>ψυχῇ.</span> 
     </span>
    </p>
   </div>
   <div class='ocr_carea' id='block_1_99' title="bbox 977 4697 2633 4782">
    <p class='ocr_par' dir='ltr' id='par_1_99' title="bbox 977 4697 2633 4782">
     <span class='ocr_line' id='line_1_99' title="bbox 977 4697 2633 4782; baseline 0.008 -31"><span class='ocrx_word' id='word_1_685' title='bbox 977 4697 1135 4752; x_wconf 89' lang='lat' dir='ltr'>mala</span> <span class='ocrx_word' id='word_1_686' title='bbox 1160 4697 1414 4782; x_wconf 60' lang='lat' dir='ltr'>Syntaxi.</span> <span class='ocrx_word' id='word_1_687' title='bbox 1459 4697 1734 4782; x_wconf 52' lang='lat' dir='ltr'>Act.“Ap.</span> <span class='ocrx_word' id='word_1_688' title='bbox 1770 4697 1876 4782; x_wconf 55' lang='lat' dir='ltr'>ix,</span> <span class='ocrx_word' id='word_1_689' title='bbox 1904 4707 1932 4760; x_wconf 83' lang='lat'><strong>3</strong></span> <span class='ocrx_word' id='word_1_690' title='bbox 1978 4723 1992 4763; x_wconf 89' lang='lat'><strong>:</strong></span> <span class='ocrx_word' id='word_1_691' title='bbox 2049 4697 2414 4782; x_wconf 53' lang='lat' dir='ltr'>saeuienti/ev</span> <span class='ocrx_word' id='word_1_692' title='bbox 2473 4710 2633 4767; x_wconf 78' lang='grc' dir='ltr'><strong>αὐτὸν</strong></span> 
     </span>
    </p>
   </div>
   <div class='ocr_carea' id='block_1_100' title="bbox 2695 4711 3755 4789">
    <p class='ocr_par' dir='ltr' id='par_1_100' title="bbox 2695 4711 3755 4789">
     <span class='ocr_line' id='line_1_100' title="bbox 2695 4711 3755 4789; baseline 0.008 -22"><span class='ocrx_word' id='word_1_693' title='bbox 2695 4715 2831 4789; x_wconf 70' lang='grc' dir='ltr'><strong>φῶς.</strong></span> <span class='ocrx_word' id='word_1_694' title='bbox 2883 4714 2976 4770; x_wconf 91' lang='lat' dir='ltr'>Sic</span> <span class='ocrx_word' id='word_1_695' title='bbox 3030 4711 3394 4789; x_wconf 74' lang='grc' dir='ltr'><strong>περιλάμπειν</strong></span> <span class='ocrx_word' id='word_1_696' title='bbox 3424 4724 3484 4773; x_wconf 81' lang='lat' dir='ltr'>et</span> <span class='ocrx_word' id='word_1_697' title='bbox 3515 4718 3755 4776; x_wconf 80' lang='lat' dir='ltr'>similia.</span> 
     </span>
    </p>
   </div>
   <div class='ocr_carea' id='block_1_101' title="bbox 365 4713 2048 4880">
    <p class='ocr_par' dir='ltr' id='par_1_101' title="bbox 365 4713 2048 4880">
     <span class='ocr_line' id='line_1_101' title="bbox 439 4713 1992 4822; baseline 0.008 -72"><span class='ocrx_word' id='word_1_698' title='bbox 439 4713 552 4764; x_wconf 67' lang='grc' dir='ltr'><strong>(δι)</strong></span> <span class='ocrx_word' id='word_1_699' title='bbox 583 4713 652 4763; x_wconf 75' lang='grc' dir='ltr'><strong>Α,</strong></span> <span class='ocrx_word' id='word_1_700' title='bbox 683 4716 752 4769; x_wconf 80' lang='grc' dir='ltr'><strong>τῃ</strong></span> <span class='ocrx_word' id='word_1_701' title='bbox 774 4713 951 4822; x_wconf 47' lang='lat' dir='ltr'>quax“.</span> <span class='ocrx_word' id='word_1_702' title='bbox 977 4713 1135 4752; x_wconf 81' lang='lat' dir='ltr'>mala</span> <span class='ocrx_word' id='word_1_703' title='bbox 1160 4713 1414 4768; x_wconf 72' lang='lat' dir='ltr'>syntaxx.</span> <span class='ocrx_word' id='word_1_704' title='bbox 1459 4713 1585 4754; x_wconf 79' lang='lat' dir='ltr'>Act.</span> <span class='ocrx_word' id='word_1_705' title='bbox 1628 4713 1734 4772; x_wconf 81' lang='lat' dir='ltr'>Ap.</span> <span class='ocrx_word' id='word_1_706' title='bbox 1791 4721 1870 4771; x_wconf 78' lang='lat' dir='ltr'>ix,</span> <span class='ocrx_word' id='word_1_707' title='bbox 1904 4713 1932 4760; x_wconf 82' lang='lat'>3</span> <span class='ocrx_word' id='word_1_708' title='bbox 1978 4723 1992 4763; x_wconf 92' lang='lat'><strong>:</strong></span> 
     </span>
     <span class='ocr_line' id='line_1_102' title="bbox 365 4767 2016 4863; baseline 0.007 -42"><span class='ocrx_word' id='word_1_709' title='bbox 365 4767 738 4839; x_wconf 71' lang='lat' dir='ltr'>Esculapius</span> <span class='ocrx_word' id='word_1_710' title='bbox 768 4768 842 4823; x_wconf 89' lang='lat' dir='ltr'>ad</span> <span class='ocrx_word' id='word_1_711' title='bbox 917 4784 1214 4824; x_wconf 89' lang='lat' dir='ltr'>mmonem</span> <span class='ocrx_word' id='word_1_712' title='bbox 1237 4786 1294 4840; x_wconf 94' lang='lat' dir='ltr'>p.</span> <span class='ocrx_word' id='word_1_713' title='bbox 1319 4772 1406 4838; x_wconf 84' lang='grc'><strong>91,</strong></span> <span class='ocrx_word' id='word_1_714' title='bbox 1428 4776 1572 4863; x_wconf 57' lang='lat' dir='ltr'>post</span> <span class='ocrx_word' id='word_1_715' title='bbox 1601 4771 2016 4832; x_wconf 78' lang='lat' dir='ltr'>Pcemandrum</span> 
     </span>
     <span class='ocr_line' id='line_1_103' title="bbox 371 4837 2048 4880; baseline 0 0"><span class='ocrx_word' id='word_1_716' title='bbox 371 4857 509 4880; x_wconf 65' lang='lat' dir='ltr'>curm</span> <span class='ocrx_word' id='word_1_717' title='bbox 537 4838 628 4880; x_wconf 63' lang='grc' dir='ltr'>τὸν</span> <span class='ocrx_word' id='word_1_718' title='bbox 665 4837 1070 4880; x_wconf 66' lang='grc' dir='ltr'><strong>ἶιπςηνείηςυῆϊ</strong></span> <span class='ocrx_word' id='word_1_719' title='bbox 1109 4838 1270 4880; x_wconf 69' lang='grc' dir='ltr'>ηέηηι·</span> <span class='ocrx_word' id='word_1_720' title='bbox 1298 4840 1401 4880; x_wconf 70' lang='lat' dir='ltr'>vr‘ln</span> <span class='ocrx_word' id='word_1_721' title='bbox 1439 4837 1642 4880; x_wconf 62' lang='lat' dir='ltr'>.Xnm-m</span> <span class='ocrx_word' id='word_1_722' title='bbox 1677 4853 2048 4880; x_wconf 53' lang='grc' dir='ltr'>μυρρίνη-..κρανιρῖ</span> 
     </span>
    </p>
   </div>
   <div class='ocr_carea' id='block_1_102' title="bbox 2133 4713 3758 4880">
    <p class='ocr_par' dir='ltr' id='par_1_102' title="bbox 2133 4713 3758 4880">
     <span class='ocr_line' id='line_1_104' title="bbox 2133 4713 3755 4789; baseline 0.007 -26"><span class='ocrx_word' id='word_1_723' title='bbox 2133 4713 2414 4780; x_wconf 63' lang='grc' dir='ltr'><strong>οιήσταψεν</strong></span> <span class='ocrx_word' id='word_1_724' title='bbox 2473 4713 2633 4767; x_wconf 82' lang='grc' dir='ltr'><strong>αὐτὸν</strong></span> <span class='ocrx_word' id='word_1_725' title='bbox 2695 4715 2831 4784; x_wconf 82' lang='grc' dir='ltr'><strong>φῶς.</strong></span> <span class='ocrx_word' id='word_1_726' title='bbox 2883 4714 2976 4770; x_wconf 87' lang='lat' dir='ltr'>Sic</span> <span class='ocrx_word' id='word_1_727' title='bbox 3030 4713 3394 4789; x_wconf 83' lang='grc' dir='ltr'><strong>περιλάμπειν</strong></span> <span class='ocrx_word' id='word_1_728' title='bbox 3424 4724 3484 4773; x_wconf 87' lang='lat' dir='ltr'>et</span> <span class='ocrx_word' id='word_1_729' title='bbox 3515 4718 3755 4776; x_wconf 82' lang='lat' dir='ltr'>similia.</span> 
     </span>
     <span class='ocr_line' id='line_1_105' title="bbox 2135 4779 3758 4880; baseline 0.007 -45"><span class='ocrx_word' id='word_1_730' title='bbox 2135 4779 2234 4880; x_wconf 56' lang='grc' dir='ltr'>ὗξή</span> <span class='ocrx_word' id='word_1_731' title='bbox 2269 4785 2310 4874; x_wconf 51' lang='grc' dir='ltr'><strong>ἡ,</strong></span> <span class='ocrx_word' id='word_1_732' title='bbox 2337 4780 2458 4856; x_wconf 77' lang='grc' dir='ltr'><strong>ὄψις</strong></span> <span class='ocrx_word' id='word_1_733' title='bbox 2490 4782 2885 4880; x_wconf 57' lang='grc' dir='ltr'>λτοιιμπρότατα³</span> <span class='ocrx_word' id='word_1_734' title='bbox 2905 4785 3241 4880; x_wconf 46' lang='grc' dir='ltr'><strong>περιλζάςμΛπει</strong></span> <span class='ocrx_word' id='word_1_735' title='bbox 3290 4789 3462 4880; x_wconf 65' lang='grc' dir='ltr'><strong>πάντα</strong></span> <span class='ocrx_word' id='word_1_736' title='bbox 3515 4789 3609 4844; x_wconf 85' lang='grc' dir='ltr'><strong>τὸν</strong></span> <span class='ocrx_word' id='word_1_737' title='bbox 3641 4789 3758 4880; x_wconf 51' lang='grc' dir='ltr'><strong>,κό-</strong></span> 
     </span>
    </p>
   </div>
   <div class='ocr_carea' id='block_1_103' title="bbox 371 4837 3753 4936">
    <p class='ocr_par' dir='ltr' id='par_1_103' title="bbox 371 4837 3753 4936">
     <span class='ocr_line' id='line_1_106' title="bbox 371 4837 3753 4936; baseline -0.001 -17"><span class='ocrx_word' id='word_1_738' title='bbox 371 4837 628 4936; x_wconf 41' lang='lat'>3913,63</span> <span class='ocrx_word' id='word_1_739' title='bbox 645 4837 1070 4936; x_wconf 55' lang='grc' dir='ltr'>ξιξεεξεεξξξεγον</span> <span class='ocrx_word' id='word_1_740' title='bbox 1109 4837 1270 4912; x_wconf 65' lang='grc' dir='ltr'>μέσοξ</span> <span class='ocrx_word' id='word_1_741' title='bbox 1298 4840 1401 4915; x_wconf 72' lang='grc' dir='ltr'>γὰρ</span> <span class='ocrx_word' id='word_1_742' title='bbox 1428 4837 1646 4914; x_wconf 62' lang='grc' dir='ltr'>ἵδρυτειι</span> <span class='ocrx_word' id='word_1_743' title='bbox 1677 4853 2096 4924; x_wconf 69' lang='grc' dir='ltr'><strong>στεφανηφορειν</strong></span> <span class='ocrx_word' id='word_1_744' title='bbox 2127 4837 2476 4929; x_wconf 42' lang='grc' dir='ltr'>τὸν-κείσεαι.</span> <span class='ocrx_word' id='word_1_745' title='bbox 2509 4837 2996 4915; x_wconf 52' lang='lat' dir='ltr'>plangam&quot;</span> <span class='ocrx_word' id='word_1_746' title='bbox 3033 4837 3240 4915; x_wconf 47' lang='grc' dir='ltr'>λεδ-ξ’</span> <span class='ocrx_word' id='word_1_747' title='bbox 3272 4837 3384 4915; x_wconf 58' lang='lat'>.3;</span> <span class='ocrx_word' id='word_1_748' title='bbox 3408 4837 3753 4936; x_wconf 55' lang='grc' dir='ltr'>’ξπέριέείμέ-</span> 
     </span>
    </p>
   </div>
   <div class='ocr_carea' id='block_1_104' title="bbox 366 4909 990 4994">
    <p class='ocr_par' dir='ltr' id='par_1_104' title="bbox 366 4909 990 4994">
     <span class='ocr_line' id='line_1_107' title="bbox 366 4909 990 4994; baseline 0.005 -32"><span class='ocrx_word' id='word_1_749' title='bbox 366 4928 459 4994; x_wconf 72' lang='grc' dir='ltr'>νον</span> <span class='ocrx_word' id='word_1_750' title='bbox 469 4909 583 4994; x_wconf 47' lang='grc' dir='ltr'>Δκαὶ</span> <span class='ocrx_word' id='word_1_751' title='bbox 609 4909 990 4994; x_wconf 76' lang='grc' dir='ltr'><strong>ὑποκείμενον,</strong></span> 
     </span>
    </p>
   </div>
   <div class='ocr_carea' id='block_1_105' title="bbox 443 4981 3757 5074">
    <p class='ocr_par' dir='ltr' id='par_1_105' title="bbox 443 4981 3757 5074">
     <span class='ocr_line' id='line_1_108' title="bbox 443 4981 3757 5074; baseline 0.009 -40"><span class='ocrx_word' id='word_1_752' title='bbox 717 4981 1313 5074; x_wconf 54' lang='lat' dir='ltr'>imitationlocutionis</span> <span class='ocrx_word' id='word_1_753' title='bbox 1343 4985 1606 5074; x_wconf 50' lang='lat' dir='ltr'>Paulina“:I</span> <span class='ocrx_word' id='word_1_754' title='bbox 1637 5001 1650 5040; x_wconf 88' lang='lat'><strong>:</strong></span> <span class='ocrx_word' id='word_1_755' title='bbox 1683 4989 1886 5074; x_wconf 74' lang='lat' dir='ltr'>confer</span> <span class='ocrx_word' id='word_1_756' title='bbox 1915 5008 2042 5074; x_wconf 79' lang='lat' dir='ltr'>pag.</span> <span class='ocrx_word' id='word_1_757' title='bbox 2078 4997 2129 5062; x_wconf 87' lang='lat'>6,</span> <span class='ocrx_word' id='word_1_758' title='bbox 2159 5013 2218 5052; x_wconf 92' lang='lat' dir='ltr'>n.</span> <span class='ocrx_word' id='word_1_759' title='bbox 2246 4999 2330 5054; x_wconf 84' lang='lat' dir='ltr'>l2.</span> <span class='ocrx_word' id='word_1_760' title='bbox 2365 4999 2489 5074; x_wconf 82' lang='lat' dir='ltr'>Non</span> <span class='ocrx_word' id='word_1_761' title='bbox 2520 4999 2705 5074; x_wconf 14' lang='lat' dir='ltr'>facile,</span> <span class='ocrx_word' id='word_1_762' title='bbox 2723 5001 2910 5074; x_wconf 68' lang='lat' dir='ltr'>feram</span> <span class='ocrx_word' id='word_1_763' title='bbox 2941 5002 3262 5074; x_wconf 84' lang='lat' dir='ltr'>Josaphum</span> <span class='ocrx_word' id='word_1_764' title='bbox 3312 4985 3576 5060; x_wconf 85' lang='lat' dir='ltr'>nondum</span> <span class='ocrx_word' id='word_1_765' title='bbox 3625 5022 3757 5063; x_wconf 89' lang='lat' dir='ltr'>con-</span> 
     </span>
    </p>
   </div>
   <div class='ocr_carea' id='block_1_106' title="bbox 370 5053 3406 5133">
    <p class='ocr_par' dir='ltr' id='par_1_106' title="bbox 370 5053 3406 5133">
     <span class='ocr_line' id='line_1_109' title="bbox 370 5053 3406 5133; baseline 0.008 -26"><span class='ocrx_word' id='word_1_766' title='bbox 370 5060 697 5133; x_wconf 53' lang='lat' dir='ltr'>versumLet</span> <span class='ocrx_word' id='word_1_767' title='bbox 726 5055 826 5125; x_wconf 92' lang='lat' dir='ltr'>qui</span> <span class='ocrx_word' id='word_1_768' title='bbox 853 5053 932 5133; x_wconf 71' lang='lat' dir='ltr'>de</span> <span class='ocrx_word' id='word_1_769' title='bbox 954 5054 1134 5133; x_wconf 60' lang='lat' dir='ltr'>Paulo</span> <span class='ocrx_word' id='word_1_770' title='bbox 1164 5072 1238 5133; x_wconf 74' lang='lat' dir='ltr'>ne</span> <span class='ocrx_word' id='word_1_771' title='bbox 1262 5056 1440 5133; x_wconf 64' lang='lat' dir='ltr'>fando</span> <span class='ocrx_word' id='word_1_772' title='bbox 1469 5057 1708 5133; x_wconf 88' lang='lat' dir='ltr'>quidem</span> <span class='ocrx_word' id='word_1_773' title='bbox 1730 5053 2052 5133; x_wconf 70' lang='lat' dir='ltr'>audiverat,</span> <span class='ocrx_word' id='word_1_774' title='bbox 2085 5053 2251 5124; x_wconf 78' lang='lat' dir='ltr'>suam</span> <span class='ocrx_word' id='word_1_775' title='bbox 2275 5053 3108 5130; x_wconf 18' lang='lat' dir='ltr'>orationemitalibusbrnarer</span> 
     </span>
    </p>
   </div>
   <div class='ocr_carea' id='block_1_107' title="bbox 443 5121 2048 5212">
    <p class='ocr_par' dir='ltr' id='par_1_107' title="bbox 443 5121 2048 5212">
     <span class='ocr_line' id='line_1_110' title="bbox 443 5121 2048 5212; baseline 0.007 -34"><span class='ocrx_word' id='word_1_776' title='bbox 443 5126 556 5212; x_wconf 59' lang='lat'>(93)</span> <span class='ocrx_word' id='word_1_777' title='bbox 589 5121 773 5212; x_wconf 72' lang='lat' dir='ltr'>Epist.</span> <span class='ocrx_word' id='word_1_778' title='bbox 797 5125 1117 5212; x_wconf 62' lang='lat' dir='ltr'>adpqlqss.</span> <span class='ocrx_word' id='word_1_779' title='bbox 1149 5121 1328 5212; x_wconf 42' lang='lat'>1,,265</span> <span class='ocrx_word' id='word_1_780' title='bbox 1362 5128 1436 5184; x_wconf 89' lang='grc' dir='ltr'>Τὸ</span> <span class='ocrx_word' id='word_1_781' title='bbox 1471 5121 1770 5204; x_wconf 77' lang='grc' dir='ltr'><strong>μυστήριον</strong></span> <span class='ocrx_word' id='word_1_782' title='bbox 1793 5133 1856 5187; x_wconf 87' lang='grc' dir='ltr'><strong>τὸ</strong></span> <span class='ocrx_word' id='word_1_783' title='bbox 1888 5121 2048 5190; x_wconf 77' lang='grc' dir='ltr'><strong>ἀποκέ</strong></span> 
     </span>
    </p>
   </div>
   <div class='ocr_carea' id='block_1_108' title="bbox 2133 5121 2886 5212">
    <p class='ocr_par' dir='ltr' id='par_1_108' title="bbox 2133 5141 2886 5212">
     <span class='ocr_line' id='line_1_111' title="bbox 2133 5141 2886 5212; baseline 0.007 -20"><span class='ocrx_word' id='word_1_784' title='bbox 2133 5141 2368 5212; x_wconf 86' lang='grc' dir='ltr'><strong>υμμένον</strong></span> <span class='ocrx_word' id='word_1_785' title='bbox 2402 5142 2506 5196; x_wconf 81' lang='grc' dir='ltr'><strong>ἀπὸ</strong></span> <span class='ocrx_word' id='word_1_786' title='bbox 2534 5146 2642 5197; x_wconf 89' lang='grc' dir='ltr'>τῶν</span> <span class='ocrx_word' id='word_1_787' title='bbox 2675 5143 2886 5199; x_wconf 84' lang='grc' dir='ltr'><strong>αἰώνων</strong></span> 
     </span>
    </p>
   </div>
   <div class='ocr_carea' id='block_1_109' title="bbox 371 5189 1334 5271">
    <p class='ocr_par' dir='ltr' id='par_1_109' title="bbox 371 5189 1334 5271">
     <span class='ocr_line' id='line_1_112' title="bbox 371 5189 1334 5271; baseline 0.008 -25"><span class='ocrx_word' id='word_1_788' title='bbox 371 5189 428 5247; x_wconf 73' lang='grc' dir='ltr'>δὲ</span> <span class='ocrx_word' id='word_1_789' title='bbox 451 5189 772 5271; x_wconf 46' lang='grc' dir='ltr'><strong>ἐφανερώθη</strong></span> <span class='ocrx_word' id='word_1_790' title='bbox 805 5201 923 5271; x_wconf 76' lang='grc' dir='ltr'><strong>τοῖς</strong></span> <span class='ocrx_word' id='word_1_791' title='bbox 941 5195 1124 5271; x_wconf 6' lang='grc' dir='ltr'><strong>,ἁγίοις</strong></span> <span class='ocrx_word' id='word_1_792' title='bbox 1151 5189 1334 5254; x_wconf 81' lang='grc' dir='ltr'><strong>αὐτοῦ.</strong></span> 
     </span>
    </p>
   </div>
   <div class='ocr_carea' id='block_1_110' title="bbox 442 5265 2048 5355">
    <p class='ocr_par' dir='ltr' id='par_1_110' title="bbox 442 5265 2048 5355">
     <span class='ocr_line' id='line_1_113' title="bbox 442 5265 2048 5355; baseline 0.009 -34"><span class='ocrx_word' id='word_1_793' title='bbox 442 5265 557 5338; x_wconf 58' lang='grc' dir='ltr'><strong>(3ᾉ)</strong></span> <span class='ocrx_word' id='word_1_794' title='bbox 587 5265 772 5341; x_wconf 82' lang='lat' dir='ltr'>Epist.</span> <span class='ocrx_word' id='word_1_795' title='bbox 807 5269 881 5326; x_wconf 84' lang='lat' dir='ltr'>ad</span> <span class='ocrx_word' id='word_1_796' title='bbox 913 5265 1092 5325; x_wconf 83' lang='lat' dir='ltr'>Hebr.</span> <span class='ocrx_word' id='word_1_797' title='bbox 1126 5284 1164 5339; x_wconf 86' lang='grc' dir='ltr'>ι,</span> <span class='ocrx_word' id='word_1_798' title='bbox 1191 5275 1214 5325; x_wconf 87' lang='grc'><strong>1</strong></span> <span class='ocrx_word' id='word_1_799' title='bbox 1246 5287 1260 5326; x_wconf 89' lang='lat'><strong><em>:</em></strong></span> <span class='ocrx_word' id='word_1_800' title='bbox 1291 5265 1630 5350; x_wconf 84' lang='grc' dir='ltr'><strong>Πολυμερῶς</strong></span> <span class='ocrx_word' id='word_1_801' title='bbox 1655 5274 1746 5330; x_wconf 83' lang='grc' dir='ltr'>καὶ</span> <span class='ocrx_word' id='word_1_802' title='bbox 1777 5275 2048 5355; x_wconf 86' lang='grc' dir='ltr'><strong>πολυτρότ</strong></span> 
     </span>
    </p>
   </div>
   <div class='ocr_carea' id='block_1_111' title="bbox 2133 5265 2563 5355">
    <p class='ocr_par' dir='ltr' id='par_1_111' title="bbox 2133 5280 2563 5349">
     <span class='ocr_line' id='line_1_114' title="bbox 2133 5280 2563 5349; baseline 0.012 -13"><span class='ocrx_word' id='word_1_803' title='bbox 2133 5302 2142 5345; x_wconf 85' lang='grc'><strong>;</strong></span> <span class='ocrx_word' id='word_1_804' title='bbox 2169 5280 2338 5340; x_wconf 85' lang='grc' dir='ltr'><strong>παλαι</strong></span> <span class='ocrx_word' id='word_1_805' title='bbox 2372 5285 2399 5340; x_wconf 85' lang='grc' dir='ltr'><strong>ὁ</strong></span> <span class='ocrx_word' id='word_1_806' title='bbox 2431 5284 2563 5349; x_wconf 85' lang='grc' dir='ltr'>Θεὸς</span> 
     </span>
    </p>
   </div>
   <div class='ocr_carea' id='block_1_112' title="bbox 370 5337 588 5415">
    <p class='ocr_par' dir='ltr' id='par_1_112' title="bbox 370 5337 588 5415">
     <span class='ocr_line' id='line_1_115' title="bbox 370 5337 588 5415; baseline 0.014 -24"><span class='ocrx_word' id='word_1_807' title='bbox 370 5337 588 5415; x_wconf 70' lang='grc' dir='ltr'><strong>φήταις.</strong></span> 
     </span>
    </p>
   </div>
   <div class='ocr_carea' id='block_1_113' title="bbox 2945 5146 3762 5225">
    <p class='ocr_par' dir='ltr' id='par_1_113' title="bbox 2945 5146 3762 5225">
     <span class='ocr_line' id='line_1_116' title="bbox 2945 5146 3762 5225; baseline 0.007 -27"><span class='ocrx_word' id='word_1_808' title='bbox 2945 5147 3033 5199; x_wconf 86' lang='grc' dir='ltr'><strong>καὶ</strong></span> <span class='ocrx_word' id='word_1_809' title='bbox 3095 5146 3199 5202; x_wconf 87' lang='grc' dir='ltr'>ἀπὸ</span> <span class='ocrx_word' id='word_1_810' title='bbox 3255 5151 3363 5202; x_wconf 88' lang='grc' dir='ltr'>τῶν</span> <span class='ocrx_word' id='word_1_811' title='bbox 3395 5152 3615 5225; x_wconf 86' lang='grc' dir='ltr'><strong>γενεῶν.</strong></span> <span class='ocrx_word' id='word_1_812' title='bbox 3643 5147 3762 5205; x_wconf 84' lang='grc' dir='ltr'><strong>νυνὶ</strong></span> 
     </span>
    </p>
   </div>
   <div class='ocr_carea' id='block_1_114' title="bbox 2619 5283 3766 5371">
    <p class='ocr_par' dir='ltr' id='par_1_114' title="bbox 2619 5283 3766 5371">
     <span class='ocr_line' id='line_1_117' title="bbox 2619 5283 3766 5371; baseline 0.008 -30"><span class='ocrx_word' id='word_1_813' title='bbox 2619 5283 2868 5359; x_wconf 73' lang='grc' dir='ltr'><strong>λαλήσας</strong></span> <span class='ocrx_word' id='word_1_814' title='bbox 2920 5291 3036 5352; x_wconf 89' lang='grc' dir='ltr'><strong>τοῖς</strong></span> <span class='ocrx_word' id='word_1_815' title='bbox 3088 5292 3353 5368; x_wconf 87' lang='grc' dir='ltr'><strong>πατράσιν</strong></span> <span class='ocrx_word' id='word_1_816' title='bbox 3394 5290 3446 5347; x_wconf 80' lang='grc' dir='ltr'>ἐν</span> <span class='ocrx_word' id='word_1_817' title='bbox 3477 5297 3595 5356; x_wconf 87' lang='grc' dir='ltr'><strong>τοῖς</strong></span> <span class='ocrx_word' id='word_1_818' title='bbox 3624 5313 3766 5371; x_wconf 86' lang='grc' dir='ltr'><strong>προ-</strong></span> 
     </span>
    </p>
   </div>
   <div class='ocr_carea' id='block_1_115' title="bbox 446 5427 3758 5530">
    <p class='ocr_par' dir='ltr' id='par_1_115' title="bbox 446 5427 3758 5530">
     <span class='ocr_line' id='line_1_118' title="bbox 446 5427 3758 5530; baseline 0.008 -44"><span class='ocrx_word' id='word_1_819' title='bbox 749 5447 810 5502; x_wconf 85' lang='lat' dir='ltr'>x,</span> <span class='ocrx_word' id='word_1_820' title='bbox 837 5431 907 5488; x_wconf 71' lang='grc'>24</span> <span class='ocrx_word' id='word_1_821' title='bbox 941 5447 956 5490; x_wconf 88' lang='lat'><strong>:</strong></span> <span class='ocrx_word' id='word_1_822' title='bbox 987 5427 1142 5508; x_wconf 85' lang='grc' dir='ltr'><strong>Λέγω</strong></span> <span class='ocrx_word' id='word_1_823' title='bbox 1170 5428 1276 5510; x_wconf 83' lang='grc' dir='ltr'><strong>γὰρ</strong></span> <span class='ocrx_word' id='word_1_824' title='bbox 1309 5430 1435 5508; x_wconf 79' lang='grc' dir='ltr'><strong>ὑμῖν</strong></span> <span class='ocrx_word' id='word_1_825' title='bbox 1467 5433 1549 5492; x_wconf 70' lang='grc' dir='ltr'><strong>ὅτι</strong></span> <span class='ocrx_word' id='word_1_826' title='bbox 1581 5435 1786 5494; x_wconf 84' lang='grc' dir='ltr'><strong>πολλοὶ</strong></span> <span class='ocrx_word' id='word_1_827' title='bbox 1841 5449 2120 5519; x_wconf 76' lang='grc' dir='ltr'><strong>προφῆται</strong></span> <span class='ocrx_word' id='word_1_828' title='bbox 2174 5447 2265 5502; x_wconf 85' lang='grc' dir='ltr'><strong>καὶ</strong></span> <span class='ocrx_word' id='word_1_829' title='bbox 2313 5445 2557 5523; x_wconf 82' lang='grc' dir='ltr'><strong>βασιλεῖς</strong></span> <span class='ocrx_word' id='word_1_830' title='bbox 2612 5447 2886 5522; x_wconf 77' lang='grc' dir='ltr'><strong>ἠθέλησαν</strong></span> <span class='ocrx_word' id='word_1_831' title='bbox 2915 5447 3049 5507; x_wconf 71' lang='grc' dir='ltr'><strong>ἰδεῖν</strong></span> <span class='ocrx_word' id='word_1_832' title='bbox 3081 5449 3114 5508; x_wconf 79' lang='grc' dir='ltr'>ἄ</span> <span class='ocrx_word' id='word_1_833' title='bbox 3156 5453 3312 5528; x_wconf 84' lang='grc' dir='ltr'><strong>ὑμεῖς</strong></span> <span class='ocrx_word' id='word_1_834' title='bbox 3359 5449 3609 5530; x_wconf 84' lang='grc' dir='ltr'><strong>βλέπετε,</strong></span> <span class='ocrx_word' id='word_1_835' title='bbox 3666 5465 3758 5520; x_wconf 74' lang='grc' dir='ltr'>καὶ</span> 
     </span>
    </p>
   </div>
   <div class='ocr_carea' id='block_1_116' title="bbox 375 5493 663 5556">
    <p class='ocr_par' dir='ltr' id='par_1_116' title="bbox 375 5493 663 5556">
     <span class='ocr_line' id='line_1_119' title="bbox 375 5493 663 5556; baseline 0.014 -4"><span class='ocrx_word' id='word_1_836' title='bbox 375 5493 476 5554; x_wconf 74' lang='grc' dir='ltr'><strong>οὐκ</strong></span> <span class='ocrx_word' id='word_1_837' title='bbox 499 5493 663 5556; x_wconf 62' lang='grc' dir='ltr'><strong>εἶδον.</strong></span> 
     </span>
    </p>
   </div>
   <div class='ocr_carea' id='block_1_117' title="bbox 451 5573 1026 5645">
    <p class='ocr_par' dir='ltr' id='par_1_117' title="bbox 451 5573 1026 5645">
     <span class='ocr_line' id='line_1_120' title="bbox 451 5573 1026 5645; baseline 0.009 -17"><span class='ocrx_word' id='word_1_838' title='bbox 451 5573 561 5645; x_wconf 79' lang='lat'>(36)</span> <span class='ocrx_word' id='word_1_839' title='bbox 583 5575 760 5632; x_wconf 82' lang='lat' dir='ltr'>Marc.</span> <span class='ocrx_word' id='word_1_840' title='bbox 791 5588 906 5644; x_wconf 80' lang='lat' dir='ltr'>xvi,</span> <span class='ocrx_word' id='word_1_841' title='bbox 939 5576 1026 5634; x_wconf 77' lang='grc'>16.</span> 
     </span>
    </p>
   </div>
   <div class='ocr_carea' id='block_1_118' title="bbox 437 5624 2106 5736">
    <p class='ocr_par' dir='ltr' id='par_1_118' title="bbox 437 5624 2106 5736">
     <span class='ocr_line' id='line_1_121' title="bbox 437 5624 2106 5736; baseline 0.004 -24"><span class='ocrx_word' id='word_1_842' title='bbox 437 5624 559 5720; x_wconf 56' lang='lat' dir='ltr'>(iii</span> <span class='ocrx_word' id='word_1_843' title='bbox 578 5624 921 5707; x_wconf 65' lang='grc' dir='ltr'><strong>ῐιῖιῖεῐιῖιὲὲὶ</strong></span> <span class='ocrx_word' id='word_1_844' title='bbox 942 5624 1065 5704; x_wconf 51' lang='grc' dir='ltr'><strong>ῖιῖκτ</strong></span> <span class='ocrx_word' id='word_1_845' title='bbox 1094 5643 1258 5710; x_wconf 58' lang='lat' dir='ltr'>anei.</span> <span class='ocrx_word' id='word_1_846' title='bbox 1279 5679 1350 5696; x_wconf 90' lang='grc'><strong><em>-</em></strong></span> <span class='ocrx_word' id='word_1_847' title='bbox 1379 5651 1442 5724; x_wconf 87' lang='lat' dir='ltr'>c,</span> <span class='ocrx_word' id='word_1_848' title='bbox 1470 5624 1589 5710; x_wconf 64' lang='grc' dir='ltr'><strong>κατέ</strong></span> <span class='ocrx_word' id='word_1_849' title='bbox 1616 5634 1781 5713; x_wconf 52' lang='lat' dir='ltr'>sint.</span> <span class='ocrx_word' id='word_1_850' title='bbox 1812 5657 2106 5736; x_wconf 82' lang='grc' dir='ltr'><strong>γνώρισον.</strong></span> 
     </span>
    </p>
   </div>
  </div>
