4042 6154
277 208 387 267 919

279 426 700 481 contaminataa
721 424 1190 482 Christianorum
1215 426 1349 481 fidei
1366 426 1707 483 velutradix
1721 445 1788 484 ac
1802 446 1925 484 cer.

274 520 401 569 tum
426 514 885 570 fundamentum
908 515 1089 570 divini
1111 515 1927 589 baptismigratiaestmtquae

275 604 478 660 omnia
504 621 536 658 a
567 605 869 660 nativitate
901 610 1204 661 contracta
1233 612 1475 677 peccata
1506 607 1723 679 expiet.
1750 615 1928 678 atque

275 709 345 748 ea
369 694 827 764 inquinamenta
847 711 979 764 qua:
1003 711 1071 748 ex
1093 695 1231 749 vitio
1255 695 1510 751 conﬂata
1532 702 1927 768 suntprorsus

276 788 581 854 expurget.
607 783 699 838 Sic
722 783 881 837 enim
905 783 1167 838 Salvator
1180 786 1495 853 mandavit,
1513 793 1927 858 utperaquam

278 886 345 925 ac
364 871 645 941 Spiritum
669 887 1111 944 regeneremur.
1126 880 1303 944 atque
1316 875 1388 930 ad
1402 881 1655 930 veterem
1675 874 1926 947 dignita-

278 963 397 1013 tem
414 958 730 1014 redeamus
748 977 760 1014 :
776 961 1224 1032 perorationem
1239 962 1588 1018 videlicetac
1605 964 1925 1019 salutarem

279 1048 742 1117 invocationem,
775 1050 848 1105 ad
871 1066 1087 1121 aquam
1118 1052 1434 1107 accedente
1457 1053 1677 1125 Spiritu
1698 1060 1923 1111 sancto.

280 1138 653 1208 Baptizamur
673 1139 848 1210 igitur
862 1140 1034 1211 juxta
1059 1140 1371 1197 Salvatoris
1390 1159 1725 1198 sermonem
1740 1144 1801 1198 in
1821 1161 1925 1198 no-

286 1226 448 1280 mine
467 1226 657 1281 Patris
679 1233 737 1281 et
759 1228 891 1282 Filii
915 1234 973 1282 et
994 1229 1244 1300 Spiritus
1267 1231 1455 1285 sancti
1478 1232 1679 1288 (Matth
1707 1233 1925 1301 xxvm).

285 1316 479 1385 Atque
504 1316 588 1370 ita
611 1316 862 1388 Spiritus
883 1319 1069 1390 gratia
1091 1319 1149 1373 in
1175 1321 1303 1390 ejus
1326 1321 1423 1391 qui
1449 1320 1776 1392 baptizatur
1800 1322 1926 1377 ani-

282 1421 382 1460 ma
404 1405 772 1474 immoratur,
792 1407 1261 1476 eamillustrans,
1287 1425 1353 1464 ac
1374 1409 1627 1465 divinam
1645 1410 1925 1475 reddens,

286 1499 463 1564 atque
478 1495 795 1567 imaginem
810 1496 975 1551 illam
990 1513 1054 1553 ac
1070 1497 1736 1564 similitudinemDei,ad
1749 1518 1926 1571 quam

286 1583 527 1639 condita
547 1590 635 1639 est
680 1585 788 1657 ipsi
808 1586 1168 1654 instaurans,
1194 1591 1273 1643 Ac
1296 1588 1593 1660 deinceps.
1628 1591 1927 1645 veteribus

1803 215 2142 270 ADDENDA
2155 251 2170 269 .

347 335 454 391 Ille
474 341 674 391 autem
704 335 779 391 ad
806 336 1275 409 eum'respondit
1290 351 1302 391 :
1319 306 1545 393 Sanctae
1559 336 1739 410 hujus
1753 343 1810 394 et
1829 339 1920 395 in-
1952 342 2004 406 Α

3573 220 3689 277 920

2109 338 2347 402 Ἐκεῖνος
2405 337 2463 394 δὲ
2518 339 2657 413 πρὸς
2743 338 2902 397 αὐτὸν
2987 339 3309 418 ἀπεκρίνατο
3377 346 3513 418 (38)⁶
3572 347 3695 415 Τῆς

2038 426 2189 502 ἁγίας
2242 426 2445 497 ταύτης
2500 430 2587 484 καὶ
2650 430 2959 503 ἀμωμήτου
3036 436 3143 486 τῶν
3203 436 3534 506 Χριστιανῶν
3589 435 3685 487 πί-

2040 536 2207 580 στεως
2261 515 2384 590 ῥίζα
2441 518 2622 593 ὥσπερ
2680 520 2770 572 καὶ
2852 518 3100 588 ἀσφαλής
3158 516 3443 596 ὑποϐάθρα
3494 524 3529 591 ἡ
3585 527 3685 577 τοῦ

2038 605 2186 669 θείου
2222 606 2596 681 βαπτίσματος
2636 607 2869 682 ὑπάρχει
2932 609 3119 683 χάρις,
3177 610 3388 663 πάντων
3432 614 3541 664 τῶν
3574 610 3683 665 ἀπὸ

2033 694 2288 769 γενέσεως
2330 694 2736 770 ἁμαρτημάτων
2799 698 3057 771 κάθαρσιν
3118 694 3341 772 ἔχουσα,
3397 698 3488 753 καὶ
3546 720 3683 754 παν-

2030 784 2165 853 τελῆ
2227 782 2383 858 ῥύψιν
2432 789 2542 839 τῶν
2599 785 2705 839 ἀπὸ
2782 786 2972 850 κακίας
3019 782 3441 851 ἐπεισελθὸντων
3498 786 3679 859 μολυ-

2034 871 2276 943 σμάτων.
2337 872 2496 930 Οὕτω
2546 874 2648 949 γὰρ
2704 874 2732 929 ὁ
2787 876 2980 949 Σωτὴρ
3040 874 3342 931 ἐνετείλατο
3384 873 3453 930 δι’
3482 874 3679 939 ὕδατος

2033 962 2409 1035 ἀναγεννᾶσθαι
2439 963 2531 1017 καὶ
2566 961 2875 1035 Πνεύματος
2926 965 3063 1038 (39),
3119 963 3207 1019 καὶ
3246 964 3323 1026 εἷς
3352 965 3415 1020 τὸ
3443 965 3680 1041 ἀρχαῖον

2034 1048 2383 1126 ἐπανάγεσθαι
2413 1051 2649 1125 ἀξίωμα,
2700 1048 2769 1106 δι’
2809 1051 3092 1123 ἐντεύξεως
3142 1051 3358 1124 δηλαδή
3415 1054 3505 1109 καὶ
3581 1061 3687 1125 τῆς

2034 1139 2312 1215 σωτηρίου
2361 1137 2726 1211 ἐπικλήσεως,
2789 1139 3181 1218 ἐπιφοιτῶντος
3238 1146 3319 1216 τῷ
3369 1140 3522 1197 ῧδατι
3578 1147 3684 1198 τοῦ

2034 1227 2193 1302 ἁγίου
2250 1234 2586 1302 Ηνευματος.
2676 1214 3059 1301 Βαπτιζύμεθα
3110 1214 3316 1300 τοίνυν,
3393 1232 3529 1286 κατὰ
3583 1232 3679 1286 τὸν

2035 1315 2203 1391 λόγον
2234 1321 2330 1371 τοῦ
2361 1316 2567 1389 Κυρίου
2599 1318 2733 1391 (40),
2758 1317 2835 1379 εἷς
2891 1318 2952 1372 τὸ
2984 1316 3160 1389 ὄνομα
3186 1322 3284 1373 τοῦ
3331 1318 3560 1394 Πατρὸς,
3587 1318 3682 1372 καὶ

2032 1409 2127 1459 τοῦ
2184 1406 2334 1475 Υἱοῢ,
2389 1406 2479 1460 καὶ
2531 1410 2627 1459 τοῦ
2685 1406 2838 1481 ἁγίου
2923 1407 3257 1479 Πνεύματος⁶
3329 1406 3420 1461 καὶ
3504 1406 3685 1473 οὕτως

2034 1494 2238 1548 ἐνοικεῖ
2255 1498 2352 1549 τοῦ
2410 1494 2567 1569 ἁγίου
2625 1495 2938 1567 ΙΙνεύματος
2969 1495 3002 1564 ἠ
3065 1497 3227 1570 χάρις
3254 1498 3323 1569 τῇ
3352 1500 3449 1550 τοῦ
3484 1497 3682 1570 βαπτι-

2035 1583 2252 1646 σθέντος
2284 1586 2463 1658 ψυχῇ,
2498 1581 2897 1658 λαμπρύνουσα
2945 1583 3110 1651 αὐτὴν
3142 1583 3231 1638 καὶ
3265 1581 3479 1653 θεοειδῆ
3509 1585 3683 1657 ἀπερ-

288 1673 566 1728 omnibus
587 1674 710 1728 vitii
734 1675 1011 1746 operibus
1033 1677 1299 1749 abjectis,
1319 1695 1482 1733 novas
1507 1679 1637 1734 vitae
1653 1696 1783 1734 cum
1810 1681 1922 1734 Deo

2035 1675 2331 1749 γαζομένη,
2363 1672 2453 1726 καὶ
2484 1673 2546 1726 τὸ
2593 1674 2709 1728 κατ’
2768 1671 2946 1727 ετ’κύνα
2992 1673 3079 1727 καὶ
3112 1675 3226 1727 καθ’
3257 1673 3521 1746 ὁμοίωσιν
3569 1677 3687 1749 (41)

288 1766 528 1832 pactum
551 1762 969 1832 inimus(Naz.,
1013 1771 1155 1819 orat.
1203 1766 1268 1820 de
1295 1773 1470 1821 sanct.
1520 1768 1827 1837 Baptism).
1862 1783 1922 1822 ac

2036 1761 2174 1835 αὐτῇ
2226 1761 2659 1830 ἁνακαινίζουσα·
2719 1763 2810 1817 καὶ
2866 1759 3061 1817 λοιπὸν
3121 1762 3295 1817 πάντα
3348 1763 3416 1818 τὰ
3472 1761 3686 1819 παλαιὰ

283 1852 585 1921 puriorem
602 1851 831 1907 vivendi
852 1853 1146 1909 rationem
1177 1856 1586 1927 auspicamur:
1613 1874 1728 1927 quo
1752 1856 1929 1910 nimi-

282 1956 416 1995 rum
448 1942 625 1996 etiam
650 1941 988 1997 cohaaredes
1014 1959 1219 1997 eorum
1245 1943 1575 1999 efﬁciamur
1597 1946 1695 2017 qui
1723 1945 1794 2000 ad
1818 1946 1928 2000 im-

281 2030 706 2086 mortalitatem
766 2033 1095 2104 regenerati
1154 2040 1310 2097 sunt,
1381 2052 1448 2090 ac
1505 2036 1926 2101 sempiternam

280 2118 537 2173 salutem
595 2122 898 2175 consecuti
959 2126 1116 2175 sunt.
1180 2123 1338 2178 Citra
1394 2122 1753 2194 baptismum
1812 2141 1926 2179 au-

286 2213 407 2263 tem
430 2208 558 2263 fieri
580 2226 699 2264 non
722 2215 917 2281 potest
936 2214 1001 2264 ut
1023 2210 1293 2276 puisnam
1326 2211 1542 2266 bonam
1575 2230 1739 2284 spem
1781 2230 1923 2268 con-

283 2302 586 2367 sequatur,
605 2298 932 2368 quamlibet
964 2299 1142 2353 etiam
1159 2300 1285 2370 pios
1299 2317 1505 2356 omnes
1526 2302 1744 2373 pietate
1758 2309 1921 2357 ante-

277 2384 567 2441 celluerit.
604 2387 696 2443 Sic
730 2388 889 2443 enim
922 2388 1075 2444 Deus
1118 2388 1386 2445 Verbum.
1440 2390 1561 2461 qui,
1614 2396 1679 2445 ut
1723 2390 1925 2463 generi

276 2478 479 2529 nostro
495 2475 747 2531 salutem
769 2478 1464 2545 afferret,humanitatem
1479 2479 1921 2550 suscipit,dixit:

278 2565 466 2619 Amen
482 2564 612 2621 dico
627 2566 931 2631 vobis,nisi
947 2569 1078 2638 quis
1092 2567 1665 2641 regeneratusfuerit
1681 2585 1750 2623 ex
1770 2584 1925 2639 aqua

278 2658 336 2709 et
353 2653 569 2724 Spiritu
594 2661 818 2723 sancto,
843 2672 963 2711 non
996 2656 1242 2712 intrabit
1265 2657 1324 2712 in
1356 2674 1603 2729 regnum
1637 2656 1921 2713 cmlorum

280 2744 463 2801 lJoan.
488 2745 587 2813 III).
614 2745 1007 2810 Quamobrem
1030 2752 1165 2800 ante
1180 2748 1381 2802 omnia
1400 2753 1455 2802 te
1478 2748 1920 2819 rogo,utanimo

276 2831 410 2886 dem
435 2833 709 2905 accipias,
734 2851 801 2890 ac
828 2835 1022 2890 statim
1049 2836 1465 2891 ardentissimo
1489 2836 1745 2907 quodam
1764 2836 1921 2891 desi-

277 2920 440 2976 derio
459 2922 532 2977 ad
549 2921 907 2994 baptismum
930 2924 1312 2993 accedas,nec
1326 2925 1509 2980 ullam
1532 2926 1776 2981 omnino
1796 2942 1920 2981 mo-

278 3026 407 3066 ram
429 3011 710 3067 adhibeas
752 3014 1094 3069 Periculosa
1115 3013 1410 3085 siquidem
1436 3015 1761 3076 estdilatio.
1779 3032 1911 3086 pro-

2033 1856 2135 1920 τῆς
2163 1853 2354 1913 κακίας
2378 1847 2508 1925 ἔργα
2537 1849 2958 1926 ἀπορρίψαντες,
3018 1853 3291 1920 συνθήκην
3350 1850 3490 1924 πρὸς
3547 1852 3679 1908 Θεὸν

2037 1935 2290 2015 δευτέρου
2351 1940 2476 2012 βίου
2533 1939 2621 1993 καὶ
2682 1939 2862 2014 ἀρχὴν
2933 1941 3319 2014 καθαρωτέρας
3398 1937 3684 2003 πολιτείας

2034 2027 2360 2100 ποιούμεθα,
2395 2028 2469 2089 ὡς
2529 2027 2589 2081 ἄν
2643 2027 2733 2082 καὶ
2791 2026 3237 2101 συγκληρονόμοι
3294 2027 3528 2102 ἐσόμεθα
3571 2032 3683 2103 (42)

2031 2120 2138 2171 τῶν
2167 2118 2305 2189 πρὸς
2325 2116 2619 2193 ἀφθαρσίαν
2652 2117 3111 2191 ἀναγεννηθὲντων
3164 2115 3252 2172 καὶ
3307 2125 3410 2187 τῆς
3456 2117 3683 2173 αἶ’ωνίου

2034 2206 2306 2282 σωτηρίας
2338 2201 2774 2280 ἐπιλαϐομένων.
2811 2208 2998 2282 Χωρὶς
3059 2204 3117 2262 δὲ
3173 2207 3547 2282 βαπτίσματος
3576 2208 3680 2265 οὐκ

2031 2294 2141 2350 ἔστι
2188 2302 2287 2365 τῆς
2327 2295 2536 2370 ἀγαθῆς
2595 2292 2823 2358 ἐλπίδος
2857 2295 3065 2366 ἐκείνης
3098 2295 3399 2372 ἐπιτυχεῖν,
3446 2300 3545 2355 59
3573 2297 3672 2352 κᾶν

2029 2386 2239 2440 πάντων
2322 2391 2430 2440 τῶν
2518 2379 2756 2439 εὐσεϐῶν
2842 2379 3218 2462 εὐσεϐέστερός
3272 2406 3356 2449 τις
3428 2382 3672 2461 γένηται.

2030 2473 2187 2530 Οῧτω
2241 2474 2342 2550 γὰρ
2402 2474 2429 2527 ὁ
2489 2472 2577 2528 ἐπὶ
2602 2473 2847 2549 σωτηρίᾳ
2873 2477 2970 2529 τοῦ
2989 2475 3178 2549 γένους
3208 2477 3370 2546 ἡμων
3403 2473 3672 2548 ἐνανθρωο

2028 2567 2205 2635 πήσας
2263 2564 2392 2626 Θεὸς
2448 2563 2621 2638 Λόγος
2680 2564 2820 2618 εἶπεν
2881 2567 3016 2637 (43)·
3095 2564 3269 2637 Ἀμὴν
3320 2562 3465 2639 λέγω
3522 2565 3674 2638 ὑμῖν,

2027 2653 2114 2709 ἐὰν
2147 2655 2222 2727 μή
2259 2654 2658 2729 ἀναγεννηθῆτε
2690 2651 2761 2707 δι’
2814 2651 3008 2716 ὕδατος
3063 2653 3153 2709 καὶ
3214 2651 3552 2726 Πνεύματος,
3612 2653 3676 2709 ού

2032 2746 2107 2819 μὴ
2140 2744 2420 2815 εἰσέλθητε
2462 2743 2541 2805 εἴς
2585 2745 2687 2811 τὴν
2749 2742 3024 2819 βασιλείαν
3080 2747 3188 2798 τῶν
3249 2744 3517 2817 οὐρανῶν.
3578 2743 3672 2798 Διὸ

2027 2832 2132 2908 πρὸ
2163 2833 2377 2887 πάντων
2402 2831 2539 2901 ἀζιῶ
2592 2852 2649 2886 σε
2704 2834 2770 2905 τῇ
2833 2831 2930 2905 μὲν
2960 2834 3115 2907 ψυχῇ
3149 2829 3395 2902 δέξασθαι
3424 2834 3523 2902 τήν
3577 2833 3670 2886 πί-

2028 2943 2157 2985 στιν,
2187 2919 2510 2993 προσελθεῖν
2537 2918 2594 2975 δὲ
2651 2919 2807 2984 εὐθὺς
2859 2921 2950 2975 καὶ
2992 2925 3072 2993 τῷ
3133 2919 3466 2997 βαπτίσματι
3514 2920 3668 2993 πόθῳ

2029 3012 2347 3087 θερμοτάτῳ
2384 3011 2471 3066 καὶ
2518 3007 2784 3082 μηδόλως
2840 3009 2977 3084 πρὸς
3026 3013 3189 3065 τοῦτο
3246 3004 3668 3065 ἀναϐάλλεσθαι·

278 3061 407 3066 _w__
432 3061 709 3067 “me”-
752 3061 775 3067 _
804 3061 1094 3069 ----..---..
1116 3061 1410 3085 --.ι-η.-.-
1438 3061 1880 3086 ν-.κ....-.ν,,,-ν

271 3105 477 3173 pterea
488 3101 645 3173 quod
663 3103 1027 3173 praestitutus
1042 3103 1214 3157 morti
1230 3103 1356 3159 dies
1371 3104 1631 3159 incertus
1650 3106 1917 3160 est.Josa-

2031 3061 2362 3157 2.235;;
2387 3061 2503 3172 ἀι)
2518 3061 2701 3175 ’ᾗῇ
2715 3061 2741 3063 ⁷⁷
2760 3061 3151 3166 aestima;
3170 3061 3183 3065 θ
3205 3061 3276 3153 τὲ
3292 3061 3664 3168 gains...

273 3190 419 3260 phat
455 3197 651 3246 autem
694 3191 765 3246 ad
807 3192 1001 3263 ipsum
1042 3192 1191 3247 dixit
1243 3194 1311 3247 Et
1332 3210 1606 3263 quaenam
1632 3193 1787 3249 bona
1817 3194 1922 3249 illa

276 3295 412 3349 spes
431 3285 539 3341 est,
563 3280 733 3349 cujus
756 3280 883 3334 ﬁeri
908 3297 1079 3351 posse
1106 3281 1330 3354 negasti
1355 3287 1419 3336 ut
1436 3282 1922 3352 quisquam'citra

276 3365 638 3437 baptismum
676 3384 916 3438 compos
955 3370 1086 3424 ﬂat?
1107 3370 1394 3435 Quidnam
1426 3370 1601 3425 etiam
1628 3371 1774 3426 illud
1807 3378 1914 3433 est,

275 3455 431 3526 quod
451 3455 731 3511 ccelorum
756 3474 1002 3530 regnum
1025 3459 1637 3530 appellas‘mndenam
1656 3461 1796 3515 item
1814 3461 1915 3516 Dei

277 3543 646 3600 humanitate
672 3545 864 3600 induti
904 3547 1080 3602 verba
1100 3547 1411 3603 audivisti?
1430 3550 1677 3614 Quinam
1710 3567 1914 3604 rursus

278 3639 368 3688 est
389 3632 649 3690 incertus
672 3636 846 3690 morti
870 3637 1237 3707 prarstitutus
1272 3638 1419 3705 dies,
1457 3637 1528 3692 de
1556 3655 1669 3709 quo
1704 3639 1914 3711 ingens

273 3722 608 3779 sollicitudo
626 3730 832 3796 pectus
853 3741 1053 3780 meum
1078 3726 1338 3794 subiens,
1364 3728 1714 3783 maeroribus
1727 3744 1793 3783 ac
1806 3727 1912 3783 do-

270 3810 496 3867 loribus
519 3830 728 3870 carnes
752 3831 915 3870 meas
937 3816 1194 3880 conficit,
1222 3826 1397 3886 atque
1421 3816 1565 3872 adeo
1589 3818 1783 3888 ipsum
1815 3834 1908 3872 os-

270 3901 424 3955 sium
441 3901 622 3956 robur
638 3903 830 3958 exest?
846 3905 1108 3975 Denique
1126 3911 1325 3959 utrum
1342 3907 1660 3960 morientes
1678 3907 1738 3960 in
1755 3907 1910 3961 nihi-

268 3989 393 4045 lum
412 3990 753 4059 dilabimur,
777 4009 853 4048 an
884 3998 1092 4049 contra
1120 4000 1619 4065 postpraesentem
1650 3996 1907 4067 peregri-

265 4080 571 4135 nationem
592 4081 711 4137 alia
727 4082 844 4138 vita
864 4088 1164 4155 superest:
1184 4083 1310 4138 haec
1329 4089 1386 4138 et
1400 4084 1492 4138 his
1509 4091 1909 4140 consentanea

266 4183 337 4223 ex
367 4173 423 4223 te
456 4169 605 4224 scire
637 4170 899 4226 avebam.

337 4256 606 4313 Barlaam
628 4258 970 4331 hujusmodi
1000 4277 1350 4333 responsum
1382 4262 1475 4318 his
1495 4263 1686 4319 verbis
1704 4262 1868 4319 dedit
1892 4281 1905 4320 :

264 4347 427 4402 Bona
447 4363 516 4403 ea
547 4364 703 4419 spes,
746 4347 820 4403 de
858 4365 976 4419 qua
1012 4350 1245 4406 locutus
1287 4370 1439 4421 sum,
1464 4355 1627 4424 regni
1651 4353 1906 4408 caalestis

2023 3194 2118 3245 τοῦ
2150 3189 2381 3244 θανάτου
2436 3187 2535 3256 τήν
2593 3186 2949 3261 προθεσμίαν.
3005 3188 3067 3243 Ὀ
3126 3183 3184 3241 δὲ
3241 3186 3467 3262 ’[ωάσαφ
3521 3187 3664 3259 πρὸς

2023 3280 2183 3334 αὐτὸν
2219 3280 2332 3333 είπε
2363 3281 2494 3351 (45)·
2530 3276 2628 3331 Καὶ
2659 3275 2740 3338 τίς
2792 3277 2828 3345 ἡ
2892 3275 3067 3351 ἀγαθὴ
3127 3274 3287 3337 ἐλπὶς
3346 3274 3545 3346 ἐκείνη,
3600 3278 3671 3345 ἧς

2022 3366 2154 3446 ἔφης
2214 3365 2391 3442 χωρὶς
2454 3363 2830 3439 βαπτίσματος
2882 3365 2958 3436 μὴ
3019 3362 3401 3438 ἐπιτυγχάνειν
3433 3383 3447 3432 ς
3478 3364 3564 3425 τίς
3613 3361 3674 3419 δέ

2020 3456 2160 3512 ἐστιν
2192 3457 2359 3527 ἤνπερ
2395 3453 2671 3530 βασιλείαν
2723 3456 2832 3507 τῶν
2888 3452 3130 3527 οὐρανῶν
3184 3451 3485 3514 ἄποκαλεῖς
3519 3479 3534 3521 ς
3564 3453 3671 3506 πό-

2020 3560 2107 3613 θεν
2167 3546 2223 3602 δὲ
2281 3548 2348 3602 τὰ
2393 3550 2490 3601 τοῦ
2539 3545 3055 3620 ἐνανθρωπήσαντος
3113 3548 3250 3599 Θεοῦ
3323 3542 3543 3619 ῥήματα
3603 3542 3669 3598 σὺ

2019 3638 2256 3706 ἀκήκοας
2292 3658 2306 3704 ;
2348 3635 2431 3698 τίς
2463 3633 2519 3691 δὲ
2565 3637 2599 3704 ἡ
2648 3639 2746 3689 τοῦ
2803 3633 3033 3689 θανάτου
3082 3630 3290 3703 ἄδηλος
3322 3631 3666 3715 προθεσμία,

2015 3728 2139 3801 περῖ
2170 3726 2237 3795 ἧς
2273 3726 2510 3800 μέριμνα
2540 3721 2754 3792 πολλῆ,
2800 3725 2869 3796 τῇ
2925 3719 3125 3796 καρδίᾳ
3183 3743 3299 3794 μου
3328 3718 3666 3794 ένσκηψασα,

2015 3817 2065 3871 ἐν
2099 3814 2297 3877 λύπαις
2327 3814 2417 3870 καὶ
2452 3811 2668 3875 ὀδύναις
2730 3810 2939 3882 δαπανᾷ
2988 3832 3094 3883 μου
3138 3810 3237 3871 τὰς
3293 3810 3516 3883 σάρκας,
3569 3809 3665 3864 καὶ

2014 3904 2190 3960 αὐτῶν
2225 3902 2292 3974 δὴ
2324 3908 2432 3959 τῶν
2485 3903 2684 3957 ὀστέων
2742 3903 3097 3968 καθάπτεται,
3150 3898 3240 3954 καὶ
3298 3897 3346 3952 εἰ
3402 3898 3667 3968 τεθνηξό-

2018 4013 2169 4067 μενοι
2202 3992 2278 4054 εὶς
2309 3992 2372 4045 τὸ
2406 3993 2482 4063 μὴ
2516 3989 2573 4045 δν
2610 3987 2954 4062 διαλυθῶμεν
3006 3988 3059 4042 οἱ
3089 3986 3393 4062 ἂνθρωποι,
3422 3985 3458 4054 ἢ
3518 3985 3669 4041 ἐστιν

2012 4079 2157 4148 ἄλλη
2180 4102 2262 4143 τις
2296 4081 2454 4156 βιοτή
2495 4078 2628 4153 μετὰ
2682 4080 2783 4147 τὴν
2833 4076 3073 4141 ἐντεῦθεν
3134 4072 3398 4149 ἐκδημίαν
3435 4093 3449 4144 ;
3480 4076 3664 4132 Ταῦτα

2008 4170 2097 4224 καὶ
2131 4167 2343 4228 τούτοις
2368 4166 2610 4239 ἐπόμτνα
2644 4169 2830 4238 μαθεῖν
2863 4163 3188 4237 ἐπεθύμουν,

2082 4257 2272 4329 60⁸0
2304 4253 2362 4310 δὲ
2417 4252 2691 4330 Βαρλαάμ
2744 4251 2998 4317 τοιαύτας
3050 4251 3267 4313 τούτοις
3325 4248 3504 4306 ἐδίδου
3560 4249 3658 4313 τὰς

2011 4345 2323 4421 ἀποκρίσεις
2384 4346 2514 4417 (46)·
2579 4343 2640 4399 Ἠ
2688 4344 2783 4416 μὲν
2840 4341 3015 4417 ἀγαθή
3077 4337 3259 4409 ἐλπὶς,
3315 4335 3384 4407 ἤν
3438 4336 3650 4414 ε’ίρηκα,

264 4437 462 4493 est.Ea
481 4442 677 4492 autem
697 4443 787 4493 est
807 4438 1369 4510 ejusmodi,utnulla
1385 4441 1627 4496 omnino
1642 4442 1903 4497 humana

2031 4441 2104 4507 ἧς
2139 4432 2418 4512 βασιλείας
2446 4432 2557 4488 ἐστὶ
2586 4436 2693 4488 τῶν
2746 4430 3026 4506 οὐρανῶν
3081 4428 3215 4500 αὕτη
3305 4425 3363 4483 δέ
3420 4426 3642 4504 γλώσσῃ

336 4543 450 4621 (SS)
473 4544 711 4621 gemma
738 4544 1052 4601 metricum
1078 4547 1140 4602 in
1170 4549 1217 4601 Α
1250 4564 1264 4614 ;
1296 4546 1500 4621 Τρίτην
1532 4544 1797 4620 Βαρλαὰμ
1828 4542 1922 4600 διάῖ

2035 4566 2061 4599 ν
2093 4546 2185 4598 νῦν
2222 4539 2409 4617 βλέπε.
2896 4538 2903 4545 ’

331 4613 445 4757 ἔξω»
476 4616 559 4670 Cf.
591 4617 756 4672 Joan.
792 4634 869 4685 ιιι,
903 4621 954 4672 5.

353 4686 443 4751 40)
473 4687 555 4742 Cf.
590 4689 790 4743 Matth.
823 4706 949 4743 xxvn

353 4686 443 4751 40)
473 4687 555 4742 Cf.
590 4689 790 4743 Matth.
823 4704 1017 4756 xxvm,
1052 4693 1135 4745 19.

326 4760 624 4828 (4l)Conf.
653 4777 710 4828 p.
742 4763 831 4823 4-5,
865 4777 925 4815 n.
951 4762 1003 4814 3.

469 4832 532 4910 ρ,
567 4824 834 4910 ἐσῶμεθα,
863 4837 926 4910 e_t_
951 4831 1035 4910 sic
1059 4833 1101 4885 A
1124 4846 1164 4910 _e
1197 4830 1579 4910 correctione.
1612 4829 1884 4910 _F_luctuat
1913 4832 2100 4888 oratio
2127 4831 2284 4910 inter
2312 4826 2708 4910 soloecismum
2740 4830 2797 4881 et
2824 4824 3282 4910 barbarismum.
3352 4890 3372 4910 κ
3424 4889 3436 4910 Ι
3610 4894 3639 4906 _

462 4890 625 4958 Idan.
656 4890 851 4972 lil,v3'1
883 4901 1081 4973 Ἀμήν,
1114 4900 1258 4972 ἀμὴν
1293 4899 1438 4974 λέγω
1471 4921 1576 4954 σοι·
1610 4901 1697 4955 ἐὰν
1728 4904 1805 4975 μή
1835 4923 1921 4964 τις
1950 4904 2181 4978 γεννηθῇ
2212 4900 2433 4973 ἄνωθεν,
2489 4896 2548 4954 οὐ
2594 4894 2814 4955 δύναται
2872 4895 3005 4950 ἰδεῖν
3057 4896 3158 4963 τήν
3223 4890 3499 4968 βασιλείαν
3541 4894 3643 4944 τοῦ

255 4975 390 5024 Θεοῦ

333 5043 443 5127 (fit)
475 5043 534 5107 C,
567 5039 930 5127 ἐπικίνδυνος.
954 5046 1020 5098 In
1046 5043 1682 5127 talibus‘varietatibus
1704 5053 1917 5127 neutru

2031 5046 2368 5127 alarumque
2387 5038 2959 5127 praeferendum3Cf.
2990 5040 3105 5127 2,1.
3140 5053 3267 5110 pag.
3292 5038 3391 5126 '49,
3426 5051 3507 5127 in.
3530 5035 3642 5127 ἑ]

255 5113 415 5195 Notit
468 5131 607 5195 mss.
642 5122 682 5195 t_.
845 5120 927 5195 il,
955 5134 1012 5195 p.
1045 5118 1112 5195 8f.)
1146 5134 1159 5181 ;
1193 5117 1406 5195 notula.
1429 5117 1896 5195 ad_Plutum.203.

2033 5120 2090 5195 _V.
2126 5134 2236 5195 pag
2271 5113 2282 5115 “
2306 5113 2814 5195 2_6£._Charito31ii_,
2847 5113 2927 5195 2.:
2991 5113 3638 5195 Εὗκαςλφρόνηξρνῗξτῖι

254 5184 389 5266 γωτή
422 5185 560 5254 πὸνη
592 5186 682 5239 καὶ
713 5187 854 5277 sivi};
883 5179 972 5277 ibi.
999 5188 1099 5277 qui
1123 5179 1446 5276 proposuit,
1477 5188 1922 5277 εὐκαταφρόνητοι

2031 5189 2080 5242 ἱι·
2109 5179 2165 5243 d.
2203 5179 2619 5277 Vconjecturam
2642 5184 2803 5274 ’fecit
2849 5179 3639 5277 εύκαταφρένητονὶιρὶιοιίξις,

2219 5259 2232 5277 \
2295 5257 2308 5269 '
2390 5254 2408 5277 ἶ
2535 5275 2546 5277 ,
2612 5276 2621 5277 κ
2668 5258 2866 5277 ,.,_,‘.,,-A
2910 5273 3067 5277 ,_,_-,,
3133 5271 3258 5277 __-.-
3378 5265 3525 5277 Anon
3580 5263 3639 5277 nn

257 5256 429 5327 epist.
456 5274 494 5320 ι,
525 5261 552 5327 §

580 5261 646 5313 35
681 5249 1049 5333 ε’Ταχυλογία
1077 5249 1177 5331 γᾶίρ
1208 5249 1259 5312 ἐν
1296 5261 1389 5329 μὲν
1423 5249 1795 5333 ἀγωκιιστικαῖς
1830 5249 2092 5333 διαλέξεσι
2150 5259 2235 5312 καὶ
2262 5249 2548 5333 -ἁμίλλαις
2606 5249 3278 5333 ερκατᾲφρρνῃξοῦξξῖςωςο
3323 5249 3643 5333 Μθηξὶηάςν

257 5316 562 5425 Ᾰρτηῖεοςαῖ⁸
592 5316 1233 5425 Εὶύκατὲιφρόνῆτόνῖστι,
1270 5316 1490 5405 [εοργίαξ
1518 5331 1709 5402 πένης.
1741 5316 1921 5387 Plene

2031 5332 2234 5386 cianus
2259 5316 2332 5385 D.‘
2357 5331 2428 5384 M.
2486 5329 2662 5397 x1v,3
2699 5344 2710 5382 :
2744 5316 3039 5407 σις”ινδὶῑιν
3080 5321 3362 5407 ἐλέφαντες
3420 5316 3640 5372 οὐκεῦ-

818 5385 829 5405 1

254 5396 665 5476 καταφρᾷνητόν
694 5421 747 5455 τι
773 5396 947 5476 ἔργον.

351 5470 441 5544 45)
470 5470 709 5532 Lemma
736 5470 1049 5531 metricum
1080 5474 1142 5531 in
1167 5476 1216 5532 Α
1250 5490 1264 5529 :
1287 5474 1581 5547 Ζητήματα
1609 5470 1917 5547 πάμπολλα

2031 5477 2041 5527 ἱ
2070 5470 2321 5547 diuidua.

351 5474 440 5544 45)
470 5474 709 5532 Lemma
736 5474 1049 5531 metricum
1080 5474 1142 5531 in
1167 5476 1216 5532 Α
1250 5474 1581 5546 τΖητήματα
1609 5474 1917 5546 πάμπολλα

331 5474 446 5621 ξω)
477 5548 717 5606 Lemma
734 5548 1050 5607 metricum
1079 5547 1143 5606 in
1171 5548 1221 5604 Α
1253 5545 1391 5605 τῐίαὶ
1416 5546 1515 5617 τὴν
1544 5546 1807 5623 τετάρτην
1837 5543 1922 5603 διδ

2031 5477 2041 5527 ἱ
2070 5474 2321 5547 Ἰωάσαφ.

2031 5565 2070 5618 ιν
2101 5543 2304 5625 ἐνταῦθ’
2334 5539 2454 5619 ὅρα.
