4042 6154
272 244 380 304 923
1780 238 2147 306 ADDENDA.
3551 220 3662 298 924

274 372 549 443 superius
570 372 712 439 dixi,
741 371 897 443 quod
930 372 1190 429 Salvator
1219 378 1421 430 noster
1450 375 1713 430 Christus
1736 374 1908 429 disci-

2048 374 2118 439 κήν
2167 368 2378 441 ἔνδοξον
2435 373 2530 425 τοῦ
2588 367 2857 424 Δεσπότου
2890 365 2966 430 εἲς
2999 363 3263 442 οὐρανοὺς
3318 361 3505 420 ἄνοδον
3561 373 3663 436 τῆς

2088 460 2100 474 ι
2174 468 2200 474 .-
2281 463 2290 474 ι
2310 460 2324 474 α
2402 463 2428 474 υ
2549 458 2568 474 \
2677 458 2688 474 Ι
2875 457 2886 474 ο
3091 453 3113 474 ᾗ
3148 454 3171 474 ἢ
3318 456 3335 474 Ἴ
3361 456 3370 473 ο
3540 454 3553 474 9
3633 459 3658 470 ε’

281 461 453 531 pulos
485 467 544 517 et
572 462 871 533 apostolos
905 462 1164 526 elegerit.
1190 466 1295 529 Qui
1328 465 1565 534 quidem
1593 463 1761 519 nobis
1785 467 1915 535 post

2048 460 2103 516 πὶ
2132 468 2233 531 γῆς
2266 460 2431 515 αὐτοῦ
2471 458 2775 523 πολιτείας,
2830 457 2921 521 τάς
2975 478 3033 511 τε
3088 453 3437 516 διδασκαλίας
3496 454 3662 510 αὐτοῦ

280 550 595 621 gloriosam
621 550 716 604 Dei
740 551 799 604 in
824 551 1445 608 ccelosascensionem.
1471 554 1655 624 ipsius
1679 554 1738 607 in
1764 559 1917 607 terra

2051 548 2104 602 αὶ
2160 548 2226 602 τὰ
2281 546 2548 621 θαύματα,
2605 547 2740 602 κατᾶ
2794 547 2855 601 τὸ
2909 546 3191 621 ἐγχωροῦν
3241 547 3422 618 γραφῇ
3477 564 3660 617 παρα-

280 639 412 692 vitae
442 638 751 701 rationem,
778 646 835 693 et
855 640 1185 696 doctrinam
1208 658 1273 696 ac
1297 643 1599 697 miracula.
1631 648 1916 712 quantum

283 726 354 782 ab
388 727 727 782 hominibus
760 729 1022 798 praestari
1064 736 1313 799 poterat,
1344 731 1674 785 litterarum
1708 746 1920 784 monu-

284 815 503 870 mentis
534 816 913 870 mandarunt.
951 817 1041 870 Sic
1065 819 1280 872 etenim
1309 820 1367 874 in
1392 824 1651 875 extrema
1671 818 1803 874 libri
1830 819 1920 873 sui

285 908 451 974 parte
482 904 729 958 eximius
762 904 861 958 ille
883 905 1037 959 inter
1066 906 1293 961 divinos
1324 908 1712 976 evangelistas
1735 908 1918 962 dixit:

288 991 435 1046 Sunt
451 998 510 1045 et
537 992 653 1045 alia
674 991 879 1058 multa,
900 1009 1031 1062 quae
1054 993 1193 1049 fecit
1211 996 1397 1062 Iesus,
1423 1012 1553 1065 quae
1578 996 1625 1050 si
1658 997 1920 1051 scriban-

286 1085 382 1134 tur
402 1097 507 1151 per
526 1080 775 1151 singula,
800 1097 907 1135 nec
930 1082 1122 1151 ipsum
1142 1083 1394 1138 arbitror
1407 1084 1693 1139 mundum
1708 1101 1807 1139 eos
1823 1084 1922 1155 qui

294 1166 593 1223 scribendi
618 1174 758 1223 sunt
777 1185 984 1240 capere
1016 1187 1187 1240 posse
1217 1171 1400 1226 libros
1430 1174 1608 1241 (Joan.
1641 1178 1779 1243 χχι).

359 1258 424 1310 In
451 1258 561 1311 hoc
594 1258 769 1329 igitur
807 1257 1004 1313 divino
1046 1261 1380 1331 Evangelio,
1404 1268 1523 1314 tum
1567 1262 1926 1317 incarnatio-

292 1344 408 1407 nis,
454 1350 573 1398 tum
631 1345 1077 1415 declarationis,
1131 1354 1254 1403 tum
1304 1350 1753 1417 miraculorum,
1800 1358 1921 1405 tum

291 1444 719 1507 praceptorum
753 1438 941 1508 ipsius
975 1440 1238 1495 historia.
1272 1443 1370 1496 Dei
1430 1443 1636 1513 spiritu
1691 1448 1927 1497 exarata

293 1526 649 1580 continetur.
683 1529 763 1581 Ac
795 1526 1007 1582 deinde
1041 1530 1289 1600 supplici
1315 1530 1474 1585 illius
1505 1532 1576 1585 ab
1614 1532 1771 1586 omni
1797 1531 1927 1586 labe

293 1615 526 1681 remoti,
551 1616 707 1684 quod
733 1616 1017 1671 Dominus
1043 1625 1245 1673 nostra
1266 1636 1441 1673 causa
1463 1621 1661 1681 subiit.
1688 1627 1929 1675 sanctae-

2021 634 2407 694 δοῦναι.οὕτω
2436 638 2534 710 γὰρ
2591 637 2724 711 πρὸς
2778 641 2858 708 τῷ
2905 634 3047 690 τέλει
3103 638 3198 687 τοῦ
3255 631 3425 706 λόγου
3456 634 3484 687 ὁ
3518 632 3664 703 ἐξαί-

2023 748 2176 801 ρετος
2208 731 2314 780 τῶν
2369 727 2523 790 θείων
2578 725 2791 779 ἐκείνων
2854 722 3245 799 εὐαγγέλιστῶν
3280 724 3392 794 (55)
3425 720 3660 795 εἴρηκεν·

2020 816 2196 883 Ἔστι,
2228 816 2382 892 φησί,
2413 813 2505 868 λαὶ
2543 810 2687 868 ἄλλα
2715 809 2901 867 πολλὰ
2943 811 3040 866 ὅσα
3089 809 3334 880 ἐποίησεν
3369 815 3397 864 ὸ
3426 811 3664 881 Ἰησοῦς,

2022 906 2175 960 ἅτινα
2206 905 2293 959 ἐὰν
2332 905 2602 981 γράφηται
2662 906 2780 967 καθ’
2834 900 2910 960 ἓν.
2967 900 3093 956 οὐδὲ
3151 900 3308 956 αὐτὸν
3372 902 3524 974 οἶμαι
3568 900 3662 956 τὸν

2021 994 2227 1067 κόσμον
2259 1001 2511 1069 χωρῆσαι
2543 993 2609 1048 τὰ
2635 993 2952 1069 γραφόμενα
2986 985 3198 1067 βιϐλία.

2094 1265 2184 1319 Ἐν
2212 1261 2391 1335 τούτῳ
2435 1262 2524 1315 οὗν
2580 1265 2658 1333 τῷ
2698 1259 2956 1332 θειοτάτῳ
3008 1255 3325 1334 Εὖαγγελίῳ
3382 1254 3672 1336 ἒμφέρεται

2024 1354 2124 1418 τῆς
2146 1372 2203 1406 τε
2242 1351 2585 1425 σαρκώσεως,
2642 1355 2741 1417 τῆς
2799 1370 2857 1403 τε
2914 1345 3248 1420 ἀναδείξεως,
3278 1351 3387 1401 τῶν
3419 1368 3477 1401 τε
3536 1359 3671 1410 θαυ-

2032 1460 2180 1512 ματι,
2234 1443 2341 1493 τῶν
2399 1459 2457 1493 τε
2514 1436 2843 1511 πραγμάτων
2894 1436 3077 1505 αὐτοῦ,
3133 1439 3168 1506 ἡ
3229 1434 3441 1510 ἱστορία
3499 1434 3671 1490 Πνεό-

2034 1547 2159 1598 ματι
2189 1529 2322 1580 Θεοῦ
2357 1526 2735 1601 γεγραμμένη,
2770 1521 2953 1578 ἔπειτα
2983 1522 3072 1577 καὶ
3129 1524 3249 1596 περὶ
3310 1527 3407 1577 τοῦ
3463 1521 3672 1598 ἀχράν-

2030 1636 2123 1669 του
2183 1616 2386 1678 πάθους
2444 1614 2608 1689 οὗπερ
2670 1614 2920 1686 ὑπέμεινε
2950 1609 3020 1667 δι’
3049 1613 3197 1686 ἡμᾶς
3250 1613 3277 1666 ὁ
3318 1610 3544 1686 Κύριος,
3575 1618 3677 1681 τῆς

296 1718 409 1773 que
445 1702 639 1758 triduo
675 1711 809 1775 post
837 1707 1310 1770 resurrectionis,
1340 1714 1515 1778 atque
1546 1710 1606 1763 in
1629 1710 1805 1764 ccelos
1828 1726 1920 1763 as-

2048 1726 2089 1759 ιε
2119 1705 2275 1779 ἁγίας
2324 1706 2413 1759 καὶ
2460 1704 2763 1777 τριημέρου
2822 1702 3100 1777 ἐγὲρσεως,
3152 1701 3245 1756 καὶ
3303 1708 3400 1771 τῆς
3458 1701 3546 1792 εἷςΔ
3583 1700 3677 1755 οὗ·

296 1791 617 1856 censionis,
653 1809 719 1848 ac
751 1794 1006 1865 denique
1036 1795 1284 1851 illustris
1316 1814 1381 1852 ac
1412 1798 1712 1853 metuendi
1744 1798 1929 1869 ipsius

301 1880 543 1934 secundi
567 1882 849 1937 adventus
872 1885 1094 1939 mentio
1109 1885 1371 1940 habetur.
1386 1890 1634 1942 Rursum
1654 1889 1812 1942 enim
1833 1886 1934 1943 Dei

296 1969 479 2025 Filius
493 1988 622 2025 cum
642 1972 849 2041 gloria,
873 1975 1030 2028 omni
1061 1992 1332 2030 sermone
1349 1979 1742 2047 praestantiori
1761 1985 1935 2049 atque

300 2057 523 2129 ingenti
547 2061 801 2115 caelestis
827 2061 1051 2117 militiae
1076 2066 1454 2121 multitudine
1478 2068 1537 2122 in
1562 2074 1777 2123 terram
1800 2086 1940 2124 ven-

302 2150 469 2199 turus
492 2153 598 2212 cst,
630 2154 697 2201 ut
727 2149 798 2204 de
830 2151 1167 2205 mortalium
1216 2170 1427 2224 genere
1460 2157 1813 2211 sententiam
1854 2157 1941 2211 fe—

301 2238 414 2300 rat,
443 2240 618 2303 atque
650 2236 969 2307 unicuique
1020 2257 1123 2309 pro
1184 2256 1249 2295 eo
1308 2258 1374 2296 ac
1425 2245 1624 2315 gessit.
1657 2244 1943 2315 rependat

304 2323 480 2392 (Lucae
533 2327 665 2379 xxxi.
691 2325 920 2379 Etenim
946 2344 1077 2381 cum
1111 2330 1261 2383 Deus
1313 2330 1615 2386 hominem
1660 2332 1731 2388 ab
1772 2333 1939 2387 initio

317 2410 645 2466 efﬁnxisset
667 2428 863 2483 lquem
877 2415 1194 2472 admodum
1211 2418 1385 2474 etiam
1401 2418 1525 2490 jam
1550 2421 1653 2475 tibi
1678 2422 1940 2494 exposui)

316 2497 642 2555 insufﬂavit
673 2502 731 2555 in
765 2519 811 2557 ex
840 2519 897 2557 m
922 2505 1278 2574 spiraculum
1317 2508 1446 2563 vitae
1497 2511 1648 2575 (Gen.
1698 2511 1778 2582 ιι),
1813 2528 1941 2581 quae

308 2588 548 2657 quidem
569 2590 767 2645 anima
778 2592 1023 2647 rationis
1038 2601 1213 2664 atque
1228 2597 1635 2652 intelligentia:
1651 2600 1945 2671 particeps

311 2677 663 2748 appellatur.
690 2679 975 2744 Quoniam
1000 2689 1197 2737 autem
1223 2692 1407 2740 morte
1431 2686 1691 2741 damnati
1715 2705 1942 2753 sumus,

310 2765 586 2820 omnibus
605 2766 774 2821 nobis
798 2770 945 2823 mori
971 2786 1214 2825 necesse
1238 2780 1357 2840 est;
1384 2792 1492 2828 nec
1518 2776 1643 2829 fieri
1668 2783 1859 2846 potest
1883 2782 1948 2831 ut

310 2854 407 2908 hic
444 2855 593 2907 calix
627 2856 925 2910 hominem
960 2859 1148 2913 ullum
1182 2867 1509 2931 praetereat.
1547 2865 1702 2918 Nihil
1749 2873 1945 2920 autem

308 2946 397 2995 est
426 2942 581 2995 aliud
605 2959 764 2998 mors
787 2962 960 3015 quam
986 2948 1166 3002 animi
1200 2952 1841 3023 acorporedisjunctio.
1868 2957 1947 3010 Ac

312 3029 550 3099 quidem
592 3032 738 3086 illud
796 3050 1027 3105 corpus,
1079 3038 1234 3107 quod
1262 3046 1479 3095 eterra
1538 3041 1797 3097 efﬁctum
1830 3050 1938 3107 est,

310 3124 693 3189 posteaquam
718 3121 786 3175 ab
801 3125 998 3177 animo
1028 3128 1360 3194 sejunctum
1386 3135 1492 3193 est,
1521 3130 1581 3184 in
1608 3137 1845 3198 terram,
1870 3149 1942 3187 ex

313 3225 429 3278 qua
463 3216 761 3283 sumptum
790 3214 1003 3281 fuerat,
1028 3218 1359 3287 revertitur,
1385 3238 1450 3274 ac
1473 3230 1811 3294 corruptum
1837 3223 1952 3278 dis-

313 3296 558 3351 solvitur
587 3302 737 3367 (Gen.
772 3319 873 3367 Ill;
902 3306 1066 3359 Eccli.
1093 3315 1191 3370 ιιι).
1226 3308 1439 3364 Anima
1470 3318 1664 3366 autem
1709 3312 1947 3366 immor-

318 3384 455 3440 talis
487 3404 618 3441 cum
644 3389 740 3453 sit,
775 3406 838 3444 eo
864 3394 1273 3461 proﬁciscetur
1298 3415 1411 3468 quo
1445 3416 1711 3454 summus
1751 3401 1850 3455 ille
1874 3401 1951 3456 ef-

315 3473 502 3528 fector
522 3475 792 3547 imperat,
826 3480 935 3547 vel,
966 3488 1029 3535 ut
1053 3485 1268 3539 rectius
1300 3486 1528 3557 loquar,
1558 3488 1948 3559 quemadmo-

317 3562 455 3618 dum
485 3564 612 3637 ipsa
635 3566 769 3636 sibi,
796 3586 929 3625 cum
954 3573 1144 3628 adhuc
1168 3575 1227 3628 in
1250 3592 1424 3632 carne
1442 3586 1790 3645 versaretur,
1815 3581 1950 3635 hos-

318 3652 529 3723 pitium
561 3660 928 3729 praeparavit.
965 3662 1035 3715 Ut
1064 3664 1222 3717 enim
1254 3667 1504 3738 quisque
1535 3668 1662 3723 vitae
1706 3686 1952 3725 munere

320 3741 416 3798 hic
442 3743 676 3801 functus
702 3747 899 3820 fuerit,
934 3750 1056 3806 illic
1088 3761 1431 3824 recepturus
1455 3763 1561 3813 est.

391 3832 654 3905 Denique
714 3838 994 3894 confectis
1026 3840 1215 3913 longis
1258 3849 1587 3916 temporum
1619 3848 1951 3916 curriculis,

323 3919 476 3976 Deus
506 3930 707 3977 noster
730 3940 861 3980 cum
892 3930 1209 3985 metuenda
1227 3939 1282 3985 et
1300 3936 1590 3990 sermonis
1614 3937 1953 3991 facultatem

326 4018 639 4081 superante
661 4014 847 4086 gloria
877 4016 948 4071 ad
965 4018 1255 4088 judicium
1280 4021 1350 4075 de
1374 4023 1511 4077 orbe
1535 4024 1841 4080 ferendum
1864 4044 1956 4081 ve-

321 4099 463 4152 niet.
488 4101 666 4169 Cujus
699 4111 857 4159 metu
889 4106 1168 4161 caelorum
1202 4110 1444 4165 virtutes
1492 4114 1954 4169 commovebun-

321 4192 435 4252 tur,
462 4194 637 4258 atque
655 4193 849 4247 omnis
870 4196 1211 4265 angelorum
1239 4200 1529 4256 exercitus
1555 4208 1807 4257 tremore
1830 4220 1955 4258 cor-

323 4282 527 4347 reptus
558 4295 753 4334 coram
780 4281 909 4353 ipso
931 4286 1145 4339 astabit
1165 4290 1297 4349 (Lue
1322 4294 1431 4359 xxx)
1462 4306 1475 4343 :
1511 4296 1633 4345 tum
1668 4292 1956 4359 videlicet,

2040 1792 2237 1869 pavoiiq
2267 1792 2480 1862 ἀνόδου,
2510 1793 2645 1865 πρὸς
2680 1789 2735 1845 δὲ
2766 1791 2853 1846 καὶ
2883 1798 2983 1860 τῆς
3038 1788 3253 1861 ἐνδόξου
3300 1792 3389 1846 καὶ
3443 1786 3679 1867 φοϐερᾶς

2039 1881 2203 1937 αὐτοῦ
2225 1880 2471 1955 δευτέρας
2519 1880 2831 1956 παρουσίας.
2877 1879 3085 1937 Μέλλει
3141 1880 3240 1954 γὰρ
3299 1878 3464 1933 πάλιν
3499 1879 3679 1941 ὁΥἱὸς

2039 1975 2138 2025 τοῦ
2188 1974 2318 2025 Θεοῦ
2377 1969 2549 2025 ἐλθεῖν
2598 1969 2684 2024 ἐπὶ
2740 1976 2840 2038 τῆς
2897 1972 3021 2044 γῆς,
3059 1970 3192 2042 μετὰ
3224 1969 3383 2038 δόξης
3443 1966 3686 2043 ἁρῥήτου

2042 2059 2131 2115 καὶ
2182 2057 2427 2130 πλήθους
2482 2066 2583 2128 τῆς
2643 2057 2895 2133 οὐρανίου
2955 2063 3203 2133 στρατιᾶς
3256 2062 3385 2129 (56),
3416 2063 3592 2132 κρῖναι
3622 2054 3687 2110 τὸ

2044 2147 2200 2224 γένος
2257 2150 2416 2221 ἡμῶν
2471 2148 2559 2202 καὶ
2620 2144 2914 2201 ἀποδοῦναι
2992 2146 3200 2218 ἑκάστῳ
3256 2146 3389 2200 κατᾶ
3441 2145 3508 2200 τὰ
3552 2140 3688 2220 ἔργα

2046 2240 2216 2293 αὐτοῦ
2246 2239 2359 2309 (57)
2412 2237 2516 2291 Τὸν
2539 2234 2637 2312 γὰρ
2662 2233 2943 2309 ἄνθρωπον
2973 2233 3026 2305 ἐξ
3056 2236 3239 2309 ἀρχῆς
3270 2235 3297 2288 ὁ
3324 2234 3451 2295 Θεὸς
3482 2231 3539 2287 ἐκ
3570 2237 3683 2306 (58)

2045 2335 2146 2401 γῆς
2202 2325 2521 2396 διαπλάσας,
2555 2324 2692 2389 καθᾶ
2748 2323 2813 2392 δὴ
2872 2323 2959 2378 καὶ
3017 2318 3311 2395 προλαϐὼν
3371 2322 3514 2376 εἶπόν
3572 2344 3685 2392 σοι,

2048 2415 2365 2494 ἐνεφύσησεν
2401 2414 2477 2475 εἷς
2537 2413 2693 2468 αὐτὸν
2751 2416 2919 2483 πνοὴν
2950 2418 3081 2485 (59),
3112 2411 3233 2483 ἥτις
3292 2413 3444 2486 ψυχὴ
3477 2409 3676 2486 λογική

2049 2529 2105 2562 τε
2157 2509 2257 2563 63
2315 2505 2401 2559 καὶ
2462 2504 2620 2578 νοερᾶ
2679 2503 3157 2579 προσαγορεύεται’
3217 2500 3330 2556 ἐπεὶ
3377 2499 3433 2555 δὲ
3462 2504 3685 2565 θάνατον

2046 2596 2460 2670 κατεκρίθημεν,
2521 2592 2931 2665 ἀποθνήσκομεν
2991 2594 3215 2657 πάντες,
3272 2590 3363 2644 καὶ
3423 2589 3522 2645 οὐκ
3576 2585 3689 2646 ἔστι

2047 2686 2111 2742 τὸ
2167 2686 2432 2758 ποτήριον
2489 2686 2650 2737 τοῦτο
2698 2703 2817 2735 τινα
2870 2685 2979 2735 τῶν
3029 2681 3328 2755 ἀνθρώπων
3408 2677 3687 2754 παραδρα-

2054 2781 2172 2850 μεῖν
2200 2780 2333 2841 (60)⁶
2390 2772 2499 2828 ἔστι
2559 2770 2926 2835 δέὁθάνατος
2982 2775 3096 2843 (61)
3154 2771 3441 2845 χωρισμὸς
3500 2773 3688 2845 ψυχῆς

2052 2865 2280 2922 ἀπὸτοῦ
2312 2863 2583 2934 σώματος.
2637 2861 2846 2917 Ἐκεῖνο
2904 2861 2996 2932 μὲν
3057 2858 3148 2915 οὖν
3205 2859 3265 2914 τὸ
3298 2858 3357 2914 ἐκ
3411 2865 3511 2933 γῆς
3569 2857 3687 2913 δια-

2052 2951 2289 3008 πλασθὲν
2340 2956 2517 3024 σῶμα,
2579 2949 2858 3024 χωρισθήν
2918 2955 3016 3017 τῆς
3066 2952 3272 3022 ψυχῆς,
3308 2948 3384 3009 εἷς
3416 2955 3518 3022 γῆν
3551 2948 3689 3002 ὑπο-

2058 3043 2267 3114 στρέφει
2301 3039 2352 3110 ἐξ
2381 3040 2554 3110 ἧσπερ
2610 3036 2700 3092 καὶ
2751 3037 2965 3115 ἐλήφθη
3025 3040 3136 3107 (6'2)
3192 3035 3281 3091 καὶ
3330 3036 3682 3112 φθειρόμενον

2058 3129 2332 3186 διαλύεται
2369 3148 2381 3161 ⁸
2440 3131 2475 3197 ἡ
2536 3125 2593 3181 δὲ
2648 3126 2821 3200 ψυχὴ.
2884 3126 3142 3189 ἀθάνατος
3194 3123 3343 3193 οὖσα,
3398 3122 3680 3190 πορεύεται

2054 3216 2177 3282 ἔνθα
2205 3215 2413 3272 κελεύει
2447 3217 2475 3270 ὁ
2508 3215 2880 3288 Δημιουργὸς⁹
2944 3212 3153 3287 μᾶλλον
3205 3211 3262 3268 δὲ
3319 3211 3493 3276 καθὼς
3546 3211 3686 3280 αὐτὴ

2052 3304 2460 3381 προητοίμασεν
2519 3304 2682 3377 ἓαυτῇ
2741 3301 3030 3374 κατάλυμα
3086 3296 3162 3356 ἔτι
3193 3302 3271 3372 τῷ
3304 3300 3507 3377 σαρκίῳ
3564 3322 3689 3354 συν-

2056 3400 2208 3451 οῦσα.
2244 3394 2430 3455 Καθὼς
2474 3394 2575 3469 γὰρ
2630 3414 2714 3456 τις
2764 3390 3155 3463 πολιτεόσηται
3217 3391 3461 3461 ἐνταῦθα,
3497 3386 3694 3463 μέλλει

2054 3475 2318 3555 ἀπολαμϐ
2326 3482 2463 3537 ἀνειν
2498 3480 2718 3545 ἐκεῖθεν.

2129 3840 2261 3898 Εἶτα
2316 3839 2449 3914 μετᾶ
2503 3838 2793 3904 πλείστους
2846 3838 3080 3915 χρόνους
3128 3834 3399 3894 ἐλεύσεται
3458 3839 3696 3912 Χριστὸς

2060 3933 2087 3987 ὁ
2121 3931 2248 3993 Θεὸς
2286 3934 2447 4004 ἡμῶν
2490 3935 2662 4005 κρῖναι
2718 3930 2809 3984 τὸν
2868 3929 3071 4002 κόσμον
3106 3927 3158 3983 ἐν
3192 3925 3317 4001 δόξῃ
3373 3926 3580 4003 φοϐερᾷ
3607 3928 3699 3982 καὶ

2062 4018 2459 4095 ἀνεκδιηγήτῳ,
2494 4019 2554 4074 οὗ
2610 4020 2688 4091 τῷ
2738 4014 2894 4096 φόϐῳ
2926 4019 2979 4071 αὶ
3011 4015 3266 4091 δυνάμεις
3297 4020 3402 4071 τῶν
3455 4016 3701 4088 οὐρανῶν

2063 4108 2486 4179 σαλευθήσονται
2547 4109 2708 4182 (63),
2766 4107 2855 4161 καὶ
2932 4110 3094 4160 πᾶσαι
3181 4106 3233 4159 αἱ
3295 4104 3536 4179 στρατιαὶ
3593 4108 3704 4159 τῶν

2064 4198 2308 4273 ἀγγέλων
2366 4198 2558 4270 τρόμῳ
2613 4197 2962 4271 παρίστανται
3023 4194 3246 4249 ἐνώπιον
3322 4193 3485 4249 αὐτοῦ
3544 4198 3657 4263 (64)
3690 4233 3705 4248 .

2062 4288 2192 4341 Τότε
2222 4285 2273 4341 ἐν
2308 4291 2460 4362 φωνῇ
2492 4285 2843 4361 ἀρχαγγέλου
2873 4284 2961 4339 καὶ
2994 4283 3044 4338 ἐν
3096 4281 3351 4359 σάλπιγγι
3396 4287 3527 4338 Θεοῦ
3577 4280 3708 4339 ἂνα-

325 4379 460 4419 cum
493 4365 554 4420 in
587 4368 923 4442 archangeli
951 4390 1088 4429 voce
1118 4392 1184 4429 ac
1217 4376 1411 4432 divina
1460 4378 1597 4433 tuba
1639 4381 1855 4434 mortui
1888 4399 1938 4436 at

2068 4377 2351 4444 στήσονται
2410 4376 2462 4429 οἱ
2519 4374 2699 4449 νεκροὶ
2759 4378 2867 4445 (65)
2903 4417 2919 4444 ,
3000 4374 3089 4428 καὶ
3136 4375 3570 4449 παραστήσονται
3627 4376 3708 4442 τῷ

327 4451 502 4508 vitam
527 4454 908 4527 redibunt,ac
929 4464 1235 4519 tremendo
1251 4464 1435 4535 ipsius
1453 4467 1661 4522 throno
1687 4469 1934 4523 sistentu

2075 4459 2292 4539 φοϐερῷ
2351 4464 2516 4519 αὐτοῦ
2582 4444 2779 4537 θρόνῳ.
2839 4444 2993 4519 ’Ἐστι
3051 4459 3108 4517 δὶ
3152 4444 3528 4530 ἡῖνάστασις
3584 4481 3706 4515 συν-

540 4636 791 4693 Joannes
820 4638 1109 4696 videlicet.

419 4709 504 4758 56)
536 4710 736 4758 Matth.
772 4728 876 4758 xxv
932 4713 986 4758 31
1032 4729 1043 4758 ε
1078 4713 1109 4758 Ἷ

419 4709 504 4790 ὃς)
536 4710 736 4794 Matth.
770 4728 895 4771 xxv.
1031 4729 1044 4767 :
1078 4712 1239 4767 Ὂταν
1270 4708 1326 4765 δὲ
1381 4708 1513 4788 ἔλθῃ
1548 4716 1576 4769 ὁ
1607 4715 1730 4779 Υἱὸς
1781 4721 1878 4772 τοῦ
1934 4745 1938 4769 ‹

2048 4718 2221 4773 ιώπου
2280 4716 2330 4773 ἐν
2382 4720 2451 4791 τῇ
2511 4713 2636 4790 δόξῃ
2666 4715 2855 4790 αὐτοῦ,
2885 4712 2975 4769 καὶ
3005 4711 3199 4777 πάντες
3233 4713 3283 4768 oi
3314 4710 3532 4790 ἄγγελοι
3593 4714 3711 4787 μετ’

326 4776 512 4832 αὐτοῦ.
547 4778 627 4833 Cf.
661 4780 795 4834 Luc.
829 4797 886 4846 ιι,
924 4784 1010 4840 13.

400 4850 509 4917 (57)
541 4850 704 4903 Cont‘.
829 4853 915 4917 35,
948 4869 1007 4906 n.
1041 4855 1091 4907 4.

402 4920 507 4971 (58)
536 4922 601 4971 Α.
636 4918 720 4971 ἐστ
755 4962 767 4971 .
798 4922 1082 4971 Scholiast

402 4920 507 4986 (58)
536 4922 601 4981 Α,
636 4918 767 4974 ἐστί.

325 4986 507 5136 hil-ie)
538 5060 703 5136 conf.
737 5079 794 5131 p.
828 5064 919 5136 ιδ,
951 5082 1009 5120 n.
1044 5069 1093 5122 2.

333 5196 486 5271 ἐμοῦ.

798 4910 1152 4981 δοιιοιίειειθε
1178 4930 1316 4984 Nub.
1353 4932 1451 4986 159
1478 4948 1490 4986 :
1520 4928 1620 4986 Καὶ
1650 4929 1749 5007 γὰρ
1806 4928 1938 4989 iam

2064 4936 2174 4990 τῶν
2204 4933 2455 5009 τεττίγων
2486 4932 2646 4988 τοῦτο
2676 4928 2765 4986 καὶ
2797 4933 2901 4986 τῶν
2964 4922 3269 5004 ὲγκελάδων
3302 4922 3452 4983 ἷδεῖν.
3488 4928 3710 4986 Forsan

406 5132 514 5221 (ρο)
546 5131 833 5202 Respectu
864 5131 938 5190 ad
969 5137 1141 5193 verba
1167 5139 1378 5197 Christi
1413 5146 1567 5217 apud
1609 5150 1806 5206 Matth.
1864 5167 1937 5206 xx

2048 5153 2111 5206 42
2144 5168 2157 5207 :
2215 5146 2283 5206 Ei
2312 5146 2373 5204 οὗ
2406 5144 2622 5205 δόναται
2653 5150 2819 5204 τοῦτο
2870 5142 2933 5202 τὸ
2978 5142 3242 5221 ποτήριον
3294 5136 3583 5220 παρελθεῖν
3618 5142 3711 5198 ἀπ’

547 5273 785 5366 ξοπιωᾶ
814 5277 1125 5366 metris-um
1155 5281 1305 5366 in_A.
1331 5302 1343 5340 :
1375 5287 1435 5345 Ὁ
1465 5286 1688 5366 θανατος
1717 5291 1773 5366 τί
1800 5290 1847 5347 δ’
1876 5292 1938 5366 to

2050 5289 2231 5366 Maiis
2266 5290 2453 5366 aen.

430 5346 519 5441 233
546 5345 665 5441 93’}
715 5363 805 5441 1‘12
842 5352 949 5441 ίὲηε
983 5351 1124 5414 Ἕως
1152 5358 1248 5409 τοῦ
1280 5354 1610 5437 ἀποστρέψαι
1642 5345 1700 5418 σέ
1732 5345 2245 5441 ὲῐξτῆνῆῆῆἐξῆς
2266 5345 2543 5440 ἶλόῧης.

406 5416 515 5483 (63)
548 5416 682 5473 Luc.
713 5435 828 5484 xxx,
862 5423 946 5477 26.

426 5488 516 5557 64)
542 5486 675 5542 Luc.
710 5507 747 5556 ι,
781 5493 863 5545 19.

403 5487 511 5635 €65)
540 5562 722 5635 Epist.
755 5565 830 5623 ad
857 5565 863 5581 ‘

424 5561 511 5636 65)
540 5562 722 5637 Epist.
755 5565 830 5623 ad
857 5564 1116 5623 Thessal.
1145 5584 1221 5645 iv,
1253 5575 1340 5633 l6.
