4042 6154
403 307 516 364 925

1588 320 1761 373 νιΤΑ
1798 317 2147 374 BABLAAM
2183 321 2276 374 ET
2309 319 2648 376 JOASAPH.

3686 321 3794 378 926

405 424 565 503 άφεια
595 426 707 498 (66)
735 421 902 482 πάλιν
932 427 1117 502 ψυχῆς
1172 447 1231 484 τε
1286 429 1376 484 καὶ
1427 431 1702 503 σώματος.
1761 433 1906 489 Αὐτὸ
1963 432 2053 489 οῦν

2168 437 2220 506 (I
2249 437 2425 492 Thess.
2469 438 2559 505 IV).
2593 439 2694 491 Est
2722 442 2917 492 autem
2945 437 3318 499 resurrectio.
3353 439 3564 494 animae
3587 456 3796 495 rursus

401 517 465 570 τὸ
521 519 701 586 σῶμα,
758 515 821 570 τὸ
881 517 1238 593 φθειρόμενον
1295 519 1384 572 καὶ
1472 517 1859 594 διαλυόμενον,
1914 523 2047 577 αὐτὸ

404 603 758 673 ἀναστήσεται
818 605 1108 682 ἄφθαρτον.
1169 606 1263 660 Καὶ
1327 605 1602 680 μηδαμῶς
1663 631 1745 664 σοι
1795 610 2045 672 ἀπιστίας

403 690 671 767 λογισμὸς
702 693 826 765 περὶ
866 695 1062 749 τούτου
1120 693 1324 770 ἐπέλθῃ
1376 701 1508 767 (67)·
1569 697 1667 753 οὐκ
1723 702 1826 756 64
1855 698 2047 754 ἀδυνα-

400 787 485 836 τεῖ
509 781 613 854 γὰρ
645 787 724 853 τῷ
755 780 804 854 ἐξ
837 783 1018 856 ἀρχῆς
1049 782 1108 838 ἐκ
1167 788 1266 849 τῆς
1323 792 1425 859 γῆς
1483 785 1838 844 διαπλάσαντι
1895 788 2045 858 αὐτὸ,

403 870 516 927 εἶτα
545 871 887 949 ἀποπραφέν
921 872 996 934 εἷς
1029 881 1135 948 γῆν
1166 873 1219 944 ἐξ
1249 876 1317 944 ἧς
1349 874 1581 952 ἐλήφθη,
1614 879 1747 933 κατὰ
1793 881 1892 948 την
1951 883 2048 933 τοῦ

401 963 758 1034 Δημιουργοῦ
816 959 1082 1038 ἀπόφασιν
1163 967 1299 1036 (68),
1384 965 1535 1027 αὖθις
1617 967 1932 1035 ἀναστῆσαι.
1988 965 2048 1022 Εἰ

401 1047 502 1123 γὰρ
565 1046 834 1118 ἐννοήσεις
894 1049 1033 1104 πόσα
1090 1049 1140 1120 ἐξ
1202 1051 1299 1105 οὐκ
1355 1047 1524 1107 ὄντων
1555 1054 1864 1124 ἐποίησενὸ
1896 1055 2047 1122 Θεὸς,

402 1136 562 1206 ἱκανή
598 1157 683 1190 σοι
712 1131 858 1192 ἔσται
891 1137 1025 1209 αὕτη
1059 1135 1353 1210 ἀπόδειξις.
1389 1143 1491 1197 Καὶ
1549 1142 1651 1217 γὰρ
1705 1151 1809 1217 γῆν
1866 1137 2046 1198 λαϐὼν

402 1223 654 1296 ἐποίησεν
687 1224 994 1300 ἄνθρωπον,
1052 1234 1153 1302 γῆν
1215 1227 1312 1284 οὐκ
1367 1230 1525 1285 οὖσαν
1578 1226 1868 1308 πρότερον·
1935 1236 2050 1294 πῶς

405 1314 499 1369 οὗν
532 1317 566 1383 ἡ
597 1321 665 1390 γῆ
699 1314 914 1390 γέγονεν
947 1314 1232 1393 ἄνθρωπος
1268 1337 1282 1387 ;
1335 1323 1454 1382 πῶς
1513 1317 1569 1374 δὲ
1627 1320 1760 1391 αὕτη
1796 1321 1894 1376 οὐκ
1923 1322 2052 1376 οὖσα

405 1405 686 1478 παρήγετο
722 1422 736 1473 ;
771 1405 929 1458 ποίαν
968 1403 1026 1460 δὲ
1084 1403 1396 1482 ὑποϐάθραν
1430 1406 1544 1463 ἔχει
1579 1413 1732 1477 ;πιῖ›ς
1788 1408 1842 1464 δὲ
1873 1409 1924 1480 ἐξ
1955 1410 2050 1464 a6-

401 1498 506 1560 τῆς
535 1495 900 1568 παρήχθησαν
930 1494 999 1548 τὰ
1027 1499 1134 1548 τῶν
1167 1493 1380 1569 ἀλόγων
1417 1495 1612 1570 ἄπειρα
1654 1497 1804 1572 γὲνη,
1837 1498 1903 1552 τὰ
1947 1504 2054 1554 τῶν

402 1584 760 1654 σπερμάτων,
816 1582 883 1636 τὰ
932 1587 1040 1637 τῶν
1099 1589 1325 1657 cperim;
1390 1583 1567 1640 Ἀλλά
1591 1587 1680 1641 καὶ
1741 1591 1833 1640 νῦν
1889 1608 2086 1642 κατα-·

404 1671 606 1740 νόησον
641 1670 727 1726 ἐπὶ
756 1678 856 1741 τῆς
887 1674 1185 1745 γεννήσεως
1214 1680 1314 1742 τῆς
1364 1675 1656 1749 ἡμετερας·
1719 1676 1783 1730 οὗ
1840 1681 2054 1750 σπέρμα

2154 542 2286 580 cum
2301 543 2544 597 corpore
2559 527 3209 598 conjunctioQuocirca
3223 529 3333 582 hoc
3351 529 3542 599 ipsum
3558 545 3792 600 corpus,

2156 615 2311 684 quod
2328 615 2530 669 interit
2544 631 2610 670 ac
2629 615 2987 673 dissolvitur.
3023 617 3100 671 ita
3119 624 3394 688 resurget.
3428 625 3493 672 ut
3512 619 3794 689 deinceps

2157 703 2420 758 interire
2446 706 2756 775 nequeat(I
2777 706 2897 758 Cor.
2931 709 3164 774 xv).Nec
3197 722 3328 760 vero
3353 706 3588 760 huicrei
3617 707 3794 761 fidem

2157 793 2276 846 ullo
2304 793 2476 846 modo
2508 793 2788 864 abrogare
2821 794 2881 847 in
2913 801 3174 849 mentem
3209 794 3312 848 tibi
3345 795 3557 850 veniat.
3593 796 3791 866 Neque

2159 882 2316 934 enim
2345 882 2397 936 ei
2430 882 2529 952 qui
2558 881 2751 952 ipsum
2777 883 3034 953 primum
3058 899 3087 936 e
3120 890 3274 938 terra
3305 884 3797 954 effinxit.postea-

2159 985 2335 1039 quam
2359 970 2419 1024 in
2455 975 2671 1025 terram
2703 988 2772 1025 ex
2805 988 2920 1042 qua
2955 979 3254 1042 sumptum
3289 978 3376 1027 est
3404 973 3596 1037 rediit,
3625 973 3800 1044 juxta

2153 1060 2443 1114 Creatoris
2457 1060 2809 1114 sententiam
2826 1077 3033 1114 rursus
3045 1061 3116 1115 ad
3132 1062 3305 1116 vitam
3323 1061 3576 1116 excitare
3595 1062 3804 1132 impos-

2159 1147 2330 1202 sibile
2345 1153 2452 1203 est.
2471 1150 2614 1202 Nam
2629 1148 2676 1202 si
2702 1148 2856 1219 quod
2879 1151 2998 1204 Rex
3031 1151 3182 1204 Deus
3213 1165 3282 1204 ex
3308 1150 3498 1204 nihilo
3525 1150 3585 1203 in
3604 1157 3800 1204 ortum

2158 1237 2720 1309 produxerit,tecum
2743 1245 3000 1308 reputes,
3034 1237 3190 1292 istud
3222 1238 3364 1292 satis
3390 1254 3601 1309 magno
3623 1254 3799 1309 argu-

2159 1333 2360 1380 mento
2391 1325 2494 1380 tibi
2519 1327 2781 1380 futurum
2816 1328 3156 1381 est.Etenim
3192 1333 3425 1397 sumpta
3453 1333 3631 1384 terra.
3667 1343 3797 1397 qua)

2159 1415 2323 1485 prius
2353 1430 2472 1469 non
2505 1415 2958 1479 erat,hominem
2990 1417 3313 1486 procreavit
3342 1417 3497 1487 (Gen.
3530 1417 3612 1486 ιι).
3643 1417 3798 1480 Quo-

2161 1520 2298 1558 nam
2327 1504 2505 1576 igitur
2530 1504 2920 1558 modoeterra
2950 1505 3124 1559 homo
3156 1504 3345 1559 factus
3372 1504 3797 1569 est?Quoniam

2161 1594 2336 1647 modo
2369 1594 2495 1664 ipsa
2553 1610 2619 1648 ex
2652 1593 2838 1647 nihilo
2892 1594 3178 1664 producta
3208 1597 3344 1648 est?
3374 1595 3641 1658 Quonam
3662 1594 3803 1647 item

2162 1682 2550 1737 fundamento
2575 1682 2784 1736 nititur
2804 1682 3105 1747 ?Quonam
3129 1682 3384 1754 denique
3406 1683 3578 1737 modo
3594 1683 3805 1753 exipsa

409 1758 592 1835 βραχὺ
615 1757 809 1856 ἐνίεται
841 1759 916 1822 εἷς
969 1761 1068 1829 τὴν
1126 1760 1542 1837 ὑποδεχομένην
1604 1766 1815 1840 μήτραν
1872 1766 2050 1836 αὐτό;

2168 1770 2401 1824 infinita
2435 1777 2553 1825 tum
2571 1771 3034 1831 brutorum.tum
3063 1772 3511 1838 seminum,tum
3531 1771 3803 1841 stirpium

399 1847 566 1902 πόθεν
599 1846 690 1902 οὖν
723 1850 758 1917 ἡ
790 1847 1026 1918 τοσαύτη
1057 1854 1154 1903 τοῦ
1177 1849 1319 1918 ζώου
1352 1848 1645 1916 διάπλασις
1679 1872 1692 1920 ;

2160 1875 2377 1931 genera
2400 1859 2683 1930 producta
2714 1860 3230 1924 sunt?Quinetiam
3267 1861 3325 1914 in
3350 1867 3553 1915 nostro
3571 1875 3803 1929 quoque

408 1945 540 1994 ortu
560 1939 740 1994 velim
767 1939 876 1994 hoc
899 1939 1257 1996 consideres.
1294 1944 1381 1995 An
1415 1959 1532 1997 non
1556 1944 1715 1998 enim
1747 1947 2127 2019 perexiguum
2153 1964 2356 2003 semen
2388 1949 2448 2002 in
2483 1954 2718 2015 terram,
2753 1949 2863 2002 hoc
2921 1953 3010 2003 est
3059 1949 3118 2002 in
3160 1948 3387 2003 vulvam
3421 1949 3615 2019 ipsum
3652 1947 3804 2002 exci-

410 2027 674 2100 pientem
693 2027 983 2082 emittitur
1005 2028 1032 2082 ?
1063 2028 1423 2102 Undeigitur
1455 2032 1578 2086 haec
1608 2037 1771 2088 tanta
1803 2036 2078 2092 animalis
2105 2037 2336 2092 effectio
2358 2036 2386 2089 ‘2

471 2119 558 2184 Τῷ
588 2115 680 2169 οὗν
710 2119 876 2168 ταῦτα
905 2116 1080 2169 πάντα
1138 2112 1609 2192 δημιουργήσαντι
1650 2119 1712 2174 ἐκ
1765 2123 1841 2192 μὴ
1875 2116 2046 2177 ὅντων

409 2202 502 2259 καὶ
533 2199 610 2256 ἔτι
643 2200 1071 2278 δημιουργοῦντι
1103 2202 1202 2259 οὐκ
1230 2202 1486 2260 ἀδύνατον
1517 2205 1577 2261 ἐκ
1631 2211 1733 2281 γῆς
1784 2209 1850 2263 τὰ
1905 2231 2048 2265 νενε-

407 2292 670 2366 κρωμένα
723 2291 814 2346 καὶ
866 2289 1224 2368 διαφθαρέντα
1308 2295 1534 2367 σώματα
1591 2295 1906 2364 ἀναστῆσαι,
1959 2296 2051 2352 ’ίνα

411 2377 642 2442 ἕκαστος
691 2376 944 2446 ἀπολάϐη
994 2384 1130 2436 κατὰ
1175 2381 1241 2435 τὰ
1293 2378 1432 2456 ἔργα
1505 2383 1688 2438 αὐτοῦ’
1767 2386 2050 2462 Ἐργασίας

411 2470 538 2544 γὰρ,
571 2469 756 2544 φησὶν,
781 2473 892 2540 (69)
927 2470 955 2523 ὁ
985 2470 1171 2544 παρὼν
1203 2471 1408 2543 καιρὸς,
1443 2471 1470 2524 ὁ
1529 2469 1587 2526 δὲ
1649 2472 1870 2545 μέλλων
1931 2475 2053 2530 ἀντ-

407 2555 740 2620 ἀποδόσεως.
776 2557 922 2613 Ἐπεὶ
955 2563 1060 2612 ποῦ
1090 2559 1150 2612 τὸ
1183 2556 1389 2614 δίκαιον
1419 2565 1516 2615 τοῦ
1555 2565 1710 2630 Θεοῦ,
1736 2563 1781 2616 εἱ
1817 2563 1892 2634 μὴ
1926 2562 2054 2617 ἀνά-

407 2669 592 2709 στασις
618 2649 684 2717 ἦν
719 2668 733 2718 ;
765 2647 972 2703 πολλοὶ
1012 2651 1141 2724 γὰρ,
1174 2648 1375 2704 δίκαιοι
1431 2646 1602 2721 ὄντες,
1661 2654 1848 2706 πολλά
1878 2652 1929 2707 ἐν
1973 2659 2054 2726 τῷ

413 2737 640 2811 παρόντι
673 2736 774 2810 βίῳ
825 2740 1259 2812 κακουχηθέντες
1303 2739 1391 2793 καὶ
1423 2741 1828 2814 τιμωρηθὲντες
1864 2741 2056 2816 βιαίως

2228 2123 2620 2189 Quamobrem
2679 2124 2731 2179 ei
2793 2123 2893 2194 qui
2938 2126 3139 2181 omnia
3171 2141 3239 2180 ex
3284 2125 3473 2180 nihilo
3504 2122 3806 2194 produxit,

2159 2219 2334 2284 atque
2357 2214 2681 2268 etiamnum
2714 2214 3006 2284 producit,
3043 2214 3287 2269 minime
3319 2213 3689 2285 impossibile
3723 2217 3812 2265 est

2160 2319 2406 2373 corpora
2421 2319 2490 2357 ea
2520 2319 2650 2374 quae
2665 2309 2850 2356 morte
2869 2302 3127 2357 extincta
3148 2308 3324 2372 atque
3356 2308 3635 2372 corrupta
3648 2305 3809 2362 sunt,

2163 2407 2193 2445 e
2224 2397 2380 2445 terra
2410 2391 2482 2446 ad
2515 2391 2691 2445 vitam
2723 2397 3086 2454 revocare,ut
3108 2391 3521 2461 unusquisque
3545 2405 3808 2444 consen-

2161 2485 2396 2533 taneam
2429 2479 2706 2549 operibus
2737 2479 2858 2533 suis
2883 2478 3216 2533 mercedem
3239 2479 3579 2549 recipiat(II
3595 2477 3718 2534 Cor.
3737 2494 3803 2544 v;

2168 2567 2362 2621 Psalm.
2396 2569 2530 2633 ui).
2567 2565 2806 2620 Laboris
2829 2566 2988 2619 enim
3031 2565 3352 2635 est,inqu~it
3383 2566 3504 2621 ille.
3539 2580 3804 2635 prmsens

2163 2660 2434 2725 tempus;
2465 2654 2728 2707 futurum
2751 2652 3802 2722 autem,mercedis.Alioqui,ubinam

2170 2743 2267 2798 Dei
2282 2742 2516 2812 justitia
2533 2741 2784 2798 erit.nisi
2819 2743 2892 2795 sit
2907 2741 3257 2795 resurrectio
3273 2742 3300 2795 ?
3316 2739 3615 2810 Siquidem
3632 2739 3802 2793 multi

417 2822 931 2898 ἀνῃρέθησανοὲνιοι
995 2820 1313 2890 δε,ἀσε6εἷς
1374 2823 1521 2889 ὄντες
1577 2828 1666 2881 καὶ
1725 2827 2053 2903 παράνομοι,

417 2909 444 2934 2,
502 2932 552 2934 κε
605 2915 668 2934 ,,-,'
720 2912 784 2934 ,,,\
852 2913 894 2934 ,v
1034 2913 1074 2934 ,r
1209 2914 1222 2934 ς
1469 2918 1490 2929 ε-
1642 2921 1668 2934 ι.
1733 2919 1746 2934 ν
1846 2915 1859 2934 θ
1922 2917 1965 2934 η

2168 2831 2336 2902 probi
2366 2831 2495 2890 viri.
2529 2847 2660 2885 cum
2694 2831 2752 2884 in
2804 2831 2912 2884 hac
2942 2831 3058 2884 vita
3088 2830 3304 2884 multas
3338 2829 3704 2884 calamitates
3738 2844 3802 2882 ac

410 2909 463 2966 ἐν
495 2915 672 2989 τρυφῇ
698 2912 786 2966 καὶ
846 2913 1110 2985 εὐημερίᾳ
1163 2914 1260 2980 τὴν
1321 2918 1592 2987 παροῦσαν
1641 2919 1785 2986 ζωήν
1836 2915 2057 2986 ἀνήλω-

413 3019 529 3055 σαν·
579 3001 607 3054 ὁ
656 2997 714 3054 δὲ
771 3002 922 3070 Θεὸς,
980 3000 1166 3070 ἐπειδή
1225 3001 1427 3075 ἀγαθός
1489 3001 1600 3056 ἐστι
1682 3002 1771 3058 καὶ
1830 3000 2055 3075 δίκαιος,

416 3089 610 3164 ὥρισεν
643 3091 854 3163 ἡμέραν
912 3090 1245 3152 ἀναστάσεως
1298 3093 1388 3145 καὶ
1444 3091 1692 3161 ἐτάσεως,
1748 3093 1861 3160 ἳνα,
1918 3093 2054 3146 ἀπο⁸

416 3173 663 3234 λαϐοῦσα
692 3177 887 3249 ἐκάστη
921 3181 1075 3253 ψυχὴ
1125 3179 1186 3233 τὸ
1245 3176 1382 3233 ἴδιον
1439 3183 1622 3251 σῶμα,
1656 3181 1683 3234 ὁ
1747 3182 1838 3254 μὲν
1870 3179 2054 3251 κακὰς,

417 3265 641 3330 ἐνταῦθα
693 3267 761 3322 τὰ
845 3269 1020 3340 ἀγαθᾶ
1081 3262 1398 3337 ἀπολαϐὼν,
1459 3272 1554 3326 05
1619 3268 1730 3323 ἐκεῖ
1810 3269 1934 3342 περὶ
1984 3271 2056 3323 ὧν

417 3351 631 3427 ἥμαρτε
659 3355 928 3427 κολασθῇ,
975 3356 1003 3410 ὁ
1061 3353 1118 3409 δὲ
1173 3356 1389 3429 ἀγαθὸς,
1449 3355 1676 3421 ἐνταῦθα
1719 3359 2060 3433 τιμωρηθεὶς

415 3444 540 3518 περί
572 3444 646 3497 ὧν
676 3442 941 3515 ⁴ἥμαρτεν,
976 3442 1088 3497 ἐκεῖ
1128 3448 1235 3497 τῶν
1294 3443 1509 3518 ἀγαθῶν
1566 3443 1916 3519 κληρονόμος
1971 3447 2060 3522 γὲ-

413 3549 590 3602 νηται·
653 3532 1006 3589 Ἀκούσονται
1087 3532 1214 3607 γὰρ,
1274 3533 1434 3608 φησὶν
1505 3533 1532 3588 ὁ
1617 3533 1831 3610 Κύριος,
1891 3534 1950 3588 οῗ
2005 3535 2057 3590 ἐν

414 3625 533 3684 τοῖς
566 3619 856 3693 μνημείοις
921 3627 1018 3690 τῆς
1071 3627 1255 3698 φωνῆς
1311 3625 1408 3675 τοῦ
1465 3621 1594 3675 Υἱοῦ
1622 3627 1720 3676 τοῦ
1760 3627 1914 3693 Θεοῦ,
1969 3624 2060 3678 καὶ

419 3709 783 3782 ἐξελεύσονται
823 3709 876 3764 οἱ
933 3709 1000 3763 τὰ
1054 3709 1223 3784 ἀγαθᾶ
1269 3712 1596 3780 ποιήσαντες
1647 3709 1724 3774 εἷς
1779 3712 2063 3767 ἀνάστασιν

428 3804 594 3869 ζωῆς,
626 3797 678 3852 οἱ
708 3795 766 3852 δὲ
793 3798 860 3852 τὰ
908 3795 1089 3875 φαῦλα
1145 3797 1472 3873 παραξαντες
1504 3798 1581 3858 εἷς
1629 3798 1913 3854 ἀνάστασιν
1945 3800 2064 3875 κρί-

422 3907 559 3949 σεως
593 3892 726 3959 (70),
762 3886 923 3956 ἡνίκα
962 3887 1050 3940 καί
1107 3887 1292 3961 θρόνοι
1347 3889 1686 3960 τεθήσονται,
1717 3889 1807 3943 καὶ
1865 3890 1893 3944 ὁ
1950 3897 2059 3945 Πα-

425 3973 706 4040 λαιὸςτὼν
738 3977 959 4047 ἡμερῶν
1010 3975 1098 4029 καὶ
1154 3979 1366 4030 πάντων
1427 3979 1775 4052 Δημιουργὸς
1825 3981 2062 4050 προκαθ-

427 4063 523 4120 ίσει
583 4069 720 4138 (71),
779 4065 865 4118 καὶ
953 4059 1139 4139 βίϐλοι
1226 4065 1583 4138 ἀνοιγήσοντα
1657 4071 1767 4138 (72)
1850 4068 2063 4123 πάντων

425 4155 586 4226 ἡμῶν
640 4153 734 4214 τὰς
807 4153 1048 4226 πράξεις,
1129 4152 1257 4214 τοὺς
1302 4153 1527 4227 λόγους,
1581 4154 1676 4216 τὰς
1746 4154 2065 4228 ἐνθυμήσεις

2170 2921 2355 2976 multa
2384 2920 2674 2990 supplicia
2695 2919 3101 2990 tu-lissent,per
3126 2919 3235 2972 vim
3255 2918 3488 2974 tandem
3517 2918 3586 2971 de
3611 2917 3804 2972 medio

2169 3008 2383 3064 sublati
2406 3008 2847 3063 sunt.Nonnulli
2882 3008 3266 3077 contraimpii
3290 3025 3354 3062 ac
3371 3006 3688 3061 facinorosi
3706 3006 3808 3059 ho-

2170 3097 2450 3158 mines,in
2482 3096 2711 3150 deliciis
2741 3114 2806 3151 ac
2830 3097 3126 3167 prosperis
3183 3113 3380 3149 rerum
3435 3095 3804 3148 successibus

2168 3192 2521 3258 praesentem
2552 3185 2726 3240 vitam
2761 3191 3295 3256 consumpserunt:
3329 3190 3388 3239 at
3418 3184 3590 3250 Deus,
3615 3188 3680 3236 ut
3703 3183 3804 3252 qui

2170 3276 2348 3329 simul
2382 3281 2438 3328 et
2465 3275 2727 3329 bonitate
2760 3281 2818 3328 et
2839 3275 3073 3345 justitia
3095 3271 3806 3344 prmstet,resurrectionis

2171 3380 2238 3418 ac
2268 3363 2713 3417 referendarum
2738 3363 3032 3417 rationum
3058 3363 3214 3417 diem
3246 3361 3644 3416 constituit.ut
3673 3376 3805 3414 cum

2172 3469 2422 3522 qumque
2479 3453 2678 3507 anima
2715 3469 2928 3523 corpus
2960 3469 3131 3507 suum
3164 3451 3471 3523 receperit.
3502 3449 3807 3520 improbus

2174 3541 2414 3611 quidem
2448 3547 2507 3595 et
2541 3541 2884 3598 sceleratus.
2918 3541 3014 3610 qui
3049 3542 3143 3596 hic
3199 3539 3400 3596 omnia
3431 3537 3692 3595 secunda
3740 3553 3806 3592 ac

2173 3629 2308 3683 laeta
2338 3629 2631 3693 habuerit,
2665 3630 2788 3684 illic
2829 3628 3119 3684 scelerum
3151 3645 3352 3699 pcenas
3383 3628 3509 3681 luat
3541 3645 3553 3692 ;
3587 3624 3807 3696 probas

2175 3723 2381 3773 contra
2401 3734 2602 3773 eorum
2635 3735 2766 3788 quas
2811 3718 3016 3787 inique
3065 3718 3332 3789 gesserit,
3389 3715 3576 3786 planis
3606 3715 3667 3766 in
3700 3713 3808 3766 hac

2172 3808 2289 3862 vita
2319 3806 2654 3877 persolutis,
2679 3807 2803 3861 illic
2831 3807 3122 3861 bonorum
3155 3804 3557 3860 hmreditatem
3603 3817 3810 3856 conse-

2177 3902 2411 3966 quatur.
2445 3896 2703 3950 Audient
2733 3895 2910 3962 enim,
2946 3894 3139 3965 inquit
3171 3891 3582 3962 Dominus,qui
3605 3891 3808 3944 inmo-

2180 3984 2482 4039 numentis
2515 3990 2670 4051 sunt,
2705 4002 2904 4040 vocem
2951 3985 3082 4040 Filii
3128 3983 3251 4039 Dei.
3299 3983 3368 4036 Et
3410 3981 3675 4046 exibunt,
3709 3978 3810 4048 qui

2177 4073 2333 4128 bona
2363 4073 2631 4128 fecerunt
2660 4074 2718 4128 in
2751 4074 3242 4129 resurrectionem
3271 4071 3399 4125 vitae
3436 4088 3450 4137 ;
3483 4071 3582 4141 qui
3614 4077 3811 4124 autem

2180 4162 2336 4216 mala
2368 4164 2704 4224 egeruntin
2739 4159 3462 4232 resurrectionemjudicii
3495 4162 3672 4225 (Joan.
3707 4174 3738 4210 v
3770 4157 3805 4227 ).

432 4239 870 4318 ἐγγεγραμμένας
928 4235 1174 4316 ἔχουσαι,
1226 4241 1316 4295 καὶ
1373 4243 1617 4314 ποταμὸς
1681 4244 1851 4318 πυρὸς
1920 4243 2056 4300 ἕλκε-

2183 4252 2305 4315 Quo
2339 4251 2567 4305 scilicet
2594 4258 2856 4322 tempore
2889 4251 3058 4306 sedes
3089 4228 3320 4322 quoque
3335 4247 3806 4310 collocabuntur,

431 4352 516 4386 ται
561 4333 696 4403 (73),
749 4329 840 4385 καὶ
899 4332 1070 4384 πάντα
1121 4330 1188 4384 τὰ
1243 4332 1588 4405 κεκρυμμένα
1662 4330 2071 4388 ἀνακαλύπτον-

432 4441 540 4476 ται.
601 4415 794 4482 Οὐδεὶς
842 4416 954 4473 ἐκεῖ
1008 4421 1330 4494 συνήγορος,
1363 4419 1398 4488 ἢ
1458 4420 1754 4490 πιθανότης
1787 4421 2070 4498 ῥημάτων,

431 4507 466 4576 ἤ
499 4503 701 4581 ψευδὴς
756 4505 1046 4582 ἀπολογία,
1198 4506 1440 4562 πλούτου
1499 4505 1799 4579 δυναστεία,
1845 4509 1880 4578 ἢ
1913 4512 2074 4584 ἀξιω.

438 4596 620 4670 μάτων
653 4589 904 4670 ὅγκος,ἢ
962 4593 1152 4671 δώρων
1213 4593 1437 4673 ἄφθονοι
1497 4593 1694 4667 δόσεις,
1751 4595 1949 4673 κλέψαι
1978 4602 2076 4671 τὴν

436 4683 602 4762 ὀρθὴν
659 4683 836 4761 κρίσιν
892 4683 1196 4759 ἱσχόουσινο
1256 4683 1386 4741 ἀλλ’
1442 4685 1470 4739 ὁ
1529 4684 1818 4750 ἀδέκαστος
1873 4687 2075 4754 ἐκεῖνος

2179 4344 2355 4408 atque
2386 4338 2678 4409 Antiquus
2710 4338 2938 4393 dierum
2993 4340 3132 4393 Dan.
3167 4341 3279 4406 vn),
3342 4350 3656 4405 rerumque
3685 4349 3809 4387 om-

2180 4427 2342 4481 nium
2368 4443 2582 4497 parens
2606 4427 3028 4482 etarchitectus
3054 4425 3411 4498 praesidehit.
3439 4422 3814 4491 Aclibriape-

2179 4516 2434 4582 riuntur,
2452 4517 2514 4570 in
2537 4516 2752 4586 quibus
2781 4516 3047 4571 omnium
3074 4522 3343 4571 nostrum
3375 4514 3656 4574 actiones,
3683 4526 3813 4565 ser-

2183 4621 2411 4670 mones,
2445 4604 2830 4677 cogitationes
2867 4605 3165 4676 inscriptaa
3196 4603 3596 4660 continentur.
3630 4603 3819 4668 Atque

2183 4695 2390 4766 igneus
2410 4694 2623 4750 ﬂuvius
2642 4693 2848 4765 rapido
2863 4711 3039 4750 cursu
3050 4693 3665 4760 volvetur,cunctaque
3688 4702 3818 4758 quae

508 4830 1210 4910 (§§)Le_mma_metri_cum
1242 4830 1303 4885 in
1329 4832 1373 4885 Α
1399 4845 1412 4910 ξ
1446 4828 1742 4910 Ᾱνάστασις
1774 4833 1825 4910 τί
1860 4830 2045 4910 δ”-ἐστὶ

2168 4833 2567 4910 παραδράμῃς-

507 4900 618 4974 (67)
643 4901 1518 4980 _AC,‘éu§l0011§aapius_notata
1532 4905 1854 4980 synchysis
1879 4906 1985 4980 illa
2007 4908 2056 4962 fu

2168 4900 2422 4980 [gn'atius
2442 4900 2580 4980 Fab.
2613 4926 2669 4980 p.
2697 4909 2802 4980 228
2829 4909 3144 4980 Corayanae
3182 4902 3435 4980 εἈνδρὸς
3493 4900 3658 4980 πόθον
3692 4922 3820 4980 μεττ-

439 4969 953 5054 ἦξὲνηςῖςιδρύλην
1015 4969 1334 5054 ΚῆπριςχἫ
1389 4969 1436 5054 δ’
1491 4969 1674 5054 αξξ-γ’.
1718 4969 1876 5054 ἐῖτῖμξι
1924 4977 2060 5054 τήν-
2086 4969 2218 5054 ﬁeri;
2265 4980 2391 5054 xa0’_
2442 4969 2673 5054 ἡμέοαῖδ..
2703 4979 2844 5038 Ἕως
2877 4969 2999 5041 καθῗ
3026 4977 3225 5054 ὕπνους
3269 4969 3452 5054 φησίν·
3485 4976 3575 5044 Μὴ
3603 4969 3817 5054 “diu:ng

442 5044 670 5126 με’-,Τὸν
701 5043 883 5126 ἀνδρα.
909 5043 1170 5126 πημαίνω
1198 5044 1323 5117 γὰρ,
1357 5043 1418 5097 οὐ
1441 5046 1592 5126 ποθιῖ)
1624 5043 2056 5126 σὲχεξοοάθχξ

2168 5051 2431 5107 .Amale
2461 5043 2757 5123 ποιμαίνω,
2801 5054 2904 5106 sed
2961 5051 3234 5122 proprius
3281 5043 3437 5126 ’φιλῶ
3483 5043 3588 5120 pro
3642 5043 3817 5100 ποθῶ.

439 5117 626 5192 Velim
660 5116 836 5192 etiam
869 5117 928 5172 in
952 5117 1108 5192 malo
1131 5116 1319 5192 metro
1352 5117 1557 5192 reponi
1581 5116 1734 5192 φησίζ

511 5189 623 5257 (68)
657 5189 797 5242 Gen.
826 5205 908 5254 Ill,
945 5192 1026 5242 19.
1050 5188 1216 5242 Conf.
1239 5204 1366 5258 pag.
1389 5190 1477 5253 63,
1501 5206 1558 5243 n.
1593 5188 1646 5244 Β.

657 5260 964 5341 gregorius
986 5261 1126 5341 Na};
1148 5266 1292 5313 orat.
1329 5262 1382 5320 9,
1419 5264 1708 5341 pag..A15‘2..

535 5333 625 5400 70)
658 5330 890 5385 Scilicet
919 5330 1071 5400 apud
1100 5331 1486 5400 Joannem,_v,
1519 5333 1608 5397 28,
1643 5334 1732 5385 29.

650 5400 792 5480 Qun.
831 5418 922 5480 vi},
1070 5397 1498 5480 Ἐβεώροςδνιὲως
1527 5399 2236 5480 δτουᾼοὶᾒθρόμνοι,ἐτέθησαν
2267 5401 2358 5458 καὶ
2389 5401 2632 5467 Παλαιὸς
2664 5406 2886 5480 ἡμερῶν
2919 5403 3174 5476 ἐκάθητο.

510 5467 622 5548 (7?)
656 5471 800 5548 [bigis
841 5467 965 5548 10:,
978 5467 1265 5548 ἑίρέτήριοίι
1299 5470 1629 5548 Metuis?
1665 5467 1812 5548 βίεοέ
1846 5467 2225 5548 ἠνεῴχθηάανπ

511 5538 621 5613 (73)
654 5543 716 5608 G,
748 5538 916 5600 ἕλκει.
948 5538 1186 5625 etum.
1215 5542 1462 5625 quidem
1493 5545 1637 5625 ibid.
1665 5538 1680 5601 Ξ
1714 5538 1974 5625 Ποταμὸέ
1999 5538 2056 5601 an

2168 5569 2172 5609 ;
2201 5542 2351 5603 ἕλκει
2380 5542 2683 5624 ἔμπροσθεν
2709 5547 2901 5604 αὐτοῦ.
2931 5547 3042 5604 Sed
3062 5551 3155 5604 est
3173 5542 3386 5601 ἕλκεται
3411 5545 3572 5620 apud
3591 5547 3828 5618 Gregor.

444 5614 600 5686 Naz.,
631 5630 809 5687 quem
832 5621 1035 5673 noster
1063 5615 1347 5689 sequitur.
1373 5616 1458 5672 Cf.
1489 5623 1633 5675 nota
1660 5614 1952 5691 proxima.
