4042 6154
400 219 506 277 929

1574 240 1747 297 VITA
1782 245 2134 304 BARLAAM
2170 253 2263 306 ΕΤ
2297 254 2638 316 ΙΟΔΒΔΡΗ.

3685 283 3794 338 930

394 342 477 405 τίς
509 345 543 412 ὴ
570 341 778 400 τούτων
827 345 1102 418 ἀποδειξις
1133 368 1147 419 ;
1179 349 1268 405 καὶ
1305 356 1448 422 πῶς,
1478 356 1541 411 τὸ
1569 353 1705 422 τέως
1739 363 1813 434 μὴ
1849 367 2011 427 θεαθὶ.

400 433 658 473 ηηΔοζυφςρ
735 433 907 473 θείη-ω,-
966 438 1246 473 ἢθη-ώσω-.-
1302 445 1390 473 νηὶ
1458 443 1684 473 z_._._____\
1705 449 1752 473 1,,
1921 455 1936 473 ν

2146 380 2444 446 gestarum
2464 396 2710 438 examen
2735 401 2802 440 ac
2821 393 3293 450 merces.Verum
3312 413 3426 466 quo
3439 411 3786 473 argumento

400 433 679 506 μαθόντες,
735 433 907 498 οὕτως
966 438 1246 512 ἀραρύτως
1302 445 1392 496 καὶ
1455 433 1871 524 ἀναμφιλέκτως
1917 455 2038 509 ἐπι-

399 522 698 593 στεύσατε;
749 527 830 581 Τά
888 528 982 597 μὲν
1022 529 1123 602 γὰρ
1177 528 1283 600 ἤδη
1346 538 1656 610 πραχθέντα
1713 541 1803 594 καὶ
1861 537 2038 618 ἔργοις

397 615 786 688 φανερωθέντα,
818 613 914 669 κᾶν
949 617 1100 670 αὐτοὶ
1160 619 1257 674 οὐκ
1288 619 1477 687 εἶ’δετε,
1511 623 1656 682 ἀλλά
1685 634 1791 684 τῶν
1821 633 2039 707 ἱστορη-

395 701 599 756 σᾶντων
631 704 917 772 ἠκούσατε·
949 711 1066 768 πῶς
1119 705 1196 777 δὲ,
1247 710 1335 763 καὶ
1382 715 1506 786 περὶ
1555 721 1660 770 τῶν
1718 718 2034 791 μελλόντων

394 797 616 846 τοιαῦτα
667 795 876 869 μεγάλα
925 795 1012 848 καὶ
1075 797 1343 874 ὑπέρογκα
1400 803 1782 881 κηρύττοντες,
1817 812 2032 888 ἀσφαλῆ

387 893 488 962 τήν
521 893 642 967 περὶ
677 893 852 948 αὐτῶν
881 907 1142 966 κεκτησθε
1172 895 1554 975 πληροφορίαν
1591 924 1604 973 ;

460 1162 562 1218 Καὶ
605 1183 766 1239 φησιν
799 1163 826 1217 6
860 1163 1144 1237 Βαρλαάμ’
1200 1167 1296 1224 Ἐκ
1347 1167 1454 1224 τῶν
1509 1170 1620 1243 ἤδη
1679 1179 2032 1251 πραχθέντων

389 1249 700 1323 ἐκτησάμην
741 1252 830 1306 καὶ
877 1258 985 1307 τῶν
1038 1255 1353 1326 μελλόντων
1400 1261 1498 1328 τήν
1550 1249 1951 1341 πληρδφάρίαν.
1982 1270 2034 1324 οἱ

389 1341 494 1415 γὰρ
542 1345 708 1396 ταῦτα
764 1343 1090 1414 κηρύξαντες
1136 1344 1186 1398 ἐν
1249 1344 1426 1402 οὐδενῖ
1479 1358 1578 1419 τῆς
1633 1353 1891 1423 ἀληθείας
1950 1355 2036 1412 δι-

389 1430 743 1503 αμαρτόντες,
776 1427 920 1484 ἀλλά
949 1452 1198 1501 σημειοις
1239 1435 1330 1489 καὶ
1381 1439 1566 1512 τέρασι
1615 1442 1701 1495 καὶ
1753 1445 2030 1508 ποικίλαις

390 1515 643 1590 δυνάμεσι
704 1522 807 1589 (84)
861 1519 928 1574 τά
1003 1517 1266 1595 λεχθέντα
1323 1523 1771 1600 ἐμπεδωσάμενοι
1805 1575 1820 1600 ,
1878 1534 2031 1590 αὐτοὶ

388 1609 488 1664 68
521 1608 609 1661 καὶ
660 1608 784 1680 περί
844 1613 947 1662 τῶν
1012 1608 1330 1682 μελλόντων
1391 1613 1768 1690 εἰσηγήσαντο.
1827 1624 2028 1700 ’Ὠσπερ

386 1695 480 1750 οῦν
508 1696 732 1760 ἐνταῦθα
763 1695 914 1752 οὐδὲν
959 1700 1142 1753 σκαιὸν
1197 1701 1287 1755 καὶ
1345 1703 1727 1777 πεπλασμένον
1761 1707 2026 1781 ἐδίδαξαν,

382 1785 527 1840 ἀλλα
552 1788 720 1842 πάντα
767 1785 1120 1862 φαιδρότερον
1173 1789 1336 1858 ἡλίου
1387 1789 1634 1866 ἔλαμψαν
1682 1800 1792 1869 (85)
1843 1799 1942 1854 ὅσα
1969 1823 2028 1856 τε

380 1875 527 1929 εἷπον
560 1875 647 1928 καὶ
680 1874 963 1945 ἐποίησαν,
1024 1875 1197 1940 οὕτως
1229 1884 1384 1932 κακεῖ
1443 1879 1683 1950 ἀληθινὰ
1739 1882 2028 1960 ἐδογμὶτι-

382 1982 499 2017 σαν’
532 1965 686 2017 ἅτινα
736 1963 825 2017 καὶ
886 1965 1044 2026 αὐτὸς
1077 1966 1105 2019 6
1139 1965 1335 2034 Κύριος
1391 1969 1553 2040 ἡμῶν
1611 1972 1703 2026 καὶ
1761 1970 2026 2046 δεσπότης

376 2050 586 2121 Ἰησοῦς
641 2053 870 2126 Χριστὸς
953 2051 1101 2128 λόγῳ
1166 2074 1222 2108 τε
1288 2055 1376 2108 καὶ
1433 2050 1580 2131 ἔργῳ
1638 2057 1972 2118 ἐπιστώσατο
2007 2108 2021 2122 .

379 2140 554 2212 Ἀμὴν
581 2141 705 2214 γὰρ,
738 2141 871 2217 φησί
899 2144 1035 2212 (86),
1067 2142 1214 2216 Λέγω
1251 2142 1377 2214 ὑμῖν
1411 2143 1495 2198 ὅτι
1541 2143 1762 2221 ἔρχεται
1799 2150 1935 2223 ὥρα,
1968 2152 2020 2206 ἐν

364 2228 401 2305 ᾗ
434 2230 629 2293 πάντες
659 2231 711 2284 οἱ
756 2229 808 2284 ἐν
838 2236 955 2292 τοῖς
1010 2233 1305 2304 μνημείοις
1356 2232 1674 2291 ἀκούσονται
1706 2242 1806 2303 τῆς
1837 2249 2024 2315 φωνῆς

366 2323 463 2374 τοῦ
515 2321 643 2374 Υἱοῦ
671 2323 768 2374 τοῦ
812 2324 968 2385 Θεοῦ,
1021 2322 1184 2375 καὶοἱ
1237 2322 1558 2386 ἀκούσαντες
1609 2328 1884 2396 ζήσονται·
1929 2324 2020 2386 καὶ

364 2410 544 2472 αὗθις.
575 2411 835 2484 Ἔρχεται
871 2406 1008 2484 ὥρα,
1059 2407 1151 2466 ὅτε
1205 2413 1257 2466 οἱ
1314 2415 1492 2487 νεκροὶ
1555 2416 1867 2473 ἀκούσονται
1919 2427 2021 2490 τῆς

355 2507 548 2578 φωνῆς
579 2499 766 2568 αὐτοῦ,
799 2499 891 2554 καὶ
947 2499 1366 2574 ἐκπορεύσονται
1424 2505 1476 2556 οἱ
1529 2506 1595 2558 τὰ
1652 2507 1820 2578 ἀγαθά
1850 2512 2015 2580 ποιή-

356 2609 542 2650 σαντες
581 2588 656 2650 εἷς
714 2588 999 2642 ἀνάστασιν
1051 2594 1217 2660 ζωῆς,
1253 2592 1304 2644 οἱ
1359 2588 1417 2644 δὲ
1470 2592 1538 2646 τά
1569 2593 1752 2666 φαῦλα
1781 2597 2018 2670 πράξαν-

361 2702 448 2742 τες
509 2679 586 2741 εἷς
645 2679 927 2732 ἀνάστασιν
988 2678 1218 2753 κρίσεως
1253 2698 1265 2710 ·
1345 2682 1432 2734 καὶ
1515 2680 1680 2736 πάλιν
1735 2685 1858 2755 περὶ
1913 2689 2012 2754 τῆς

364 2769 704 2829 ἀναστάσεώς
735 2789 867 2845 φησι
898 2772 1005 2822 τῶν
1067 2772 1290 2840 νεκρῶν·
1325 2768 1434 2823 Οὐκ
1491 2771 1760 2844 ἀνέγνωτε
1816 2773 1879 2827 τὸ
1911 2773 2009 2847 ῥη-

362 2859 448 2913 θὲν
485 2859 612 2931 ὑμῖν
665 2858 765 2912 ὑπὸ
813 2860 909 2911 τοῦ
955 2860 1087 2912 Θεοῦ
1143 2855 1416 2931 λεγοντοςο
1452 2859 1592 2934 Ἐγώ
1642 2859 1755 2931 είμι
1805 2862 1832 2915 6
1881 2863 2012 2924 Θεὸς

361 2943 615 3022 ’Λϐραάμ
666 2949 753 3002 καὶ
787 2948 814 3002 ὁ
855 2948 985 3008 Θεὸς
1043 2946 1225 3002 Ἰσαὰκ
1275 2947 1364 3001 καὶ
1397 2949 1424 3002 6
1481 2950 1607 3011 Θεὸς
1665 2947 1878 3005 Ἰακώϐ·
1909 2953 2010 3007 οὐκ

355 3035 498 3093 ἔστιν
531 3039 559 3092 ὁ
591 3038 718 3099 Θεὸς
760 3037 888 3096 Θεὸς
934 3041 1162 3105 νεκρῶν,
1197 3034 1342 3090 ἀλλά
1381 3037 1595 3105 ζώντων
1655 3043 1784 3112 (87)·
1821 3039 1999 3115 ὥσπερ

2144 462 2269 518 11ωο
2295 468 2506 536 probas
2529 471 2556 524 ‘I
2577 478 2905 543 etquonam
2933 479 2982 532 ei
3018 482 3102 534 rei
3135 500 3264 552 qua)
3296 489 3560 544 nondum
3594 495 3780 550 oculis

2143 563 2451 624 perspecta
2481 565 2571 613 est
2595 562 2808 617 auditae
2841 571 3015 636 atque
3066 570 3381 628 intellectae
3409 593 3596 648 usque
3627 583 3773 638 adeo

2142 641 2371 699 ﬁrmam
2399 652 2456 700 et
2477 647 2866 707 indubitatam
2886 655 3058 710 ﬁdem
3083 641 3780 740 adhibuistis?i\'amqua3

2133 731 2258 802 jam
2279 741 2440 804 gesta
2462 752 2528 790 ac
2546 754 2608 791 re
2632 739 2762 808 ipsa
2779 741 3075 799 declarata
3099 755 3255 814 sunt,
3277 751 3509 807 etiamsi
3534 757 3643 825 ipsi
3673 761 3779 814 mi-

2141 821 2298 874 nime
2334 823 2610 884 videritis.
2638 834 2696 880 at
2712 828 2862 882 abiis
2885 833 2982 900 qui
3033 850 3100 888 ea
3145 836 3434 907 viderunt,
3460 857 3527 896 ac
3556 821 3769 901 inemo-

2136 909 2239 962 riae
2262 911 3278 986 prodiderunt,aud1vistis.Quonam
3295 935 3490 984 autem
3517 933 3689 988 modo
3704 936 3775 989 de

2138 996 2540 1055 rebusfuturis
2561 1012 2677 1056 tam
2702 1021 2913 1077 magna
2926 1014 3773 1092 etpraetumidapraadicantes,

2137 1092 2357 1140 certam
2392 1088 2463 1142 de
2496 1089 2568 1144 iis
2601 1092 2776 1148 fidem
2810 1098 2965 1150 nacti
2998 1100 3181 1155 estis?

2207 1264 2530 1335 Respondit
2551 1269 2817 1324 Barlaam
2839 1288 2852 1324 :
2873 1275 2952 1327 Ex
2973 1275 3047 1329 iis
3070 1293 3199 1346 quae
3215 1279 3342 1348 jam
3375 1283 3768 1356 contigerunt,

2136 1351 2207 1406 de
2229 1352 2442 1409 futuris
2464 1357 2642 1412 etiam
2666 1367 2890 1415 certam
2914 1363 3089 1418 ﬁdem
3113 1374 3320 1422 nactus
3344 1386 3494 1426 sum.
3513 1351 3652 1428 Nam
3670 1351 3772 1444 qui

2137 1439 2262 1495 haac
2282 1443 2698 1514 praedicarunt,
2725 1465 2832 1503 nec
2855 1451 2976 1505 ulla
2997 1453 3057 1507 in
3080 1470 3141 1507 re
3173 1471 3206 1509 a
3234 1474 3368 1512 vero
3397 1459 3768 1532 aberrarunt,

2132 1544 2333 1584 verum
2358 1549 2462 1602 per
2485 1535 2650 1606 signa
2675 1543 2734 1590 et
2755 1539 3041 1612 prodigia,
3061 1545 3366 1616 variasque
3391 1549 3631 1606 virtutes
3647 1571 3770 1608 ser-

2131 1619 2408 1674 monibns
2432 1623 2552 1676 suis
2573 1625 2754 1679 robur
2772 1630 3185 1698 conciliarunt,
3205 1634 3385 1690 iidem
3405 1638 3580 1693 etiam
3596 1640 3667 1694 de
3683 1643 3772 1698 fu-

2057 1733 2104 1797 B
2135 1708 2281 1762 turis
2312 1725 2421 1763 nos
2450 1711 2906 1772 admonuerunt.
2939 1719 3446 1782 Quemadmodum
3479 1727 3653 1797 igitur
3674 1732 3769 1787 hic

2133 1797 2282 1850 nihil
2301 1808 2724 1870 praeposterum
2748 1820 2814 1858 ac
2839 1806 3039 1860 ﬁctum
3062 1808 3612 1882 docuerunt,verum
3639 1836 3774 1874 om-

2132 1885 2231 1940 nia
2255 1903 2320 1942 ea
2341 1906 2471 1958 quaa
2493 1890 2565 1944 ab
2584 1891 2726 1962 ipsis
2752 1893 2908 1949 dicta
2930 1903 2987 1950 et
3008 1897 3160 1952 facta
3201 1907 3357 1962 sunt.
3397 1905 3519 1958 sole
3549 1907 3768 1964 clarius

2131 1976 2502 2045 effulserunt,
2538 1981 2745 2035 eodem
2779 2000 3014 2054 quoque
3047 1987 3220 2041 modo
3253 1990 3375 2045 illic
3406 2009 3538 2048 vere
3569 1998 3769 2051 omnia

2130 2065 2666 2132 tradiderunt.Quaa
2681 2071 2920 2139 quidem
2944 2074 3118 2128 etiam
3141 2076 3553 2146 ipseDominus
3566 2091 3770 2138 noster

2127 2168 2194 2206 ac
2217 2153 2394 2208 herus
2417 2156 2584 2210 Jesus
2611 2157 2897 2223 Christus,
2933 2167 3054 2215 tum
3102 2180 3397 2227 sermone.
3439 2173 3562 2223 tum
3590 2187 3766 2242 Opere

2126 2242 2512 2297 conﬁrmavit.
2547 2248 2735 2300 Amen
2767 2248 2948 2314 enim,
3001 2250 3215 2320 inquit,
3249 2253 3379 2308 dico
3408 2257 3592 2321 vobis,
3628 2261 3767 2330 quia

2125 2331 2282 2384 venit
2300 2331 2464 2391 hora.
2491 2334 2727 2403 quando
2749 2338 2964 2391 mortui
2996 2339 3241 2395 audient
3268 2359 3467 2399 vocem
3500 2347 3604 2401 Flii
3638 2349 3762 2416 Dei,

2123 2424 2182 2472 et
2202 2420 2300 2488 qui
2324 2420 2647 2482 audierint.
2680 2424 2872 2478 vivent
2899 2428 3076 2489 (Joan.
3105 2438 3220 2491 xu).
3248 2433 3325 2486 Ac
3348 2450 3580 2488 rursum
3608 2452 3621 2490 :
3659 2439 3765 2491 Ve-

2120 2507 2212 2560 nit
2231 2507 2393 2575 hora,
2420 2509 2480 2562 in
2500 2527 2614 2579 qua
2637 2528 2844 2566 omnes
2866 2514 2968 2582 qui
2989 2515 3047 2568 in
3073 2521 3475 2576 monumentis
3507 2530 3764 2580 suntau-

2123 2593 2289 2648 dient
2302 2611 2497 2648 vocem
2514 2597 2643 2650 Filii
2664 2599 2861 2652 Dei.Et
2874 2601 3194 2670 procedent
3207 2606 3306 2674 qui
3329 2607 3764 2668 bonafecerunt

2121 2681 2179 2736 in
2202 2685 2696 2739 resurrectionem
2730 2687 2892 2752 vitm;
2920 2689 3020 2758 qui
3049 2707 3182 2745 vero
3213 2695 3370 2747 mala
3401 2705 3664 2766 egerunt,
3699 2701 3760 2755 in

2118 2772 2612 2826 resurrectionem
2638 2773 2849 2844 judicii
2901 2779 3078 2845 (Lucae
3109 2784 3224 2845 xx).
3259 2787 3339 2836 Ac
3369 2800 3603 2839 rursum
3637 2787 3757 2845 ait:

2117 2861 2196 2914 De
2230 2867 2600 2915 mortuorum
2644 2870 2841 2918 autem
2873 2868 3306 2922 resurrectione
3355 2889 3474 2926 non
3531 2874 3755 2947 legistis

2115 2948 2273 3018 quod
2301 2948 2521 3003 dictum
2556 2959 2646 3006 est
2673 2953 2837 3007 vobis
2883 2970 2916 3008 a
2964 2956 3104 3022 Deo,
3136 2957 3406 3014 dicente:
3467 2963 3581 3034 Ego
3623 2982 3755 3021 sum

2113 3038 2264 3091 Deus
2295 3038 2612 3104 Abraham,
2648 3042 2800 3095 Deus
2831 3043 3011 3104 Isaac.
3046 3050 3105 3098 et
3146 3046 3299 3100 Deus
3336 3049 3556 3104 Jacob?
3594 3053 3747 3107 Deus

353 3127 456 3202 γὰρ
515 3125 830 3201 συλλέγεται
878 3126 943 3178 τὰ
993 3126 1202 3193 ζιζάνια
1247 3124 1336 3179 καὶ
1384 3127 1514 3197 πυρὶ
1567 3127 1796 3192 καίεται,
1829 3127 2002 3192 οὕτως

2124 3143 2290 3196 porro
2324 3133 2690 3182 mortuorum
2723 3131 2876 3185 Deus
2899 3148 3015 3186 non
3035 3138 3142 3194 est,
3169 3133 3272 3187 sed
3303 3136 3639 3195 viventium.
3675 3141 3744 3195 Ut

352 3213 498 3270 ἔσται
556 3215 609 3270 ἐν
669 3218 739 3288 τῇ
799 3211 1075 3284 συντελείᾳ
1135 3213 1338 3276 αἰῶνος
1404 3215 1650 3269 τούτου·
1712 3215 2007 3274 ἀποστελεῖ

351 3306 380 3360 6
411 3306 534 3367 Υἱὸς
563 3309 660 3360 τοῦ
691 3308 824 3359 Θεοῦ
852 3302 977 3364 τοὺς
1026 3299 1295 3378 ἀγγέλους
1343 3303 1511 3357 αὐτοῦ
1562 3304 1651 3358 καὶ
1683 3304 2002 3377 συλλέξουσι

352 3395 528 3448 πάντα
556 3394 624 3448 τὰ
653 3389 930 3446 σκάνδαλα
959 3389 1047 3444 καὶ
1098 3389 1226 3452 τοὺς
1274 3395 1559 3453 ποιοῦντας
1605 3395 1704 3462 τὴν
1752 3393 2003 3468 ἀνομίαν,

353 3483 446 3536 καὶ
509 3479 767 3557 βαλοῦσιν
826 3479 1023 3541 αὐτοὺς
1079 3478 1154 3539 εἷς
1207 3479 1307 3548 τήν
1362 3479 1593 3551 κάμινον
1647 3485 1744 3535 τοῦ
1810 3483 2000 3556 πυρός·

354 3571 465 3626 ἐκεῖ
521 3568 665 3626 ἔσται
698 3571 725 3623 6
757 3566 1038 3640 κλαυθμὸς
1095 3567 1184 3622 καὶ
1218 3568 1246 3622 6
1281 3568 1528 3642 βρυγμὸς
1583 3574 1692 3623 τῶν
1752 3568 1998 3627 ἐδόντων·

347 3660 473 3715 τότε
505 3660 557 3713 οἱ
590 3657 790 3714 δίκαιοι
815 3656 1186 3729 ἐκλάμψουσιν
1220 3658 1292 3718 ὡς
1319 3657 1347 3710 6
1379 3655 1541 3725 ἥλιος
1573 3655 1626 3711 ἐν
1649 3662 1717 3732 τῇ
1752 3659 2003 3735 βασιλείᾳ

343 3755 444 3806 τοῦ
478 3750 684 3824 Πατρὸς
729 3749 908 3802 αὐτῶν
942 3750 1029 3818 (88
1057 3788 1070 3803 .

421 3841 604 3896 Ταῦτα
659 3837 864 3905 εῗπὼν,
924 3836 1239 3910 προσέθετο·
1301 3836 1360 3892 Ὁ
1417 3832 1561 3910 ἔχων
1621 3837 1733 3892 ὦτα
1789 3839 2002 3894 ἀκούειν

350 3927 610 3983 ἀκουέτω.
660 3927 944 3986 Τοιούτοις
983 3925 1078 3996 μὲν
1135 3923 1322 3999 λόγοις
1377 3925 1466 3979 καὶ
1521 3924 1726 3998 ἑτέροις
1783 3927 2001 3982 πλείοσι

347 4017 450 4084 τὴν
507 4018 606 4073 69
658 4020 766 4070 τῶν
833 4015 1102 4084 σωμάτων
1160 4015 1322 4085 ἡμῶν
1372 4013 1656 4069 ἀναστασιν
1717 4017 1745 4070 ὁ
1801 4016 2003 4092 Κύριος

349 4104 706 4184 ἐφανέρωσεν·
755 4099 897 4179 ἔργῳ
929 4101 986 4157 δὲ
1027 4101 1156 4163 τοὺς
1208 4103 1410 4177 λόγους
1465 4102 1823 4173 ἐπιστώσατο,
1855 4104 1998 4160 πολ-

346 4196 479 4257 Λοὺς
510 4193 722 4268 ἐγείρας
755 4191 1000 4267 νεκροὺς,
1035 4191 1172 4264 πρὸς
1203 4187 1261 4245 δὶ
1289 4196 1368 4262 τῷ
1417 4189 1565 4246 τέλει
1615 4198 1715 4261 τῆς
1773 4192 1860 4247 ἐπὶ
1892 4201 1999 4267 γῆς

348 4285 514 4338 αὐτοῦ
562 4280 867 4344 πολιτείας,
908 4280 999 4335 καὶ
1055 4285 1372 4354 τεταρταῖον
1431 4279 1538 4350 ἤδη
1594 4284 2000 4358 καταφθαρέντα

345 4373 438 4428 καὶ
471 4370 714 4427 ὀδωδότα
771 4369 1014 4444 Λάζαρόν
1065 4390 1186 4424 τινα
1244 4373 1355 4441 (89)
1389 4367 1549 4444 φίλον
1583 4369 1774 4424 ἑαυτοῦ
1813 4369 1873 4425 ἐκ
1900 4376 1998 4425 τοῦ

2111 3215 2269 3269 enim
2296 3215 2657 3287 colliguntur
2684 3218 2919 3286 zizania,
2950 3227 3008 3274 et
3038 3222 3486 3293 comburuntur,
3519 3228 3603 3282 sic
3635 3229 3749 3283 erit

2111 3304 2173 3358 in
2187 3305 2698 3359 consummatione
2721 3308 2921 3361 saeculi
2947 3309 3335 3379 hujus(Matth
3371 3317 3542 3385 xxw).
3564 3317 3750 3373 Mittet

2109 3392 2291 3447 Filius
2312 3393 2413 3446 Dei
2444 3393 2686 3464 angelos
2718 3411 2874 3462 suos,
2910 3404 2968 3450 et
3004 3399 3284 3472 colligent
3313 3402 3383 3456 de
3417 3420 3596 3477 regno
3621 3407 3749 3478 ejus

2109 3482 2312 3536 omnia
2342 3482 2642 3546 scandala,
2675 3491 2732 3537 et
2763 3501 2862 3538 eos
2895 3487 2993 3556 qui
3027 3487 3660 3561 faciuntiniquitatem.
3681 3498 3750 3551 Et

2108 3571 2346 3625 mittent
2377 3588 2475 3626 eos
2509 3571 2568 3626 in
2601 3572 2900 3627 caminum
2933 3575 3120 3643 ignis:
3154 3577 3278 3631 illic
3326 3580 3439 3633 erit
3486 3582 3658 3637 ﬂetus
3691 3589 3749 3638 et

2109 3659 2328 3714 stridor
2355 3659 2639 3714 dentium.
2679 3662 2838 3715 Tunc
2860 3662 3009 3732 justi
3040 3664 3351 3735 fulgebunt
3380 3668 3531 3723 sicut
3559 3672 3647 3724 sol
3683 3673 3746 3727 in

2107 3763 2320 3819 regnos
2353 3749 2541 3802 Patris
2572 3765 2796 3802 eorum.

2178 3836 2310 3890 Haec
2336 3835 2539 3890 dicens
2565 3836 2830 3892 addidit:
2865 3839 2971 3904 Qui
3005 3839 3183 3895 habet
3220 3858 3390 3898 aures
3441 3844 3740 3911 audiendi,

2105 3924 2311 3978 audiat
2365 3927 2491 3986 (Luc
2546 3932 2624 3992 ιι).
2659 3927 2761 3981 His
2814 3927 2992 3999 igitur
3021 3929 3409 4000 pluribusque
3456 3933 3588 3988 aliis
3620 3952 3746 3990 ver-

2107 4015 2200 4069 bis
2231 4017 2515 4072 Dominus
2547 4034 2858 4088 corporum
2890 4021 3384 4077 resurrectionem
3408 4023 3744 4082 declaravit.

2106 4105 2320 4176 Reipsa
2358 4113 2555 4162 autem
2586 4108 2964 4162 sermonibus
2980 4109 3102 4162 suis
3126 4110 3301 4164 ﬁdem
3333 4115 3746 4182 astruxit,cum

2107 4199 2374 4248 mortuos
2405 4195 2477 4248 ad
2507 4195 2682 4249 vitam
2715 4198 3025 4263 revocavit,
3057 4215 3125 4252 ac
3159 4198 3266 4252 sub
3298 4203 3594 4257 terrestris
3617 4205 3745 4260 vitae

2106 4297 2226 4336 sum
2240 4283 2651 4353 catastrophen
2670 4285 2940 4339 Lazarum
2961 4287 3275 4356 quemdam
3287 4289 3538 4345 amicum
3552 4308 3746 4362 suum,

2106 4372 2206 4441 qui
2221 4373 2349 4443 jam
2376 4372 2692 4442 quatriduo
2713 4381 2979 4429 mortuus
3003 4381 3148 4437 erat,
3177 4392 3243 4431 ac
3272 4377 3532 4447 fuatebat,
3555 4397 3585 4435 e
3618 4399 3743 4436 mo-

354 4464 640 4535 μνήματος
679 4459 933 4528 καλέσας,
964 4459 1055 4512 καὶ
1111 4462 1282 4526 ζῶντα
1310 4460 1401 4512 τὸν
1459 4456 1667 4512 ἄπνουν
1719 4480 2005 4534 παραστη-

2124 4468 2397 4516 ωωθῐιῑο
2420 4461 2925 4533 vocavit,eumque
2948 4464 3047 4534 qui
3064 4465 3324 4520 animam
3347 4467 3751 4537 efﬂaverat,vi-

350 4550 602 4624 σάμενος.
657 4551 780 4606 Ἐπὶ
837 4549 1055 4609 τούτοις
1113 4545 1170 4601 δὶ
1218 4549 1305 4602 καὶ
1340 4547 1500 4609 αὐτὸς
1560 4549 1588 4602 6
1648 4547 1844 4622 Κύριος
1894 4550 1994 4605 ἀπο

346 4641 494 4715 αρχὴ
530 4641 642 4712 (90)
671 4644 770 4706 τῆς
799 4635 1008 4698 τελείας
1058 4635 1148 4690 καὶ
1185 4636 1378 4708 μηκέτι
1412 4635 1625 4708 θανάτῳ
1659 4637 1998 4692 ὑποπιπτού-

352 4747 452 4796 σης
481 4727 818 4788 ἀναστάσεως
867 4723 1072 4800 γέγονε,
1107 4723 1263 4792 σαρκὶ
1319 4726 1416 4776 τοῦ
1470 4723 1698 4786 θανάτου
1728 4724 1999 4798 γευσάμε-

348 4835 442 4880 νος
470 4818 602 4888 (91),
633 4814 862 4876 ἀναστὰς
895 4811 952 4867 δὲ
978 4813 1282 4888 τριήμερος
1310 4811 1398 4865 καὶ
1449 4815 1557 4865 τῶν
1608 4817 1812 4886 νεκρῶν
1845 4833 1998 4887 πρω-

2109 4566 2242 4603 vum
2259 4549 2484 4604 exibuit
2511 4552 2693 4620 (Joan.
2726 4552 2827 4621 χι).
2863 4552 3012 4616 Quin
3044 4553 3170 4623 ipse
3201 4571 3437 4625 quoque
3465 4558 3748 4613 Dominus

2107 4638 2566 4708 perfectammec
2575 4638 2701 4709 jam
2719 4640 2895 4694 morti
2910 4639 3237 4711 subjectam
3252 4645 3748 4701 resurrectionem

2107 4726 2445 4792 auspicatus
2469 4729 2808 4799 est:quippe
2833 4729 2932 4799 qui
2959 4729 3216 4784 mortein
3232 4747 3407 4786 carne
3421 4731 3747 4803 degustata,

2107 4815 2301 4870 triduo
2324 4821 2459 4887 post
2478 4816 2550 4870 ad
2571 4817 2750 4872 vitam
2775 4817 2973 4886 rediit,
2998 4833 3066 4872 ac
3080 4823 3449 4874 mortuorum
3461 4820 3750 4893 primoge-

420 4996 526 5068 (84)
555 4997 680 5051 Act.
714 4996 822 5070 ᾼρ.
856 5010 915 5060 ιι,
947 4995 1017 5047 22
1048 5009 1062 5050 :
1093 4987 1303 5064 Ἄνδρα
1332 4988 1440 5043 ἀπὸ
1468 4991 1566 5044 τοῦ
1597 4991 1732 5044 Θεοῦ
1761 4987 2011 5046 ἀποδεδει

2124 5010 2212 5045 νον
2245 4988 2324 5052 εἷς
2357 4991 2494 5064 ὑμᾶς
2540 4988 2794 5066 δυνάμεσι
2823 4993 2913 5047 καὶ
2942 4991 3122 5069 τέρασι
3175 4992 3265 5049 καὶ
3297 4993 3548 5070 σημείοις
3579 5001 3747 5062 Conf.

465 5111 478 5128 .
512 5071 600 5133 35,
635 5083 695 5122 n.
730 5067 782 5120 3.

343 5085 797 5209 Ρᾶίζέὸἵῗοὲίιίίὸ
837 5136 1076 5191 biblica.
1109 5134 1460 5189 Conferatur
1486 5149 1620 5189 mox
1650 5137 1792 5190 nota
1811 5135 1902 5188 88.

440 5215 530 5280 86)
553 5209 722 5281 Apud
751 5210 916 5264 Joan.
951 5225 1002 5271 ν,
1023 5211 1114 5271 25,
1146 5209 1234 5261 28.

440 5277 530 5344 87)
563 5277 736 5337 Marc.
769 5298 867 5346 xu,
900 5281 990 5341 26,
1016 5282 1083 5332 27
1115 5295 1127 5332 :
1162 5277 1316 5334 conf.
1349 5278 1484 5333 Luc.
1517 5295 1616 5332 xx.
1649 5279 1738 5347 37,
1772 5279 1858 5332 38.

562 5353 762 5433 Matth.
800 5368 921 5433 χιιι,
955 5351 1149 5433 49143.
1173 5415 1230 5433 Μ
1561 5422 1584 5433 υ

414 5415 527 5495 (89)
554 5425 717 5495 Joan'
751 5440 830 5486 ιι,
859 5423 963 5495 89]
994 5417 1133 5488 Ἣδη
1169 5415 1298 5495 ὄζει·
1327 5422 1650 5495 τεταρτ-αῖοσ
1677 5419 1778 5495 γάρ
1809 5416 1942 5495 ἐστι.

437 5500 526 5565 90)
559 5497 577 5549 1
605 5494 786 5566 Epist.
820 5493 896 5548 ad
916 5493 1046 5580 Cor:
1080 5510 1169 5581 κγ,
1203 5494 1269 5580 23
1296 5489 1542 5582 εᾶπαρχὴ
1565 5489 1818 5616 Χριστός.
1851 5491 1934 5549 Cf.
1966 5507 2011 5548 II

438 5568 532 5616 9M
564 5567 701 5616 Luc.
734 5582 811 5616 ix.
843 5567 910 5616 27
935 5581 951 5616 :
973 5569 1042 5616 υι
1071 5583 1135 5616 ου
1169 5583 1247 5616 un
1279 5581 1580 5616 γευσωνται
1643 5582 1864 5616 ανατου.

2133 5509 2194 5549 n.
2225 5495 2281 5550 4.

438 5559 532 5640 91)
564 5559 701 5623 ιιιᾶ.
734 5582 811 5621 Ix.
843 5567 910 5619 27
935 5581 951 5621 :
973 5561 1042 5620 Οἳ
1071 5563 1135 5618 ού
1169 5563 1247 5635 μὴ
1279 5559 1580 5637 γεύσωνται
1609 5559 1864 5619 Θανάτου.
