4042 6154
265 241 370 299 931

1811 227 2175 282 ADDENDA.

3551 213 3663 275 932

267 367 431 426 nitus
453 363 697 420 effectus
727 363 819 415 est
839 361 889 430 (ι
923 359 1044 416 Cor.
1078 355 1212 423 xu).
1246 354 1592 422 Quanquam
1619 349 1778 406 enim
1808 349 1908 405 alii

2037 349 2246 417 ιότοκος
2297 350 2586 427 γενόμενος
2645 357 2759 426 (92)
2792 393 2806 406 .
2863 349 3195 426 Ἦγέρθησαν
3260 345 3358 420 μὶν
3411 345 3513 421 γάρ
3571 344 3667 400 καὶ

276 471 509 530 quoque
527 470 561 508 a
580 458 765 506 morte
783 450 857 506 ad
878 449 1055 503 vitam
1079 444 1316 502 excitati
1345 447 1696 509 sunt,morte
1714 447 1915 496 tamen

277 561 484 601 rursus
512 542 698 597 functi
733 544 888 604 sunt,
922 553 1031 591 nec
1058 535 1271 589 futurae
1296 550 1441 587 verae
1465 530 1916 586 resurrectionis

275 634 597 700 imaginem
622 629 898 685 exhibere
920 630 1258 698 potuerunt.
1284 623 1453 677 Solus
1469 628 1662 675 autem
1685 623 1808 691 ipse
1828 636 1915 674 re-

277 720 662 779 surrectionis
686 719 844 772 illius
868 720 1074 772 auctor
1091 731 1155 768 ac
1177 713 1448 784 priuceps
1471 711 1711 765 exstitit.
1736 709 1914 778 utqui

273 809 596 867 immortali
620 805 1051 862 resurrectione
1081 802 1153 856 ad
1174 803 1346 854 vitam
1371 800 1612 854 redierit
1667 800 1798 852 Haec
1829 795 1918 850 illi

276 902 451 956 etiam
479 898 574 968 qui
597 896 668 950 ab
692 895 859 948 initio
885 898 1246 962 spectatores
1265 906 1331 944 ac
1357 889 1607 942 ministri
1625 887 1779 941 verbi
1797 888 1920 940 fue-

275 981 1132 1059 runt,przedicarunt.Aitenim
1146 979 1585 1033 beatusPaulus.
1599 977 1696 1046 qui
1713 992 1830 1030 non
1846 975 1916 1029 ab

280 1076 646 1140 hominibus,
676 1073 779 1127 sed
810 1088 839 1125 e
870 1070 1015 1125 cmlo
1047 1074 1283 1123 voca-tus
1314 1073 1403 1121 est
1433 1067 1558 1122 (Gal
1615 1068 1672 1136 i):
1707 1067 1918 1120 Notum

281 1166 447 1220 vobis
461 1163 630 1230 facio,
650 1162 880 1224 fratres,
903 1158 1275 1229 Evangelium
1292 1156 1447 1226 quod
1461 1154 1806 1209 annuntiavi
1821 1170 1919 1207 vo-

282 1250 632 1308 bis.Tradidi
650 1249 807 1303 enim
824 1247 986 1302 vobis
1002 1248 1059 1300 in
1075 1246 1281 1318 primis
1297 1244 1451 1315 quod
1467 1250 1523 1299 et
1537 1243 1921 1313 accepi.quod

284 1342 550 1397 Christus
574 1344 840 1393 mortuus
854 1342 943 1391 est
965 1353 1066 1407 pro
1087 1335 1341 1406 peccatis
1364 1334 1582 1388 nostris
1597 1331 1922 1386 secundum

285 1431 700 1501 Scripturas,et
721 1426 878 1496 quod
902 1425 1168 1496 sepultus
1192 1429 1366 1487 est,et
1395 1422 1554 1493 quod
1578 1420 1920 1487 resurrexit,

286 1518 612 1583 secundum
632 1516 964 1585 Scripturas
1012 1516 1180 1573 (Rom.
1226 1514 1318 1582 IV).
1346 1511 1400 1565 Si
1432 1517 1628 1566 autem
1660 1511 1924 1564 Christus

286 1607 638 1678 praedicatur
651 1604 808 1675 quod
832 1603 1151 1656 resurrexit
1171 1618 1204 1656 a
1225 1602 1495 1666 mortuis,
1517 1599 1812 1671 quomodo
1836 1599 1925 1652 di-

2023 437 2186 496 ἄλλοι
2218 441 2276 496 ἐκ
2303 445 2410 497 τῶν
2461 445 2688 517 νεκρῶν,
2743 437 2870 496 ἀλλ’
2922 441 3073 503 αὖθις
3123 435 3387 492 ἀπέθανον
3434 434 3525 490 καὶ
3558 434 3664 490 οὐκ

2024 529 2251 606 ἔφθασαν
2282 529 2456 586 εἰκόνα
2505 539 2604 599 τῆς
2639 529 2954 602 μελλούσης
3006 526 3273 598 ἀληθινῆς
3327 526 3667 585 ἀναστάσεως

2023 627 2383 693 παραστῆσαι·
2420 621 2578 692 μόνος
2622 619 2678 674 δέ
2709 620 2866 681 αὐτὸς
2916 625 3015 687 τῆς
3069 616 3407 676 ἀναστάσεως
3456 615 3672 683 ἐκείνης

2025 710 2272 784 ἀρχηγὸς
2335 711 2542 785 ἐγένετο
2576 756 2592 777 ,
2650 713 2866 780 πρῶτος
2943 708 3042 774 τὴν
3119 705 3379 768 ἀθάνατον
3433 702 3671 778 ἐγερθεὶς

2026 798 2347 856 ἀνάστασιν.
2401 801 2578 853 Ταῦτα
2633 797 2722 852 καὶ
2780 798 2833 850 οἱ
2890 795 2980 849 ἀπ’
3032 795 3211 869 ἀρχῆς
3270 792 3530 847 αὐτόπται
3578 790 3668 845 καὶ

2029 889 2291 961 ὑπηρέται
2327 888 2604 965 γενόμενοι
2653 891 2748 942 τοῦ
2797 885 2962 961 λόγου
3021 886 3278 956 ἐκήρυξαν
3333 888 3463 955 (93).
3515 882 3667 952 Φησὶ

2027 977 2129 1052 γὰρ
2181 979 2208 1032 6
2258 980 2522 1051 μακάριος
2577 976 2807 1046 Παῦλος,
2865 976 2925 1029 οὗ
2981 977 3016 1044 ἡ
3074 974 3273 1041 κλῆσις
3331 973 3434 1027 οὐκ
3491 971 3539 1045 ἐξ
3571 972 3670 1025 ἀν-

2027 1067 2279 1140 θρώπων,
2312 1067 2436 1122 ἀλλ’
2483 1066 2767 1140 ούράνόθεν
2828 1067 2939 1136 (94)
2992 1065 3193 1140 γέγονε·
3255 1063 3508 1136 Γνωρίζω
3550 1063 3671 1134 (95)

2028 1155 2180 1228 ὑμῖν,
2211 1152 2462 1229 ἀδελφοὶ,
2501 1156 2562 1210 τὸ
2612 1152 2946 1230 Εὐαγγέλιον
2981 1153 3009 1207 ὃ
3041 1150 3475 1226 εὐηγγελισάμην
3511 1151 3668 1221 ὑμῖν·

2028 1242 2314 1314 παρέδωκα
2343 1245 2443 1317 γὰρ
2493 1245 2618 1318 ὑμῖν
2655 1243 2705 1298 ἐν
2764 1243 3004 1317 πρώτοις
3037 1242 3064 1295 ὀ
3093 1240 3181 1295 καὶ
3213 1233 3543 1314 παρέλαϐον,
3579 1240 3668 1293 ὅτι

2031 1334 2258 1408 Χριστὸς
2309 1335 2566 1388 ἀπέθανεν
2627 1333 2758 1406 ὑπὲρ
2814 1336 2920 1386 τῶν
2981 1333 3258 1404 ἁμαρτιῶν
3320 1327 3682 1401 ἡμῶν,κατᾶ

2028 1426 2123 1485 τὰς
2156 1423 2386 1500 Γραφάς·
2445 1422 2492 1477 εἷ’
2550 1420 2606 1478 δὲ
2663 1423 2893 1491 Χριστὸς
2944 1420 3293 1494 κηρύσσεται,
3331 1418 3412 1472 ὅτι
3471 1417 3530 1472 ἐκ
3587 1438 3676 1471 νε·

2031 1517 2176 1584 κρῶν
2228 1512 2538 1588 ἐγήγερται,
2585 1515 2688 1569 πο
2713 1516 2831 1573 πῶς
2882 1510 3102 1585 λέγουσί
3161 1529 3302 1571 τινες
3331 1509 3412 1563 ὅτι
3447 1508 3681 1562 ἀνάσταυ

2035 1623 2115 1664 σις
2149 1603 2250 1656 ούκ
2299 1599 2490 1669 ἔστινς
2549 1600 2600 1655 εἶ’
2641 1600 2744 1677 γὰρ
2801 1601 2980 1674 νεκροὶ
3042 1599 3141 1653 οὐκ
3199 1598 3519 1674 ἐγείρονται,
3549 1593 3680 1650 οὐδέ

285 1701 428 1749 cunt
447 1694 710 1765 quidam.
736 1692 895 1762 quod
919 1691 1239 1745 resurectio
1263 1696 1628 1744 mortuorum
1652 1706 1772 1743 non
1798 1687 1928 1742 est?

2037 1692 2266 1765 Χριστὸς
2324 1690 2634 1764 ἐγήγερται·
2699 1689 2748 1744 εἶ
2805 1687 2862 1744 δὲ
2918 1689 3148 1760 Χριστὸς
3209 1689 3310 1742 οὐκ
3361 1685 3678 1760 ἐγήγερται,

286 1787 429 1841 Nam
462 1786 508 1839 si
542 1783 756 1838 mortui
789 1800 907 1836 non
940 1787 1273 1852 resurgunt,
1294 1796 1366 1834 ne
1397 1780 1660 1834 Christus
1682 1778 1925 1849 quidem

282 1873 690 1928 resurrexit.Si
713 1877 909 1926 autem
933 1871 1200 1925 Christus
1219 1886 1340 1924 non
1365 1870 1703 1924 resurrexit.
1730 1868 1928 1923 inanis

288 1969 376 2015 est
399 1961 546 2016 ﬁdes
569 1966 776 2015 vestra.
805 1959 1010 2013 Adhuc
1032 1959 1172 2013 estis
1196 1959 1253 2011 in
1271 1959 1525 2028 peccatis
1538 1959 1765 2013 vestris.
1793 1959 1848 2011 Si
1865 1958 1926 2012 in

290 2050 401 2104 hac
428 2056 654 2105 tantum
680 2049 794 2103 vita
816 2054 1120 2119 sperantes
1139 2064 1341 2101 sumus
1357 2048 1417 2101 in
1434 2047 1930 2112 Christo,misera-

287 2138 532 2193 biliores
563 2153 766 2192 sumus
816 2137 1091 2190 omnibus
1140 2136 1501 2190 hominibus.
1531 2138 1693 2190 Nunc
1733 2141 1929 2190 autem

289 2226 556 2280 Christus
587 2225 910 2279 resurrexit
940 2241 974 2278 a
1021 2224 1289 2278 mortuis.
1326 2223 1600 2294 primitiae
1632 2223 1928 2277 dormien-

296 2315 460 2370 tium.
495 2313 782 2378 Quoniam
799 2311 1036 2382 quidem
1057 2328 1159 2382 per
1173 2311 1476 2366 hominem
1492 2328 1671 2376 mors,
1705 2329 1809 2381 per
1823 2311 1926 2365 ho-

292 2403 517 2458 minem
540 2406 736 2456 autem
772 2401 1124 2456 resurrectio
1157 2407 1540 2454 mortuorum.
1580 2401 1651 2455 Ut
1680 2401 1839 2454 enim
1870 2400 1932 2455 in

293 2491 480 2547 Adam
493 2507 700 2546 omnes
719 2491 1072 2550 moriuntur,
1105 2490 1258 2544 itain
1281 2490 1508 2543 Christo
1524 2505 1730 2543 omnes
1746 2490 1928 2543 vivifi-

291 2579 584 2636 cabuntur
617 2581 669 2648 (Ι
685 2579 806 2634 Cor.
839 2589 948 2636 xv).
977 2580 1046 2631 Et
1073 2578 1274 2646 paucis
1296 2579 1620 2648 interjectis
1646 2595 1658 2632 :
1693 2580 1936 2648 Oportet

294 2668 474 2728 enim.
496 2667 708 2737 inquit.
745 2666 1128 2736 corruptibile
1143 2666 1254 2720 hoc
1280 2665 1523 2720 induere
1541 2667 1931 2738 incorruptio-

296 2773 456 2820 nem,
480 2757 795 2810 etmortale
819 2757 928 2810 hoc
960 2755 1205 2810 induere
1239 2756 1766 2814 immortalitatem.
1789 2758 1933 2811 Cum

301 2851 496 2900 autem
530 2845 778 2899 mortale
807 2847 916 2898 hoc
949 2845 1208 2898 induerit
1240 2845 1767 2902 immortalitatem.
1793 2852 1936 2899 tunc

299 2935 604 2989 ﬁetsermo
621 2934 719 3004 qui
735 2934 990 3003 scriptus
1005 2933 1676 3004 est.Absorptaestmors
1689 2935 1748 2988 in
1764 2934 1936 2988 victo-

295 3023 402 3079 ria.
415 3023 518 3078 Ubi
535 3029 624 3077 est
653 3023 984 3077 mors.victo
995 3023 1080 3077 ria
1093 3029 1190 3077 tua
1203 3022 1336 3077 ?Ubi
1353 3023 1933 3086 est.mors,stimulus

293 3117 429 3167 tuus
452 3112 478 3166 ?
501 3113 846 3168 Destruetur
859 3117 1055 3167 autem
1070 3129 1311 3182 prorsus
1332 3129 1399 3166 ac
1421 3112 1934 3167 delebiturmortis

292 3201 576 3274 potentia.
598 3201 962 3271 utquaajam
1005 3217 1120 3254 Vim
1155 3217 1322 3254 suam
1363 3218 1482 3254 non
1511 3207 1938 3267 exerat,verum

297 3291 577 3360 deinceps
596 3290 940 3344 hominibus
956 3291 1373 3345 immortalitas
1397 3290 1936 3362 atqueincorrupti-

299 3378 878 3449 bilitassempiterna
899 3379 1276 3433 concedatur.
1311 3379 1434 3432 Erit
1454 3379 1650 3450 igitur.
1682 3381 1812 3438 erit.
1846 3380 1942 3434 in-

300 3483 500 3537 quam,
521 3467 648 3521 sine
663 3467 784 3522 ulla
799 3467 1164 3522 dubitatione
1182 3474 1542 3522 mortuorum
1564 3470 1938 3536 resurrectio,

301 3556 480 3626 idque
493 3556 820 3612 certissime
840 3557 1155 3612 credimus.
1181 3557 1512 3622 Quinetiam
1531 3574 1727 3613 rerum
1748 3559 1807 3612 in
1825 3561 1942 3614 vita.

295 3653 872 3718 gestarum.examen
889 3663 955 3700 ac
970 3649 1496 3718 prmmiaetpmnas
1519 3648 1643 3701 fore
1666 3665 1940 3719 perspec-

299 3739 420 3788 tum
436 3734 808 3802 habemus,in
828 3736 1142 3790 metuendo
1158 3734 1944 3793 videlicetadventusChristi

299 3823 452 3895 die(I
471 3826 586 3879 Pet.
609 3824 691 3894 ιι),
717 3825 776 3879 in
801 3825 1060 3895 quocwli
1087 3825 1219 3896 igne
1241 3826 1543 3880 solventur
1562 3832 1620 3881 et
1652 3827 1946 3883 elementa

295 3913 504 3968 ardore
527 3914 976 3973 contabescent.
1030 3921 1095 3967 ut
1125 3914 1379 3985 theologi
1413 3916 1721 3986 cujusdam
1754 3917 1946 3971 verbis

299 4007 451 4056 utar.
463 4002 646 4056 Novos
661 4009 856 4058 autem
873 4003 1147 4066 cmlos,ac
1161 4020 1368 4058 novam
1387 4008 1604 4057 terram
1619 4006 1944 4060 secundum

297 4089 485 4159 ipsius
501 4091 890 4159 promissione
905 4094 1480 4162 exspectamusJNam
1501 4093 1657 4162 quod
1671 4093 1793 4148 illic
1807 4111 1946 4165 ope-

302 4193 436 4232 rum
451 4179 693 4247 praemia
707 4186 764 4233 et
778 4198 962 4250 paenae
978 4182 1097 4235 sint
1125 4181 1391 4251 nihilque
1407 4181 1642 4237 omnino
1654 4182 1946 4239 bonorum

308 4265 399 4320 vel
420 4265 710 4321 malorum
733 4270 1082 4341 negligatur.
1108 4287 1307 4325 verum
1331 4272 1723 4340 etactionum,
1748 4278 1806 4327 et
1823 4290 1940 4329 ver-

297 4354 531 4415 borum.
565 4361 622 4410 et
642 4357 1060 4428 cogitationum
1087 4377 1314 4415 merces
1338 4361 1642 4415 recondita
1655 4363 1826 4420 sit.ex
1849 4363 1958 4418 his-

300 4444 379 4498 Ch
389 4444 513 4498 ris-ti
538 4445 729 4500 verbis
743 4452 1000 4501 constat:
1020 4449 1365 4520 Quicunque
1381 4457 1584 4520 potum
1600 4450 1943 4505 dederituni

303 4533 656 4588 exminimis
671 4534 797 4589 istis
815 4536 1061 4591 calicem
1081 4554 1246 4607 aquae
1261 4539 1741 4610 frigidaedantum
1765 4540 1824 4593 in
1841 4557 1942 4595 no-

302 4623 462 4680 mine
480 4623 756 4696 discipuli
771 4641 890 4682 non
905 4626 1460 4698 perdetmercedem
1475 4630 1946 4702 suam(Matth.x).

2036 1780 2233 1853 ματαία
2273 1781 2306 1848 ἡ
2347 1778 2524 1841 πίστις
2583 1782 2767 1850 ἡμῶν,
2827 1774 2902 1832 ἔτι
2963 1777 3080 1831 ἐστέ
3137 1776 3186 1831 ἐν
3245 1781 3363 1837 ταῖς
3419 1774 3680 1846 ἀνομίαις

2035 1871 2208 1943 ὑμῶν·
2243 1868 2290 1923 έῖ
2322 1867 2372 1922 ἐν
2417 1872 2483 1940 τῇ
2519 1869 2634 1938 ζωῇ
2685 1867 2852 1941 ταύτῃ
2913 1865 3212 1936 ἠλπικότες
3268 1863 3422 1936 ἐσμὶν
3453 1862 3505 1917 ἐν
3538 1865 3676 1935 Χριο

2035 1965 2145 2030 στῷ
2201 1960 2396 2031 μόνον,
2454 1957 2806 2031 ἐλεεινότεροι
2863 1956 3076 2010 πάντων
3136 1954 3432 2024 ἀνθρώπων
3492 1953 3676 2025 ἐσμὲν.

2033 2047 2165 2102 Νυνὶ
2199 2045 2255 2102 δὲ
2286 2047 2514 2120 Χριστὸς
2573 2046 2856 2122 ἐγήγερται
2913 2045 2970 2099 ἐκ
3025 2048 3248 2109 νεκῖῶν,
3309 2043 3532 2116 ἀπαρχὴ
3563 2045 3676 2095 τῶν

2034 2135 2450 2209 κεκοιμημένων
2505 2135 2814 2210 γενόμενος·
2874 2131 3062 2201 ἐπειδὴ
3097 2133 3198 2208 γάρ
3259 2129 3330 2186 δι’
3388 2130 3681 2204 ανθρώπου

2037 2227 2064 2280 6
2123 2228 2397 2292 θάνατος,
2451 2224 2540 2279 καὶ
2599 2222 2668 2279 δι’
2735 2224 3022 2298 ἀνθρώπου
3089 2222 3368 2280 ἀνάστασις
3429 2223 3678 2293 νεκρῶν·

2038 2315 2217 2388 ὥσπερ
2248 2314 2349 2388 γάρ
2382 2313 2432 2366 ἐν
2463 2317 2542 2385 τῷ
2582 2310 2758 2386 ’Λὸἀμ
2802 2313 2994 2373 πάντες
3045 2312 3501 2380 ἀποθνήσκουσιν,
3536 2308 3683 2362 οὕτω

2037 2404 2127 2459 καὶ
2184 2401 2235 2457 ἐν
2293 2407 2373 2473 τῷ
2429 2405 2646 2476 Χριστῷ
2703 2401 2896 2463 πάντες
2953 2401 3470 2470 ζωοποιηθήσονται
3527 2398 3678 2470 (96).

2041 2491 2138 2546 Καὶ
2169 2492 2283 2563 μετ’
2313 2489 2490 2564 ὀλίγα·
2527 2495 2616 2544 Δεῖ
2644 2491 2746 2565 γὰρ
2779 2491 2840 2544 τὸ
2873 2490 3106 2567 φθαρτὸν
3153 2492 3315 2542 τοῦτο
3365 2483 3686 2541 ἐνδύσασθαι

2042 2581 2336 2657 ἀφθαρσίαν
2379 2579 2467 2634 καὶ
2519 2581 2580 2634 τὸ
2640 2579 2832 2647 θνητὸν
2889 2583 3052 2633 τοῦτο
3115 2575 3426 2639 ἐνδύσασθαι
3484 2575 3687 2638 ἀθανα-

2042 2669 2179 2724 σίαν·
2212 2669 2336 2722 ὅταν
2368 2665 2424 2722 δέ
2451 2669 2513 2722 τὸ
2544 2669 2775 2744 φθαρτὸν
2825 2671 2986 2722 τοῦτο
3046 2665 3328 2736 ἐνδύσηται
3387 2664 3684 2743 ἀφθαρσίαν

2041 2759 2129 2814 καὶ
2161 2760 2222 2813 τὸ
2253 2758 2446 2826 θνητὸν
2492 2761 2652 2811 τοῦτο
2705 2755 2990 2825 ἐνδύσηται
3045 2754 3351 2823 ἀθανασίαν,
3381 2755 3506 2809 τότε
3535 2753 3681 2823 πλη-

2044 2850 2346 2926 ρωθήσεται
2378 2847 2406 2900 6
2438 2845 2605 2920 λόγος
2639 2847 2666 2900 6
2697 2845 3100 2920 γεγραμμένος·
3157 2844 3435 2914 Κατεπόθη
3471 2845 3499 2899 ὁ
3529 2842 3686 2897 θάναδ

2040 2959 2133 3001 τος
2164 2937 2238 2998 εἰς
2279 2941 2447 2999 νῖκος·
2480 2940 2583 2989 ποῦ
2624 2957 2744 3003 σου,
2795 2936 3006 3000 θάνατε,
3039 2935 3100 2989 τὸ
3130 2937 3346 3010 κέντρον
3383 2953 3397 3002 ς
3429 2937 3534 2987 ποῦ
3565 2953 3685 2988 σου.

1966 3046 2008 3111 C
2045 3025 2171 3098 ᾆδη,
2201 3024 2263 3080 τὸ
2294 3030 2442 3086 νῖκος
2473 3044 2486 3092 ;
2512 3027 2882 3096 -Καταργεῑται
2912 3025 3016 3098 γάρ
3045 3023 3230 3078 τέλεον
3262 3026 3297 3091 ἡ
3328 3025 3422 3077 τοῦ
3451 3023 3686 3075 θανάτου

2046 3113 2267 3187 δύναμις
2295 3114 2418 3168 τότε
2444 3113 2534 3168 καὶ
2585 3113 2913 3190 ἀφανίζεται,
2951 3114 3146 3185 μηκέτι
3196 3112 3340 3174 ὅλως
3371 3110 3679 3182 ἐνεργοῦσα,

2038 3203 2164 3260 ἀλλ’
2195 3202 2450 3258 ἀθανασία
2479 3200 2673 3258 λοιπὸν
2702 3202 2793 3256 καὶ
2851 3200 3123 3279 ἀφθαρσία
3182 3199 3390 3255 δίδοται
3417 3203 3531 3258 τοῖς
3587 3197 3684 3251 ἀν-

2041 3294 2280 3369 θρώποις
2327 3291 2563 3352 κῖώνιος.
2623 3293 2812 3346 Ἔσται
2861 3289 2974 3360 οὗν,
3009 3287 3154 3344 ἔσται
3203 3290 3316 3361 (97)
3347 3286 3690 3364 ἀναμφιλέκ-

2037 3385 2212 3450 τωςὴ
2266 3386 2372 3436 τῶν
2432 3384 2632 3455 νεκρῶν
2693 3380 2997 3446 ἀνάστασις,
3055 3378 3145 3433 καὶ
3202 3382 3363 3433 τοῦτο
3421 3376 3694 3432 ἀνενδοιά-

2043 3493 2179 3532 στως
2215 3469 2558 3541 πιστεύομεν·
2617 3467 2766 3525 ἀλλά
2816 3469 2903 3523 καὶ
2936 3463 3173 3541 ἀμοιϐὰς
3204 3469 3293 3522 καὶ
3325 3466 3550 3532 εὐθύνας
3583 3470 3693 3520 τῶν

2047 3556 2376 3633 βεϐωμένων
2435 3558 2762 3632 γινόσκομεν
2838 3557 2973 3611 κατά
3020 3557 3120 3625 τήν
3177 3550 3410 3632 φοϐερὰν
3487 3550 3698 3629 ἡμέραν

2041 3659 2140 3720 τῆς
2168 3654 2266 3705 τοῦ
2297 3651 2526 3723 Χριστοῦ
2584 3644 2904 3715 παρουσίας,
2937 3643 3006 3700 δι’
3034 3646 3100 3714 ἧς
3131 3645 3349 3720 ούρανοῖ
3405 3645 3692 3719 πυρούμε-

2041 3762 2124 3795 νοι
2159 3738 2484 3809 λυθήσονται
2515 3736 2604 3790 καί
2663 3740 2914 3810 στοιχεῖα
2970 3734 3284 3806 καυσύμενα
3339 3735 3587 3804 τήκεται,
3618 3734 3694 3794 ὥς

2045 3828 2174 3908 φησί
2203 3849 2285 3889 τις
2318 3829 2430 3898 (98)
2461 3829 2568 3880 τῶν
2616 3824 2920 3899 θεηγόρων,
2959 3827 3049 3880 71
3089 3824 3308 3884 καινοὺς
3342 3821 3400 3877 δὲ
3436 3821 3699 3895 οὐρανοὺς

2043 3919 2132 3973 καὶ
2162 3917 2351 3983 καινὴν
2397 3922 2521 3988 γῆν,
2576 3913 2803 3967 κατὰτὸ
2859 3911 3174 3986 ἐπάγγελμα
3233 3911 3401 3966 αὐτοῦ
3453 3909 3693 3985 προσδο-

2043 4012 2246 4077 κῶμεν.
2281 4005 2402 4062 Ὀτι
2445 4004 2548 4078 γὰρ
2606 3996 2837 4072 ἀμοιϐαὶ
2893 4001 2982 4056 καὶ
3044 4001 3256 4055 εὐθύναι
3317 3999 3419 4055 εἰσὶ
3445 4003 3554 4054 τῶν
3609 3993 3696 4073 ἕρ-

2045 4115 2156 4170 γων
2190 4093 2320 4154 ἐκεῖ.
2351 4095 2440 4146 καὶ
2472 4089 2627 4146 οὐδὲν
2661 4089 2806 4152 ὅλως
2835 4094 2938 4145 τῶν
2978 4091 3192 4164 ἀγαθῶν
3220 4091 3253 4157 ἢ
3281 4093 3389 4144 τῶν
3435 4091 3695 4158 πονηρῶν

2052 4185 2452 4257 παροφθήσεται
2485 4228 2501 4248 ,
2560 4179 2706 4235 ἀλλά
2760 4179 2850 4233 καὶ
2920 4175 3092 4253 ἔργων
3151 4179 3240 4233 καὶ
3301 4178 3551 4254 ῥηματον
3605 4176 3699 4231 καὶ

2047 4273 2394 4344 ἐνθυμήσεων
2453 4266 2837 4330 ἀνταποδόσεις
2895 4267 3248 4333 ἀπόκεινται,
3313 4264 3505 4336 δῆλον·
3559 4265 3697 4343 φησὶ

2047 4362 2148 4438 γὰρ
2181 4362 2208 4416 6
2241 4361 2454 4434 Κύριος·
2489 4360 2585 4420 ’ος
2620 4361 2732 4430 «99)
2765 4356 2852 4412 ἐὰν
2909 4377 3107 4431 ποτισῃ
3166 4352 3274 4410 ἕνα
3315 4360 3424 4410 τῶν
3487 4358 3697 4428 μικρῶν

2051 4451 2258 4510 τούτων
2291 4450 2552 4523 ποτήριον
2592 4451 2840 4522 ψύχροῦν
2888 4450 2962 4519 (1)
2997 4446 3165 4519 μόνον
3198 4445 3274 4508 εἷς
3321 4443 3496 4517 ὄνομα
3518 4456 3698 4517 μαθη-

2053 4545 2171 4608 τοῦ,
2205 4541 2268 4595 οὐ
2304 4539 2380 4610 μή
2423 4537 2664 4610 ἀπολέσῃ
2722 4537 2815 4590 τόν
2879 4535 3067 4607 μισθὸν
3123 4534 3308 4591 αὐτοῦ.
3370 4534 3475 4589 Καὶ
3531 4531 3712 4588 πάλιν-

2057 4625 2224 4705 λέγει·
2285 4626 2450 4683 “Οταν
2511 4628 2586 4698 (2)
2644 4620 2776 4698 ἔλθῃ
2810 4624 2837 4678 6
2869 4623 2992 4678 Υἱὸς
3050 4627 3146 4678 τοῦ
3202 4622 3493 4698 ἀνθρώπου
3549 4620 3602 4676 ἐν
3630 4624 3718 4694 τῇε

512 4859 696 4938 Epist.
731 4860 803 4938 ad
837 4860 1058 4938 Coloss.
1094 4878 1134 4923 ι,
1165 4863 1254 4938 _t§,
1289 4861 1360 4917 de
1390 4863 1527 4938 .lesu
1560 4879 1588 4938 :_
1607 4862 1714 4938 ’Ὡς
1735 4861 1876 4938 ἐστιν
1908 4864 1931 4918 ἆ

2037 4865 2081 4938 ἦ,
2109 4860 2458 4938 πρωτότοκος
2490 4858 2549 4938 ἐκ
2580 4861 2804 4938 νεκρῶν..

513 4926 724 5009 [319.1,
758 4931 1015 5009 2:50:96);
1045 4928 1347 5009 παρέδοσαν
1375 4935 1514 5009 ᾐμῖν
1546 4932 1595 5009 οἱ
1627 4935 1715 5009 ἀπ’
1747 4937 1924 5009 ἀρχῇς

2037 4926 2216 4989 έόπται
2247 4933 2332 4987 καῖ
2373 4926 2952 5009 ὑπηρέται-γενόμενοι
2982 4931 3079 5009 τοῦ
3109 4926 3303 5009 λόγου,

325 5037 340 5073 -_
372 5002 482 5069 (94ης
513 5003 693 5073 Epist.
728 5005 1014 5059 ad'Galat.
1053 5022 1090 5071 ι,
1124 5002 1149 5058 l
1180 5021 1193 5059 :

298 5071 532 5141 Χριστοῦ
561 5070 814 5147 καὶ-Θεοῦ
850 5075 1074 5147 Πατρός.

373 5145 483 5220 (ἓξι
515 5144 750 5220 [Ερίξιι
785 5145 856 5220 ed
889 5144 997 5203 (10⁷Γ
1057 5165 1148 5220 ιν·
1176 5148 1200 5201 1
1228 5165 1362 5220 sqq-

1252 4995 1495 5077 Παῦλος,
1555 4995 2016 5069 ἀπόστολόξνούκ
2073 5008 2165 5062 ἀπ’
2223 4995 2513 5079 ἀνθρώπόὺ
2570 4995 2694 5057 οὐδὲ
2739 4995 2810 5055 δις
2863 4999 3170 5076 ἀνθρώπου,
3195 4995 3350 5055 ’ἀλλ-ἀ
3380 4995 3468 5053 διὰ
3522 4997 3708 5067 Ἰησοῦ

372 5215 486 5283 (96)
514 5213 657 5289 Ηὶιξῦ
679 5216 949 5289 Paulino,
977 5219 1246 5289 epist._ad
1266 5213 1593 5289 Ausonium
1619 5225 1673 5286 2,
1696 5223 1960 5280 Christus
1983 5223 2176 5280 dictus
2199 5225 2310 5289 est,
2338 5241 2368 5272 «
2389 5217 2760 5276 Mortalitatis
2790 5217 2908 5273 vita
2931 5220 3148 5273 nostra:
3179 5220 3239 5272 et
3266 5231 3426 5272 mors
3455 5213 3642 5271 necis.
3676 5237 3697 5263 ι

298 5282 742 5356 παροιμιῶδες...
779 5288 913 5344 Cod.
938 5282 1127 5345 ’272οε
1161 5283 1306 5344 ἔσται
1338 5311 1426 5346 σοι
1455 5287 1601 5346 ἔσται
1635 5282 1803 5352 οὐκ...

373 5357 484 5433 (9S)
519 5357 676 5433 ξεῖν,
708 5360 756 5413 11
786 5360 970 5430 Epist.
1003 5377 1083 5429 ιιι,
1117 5365 1200 5433 12,
1237 5365 1323 5422 13.

373 5427 483 5493 (99)
520 5429 698 5485 Matth
755 5447 809 5496 κ,
834 5427 924 5486 ᾆ2.

373 5497 451 5569 (1)
481 5499 574 5556 Sic
606 5501 840 5558 codices
863 5503 972 5570 AC.

373 5572 452 5644 (2)
487 5572 694 5635 Matth.
726 5591 856 5647 XIV,
886 5577 949 5635 3t
986 5593 1152 5652 seqq.
