4042 6154
335 292 446 350 933

1512 294 1684 350 νΙΤΑ
1717 291 2068 348 BARLAAH
2102 292 2198 348 ΕΤ
2231 291 2573 349 JOASAPH.

3623 304 3732 364 934

342 417 474 495 δόξῃ
505 416 816 488 αὐτοῦ,καῖ
871 417 1066 480 πάντες
1117 418 1168 474 οἱ
1225 415 1371 494 ἅγιοι
1427 415 1656 493 ἄγγελοι
1718 419 1832 492 μετ’
1889 417 1988 474 αὐ-

2127 421 2183 474 lc
2203 434 2441 474 rursum
2496 435 2567 474 ex
2607 418 2730 474 his:
2756 421 2900 476 Cum
2925 424 3346 483 veneritFilius
3376 430 3636 490 hominis
3667 436 3728 494 in

342 513 461 578 τοῦ,
489 506 615 564 τότε
659 509 1096 583 συναχθήσονται
1144 506 1444 582 ἔμπροσθεν
1497 506 1663 563 αὐτοῦ
1711 506 1881 562 πάντα
1922 507 1988 562 τὰ

343 593 472 668 ἔθνη
504 597 595 651 καὶ
624 597 839 674 ἀφοριεῖ
878 596 1072 661 αὐτοὺς
1119 596 1208 650 ἀπ’
1255 595 1544 668 ἀλλήλων,
1596 601 1776 672 ῶσπερ
1812 598 1840 651 ὁ
1870 617 1991 651 ποι-

353 691 460 763 μὴν
491 687 734 765 ἀφορίζει
762 687 829 742 τὰ
857 682 1105 763 πρόϐατα
1133 688 1238 741 ἀπὸ
1286 691 1390 741 τῶν
1444 685 1666 766 ἐρίφων,
1710 688 1796 742 καὶ
1851 687 1989 756 στή-

349 778 524 833 οειτά
558 778 652 849 μὶν
684 771 931 851 πρόϐατα
975 777 1032 830 ἐκ
1089 774 1274 846 δεξιῶν
1331 777 1520 844 αὐτοῦ,
1575 778 1641 832 τά
1695 773 1753 831 δὲ
1810 775 1993 850 ἐρίφια

349 867 400 944 ἐξ
433 867 751 938 εὐωνύμων·
784 866 908 920 τότε
937 865 1048 940 ἐρεῖ
1099 866 1126 921 ὁ
1189 864 1444 942 βασιλεὺς
1502 872 1620 928 τοῖς
1690 865 1748 921 ἐκ
1805 864 1990 938 δεξιῶν

349 956 532 1012 αὐτοῦ·
568 959 744 1024 Δεῦτε,
779 955 830 1009 οἰ
862 954 1228 1030 εὐλογημένοι
1259 959 1355 1010 τοῦ
1412 955 1624 1031 Πατρός
1678 975 1805 1028 μου,
1857 952 1995 1022 κλη-

353 1047 696 1122 ρονομήσατε
742 1046 838 1114 τήν
898 1045 1310 1116 ἡτοιμασμένην
1374 1046 1500 1118 ὑμῖν
1557 1043 1833 1120 βασιλείαν
1892 1042 1998 1097 ἀπὸ

351 1128 667 1202 καταϐολῆς
713 1133 944 1206 κόσμου·
1008 1133 1259 1188 ἐπείνασα
1304 1133 1405 1210 γὰρ
1461 1133 1548 1188 καὶ
1605 1130 1841 1188 ἐδώκατέ
1901 1151 1997 1203 μοι

353 1228 568 1306 φαγεῖν,
596 1221 827 1296 ἐδίψησα
856 1223 947 1277 καὶ
1007 1222 1286 1279 ἐποτίσατέ
1347 1243 1434 1296 με,
1494 1223 1642 1296 ξένος
1700 1221 1851 1294 ἢμην
1910 1218 1999 1275 καὶ

354 1307 687 1388 συνηγάγετέ
735 1331 824 1385 με,
885 1313 1094 1386 γυμνὸς
1149 1313 1238 1366 καὶ
1297 1308 1648 1386 περιεϐάλετέ
1706 1332 1793 1384 με,
1834 1311 2000 1381 ἠσθο-

352 1423 492 1474 νησα
546 1402 637 1457 καὶ
696 1401 1060 1475 ἐπεσκέψασθέ
1121 1423 1208 1476 με,
1271 1401 1322 1456 ἐν
1385 1403 1603 1480 φυλακῇ
1684 1401 1835 1474 ἢμην
1911 1400 2000 1455 καὶ

356 1491 556 1562 ἤλθετε
585 1491 722 1564 πρός
760 1511 842 1563 με.
879 1489 944 1548 Τί
973 1495 1134 1545 τοῦτο
1166 1487 1338 1566 λέγων
1370 1508 1384 1560 ;
1415 1493 1512 1553 τας
1541 1489 1830 1565 γινομένας
1878 1489 2004 1562 παρ’

358 1582 521 1655 ἡμῶν
556 1579 633 1642 εἷς
661 1578 788 1642 τοὺς
821 1577 1115 1653 δεομένους
1164 1579 1407 1641 εὐποιῒας
1461 1580 1635 1652 ἐαυτῷ
1681 1577 2002 1650 οἴκειούμε-

359 1691 473 1736 νος.
507 1669 611 1726 Καὶ
642 1669 692 1723 ἐν
727 1667 895 1743 ἑτέρῳ
941 1665 1108 1744 λέγει’
1169 1674 1277 1731 Πᾶς
1335 1672 1413 1742 (3)
1460 1669 1610 1730 ’ὀστις
1668 1667 2003 1742 ὁμολογήσει

363 1760 416 1816 ἐν
444 1758 569 1833 ἐμοὶ
600 1757 904 1832 ἔμπροσθεν
934 1763 1042 1813 τῶν
1100 1758 1419 1833 ἀνθρώπων,
1469 1756 1810 1831 ὁμολογήσω
1856 1755 2006 1830 κάγὼ

363 1847 416 1904 ἐν
442 1847 587 1918 αὐτῷ
617 1845 921 1922 ἔμπροσθεν
952 1850 1050 1901 τοῦ
1081 1845 1289 1921 Πατρός
1326 1868 1430 1918 μου
1456 1851 1554 1900 τοῦ
1585 1845 1636 1900 ἐν
1661 1845 1933 1917 οὐρανοῖς.

440 1934 580 1994 Ἰδοὺ
640 1934 730 1992 διὰ
785 1936 998 1990 πάντων
1080 1935 1290 1990 τούτων
1347 1935 1434 1990 καὶ
1498 1933 1686 1991 ἄλλων
1742 1933 2007 1990 πλειόνων

375 2030 473 2086 72
504 2025 753 2097 ἐδήλωσε
787 2021 1004 2102 βεϐαίας
1034 2025 1166 2080 εἶναι
1197 2025 1285 2082 καὶ
1318 2024 1574 2104 ἀσφαλεῖς
1627 2025 1723 2086 τὰς
1777 2017 2011 2096 ἀμοιϐὰς

372 2121 482 2173 τῶν
511 2115 722 2192 ἀγαθῶν
755 2113 944 2192 ἔργων’
980 2113 1129 2171 ἀλλά
1183 2115 1274 2170 καὶ
1324 2120 1429 2170 τῶν
1480 2112 1733 2170 ἐναντίων
1791 2111 2010 2175 εὐθύνας

377 2207 697 2268 ἀποκεῖσθαι
727 2205 1161 2281 προκατήγγειλε
1192 2201 1280 2258 διὰ
1309 2198 1638 2278 παραϐολῶν
1698 2199 2010 2273 θαυμασίων

374 2296 463 2351 καὶ
495 2294 760 2366 ἐξαισίων,
793 2295 852 2356 ἃς
899 2296 935 2363 ὴ
993 2293 1142 2368 πηγή
1198 2299 1299 2362 τῆς
1355 2291 1541 2370 σοφίας
1597 2294 1672 2364 (4)
1727 2289 2014 2366 πανσόφως

381 2381 702 2461 διηγήσατοθ
763 2383 896 2438 ποτὶ
954 2383 1048 2454 μὶν
1133 2378 1396 2436 πλούσιόν
1473 2401 1594 2435 τινα
1675 2380 2012 2454 παρεισάγων

379 2473 660 2552 πορφύραν
716 2473 806 2528 καὶ
886 2473 1080 2549 βύσσον
1163 2469 1515 2544 ἐνδεδυμένον
1576 2473 1674 2542 (5),
1730 2469 1821 2524 καὶ
1899 2468 2018 2523 καθ’

380 2561 592 2638 ἡμέραν
624 2561 895 2635 λαμπρῶς
937 2559 1378 2638 εὐφραινόμενον,
1437 2557 1765 2631 ἁμετάδοτον
1825 2554 1882 2611 δὲ
1928 2554 2018 2610 καὶ

386 2650 592 2721 ἀνηλεῆ
651 2648 787 2726 πρὸς
845 2648 975 2710 τοὺς
1034 2647 1323 2721 δεομένους
1407 2648 1740 2722 ὑπάρχοντα,
1802 2645 1877 2708 ὡς
1928 2643 2019 2698 καὶ

385 2735 610 2815 πτωχόν
640 2758 761 2794 τινα
791 2739 1035 2813 Λάζαρον
1071 2737 1299 2809 ὀνόματι
1327 2736 1460 2811 πρὸς
1513 2737 1604 2789 τὸν
1658 2733 1882 2789 πυλῶνα
1927 2733 2019 2787 αὐ-

385 2833 482 2886 τοῦ
525 2824 861 2905 βεϐλημένον
915 2821 1310 2903 παραϐλέπειν,
1366 2825 1454 2880 καὶ
1513 2822 1641 2879 οὐδὲ
1697 2822 1870 2878 αὐτῶν
1910 2826 2019 2876 τῶν

384 2924 486 2988 τῆς
513 2919 783 2994 τραπέζης
815 2916 978 2971 αὐτοῦ
1009 2915 1214 2990 ψιχίων
1250 2911 1550 2969 ἐπιδιδόναι
1599 2913 1762 2984 αὐτῷ·
1814 2911 2022 2966 ἀποθα-

379 3008 581 3063 νόντων
645 3005 737 3062 οὖν
794 3007 1145 3080 ἀμφοτέρων,
1201 3004 1228 3058 ὁ
1285 3004 1380 3076 μὲν
1432 3004 1598 3074 πένης
1676 3001 1877 3062 ἐκεῖνος
1931 2998 2023 3055 καὶ

383 3094 709 3169 ἡλκωμένος
733 3094 1044 3170 ἀπηνέχθη,
1069 3094 1250 3171 φησὶν,
1277 3092 1352 3156 εἷς
1372 3093 1462 3147 τὸν
1513 3088 1721 3145 κόλπον
1749 3085 2023 3163 Ἀϐραὰμ,

2038 1805 2085 1870 Β

2093 511 2404 578 majestate
2418 525 2542 572 sua,
2570 515 2629 564 et
2641 526 2844 566 omnes
2860 513 3200 585 angelicum
3217 533 3304 583 eo,
3340 523 3479 575 tunc
3502 523 3732 578 sedebit

2097 614 2274 669 super
2286 598 2482 654 sedem
2511 600 2836 669 maiestatis
2849 608 3582 678 sum,etcongregabuntur
3595 620 3734 668 ante

2099 703 2232 742 eum
2260 705 2467 744 omnes
2479 692 3190 762 gentesetseparabiteos
3205 695 3275 749 ab
3291 696 3540 752 invicem
3558 744 3569 756 .
3586 701 3740 756 sicut

2098 784 2300 849 pastor
2312 784 2576 850 segregat
2589 795 2721 833 oves
2734 779 2804 834 ab
2819 781 3004 836 haedis
3035 784 3102 836 Et
3115 791 3333 840 statuet
3349 804 3482 842 oves
3496 790 3738 859 quidem

2100 883 2134 923 ε.
2155 868 2374 921 dextris
2397 867 2538 923 suis.
2569 868 2768 922 haedos
2799 876 2997 924 autem
3027 887 3061 925 a
3092 873 3368 929 sinistris.
3396 878 3553 933 Tunc
3585 879 3742 934 dicet

2101 959 2220 1013 Rex
2243 959 2333 1012 his
2354 959 2506 1028 quia
2526 958 2744 1013 dextris
2768 967 2972 1015 erunt:
3000 964 3525 1029 Venite,benedicti
3550 971 3739 1026 Patris

2102 1047 2218 1101 mei
2235 1047 2545 1116 possidete
2559 1064 2803 1120 regnum
2820 1050 2979 1104 vobis
2993 1059 3262 1122 paratum
3276 1071 3308 1109 a
3321 1058 3742 1115 constitutione

2104 1136 2330 1192 mundi.
2364 1137 2587 1190 Esurivi
2613 1138 2791 1203 enim,
2817 1145 2874 1193 et
2905 1141 3151 1196 dedistis
3174 1145 3316 1197 mihi
3346 1147 3740 1216 manducare;

2105 1225 2279 1291 sitivi,
2303 1230 2361 1279 et
2381 1224 2626 1280 dedistis
2647 1227 2791 1280 mihi
2807 1226 3038 1295 bibere;
3062 1231 3276 1301 hospes
3297 1240 3546 1298 eram,et
3565 1236 3743 1290 colle-

2105 1313 2270 1385 gistis
2299 1330 2432 1380 me;
2465 1315 2678 1377 nudus,
2710 1321 2768 1370 et
2797 1319 3183 1387 COOperuistis
3213 1336 3306 1374 me
3333 1321 3660 1388 ;inﬁrmus,
3687 1328 3745 1378 et

2104 1402 2384 1457 visitastis
2417 1419 2508 1456 me
2540 1421 2553 1468 ς
2587 1404 2648 1458 in
2681 1420 2915 1460 carcere
2943 1423 3124 1466 eram.
3159 1413 3216 1463 et
3244 1410 3488 1464 venistis
3519 1411 3592 1466 ad
3650 1428 3744 1467 me

2107 1492 2322 1561 (Matth.
2360 1496 2506 1557 xxv).
2537 1494 2652 1548 Cur
2677 1494 2969 1551 hisverbis
2984 1497 3188 1564 utitur,
3210 1499 3325 1552 nisi
3349 1499 3488 1570 quia
3518 1499 3746 1555 beneﬁ—

2109 1581 2218 1645 cia,
2253 1597 2383 1651 quae
2416 1598 2450 1635 a
2478 1582 2650 1637 nobis
2673 1583 2731 1637 in
2752 1590 2990 1656 egentes
3011 1587 3418 1656 conferuntur,
3441 1589 3550 1643 sibi
3571 1589 3748 1645 ascis-

2111 1669 2231 1723 cit?
2255 1671 2324 1723 Et
2355 1670 2470 1724 alio
2506 1670 2631 1726 loco
2664 1672 2778 1726 ait:
2813 1674 3018 1729 Omnis
3049 1676 3390 1748 quicunque
3435 1678 3751 1733 conﬁtebi-

2113 1763 2209 1812 tur
2238 1774 2331 1813 me
2363 1775 2559 1813 coram
2608 1760 2969 1828 hominibus,
3021 1765 3348 1820 conﬁtebor
3373 1771 3430 1819 et
3477 1783 3580 1839 ego
3612 1784 3746 1822 eum

2117 1863 2313 1902 coram
2344 1849 2514 1902 Patre
2546 1865 2698 1908 meo.
2735 1851 2834 1920 qui
2869 1857 2957 1905 est
2988 1851 3048 1906 in
3077 1854 3240 1908 ccelis
3272 1856 3447 1924 (Luca:
3478 1859 3598 1926 xu).

2186 1938 2269 1990 En
2302 1953 2406 2008 per
2433 1944 2558 1992 haac
2589 1938 2807 2006 omnia,
2841 1957 2907 1994 ac
2941 1941 3109 2012 plura
3140 1942 3276 2003 alia.
3312 1944 3480 1999 firma
3504 1951 3562 1998 et
3591 1949 3752 2002 certa

2117 2041 2244 2080 esse
2278 2026 2567 2081 bonorum
2590 2044 2836 2098 operum
2859 2031 3102 2099 praemia
3126 2031 3756 2097 declaravit.Quemad-

2116 2113 2352 2168 modam
2378 2115 2553 2169 etiam
2576 2122 2783 2171 contra
2805 2117 3206 2187 improbarum
3231 2120 3529 2174 actionum
3550 2137 3755 2190 poenas

2117 2201 2239 2257 illic
2251 2204 2490 2257 recondi
2502 2211 2586 2257 tas
2601 2221 2728 2260 esse
2747 2205 3245 2278 denuntiavit,per
3256 2208 3636 2264 admirandas
3649 2209 3756 2263 sci-

2118 2291 2258 2345 licet
2289 2297 2346 2345 et
2372 2292 2616 2347 eximias
2644 2293 2953 2363 parabolas
2977 2311 3121 2365 quas
3162 2296 3264 2350 ille
3288 2297 3592 2367 sapientiae
3623 2297 3755 2352 fons

2119 2396 2361 2450 prorsus
2399 2381 2697 2451 sapienter
2727 2383 3015 2453 exposuit.
3042 2385 3267 2439 Etenim
3287 2385 3525 2440 divitem
3545 2403 3752 2456 quem-

2121 2468 2255 2523 dam
2282 2468 2512 2523 inducit
2537 2472 2714 2539 (Lucze
2743 2473 2872 2539 xw),
2905 2488 3166 2542 purpura
3182 2480 3239 2527 et
3259 2473 3431 2542 bysso
3455 2474 3752 2542 indutum,

2122 2573 2189 2611 ac
2220 2557 2482 2627 quotidie
2516 2558 2824 2628 splendide
2855 2560 3228 2630 epulantem;
3258 2568 3525 2617 tenacem
3556 2571 3753 2618 autem

2123 2651 2298 2715 atque
2329 2661 2363 2699 a
2395 2646 2800 2701 misericordia
2829 2654 3142 2715 remotum,
3171 2649 3316 2703 adeo
3343 2656 3407 2704 ut
3436 2668 3756 2722 pauperem

2126 2731 2464 2805 quemdam,
2494 2734 2767 2788 Lazarum
2800 2736 3063 2794 nomine.
3097 2735 3170 2790 ad
3200 2736 3355 2792 fores
3395 2754 3531 2792 suos
3553 2739 3763 2808 jacen-

2126 2829 2244 2878 tem
2277 2823 2624 2894 despiceret,
2659 2840 2726 2878 ac
2757 2841 2830 2878 ne
2874 2825 3033 2895 ipsas
3083 2825 3323 2896 quidem
3368 2843 3588 2882 mensas
3640 2845 3761 2883 suae

2127 2911 2311 2966 micas
2343 2913 2394 2965 ei
2424 2910 2771 2982 impertiret.
2808 2913 3064 2984 Utroque
3117 2914 3295 2986 igitur
3342 2922 3600 2972 extremo
3631 2918 3761 2972 vitae

2129 3001 2221 3056 die
2255 3002 2474 3065 functo,
2507 3018 2733 3072 pauper
2753 3001 2993 3072 quidem
3016 3003 3116 3058 ille
3139 3009 3316 3074 atque
3360 3005 3665 3061 ulcerosus
3701 3007 3764 3063 in

2128 3091 2380 3146 Abrahm
2404 3091 2598 3144 sinum
2613 3090 2843 3146 delatus
2866 3098 3095 3163 esthuo
3119 3109 3331 3163 nempe
3345 3093 3624 3147 vocabulo
3639 3111 3770 3165 pro-

383 3186 484 3255 τήν
516 3190 625 3240 τῶν
651 3183 874 3240 δικαίων
908 3182 1194 3238 συναυλίαν
1226 3181 1367 3236 οὕτω
1399 3178 1674 3249 δηλώσας·
1706 3179 1734 3234 ὁ
1764 3175 1821 3232 δὲ
1851 3175 2015 3232 πλού-

2135 3181 2281 3235 boru
2291 3197 2343 3233 m
2357 3179 2612 3234 virorum
2628 3179 2824 3234 sedem
2850 3181 3183 3236 declaravit‘
3195 3181 3374 3247 ,dives
3388 3188 3595 3238 contra
3616 3199 3773 3238 acer-

383 3296 502 3338 σιος
558 3273 834 3345 παρεδόθη
891 3270 1059 3350 φλογὶ
1117 3277 1313 3346 πικρᾶς
1365 3269 1597 3344 βασάνου
1653 3267 1706 3322 ἐν
1763 3271 1843 3340 τῷ
1897 3263 2023 3340 ᾅδῃ·

385 3367 526 3440 πρὸς
580 3364 637 3418 δν
698 3358 946 3435 Ἀϐραὰμ
998 3359 1199 3436 ἔλεγεν·
1262 3352 1562 3419 ’Λπέλαϐες
1621 3355 1683 3411 οὐ
1739 3355 1806 3410 τά
1861 3354 2030 3428 ἀγαθά

388 3475 485 3510 σου
517 3453 570 3509 ἐν
600 3455 669 3526 τῇ
714 3451 828 3527 ζώῇ
889 3472 1007 3520 σου,
1058 3449 1147 3505 καὶ
1197 3446 1442 3524 Λάζαρος
1485 3444 1694 3519 ὁμοίως
1750 3445 1817 3499 τά
1869 3445 2025 3498 κακά·

385 3547 480 3600 νῦν
514 3541 572 3598 δὶ
603 3543 758 3604 οὗτος
793 3542 886 3614 μὲν
919 3537 1334 3614 παρακαλεῖται,
1367 3536 1430 3591 σὺ
1464 3534 1520 3592 δὲ
1551 3533 1824 3591 ὀδυνᾶσαι.

457 3633 714 3707 Ἑτέρωθι
747 3628 805 3686 δὲ
851 3628 1189 3704 παρεικάζων
1248 3628 1350 3696 τήν
1402 3630 1508 3681 τῶν
1565 3625 1808 3700 οὐρανῶν
1873 3624 2028 3698 βασι.

388 3719 536 3778 λείαν
579 3719 849 3795 ἀνθρώπῳ
911 3716 1148 3795 βασιλεῖ,
1208 3715 1357 3779 ὅστις
1415 3714 1638 3784 ἐποίησε
1689 3713 1898 3787 γάμους
1955 3709 2033 3785 τῷ

396 3811 500 3882 οἱῷ
529 3809 694 3864 αὐτοῦ
727 3812 826 3882 (6),
854 3809 952 3877 τὴν
1009 3804 1316 3881 μέλλουσαν
1377 3801 1708 3880 εὐφροσύνην
1754 3799 1842 3856 καί
1885 3799 2034 3874 λαμ-

393 3897 642 3976 πρότητα
673 3897 816 3952 οὕτω
848 3893 1056 3967 δηλῶν.
1093 3895 1233 3968 Πρὸς
1264 3893 1585 3968 ανθρώπους
1615 3891 1718 3967 γὰρ
1748 3889 2035 3952 ταπεινοὺς

389 3987 480 4045 καὶ
509 3987 575 4042 τά
604 3986 818 4062 ἐπίγεια
867 3988 1197 4062 φρονοῦντας
1245 3982 1336 4038 τὸν
1389 3979 1553 4057 λόγον
1599 3979 1930 4053 ποιούμενος
1977 3978 2036 4034 ἐκ

389 4083 502 4135 τῶν
531 4079 779 4147 συνήθων
812 4074 998 4137 αὐτοῖς
1026 4073 1118 4128 καὶ
1149 4071 1445 4147 γνωρίμων
1494 4067 1676 4125 ἐδίδου
1717 4069 1813 4130 τὰς
1863 4087 2036 4143 παρα-

392 4164 585 4229 ϐολας.
618 4166 698 4225 Οὐ
733 4164 919 4239 μέντοι
952 4160 1010 4219 δὲ
1047 4163 1262 4236 γάμους
1315 4159 1406 4216 καὶ
1454 4160 1720 4232 τραπέζας
1763 4156 1814 4212 ἐν
1843 4155 2036 4230 ἐκείνῳ

392 4255 710 4334 παρεδήλου
737 4261 818 4329 τῷ
847 4254 1004 4310 αἰῶνι
1032 4253 1186 4308 εἶναι·
1241 4250 1387 4307 ἀλλὰ
1431 4252 1502 4321 τῆ
1548 4249 1724 4305 αὐτῶν
1770 4269 2038 4323 συγκατα-

397 4343 597 4404 ϐαίνων
631 4342 1229 4420 παχύτητι,τοιούτοις
1279 4339 1510 4414 ἀνόμασι
1562 4339 1853 4414 κέχρηται,
1897 4359 2039 4412 γνω-

398 4437 545 4513 ρίσαι
574 4435 761 4497 αὐτοῖς
797 4434 865 4489 τὰ
923 4428 1196 4504 μέλλοντα
1255 4428 1614 4506 βουλόμενος.
1674 4430 1773 4486 78
1829 4427 2039 4487 Πάντας

2135 3268 2381 3323 bissimo
2412 3267 2668 3323 flammai
2698 3269 2987 3340 supplicio
3020 3270 3080 3323 in
3104 3269 3334 3325 inferno
3365 3269 3634 3327 addictus
3660 3277 3772 3327 est.

2138 3357 2226 3414 Ad
2261 3373 2436 3428 quem
2464 3356 2638 3412 etiam
2674 3357 2970 3413 Abraham
3001 3358 3093 3413 his
3115 3359 3306 3414 verbis
3328 3360 3630 3416 utebatur:
3665 3363 3774 3418 Re-

2139 3446 2346 3517 cepisti
2377 3445 2533 3501 bona
2562 3445 2621 3500 in
2653 3446 2770 3502 vita
2802 3454 2918 3511 tua,
2953 3453 3010 3502 et
3033 3449 3276 3505 Lazarus
3299 3449 3572 3505 similiter
3595 3452 3770 3506 mala.

2140 3537 2305 3591 Nunc
2335 3540 2532 3590 autem
2567 3535 2692 3606 ipse
2724 3537 3084 3601 consolatur,
3119 3543 3181 3592 tu
3209 3555 3342 3593 vero
3373 3539 3676 3595 cruciaris.

2211 3625 2464 3678 Rursum
2492 3623 2607 3678 alio
2641 3625 2768 3679 loco
2800 3624 3360 3699 ccelorumregnum
3393 3628 3623 3682 homini
3652 3627 3775 3701 regi

2142 3713 2337 3767 simile
2353 3728 2478 3766 esse
2491 3712 2573 3766 ait
2595 3713 2694 3783 qui
2719 3713 2841 3767 ﬁlio
2857 3731 2962 3768 suo
2986 3715 3222 3785 nuptias
3237 3715 3375 3769 fecit
3395 3717 3779 3782 (Matth.xxu).

2142 3803 2254 3856 Per
2266 3802 2501 3873 nuptias
2516 3819 2688 3873 porro
2706 3803 3442 3858 futuralaatitiaetclaritas
3461 3803 3782 3859 indicatur.

2141 3893 2373 3947 Etenim
2387 3893 2461 3947 ad
2475 3892 2730 3946 humiles
2743 3909 2809 3947 ac
2825 3893 3074 3947 terrenis
3087 3892 3393 3947 affectibus
3408 3893 3663 3947 imbutos
3677 3893 3780 3947 ho-

2142 3983 2335 4038 mines
2357 3981 2532 4036 verba
2552 3981 2796 4046 faciens,
2829 3981 2900 4035 ab
2934 3982 3005 4035 iis
3035 3981 3211 4036 rebus
3237 3999 3366 4052 quae
3391 3982 3534 4053 ipsis
3552 3981 3779 4037 usitatae

2143 4087 2211 4125 ac
2243 4070 2562 4126 lamiliares
2593 4077 2780 4137 erant.
2812 4071 3121 4142 parabolas
3153 4071 3439 4125 ducebat:
3473 4088 3592 4125 non
3623 4070 3781 4142 quod

2144 4161 2382 4232 nuptias
2410 4161 3038 4216 etmensasinmvoillo
3060 4178 3188 4216 csse
3217 4160 3561 4216 ostenderet
3588 4161 3689 4215 sed
3706 4161 3780 4218 ad

2145 4267 2349 4306 eorum
2375 4250 2703 4304 crassitiem
2727 4266 2855 4304 sese
2879 4249 3317 4318 demittens,his
3333 4249 3633 4306 vocabulis
3655 4255 3782 4304 ute-

2144 4339 3330 4411 batur,utfuturaipsisperspicuafaceret
3357 4341 3784 4410 Omnesitaque

2144 4428 2467 4500 inquit.rex
2485 4427 2586 4482 ille
2599 4427 2838 4482 sublimi
2855 4429 3148 4500 praaconio
3165 4428 3236 4484 ad
3251 4430 3487 4500 nuptias
3501 4429 3785 4498 invitavit,

399 4526 496 4602 μὶν
528 4522 642 4592 οὐν,
677 4524 834 4602 φησὶ,
866 4517 1216 4577 συνεκάλεσεν
1249 4520 1278 4576 ὁ
1313 4518 1565 4594 βασιλεὺς
1626 4515 1827 4591 ὑψηλῷ
1871 4515 2009 4592 κηρύ

2149 4525 2325 4591 atque
2346 4524 2411 4573 ut
2430 4517 2602 4573 bonis
2621 4517 2740 4572 illis
2761 4516 2835 4573 ad
2863 4517 3194 4573 satietatem
3218 4534 3405 4590 usque
3426 4519 3786 4574 fruerentur.

391 4636 562 4694 γματι
591 4616 669 4689 (7)
701 4609 975 4668 συνελθεῖν
1009 4609 1088 4674 εἷς
1112 4609 1241 4671 τοὺς
1272 4605 1485 4682 λάμους
1510 4606 1600 4694 καὶ
1650 4605 2038 4694 ἐμφορηθῆναι

395 4693 502 4761 ⁸τῶν
535 4701 861 4779 ἀπορρήτων
895 4699 1109 4776 ἀγαθῶν
1165 4696 1404 4752 ἐκείνων
1459 4693 1666 4750 πολλοὶ
1696 4693 1754 4750 δί
1781 4699 1889 4750 τῶν
1947 4715 2036 4750 κε-

397 4794 689 4866 κλημένων
720 4789 1089 4862 ἀμελήσαντες
1124 4786 1225 4842 οὐκ
1253 4785 1528 4855 ἀπῆλθον,
1579 4783 1728 4852 ἀλλ’,
1778 4783 2036 4859 ἀπασχο-

399 4879 665 4952 λήσαντες
695 4877 937 4948 ἑαυτοὺς,
969 4878 1022 4933 οὶ
1074 4876 1170 4949 μὶν
1200 4874 1276 4938 εἷς
1323 4871 1546 4948 ἀγροὺς.
1591 4872 1644 4928 οἳ
1703 4869 1762 4927 δὶ
1812 4872 1890 4936 εἶς
1938 4871 2037 4946 ἒμ-

395 4969 612 5046 πορίας,
647 4969 698 5024 οἱ
731 4967 788 5023 δὲ
845 4966 921 5029 εἷς
965 4964 1300 5042 νεονὺμφους
1345 4965 1618 5038 γυναῖκας,
1668 4960 2034 5032 ἀπεστέρησαν

401 5058 620 5121 ἑαυτοὺς
651 5063 754 5127 τῆς
811 5053 1210 5130 λαμπρότητος
1262 5055 1360 5106 τοῦ
1416 5047 1729 5128 νυμφῶνος.
1781 5050 2033 5108 Ἐκείνων

402 5144 461 5204 δὶ
488 5147 726 5205 ἐθελοντὶ
762 5140 1243 5221 ἀλλοτριωθέντων
1272 5147 1374 5212 τῆς
1398 5145 1634 5217 τερπνῆς
1674 5139 2036 5218 εὐφροσύνης,

475 5352 552 5422 (3)
581 5351 718 5407 Luc.
747 5367 854 5417 xu,
883 5352 940 5410 8.

476 5414 552 5494 (4)
583 5423 806 5496 Sirach.
837 5414 880 5491 ἱ,
911 5427 940 5478 5
969 5439 983 5476 :
1013 5420 1167 5496 πηγὴ
1200 5414 1388 5496 σοφίας
1420 5415 1586 5494 λόγος
1619 5417 1775 5474 Θεοῦ.

504 5497 559 5562 5)
590 5494 726 5551 Luc.
758 5510 878 5558 xvr,
914 5498 979 5550 19
1003 5494 1168 5565 seqq.

501 5568 554 5636 6)
587 5565 790 5622 Matth.
823 5583 964 5632 χιιι,
994 5570 1029 5621 2
1058 5581 1224 5637 seqq.

2147 4608 2310 4664 Multi
2343 4613 2540 4664 autem
2572 4623 2774 4662 eorum
2806 4607 2908 4678 qui
2940 4606 3165 4662 invitati
3196 4608 3448 4674 fuerant,
3473 4607 3558 4661 ire
3591 4607 3792 4677 negle-

2144 4703 2397 4753 xerunt:
2439 4713 2644 4752 verum
2677 4714 2737 4753 se
2767 4697 2928 4768 ipsos
2958 4697 3176 4766 partim
3198 4697 3261 4752 in
3294 4696 3470 4767 agris,
3492 4695 3706 4766 partim
3729 4695 3791 4749 in

2146 4785 2666 4859 negotiationibus,
2698 4785 2914 4856 partim
2937 4787 2997 4840 in
3025 4785 3304 4840 uxoribus
3321 4798 3511 4854 nuper
3533 4782 3792 4852 acceptis

2147 4880 2523 4946 occupantes,
2548 4873 2832 4946 nuptialis
2849 4874 3094 4929 thalami
3112 4871 3427 4944 splendore
3450 4875 3789 4926 caruerunt.

2145 4965 2270 5019 Illis
2283 4970 2480 5019 autem
2502 4979 2608 5018 sua
2629 4969 2837 5035 sponte
2854 4979 2889 5020 a
2905 4963 3253 5020 suavissima
3271 4960 3591 5016 illalaatitia
3604 4959 3798 5016 exclu'

2147 5053 2356 5120 sis,alii
2369 5052 2555 5109 vocati
2573 5059 2913 5125 sunt.atque
2931 5053 3188 5125 impletae
3203 5049 3538 5123 suntepulaa
3552 5050 3798 5105 discum-

2145 5142 2442 5202 bentibus.
2475 5144 2782 5216 Ingressus
2821 5150 3018 5199 autem
3059 5146 3239 5198 rexut
3275 5140 3500 5199 videret
3538 5138 3796 5197 discum-

506 5627 560 5710 7')
597 5637 766 5698 Prov.
801 5653 882 5711 ιι,
915 5627 990 5696 τε
1021 5627 1334 5698 Ἀπέστειλε
1357 5628 1488 5698 τούς
1519 5631 1717 5704 ἑαυτῆς
1754 5627 2009 5706 δοῦλους,
2038 5627 2385 5712 συγκαλοῦσα
2414 5631 2553 5710 μετὰ
2581 5628 2798 5708 ὑψηλοῦ
2824 5627 3202 5709 κηρύγματος.
