4042 6154
257 269 363 325 935

1771 264 2105 317 ADDENDA
2121 303 2131 315 .

3542 261 3652 315 936

259 394 488 459 bentes,
520 393 665 447 vidit
697 392 819 446 illic
849 389 1153 445 hominem
1172 405 1289 441 non
1313 388 1583 442 vestitum
1610 390 1765 439 veste
1784 402 1896 439 nu-

2022 386 2173 442 Είλλοι
2197 388 2674 461 προσεκλήθησαν·
2729 388 2817 443 καὶ
2868 383 3115 457 ἐπλήσθη
3149 384 3386 457 ὁγάμος
3442 384 3656 440 ἀνακει-

260 485 430 556 ptiali
461 482 753 536 Etdixitei
776 478 1329 547 :Amice,quomodo
1345 478 1461 531 huc
1492 477 1745 535 intrasti.
1780 490 1899 529 non

265 574 491 627 habens
523 578 743 625 vestem
775 566 1150 638 nuptialem?
1180 570 1249 619 At
1284 566 1382 619 ille
1402 566 1699 619 obmutuit
1743 566 1902 618 Tunc

266 663 525 717 dixitrex
546 659 863 714 ministris:
888 656 1099 728 Ligatis
1116 656 1361 726 pedibus
1376 672 1441 709 ac
1458 655 1729 708 manibus
1753 654 1901 723 ejus.

265 751 451 805 tollite
486 766 641 803 eum.
678 755 735 802 et
768 747 979 800 mittite
1015 747 1073 798 in
1100 745 1372 798 tenebras
1404 746 1741 797 exteriores.
1778 743 1903 796 Illic

264 839 567 894 erittletus
615 844 671 890 et
710 836 927 889 stridor
984 835 1249 888 dentium
1307 836 1415 886 Per
1446 834 1551 886 bos
1586 849 1758 902 porro
1804 830 1903 900 qui

266 928 489 997 nuptiis
520 928 806 980 interesse
860 930 1225 981 recusarunt.
1282 938 1389 975 nec
1434 924 1484 975 ei
1521 939 1552 975 a
1598 938 1712 991 quo
1745 938 1905 973 voca-

267 1016 483 1070 bantur
510 1016 630 1068 ullo
662 1013 835 1067 modo
866 1028 1091 1065 morem
1112 1018 1441 1077 gesserunt,
1468 1010 1550 1063 illi
1577 1010 1907 1079 significan-

269 1109 364 1157 tur
389 1104 488 1173 qui
509 1104 579 1157 ad
603 1101 817 1155 Christi
840 1100 1016 1154 fidem
1042 1098 1282 1152 minime
1299 1105 1906 1162 accurrernnt,verum

270 1198 373 1247 aut
404 1194 463 1245 in
498 1191 791 1244 idolorum
824 1189 1001 1245 cultu.
1040 1194 1140 1241 aut
1172 1188 1228 1240 in
1264 1187 1462 1256 aliqua
1493 1188 1701 1240 haeresi
1736 1203 1908 1256 pers-

274 1279 540 1333 titerunt.
570 1280 680 1331 Per
710 1294 844 1332 eum
876 1282 1069 1329 autem
1105 1276 1202 1345 qui
1226 1281 1381 1327 veste
1410 1276 1629 1345 nuptiis
1661 1291 1912 1329 consen-

275 1373 449 1422 tanea
479 1366 733 1431 carebat,
768 1366 816 1419 is
847 1365 1085 1418 demum
1118 1363 1482 1432 intelligitur,
1509 1364 1607 1432 qui
1642 1362 1755 1416 {ide
1778 1363 1909 1432 qui-

280 1455 411 1510 dem
444 1454 724 1526 praaditus
755 1454 884 1517 fuit.
951 1460 1227 1508 caeterum
1274 1452 1641 1524 spiritualem
1693 1458 1910 1505 vestem

275 1544 526 1614 impuris
559 1543 795 1615 ﬂagitiis
827 1542 1255 1612 conspurcavit,
1302 1542 1633 1610 meritoque
1666 1540 1911 1611 proinde

274 1648 308 1687 a
333 1632 615 1703 nuptialis
637 1632 879 1686 thalami
912 1631 1116 1684 laetitia
1147 1631 1453 1684 submotus
1486 1635 1593 1684 est.

346 1827 494 1892 Quin
526 1828 698 1882 aliam
726 1843 959 1897 quoque
982 1826 1321 1896 hujusmodi
1348 1826 1683 1896 parabolam
1706 1825 1913 1880 eodem

273 1919 668 1991 pertinentem
695 1916 1237 1986 attulit,propositis
1260 1916 1541 1969 nimirum
1565 1916 1767 1970 decem
1793 1917 1916 1986 qui-

275 2007 526 2060 busdam
570 2005 911 2076 virginibus.
971 2022 1220 2073 quarum
1272 2005 1533 2074 quinque
1594 2005 1913 2075 prudentes

277 2100 462 2151 erant.
498 2101 555 2147 et
584 2095 846 2162 quinque
878 2093 1049 2146 fatuas
1082 2094 1278 2155 (Matth
1332 2094 1484 2163 xxv).
1517 2095 1652 2157 Qum
1674 2094 1913 2162 quidem

272 2182 473 2243 fatum.
509 2182 765 2251 acceptis
799 2180 1172 2250 lampadibus
1206 2181 1347 2244 suis,
1386 2197 1500 2234 non
1536 2188 1915 2251 sumpserunt

277 2272 474 2325 oleum
509 2287 731 2331 secum,
765 2271 1086 2341 prudentes
1116 2276 1311 2323 autem
1344 2276 1742 2340 sumpserunt.
1799 2273 1915 2325 Hoc

278 2367 477 2416 autem
509 2360 636 2413 loco
668 2376 771 2429 per
792 2359 987 2412 oleum
1020 2359 1337 2429 probarum
1370 2360 1666 2414 actionum
1691 2377 1914 2431 posses-

278 2451 504 2504 sionem
538 2448 905 2519 significavit.

347 2554 533 2607 Media
551 2559 745 2607 autem
765 2552 1408 2623 nocte,inquit.clamor
1422 2553 1607 2607 factus
1622 2558 1711 2607 est
1736 2571 1747 2606 :
1768 2556 1912 2608 Ecce

274 2658 525 2712 sponsus
538 2642 875 2703 venit,exite
890 2642 1115 2695 obviam
1126 2643 1385 2695 ei.Porro
1401 2660 1503 2712 per
1518 2642 1770 2697 mediam
1786 2660 1913 2697 noc-

275 2736 393 2785 tem
423 2731 713 2785 dieiillius
760 2730 1238 2784 incertitudinem
1272 2732 1569 2785 indicavit.
1595 2734 1751 2787 Tunc
1782 2751 1911 2787 sur-

274 2824 556 2873 rexerunt
577 2834 782 2872 omnes
806 2818 1055 2889 virgines
1081 2819 1225 2882 illa);
1252 2826 1307 2873 et
1330 2837 1458 2889 qua:
1482 2827 1697 2890 parata:
1723 2828 1910 2887 erant,

277 2908 549 2962 exierunt
578 2906 807 2961 obviam
842 2924 1079 2975 sponso,
1118 2913 1173 2960 et
1203 2909 1565 2961 intraverunt
1590 2926 1723 2963 cum
1750 2926 1817 2963 eo
1840 2911 1912 2964 ad

275 2996 534 3065 nuptias,
565 3000 622 3049 et
645 2995 847 3049 clausa
871 2998 1175 3061 estjanua.
1212 2997 1346 3059 Qum
1379 3002 1576 3050 autem
1608 2998 1912 3068 imparatze

2011 476 2203 547 μένων,
2239 478 2514 540 Εἰσελθὼν
2546 476 2601 532 δὲ
2634 480 2661 531 6
2697 474 2949 552 βασιλεὺς
3004 476 3289 536 θεάσασθαι
3343 473 3475 534 τοὺς
3524 473 3657 529 ἀνα-

2007 567 2312 637 κειμένους,
2377 566 2510 621 εἶδεν
2556 566 2668 622 ἐκεῖ
2750 564 3031 640 ἄνθρωπον
3124 562 3223 616 οὐκ
3304 558 3657 635 ἐνδεδυμένον

2010 650 2213 725 ἔνδυμα
2242 654 2442 725 γάμου,
2494 654 2582 708 καὶ
2643 654 2783 727 λέγει
2847 653 3015 721 αὐτῷ·
3070 651 3303 722 Ἑταῖρε,
3365 654 3483 709 πῶς
3542 650 3654 704 eic-

2010 741 2175 807 ἦλθες
2206 741 2311 796 ὧδε
2368 744 2443 813 μή
2502 741 2645 816 ἔχων
2693 739 2897 810 ἔνδυμα
2936 740 3145 814 γάμους
3177 739 3238 793 Ὀ
3273 735 3328 791 δὲ
3374 737 3655 812 ἐφιμώθη.

2010 829 2145 885 Τότε
2175 832 2313 885 εἶπεν
2349 832 2375 884 6
2412 829 2664 905 βασιλεὺς
2710 836 2825 891 τοῖς
2882 826 3173 889 διακόνοις·
3236 828 3501 892 Δὴσαντες
3557 826 3658 881 αὖ·

2010 923 2105 971 τοῦ
2136 925 2323 993 χεῖρας
2353 922 2437 973 καὶ
2473 917 2662 988 πόδας,
2714 919 2872 992 ἃρατε
2918 916 3098 979 αὐτὸν,
3143 916 3232 969 καὶ
3284 911 3549 987 έμὸάλετε
3582 918 3655 986 (8)

2014 1006 2088 1069 εἷς
2117 1008 2176 1060 τὸ
2218 1009 2407 1069 σκότος
2464 1009 2525 1061 τὸ
2582 1006 2856 1080 έξώτερον³
2919 1005 3029 1058 ἐκεῖ
3085 1002 3231 1058 ἔσται
3292 1004 3319 1056 ὁ
3375 1002 3658 1073 κλαυθμὸς

2014 1096 2099 1149 καὶ
2134 1096 2162 1149 6
2192 1097 2434 1170 βρυγμὸς
2464 1101 2570 1149 τῶν
2608 1093 2863 1150 ὀδόντων.
2905 1094 2972 1149 Οἱ
3027 1093 3122 1165 μὶν
3171 1089 3262 1144 οὖν
3313 1090 3657 1164 παραιτησά-

2020 1205 2169 1256 μενοι
2199 1185 2287 1238 καὶ
2324 1182 2585 1257 μηδόλως
2612 1187 2709 1253 τῆς
2766 1180 3017 1252 κλήσεως
3080 1179 3474 1239 ὑπακούσαντες
3520 1178 3656 1233 εἰσὶν

2016 1274 2068 1326 οἱ
2104 1276 2178 1345 μή
2212 1270 2651 1347 προσδραμόντες
2702 1276 2768 1345 τῇ
2823 1275 2919 1325 τοῦ
2987 1271 3219 1343 Χριστοῦ
3275 1267 3472 1334 πίστει,
3527 1266 3661 1321 ἀλλ’

2015 1360 2121 1415 εἶ’τε
2149 1366 2216 1433 τῇ
2250 1360 2697 1435 εἶδωλοΛατρείᾳ,
2730 1358 2836 1415 ε”τε
2866 1360 3068 1433 αἱρέσει
3121 1357 3229 1411 τινὶ
3285 1355 3658 1428 ἐμμείναντες

2018 1451 2045 1503 6
2078 1448 2135 1503 δὲ
2168 1450 2242 1521 μὴ
2275 1446 2417 1523 ἔχων
2451 1450 2510 1504 τὸ
2540 1454 2635 1504 τοῦ
2666 1450 2847 1523 γάμου
2879 1445 3079 1519 ἔνδυμα
3127 1444 3266 1500 ἐστὶν
3302 1446 3328 1498 6
3370 1442 3661 1504 πιστεύσας

2020 1538 2137 1611 μὶν,
2172 1538 2388 1612 πράξεσι
2414 1535 2471 1591 δὲ
2503 1538 2765 1611 ῥυπαραῖς
2792 1537 2858 1601 ,τὸ
2915 1536 3111 1605 νοητὸν
3166 1530 3366 1605 ἔνδυμα
3408 1529 3663 1601 κηλιδώ-

2019 1648 2135 1695 σας,
2168 1628 2342 1688 ὅςκαὶ
2377 1624 2599 1687 δικαίως
2651 1620 2916 1695 ἐξεϐλήθη
2974 1630 3074 1693 τῆς
3134 1626 3307 1697 χαρᾶς
3365 1624 3460 1676 τοῦ
3516 1641 3662 1691 νυμ-

1938 1737 1983 1801 B
2020 1721 2218 1792 φῶνος.

2092 1823 2186 1877 Καὶ
2216 1820 2390 1891 ἄλλην
2425 1818 2481 1875 δὲ
2523 1815 2843 1896 παραϐολὴν
2900 1820 3066 1893 ταύτῃ
3130 1814 3453 1887 συνᾴδουσαν
3512 1836 3660 1890 παρ-

2021 1912 2198 1980 έθηκε,
2233 1908 2357 1965 δέκα
2385 1910 2532 1974 τινὰς
2579 1916 2873 1982 παρθένους
2924 1909 3174 1967 τυπώσας
3196 1910 3292 1979 (9),
3329 1907 3401 1959 ὧν
3453 1906 3504 1959 αἱ
3560 1906 3659 1978 μὲν

2021 2000 2177 2054 πέντε
2227 2003 2357 2068 ἦσαν
2420 2000 2700 2074 φρόνιμοι,
2762 1999 2815 2052 αἱ
2874 1995 2930 2051 δὲ
2986 1996 3138 2051 πέντε
3188 1994 3385 2069 μωραί.
3445 1993 3660 2057 Α’ίτινες

2025 2092 2121 2143 74
2183 2087 2385 2161 μωραὶ,
2445 2082 2709 2140 λαϐοὖσαι
2768 2086 2862 2149 τὰς
2921 2082 3211 2157 λαμπάδας
3283 2082 3479 2144 αὐτῶν,
3558 2083 3664 2137 οὐκ

2022 2172 2216 2231 ἔλαϐον
2252 2177 2369 2248 μεθ’
2400 2177 2600 2230 ἑαυτῶν
2660 2175 2863 2229 ἔλαιον·
2924 2176 2979 2229 αἱ
3029 2172 3086 2228 δὲ
3143 2173 3397 2250 φρόνιμοι
3455 2167 3657 2226 ἔλαϐον

2020 2265 2223 2322 ἔλαιον·
2261 2264 2349 2321 διὰ
2378 2272 2473 2321 τοῦ
2504 2264 2691 2321 ἐλαίου
2716 2268 2814 2337 τήν
2848 2267 2953 2320 τῶν
2988 2266 3197 2339 ἀγαθῶν
3245 2262 3410 2339 ἔργων
3460 2270 3657 2331 κτῆσιν

2022 2379 2087 2427 cr,
2099 2358 2324 2430 μαίνων.

2091 2552 2273 2623 Μέσης
2305 2550 2361 2607 δὲ
2388 2556 2486 2617 τῆς
2518 2553 2735 2621 νυκτὸς,
2767 2553 2920 2629 φησὶ,
2975 2552 3182 2626 κραυγὴ
3244 2551 3480 2625 γέγονεν·
3514 2545 3663 2603 ἰδοὶι

2021 2643 2307 2718 ὁνυμφίος
2339 2641 2576 2717 ἔρχεται·
2610 2641 2892 2716 ἐξέρχεσθε
2947 2646 3057 2714 (10)
3110 2640 3187 2703 εἷς
3241 2640 3509 2708 ἀπάντησι
3560 2639 3661 2691 αὐ-

2019 2736 2134 2785 τοῦ’
2186 2729 2275 2785 ’διά
2329 2736 2426 2785 τοῦ
2483 2730 2832 2804 μεσονυκτίου
2890 2732 2951 2784 τὸ
3011 2726 3217 2800 ἄδηλον
3274 2734 3375 2796 τῆς
3448 2727 3662 2801 ἡμέρας

2022 2820 2228 2889 ἐκείνης
2252 2823 2621 2890 παραστήσας.
2654 2820 2787 2875 Τότε
2818 2820 3120 2895 ἠγέρθησαν
3181 2821 3345 2871 πᾶσαι
3404 2817 3459 2870 αἱ
3518 2835 3659 2891 παρ-

2022 2911 2175 2972 θένωι
2210 2908 2426 2965 ἐκεῖναι.
2466 2910 2527 2965 Ai.
2562 2914 2654 2982 μὲν
2689 2907 2777 2963 οὖν
2811 2906 3024 2980 ἕτοιμοι
3084 2906 3307 2980 ἐξῆλθον
3369 2905 3443 2968 ε“ς
3492 2905 3660 2960 ἁπάν-

2018 3021 2170 3069 τησιν
2203 3003 2298 3053 τοῦ
2326 2998 2585 3072 νυμφίου,
2616 2997 2705 3052 καῖ
2736 2996 2989 3065 εἶ’σῆλοον
3027 2997 3142 3069 μετ’
3198 2995 3360 3051 αὐτοῦ
3407 2994 3481 3055 εἲς
3531 2993 3659 3055 τοὺς

275 3088 624 3154 erant(quas
647 3083 821 3137 etiam
846 3083 1061 3136 idcirco
1086 3100 1203 3137 non
1220 3084 1322 3137 abs
1346 3101 1406 3137 re
1430 3086 1639 3139 stultas
1652 3086 1909 3156 appella-

2022 3091 2250 3165 γάμους,
2304 3087 2392 3141 καὶ
2451 3086 2700 3156 ἐκλείσθη
2733 3089 2767 3156 ἡ
2801 3086 2954 3161 θύρα·
3018 3087 3072 3140 αἱ
3127 3082 3183 3139 δὲ
3241 3085 3537 3155 ἀνέτοιμοι,
3595 3080 3661 3143 ἅς

270 3173 395 3237 vit).
423 3188 556 3225 cum
579 3171 886 3241 lampades
910 3188 1046 3226 suas
1066 3173 1354 3243 exstingui
1380 3175 1802 3244 perspicerent.
1836 3176 1908 3230 ad

271 3261 467 3316 oleum
498 3260 812 3313 emendum
839 3277 966 3313 sese
990 3261 1908 3333 contulerunt.Posteaque,clau-

274 3350 491 3418 sisjam
506 3348 1780 3414 foribus.accedentes.clamabant.dicentes:
1800 3355 1907 3407 Do-

272 3437 723 3502 mine,domine.
754 3438 914 3507 aperi
942 3439 1131 3492 nobis.
1158 3442 1285 3509 Ipse
1309 3446 1503 3494 autem
1521 3442 1909 3511 reSpondens,

273 3526 420 3581 dixit
449 3527 572 3579 eis:
607 3528 793 3579 Amen
824 3525 954 3579 dico
987 3528 1168 3589 vobis.
1204 3529 1401 3582 nescio
1428 3546 1543 3583 vos.
1577 3532 1652 3582 Ex
1679 3530 1769 3583 his
1792 3547 1911 3585 om-

274 3614 449 3670 nibus
481 3616 791 3685 perspicue
827 3622 1076 3681 constat,
1112 3617 1393 3686 improbis
1433 3619 1786 3677 actionibus.
1820 3626 1905 3674 at-

272 3721 385 3774 que
417 3702 561 3757 adeo
595 3704 991 3765 sermonibus.
1026 3705 1287 3775 ipsisque
1322 3706 1501 3760 etiam
1530 3708 1907 3779 cogitationi-

269 3790 398 3857 bus,
434 3808 600 3845 suam
636 3808 763 3846 esse
797 3793 1132 3846 mercedem
1162 3794 1562 3848 constitutam.

338 3915 496 3968 Dixit
526 3915 683 3968 enim
707 3915 995 3969 Salvator:
1024 3916 1159 3969 Dico
1186 3917 1368 3979 vobis,
1404 3918 1559 3986 quod
1580 3936 1754 3973 omne
1784 3936 1909 3973 ver-

269 4002 413 4056 bum
430 4004 679 4057 otiosum
698 4004 853 4073 quod
869 4005 1043 4057 locuti
1062 4004 1565 4059 fuerinthomines
1582 4008 1827 4061 reddent
1841 4008 1909 4063 de

276 4091 646 4144 eorationem
670 4092 731 4145 in
754 4093 1080 4161 diejudicii
1114 4093 1334 4153 (Matth.
1370 4099 1486 4159 xu).
1522 4098 1600 4149 Ac
1634 4113 1862 4150 rursum
1896 4114 1908 4126 ·

276 4178 463 4231 Vestri
499 4196 631 4231 vero
666 4186 723 4232 et
752 4182 948 4249 capilli
982 4182 1190 4251 capitis
1223 4199 1428 4236 omnes
1460 4186 1752 4239 numerati
1777 4192 1914 4239 sunt

274 4266 488 4337 (Matth.
520 4270 599 4333 Χ).
624 4268 745 4330 Quo
766 4268 989 4322 scilicet
1011 4271 1137 4324 loco
1163 4289 1266 4341 per
1297 4273 1542 4343 capillos
1572 4276 1910 4330 minutissi-

272 4372 401 4410 mas
436 4355 613 4407 etiam
649 4356 1153 4413 considerationes
1185 4361 1486 4431 animique
1529 4365 1911 4435 cogitationes

2018 3178 2241 3237 εῗκότως
2276 3176 2462 3248 μωρὰς
2523 3175 2765 3245 ἐκάλεσε,
2826 3170 3189 3246 οϐεννυμένας
3233 3174 3326 3233 τάς
3370 3168 3658 3242 λαμπάδας

2018 3268 2216 3321 ἑαυτῶν
2262 3267 2484 3339 ὁρῶσαι,
2534 3263 2781 3331 ἀπῆλθον
2839 3265 3098 3339 ἀγοράσαι
3159 3261 3361 3319 ἔλαιον.
3422 3267 3663 3334 Παραγε-

2016 3353 2322 3427 νόμεναιδὲ
2352 3350 2831 3423 κλεισθείσηςῆδη
2889 3356 2989 3417 τῆς
3046 3352 3230 3424 θῦρας,
3285 3348 3507 3423 ἔκραζον
3567 3347 3664 3403 λε-

2014 3464 2222 3518 γουσαι·
2261 3442 2446 3516 Κύριε,
2507 3443 2679 3514 κόριε,
2738 3441 2946 3514 ἄνοιξον
3008 3443 3167 3511 ἡμῖν·
3226 3440 3289 3495 Ὀ
3357 3437 3414 3493 δὶ
3472 3440 3664 3516 φησὶν,

2015 3531 2329 3607 ἀποκριθεὶς
2360 3533 2521 3585 εἶπεν·
2560 3532 2754 3602 Ἀμὴν,
2789 3528 2934 3604 λέγω
2972 3531 3123 3602 ὑμῖν,
3180 3529 3279 3583 οὐκ
3327 3525 3447 3582 οἶδα
3496 3528 3660 3599 ὑμας’

2016 3623 2112 3676 Διὰ
2159 3620 2362 3675 τούτων
2419 3621 2506 3675 οὖν
2566 3621 2814 3675 ἁπάντων
2872 3617 3043 3684 δῆλόν
3102 3618 3246 3673 ἐστιν
3304 3614 3664 3671 ἀνταπόδοσιν

2016 3712 2147 3765 εἶναι
2209 3710 2269 3763 οὐ
2328 3709 2487 3780 μόνον
2546 3713 2652 3761 τῶν
2713 3707 2970 3762 ἐναντίων
3037 3708 3304 3782 πράξεων,
3370 3703 3515 3760 ἀλλὰ
3568 3706 3662 3759 καὶ

2017 3799 2277 3874 ῥημάτων
2308 3798 2397 3853 καὶ
2429 3796 2602 3852 αὐτῶν
2633 3802 2739 3852 τῶν
2774 3796 3142 3867 ἐνθυμήσεων.

2088 3922 2246 3979 Εἶπεν
2280 3924 2383 3996 γὰρ
2417 3923 2443 3975 6
2480 3924 2698 3996 Σωτήρ·
2735 3922 2893 3995 Λέγω
2927 3924 3040 3992 (Η)
3072 3921 3200 3992 ὑμῖν
3233 3920 3316 3974 ὅτι
3347 3925 3449 3973 πᾶν
3512 3917 3667 3993 ῥῆμα

2015 4012 2180 4086 ἀργὸν
2238 4011 2267 4065 ὅ
2325 4010 2411 4065 ἐὰν
2469 4010 2785 4080 λαλήσωσιν
2841 4011 2892 4064 οἱ
2954 4007 3253 4084 ἅνθρωποι,
3317 4004 3664 4061 ἀποδώσουσι

2016 4102 2135 4174 περὶ
2197 4100 2360 4154 αὐτοῦ
2420 4097 2583 4173 λόγον
2645 4098 2695 4153 έν
2752 4098 2934 4173 ἡμέρᾳ
2990 4098 3240 4171 κρίσεως.
3328 4097 3430 4153 Καὶ
3486 4093 3661 4158 αὖθις·

2015 4190 2193 4261 Ὑμῶν
2251 4186 2328 4258 δὲ,
2387 4187 2519 4263 φησί
2578 4190 2715 4258 (12),
2767 4188 2857 4241 καὶ
2917 4187 2971 4239 αἱ
3023 4186 3212 4261 τρίχες
3268 4192 3367 4253 τῆς
3425 4181 3669 4260 κεφαλῆς

2017 4278 2395 4351 ἠριθμημέναι
2430 4276 2550 4329 ε²σί’
2586 4273 2675 4330 διὰ
2704 4280 2809 4329 τῶν
2843 4279 3054 4349 τριχῶν
3085 4276 3152 4329 τὰ
3208 4272 3510 4328 λεπτότατα
3556 4276 3666 4325 τῶν

2019 4364 2390 4438 διαλογισμῶν
2466 4368 2557 4422 75
2645 4364 2733 4418 καὶ
2821 4364 3167 4432 ἐνθυμήσεων
3236 4359 3663 4437 πσραδηλώσας.

270 4444 640 4513 signiﬁcavit.
677 4446 1088 4501 Consentanea
1118 4456 1312 4503 autem
1338 4451 1428 4504 his
1452 4468 1687 4520 quoque
1702 4453 1908 4508 beatus

2022 4450 2241 4525 Συνῳδὰ
2271 4450 2328 4507 δὲ
2353 4452 2571 4512 τούτοις
2602 4454 2693 4507 καὶ
2726 4456 2753 4506 6
2811 4454 3075 4527 μακάριος
3125 4449 3365 4506 διδάσκει
3423 4449 3665 4510 Παῦλοςο

270 4532 483 4588 Paulus
508 4532 719 4585 tradit:
748 4533 917 4587 Vivus
942 4540 1047 4601 est,
1078 4536 1287 4605 inquit.
1316 4555 1507 4592 sermo
1532 4541 1654 4605 Dei,
1680 4547 1737 4593 et
1767 4542 1903 4595 etii-

271 4638 469 4687 cax,ac
484 4620 909 4691 penetrabilior
923 4623 1082 4676 omni
1103 4624 1297 4693 gladio
1312 4627 1574 4696 ancipiti,
1606 4635 1664 4681 et
1686 4630 1904 4698 pertin-

270 4728 413 4783 gens
430 4727 611 4781 usque
628 4710 699 4765 ad
715 4710 1059 4765 divisionem
1076 4712 1287 4766 animai
1303 4720 1359 4767 et
1375 4717 1908 4787 corporis,spiritus

271 4816 505 4871 quoque
539 4805 597 4855 et
626 4816 978 4872 compagum
1010 4817 1077 4855 ac
1110 4801 1525 4870 medullarum,
1546 4811 1603 4860 et
1622 4806 1911 4863 discretor

289 4947 302 4962 ο
340 4926 416 4991 (8)
553 4922 762 4999 βάλετε.
797 4926 857 4980 C.
890 4918 1174 4995 ἐμϐάλετε.
1202 4926 1403 4999 Vulgo,
1438 4924 1710 4985 ἐκϐάλετε.

339 4998 409 5062 (9)
444 4997 621 5049 Matth
675 5014 803 5050 xxv.

2016 4547 2127 4596 Ζῶν
2157 4542 2279 4615 γάρ,
2314 4542 2475 4617 φησὶν
2510 4545 2639 4614 (13),
2674 4542 2701 4595 6
2735 4539 2895 4615 λόγος
2944 4545 3041 4595 τοῦ
3095 4544 3226 4595 Θεοῦ
3273 4541 3359 4593 καὶ
3411 4537 3665 4612 ἐνεργὴς,

2014 4632 2101 4685 καὶ
2128 4630 2441 4703 τομώτερος
2485 4630 2615 4705 ὑπὲρ
2674 4636 2846 4684 πᾶσαν
2903 4631 3179 4704 μάχαιραν
3236 4627 3514 4699 δίστομον,
3573 4628 3667 4681 καὶ
3716 4647 3726 4655 ·

2019 4716 2394 4789 διϊκνούμενος
2422 4715 2554 4793 ἄχρι
2592 4722 2862 4794 μερισμοῦ
2892 4721 3079 4793 ψυχῆς
3108 4739 3166 4773 τε
3194 4717 3284 4772 καὶ
3332 4715 3668 4788 πνεύματος,

2020 4810 2209 4884 ἁρμῶν
2241 4815 2299 4861 τε
2326 4807 2418 4861 καὶ
2476 4805 2713 4880 μυελων,
2762 4807 2855 4862 καὶ
2899 4808 3141 4882 κριτικὸς
3183 4806 3530 4880 ἐνθυμήσεων
3574 4808 3669 4861 καὶ

333 5066 453 5155 ,(170)
486 5069 551 5155 ᾼ,
587 5065 917 5155 ἐξέρχεσθαι.
943 5070 1150 5122 Posset
1182 5070 1419 5155 quidem
1450 5072 1776 5155 infinitivus
1806 5094 1909 5146 pro

2029 5077 2292 5155 perativo
2343 5077 2495 5131 sumi
2540 5076 2727 5155 (cf._t.
2780 5077 2877 5143 Ill,
2928 5093 2985 5147 p.
3046 5077 3213 5155 424);
3272 5074 3374 5129 sed
3427 5078 3672 5144 praestat

269 5136 582 5218 Egspysaee;
606 5144 663 5191 et
692 5136 940 5218 varietas
973 5155 1001 5191 e
1036 5136 1466 5218 perm—litatione
1501 5145 1748 5200 solemni
1782 5136 2067 5203 vocalium
2100 5168 2152 5200 αι
2190 5154 2248 5202 et
2277 5167 2299 5199 ε
2330 5155 2468 5202 nata
2498 5153 2601 5201 est.
2634 5149 2817 5211 Quam
2850 5136 3347 5217 permutationem
3388 5136 3506 5199 non
3543 5162 3665 5218 me-

268 5209 528 5291 ζΠίηθΓᾶξ
549 5209 875 5262 ΒΓυηοῙίίυδ
907 5226 1061 5291 σαφ’
1090 5212 1162 5264 ad
1190 5212 1500 5291 Electram.
1533 5218 1654 5291 459.
1685 5219 1782 5272 ubi
1817 5218 2201 5291 ἀφνεωτέραις,
2234 5209 2729 5291 animadverteret
2752 5209 3061 5273 lectionem
3090 5219 3313 5291 codicis
3350 5217 3665 5291 cujusdam

266 5279 659 5367 ἀφναιξυτέραις
684 5294 816 5360 esse
848 5296 951 5349 pro
985 5280 1355 5355 ἀφνεωτέραις
1390 5286 1741 5342 habendam.
1806 5279 1904 5345 ld'e

2032 5279 2121 5346 e'st
2178 5279 2397 5345 nomen
2448 5286 2839 5363 ἀφναιωτέραις
2895 5298 3070 5362 atque
3128 5279 3509 5367 ἀφνεωτέραις,
3562 5286 3667 5343 sed

270 5350 553 5404 mendose
584 5352 890 5420 scriptum.

340 5422 451 5492 (ll)
486 5422 680 5475 Matth.
716 5439 814 5487 xu,
850 5423 937 5477 36.

341 5496 451 5564 (12)
484 5493 682 5547 Matth.
716 5510 773 5559 x,
806 5494 893 5547 30.

345 5565 450 5637 (13)
480 5564 665 5637 Epist.
699 5565 773 5621 ad
800 5564 973 5621 Hebr.
