4042 6154
288 337 397 392 937

1457 339 1625 392 VITA
1667 335 2014 391 BABLAAM
2049 335 2144 388 ΕΤ
2178 331 2517 385 JOASAPH.

3583 335 3690 391 938

287 462 506 517 ἐννοιῶν
540 457 794 533 καρδίας·
833 459 923 513 καὶ
957 458 1063 514 οὐκ
1118 454 1231 514 ἔστι
1271 459 1444 524 κτίσις
1473 459 1678 536 ἀφανὴς
1709 458 1932 513 ἆνώπιον

2055 456 2473 529 cogitationum
2497 460 2555 511 et
2573 456 2976 514 intentionum
2990 457 3203 515 cordis.
3230 462 3300 516 Et
3317 477 3439 518 non
3463 469 3553 520 est
3568 465 3691 521 ulla

288 551 478 622 αὐτοῦ,
527 551 699 604 πάντα
757 547 814 603 δὲ
881 550 1063 624 γυμνᾶ
1131 549 1221 604 καὶ
1279 548 1760 625 τετραχηλισμένα
1814 550 1932 608 τοῖς

287 641 601 718 ἀφθαλμοῖς
634 639 822 707 αὐτοῦ,
855 640 990 714 πρὸς
1026 639 1084 694 ὅν
1129 642 1265 711 ἡμῖν
1296 641 1323 694 6
1356 639 1545 712 λόγος.

358 822 538 878 Ταῦτα
568 819 654 873 καὶ
685 819 740 871 οἱ
772 819 1049 894 προφῆται
1082 817 1188 892 πρὸ
1230 817 1446 893 χρόνων
1480 815 1707 872 πολλῶν
1737 819 1805 888 τῇ
1835 817 1933 869 τοῦ

288 909 602 980 Πνεῦματος
664 906 1012 979 λαμπόμενοι
1069 909 1255 981 χάριτι
1305 903 1674 980 ἀριδηλότατα
1729 905 1933 978 κατήγ-

283 993 491 1070 γειλαν.
553 995 701 1064 Φησὶ
760 994 860 1068 γὰρ
920 996 947 1048 6
1000 993 1244 1056 Ἠσαΐαςο
1309 995 1451 1070 Ἐγὼ
1496 996 1564 1048 τὰ
1594 993 1726 1068 ἔργα
1754 991 1930 1046 αὐτῶν

283 1084 374 1139 καὶ
405 1083 533 1145 τοὺς
584 1080 888 1157 λογισμοὺς
945 1081 1239 1155 ἐπίσταμαι
1287 1083 1376 1136 καὶ
1437 1079 1806 1137 ἀνταποδώσω
1838 1078 1931 1133 αὐ-

282 1178 420 1234 τοῖς·
481 1169 602 1226 ῗδοὺ
663 1177 982 1246 συναγαγεῖν
1043 1168 1284 1247 ἔρχομαι
1336 1171 1508 1225 πάντα
1553 1170 1619 1224 τὰ
1666 1165 1791 1237 ἔθνη
1843 1167 1932 1221 καὶ

283 1262 378 1322 τὰς
433 1259 709 1333 γλώσσας,
767 1261 855 1314 καὶ
913 1257 1128 1332 ἥξουσι,
1191 1261 1282 1314 καὶ
1340 1257 1565 1333 ὄψονται
1621 1260 1719 1326 τήν
1781 1254 1935 1326 δόξαν

290 1371 394 1421 μου
427 1352 556 1417 (14).
589 1348 676 1402 καὶ
709 1345 854 1402 ἔσται
905 1350 932 1402 6
983 1348 1203 1422 οὐρανὸς
1245 1349 1428 1411 καινὸς
1457 1348 1546 1401 καὶ
1585 1349 1620 1415 ἡ
1651 1352 1719 1421 γῆ
1751 1345 1932 1412 καινὴ,

287 1437 455 1513 ἃέγὼ
507 1441 651 1491 ποιῶ
715 1437 808 1509 μὲν
865 1435 1098 1490 ἐνώπιόν
1158 1456 1282 1508 μου·
1340 1436 1430 1490 καὶ
1486 1435 1603 1506 ἥξει
1632 1438 1775 1488 πᾶσα
1806 1434 1932 1505 σὰρξ

281 1524 380 1582 τοῦ
438 1527 809 1601 προσκυνῆσαι
868 1525 1098 1579 ἐνώπιόν
1169 1546 1293 1598 μου,
1355 1522 1502 1598 λέγει
1563 1523 1784 1595 Κύριος,
1843 1521 1932 1576 καὶ

285 1617 679 1688 ἐξελεύσονται,
739 1616 830 1670 καὶ
871 1611 1095 1688 ὄψονται
1151 1617 1219 1670 τὰ
1275 1614 1431 1670 κῶλα
1477 1620 1584 1668 τῶν
1613 1613 1931 1688 ἀνθρώπων,

279 1711 391 1762 τῶν
421 1699 890 1781 παραϐεϐηκότων
951 1704 1002 1759 ἐν
1063 1705 1210 1776 ἐμοί·
1274 1705 1302 1758 6
1348 1705 1448 1780 γὰρ
1509 1703 1728 1772 σκώληξ
1760 1703 1934 1756 αὐτῶν

284 1795 349 1849 οὐ
401 1791 738 1862 τελευτήσει,
797 1793 888 1846 καὶ
939 1789 1002 1846 16
1062 1796 1168 1866 πῦρ
1211 1790 1387 1846 αὐτῶν
1442 1791 1503 1846 οὐ
1559 1785 1929 1860 σϐεσθήσεται,
1964 1825 2009 1889 Β

283 1884 373 1937 καὶ
435 1878 645 1936 ἔσονται
706 1880 782 1943 εἰς
842 1880 1026 1956 ὅρασιν
1087 1879 1231 1954 πάσῃ
1288 1879 1462 1953 σαρκί.
1499 1879 1596 1934 Καὶ
1624 1877 1773 1939 αὖθις
1805 1879 1929 1952 περὶ

280 1978 383 2039 τῆς
413 1971 622 2042 ἡμέρας
682 1969 890 2038 ἐκείνης
946 1967 1123 2042 λέγει·
1191 1968 1296 2024 Καὶ
1357 1971 1464 2040 (15)
1521 1967 1928 2037 εἷληθήσεταιὸ

283 2061 516 2135 οὐρανὸς
565 2059 637 2119 ὡς
697 2053 933 2133 βιϐλίον,
983 2057 1073 2112 καὶ
1115 2058 1288 2111 πάντα
1335 2057 1400 2112 τὰ
1431 2055 1596 2131 ἄστρα
1644 2060 1930 2110 πεσοῦνται

285 2151 360 2212 ὡς
392 2145 574 2222 φύλλα
624 2147 673 2218 ἐξ
727 2146 998 2219 ἀμπέλου’
1056 2143 1172 2200 ἰδοὺ
1222 2149 1328 2217 (16)
1386 2145 1489 2219 γὰρ
1519 2147 1703 2217 ἡμέρα
1735 2144 1929 2216 Κυρίου

283 2232 524 2311 ἔρχεται,
560 2234 768 2296 ἀνίατος
817 2236 992 2307 θυμοῦ
1048 2234 1137 2288 καὶ
1199 2234 1386 2307 ὀργῆς,
1423 2238 1591 2296 θεῖναι
1622 2235 1721 2300 τὴν
1750 2231 1928 2286 οίκου-

289 2325 454 2398 μένην
489 2324 625 2393 ὅλην
685 2321 890 2397 ἔρημον
948 2322 1036 2376 καὶ
1089 2321 1218 2383 τοὺς
1275 2320 1637 2394 ἁμαρτωλοὺς
1669 2315 1929 2375 ἀπολέσαι

292 2414 346 2485 ἒξ
379 2415 566 2484 αὐτῆς·
622 2415 672 2468 οἳ
729 2413 832 2487 γὰρ
891 2413 1106 2486 ἀστέρες
1161 2417 1257 2467 τοῦ
1314 2413 1548 2486 οὐρανοῦ
1605 2414 1701 2468 70
1752 2410 1842 2465 καὶ
1901 2411 1929 2464 6

288 2504 486 2579 Ὠρίων
514 2501 602 2556 καὶ
633 2507 739 2562 πᾶς
771 2502 799 2555 6
828 2500 1035 2573 κόσμος
1089 2504 1184 2554 τοῦ
1241 2501 1471 2570 οὐρανοῦ
1516 2501 1578 2554 τὸ
1610 2503 1724 2574 φῶς
1753 2499 1929 2552 αὐτῶν

285 2593 348 2646 οὗ
381 2589 636 2658 δώσουσι,
669 2591 755 2644 καὶ
791 2591 1196 2658 σκοτισθήσεται
1253 2592 1350 2642 τοῦ
1401 2586 1569 2654 ἡλίου
1608 2585 1930 2641 ἀνατέλλον-

287 2702 404 2749 τος,
435 2681 524 2734 καὶ
556 2681 591 2748 ἡ
626 2677 828 2747 σελήνη
867 2677 926 2732 οὗ
960 2675 1121 2731 δώσει
1152 2677 1213 2731 τὸ
1245 2679 1358 2752 φῶς
1392 2675 1582 2744 αὐτῆς·
1615 2675 1704 2729 καὶ
1739 2671 1932 2727 ἀπολῶ

287 2765 444 2842 ὕϐριν
509 2767 724 2840 ἀνόμων
795 2766 882 2820 καὶ
962 2760 1115 2836 ὓϐριν
1179 2764 1534 2839 ὑπερηφάνων
1591 2763 1929 2816 ταπεινώσω.

292 2858 395 2911 Καὶ
448 2854 612 2910 πάλιν
669 2853 845 2928 λέγει·
927 2853 1060 2910 Οὐαὶ
1142 2855 1254 2924 (1⁸7)
1311 2853 1362 2906 οἳ
1419 2851 1786 2922 ἐπισπώμενοι
1839 2849 1934 2912 τὰς

289 2943 556 3020 ἁμαρτίας
613 2942 788 2998 αὐτῶν
842 2943 917 3005 ὡς
972 2942 1203 3016 σχοινίῳ
1264 2945 1456 3016 μακρῷ
1511 2939 1600 2994 καὶ
1651 2940 1725 3002 ὡς
1774 2941 1932 3013 ζυγοῦ

290 3034 480 3106 ἱμάντι
540 3029 829 3104 δαμάλεως
883 3030 976 3091 τὰς
1035 3028 1284 3100 ἀνομίας·
1342 3027 1482 3085 Οὐαὶ
1511 3029 1562 3082 οἱ
1594 3026 1842 3102 λέγοντες
1869 3027 1932 3080 τὸ

286 3123 530 3197 πονηρὸν
562 3119 728 3175 καλὸν
774 3120 864 3174 καὶ
914 3119 978 3174 τὸ
1034 3117 1200 3174 καλὸν
1233 3118 1494 3191 πονηρὸν,
1527 3117 1576 3171 οἱ
1607 3117 1842 3180 τιθέντες
1869 3117 1931 3171 τὸ

2047 551 2318 602 creatura
2337 546 2650 602 invisibilis
2673 548 2732 602 in
2755 554 3075 619 conspectu
3101 551 3250 621 ejus,
3275 556 3476 608 omnia
3489 560 3685 609 autem

2049 636 2209 692 nuda
2230 642 2287 691 et
2304 641 2506 706 aperta
2523 642 2660 691 sunt
2676 636 2737 691 in
2755 637 2942 692 oculis
2960 638 3190 708 ejus,ad
3203 656 3379 711 quem
3402 641 3575 698 nobis
3599 648 3689 699 est

2049 741 2240 780 sermo
2271 727 2457 796 (Hebr.
2491 731 2588 790 Iv),

2119 814 2251 868 Haec
2275 815 2452 868 etiam
2476 815 2778 885 prophetae
2799 815 2990 888 longis
3019 817 3090 872 ab
3123 817 3261 873 hinc
3292 821 3680 892 temporibus,

2047 903 2296 974 Spiritus
2321 904 2506 957 sancti
2531 904 2716 974 gratia
2738 904 3427 977 illustrati,apertissime
3449 911 3682 965 nuntia-

2045 997 2271 1046 verunt.
2297 993 2394 1045 Ait
2415 991 2576 1045 enim
2599 993 2778 1047 Isaias
2801 1010 2812 1048 :
2839 995 2952 1064 Ego
2979 1011 3157 1064 opera
3179 997 3420 1052 illorum
3446 1000 3602 1063 novi,
3632 1007 3688 1053 et

2045 1080 2287 1135 reddam
2312 1081 2414 1135 eis.
2443 1082 2590 1135 Ecce
2611 1083 2780 1136 venio
2796 1088 2861 1137 ut
2882 1099 3234 1156 congregem
3263 1103 3471 1141 omnes
3483 1093 3687 1158 gentes

2047 1175 2103 1223 et
2124 1169 2356 1240 linguas
2376 1175 2457 1235 get
2477 1171 2798 1237 venient,et
2816 1172 3098 1226 videbunt
3111 1174 3360 1244 gloriam
3383 1189 3606 1241 meam;
3632 1182 3690 1230 et

2045 1258 2158 1312 erit
2187 1259 2401 1314 caelum
2432 1274 2668 1325 novum,
2703 1264 2760 1314 et
2790 1265 2944 1314 terra
2972 1277 3136 1328 nova,
3172 1277 3302 1332 quas
3336 1278 3438 1334 ego
3473 1262 3685 1318 faciam

2044 1363 2286 1402 manere
2309 1365 2508 1403 coram
2532 1364 2644 1402 me.
2666 1349 2734 1402 Et
2752 1350 2949 1404 veniet
2965 1351 3159 1406 omnis
3177 1359 3400 1422 caro,et
3419 1351 3688 1407 adorabit

2045 1453 2139 1491 me
2166 1438 2228 1491 in
2251 1444 2570 1509 conspectu
2587 1455 2742 1504 meo,
2769 1440 2910 1494 dicit
2933 1440 3248 1508 Dominus;
3275 1447 3331 1496 et
3348 1443 3611 1508 exibunt,
3628 1448 3686 1496 et

2043 1525 2325 1581 videbunt
2344 1527 2624 1582 cadavera
2641 1528 3078 1598 hominum,qui
3098 1530 3458 1599 prmvaricati
3474 1537 3611 1585 sunt
3624 1532 3684 1584 in

2045 1617 2310 1670 me.Nam
2327 1616 2540 1670 vermis
2555 1632 2760 1671 eorum
2784 1633 2902 1672 non
2927 1617 3298 1688 morietur,et
3311 1620 3464 1690 ignis
3479 1635 3682 1675 eorum

2045 1720 2164 1757 non
2179 1705 2862 1776 exstinguetur.Eterunt
2875 1721 3061 1776 usque
3075 1706 3147 1760 ad
3163 1707 3494 1762 satietatem
3508 1709 3683 1762 visio-

2043 1791 2138 1845 nis
2155 1792 2316 1846 omni
2335 1793 2496 1846 carni
2518 1793 2645 1860 (Isa.
2671 1792 2836 1862 va1).
2863 1795 2942 1846 Ac
2974 1809 3213 1848 rursum
3242 1795 3313 1848 de
3342 1794 3434 1849 die
3453 1794 3555 1849 illo
3569 1796 3678 1850 ait:

2039 1881 2109 1934 Et
2124 1879 2451 1935 involvetur
2471 1880 2682 1935 coelum
2699 1881 2851 1934 sicut
2871 1880 3255 1948 liber,omnes
3269 1883 3455 1938 stellae
3469 1883 3682 1938 cadent

2041 1970 2192 2024 sicut
2212 1970 2417 2024 folium
2440 1969 2510 2023 de
2540 1957 2727 2024 vinea.
2761 1971 2907 2024 Ecce
2935 1971 3094 2025 enim
3116 1971 3244 2026 dies
3265 1973 3498 2027 Domini
3521 1974 3681 2027 venit

2039 2058 2250 2126 plenus
2270 2058 2465 2114 furore
2487 2065 2546 2112 et
2567 2059 2673 2122 ira,
2697 2058 2771 2113 ad
2788 2060 3123 2129 ponendam
3151 2065 3367 2115 terram
3389 2062 3452 2115 in
3474 2061 3678 2115 solitu-

2039 2146 2262 2213 dinem,
2303 2152 2360 2200 et
2382 2151 2720 2217 peccatores
2745 2148 2873 2217 ejus
2890 2149 3284 2203 conterendos
3306 2165 3375 2203 ex
3400 2165 3484 2203 ea.
3519 2150 3670 2214 Quo-

2040 2236 2198 2290 niam
2231 2235 2418 2289 stellaa
2444 2235 2573 2289 cmli
2593 2241 2650 2288 et
2673 2236 2954 2305 splendor
2971 2252 3172 2291 earum
3197 2253 3316 2292 non
3341 2237 3676 2308 expandent

2039 2323 2242 2378 lumen
2256 2323 3020 2378 suumEtobtenebrabitur
3037 2325 3122 2379 sol
3137 2326 3196 2379 in
3210 2332 3343 2380 ortu
3357 2342 3484 2390 suo,
3508 2326 3674 2381 etlu-

2043 2429 2117 2467 na
2131 2429 2250 2466 non
2264 2413 2672 2482 splendebitin
2686 2413 2908 2466 lumine
2922 2415 3439 2485 sno.thuiescere
3460 2416 3672 2471 faciam

2042 2501 2376 2573 superbiam
2393 2501 3217 2574 inﬁdelium,etarrogantiam
3231 2505 3470 2558 fortium
3485 2506 3676 2560 humi-

2040 2590 2312 2658 liabo(Isa
2336 2590 2478 2657 XIII).
2502 2593 2580 2642 Ac
2595 2606 2797 2643 rursus
2811 2591 2910 2643 ait:
2931 2591 3021 2642 Vae
3035 2591 3134 2659 qui
3148 2593 3379 2645 trahitis
3394 2593 3578 2662 iniqui
3591 2599 3676 2647 ta—

2042 2684 2158 2732 tem
2175 2678 2234 2731 in
2248 2677 2526 2731 funiculis
2541 2677 3077 2747 vanitatis,etquasi
3092 2679 3392 2732 vinculum
3406 2681 3678 2750 plaustri,

2040 2772 2368 2837 peccatum.
2393 2765 2488 2817 Vae
2513 2764 2613 2833 qui
2637 2763 2830 2819 dicitis
2859 2765 3083 2820 malum
3114 2765 3358 2830 bonum,
3393 2773 3679 2838 ponentes

2041 2873 2309 2912 amarum
2334 2856 2393 2910 in
2417 2855 2610 2923 dulce,
2635 2861 2693 2909 et
2713 2855 2885 2911 dulce
2905 2855 2965 2910 in
2988 2873 3274 2912 amarum.
3315 2859 3410 2913 Vae
3441 2859 3541 2930 qui
3574 2877 3681 2930 po-

2043 2952 2232 3002 tentes
2251 2945 2390 3001 estis
2410 2945 2484 3000 ad
2506 2943 2830 3000 bibendum
2842 2944 3128 3011 vinum,et
3148 2946 3255 3000 viri
3272 2946 3454 3002 fortes
3472 2947 3546 3002 ad
3563 2949 3675 3002 mi-

2042 3035 2320 3091 scendam
2338 3033 3162 3105 ebrietatem.Quijustiflcatis
3174 3035 3424 3106 impium
3438 3053 3541 3106 pro
3558 3053 3680 3090 mu-

2041 3124 2305 3191 neribus,
2361 3128 2418 3176 et
2457 3121 2753 3193 justitiam
2800 3122 2947 3193 justi
2997 3122 3242 3178 aufertis
3299 3124 3371 3178 ab
3423 3141 3514 3180 eo.
3563 3126 3670 3190 Qui

290 3185 484 3272 σκότος
513 3214 628 3287 φῶς
655 3207 744 3263 καὶ
779 3208 842 3262 τὸ
896 3211 1008 3284 φῶς
1056 3205 1268 3275 σκότος,
1302 3206 1358 3259 οἱ
1385 3204 1613 3268 τιθέντες
1644 3206 1707 3260 τὸ
1735 3207 1926 3280 πικρὸν

2046 3185 2353 3268 declinatis
2362 3185 2654 3282 judicium
2668 3185 3017 3281 pauperum,
3051 3216 3109 3265 et
3129 3211 3383 3284 diripitis
3397 3185 3676 3268 substan-

285 3296 458 3373 γλυκὶ
488 3296 665 3352 καὶτὸ
685 3294 858 3372 γλυκῦ
903 3295 1118 3369 πικρόν*
1179 3293 1297 3348 οὐαὶ
1360 3295 1411 3347 οἳ
1468 3293 1748 3369 ἰσχύοντες
1777 3293 1929 3367 ὑμῶν

288 3389 342 3442 οἱ
374 3386 648 3456 δυνάσται,
704 3386 757 3438 οἳ
810 3387 1096 3456 κιρνῶντες
1149 3382 1212 3436 τὸ
1270 3383 1474 3458 σίκερα,
1507 3383 1560 3437 οἱ
1602 3379 1932 3446 δικαιοῦντες

287 3477 383 3530 τὸν
417 3470 584 3542 ἀσεϐῆ
615 3470 791 3527 ἕνεκεν
844 3470 1034 3546 δώρων
1085 3471 1172 3525 καὶ
1228 3471 1290 3525 τὸ
1341 3469 1548 3525 δίκαιον
1598 3474 1693 3525 τοῦ
1725 3469 1934 3526 δικαίου

291 3552 538 3638 αἴροντες
570 3565 706 3634 (18),
759 3562 809 3614 οἱ
861 3558 1199 3621 ἐκκλίνοντες
1230 3561 1341 3632 (l9)
1370 3557 1547 3632 κρίσιν
1580 3563 1818 3634 πτωχῶν
1846 3559 1935 3614 καὶ

292 3653 622 3728 ἁρπάζοντες
654 3649 824 3725 κρίμα
871 3650 1142 3718 πενήτων,
1193 3646 1330 3702 ὥστε
1378 3648 1510 3702 εἶναι
1542 3646 1724 3709 αὐτοῖς
1757 3651 1933 3722 χήραν

288 3743 367 3804 εἷς
395 3741 640 3816 ὁρπαγήν
672 3739 762 3792 καὶ
792 3737 1023 3814 ὀρφανὸν
1075 3736 1155 3798 είς
1207 3738 1521 3810 προνομήν.
1556 3738 1650 3790 Καὶ
1681 3736 1732 3791 τί
1762 3738 1935 3807 ποιή-

290 3851 448 3885 σουσι
504 3831 572 3901 τῇ
631 3826 814 3900 ἡμέρᾳ
888 3827 985 3893 τῆς
1053 3826 1396 3895 ἐπισκοπῆς,
1468 3825 1559 3879 καὶ
1624 3827 1759 3900 πρὸς
1816 3826 1939 3880 τίνα

290 3915 710 3994 καταφεύξονται
738 3917 834 3968 τοῦ
868 3914 1205 3987 βοηθηθῆναι
1233 3932 1247 3982 ;
1289 3912 1378 3967 καὶ
1419 3918 1522 3968 ποῦ
1555 3912 1939 3986 καταλείψουσι

289 4009 393 4076 τὴν
451 4003 604 4077 δόξαν
661 4004 837 4058 αὐτῶν
896 4005 992 4056 τοῦ
1057 4001 1131 4074 μὴ
1193 4001 1442 4074 ἐμπεσεῖν
1500 4001 1576 4064 εἷς
1638 4002 1976 4077 ἀπαγωγήν;

2043 3301 2185 3357 tiam
2200 3316 2540 3372 egenorum,
2564 3305 2629 3354 ut
2641 3300 2889 3354 sitvobis
2903 3301 3203 3371 orphanus
3225 3301 3287 3355 in
3301 3301 3582 3373 praedam.
3609 3303 3679 3356 Et

2043 3390 2183 3461 quid
2196 3389 2424 3444 facietis
2441 3389 2502 3442 in
2518 3389 2611 3443 die
2627 3388 3080 3444 visitationis?et
3092 3388 3164 3444 ad
3179 3407 3356 3461 quem
3369 3391 3676 3464 confugie-

2044 3481 2117 3535 tis
2132 3480 2191 3535 in
2206 3479 2691 3535 auxilium?etubi
2707 3479 3394 3553 derelinquetisgloriam
3410 3487 3682 3550 vestram,

2044 3586 2117 3624 ne
2135 3569 2195 3622 in
2211 3568 2608 3623 visitationem
2623 3567 2930 3622 incidatis?
2954 3569 3340 3638 Propterhoc,
3358 3569 3686 3624 sicutdevo-

2045 3654 2137 3702 rat
2151 3647 2430 3718 stipulam
2446 3647 2897 3718 linguaignis,et
2920 3647 3082 3702 calor
3100 3648 3355 3702 flammas
3375 3650 3589 3715 exurit,
3604 3649 3689 3703 sic

2047 3737 2215 3792 radix
2237 3753 2441 3792 eorum
2469 3736 2638 3806 quasi
2663 3736 2860 3790 favilla
2882 3737 3011 3801 erit,
3038 3742 3094 3790 et
3114 3753 3356 3808 germen
3391 3754 3594 3791 eorum
3625 3742 3692 3791 ut

2045 3825 2369 3897 pulvis.Abj
2381 3829 2627 3879 ecerunt
2647 3824 2806 3878 enim
2824 3825 3015 3895 legem
3039 3825 3274 3880 Domini
3299 3825 3684 3889 exercituum,

2049 3919 2108 3968 et
2137 3913 2439 3983 eloquium
2472 3912 2657 3969 sancti
2687 3912 2869 3967 Israel
2895 3913 3683 3986 blasphemaverunt(Isa.v).

2033 4003 2124 4055 Ὃν
2177 4000 2380 4075 τρόπον
2434 4001 2756 4069 καυθήσεται
2814 3998 3037 4072 καλάμη
3093 4001 3195 4055 ὑπὸ
3227 3998 3487 4076 ἄνθρακος
3517 4001 3689 4075 πυρὸς

291 4095 386 4150 καὶ
444 4094 874 4166 συγκαυθήσεται
936 4090 1038 4144 ὑπὸ
1095 4088 1302 4165 φλογὸς
1353 4090 1672 4162 ἀνημμένης
1735 4093 1869 4160 (20),
1927 4089 1961 4158 ἥ
2023 4089 2141 4165 ῥίζα
2198 4087 2370 4143 αὐτῶν
2431 4089 2506 4151 ὡς
2561 4091 2732 4163 χνοῦς
2784 4084 2948 4147 ἔσται,
2983 4088 3166 4143 καὶτὸ
3211 4086 3368 4152 ἄνθος
3399 4090 3575 4144 αὐτῶν
3609 4091 3685 4151 ὡς

291 4183 580 4256 κονιορτὸς
640 4175 985 4250 ἀναϐήσεται·
1046 4177 1107 4233 οὐ
1165 4178 1270 4254 γάρ
1323 4176 1600 4248 ἠθέλησαν
1653 4179 1744 4233 τὸν
1801 4173 1970 4252 νόμον
2029 4177 2232 4251 Κυρίου
2293 4170 2542 4246 Σαϐαὼθ,
2603 4174 2748 4230 ἀλλά
2801 4176 2863 4230 τὸ
2924 4174 3112 4250 λόγιον
3149 4179 3246 4230 τοῦ
3277 4178 3434 4253 ἁγίου
3461 4175 3684 4254 Ἰσραὴλ

291 4271 611 4346 παρώξυναν
623 4313 636 4327 .

369 4387 564 4457 Τούτῳ
615 4383 856 4455 συνᾴδων
889 4385 978 4438 καὶ
1034 4379 1218 4459 ἕτερος
1276 4385 1567 4460 προφήτης
1597 4381 1758 4462 φησίν
1801 4385 1932 4456 (21)·

2122 4382 2339 4438 Eodem
2363 4382 2609 4446 accedit,
2635 4381 2790 4453 quod
2812 4381 2893 4437 ait
2915 4382 3066 4438 alius
3083 4385 3575 4455 prophetatluxta
3606 4392 3697 4440 est

296 4481 390 4534 77
455 4473 652 4550 Ἐγγὺς
704 4475 739 4542 ἡ
799 4470 982 4546 ἡμέρα
1042 4471 1248 4545 Κυρίου
1300 4474 1335 4541 ἡ
1394 4469 1820 4548 μεγάλη,ἐγγὺς
1852 4470 1939 4526 καὶ

291 4566 496 4639 ταχινή
555 4560 782 4639 σφόδρα·
842 4561 994 4638 φωνὴ
1054 4561 1088 4630 ἡ
1146 4559 1356 4633 ἡμέρας
1404 4560 1607 4634 Κυρίου
1657 4560 1824 4632 πικρὰ
1851 4559 1940 4613 καὶ

296 4652 514 4726 σκληρὰ
589 4652 855 4705 τέτακται’
919 4645 1116 4717 δυνατή
1179 4649 1362 4721 ἡμέρα
1415 4647 1580 4722 ὀργῆς
1655 4651 1691 4718 ἡ
1759 4649 1943 4722 ἡμέρα

295 4740 500 4810 ἐκείνη,
560 4740 742 4814 ἡμέρα
791 4735 1027 4808 θλίψεως
1075 4736 1166 4790 καὶ
1212 4737 1469 4812 ἀνάγκης,
1524 4737 1704 4810 ἡμέρα
1749 4735 1940 4791 ταλαι-

296 4830 512 4905 πωρίας
566 4827 656 4882 καὶ
713 4826 1043 4903 ἀφανισμοῦ,
1089 4825 1270 4900 ἡμέρα
1323 4824 1548 4886 σκότους
1595 4824 1683 4879 καὶ
1721 4825 1940 4902 γνόφου,

402 5008 484 5076 14)
508 5009 616 5062 lsa.
644 5007 898 5074 va1,18.

404 5081 488 5148 15)
519 5078 666 5132 Ibid.
697 5092 887 5147 χχχιιι,
916 5080 969 5132 4ο

400 5153 482 5220 16)
510 5149 654 5203 Ibid.
689 5166 807 5213 xm,
837 5153 888 5217 9,
926 5149 1012 5218 10,
1045 5149 1132 5203 11.

375 5223 486 5348 (17)
519 5222 628 5302 lsa.
661 5237 712 5286 v,
749 5221 878 5275 18...

375 5293 460 5348 (18
516 5292 606 5346 8ιο
639 5290 822 5346 codex
849 5295 878 5345 Α

372 5293 460 5362 (18

296 5358 455 5435 Οᾙτὸ
477 5358 566 5435 νᾶὃ.
594 5381 644 5416 τ.
681 5359 728 5416 ὃ.
761 5361 1098 5435 αἱρούμενοι.

409 5434 490 5488 [9‘
526 5436 634 5488 Isa.
668 5451 726 5496 x,
750 5437 801 5487 2.

375 5434 488 5575 (20)
516 5506 681 5560 Isaias
711 5508 801 5558 tex

2054 4472 2178 4528 dies
2199 4474 2432 4528 Domini
2459 4489 2672 4544 magna
2697 4478 2755 4526 et
2778 4473 2944 4528 velox
2972 4474 3300 4531 nimis.Vox
3323 4475 3439 4530 diei
3461 4476 3695 4530 Domini

2052 4578 2273 4627 amara,
2297 4561 2682 4616 tribulabitur
2705 4562 3035 4618 fortis.Dies
3060 4564 3160 4617 irae
3185 4563 3310 4618 dies
3330 4564 3698 4626 illa,diestri-

2051 4651 2372 4706 bulationis
2397 4657 2454 4705 et
2476 4652 2783 4722 angustias,
2811 4650 2935 4705 dies
2960 4651 3316 4707 calamitatis
3341 4658 3398 4707 et
3421 4653 3695 4715 miseriae,

2053 4737 2178 4792 dies
2194 4739 2570 4792 tenebrarum
2586 4745 2644 4792 et
2657 4737 3082 4810 caliginis,dies
3100 4740 3332 4795 nebulae
3349 4747 3406 4795 et
3420 4740 3694 4807 turbinis,

2055 4827 2182 4883 dies
2197 4829 2350 4883 tuba)
2370 4833 2427 4882 et
2447 4828 2740 4900 clangoris
2765 4845 2942 4900 super
2963 4829 3225 4886 civitates
3241 4830 3585 4896 munitas,et
3597 4845 3697 4884 su-

516 5292 606 5368 §ic
639 5290 822 5368 code;
849 5291 1066 5368 A_olim
1091 5307 1106 5356 ;
1134 5307 1293 5347 nunc
1316 5304 1346 5345 θ
1379 5291 1770 5359 correctione,
1803 5289 1864 5344 τὸ
1891 5288 1932 5345 ait

2050 5311 2076 5346 ν
2105 5291 2201 5346 τοῦ
2233 5286 2281 5350 ὃ.
2315 5289 2422 5366 αἶ’ρ.
2456 5295 2622 5360 Quod
2651 5295 2786 5352 dedi
2819 5302 2908 5354 est
2939 5296 3066 5368 ipsa
3113 5297 3280 5354 Isaiae
3322 5295 3497 5354 lectio
3524 5314 3578 5368 v,
3609 5295 3698 5352 23.

516 5471 903 5586 i§§i§i€£tus
935 5503 1173 5586 exhibet
1216 5524 1268 5574 v,
1317 5511 1407 5586 24,
1467 5506 1775 5586 ἀνειμένης,
1803 5525 1932 5586 _qu<

2050 5524 2170 5563 non
2228 5509 2614 5586 praetulerim.
2662 5512 2856 5566 Poetaa
2889 5510 3071 5567 Graeci
3106 5511 3386 5566 dixerunt
3415 5510 3703 5581 αῗθόμενον

296 5576 594 5654 πῦρςρξρὲθ
629 5576 809 5654 Isaias
837 5592 910 5654 ιν,
930 5576 996 5654 ⁵5,
1021 5577 1190 5650 πυρὸς
1217 5581 1514 5654 καιομένου
1540 5596 1552 5634 :
1588 5576 1644 5647 ἰ,
1681 5576 1771 5654 17,
1800 5576 1932 5635 ἐν“πι

2048 5576 2348 5651 καιομένῳ.

376 5647 499 5721 (21)
524 5647 780 5719 Sophon.
816 5662 853 5713 ι,
888 5649 952 5700 14
984 5647 1148 5720 seqq.

589 5765 855 5824 PATROL.
904 5765 1014 5824 Gn.
1067 5765 1273 5828 XCVI.

3361 5771 3432 5827 30
