4042 6154
464 280 470 289 ·
482 259 589 316 939

2019 260 2385 313 ΔυΒΕΝΒΔ.

3747 279 3830 335 940

484 408 594 463 per
614 388 861 462 angulos
883 387 1168 443 excelsos.
1189 390 1259 442 Et
1282 387 1575 443 tribulabo
1599 387 1977 459 malignos,et
1996 401 2110 441 am-

2236 384 2415 457 ἠμὲρα
2451 385 2685 475 νεφέλης
2737 387 2824 475 καὶ
2884 388 3157 465 ὁμίχλης,
3215 391 3411 468 ἡμέρα
3465 395 3730 475 σάλπιγγος
3756 406 3829 460 καὶ

488 479 782 534 bulabunt
800 477 1359 548 caaci,quiaDomino
1377 476 2129 548 peccavernnt;eteﬁ‘unde-

490 573 586 622 tur
600 568 838 640 sanguis
855 583 1058 621 eorum
1081 566 1234 620 sicut
1250 566 1553 634 humus,et
1565 583 1778 637 corpus
1793 582 1998 619 eorum
2014 565 2129 619 sic-

488 661 554 712 ut
567 662 846 711 stercora.
874 655 982 709 Sed
998 660 1481 725 etargumentum
1496 671 1721 723 eorum,
1740 660 2017 709 etaurum
2032 671 2128 709 eo-

485 762 619 801 rum
635 762 754 799 non
768 742 1247 815 poteritliberare
1263 760 1361 798 eos
1375 745 1437 797 in
1453 743 1546 798 die
1563 742 2038 799 furorisDomini.
2062 744 2127 797 In

488 835 622 907 igne
638 834 743 887 zeli
761 834 891 905 ejus
905 832 1486 887 devorabituromnis
1501 838 1676 899 terra,
1703 833 1841 903 quia
1852 848 2127 887 consum-

484 923 810 979 mationem
824 938 956 976 cum
972 921 1352 976 festinatione
1366 920 1541 975 faciet
1564 921 1794 975 cunctis
1808 920 2127 976 habitanti-

484 1011 597 1067 bus
611 1018 829 1066 terram
855 1011 1110 1080 (Soph.1).
1138 1012 1386 1080 Insuper
1400 1010 1580 1064 etiam
1607 1010 1782 1064 David
1795 1026 1897 1063 rex
1910 1016 1968 1064 et
1992 1026 2130 1080 pro-

486 1102 665 1171 pheta
681 1101 755 1154 ad
768 1102 925 1154 hunc
939 1098 1181 1153 modum
1193 1100 1428 1153 clamat:
1443 1101 1591 1153 Deus
1604 1098 1915 1153 manifeste
1933 1098 2131 1152 veniet

487 1190 878 1255 Deusnoster,
898 1195 1089 1243 etnon
1114 1188 1330 1243 silebit.
1367 1188 1521 1260 Ignis
1552 1188 1611 1242 in
1644 1192 1965 1259 conspectu
1999 1188 2127 1259 ejus

491 1278 853 1345 exardescet,
878 1283 935 1331 et
956 1278 1017 1331 in
1045 1277 1295 1331 circuitu
1308 1277 1437 1346 ejus
1461 1282 1780 1347 tempestas
1792 1274 2125 1331 valida.Ad-

488 1366 940 1423 vocabitccelum
954 1365 1582 1431 desursum,etterram
1595 1365 1933 1419 discernere
1946 1380 2127 1435 popu-

487 1458 613 1512 lum
636 1472 810 1511 suum
831 1455 1000 1525 (Psal.
1032 1454 1205 1526 χιιι).
1238 1456 1318 1508 Ac
1340 1470 1607 1509 rursum:
1639 1455 1920 1525 Exsurge,
1950 1454 2125 1521 Deus,

485 1546 701 1616 inquit,
726 1551 785 1600 et
795 1544 1002 1616 judica
1021 1549 1260 1611 terram,
1281 1544 1564 1614 quoniam
1577 1542 1850 1615 cogitatio
1863 1541 2128 1597 hominis

483 1634 865 1690 conﬁtebitur
884 1633 991 1687 tibi
1014 1633 1233 1697 (Psalm.
1257 1634 1481 1691 Lxxvn).
1506 1634 1588 1686 Ac
1611 1647 1849 1686 rursum
1868 1633 1977 1687 :Tu
1994 1629 2127 1685 red-

485 1724 590 1780 des
622 1720 1134 1794 unicuique'juxta
1163 1737 1345 1792 Opera
1387 1737 1511 1776 sua.
1564 1721 1882 1793 Complura
1928 1726 2126 1776 autem

488 1816 663 1869 etiam
689 1813 807 1868 alia
843 1809 1207 1883 hujusmodi,
1242 1815 1369 1865 tum
1402 1809 1736 1876 Psalmista,
1767 1816 1891 1865 tum
1920 1824 2126 1865 omnes

484 1902 790 1974 prophetas
813 1901 1010 1955 divino
1035 1899 1253 1970 Spiritu
1270 1898 1483 1965 edocti,
1506 1898 1576 1953 de
1599 1897 1797 1953 futuro
1803 1898 2030 1970 judicio
2058 1914 2126 1953 ac

486 1992 758 2047 mercede
797 1990 1213 2061 praedicarunt.
1248 1990 1510 2053 Quorum
1540 2005 1844 2043 sermones
1866 1990 2127 2044 Salvator

488 2097 722 2150 quoque
743 2079 1073 2134 certissime
1095 2078 1477 2143 conﬁrmans,
1502 2093 1610 2132 nos
1633 2083 2001 2132 mortuorum
2031 2094 2124 2132 re-

491 2169 942 2235 surrectionem,
987 2152 1306 2236 rerumque
1338 2166 1399 2220 in
1423 2166 1540 2220 vita
1568 2171 1867 2238 gestarum
1899 2182 2126 2221 merce-

489 2258 829 2328 dem,atque
855 2256 1254 2313 immortalem
1275 2255 1459 2310 futuri
1476 2254 1677 2310 seaculi
1694 2255 1871 2310 vitam
1884 2254 2125 2311 credere

485 2347 709 2402 docuit.

551 2437 683 2491 CAP.
717 2435 783 2489 X.
816 2465 884 2474 —
906 2434 1189 2505 Josaphat
1217 2437 1417 2487 autem
1449 2432 1674 2504 ingenti
1697 2432 1771 2487 ob
1798 2432 1923 2487 haec
1946 2432 2124 2488 verba

477 2523 660 2581 animi
677 2522 1136 2594 compunctione
1167 2520 1402 2591 plenus,
1426 2520 1705 2592 lacrymis
1725 2521 2123 2592 perfundeba-

474 2618 591 2680 tur,
619 2611 904 2683 atquehis
916 2610 990 2665 ad
1014 2626 1219 2665 senem
1244 2608 1436 2663 verbis
1451 2625 1593 2664 usus
1619 2615 1724 2664 est:
1753 2610 2120 2665 Omniamihi

471 2703 783 2774 perspicue
798 2700 1206 2767 declarasti,ac
1217 2699 1576 2754 horrendam
1590 2700 1743 2754 hanc
1756 2700 2118 2756 etadmiran-

474 2789 609 2846 dam
622 2790 1025 2847 narrationem
1048 2788 1354 2843 luculenta
1372 2787 1642 2843 oratione
1663 2788 2007 2859 complexus
2020 2805 2107 2847 es.

472 2880 538 2935 Hi
548 2897 574 2935 s
589 2881 788 2951 itaque
805 2878 976 2933 nobis
990 2876 1330 2949 propositis,
1354 2876 1500 2947 quid
1514 2875 1753 2932 tandem
1776 2875 2116 2933 faciendum

451 2977 579 3036 est,
603 2974 669 3024 ut
681 2985 749 3024 ea
761 2967 1056 3040 supplicia
1068 2982 1199 3037 quae
1223 2965 1526 3021 sceleratis
1549 2965 1890 3021 hominibus
1912 2972 2117 3038 parata

2234 476 2493 549 κραυγῆς·
2527 473 2617 529 καὶ
2660 473 2904 550 ἐκθλίψω
2951 478 3078 541 τοὺς
3136 481 3434 553 πονηροὺς,
3462 484 3544 538 καί
3573 473 3821 561 πορεύσον-

2233 580 2321 613 ται
2345 561 2676 652 ὡςᾷτυφλοὶ,
2699 564 2782 619 ὅτι
2810 570 2888 636 τῷ
2919 568 3105 642 Κυρίῳ
3145 567 3461 642 ἐξήμαρτον
3493 574 3578 627 καὶ
3602 577 3659 629 τὸ
3685 579 3818 652 ἀργύ-

2237 667 2353 722 ριαν
2387 650 2564 705 αὐτῶν
2596 651 2777 707 καὶτὸ
2827 656 3055 729 χρυσίον
3106 656 3167 710 οὐ
3221 659 3296 730 μὴ
3348 656 3561 730 δύνηται
3591 650 3818 735 ἐξελέσθαι

2237 736 2432 826 αὐτοὺς
2488 738 2539 793 ἐν
2598 739 2780 814 ἡμέρᾳ
2835 742 3006 818 ὀργῆς
3064 745 3281 819 Κυρίου·
3316 745 3367 801 ἐν
3401 751 3524 824 πυρὶ
3556 754 3654 826 γὰρ
3681 753 3821 822 ζήλου

2235 825 2398 881 αὐτοῦ
2445 829 2954 903 καταναλωθήσεται
3002 840 3147 888 πᾶσα
3176 836 3210 904 ἡ
3242 838 3335 909 γῆ,
3386 834 3519 892 διότι
3560 825 3819 895 συντέλειαν

2234 918 2451 986 ποιήσει
2478 916 2566 972 ἐπὶ
2596 918 2799 982 πάντας
2850 920 2976 983 τοὺς
3034 928 3416 986 κατοικοῦντας
3441 927 3538 994 τὴν
3566 934 3677 1000 γῆν.
3706 932 3818 996 Πρὸς

2232 1004 2449 1069 τούτοις
2476 1006 2564 1061 καὶ
2618 1007 2781 1064 Δαυῖδ
2835 1012 2862 1065 6
2921 1010 3173 1086 βασιλεὺς
3203 1014 3289 1068 καὶ
3336 1017 3613 1091 προφήτης
3645 1017 3749 1090 βοᾷ²
3775 1019 3821 1074 Ὁ

2235 1092 2364 1157 Θεὸς
2394 1099 2502 1166 (22)
2532 1096 2784 1174 ἐμφανῶς
2838 1100 2971 1172 ἣξει,
3029 1101 3057 1154 6
3116 1103 3243 1163 Θεὸς
3274 1104 3459 1176 ἡμῶν,
3488 1106 3574 1158 καὶ
3604 1105 3660 1159 οὐ
3688 1126 3822 1179 παραι-

2235 1186 2588 1254 σιωπήσεται.
2664 1191 2770 1258 πῦρ
2846 1187 3075 1244 ἐνώπιον
3136 1189 3300 1245 αὐτοῦ
3373 1193 3699 1261 καυθήσεται,
3753 1193 3821 1246 καὶ

2233 1269 2421 1342 κύκλῳ
2473 1274 2640 1328 αὐτοῦ
2697 1276 2940 1350 καταιγῖς
2994 1275 3220 1354 σφοδρά’
3301 1277 3706 1349 προσκαλέσεται
3751 1280 3821 1334 τὸν

2235 1359 2465 1432 οὐρανὸν
2511 1360 2621 1418 ἅνω
2680 1362 2770 1419 καί
2822 1366 2920 1434 τήν
2974 1374 3101 1440 γῆν,
3163 1371 3259 1422 τοῦ
3320 1365 3586 1442 διακρῖναι
3610 1368 3692 1422 τὸν
3721 1365 3823 1421 λαὸν

2236 1448 2419 1507 αὐτοῦ.
2454 1450 2551 1507 Καὶ
2609 1452 2782 1517 αὖθις
2843 1454 3096 1525 Ἀνάστα,
3154 1456 3316 1532 φησὶν
3348 1460 3474 1529 (23),
3506 1456 3645 1524 Θεὸς,
3674 1461 3821 1529 κρῖνον

2232 1539 2334 1607 τήν
2362 1541 2485 1613 γῆν,
2519 1536 2601 1594 ὅτι
2633 1538 2885 1615 ἐνθύμιον
3090 1545 3377 1617 ἀνθρώπου
3409 1543 3821 1616 ἐξομολογήσεταί

2236 1645 2342 1681 σοι’
2401 1629 2491 1682 καὶ
2544 1632 2659 1703 (25)
2716 1629 2777 1685 σὺ
2832 1633 3139 1695 ἀποδώσεις
3190 1632 3400 1706 ἑκάστῳ
3456 1632 3585 1689 κατὰ
3630 1633 3689 1687 τὰ
3724 1627 3823 1706 ἔργα

2156 1747 2201 1810 Β
2234 1713 2417 1810 αὐτοῦἷ
2466 1716 2659 1810 Πολλὰ
2715 1717 2773 1774 δὶ
2827 1720 2917 1776 καὶ
2968 1718 3123 1795 ἕτερα
3171 1727 3397 1777 τοιαῦτα
3426 1723 3540 1777 ἀτε
3565 1717 3821 1794 ψαλμῳδὸς

2229 1803 2319 1858 καὶ
2346 1806 2537 1869 πάντες
2567 1809 2620 1861 οἱ
2649 1815 2926 1886 προφῆται
2981 1812 3092 1884 (26)
3145 1815 3222 1883 τῷ
3272 1812 3405 1885 θείῳ
3432 1816 3678 1883 πνεύματι
3709 1830 3818 1881 μυη-

2231 1892 2406 1956 θέντες
2457 1897 2578 1968 περὶ
2639 1904 2739 1967 τῆς
2801 1897 3112 1971 μελλούσης
3170 1899 3403 1972 κρίσεως
3458 1895 3818 1954 καὶάνταποδό-

2230 2003 2362 2045 σεως
2391 1982 2671 2060 ἐκήρυξαν·
2733 1988 2805 2041 ὧν
2858 1986 2988 2050 τοὺς
3046 1986 3243 2064 λόγους
3297 1989 3387 2044 καὶ
3419 1990 3446 2043 6
3480 1989 3661 2060 Σωτὴρ
3683 1985 3818 2060 ἀσφα-

2231 2069 2460 2127 λέστατα
2520 2075 2616 2129 78
2679 2070 3004 2149 βεϐαιώσας,
3080 2074 3318 2148 ἐδίδαξεν
3404 2079 3539 2149 ἡμᾶς
3590 2071 3814 2129 πιστεύειν

2224 2157 2508 2214 ἀνάστασιν
2554 2167 2759 2237 νεκρῶν
2809 2164 2899 2219 καί
2945 2163 3304 2221 ἀνταπόδοσιν
3355 2170 3460 2221 τῶν
3496 2159 3815 2239 βεϐιωμένων,

2227 2250 2372 2318 ζωήν
2405 2269 2463 2304 τε
2493 2249 2847 2322 ἀτελεύτητον
2870 2257 2967 2308 τοῦ
3001 2252 3303 2327 μέλλοντος
3342 2253 3554 2321 αἰῶνος,

2294 2427 2462 2482 ΚΕΦ.
2498 2432 2555 2484 Ρ.
2587 2428 2648 2485 Ὀ
2680 2425 2737 2483 δὲ
2786 2429 3040 2505 Ἰωάσαφ,
3097 2430 3443 2504 κατανύξεως
3504 2427 3699 2491 πολλῆς
3738 2422 3816 2499 ,ἐπὶ

2220 2514 2436 2577 τούτοις
2491 2515 2828 2590 πληρωθεὶς,
2887 2517 3184 2591 σύνδακρυς
3242 2519 3388 2582 ὅλος
3442 2519 3523 2589 ἦν.
3580 2514 3669 2574 Καὶ
3712 2531 3814 2590 φησι

2221 2602 2357 2678 πρὸς
2384 2603 2476 2658 τὸν
2507 2605 2750 2680 γέροντω
2801 2607 2981 2662 Πάντα
3041 2627 3133 2681 μοι
3194 2612 3388 2685 σαφῶς
3432 2596 3813 2681 ἐγνιιῖ›ρισας,κίεὶ

2222 2692 2477 2768 ἀσφαλῶς
2532 2690 2810 2766 διεξῆλθες
2861 2696 2962 2764 τήν
3040 2700 3270 2774 φρικτήν
3349 2695 3540 2765 ταύτην
3585 2691 3666 2747 καὶ
3712 2690 3812 2774 θαυῖ

2224 2784 2432 2853 μαστήν
2463 2779 2738 2859 διήγησιν.
2790 2783 3005 2839 Τούτων
3046 2772 3140 2839 οὗν
3170 2783 3551 2860 προκειμένων
3600 2784 3736 2850 ἡμῖν,
3773 2772 3811 2826 τί

2217 2870 2331 2944 χρὴ
2388 2875 2585 2941 ποιεῖν,
2645 2875 2742 2926 τοῦ
2813 2871 3057 2950 ἐκφυγεῖν
3128 2873 3225 2936 τὰς
3279 2868 3675 2946 ἡτοιμασμένας
3722 2866 3812 2922 τοῖς

2217 2958 2569 3030 ἁμαρτωλοῖς
2598 2959 2875 3031 κολάσεις,
2914 2962 3001 3017 καὶ
3055 2961 3367 3035 ἀξιωθῆναι
3414 2965 3511 3027 τῆς
3547 2959 3699 3035 χαρᾶς
3725 2954 3808 3007 τῶν

470 3063 610 3114 sunt
641 3057 1009 3129 eil‘ugiamus,
1040 3072 1107 3110 ac
1131 3055 1434 3126 jUStorum
1463 3053 1745 3126 gaudium
1776 3071 2102 3126 consequa-
2136 3091 2179 3157 Π
2220 3043 2441 3103 δικαίων
2467 3067 2482 3118 ;

453 3163 602 3203 mur
626 3146 654 3201 ?

537 3234 863 3305 Respondit
884 3233 1184 3287 Barlaam:
1208 3231 1444 3286 Litteris
1462 3231 1646 3286 sacris
1676 3231 1975 3302 proditum
2016 3238 2106 3288 est

465 3324 610 3394 (Act.
637 3326 717 3389 ni,
735 3322 892 3393 quod
914 3338 1046 3375 cum
1061 3320 1397 3389 Petrus,qui
1413 3319 1813 3389 apostolorum
1827 3321 2102 3392 princeps

460 3418 700 3466 vocatus
724 3416 832 3469 est.
856 3410 1091 3480 plebem
1109 3408 1731 3475 doctrinainstrueret,
1749 3409 1925 3463 corde
1941 3426 2100 3464 com-

458 3501 662 3571 puncti
689 3505 847 3566 sunt,
871 3497 1372 3568 quemadmodum
1398 3497 1700 3551 scilicettu
1728 3513 1962 3567 quoque
1993 3499 2102 3551 ho-

457 3586 664 3643 dierno
688 3587 803 3642 die.
829 3587 1092 3655 Cumque
1126 3584 1443 3638 dixissent:
1477 3582 1626 3646 Quid
1656 3581 1980 3637 faciemus?
1999 3585 2097 3638 Pe-

455 3681 582 3731 trus
606 3677 679 3732 ad
703 3693 804 3731 eos
828 3675 1007 3730 dixit:
1041 3672 1454 3728 Paenitentiam
1487 3671 1659 3742 agite,
1687 3676 1746 3724 et
1772 3670 2099 3741 baptizatur

452 3766 867 3836 unusquisque
880 3769 1140 3819 vestrum
1172 3762 1233 3815 in
1255 3760 1669 3815 remissionem
1696 3766 2092 3830 peccatorum,

446 3856 826 3926 .etaccipietis
855 3851 1333 3922 donumSpiritus
1366 3851 1573 3905 sancti.
1610 3850 1785 3905 Vobis
1818 3853 1976 3905 enim
2008 3856 2097 3906 est

450 3946 851 4017 promissio,et
865 3942 1004 3997 ﬁliis
1016 3939 1310 4003 vestris,et
1329 3938 1604 3992 omnibus
1617 3938 1716 4007 qui
1740 3938 1909 4010 longe
1933 3945 2092 4008 sunt,

451 4050 839 4104 quoscunque
871 4028 1241 4087 advocaverit
1262 4027 1546 4081 Dominus
1578 4028 1731 4081 Deus
1762 4033 1982 4083 noster.
2007 4031 2092 4085 En

448 4124 628 4195 igitur
656 4125 779 4195 ipse
810 4120 1235 4176 misericordias
1268 4135 1389 4173 suae
1420 4118 1653 4173 divitias
1679 4116 1741 4173 in
1770 4123 1826 4173 te
1861 4119 2090 4187 effudit,

446 4219 622 4283 teque
646 4212 747 4282 qui
780 4213 977 4265 animo
996 4228 1062 4266 ac
1086 4209 1385 4264 voluntate
1408 4208 1615 4280 procul
1642 4207 1714 4262 ab
1747 4225 1814 4263 eo
1845 4208 2089 4265 dissitus

445 4318 597 4368 eras,
622 4306 681 4355 et
702 4300 1062 4367 alienis,non
1086 4297 1278 4353 dicam
1297 4297 1541 4362 diis,sed
1557 4296 1852 4368 pestiferis
1870 4298 2086 4353 daemo-

441 4391 639 4458 nibus,
666 4396 724 4444 et
746 4388 940 4444 surdis
959 4405 1025 4442 ac
1040 4404 1250 4442 sensus
1272 4385 1611 4456 expertibus
1634 4386 1842 4441 statuis
1855 4387 2083 4442 cultum

2283 3228 2382 3282 Καὶ
2441 3228 2469 3282 6
2521 3227 2791 3303 Βαρλαάμ
2841 3228 3190 3303 ἀπεκρίνατοο
3260 3231 3569 3306 Γέγραπται
3622 3222 3692 3279 ὅτι
3740 3216 3807 3273 δι-

2212 3312 2503 3379 δάσκοντός
2534 3337 2668 3371 ποτε
2722 3321 2819 3372 τοῦ
2880 3316 3081 3393 Πέτρου
3135 3317 3227 3373 τὸν
3289 3315 3456 3387 λαὸν,
3488 3312 3648 3378 ὅςκαὶ
3674 3329 3806 3385 κορυ-

2210 3410 2368 3481 φαῖος
2403 3403 2610 3476 ἐκλήθη
2662 3411 2768 3461 τῶν
2827 3405 3174 3473 ἀποστόλων,
3225 3407 3593 3481 κατενύγησαν
3636 3397 3806 3473 (2Ἲ)τῇ

2205 3491 2422 3567 καρδίᾳ,
2455 3498 2694 3569 καθάπερ
2751 3495 2840 3549 καὶ
2900 3495 2961 3549 σὺ
3015 3497 3279 3571 σήμερον,
3338 3497 3447 3567 καὶ,
3476 3492 3709 3550 εἷ’πόντων
3732 3485 3803 3540 αὖ·

2206 3586 2337 3637 τῶν·
2395 3583 2462 3639 Τί
2518 3586 2863 3656 ποιήσομενς
2925 3586 2953 3639 6
3010 3584 3215 3661 Πέτρος
3274 3581 3379 3664 ἔφη
3439 3584 3567 3655 πρὸς
3619 3574 3796 3664 αὐτούς’

2205 3674 2609 3742 Μετανοήσατε,
2696 3675 2782 3728 καὶ
2872 3674 3223 3747 βαπτισθήτω
3279 3672 3498 3735 ἕκαστος
3557 3671 3687 3743 ὑμῶν
3738 3662 3796 3721 εἷς

2205 3758 2387 3839 ἄφεσιν
2463 3764 2763 3837 ἁμαρτιῶν,
2838 3763 2925 3816 καὶ
3000 3759 3237 3835 λήψεσθε
3322 3764 3421 3831 τήν
3484 3757 3668 3831 δωρεὰν
3719 3752 3794 3839 τοῖ’)

2200 3835 2382 3924 ’Λνγίου
2437 3835 2769 3922 Ιινεύματος.
2830 3850 2955 3921 ὑμῖν
3015 3848 3119 3924 γὰρ
3171 3847 3315 3905 ἐστιν
3347 3853 3383 3920 ἡ
3411 3842 3686 3923 ἐπαγγελία
3722 3835 3794 3892 καῖ

2148 3971 2158 3979 -
2199 3943 2317 4001 τοῖς
2364 3938 2574 4001 τέκνοις
2626 3939 2778 4011 ὑμῶν
2826 3940 2918 3993 καὶ
2967 3944 3097 3993 πᾶσι
3147 3944 3265 4000 τοῖς
3321 3939 3397 4000 εἷς
3447 3934 3639 4010 μακρὰν
3664 3928 3792 3983 ὅσους

2200 4027 2258 4082 ἃν
2292 4028 2696 4105 προκαλέσηται
2744 4028 2949 4104 Κύριος
2981 4028 3009 4082 6
3043 4028 3173 4090 Θεὸς
3220 4030 3406 4102 ἡμῶν.
3453 4024 3590 4083 Ἰδοὺ
3618 4021 3697 4077 οὖν
3722 4012 3793 4070 καὶ

2199 4116 2287 4172 ἐπὶ
2328 4118 2385 4172 σὶ
2434 4116 2613 4193 ἐξέχεε
2648 4119 2710 4172 τὸ
2767 4116 3033 4173 πλούσιον
3093 4116 3244 4180 ἔλεος
3293 4119 3483 4185 αὐτοῦ,
3529 4112 3610 4168 καὶ
3654 4122 3792 4181 προσ·

2198 4203 2488 4260 εκαλέσατό
2520 4226 2597 4275 σε,
2627 4207 2720 4261 τὸν
2755 4207 2961 4280 μακρὰν
2990 4206 3155 4260 αὐτοῦ
3192 4210 3260 4278 τῇ
3291 4207 3489 4280 γνώμῃ
3525 4200 3795 4273 ὑπάρχοντα

2193 4295 2284 4350 καί
2314 4292 2634 4369 ἂλλοτρίοις
2691 4293 3020 4366 λατρεύοντα
3077 4295 3138 4351 ού
3198 4301 3365 4367 θεοῖς,
3413 4292 3555 4349 ἀλλὰ
3582 4286 3791 4357 δαίμοσιν

2198 4382 2471 4460 ὀλεθρίοις
2499 4385 2587 4439 καὶ
2636 4384 2846 4455 ξοάνοις
2900 4388 3107 4462 κωφοῖς
3169 4386 3278 4458 (28)
3335 4383 3425 4439 καὶ
3469 4375 3788 4462 ιῖιναισθήτθιςἐ

440 4477 788 4542 adhibebas,
804 4475 1031 4529 accivit.
1057 4474 1341 4538 Quocirca
1361 4478 1499 4527 ante
1521 4473 1723 4528 omnia
1741 4472 1813 4528 ad
1828 4490 1963 4530 eum
1978 4475 2079 4546 qui

2217 4471 2284 4525 ιιὸ
2313 4473 2404 4528 καὶ
2461 4473 2568 4546 πρὸ
2626 4472 2839 4527 πάντων
2899 4471 3169 4546 πρόσελθε
3224 4472 3304 4544 τῷ
3364 4452 3788 4546 κεκγηκότι,ποξρ’

438 4572 495 4621 te
518 4565 743 4621 vocavit
766 4563 996 4628 recede,
1017 4580 1052 4617 a
1075 4578 1190 4632 quo
1213 4577 1409 4615 veram
1435 4567 1553 4615 tam
1578 4576 1782 4615 eorum
1801 4578 2086 4631 quamcu-

436 4657 512 4712 lis
525 4658 1061 4723 cernuntur,quam
1079 4667 1211 4720 quae
1236 4649 1308 4703 ab
1333 4648 1640 4702 oculorum
1665 4665 1846 4704 sensu
1859 4656 2089 4706 remota

437 4744 1000 4819 sunt,cognitionem
1023 4735 1603 4808 consequerisQuod
1627 4736 1674 4791 si
1697 4743 2085 4809 posteaquam

432 4841 674 4890 vocatus
698 4840 787 4889 est
810 4831 1093 4888 accedere
1118 4827 2083 4899 recusas,autmorasnectis,justo

433 4924 779 4994 Deijudicio
807 4921 1078 4977 exhaares
1105 4917 1241 4979 eris,
1269 4932 1335 4971 ac
1358 4914 1937 4987 repudiaberis,quia
1957 4917 2082 4988 ipse

429 5012 777 5083 repudiasti.
802 5011 888 5065 Ad
914 5011 1071 5065 hunc
1095 5007 1256 5063 enim
1271 5005 1516 5062 modum
1539 5004 1665 5076 ipse
1690 5023 1925 5078 quoque
1947 5023 2079 5079 apo-

494 5157 608 5225 (22)
640 5154 793 5210 Psal.
826 5172 979 5220 XLIX,
1010 5154 1064 5219 3,
1097 5154 1151 5208 4.

493 5228 604 5297 (23)
636 5226 791 5282 Psal.
825 5241 1017 5292 Lxxxr,
1032 5226 1099 5297 78A.

492 5295 602 5367 (24)
636 5297 790 5352 Psal.
824 5313 987 5363 Lxxv,
1022 5295 1105 5349 10.

489 5370 603 5440 (25)
632 5368 787 5423 Psal.
820 5385 932 5433 LXI,
964 5367 1046 5420 12.

2197 4559 2258 4615 οὗ
2291 4558 2441 4634 λήψῃ
2469 4544 2574 4614 τῖον
2609 4559 2902 4636 ὁρωμένων
2930 4544 3021 4615 καὶ
3068 4564 3175 4615 τῶν
3219 4559 3463 4636 ἀοράτων
3495 4544 3786 4636 ἀψευδῆ

2194 4630 2426 4722 γνῶσιν.-
2451 4648 2512 4705 Εἰ
2544 4646 2601 4704 δὲ
2641 4630 2776 4723 μετᾶ
2832 4650 2892 4704 τὸ
2948 4648 3223 4719 κληθῆναι
3256 4630 3316 4704 ού
3348 4647 3526 4707 θέλεις
3557 4645 3589 4713 ἢ
3622 4630 3788 4723 βραδάῗ

2191 4719 2318 4807 νεις,
2366 4736 2546 4812 δικαίᾳ
2590 4719 2723 4795 Θεοῦ
2765 4741 2937 4814 κρίσει
2987 4737 3305 4815 ἀπόκληρος
3361 4738 3479 4813 ἔσῃ,
3507 4738 3584 4805 τῷ
3615 4719 3787 4815 τθλμῆ

2193 4828 2419 4896 θελῆσαι
2451 4811 2531 4902 μή(
2552 4811 2823 4900 θεληθείς·
2850 4828 2991 4885 οὕτω
3023 4829 3126 4904 γὰρ
3155 4811 3246 4884 καὶ
3276 4829 3303 4884 ὁ
3334 4811 3493 4887 αὐτὸς
3521 4811 3787 4904 ἀποστολος

2190 4894 2394 4994 Πέτρος
2426 4894 2561 4994 πρός
2609 4894 2727 4973 τινα
2774 4922 2880 4972 τῶν
2935 4894 3192 4991 μαθητῶν
3227 4913 3552 4984 λελάληκεν.
3594 4894 3788 4994 Ἐγῲήδδ

2186 5006 2423 5063 πιστεύω
2481 5006 2566 5063 ὅτι
2620 5007 2708 5063 καὶ
2769 5007 3081 5077 ὑπήκουσας
3135 5010 3233 5073 τῆς
3288 5003 3558 5074 κλήσεως,
3611 4992 3691 5052 καὶ
3723 4984 3784 5043 ἔτι

414 5481 420 5486 .
634 5421 785 5516 Loca
815 5421 845 5494 ὲ
883 5421 1100 5516 Vetere
1123 5435 1608 5516 Testamentode
1635 5438 2087 5516 resurrectione
2118 5441 2366 5516 collegit.
2408 5443 2776 5505 Laubrussel.
2808 5446 2889 5503 De
2917 5444 3105 5502 abusu
3135 5443 3389 5510 critices,
3418 5444 3458 5495 t.
3489 5434 3532 5505 Ι,
3561 5447 3677 5507 pag-
3706 5421 3778 5477 3°-

488 5504 600 5577 (27)
634 5513 745 5566 lies
776 5516 1055 5566 narratur
1087 5510 1148 5563 in
1181 5512 1307 5563 Act.
1342 5506 1610 5577 Apostol.
1645 5504 1709 5577 n',
1742 5509 1876 5566 37...

484 5574 591 5653 (28)
624 5584 839 5639 Hahae.
874 5601 936 5648 ιι,
969 5586 1072 5636 18:
1109 5585 1341 5648 Ποιήσαι
1377 5574 1581 5635 εἶ’δωλα
1604 5574 1780 5656 κωιρά.
