4042 6154
394 283 519 340 ’939

1948 286 2315 339 ADDENDA.

3703 295 3818 352 940

415 432 524 487 per
544 413 791 486 angulos
813 412 1097 467 excelsos.
1118 413 1189 466 Et
1213 412 1505 467 tribulabo
1529 412 1907 484 malignos,et
1926 427 2042 466 am-

2166 410 2344 482 ήμέρα
2381 409 2615 484 νεφέλης
2667 413 2754 467 καὶ
2814 414 3087 492 ὁμίχλης,
3146 418 3329 493 ἡμέρα
3386 417 3683 496 σάλπιγγος
3714 422 3816 478 καῖ

418 503 712 558 bulabunt
730 502 1289 572 caaci,quiaDomino
1307 508 1694 573 peccaverunt
1703 507 1782 569 ;et
1795 501 2059 555 effunde-

417 597 515 647 tur
529 593 769 664 sanguis
785 607 986 645 eorum
1011 590 1164 644 sicut
1181 590 1708 661 humus,etcorpus
1723 607 1929 645 eorum
1944 590 2060 644 sic—

417 686 483 735 ut
496 687 776 736 stercora.
803 678 913 733 Sed
929 685 986 733 et
999 686 1411 750 argumentum
1426 696 1651 747 eorum,
1670 684 1948 734 etaurum
1961 696 2058 733 eo-

416 786 549 825 rum
564 786 684 823 non
700 767 1178 839 poteritliberare
1193 784 1291 821 eos
1306 769 1367 821 in
1383 767 1477 823 die
1492 768 1968 824 furorisDomini.
1991 768 2058 821 In

418 859 552 931 igne
567 859 672 912 zeli
692 858 821 929 ejus
834 856 1211 912 devorabitur
1221 857 1416 911 omnis
1432 863 1607 923 terra,
1633 858 1772 927 quia
1782 873 2057 911 consum-

414 948 739 1003 mationem
755 963 887 1000 cum
902 945 1281 1000 festinatione
1296 945 1470 1000 faciet
1494 946 1725 1000 cunctis
1737 945 2056 1000 habitanti-

414 1035 527 1091 bus
542 1043 758 1091 terram
784 1035 1039 1104 (Soph.1).
1068 1036 1315 1105 Insuper
1330 1035 1510 1089 etiam
1536 1035 1711 1089 David
1724 1051 1827 1088 rex
1840 1040 1898 1089 et
1922 1051 2059 1105 pro-

414 1127 594 1196 pheta
610 1125 856 1179 adhunc
869 1123 1110 1178 modum
1123 1124 1357 1178 clamat:
1373 1126 1521 1177 Deus
1534 1123 1843 1178 manifeste
1862 1124 2060 1177 veniet

416 1214 1019 1280 Deusnoster,etnon
1044 1213 1260 1267 silebit.
1298 1213 1450 1284 Ignis
1482 1213 1541 1267 in
1574 1218 1895 1283 conspectu
1928 1213 2057 1284 ejus

420 1303 782 1370 exardescet,
808 1307 865 1356 et
884 1302 948 1355 in
975 1302 1223 1356 circuitu
1238 1302 1367 1371 ejus
1388 1307 1709 1371 tempestas
1723 1300 2055 1355 valida.Ad-

418 1389 1511 1456 vocabitccelumdesursum,etterram
1524 1390 1863 1445 discernere
1876 1405 2057 1460 popu-

416 1482 542 1537 lum
566 1497 738 1536 suum
760 1480 929 1549 (Psal.
962 1478 1134 1550 χιιι).
1166 1481 1247 1533 Ac
1270 1495 1537 1533 rursum:
1569 1480 1850 1550 Exsurge,
1879 1479 2055 1546 Deus,

415 1571 630 1641 inquit,
656 1575 714 1625 et
724 1568 931 1640 judica
950 1574 1189 1634 terram,
1210 1568 1493 1638 quoniam
1507 1566 1780 1639 cogitatio
1792 1566 2057 1621 hominis

413 1659 794 1714 confitebitur
813 1657 919 1711 tibi
943 1658 1162 1722 (Psalm.
1186 1660 1410 1718 Lxxvu).
1436 1657 1517 1710 Ac
1541 1671 1779 1711 rursum
1798 1658 1906 1712 :Tu
1923 1654 2056 1710 red-

414 1749 519 1805 des
552 1745 1064 1818 unicuique'juxta
1093 1762 1273 1816 opera
1316 1762 1441 1801 sua.
1493 1745 1811 1817 Complura
1857 1750 2055 1801 autem

416 1840 592 1893 etiam
618 1837 737 1892 alia
772 1834 1137 1908 hujusmodi,
1170 1839 1297 1890 tum
1331 1834 1665 1901 Psalmista,
1696 1840 1821 1889 tum
1849 1849 2056 1890 omnes

413 1927 719 1998 prOphetaa
743 1925 939 1979 divino
963 1924 1182 1995 Spiritu
1199 1923 1412 1991 edocti,
1435 1924 1505 1978 de
1528 1923 1726 1978 futuro
1732 1922 1959 1995 judicio
1988 1939 2055 1978 ac

415 2018 686 2072 mercede
725 2016 1142 2086 praedicarunt.
1176 2016 1438 2078 Quorum
1469 2030 1773 2069 sermones
1795 2015 2056 2069 Salvator

417 2121 651 2175 quoque
672 2104 1001 2159 certissime
1024 2103 1406 2169 confirmans,
1430 2119 1539 2157 nos
1562 2110 1930 2157 mortuorum
1960 2119 2053 2157 re-

420 2194 870 2259 surrectionem,
916 2208 1234 2261 rerumque
1266 2192 1326 2245 in
1352 2192 1468 2246 vita
1496 2196 1796 2262 gestarum
1828 2208 2055 2246 merce-

417 2282 758 2353 dem,atque
782 2281 1183 2337 immortalem
1203 2280 1386 2335 futuri
1405 2280 1605 2335 saaculi
1623 2280 1800 2335 vitam
1812 2280 2053 2337 credere

414 2371 637 2427 docuit.

480 2462 611 2515 CAP.
644 2461 711 2514 X.
745 2490 812 2499 -
834 2458 1117 2529 Josapbat
1145 2463 1344 2512 autem
1378 2457 1601 2530 ingenti
1625 2457 1699 2513 ob
1726 2458 1851 2513 haac
1874 2457 2053 2513 verba

406 2548 589 2606 animi
606 2548 1064 2619 compunctione
1095 2546 1330 2617 plenus,
1355 2546 1633 2618 lacrymis
1654 2546 2051 2617 perfundeba-

402 2643 520 2705 tur,
547 2642 724 2709 atque
740 2637 832 2690 his
845 2636 919 2690 ad
943 2651 1147 2690 senem
1172 2634 1365 2689 verbis
1379 2650 1521 2689 usus
1546 2640 1653 2691 est:
1681 2636 1890 2691 Omnia
1902 2636 2048 2691 mihi

399 2728 712 2799 perspicue
727 2726 1134 2792 declarasti,ac
1146 2724 1504 2779 horrendam
1518 2725 1671 2780 hanc
1685 2730 1742 2780 et
1752 2726 2047 2782 admiran-

402 2815 538 2872 dam
550 2815 953 2872 narrationem
977 2812 1282 2868 luculenta
1301 2813 1570 2869 oratione
1592 2814 1936 2885 complexus
1948 2831 2035 2873 es.

401 2905 502 2960 His
518 2905 716 2975 itaque
733 2903 904 2958 nobis
918 2902 1257 2974 propositis,
1283 2901 1427 2972 quid
1443 2900 1680 2957 tandem
1704 2902 2044 2958 faciendum

380 2999 508 3061 -est,
530 2999 676 3049 utea
690 2992 1127 3065 snppliciaquaa
1151 2990 1454 3046 sceleratis
1477 2991 1818 3047 hominibus
1840 2997 2045 3064 parata

2164 502 2423 572 κραυγῆς·
2457 499 2547 555 καὶ
2590 498 2834 575 ἐκθλίψω
2881 504 3008 567 τοὺς
3066 505 3362 578 πονηροὺς,
3390 507 3480 562 καὶ
3511 510 3818 583 πορεύσον-

2163 605 2251 638 ται
2274 586 2349 649 ὡς
2376 587 2595 664 τυφλοὶ,
2630 589 2712 644 ὅτι
2740 595 2818 662 τῷ
2848 593 3035 667 Κυρίῳ
3076 594 3397 668 ἐξήμαρτον
3431 597 3521 651 καὶ
3550 600 3612 652 τὸ
3642 600 3815 674 ἀργύο

2167 692 2283 747 ριαν
2317 675 2493 730 αὐτῶν
2525 677 2617 731 καὶ
2646 680 2708 733 τὸ
2757 682 2985 755 ’χρυσίον
3036 682 3098 737 ού
3151 685 3227 756 μή
3279 682 3501 754 δύνηται
3535 684 3815 758 ἐξελέσθαι

2166 761 2362 851 αὐτοὺς
2418 764 2469 818 ὲν
2528 765 2709 840 ἡμέρᾳ
2765 768 2936 845 ὀργῆς
2994 771 3212 845 Κυρίου⁶
3247 771 3300 827 ἐν
3334 775 3462 849 πυρὶ
3498 778 3602 851 γὰρ
3636 775 3816 847 ζήλου

2164 850 2328 905 αὐτοῦ
2375 854 2883 929 καταναλωθήσεται
2932 865 3077 915 πᾶσα
3106 862 3140 931 ἡ
3172 864 3266 935 γῆ,
3318 860 3456 918 διότι
3499 862 3812 920 συντέλειαν

2164 942 2381 1011 ποιήσει
2408 942 2496 997 ἐπὶ
2526 943 2729 1007 πάντας
2780 947 2907 1009 τοὺς
2964 955 3348 1012 κατοικοῦντας
3374 952 3475 1020 τὴν
3504 960 3627 1026 γῆν.
3662 956 3812 1022 Πρὸς

2161 1028 2378 1095 τούτοις
2406 1032 2494 1086 καὶ
2547 1032 2711 1089 Δαυῖδ
2764 1037 2792 1091 6
2851 1036 3103 1111 βασιλεὺς
3134 1041 3220 1094 καὶ
3266 1042 3553 1117 προφήτης
3590 1043 3710 1116 βοᾷ”
3744 1045 3813 1100 ’0

2164 1118 2294 1181 Θεὸς
2323 1125 2431 1192 (22)
2462 1121 2713 1199 ἆμφανῶς
2768 1126 2901 1198 ἣξει,
2959 1127 2987 1181 6
3045 1129 3174 1188 Θεὸς
3204 1130 3391 1201 ἡμῶν,
3421 1131 3511 1185 καὶ
3544 1130 3605 1184 οὐ
3636 1152 3814 1206 παρειπ-

2166 1211 2517 1279 σιωπήσεται.
2595 1217 2699 1283 πῦρ
2776 1212 3004 1270 ἐνώπιον
3066 1216 3229 1271 αὐτοῦ
3302 1219 3647 1288 καυθήσεται,
3715 1220 3812 1275 καὶ

2164 1294 2351 1367 κύκλῳ
2403 1300 2571 1354 αὐτοῦ
2627 1302 2869 1377 καταιγῖς
2924 1301 3150 1381 σφοδρά’
3230 1304 3656 1375 προσκαλεσεται
3713 1308 3811 1363 τὸν

2164 1384 2395 1457 οὐρανὸν
2440 1385 2551 1443 ἄνω
2610 1388 2700 1444 καί
2752 1391 2850 1460 τήν
2904 1399 3031 1466 γῆν,
3093 1397 3188 1448 τοῦ
3248 1391 3520 1469 διακρῖναι
3547 1396 3639 1451 τὸν
3674 1394 3815 1451 λαὸν

2166 1473 2348 1532 αὐτοῦ.
2384 1475 2481 1532 Καὶ
2538 1478 2711 1542 αὖθις·
2773 1480 3025 1551 Ἀνάστα,
3083 1482 3245 1557 φησὶν
3276 1487 3403 1555 (23),
3436 1483 3584 1551 Θεὸς,
3616 1490 3812 1558 κρῖνον

2162 1564 2263 1632 τήν
2292 1566 2415 1638 γῆν,
2449 1562 2531 1620 ὅτι
2562 1564 2815 1640 ἐνθύμιον
2858 1571 2968 1643 (24)
3019 1571 3304 1643 ἀνθρώπου
3336 1570 3811 1646 ἐξομολογήσεταί

2165 1670 2272 1706 σοι’
2330 1654 2420 1707 καὶ
2474 1658 2589 1728 (25)
2645 1655 2707 1710 σὺ
2762 1658 3068 1721 ἀποδώσεις
3120 1658 3328 1734 ἑκάστῳ
3383 1661 3517 1716 κατά
3567 1661 3635 1717 τά
3676 1657 3815 1738 ἔργα

2085 1771 2131 1836 Β
2163 1738 2346 1836 αὐτοῦΪ
2396 1741 2588 1836 Πολλά
2645 1742 2703 1800 δὶ
2757 1746 2846 1801 καὶ
2897 1744 3052 1821 ἓτερα
3100 1752 3324 1803 τοιαῦτα
3353 1749 3471 1803 ἀτε
3497 1747 3813 1823 ψαλμῳδὸς

2159 1828 2249 1883 καὶ
2275 1830 2466 1894 πάντες
2497 1833 2550 1887 οἱ
2579 1840 2855 1911 προφῆται
2910 1837 3021 1910 (26)
3074 1840 3151 1909 τῷ
3200 1838 3331 1910 θείῳ
3359 1844 3622 1911 πνεύματι
3658 1861 3808 1913 μυηο

2161 1918 2336 1981 θέντες
2387 1921 2508 1992 περὶ
2568 1929 2668 1992 τῆς
2730 1922 3041 1997 μελλούσης
3098 1925 3329 1998 κρίσεως
3386 1926 3472 1981 καὶ
3502 1926 3809 1984 ἀνταποδό-

2160 2029 2293 2071 σεως
2321 2007 2600 2085 ἐκήρυξαν·
2662 2013 2735 2066 ὧν
2787 2011 2917 2076 τοὺς
2975 2012 3172 2090 λόγους
3224 2015 3313 2070 καὶ
3344 2017 3372 2071 6
3406 2018 3601 2090 Σωτὴρ
3627 2017 3809 2094 ἀσφα-

2160 2093 2389 2153 λέστατα
2449 2100 2544 2155 78
2608 2095 2934 2175 βεϐαιώσας,
3009 2100 3245 2174 ἐδίδαξεν
3330 2106 3469 2175 ἡμᾶς
3523 2105 3803 2159 πιστεύειν

2153 2183 2437 2240 ἀνάστασιν
2483 2193 2687 2262 νεκρῶν
2738 2189 2827 2244 καὶ
2874 2188 3231 2247 ἀνταπόδοσιν
3278 2196 3385 2246 τῶν
3421 2188 3803 2267 βεϐιωμένων,

2156 2275 2301 2343 ζωήν
2334 2294 2391 2330 τε
2421 2274 2776 2348 ἀτελεύτητον
2799 2283 2895 2333 τοῦ
2929 2278 3231 2353 μέλλοντος
3260 2280 3478 2350 αἰῶνος,

2222 2452 2390 2508 ΚΕΦ.
2426 2458 2482 2510 Ρ.
2515 2454 2577 2510 Ὀ
2609 2451 2666 2510 δὲ
2715 2455 2969 2531 Ἰωάσαφ,
3025 2456 3361 2530 κατανύξεως
3424 2457 3641 2523 πολλῆς
3690 2459 3800 2535 ,ἐπὶ

2149 2539 2364 2602 τούτοις
2419 2540 2757 2616 πληρωθεὶς,
2816 2542 3113 2617 σύνδακρυς
3171 2545 3303 2608 ὅλος
3359 2547 3444 2616 ἦν.
3505 2546 3606 2603 Καὶ
3657 2569 3796 2625 φησι

2150 2628 2285 2703 πρὸς
2313 2629 2405 2683 τὸν
2435 2631 2679 2706 γέροντα*
2730 2634 2910 2688 Πάντα
2970 2654 3063 2707 μοι
3122 2638 3303 2711 σαφῶς
3348 2633 3664 2709 ἐγνώρισας,
3696 2635 3793 2690 καὶ
3864 2642 3869 2645 ’

2150 2717 2407 2793 ἀσφαλῶς
2461 2716 2739 2792 διεξῆλθες
2789 2723 2890 2790 τήν
2969 2725 3198 2800 φρικτήν
3262 2722 3461 2793 ταύτην
3511 2723 3601 2778 καὶ
3656 2725 3794 2778 θαυ-

2152 2808 2360 2879 μαστήν
2391 2804 2667 2885 διήγησιν.
2719 2810 2934 2865 Τούτων
2974 2810 3068 2866 οὗν
3098 2810 3473 2886 προκειμένων
3527 2815 3686 2884 ἡμῖν,
3738 2811 3793 2867 τί

2145 2895 2259 2968 χρὴ
2317 2900 2514 2967 ποιεῖν,
2574 2901 2671 2952 τοῖ’)
2743 2897 2985 2976 ἐκφυγεῖν
3058 2899 3154 2963 τάς
3207 2899 3611 2973 ἡτοιμασμένας
3668 2905 3793 2964 τοῖς

2145 2984 2497 3055 ἁμαρτωλοῖς
2526 2985 2803 3057 κολάσεις,
2842 2989 2929 3043 καὶ
2983 2987 3279 3061 ἀξιωθῆναι
3327 2993 3428 3055 τῆς
3468 2993 3641 3066 χαρᾶς
3672 2993 3786 3045 τῶν

399 3088 539 3139 sunt
568 3082 937 3155 eil‘ugiamus,
968 3097 1035 3135 ac
1058 3080 1361 3151 justorum
1391 3079 1673 3151 gaudium
1704 3096 2031 3151 consequa-
2064 3117 2107 3183 α
2147 3068 2369 3129 δικαίων
2396 3093 2410 3144 ;

382 3188 531 3228 -mur
555 3171 583 3225 ?

465 3259 791 3330 Respondit
813 3258 1111 3313 Barlaam:
1136 3256 1371 3311 Litteris
1390 3256 1573 3311 sacris
1604 3256 1904 3327 proditum
1944 3264 2034 3314 est

392 3348 538 3419 (Act.
565 3350 646 3413 ιι),
663 3347 820 3417 quod
842 3363 975 3400 cum
990 3345 1324 3414 Petrus,qui
1340 3344 1741 3415 apostolorum
1756 3346 2030 3417 princeps

388 3442 628 3490 vocatus
651 3442 759 3494 est.
785 3435 1017 3505 plebem
1037 3434 1659 3500 doctrinainstrueret,
1676 3434 1853 3488 corde
1868 3452 2028 3490 com-

386 3526 590 3596 puncti
617 3532 775 3591 sunt,
797 3522 1301 3593 quemadmodum
1325 3521 1626 3576 scilicettu
1656 3538 1890 3593 quoque
1920 3524 2029 3577 ho-

385 3611 592 3667 dierno
616 3612 731 3667 die.
757 3613 1020 3681 Cumque
1053 3609 1371 3663 dixissent:
1404 3607 1553 3672 Quid
1583 3606 1908 3663 faciemus?
1927 3611 2024 3664 Pe-

384 3705 510 3755 trus
534 3702 607 3756 ad
632 3718 732 3757 eos
756 3700 934 3755 dixit:
967 3697 1383 3754 Pmnitentiam
1414 3696 1586 3768 agite,
1615 3702 1673 3750 et
1700 3696 2027 3767 baptizetur

379 3790 795 3861 unusquisque
808 3794 1066 3843 vestrum
1099 3787 1160 3841 in
1181 3786 1597 3841 remissionem
1623 3792 2020 3856 peccatorum,

372 3881 754 3951 .etaccipietis
782 3877 1261 3947 donumSpiritus
1293 3876 1500 3931 sancti.
1539 3876 1713 3931 Vobis
1745 3879 1903 3931 enim
1936 3882 2025 3932 est

376 3970 778 4043 promissio,et
792 3965 1236 4027 filiisvestris,et
1256 3964 1531 4017 omnibus
1544 3963 1643 4033 qui
1668 3964 1837 4036 longe
1861 3970 2019 4033 sunt,

378 4076 766 4130 quoscunque
798 4053 1167 4112 advocaverit
1190 4052 1473 4107 Dominus
1505 4053 1658 4106 Deus
1689 4059 1908 4108 noster.
1934 4057 2020 4111 En

374 4150 554 4221 igitur
583 4150 706 4220 ipse
738 4145 1162 4201 misericordias
1195 4160 1315 4199 suae
1347 4143 1579 4199 divitias
1607 4142 1668 4198 in
1698 4150 1754 4198 te
1788 4145 2017 4214 effudit,

374 4246 548 4308 teque
573 4237 673 4307 qui
706 4238 904 4291 animo
923 4254 989 4291 ac
1012 4234 1312 4289 voluntate
1335 4233 1542 4305 procul
1569 4233 1641 4288 ab
1674 4251 1740 4289 eo
1772 4234 2016 4291 dissitus

371 4343 523 4393 eras,
549 4332 607 4381 et
629 4325 988 4392 alienis,non
1013 4323 1205 4379 dicam
1224 4322 1467 4388 diis,sed
1484 4322 1779 4394 pestiferis
1797 4323 2012 4379 daamo-

368 4415 565 4482 nibus,
592 4422 651 4469 et
672 4413 867 4469 surdis
885 4430 951 4467 ac
966 4429 1177 4467 sensus
1199 4410 1537 4481 expertibus
1560 4413 1768 4466 statuis
1782 4412 2009 4467 cultum

2210 3254 2310 3308 Καὶ
2369 3254 2397 3309 6
2450 3253 2720 3330 Βαρλαάμ
2770 3254 3118 3329 ἀπεκρίνατο*
3188 3257 3489 3331 Γέγραπται
3548 3254 3629 3311 ὅτι
3690 3254 3785 3313 δι-

2140 3338 2431 3405 δάσκοντός
2463 3363 2596 3398 ποτε
2651 3347 2747 3398 τοῦ
2808 3343 3009 3419 [Ιέτρου
3064 3344 3156 3399 τὸν
3216 3342 3371 3414 λαὸν,
3405 3343 3462 3407 ὅς
3490 3345 3581 3400 καὶ
3610 3368 3781 3423 κορυο

2138 3436 2296 3507 φαῖος
2330 3429 2538 3502 ἐκλήθη
2590 3437 2696 3487 τῶν
2755 3431 3102 3499 ἀποστόλων,
3153 3433 3520 3508 κατενύγησαν
3568 3438 3678 3508 (27)
3709 3440 3779 3510 τῇ

2133 3517 2350 3593 καρδίᾳ,
2384 3524 2622 3595 καθάπερ
2679 3521 2768 3576 καὶ
2828 3521 2889 3576 σὺ
2943 3524 3206 3597 σήμερον,
3254 3523 3366 3593 καὶ,
3397 3522 3654 3578 εἷ’πόντων
3683 3524 3779 3579 αύ-

2133 3613 2265 3663 τῶν·
2323 3610 2390 3666 Τί
2446 3612 2791 3684 ποιήσομενς
2853 3612 2881 3665 6
2938 3611 3143 3687 Πέτρος
3200 3607 3301 3689 ἔφη
3362 3613 3499 3683 πρὸς
3558 3614 3775 3678 αὐτούς·

2133 3701 2537 3769 Μετανοήσατε,
2623 3700 2709 3754 καὶ
2800 3701 3150 3773 βαπτισθήτω
3204 3698 3425 3763 ἕκαστος
3487 3702 3635 3774 ὑμῶν
3697 3703 3773 3766 εἰς

2118 3784 2315 3865 ἄφεσιν
2390 3790 2691 3863 ἁμαρτιῶν,
2766 3789 2853 3843 καὶ
2928 3786 3164 3862 λήψεσθε
3245 3790 3345 3857 τὴν
3411 3786 3613 3863 δωρεὰν
3672 3796 3772 3845 τοῦ

2128 3876 2309 3950 ’Λγίου
2365 3876 2697 3949 ιίνεύματος.
2758 3877 2883 3948 ὑμῖν
2943 3876 3046 3951 γάρ
3099 3874 3239 3931 ἐστιν
3270 3875 3632 3952 ἡέπαγγελία
3676 3879 3769 3933 καὶ

2076 3997 2086 4005 ο
2127 3970 2245 4027 τοῖς
2292 3964 2502 4026 τέκνοις
2553 3965 2706 4037 ὑμῶν
2754 3966 2845 4020 καὶ
2894 3971 3025 4020 πᾶσι
3074 3971 3191 4027 τοῖς
3245 3965 3321 4027 εἰς
3371 3967 3579 4041 μακρὰν
3608 3966 3768 4030 δσους

2127 4053 2186 4109 ἂν
2220 4054 2624 4130 προκαλέσηται
2672 4055 2877 4131 Κύριος
2910 4055 2937 4109 6
2971 4055 3100 4118 Θεὸς
3148 4057 3329 4128 ἡμῶν.
3378 4053 3523 4112 Ἰδοὺ
3554 4056 3644 4111 οὗν
3675 4057 3769 4111 καὶ

2126 4141 2214 4198 ἐπὶ
2255 4144 2312 4198 ci
2361 4141 2540 4219 ἐξέχεε
2576 4144 2637 4198 τὸ
2694 4143 2960 4200 πλούσιον
3020 4142 3171 4206 ἔλεος
3218 4145 3408 4215 αὐτοῦ,
3457 4146 3545 4200 καὶ
3596 4164 3768 4220 προσ-

2125 4229 2415 4286 εκαλέσατό
2448 4252 2524 4301 σε,
2555 4233 2647 4288 τὸν
2682 4234 2888 4306 μακρὰν
2917 4232 3081 4287 αὐτοῦ
3119 4237 3187 4306 τῇ
3217 4234 3414 4308 γνώμῃ
3452 4233 3771 4308 ὑπάρχοντα

2121 4320 2211 4375 καί
2242 4318 2561 4394 ἂλλοτρίοις
2618 4320 2947 4392 λατρεύοντα
3004 4321 3064 4377 οὐ
3124 4327 3290 4393 θεοῖς,
3337 4320 3484 4378 ἀλλά
3513 4320 3767 4396 δαίμοσιν

2125 4407 2397 4486 ὀλεθρίοις
2426 4411 2514 4465 καὶ
2563 4410 2773 4481 ξοάνοις
2827 4415 3033 4489 κωφοῖς
3096 4412 3204 4484 (28)
3261 4410 3350 4465 καὶ
3394 4410 3762 4482 ἀναισθήτοις.

367 4501 714 4567 adhibebas,
730 4500 957 4555 accivit.
982 4500 1266 4563 Quocirca
1288 4505 1425 4553 ante
1448 4499 1651 4553 omnia
1667 4497 1890 4555 adeum
1905 4500 2006 4571 qui
2039 4486 2042 4548 ξ

2152 4497 2211 4551 ηιὸ
2240 4498 2331 4552 καὶ
2388 4499 2495 4572 πρὸ
2553 4498 2765 4553 πάντων
2826 4485 3096 4573 πρόσελθε
3151 4499 3231 4571 τῷ
3290 4500 3605 4572 κεκγηκότι,
3634 4499 3761 4573 παρ’

365 4596 422 4645 te
447 4589 669 4645 vocavit
693 4589 921 4653 recede,
942 4605 978 4642 a
1001 4604 1116 4657 quo
1139 4603 1334 4640 veram
1362 4592 1479 4640 tam
1504 4603 1708 4640 eorum
1727 4603 2012 4656 quaeocu-

2124 4585 2185 4640 οὗ
2217 4583 2367 4659 λήψῃ
2395 4590 2501 4640 τῶν
2536 4585 2829 4662 ὁρωμένων
2857 4587 2947 4641 καὶ
2994 4591 3101 4641 τῶν
3145 4586 3389 4662 ἀοράτων
3421 4584 3628 4661 ἀψευδῆ
3658 4589 3759 4655 τήν

364 4681 985 4748 liscernuntur,quam
1006 4693 1137 4745 quae
1162 4674 1233 4729 ab
1259 4673 1566 4728 oculorum
1591 4690 1772 4729 sensu
1785 4681 2014 4732 remota

2152 4679 2342 4732 ’νῶσιν.
2378 4675 2438 4732 Εἰ
2470 4672 2527 4731 δὲ
2567 4678 2702 4749 μετά
2759 4677 2819 4730 τὸ
2874 4675 3150 4746 κληθῆναι
3182 4675 3243 4731 οὐ
3274 4676 3453 4738 θέλεις
3485 4678 3520 4747 ἢ
3557 4672 3761 4751 βραδύ-

364 4768 926 4842 sunt,cognitionem
949 4762 1527 4833 consequeris.Quod
1553 4762 1599 4817 si
1622 4768 2011 4835 posteaquam

2152 4786 2244 4833 εις,
2292 4763 2472 4839 δικαίᾳ
2517 4772 2649 4822 Θεοῦ
2691 4767 2863 4840 κρίσει
2913 4764 3232 4841 ἀπόκληρος
3287 4766 3404 4842 ἔσῃ,
3434 4771 3515 4839 τῷ
3549 4768 3645 4823 79
3683 4768 3761 4839 μή

359 4865 599 4914 vocatus
624 4865 713 4912 est
736 4856 1019 4912 accedere
1043 4857 1621 4919 recusas,autmoras
1636 4852 2009 4925 nectis,justo

2153 4854 2345 4923 ελῇσαι
2377 4857 2453 4928 μή
2479 4855 2749 4926 θεληθείς·
2776 4854 2918 4911 οὕτω
2949 4856 3052 4931 γὰρ
3081 4856 3172 4911 καὶ
3203 4857 3231 4911 6
3261 4855 3419 4918 αὐτὸς
3448 4854 3759 4917 ἀποστολος

359 4947 706 5018 Deijudicio
733 4946 1004 5001 exhaares
1031 4942 1167 5005 eris,
1195 4957 1261 4995 ac
1284 4940 1862 5012 repudiaberis,quia
1882 4943 2007 5015 ipse

2152 4946 2320 5020 Ιέτρος
2352 4945 2487 5020 πρός
2535 4965 2653 4999 τινα
2700 4948 2807 4998 τῶν
2861 4948 3117 5017 μαθητῶν
3153 4942 3481 5014 λελάληκεν.
3526 4944 3668 5017 Ἐγὼ
3701 4941 3761 4998 δὶ

354 5036 702 5107 repudiasti.
727 5035 814 5090 Ad
840 5036 997 5089 hunc
1021 5031 1181 5087 enim
1197 5030 1441 5086 modum
1465 5030 1591 5101 ipse
1616 5048 1850 5103 quoque
1872 5049 2005 5105 apo-

2152 5032 2349 5089 wtcziw
2407 5032 2491 5089 ὅτι
2546 5033 2635 5089 καὶ
2695 5033 3007 5104 ὑπήκουσας
3060 5036 3159 5099 τῆς
3215 5031 3487 5104 κλήσεως,
3544 5033 3636 5088 καὶ
3674 5028 3756 5089 ἔτι

419 5182 534 5249 (22)
565 5179 718 5233 Psal.
752 5196 905 5245 χιιι,
936 5179 990 5242 3,
1024 5178 1077 5232 4.

417 5253 529 5321 (23)
562 5251 717 5306 Psal.
750 5266 943 5317 LXXXI,
972 5250 1025 5321 8.
1092 5266 1095 5271 '

417 5319 527 5392 (24)
561 5322 715 5376 Psal.
750 5337 911 5387 Lxxv,
947 5319 1031 5373 10.

414 5394 529 5465 (25)
558 5392 713 5447 Psal.
746 5410 858 5459 LXI,
888 5392 971 5445 12.

412 5462 527 5545 (29)
558 5465 710 5545 ξέσσε
740 5481 771 5518 e
808 5466 1025 5545 Vetere.
1048 5462 1531 5545 Testamentode
1560 5463 2009 5545 resurrectione
2043 5467 2291 5542 collegit.
2333 5469 2701 5532 Laubrussel,
2733 5472 2815 5529 De
2843 5470 3030 5529 abusu
3061 5471 3317 5541 critices,
3346 5475 3385 5527 t.
3416 5468 3462 5541 Ι,
3492 5486 3623 5544 pag.
3658 5467 3750 5528 30.

550 5538 670 5628 Eleis
701 5541 980 5628 narratqr
1107 5537 1232 5620 Act.
1267 5532 1535 5628 Aplpstol.
1570 5532 1634 5602 II,

409 5600 516 5679 (28)
549 5608 764 5663 Hahae.
799 5625 860 5673 ιι,
894 5610 997 5661 l8:
1034 5610 1266 5673 Ποιῆσαι
1302 5600 1506 5659 εἶ’δωλα
1529 5600 1705 5680 κωφά.
