4042 6154
376 315 481 369 943

1892 312 2260 367 ΔΟΒΕΝΟΔ.

3674 315 3791 373 944

384 436 691 510 excepisti,
719 453 786 491 ac
816 434 1073 489 libenter
1103 432 1363 497 audiisti,
1395 431 1547 486 nihil
1581 447 1649 486 ex
1681 431 1766 486 eis
1796 433 2019 487 emolu-

2139 435 2491 507 ταμελεῖσθαι
2540 436 2626 492 ἐπὶ
2673 438 2951 515 πράγματι
3008 436 3354 511 παρελθόντι·
3387 440 3478 494 καὶ
3510 437 3630 494 ἰδοὺ
3664 462 3798 494 συν-

382 530 567 584 menti
593 530 945 581 consecutus
969 540 1048 577 es.
1074 521 1369 576 Admonui
1394 521 1551 575 enim
1586 526 1663 586 te,
1698 537 1770 575 ne
1799 521 1871 576 ob
1904 539 2032 576 rem

385 618 742 689 praeteritam
777 613 1123 685 pmnitentia
1150 610 1449 665 ducereris
1473 628 1484 676 ;
1507 615 1565 664 et
1586 627 1720 665 ecce
1775 628 2032 665 maerore

378 707 766 762 conturbatus
785 721 866 765 es,
890 708 1199 773 propterea
1219 700 1376 769 quod
1400 716 1428 752 e
1462 700 1737 753 manibus
1756 700 1872 753 tuis
1896 701 2031 771 fuga

375 815 469 854 me
494 795 897 859 subduxerim,
924 792 1271 863 poenitentia
1292 789 1568 843 videlicet
1589 790 1660 843 ob
1676 807 1799 844 rem
1818 796 2030 859 priete-

378 889 552 941 ritam
577 886 842 939 affectus.
870 880 1129 949 Prascepi
1163 879 1265 931 tibi
1300 895 1373 931 ne
1392 895 1460 932 ea
1488 896 1619 948 quae
1646 879 1882 948 assequi
1908 895 2027 933 non

378 992 582 1047 posses
604 969 1026 1043 aggredereris,
1052 974 1110 1021 et
1132 974 1330 1021 tamen
1354 968 1615 1037 arripere
1648 984 1740 1021 me
1770 968 2022 1037 conaris,

381 1080 515 1117 cum
539 1064 650 1116 iter
664 1077 860 1115 meum
883 1057 1118 1126 assequi
1140 1055 1517 1125 nequeas.Ad
1532 1056 1657 1109 haec
1676 1056 1733 1109 id
1750 1055 2023 1125 quodque

384 1153 486 1206 tibi
508 1152 685 1215 edixi,
708 1166 780 1203 ne
803 1146 1135 1201 incredibili
1157 1146 1416 1199 sermoni
1434 1144 1610 1198 ﬁdem
1632 1150 2027 1215 arrogares,et

383 1246 580 1295 tamen
601 1240 660 1293 in
678 1236 999 1291 visceribus
1016 1235 1164 1289 meis
1178 1233 1460 1288 unionem
1486 1238 1726 1287 statura;
1745 1250 1891 1287 meae
1908 1251 2025 1288 mo-

379 1330 519 1384 dum
546 1325 1134 1382 excedenteminesse
1155 1322 1489 1386 credidisti;
1509 1338 1705 1391 neque
1728 1322 2023 1376 tantulum

379 1419 484 1472 tibi
510 1416 838 1487 prudentizn
865 1414 991 1469 fuit.
1016 1418 1080 1466 ut
1102 1411 1467 1483 intelligeres
1492 1426 1585 1463 me
1610 1416 1793 1463 totam
1826 1410 1898 1463 ad
1932 1411 2021 1464 ovi

2146 524 2348 597 εχύθης
2379 529 2447 599 τῇ
2482 524 2626 601 λύπῃ
2658 527 2741 581 ὅτι
2791 549 2888 582 σου
2937 527 3031 589 τὰς
3088 532 3278 602 χεῖρας
3312 527 3581 604 ἐξέφυγον,
3619 552 3795 602 μετα-

2143 609 2451 684 μελόμενος
2509 614 2594 668 ἐπὶ
2654 616 2930 691 πράγματι
2988 615 3334 690 παρελθόντι.
3394 618 3794 690 Ἐνετειλάμην

2139 721 2224 754 σοι
2279 704 2355 772 μή
2410 702 2710 777 ἐπιχειρεῖν
2775 709 2881 759 τῶν
2958 704 3252 781 ἀνεφίκτων
3315 706 3608 782 ἐφικέσθαι,
3688 708 3786 760 καὶ

2136 794 2295 862 πειρᾷ
2325 797 2616 864 κατασχεῖν
2678 814 2764 863 με,
2827 794 2902 865 μὴ
2954 790 3250 865 δυνάμενος
3296 800 3396 862 τῆς
3429 794 3566 865 ἐμῆς
3602 794 3786 872 agema-

2135 888 2254 940 σθαι
2287 879 2529 952 πορείας.
2566 881 2707 953 Πρὸς
2735 881 2954 942 τούτοις
3010 878 3065 935 δὲ
3112 881 3201 935 καὶ
3256 882 3480 936 ἄπιστον
3515 882 3665 956 ῥῆμα
3699 886 3781 955 μὴ

2133 968 2401 1022 πιστεύειν
2463 990 2547 1023 σοι
2623 967 2994 1042 διετειλάμην*
3082 969 3208 1025 ἀλλ’
3293 968 3411 1025 ἰδοὺ
3471 972 3792 1037 ἐπίστευσας

2136 1055 2400 1130 ὑπάρχειν
2433 1057 2482 1110 έν
2514 1062 2631 1121 τοῖς
2687 1058 2933 1133 ἐγκάτθις
2993 1080 3096 1130 μου
3152 1059 3487 1135 μαργαρίτην
3526 1057 3789 1136 ὑπερϐαί-

2132 1164 2293 1198 νοντα
2320 1145 2381 1198 τὸ
2412 1145 2606 1219 μέτρον
2637 1153 2735 1215 τῆς
2788 1146 3015 1214 ἡλικίας
3068 1168 3195 1219 μου,
3223 1147 3310 1200 καὶ
3354 1147 3452 1201 οὐκ
3480 1148 3789 1224 ἐφρόνησας

2135 1234 2366 1286 συνιέναι
2400 1235 2481 1287 ὅτι
2515 1232 2619 1303 ὅλη
2672 1233 2777 1309 ἐγὼ
2823 1234 2920 1288 οὐκ
2967 1235 3287 1311 ἐφικνοῦμαι
3317 1241 3396 1307 τῷ
3431 1236 3635 1312 μεγέθει
3670 1243 3784 1292 τῶν

2131 1325 2227 1375 τοῦ
2259 1320 2679 1395 στρουθομήλου
2722 1322 2867 1390 ὠῶν,
2918 1323 3007 1379 καὶ
3055 1328 3171 1385 πῶς
3220 1325 3559 1400 μαργαρίτην
3590 1333 3786 1381 τοιοῦ-

2132 1430 2222 1463 τον
2257 1410 2519 1485 ἐχώρησα
2549 1411 2598 1465 ἐν
2630 1411 2778 1484 ἐμοί.

380 1505 729 1562 struthionis
756 1501 1226 1574 magnitudinem
1260 1500 1505 1554 minime
1536 1499 1835 1553 accedere.
1870 1500 2134 1563 Quonam
2166 1501 2365 1571 itaque
2392 1507 2560 1573 pacto
2593 1508 2821 1557 tantum
2853 1505 3137 1559 unionem
3169 1505 3585 1576 corpusculum
3616 1506 3785 1561 istud

376 1596 660 1669 caperet?

448 1686 536 1741 Ad
550 1688 707 1741 hunc
724 1685 901 1756 igitur
915 1682 1155 1737 modum
1171 1680 1259 1734 illi
1274 1696 1506 1750 quoque
1522 1679 1582 1732 in
1601 1694 1832 1733 summa
1845 1678 2019 1732 stulti-

2213 1678 2391 1740 Οὕτως
2451 1680 2539 1734 οὖν
2600 1681 2979 1750 ἀνοηταινουσι
3036 1682 3124 1735 καὶ
3204 1682 3255 1735 οἱ
3311 1681 3632 1745 πεποιθότες
3692 1683 3788 1739 ἐπὶ

377 1777 457 1830 tia
490 1780 815 1840 versantur,
842 1773 941 1843 qui
964 1772 1026 1825 in
1061 1769 1396 1826 simulacris
1428 1768 1755 1823 confidunt.
1782 1769 1923 1821 Nam
1957 1784 2023 1821 ea

376 1866 652 1921 manibus
672 1864 794 1918 suis
814 1863 1223 1924 eiTecerunt,et
1245 1875 1423 1929 opera
1444 1858 1764 1930 digitorum
1781 1873 2023 1910 suorum

380 1957 648 2021 adorant,
682 1954 974 2008 dicentes:
1012 1951 1079 2004 Hi
1130 1949 1371 2019 Opiﬁces
1402 1948 1589 2003 nostri
1631 1954 1787 2002 sunt.
1821 1947 1927 2011 Qui
1962 1947 2027 2000 ﬁt

380 2047 557 2116 igitur
577 2050 637 2097 ut
660 2061 757 2098 eos
781 2060 929 2111 quos
943 2043 1267 2094 effecerunt
1284 2045 1341 2092 et
1360 2036 2024 2105 condiderunt,opiﬁces

388 2150 527 2187 suos
546 2149 673 2187 esse
698 2129 1016 2185 censeant?
1036 2128 1186 2192 Quin
1206 2128 1383 2179 etiam
1402 2142 1534 2179 cum
1570 2142 1637 2178 ea
1660 2140 1874 2195 magno
1902 2128 2027 2176 stu-

386 2222 481 2276 dio
501 2220 857 2281 custodiant,
882 2235 955 2271 ne
978 2216 1256 2271 afuribus
1274 2213 1905 2283 subripiantur,tamen
1930 2228 2024 2265 sa-

380 2312 522 2365 lutis
546 2327 664 2363 suae
687 2307 961 2362 custodes
990 2309 1355 2373 nuncupant.
1381 2302 1716 2371 Atqui,quaa
1740 2301 1865 2354 11330
1880 2299 2026 2353 stul-

378 2402 509 2455 titia
530 2406 636 2461 est,
662 2396 811 2451 illud
833 2412 949 2449 non
976 2394 1305 2464 intelligere
1329 2392 1457 2445 ﬁeri
1481 2407 1600 2444 non
1622 2406 1812 2461 posse,
1836 2395 1901 2442 ut
1924 2388 2024 2458 qui

379 2490 489 2543 sibi
516 2488 660 2558 ipsis
675 2502 845 2556 opem
862 2485 1015 2537 ferre
1039 2499 1105 2535 ac
1124 2498 1184 2535 se
1208 2480 1358 2535 tueri
1378 2479 1856 2549 nequeunt,alios
1872 2478 2023 2531 tueri

371 2593 439 2631 ac
466 2590 695 2629 servare
714 2570 974 2643 possint?
988 2573 1068 2622 Ac
1082 2574 1365 2639 praeterea
1378 2583 1520 2637 Opes
1534 2582 1669 2620 suas
1683 2564 2018 2631 effundunt,

371 2664 514 2717 dum
534 2666 754 2716 statuas
778 2666 834 2713 et
850 2657 1167 2713 simulacra
1181 2654 1551 2708 deemonibus
1575 2654 1855 2721 excitant,
1886 2669 2020 2706 eos-

373 2769 487 2822 que
500 2752 792 2805 bonorum
807 2748 1042 2802 datores
1059 2762 1187 2799 esse
1200 2748 1500 2815 nugantur
1514 2743 1585 2797 ab
1602 2743 1672 2797 iis
1688 2758 1755 2797 ea
1771 2741 1881 2795 sibi
1897 2740 2023 2795 dari

374 2858 504 2911 quae
529 2857 637 2894 nec
656 2839 767 2909 ipsi
792 2852 1055 2907 unquam
1073 2834 1551 2897 habuerunt,nec
1572 2848 1834 2901 unquam
1855 2829 2023 2883 habi-

374 2920 489 2984 turi
514 2933 670 2983 sunt.
698 2930 897 2997 quue
920 2924 1161 2979 nomine
1185 2924 1470 2993 scriptum
1497 2927 1618 2975 est:
1653 2920 1875 2974 Similis
1899 2918 2019 2971 illis

373 3020 538 3084 ﬁant,
570 3018 670 3088 qui
692 3016 917 3070 faciunt
938 3031 1026 3078 ea,
1052 3017 1110 3067 et
1129 3028 1335 3066 omnes
1367 3011 1467 3081 qui
1499 3009 1809 3065 confidunt
1837 3008 1898 3061 in
1932 3006 2018 3061 eis

372 3110 536 3175 (Psal.
562 3107 732 3174 cxm).
755 3106 861 3169 Qui
891 3102 1131 3173 quidem
1158 3100 1400 3155 auriﬁce
1431 3098 1703 3153 mercede
1736 3096 2033 3152 conduct0

380 3196 764 3250 simulacrum
798 3209 976 3247 manu
1001 3192 1343 3254 effecerunt,
1370 3204 1435 3241 ac
1458 3205 1642 3258 prono
1664 3202 1908 3257 corpore
1934 3186 2022 3256 ip‘

375 3302 503 3339 sum
522 3285 861 3338 adorarunt.
874 3280 1142 3334 Humeris
1156 3278 1305 3332 illud
1323 3277 1539 3329 tollunt
1552 3293 1618 3330 ac
1632 3276 2022 3346 proficiscun-

370 3378 494 3435 tur;
517 3370 564 3423 si
580 3376 777 3423 autem
796 3368 991 3437 ipsum
1006 3367 1235 3435 uspiam
1252 3364 1619 3429 collocarint,
1646 3364 1769 3417 illic
1790 3369 2013 3431 manet,

369 3476 478 3513 nec
501 3458 717 3512 moveri
736 3451 1630 3526 potest.thuantumlibetquis
1656 3451 1765 3521 ipsi
1791 3451 2014 3505 clama—

363 3548 657 3609 verit,non
672 3545 855 3600 exaud
868 3545 1080 3607 iet,nec
1095 3561 1163 3596 ex
1177 3540 1613 3596 calamitatibus
1630 3556 1763 3593 eum
1779 3540 2007 3609 eripiet.

364 3639 755 3703 Quamobrem
782 3634 1223 3689 confundantur
1237 3632 1335 3702 qui
1353 3632 1411 3683 in
1428 3630 1805 3699 sculptilibus
1824 3629 2008 3683 conﬁ-

363 3729 547 3783 dunt:
576 3733 629 3780 et
653 3727 752 3796 qui
782 3725 987 3779 dicunt
1018 3724 1090 3776 iis
1123 3738 1252 3791 quas
1286 3720 1545 3775 conflata
1577 3724 1713 3773 sunt
1740 3736 1751 3772 :
1788 3720 1898 3772 Vos
1926 3718 2009 3771 dii

362 3818 548 3872 nostri
576 3816 737 3871 estis.
762 3814 1222 3868 Immolaverunt
1251 3811 1409 3864 enim
1442 3808 1773 3876 daemoniis,
1800 3815 1859 3862 et
1886 3823 2007 3861 non

365 3909 503 3967 Deo,
539 3905 650 3958 diis
683 3920 830 3973 quos
862 3900 1229 3973 ignorabant.
1264 3900 1401 3953 Novi
1424 3902 1810 3967 recentesque
1832 3912 2005 3950 vene—

361 4001 519 4057 runt,
545 4010 692 4063 quos
716 4009 834 4046 non
858 3990 1170 4045 coluerunt
1190 3994 1386 4058 patres
1426 4002 1649 4040 eorum.
1692 3985 2002 4039 Generatio

361 4085 520 4139 enim
542 4098 817 4154 perversa
842 4085 949 4150 est,
984 4093 1093 4133 nec
1116 4076 1243 4148 jam
1267 4075 1414 4130 ﬁdes
1455 4073 1599 4145 ipsis
1630 4073 1787 4127 inest
1815 4075 1999 4145 (Deut.

358 4174 572 4241 XXXLU.

424 4440 506 4491 Ex
531 4437 640 4492 hac
671 4435 848 4507 igitur
878 4447 1152 4502 perversa
1184 4434 1243 4485 et
1284 4424 1599 4483 incredula
1624 4426 2004 4498 generatione
2034 4428 2080 4492 1)

368 4526 653 4581 Dominus
686 4529 739 4577 te
774 4525 958 4587 vocat,
987 4520 1079 4573 his
1100 4518 1292 4572 verbis
1326 4521 1501 4571 utens
1526 4532 1537 4568 :
1580 4515 1684 4567 Exi
1711 4514 1782 4567 de
1811 4513 2008 4567 medio

363 4631 588 4680 eorum,
612 4629 679 4666 ac
704 4613 1066 4681 separare,et
1086 4604 1461 4659 immundum
1492 4603 1619 4656 noli
1642 4609 2007 4673 tangere,ve-

358 4721 491 4759 rum
515 4720 548 4757 a
567 4700 949 4775 generatione
972 4697 1079 4751 hac
1101 4709 1377 4766 perversa
1400 4697 1455 4745 te
1472 4692 1631 4762 eripe
1655 4694 1837 4761 (Num.
1866 4694 2000 4759 xvr).

362 4795 541 4864 Surge
566 4797 623 4845 et
643 4786 1051 4857 ambula,quia
1068 4800 1189 4838 non
1214 4781 1396 4835 habes
1411 4780 1507 4833 hic
1530 4779 1794 4850 requiem
1814 4779 2000 4849 (Mieh.

350 4883 677 4953 11).Etenim
704 4876 1015 4947 multiplex
1039 4870 1419 4940 deorum,qui
1454 4885 1487 4923 a
1508 4868 1670 4923 vobis
1703 4869 1997 4937 coluntur,

2141 1772 2255 1830 τοῖς
2308 1765 2588 1829 εἷδώλοις’
2641 1768 2952 1844 εἰργάσαντο
3019 1771 3118 1845 γὰρ
3192 1774 3360 1824 ταῦτα
3412 1776 3533 1832 ταῖς
3590 1774 3789 1846 χερσὶν

2132 1854 2330 1923 αὐτῶν,
2388 1857 2476 1911 καὶ
2531 1862 2924 1931 προσκυνοῦσιν
2983 1858 3015 1912 ἃ
3093 1857 3349 1928 ἐποίησαν
3410 1860 3462 1913 oi
3518 1856 3784 1916 δάκτυλοι

2133 1944 2304 1999 αὐτῶν
2337 1949 2467 2019 (36),
2504 1945 2770 2023 λέγοντες·
2833 1949 2995 2005 Οὗτοι
3057 1950 3107 2002 οἱ
3164 1948 3534 2024 πλαστουργοὶ
3587 1953 3779 2022 ἡμῶν.

2135 2039 2259 2096 Πῶς
2291 2036 2381 2089 οὖν
2409 2034 2821 2111 πλαστουργοὺς
2881 2036 3007 2098 τοὺς
3067 2038 3155 2091 ὑπ’
3204 2037 3378 2091 αὐτῶν
3414 2036 3779 2114 δημιουργη-

2134 2124 2319 2184 θέντας
2369 2126 2459 2179 καὶ
2544 2124 2969 2189 διαπλασθέντας
3046 2127 3397 2199 νομίζουσιν;
3456 2128 3635 2184 Ἀλλὰ
3684 2132 3777 2184 καὶ

2132 2219 2424 2287 τηροῦντες
2486 2214 2618 2269 αὖτά
2676 2214 2729 2269 ἐν
2788 2214 3078 2287 ἀσφαλείᾳ,
3137 2221 3231 2270 τοῦ
3288 2218 3363 2288 μὴ
3399 2218 3499 2271 ὑπὸ
3530 2218 3788 2275 κλεπτῶν

2135 2301 2464 2374 συληθῆναι,
2522 2303 2764 2379 φύλακας
2823 2304 3223 2360 ἀποκαλοῦνται
3272 2308 3371 2373 τῆς
3416 2312 3560 2382 σφῶν
3605 2330 3793 2378 σωτη-

2134 2390 2275 2465 ρίας’
2311 2391 2401 2445 καὶ
2431 2391 2516 2446 τοί
2560 2412 2620 2466 γε
2671 2393 2845 2463 πόσης
2903 2398 3070 2448 ταῦτα
3128 2393 3457 2471 ἀφροσύνης,
3490 2398 3578 2449 καὶ
3609 2398 3670 2449 τὸ
3707 2400 3787 2469 μὴ

2134 2479 2419 2553 γινώσκειν
2480 2475 2583 2549 ὅτι,
2642 2482 2741 2535 οὐκ
2801 2480 3143 2555 έξαρκοῦντες
3215 2482 3437 2543 ἑαυτοὺς
3495 2482 3790 2557 φυλάσσειν

2135 2567 2224 2621 καὶ
2262 2569 2498 2642 βοηθεῖν,
2552 2573 2670 2631 πῶς
2725 2571 2824 2627 82
2884 2567 3077 2631 ἄλλοις
3125 2571 3363 2645 γένοιντο
3422 2570 3656 2647 φύλακες
3688 2575 3780 2628 καὶ

2136 2662 2417 2730 σωτῆρες;
2457 2656 2525 2713 Τί
2583 2656 2709 2732 γὰρ,
2768 2657 2921 2727 θησὶν
2982 2662 3114 2730 (37),
3174 2658 3457 2728 ἐκζητοῦσι
3509 2661 3631 2734 περὶ
3680 2667 3791 2716 τῶν

2138 2744 2355 2811 ζώντων
2407 2746 2533 2805 τοὺς
2586 2746 3248 2818 νεκρούςςΚατακενοῦσι
3314 2750 3596 2820 χρήματα,
3654 2752 3792 2821 στή-

2138 2831 2237 2892 λάς
2266 2839 2383 2895 τοῖς
2414 2831 2635 2905 δαίμοσι
2694 2834 2785 2888 καὶ
2842 2834 3128 2908 ἀγάλματα
3184 2834 3407 2910 ἐγεῖραι,
3448 2839 3537 2891 καὶ
3568 2838 3787 2913 φληνα-

2139 2925 2328 2996 φοῦσιν
2393 2922 2603 2995 ἀγαθῶν
2658 2922 2939 2996 παρόχους
2994 2922 3190 2985 αὐτοὺς
3256 2924 3543 2998 ὑπάρχειν,
3576 2926 3789 2981 αἰτοῦν-

2148 3030 2232 3071 τες
2288 3011 2412 3085 παρ’
2472 3011 2648 3065 αὐτῶν
2709 3006 2894 3065 λαϐεῖν
2974 3012 3105 3086 ἅπερ
3182 3009 3303 3066 οὕτε
3345 3013 3567 3069 πώποτε
3623 3015 3788 3087 ἐκτή-

2149 3119 2325 3167 σαντο,
2382 3096 2504 3154 οὔτε
2567 3101 2674 3170 μὴν
2756 3094 2834 3154 ἔτι
2920 3103 3229 3171 κτήσονται.
3294 3103 3386 3155 Διὸ
3466 3102 3786 3177 γέγραπται’

2134 3189 2353 3260 Ὅμοιοι
2385 3191 2493 3257 (38)
2547 3189 2737 3251 αὐτοῖς
2792 3188 3035 3263 γένοιντο
3098 3191 3149 3243 οἱ
3202 3194 3483 3251 ποιοῦντες
3523 3192 3658 3247 αὐτα
3690 3196 3784 3248 καὶ

2130 3278 2321 3337 πάντες
2351 3276 2403 3329 οἱ
2432 3276 2751 3337 πεποιθότες
2810 3276 2893 3330 ἐπ’
2953 3278 3156 3339 αὐτοῖς·
3215 3277 3430 3347 οἵτινες,
3474 3280 3605 3356 φησὶ
3638 3285 3779 3354 (39),

2132 3364 2538 3436 μισθωσάμενοι
2613 3365 2952 3439 χρυσοχόον,
3029 3364 3284 3437 ἐποίησαν
3388 3368 3777 3443 χειροποίητα,

2316 3453 2577 3524 κύψαντες
2680 3454 3084 3526 προσεκύνησαν
3200 3456 3404 3516 αὐτοῖς.
3512 3454 3774 3531 Αῗρουσιν

2124 3539 2258 3593 αὐτὰ
2302 3538 2389 3594 ἐπὶ
2444 3544 2551 3592 τῶν
2614 3536 2780 3611 ὢμων
2834 3542 2922 3595 καὶ
2984 3542 3327 3616 πορεύονται·
3390 3543 3477 3597 ἐὰν
3543 3542 3599 3598 δὲ
3656 3546 3776 3600 θῶ-

2122 3649 2204 3681 σιν
2264 3629 2401 3682 αὐτᾶ
2459 3629 2546 3681 ἐπὶ
2602 3632 2697 3681 τοῦ
2753 3629 2948 3701 τόπου,
3012 3636 3162 3702 μενεῖ
3224 3631 3274 3685 ἐν
3336 3631 3505 3703 αὐτῷ,
3566 3635 3629 3688 οὐ
3696 3637 3773 3707 μή

2116 3718 2338 3785 κινηθῇ.
2377 3716 2473 3770 Καὶ
2514 3718 2569 3779 ὅς
2633 3714 2693 3770 ἂν
2756 3719 2934 3793 βοήσῃ
2992 3720 3129 3793 πρὸς
3187 3720 3340 3787 αὐτὰ,
3398 3721 3458 3774 οὐ
3521 3724 3596 3794 μὴ
3660 3723 3769 3775 εἰσ-

2116 3805 2316 3879 ακούσῃ
2344 3806 2528 3876 αὐτοῦ,
2557 3807 2662 3861 ἀπὸ
2693 3812 2872 3862 κακῶν
2928 3806 2989 3861 οὐ
3043 3811 3118 3879 μὴ
3171 3811 3320 3879 σώσῃ
3353 3810 3531 3867 αὐτόν.
3567 3818 3659 3865 Διὸ
3691 3812 3774 3866 αἰ-

2114 3895 2390 3969 σχύνθητε
2439 3898 2550 3967 (40)
2609 3895 2872 3969 αἰσχύνην
2927 3896 3173 3968 αἰώνιον,
3226 3899 3274 3951 oi
3325 3900 3643 3963 πεποιθότες
3678 3900 3765 3955 ἐπὶ

2109 3988 2225 4043 τοῖς
2275 3982 2564 4059 γλυπτοῖς,
2623 3985 2673 4038 οἷ
2735 3984 2979 4059 λέγοντες
3038 3990 3155 4046 τοῖς
3205 3985 3528 4050 Χωνευτοῖςο
3580 3990 3767 4061 Ὑμεῖς

2111 4070 2229 4127 ἐστέ
2258 4072 2373 4126 θεοὶ
2416 4075 2599 4146 ἡμῶν.
2654 4077 2888 4137 ’Έθυσαν
2945 4073 3069 4149 γὰρ,
3130 4076 3259 4150 φησί
3300 4079 3430 4148 (41),
3461 4074 3772 4150 δαιμονίοις

2108 4164 2197 4216 καὶ
2226 4162 2286 4217 οὐ
2314 4168 2452 4235 Θεῷ,
2486 4168 2630 4226 θεοῖς
2675 4166 2758 4226 οἷς
2816 4162 2915 4218 οὐκ
2970 4161 3191 4237 ᾔδεισαν
3226 4166 3276 4219 οἱ
3306 4168 3532 4243 πατέρες
3564 4167 3767 4224 αὐτῶν·

2107 4248 2286 4303 καινοὶ
2344 4249 2434 4303 καὶ
2492 4250 2797 4325 πρόσφατοι
2856 4251 3074 4321 ἠκασιν,
3135 4250 3217 4306 ὅτι
3273 4254 3427 4328 γενεά
3478 4253 3772 4330 έξεστραμ-

2111 4338 2241 4409 μένη
2276 4336 2386 4391 ἐστὶ
2418 4338 2506 4391 καὶ
2543 4338 2645 4392 οὐκ
2676 4332 2787 4392 ἔστι
2819 4338 2999 4400 πίστις
3033 4338 3084 4393 ἐν
3118 4338 3320 4403 αὐτοῖς.

2186 4426 2276 4479 Ἐκ
2326 4425 2528 4496 ταύτης
2593 4428 2686 4481 οὗν
2740 4433 2841 4496 τῆς
2900 4434 3145 4503 πονηρᾶς
3202 4436 3381 4503 γενεᾶς
3414 4433 3500 4487 καὶ
3537 4432 3770 4489 ἀπίστου

2115 4514 2504 4585 προσκαλεῖταί
2563 4536 2619 4569 σε
2676 4515 2892 4589 Κύριος,
2982 4514 3153 4593 λέγων
3240 4537 3349 4573 σοι’
3429 4521 3651 4590 Ἔξελθε
3707 4521 3767 4578 ἐκ

2118 4606 2284 4673 μέσου
2341 4602 2517 4656 αὐτῶν
2594 4602 2682 4658 καὶ
2759 4604 3105 4677 ἀφορίσθητι,
3164 4607 3254 4661 καὶ
3314 4606 3618 4683 ἀκαθάρτου
3681 4612 3760 4683 μὴ

2112 4691 2221 4763 ἅψῃ
2258 4694 2392 4765 (42),
2438 4691 2585 4747 ἀλλὰ
2642 4693 2853 4763 σώθητε
2906 4692 2964 4747 ἐκ
3020 4700 3122 4763 τῆς
3177 4700 3361 4770 γενεᾶς
3398 4704 3500 4767 τῆς
3534 4698 3763 4763 σκολιᾶς

2108 4778 2315 4851 ταύτης
2370 4783 2503 4854 (43)·
2564 4782 2819 4852 ἀνάστηθι
2877 4782 2964 4837 καὶ
3020 4782 3278 4858 πορεύου,
3339 4785 3421 4840 ὅτι
3491 4788 3590 4843 οὐκ
3648 4786 3764 4844 ἔστι

2107 4890 2191 4923 σοι
2253 4869 2387 4940 αὕτη
2449 4870 2769 4932 ἀνάπαυσις
2831 4872 2865 4940 ἡ
2922 4871 3023 4947 γὰρ
3092 4871 3408 4949 πολυαρχία
3465 4882 3573 4931 τῶν
3636 4900 3766 4954 παρ,

3029 3364 3284 3437 ἐποίησαν

2123 3453 2211 3505 καὶ

415 5059 527 5130 (36)
560 5059 672 5111 Isa.
707 5070 842 5130 x_vy_,
877 5054 908 5106 8
936 5069 966 5130 z‘
983 5048 1086 5105 Καὶ
1117 5045 1207 5130 ὀξ
1267 5046 1342 5117 μή
1400 5043 1722 5107 πεποιθότες
1774 5042 1904 5099 ὦσιν
1963 5042 2049 5100 ἐπὶ
2106 5050 2223 5108 τοῖς
2276 5046 2510 5121 βωμοῖς,
2542 5043 2665 5100 οὐδὲ
2698 5044 2785 5101 ἐπὶ
2816 5051 2935 5109 τοῖς
2967 5041 3148 5123 ἔργοις
3177 5052 3285 5103 τῶν
3320 5055 3523 5124 χειρῶν
3555 5052 3761 5130 αὐτῶν,

342 5126 372 5179 ἃ
404 5118 663 5195 ἔποίησαν
700 5125 750 5176 οἱ
780 5118 1039 5176 δάκτυλοι
1074 5118 1270 5173 αὐτῶν.

416 5202 527 5270 (37)
558 5205 807 5270 Ιεᾶενιιι,
844 5198 928 5248 19.

409 5262 524 5339 (38)
557 5269 709 5323 Psal.
746 5262 902 5332 cXm,
929 5266 999 5330 8;
1032 5280 1251 5330 cum,
1286 5262 1372 5316 18.

414 5344 521 5411 (39)
551 5342 660 5394 lsa.
694 5355 839 5400 XLVI,
873 5340 926 5399 6,
959 5340 1011 5389 7.

439 5414 526 5482 40)
557 5414 667 5466 lsa.
695 5426 830 5471 XLII,
857 5411 941 5462 17.

437 5473 525 5555 41)
558 5485 726 5537 Deut.
754 5495 945 5555 χχχιι,
1146 5479 1234 5531 20.
1258 5473 1457 5555 [εῖδει
1486 5473 1538 5527 οἱ
1568 5492 1695 5532 πατ.
1727 5474 1847 5533 αὐτ.
1881 5475 2017 5533 addi

2135 5476 2197 5535 in
2218 5479 2277 5535 C.
2299 5494 2513 5536 manus
2541 5479 2856 5536 recentior.

441 5547 530 5626 42)
562 5557 627 5609 Η.
662 5553 843 5626 Epist.
877 5550 950 5606 ad
979 5550 1109 5626 Gor.
1140 5564 1215 5612 γι,
1250 5547 1335 5602 17.

420 5625 523 5699 (43)
558 5630 685 5683 Act.
713 5625 920 5696 ’Apost.
946 5639 1004 5691 ιι,
1027 5625 1115 5676 40.
