4042 6154
410 268 518 324 947

1941 270 2131 322 ADDE
2139 271 2308 324 NDA.

3704 270 3807 327 948

418 396 654 452 tiaeloco
670 396 775 451 tibi
790 395 1050 467 undique
1063 396 1421 451 affundetur.
1446 396 1660 452 Anima
1687 413 1821 453 vero
1846 402 1947 453 tua
1970 398 2059 453 in-

2172 399 2293 471 γῆς,
2325 395 2377 450 ἐν
2406 400 2474 471 τῇ
2506 394 2769 470 καταδίκῃ
2818 399 2918 450 τοῦ
2976 392 3130 466 ᾃδου,
3188 392 3292 456 ἓως
3346 400 3449 463 τῆς
3496 394 3801 462 τελευταίας

411 484 579 540 ferno
594 484 913 549 addicta,in
928 485 1238 540 inferiores
1258 493 1424 540 terraa
1438 492 1634 557 partes
1647 504 1831 558 usque
1848 488 1917 542 ad
1934 505 2066 558 pos-

414 578 666 629 tremam
697 574 1195 628 resurrectionem
1237 575 1608 645 conjicietur.
1662 577 1783 640 Quo
1838 577 2067 632 scilicet

414 669 680 734 tempore
705 663 903 717 anima
924 668 1163 735 recepto
1187 680 1433 735 corpore
1469 681 1571 718 suo
1596 681 1629 719 a
1655 666 1889 721 Domini
1914 665 2061 720 facie

414 752 784 823 projicietur,
810 768 879 805 ac
899 752 1209 822 gehennae,
1236 753 1406 823 cujus
1440 753 1680 807 ﬂamma
1705 754 2069 823 sempiterna

416 847 526 906 est,
554 841 1009 911 mancipabitur.
1040 843 1171 897 Haec
1210 842 1336 909 tibi,
1356 848 1532 913 atque
1569 844 1741 900 etiam
1776 844 1946 914 longe
1975 845 2067 899 his

413 931 680 1003 graviora
706 930 1071 1003 contingent,
1109 932 1156 986 si
1188 932 1248 986 in
1279 932 1632 988 inﬁdelitate
1664 934 2018 1004 perstiteris.

485 1019 541 1075 Si
575 1024 775 1074 autem
827 1020 877 1073 ei
923 1019 1024 1090 qui
1056 1024 1112 1075 te
1144 1020 1216 1075 ad
1248 1020 1501 1076 salutem
1532 1021 1757 1089 invitat,
1790 1026 2062 1093 prompto

425 1109 623 1164 animo
648 1108 933 1179 parueris,
958 1113 1133 1178 atque
1158 1108 1231 1163 ad
1249 1126 1381 1163 eum
1401 1110 1612 1180 cupido
1629 1116 1686 1164 et
1707 1110 1840 1165 laeto
1865 1111 2062 1165 animo

423 1214 763 1262 accurrens,
801 1197 986 1268 ipsius
1012 1198 1237 1252 lumine
1270 1200 1533 1271 signatus
1564 1200 1745 1255 fueris
1775 1202 1942 1267 (Psal.
1969 1202 2064 1271 ιν),

421 1286 773 1357 eumqueita
797 1286 1087 1356 sequaris,
1110 1292 1175 1339 ut
1205 1304 1239 1341 a
1270 1292 1429 1359 tergo
1463 1287 1707 1341 minime
1743 1294 2065 1360 respectes,

430 1380 629 1446 atque,
660 1374 936 1429 omnibus
967 1374 1143 1428 rebus
1175 1375 1419 1447 abjectis
1456 1381 1514 1430 et
1543 1378 1918 1447 contemptis,
1954 1378 2064 1448 ipsi

422 1464 532 1520 soli
565 1464 887 1531 adhaereas,
916 1470 1199 1534 quantam
1232 1465 1367 1519 inde
1402 1466 1679 1521 ﬁduciam
1704 1484 1770 1521 ac
1800 1468 2066 1523 laatitiam

422 1553 829 1623 consequeris,
853 1553 991 1607 audi
1015 1570 1027 1606 :
1053 1554 1109 1608 Si
1139 1554 1384 1622 sederis,
1410 1571 1652 1610 securus
1680 1557 1828 1610 eris:
1863 1557 1910 1611 si
1935 1556 2065 1611 dor-

418 1642 912 1713 mieris,jucunde
942 1643 1361 1712 conquiesces:
1389 1660 1495 1699 nec
1520 1644 1754 1699 timebis
1779 1649 2065 1701 terrorem

2175 486 2533 553 ἀναστάσεως,
2590 483 2751 555 ἡνίκα
2807 484 2970 539 πάλιν
3031 478 3385 539 ἀπολαϐοῦσα
3443 486 3477 552 ἡ
3537 486 3689 559 ψυχὴ
3744 488 3803 542 τὸ

2175 576 2269 632 85
2308 574 2498 638 ἑαυτῆς
2530 579 2690 646 σῶμα
2736 573 3081 651 ἐκριφήσεται
3142 572 3201 628 ἐκ
3256 574 3555 647 προσώπου
3588 575 3803 647 Κυρίου,

2172 662 2261 716 καὶ
2308 660 2741 736 παραδοθήσεται
2799 664 2930 738 πυρὶ
2986 662 3204 737 γεέννης
3258 661 3587 732 ἀτελεύτητα
3619 662 3806 739 φλογι-

2176 752 2392 821 ζούσης.
2449 754 2630 807 Ταῦτά
2686 773 2768 805 σοι
2825 746 3157 823 συμϐήσεται
3217 751 3307 806 καὶ
3366 749 3563 823 πολλῷ
3610 753 3805 807 τούτων

2174 839 2413 913 χείρονα,
2447 840 2491 894 εἰ
2524 838 2785 915 ἐμμείνῃς
2815 844 2883 914 τῇ
2916 840 3159 911 ἀπιστίᾳ.

2244 1020 2305 1073 El
2366 1015 2423 1072 δὲ
2478 1017 2776 1093 προθύμως
2841 1017 3163 1080 ὑπακούσεις
3220 1022 3299 1090 τῷ
3326 1015 3726 1089 καλοῦντί(54)
3756 1041 3807 1074 σε

2172 1107 2247 1168 εἰς
2281 1105 2574 1178 σωτηρίαν,
2632 1106 2745 1176 καὶ,
2804 1105 3172 1181 προσδραμὼν
3228 1105 3374 1178 αύτῷ
3405 1106 3558 1178 πόθῳ
3589 1107 3676 1161 καὶ
3710 1128 3809 1182 χα-

2172 1201 2257 1270 ρᾷ,
2316 1200 2394 1267 τῷ
2453 1196 2591 1272 φωτὶ
2650 1195 2814 1250 αὐτοῦ
2875 1197 3229 1269 σημειωθήσῃ
3286 1198 3417 1267 (55),
3477 1194 3566 1249 καὶ
3615 1197 3808 1268 ἀμετα-

2171 1286 2387 1360 στρεπτὶ
2421 1288 2569 1358 αὐτῷ
2599 1286 3011 1357 ἀκολουθήσεις,
3058 1286 3229 1341 πάντα
3282 1287 3375 1359 μὶν
3423 1285 3805 1359 ἀπαρνησάμε-

2170 1396 2261 1437 νος
2319 1378 2450 1447 (56),
2508 1377 2654 1447 αὐτῷ
2728 1374 2880 1448 μόνῳ
2963 1373 3374 1446 κεκολλημένος
3434 1378 3566 1447 (57),
3623 1377 3807 1437 ὁποίας

2168 1464 2327 1539 τεύξῃ
2410 1464 2704 1543 ἀσφαλείας
2783 1464 2873 1519 καὶ
2954 1462 3290 1539 εὐφροσύνης
3376 1461 3625 1517 ἄκουσοψ
3690 1465 3804 1517 Ἒάν

2168 1556 2307 1629 κάθῃ
2371 1556 2500 1627 (58),
2558 1548 2764 1628 ἄφοϐος
2816 1548 2927 1626 ἔσῃ·
3007 1552 3094 1606 ἐὰν
3170 1549 3227 1605 δὲ
3292 1548 3582 1626 καθεύδῃς,
3639 1549 3809 1620 ὴδὲως

2172 1642 2458 1711 ὑπνώσεις,
2515 1641 2604 1696 καὶ
2678 1642 2739 1696 οὐ
2825 1635 3114 1717 φοϐηθήσῃ
3172 1640 3403 1709 πτόησιν
3461 1638 3807 1709 ἐπελθοῦσαν,

419 1730 955 1802 supervenientem,
978 1747 1084 1785 nec
1114 1731 1431 1801 impiorum
1447 1732 1784 1787 daemonum
1805 1734 2060 1804 impetus

2172 1729 2295 1786 οὐδὲ
2354 1733 2528 1805 ὁρμὰς
2585 1735 2692 1785 τῶν
2776 1726 2984 1785 ἀσεϐῶν
3072 1728 3345 1802 δαιμόνων
3416 1728 3804 1804 ἐπερχομίνας·

425 1821 607 1888 (Prov.
636 1819 738 1889 ιιι),
770 1836 973 1874 verum
1005 1820 1373 1875 conﬁdenter
1402 1826 1467 1875 ut
1487 1821 1578 1875 leo
1610 1822 1848 1877 incedes
1874 1825 2056 1893 (Prov.

421 1908 635 1978 xxvm),
668 1924 735 1962 ac
765 1925 900 1963 cum
931 1908 1138 1963 laetitia
1177 1914 1233 1963 et
1272 1910 1635 1981 sempiterna
1666 1912 2059 1967 exsultatione

419 1997 593 2051 vives.
619 1998 852 2053 Etenim
876 2014 1053 2068 super
1073 2004 1250 2068 caput
1274 2004 1439 2053 tuum
1465 2000 1745 2054 exultatio
1780 2006 1836 2055 et
1857 2001 1985 2055 laus
2004 2005 2063 2055 et

422 2086 627 2140 laetitia
649 2091 703 2139 te
728 2088 1209 2158 comprehendet.
1234 2089 1483 2159 Effugiet
1514 2088 1700 2152 dolor,
1735 2096 1791 2143 et
1820 2107 2059 2154 mmror,

419 2178 477 2229 et
496 2173 769 2247 gemitus.
791 2176 949 2229 Tunc
972 2181 1243 2246 erumpet
1263 2177 1431 2245 quasi
1450 2193 1622 2231 mane
1645 2178 1844 2232 lumen
1873 2184 2059 2243 tuum,

420 2269 478 2317 et
498 2263 720 2318 sanitas
740 2268 837 2317 tua
854 2263 1027 2317 citius
1049 2264 1290 2319 orietur.
1316 2266 1385 2319 Et
1410 2266 1658 2320 anteibit
1674 2267 1885 2321 faciem
1901 2275 2060 2323 tuam

412 2352 649 2423 justitia
672 2357 793 2417 tua,
820 2358 877 2408 et
900 2353 1085 2424 gloria
1105 2355 1334 2410 Domini
1354 2356 1591 2428 colliget
1611 2362 1661 2410 te
1716 2359 1873 2413 Tunc
1906 2358 2059 2412 invo-

420 2441 603 2505 cabis,
624 2447 681 2496 et
702 2442 986 2497 Dominus
1004 2444 1307 2499 exaudiet:
1334 2445 1703 2509 clamabis,et
1718 2447 1894 2502 dicet:
1914 2450 2058 2503 Ecce

421 2531 630 2585 adsum
652 2533 759 2591 (Isa
788 2544 957 2601 LVIII).
988 2535 1102 2605 Ego
1136 2534 1294 2588 enim
1328 2552 1478 2601 sum,
1513 2536 1614 2606 qui
1640 2537 1808 2591 deleo
1842 2538 2062 2608 iniqui-

418 2624 566 2673 tates
586 2625 735 2687 tuas,
760 2625 817 2673 et
837 2637 959 2675 non
978 2621 1371 2676 memorabor.
1395 2624 1476 2677 Tu
1497 2639 1631 2677 vero
1655 2640 1882 2678 memor
1913 2630 2058 2693 esto,

418 2713 477 2763 et
498 2707 847 2777 iudicemur.
869 2709 969 2764 Dic
1002 2714 1063 2764 tu
1085 2710 1431 2780 iniquitates
1456 2716 1606 2779 tuas,
1630 2712 2061 2784 utjustiﬁceris

421 2797 548 2868 (Isa.
598 2804 767 2853 mu).
820 2798 875 2851 Si
924 2797 1147 2853 fuerint
1184 2806 1425 2869 peccata
1467 2805 1568 2855 tua
1619 2807 1684 2855 ut
1730 2803 2057 2869 coccinum,

425 2886 595 2955 quasi
628 2886 729 2940 nix
760 2886 1212 2942 dealbabuntur.
1249 2890 1318 2942 Et
1349 2889 1394 2942 si
1426 2888 1647 2943 fuerint
1683 2890 1861 2945 rubra
1891 2893 2059 2961 quasi

422 2974 799 3040 vermiculus,
833 2975 991 3031 velut
1020 2976 1157 3031 lana
1180 2976 1312 3032 alba
1338 2982 1529 3034 erunt.
1554 2980 1627 3033 Os
1646 2979 1804 3034 enim
1825 2980 2060 3035 Domini

424 3063 687 3120 locutum
719 3070 808 3120 est
836 3065 963 3136 (Isa.
996 3066 1058 3136 1).

491 3243 622 3297 CAP.
647 3243 739 3295 XI.
772 3243 952 3297 -—Ait
982 3242 1056 3297 ad
1089 3259 1224 3299 eum
1251 3244 1503 3316 Joasaph
1530 3261 1541 3300 :
1578 3246 1709 3301 Haac
1741 3251 1840 3301 tua
1880 3245 2059 3301 verba

419 3330 707 3401 praeclara
727 3335 784 3384 et
802 3331 1151 3387 admiranda
1172 3337 1521 3404 sunt;eaque
1535 3334 1844 3401 credidi,et
1861 3335 2055 3403 credo,

420 3435 778 3488 omnemque
804 3419 1097 3475 idolorum
1117 3422 1340 3476 cultum
1364 3423 1643 3477 exanimo
1672 3424 1768 3478 odi
1799 3440 1865 3479 ac
1897 3424 2057 3479 dete-

420 3512 563 3561 stor.
599 3508 828 3562 Etenim
860 3510 1023 3579 prius
1056 3511 1232 3565 etiam
1265 3527 1442 3580 quam
1493 3511 1564 3567 ad
1596 3528 1690 3566 me
1721 3512 2056 3584 accederes,

419 3595 658 3667 oblique
673 3597 1108 3666 quodammodo
1130 3616 1196 3654 ac
1224 3599 1565 3655 dubitanter
1586 3618 1723 3673 erga
1741 3618 1809 3656 ea
1831 3602 2055 3657 afﬁcie-

415 3685 591 3740 batur
603 3686 837 3741 animus
852 3689 1209 3743 meus.Nunc
1232 3694 1429 3743 autam
1448 3695 1832 3761 posteaquam
1850 3708 2055 3746 eorum

416 3774 752 3840 vanitatem,
770 3775 1200 3846 hominumque
1224 3777 1322 3846 qui
1346 3793 1413 3831 ea
1436 3777 1639 3832 colunt
1657 3778 1965 3833 stultitiam
1987 3795 2056 3833 ex

412 3867 469 3915 te
493 3863 778 3928 intellexi,
803 3864 1062 3934 perfecto
1094 3865 1226 3919 odio
1258 3882 1326 3921 ea
1354 3867 1633 3933 insector,
1666 3883 1732 3922 ac
1760 3869 1874 3921 Deo
1919 3883 2053 3921 vero

414 3967 507 4005 me
532 3952 591 4004 in
623 3952 963 4007 servitutem
982 3952 1254 4010 addicere
1272 3954 1658 4025 gestio,modo
1674 3972 1763 4009 me
1795 3956 2051 4025 ipse,ho-

412 4038 635 4094 minem
658 4040 986 4114 indignum,
1015 4040 1086 4094 ob
1109 4041 1452 4112 iniquitates
1476 4059 1637 4098 meas
1651 4043 1895 4098 minime
1912 4044 2048 4097 sub-

2170 1821 2314 1877 ἀλλὰ
2368 1822 2605 1895 πορεύσῃ
2666 1820 2941 1883 πεποιθὼς
3002 1822 3075 1881 ὡς
3140 1819 3279 1874 λὲων
3335 1822 3465 1891 (59),
3527 1818 3613 1872 καὶ
3678 1822 3807 1891 ζήσῃ

2172 1911 2285 1982 μετ’
2317 1909 2649 1987 εὓφροσύνης
2703 1908 2793 1963 καὶ
2847 1906 3256 1984 ἀγαλλιάματος
3312 1905 3556 1962 αἰωνίου·
3590 1904 3681 1961 ἐπὶ
3712 1906 3804 1979 γὰρ

2166 2006 2265 2068 τῆς
2316 1998 2559 2075 κεφαλῆς
2615 2020 2708 2053 σου
2786 1996 3105 2073 ἀγαλλίασις
3162 1997 3251 2066 καὶ
3300 1996 3521 2061 αἴνεσις,
3573 1994 3665 2049 καὶ
3726 1994 3803 2049 εύ-

2169 2087 2407 2165 φροσύνη
2441 2086 2810 2160 καταλήψει-αἰ
2869 2108 2944 2140 σε’
2998 2081 3121 2149 ἔνθα
3178 2082 3385 2159 ἀπέδρα
3434 2081 3621 2154 ὀδύνη,
3656 2083 3799 2153 λύπη

2168 2177 2254 2230 καὶ
2315 2176 2609 2247 στεναγμός
2668 2178 2796 2247 (60)”
2859 2177 2958 2231 88
3013 2173 3135 2228 τότε
3202 2173 3486 2248 ῥαγήσεται
3549 2172 3800 2244 πρὼϊμον

2168 2266 2228 2319 τὸ
2261 2265 2373 2343 φῶς
2407 2286 2523 2333 σου,
2556 2266 2645 2319 καὶ
2701 2265 2768 2318 τὰ
2826 2264 3027 2337 ίάματά
3080 2284 3174 2317 σου
3229 2261 3370 2336 ταχὺ
3421 2258 3691 2329 ἀνατελεῐ,
3722 2259 3803 2313 καὶ

2166 2355 2595 2430 προπορεύσιται
2627 2349 2928 2427 ἔμπροσθέν
2980 2374 3074 2406 σου
3124 2355 3158 2422 ἡ
3211 2348 3525 2419 δικαιοσύνη
3560 2370 3687 2417 σου,
3718 2347 3801 2402 καὶ

2168 2447 2202 2514 ἡ
2238 2441 2363 2517 δόξα
2416 2448 2512 2498 τοῦ
2570 2448 2703 2497 Θεοῦ
2760 2440 3067 2517 περιστελεῖ
3124 2458 3198 2494 σε’
3258 2440 3379 2493 τότε
3425 2439 3625 2511 βοήσῃ,
3659 2435 3805 2490 καὶὸ

2170 2533 2297 2595 Θεὸς
2329 2530 2694 2587 είσακούσεταί
2747 2549 2863 2584 σου·
2909 2527 2986 2585 ἔτι
3037 2527 3338 2588 λαλοῦντός
3371 2547 3469 2579 σου
3502 2523 3628 2598 ἐρεῖ
3675 2522 3804 2580 Ἰδοὺ

2168 2621 2393 2697 πάρειμι
2445 2622 2577 2693 (61)'
2638 2619 2747 2694 ἐγὼ
2801 2618 2902 2693 γὰρ
2958 2616 3074 2689 εἷ’μι
3128 2618 3155 2671 ὁ
3212 2614 3505 2691 ἐξαλείφων
3555 2612 3651 2673 τὰς
3687 2613 3805 2667 ἀνο-

2173 2709 2297 2783 μίας
2329 2729 2424 2762 σου
2483 2707 2571 2762 καὶ
2624 2706 2684 2761 οὐ
2750 2710 2990 2779 μνησθῶ·
3052 2703 3114 2757 σὺ
3165 2701 3221 2757 δὲ
3273 2703 3543 2771 μνήσθητι
3573 2701 3668 2754 καὶ
3698 2719 3805 2773 κρι-

2170 2800 2371 2868 θῶμεν·
2408 2794 2536 2869 λὲγε
2568 2794 2628 2849 σὺ
2658 2794 2753 2858 τὰς
2785 2794 3011 2865 ἀνομίας
3060 2811 3176 2858 σου,
3225 2788 3309 2844 ἴ⁷να
3340 2786 3642 2856 δικαιωθῇς
3675 2789 3799 2861 (62).

2171 2885 2273 2942 Καὶ
2332 2884 2416 2938 ἐὰν
2475 2882 2603 2938 ὦσιν
2664 2883 2717 2936 αἱ
2778 2881 3033 2955 ἁμαρτίαι
3092 2900 3186 2934 σου
3244 2878 3317 2940 ὡς
3377 2880 3677 2954 φοινικοῦν,
3734 2876 3802 2935 ὡς

2172 2973 2333 3048 χιόνα
2365 2972 2622 3027 λευκανῶ’
2679 2970 2764 3025 ἐὰν
2824 2968 2880 3024 δί
2933 2968 3061 3023 ὦσιν
3123 2969 3196 3029 ὡς
3255 2967 3525 3030 κόκκινον,
3556 2965 3634 3026 ὡς
3664 2962 3799 3038 ἔριον

2171 3062 2410 3118 λευκανῶ
2485 3064 2615 3134 (63).
2691 3060 2763 3114 Τὸ
2836 3060 2935 3137 γὰρ
3013 3059 3185 3131 στόμα
3285 3051 3487 3129 Κυρίου
3571 3051 3802 3121 ἐλάλησε

2167 3157 2352 3209 ταῦτα.

2242 3246 2399 3301 ΚΕΦ.
2458 3245 2561 3297 ΙΑ¹.
2620 3241 2775 3314 Αέγει
2828 3240 2964 3312 πρὸς
3020 3236 3177 3291 αὐτὸν
3233 3236 3261 3290 ὁ
3310 3234 3560 3308 Ἰωάσαφ·
3631 3229 3800 3286 Πάντα

2169 3352 2263 3386 σου
2335 3330 2402 3384 τὰ
2476 3330 2693 3406 ῥήματα
2764 3326 2907 3383 καλὰ
2978 3326 3067 3380 καὶ
3145 3322 3423 3395 θαυμαστά
3475 3321 3605 3385 εἶσι,
3655 3320 3799 3393 κάγὼ

2167 3418 2451 3475 ἐπίστευσα
2501 3419 2589 3472 καὶ
2646 3417 2905 3486 πιστεύω,
2982 3419 3153 3469 πᾶσαν
3217 3413 3309 3486 μὲι
3371 3408 3797 3482 εἰδωλολατρίαν

2165 3509 2271 3563 ἀπὸ
2326 3507 2549 3583 καρδίας
2611 3509 2865 3580 μισήσας·
2916 3503 3028 3575 καὶ,
3086 3503 3191 3576 πρὸ
3247 3506 3342 3556 τοῦ
3401 3499 3657 3555 εἰσελθεῖν
3697 3498 3799 3573 γὰρ

2166 3620 2223 3653 σε
2268 3598 2405 3671 πρὸς
2459 3618 2544 3668 με,
2602 3597 2851 3671 πλαγίως
2910 3615 3027 3656 πως
3078 3592 3164 3646 καὶ
3222 3589 3482 3658 διστάζων
3522 3591 3637 3661 (64)
3667 3588 3798 3662 πρὸς

2162 3684 2361 3756 ταύτην
2397 3684 2623 3740 διέκειτό
2681 3705 2782 3757 μου
2840 3684 2875 3750 ἡ
2925 3683 3100 3756 ψυχή·
3134 3677 3249 3733 νυνῖ
3300 3676 3357 3733 δὲ
3395 3676 3609 3732 τέλειον
3648 3681 3799 3749 μῖσος

2163 3774 2398 3847 ἐμισησα
2479 3777 2612 3847 (65),
2700 3771 2881 3845 μαθὼν
2933 3771 3079 3844 παρὰ
3132 3772 3229 3821 σοῦ
3284 3767 3382 3835 τήν
3463 3764 3799 3837 ματαιότητα

2160 3864 2369 3918 τούτων
2410 3863 2499 3916 καὶ
2529 3863 2625 3930 τὴν
2676 3858 2980 3937 ἀφροσύνην
3029 3860 3134 3912 τῶν
3180 3854 3363 3918 αὐτοῖς
3405 3852 3796 3928 λατρευόντων,

2164 3954 2320 4007 Ποθῶ
2365 3950 2421 4005 δὲ
2468 3955 2564 4004 τοῦ
2623 3950 2884 4019 ἀληθινοῦ
2934 3950 3066 4000 Θεοῦ
3112 3942 3309 4007 δοῦλος
3350 3944 3620 4016 γενέσθαι,
3654 3940 3794 4012 εἴπερ

2160 4040 2258 4095 οὐκ
2306 4037 2575 4093 ἀπώσεταί
2629 4057 2694 4110 με
2742 4036 2832 4090 τὸν
2885 4032 3091 4104 ἀνάξιον
3141 4030 3230 4087 διὰ
3256 4032 3350 4093 τὰς
3383 4030 3517 4103 ἐμὰς
3546 4029 3794 4101 ἀνομίας,

482 4236 593 4309 (54η)
624 4238 691 4300 Α,
722 4232 1169 4309 τοῦκκαλοῦντός.
1221 4239 1281 4309 C,
1334 4236 1579 4309 ἀκούσείς
1627 4242 1705 4309 τῷ
1753 4236 1878 4293 καλ.
1932 4239 2060 4294 Phil

2172 4244 2323 4295 ratus
2374 4242 2435 4293 V.
2486 4241 2551 4294 Α.
2601 4257 2637 4303 ι,
2685 4240 2789 4291 31:
2843 4234 2943 4309 Καὶ
2988 4230 3235 4309 ἐκέλευσε
3282 4229 3427 4309 θύειν
3459 4228 3578 4309 μετ’
3609 4229 3793 4309 αὐτοῦ.

410 4300 677 4391 pptimus
738 4307 920 4361 codex
972 4310 1144 4391 1696,.
1186 4300 1283 4361 Kal
1344 4300 1689 4391 Slexé).a_uae_.'
1729 4312 2060 4391 Gregorius

2172 4317 2283 4363 'sst.
2321 4316 2355 4363 ι.
2394 4312 2435 4391 I‘.
2470 4328 2525 4381 p.
2559 4300 2697 4363 39,6:
2732 4309 2823 4391 Ἡ,
2849 4306 2949 4391 μὲν
3109 4300 3284 4391 αἰδώςὶ
3310 4300 3613 4391 ἐρύθηματι
3650 4300 3794 4391 (λέγω

409 4371 843 4446 ἐπισημαίνεται,
898 4371 1273 4450 συμπαθόντος
1331 4402 1449 4440 πως
1506 4385 1573 4453 τῇ
1633 4384 1796 4453 ψμχῇ
1840 4371 1951 4433 tto?)
2004 4371 2254 4450 σώματος
2282 4380 2435 4453 *κατὰ
2471 4371 2605 4432 ⁸τινα
2636 4377 2862 4453 φυσικῂλν
2924 4373 3172 4453 διάθεσινΔ
3198 4372 3286 4453 καὶ
3316 4376 3412 4453 τοῦ
3442 4371 3792 4453 περικαρδίου

410 4442 612 4519 θερμοῦ
669 4447 803 4517 πρὸς
856 4442 978 4515 τῆν’
1017 4448 1322 4524 ἐπιφάνειαν
1367 4458 1467 4519 τῆς
1520 4442 1695 4524 διεφξ
1724 4442 2060 4524 ’ἀναζέσαντς

2183 4450 2374 4505 Codex
2428 4454 2583 4524 17630,
2638 4442 2987 4524 ἁυνδιάθεσινο
3023 4466 3131 4524 ne_c
3161 4446 3219 4524 id
3248 4446 3400 4524 male
3428 4461 3439 4496 :
3476 4466 3503 4492 ‹‹
3537 4442 3789 4524 naturali

409 4517 663 4591 quadam
696 4537 762 4575 ac
794 4524 1093 4576 communi
1121 4517 1456 4595 aﬁectione.
1494 4517 1677 4579 Habet
1697 4529 1764 4595 et
1792 4517 1913 4591 περὶ
1944 4519 2186 4595 καρδία-ν,
2211 4523 2564 4595 quodetiam
2589 4524 2805 4595 placet.
2839 4523 3063 4595 Rursus
3093 4520 3152 4573 in
3184 4517 3312 4595 loco
3338 4517 3583 4595 Nysseni
3619 4528 3789 4595 quem

407 4583 654 4665 adposui
684 4597 728 4665 t._
758 4593 851 4655 III,
886 4610 942 4663 p.
976 4595 1063 4657 38,
1099 4611 1157 4647 ιι.
1192 4597 1220 4647 3
1254 4611 1358 4664 pro
1392 4594 1778 4664 ἐναποκειμένη
1811 4583 1927 4652 τοῖς
1976 4583 2060 4654 ate

2172 4583 2278 4653 τοῖς
2332 4589 2523 4659 αἰδὼς,
2583 4583 2736 4646 idem
2769 4593 2951 4647 codex
2981 4586 3311 4658 ἀποκειμένη
3345 4583 3604 4650 exhibet,
3639 4583 3787 4638 malo

405 4663 649 4718 absente
680 4663 866 4718 altera
895 4663 1330 4734 praepositione.

479 4737 586 4805 (55)
622 4726 966 4806 Interivaria
990 4726 1235 4789 nomina
1263 4735 1591 4806 baptismus
1625 4733 1879 4806 φώτισμα
1910 4734 2100 4789 dictus
2134 4739 2253 4790 est:
2287 4735 2414 4789 vide
2474 4736 2706 4806 Gregor.
2741 4738 2868 4789 Naz.
2905 4740 3050 4789 orat.
3084 4733 3172 4801 40,
3197 4751 3252 4803 p.
3286 4731 3421 4794 638;
3456 4729 3686 4785 Fabric.
3719 4726 3787 4782 ad

406 4805 816 4877 Pseudo—Abd.
851 4821 971 4877 viii,
1005 4808 1057 4871 5,
1088 4807 1320 4877 p.678;
1352 4805 1494 4859 'l‘oll.
1532 4806 1604 4860 ad
1635 4805 1852 4877 Insign.
1886 4822 1942 4875 p.
1980 4809 2096 4860 150.

477 4879 589 4947 (56)
622 4876 823 4931 Innuit
850 4870 1452 4943 abrenuntiationem,
1486 4894 1617 4946 qum
1650 4879 1715 4931 ﬁt
1745 4870 1803 4931 in
1835 4870 2148 4947 baptismo,
2183 4879 2409 4933 Satanae
2441 4879 2837 4948 operibusque
2867 4877 2996 4948 ejus
3024 4893 3089 4931 ac
3120 4874 3351 4946 pompis
3378 4890 3390 4940 ;
3423 4872 3494 4927 de
3526 4888 3646 4941 quo
3677 4870 3787 4925 ritu

404 4948 533 5003 vide
564 4948 899 5020 Zimmerm.
932 4947 1099 5001 Anal.
1133 4963 1262 5018 pag.
1294 4948 1434 5014 528;
1469 4949 1703 5004 Bussac.
1739 4952 1917 5003 Noctt.
1954 4949 2225 5020 theologg.
2251 4966 2381 5020 pag.
2420 4953 2539 5003 110.

472 5022 587 5085 (57)
620 5020 642 5070 Ι
672 5018 801 5072 Cor.
833 5034 905 5083 v1,
943 5021 1026 5071 17.

475 5089 585 5159 (58)
618 5089 784 5141 Prov.
817 5104 901 5154 In,
934 5090 1023 5158 24,
1056 5090 1143 5141 25.

617 5160 784 5235 Prov.
814 5155 1111 5235 xxviii-“
1146 5158 1357 5235 Δίκαιος
1389 5155 1445 5213 δὲ
1468 5157 1816 5235 μῶσπερλλὲων
1844 5162 2089 5235 πέποιθε.

497 5233 586 5366 60)
617 5230 727 5283 Isa.
760 5245 833 5295 LI,
862 5232 919 5282 11
950 5245 963 5282 :
999 5228 1248 5298 ἸΙξουσιν
1281 5229 1355 5291 είς
1388 5230 1531 5285 Σιὼν
1565 5228 1678 5305 μετ’
1709 5231 2109 5310 εὐφροσύνης...

497 5304 553 5355 61
616 5301 725 5355 Isa.
761 5316 912 5366 Lvm,
937 5301 988 5365 8,
1013 5304 1065 5355 9.

494 5301 583 5366 61)
616 5301 725 5355 Isa.
761 5316 912 5367 Lvm,
937 5301 988 5365 8,
1013 5304 1065 5355 9.

497 5372 587 5444 62)
612 5371 721 5444 ἔδει.
755 5387 903 5439 xuii,
936 5373 1025 5441 23,
1048 5375 1136 5427 26.

472 5443 579 5512 (63)
612 5443 721 5498 lsa.
754 5459 793 5512 ι,
828 5444 913 5499 18.

475 5514 583 5658 (64)
616 5513 730 5570 Alii
761 5514 992 5570 codices
1023 5519 1300 5587 poterunt
1327 5516 1571 5573 mederi.
1606 5518 1824 5573 Forsan
1855 5513 2232 5584 διπαζὸντως.

475 5588 563 5657 (65
612 5586 695 5641 Cf.
728 5584 882 5642 Psal.
910 5603 1176 5655 cxxxvm,
1206 5590 1295 5645 22.

475 5584 581 5657 (65)
612 5586 695 5641 Cf.
728 5584 882 5642 Psal.
910 5584 1176 5655 animi,
1206 5590 1295 5645 22.
