4042 6154
323 282 435 342 949
1491 290 1662 343 νιτΑ
1697 288 1919 344 ΒΑΒιέ

2138 290 2182 343 Τ
2215 287 2558 343 JOASAPH.
3628 282 3734 340 950

322 409 473 467 ἀλλὰ
496 412 851 485 συγχωρήσει
902 430 993 483 μοι
1054 410 1246 478 πάντα,
1302 407 1691 484 φιλάνθρωπος
1750 405 1823 463 ὥν
1880 429 1918 463 κι

2131 415 2334 476 ioveat,
2356 426 2561 465 verum
2585 425 2691 481 pro
2720 423 2845 475 sua,
2877 413 2943 463 ut
2970 406 3168 475 doces,
3192 408 3556 481 benignitate
3580 410 3727 465 mihi

330 497 734 576 εῦσπλαγχνος,
762 501 898 554 καΘά
928 497 1219 566 διδάσκεις,
1249 497 1338 553 καὶ
1374 497 1590 568 ἀξιώσει
1655 519 1722 571 με
1770 495 1926 553 δοῦλε

2129 499 2283 553 mnia
2308 499 2623 563 condonet,
2660 513 2873 567 meque
2908 513 3139 550 servum
3174 496 3287 551 sibi
3322 498 3608 553 asciscere
3628 500 3725 553 di-

331 587 496 643 αὗτοῦ
522 589 780 661 γενέσθαι.
813 585 955 657 ’Ἤδη
1017 586 1108 642 οῦν
1159 587 1394 660 ἑτοίμως
1450 584 1564 660 ἔχω
1610 586 1699 641 καὶ
1746 586 1808 641 τὸ
1870 585 1927 661 βά

2126 588 2438 641 netur.Jam
2457 587 2657 656 itaque
2669 586 2962 656 baptisma
2994 584 3293 656 suscipere
3314 591 3553 656 paratus
3568 603 3722 654 sum,

328 697 541 750 πτισμα
571 674 838 749 δέξασθαι,
870 676 959 730 καὶ
990 677 1164 731 πάντα
1212 674 1310 730 ὅσα
1359 675 1510 749 ε’ίπῃς
1565 696 1658 748 μοι
1710 674 1922 750 φυλάξα

2126 682 2255 747 tque
2288 676 2487 730 omnia
2515 692 2645 745 quae
2679 673 3111 745 praescripseris
3144 691 3395 728 servare.
3429 675 3722 739 Quidnam

326 763 480 820 Τίδέ
510 766 621 840 χρή
657 785 724 835 με
749 768 924 819 ποιεῖν
962 764 1097 836 μετὰ
1150 765 1214 819 τὸ
1263 762 1583 837 βάπτισμας
1633 763 1724 818 καὶ
1776 763 1819 818 εἰ
1870 764 1922 838 ἀς

2130 773 2277 822 λίθω
2306 768 2452 821 mihi
2486 771 2618 838 post
2647 766 3009 836 baptismum
3051 764 3388 819 faciendum
3446 765 3582 820 est?
3632 767 3726 821 Sa-

326 859 416 909 κεῖ
440 859 599 909 τοῦτο
634 853 803 925 μόνον
852 854 946 910 87
998 853 1136 926 πρὸς
1196 852 1515 926 σωτηρίαν·,
1572 854 1635 907 τὸ
1687 856 1922 907 πιστεῦσι

2128 874 2233 912 sne
2263 861 2352 911 est
2371 857 2444 910 ad
2462 856 2714 910 salutem
2739 853 2978 908 credere
3002 870 3067 907 ac
3100 853 3424 924 baptizari?
3449 871 3524 909 an
3544 855 3722 910 etiam

327 943 419 997 καὶ
450 943 832 1016 βάπτισθῐψαι,
859 939 895 1010 ἤ
919 941 1010 995 καὶ
1040 938 1189 995 ἄλλα
1214 940 1340 996 τινὰ
1369 938 1451 995 δεῖ
1488 942 1856 1014 προστιθέναι.

1700 942 1856 1003 θέναι.
2079 946 2196 1001 alia
2225 946 2492 1013 quaedam
2524 944 2850 1014 adjungere
2884 958 3129 996 necesse
3162 943 3296 997 est?

400 1029 505 1087 Καί
556 1050 687 1107 φησι
744 1029 881 1103 πρὸς
938 1028 1099 1083 αὐτὸν
1159 1029 1187 1083 ὁ
1246 1028 1534 1105 Βαρλαάμ·
1592 1033 1862 1082 ’Ἄκουσον
1914 1027 1967 1082 τί

2150 1034 2305 1087 Dixit
2326 1038 2522 1087 autem
2544 1033 2617 1087 ad
2643 1048 2775 1086 eum
2800 1032 3067 1085 Barlaam
3092 1047 3104 1085 :
3131 1032 3281 1085 Audi
3306 1031 3566 1101 quidtibi
3591 1038 3726 1103 post

328 1115 412 1174 δεῖ
438 1123 614 1173 ποιεῖν
651 1119 785 1191 μετά
826 1118 887 1172 τὸ
943 1118 1243 1192 βάπτισμα*
1303 1116 1480 1185 πάσης
1542 1116 1635 1189 μὶν
1698 1114 1924 1191 ἁμαρτία

2127 1124 2438 1194 aptismum
2468 1120 2807 1176 faciendum
2840 1120 2951 1173 sit:
2987 1136 3200 1190 nempe
3224 1119 3375 1174 utab
3395 1121 3558 1174 omni
3582 1138 3723 1191 pec-

323 1207 413 1262 καῖ
443 1208 643 1267 παντὸς
687 1206 893 1269 πάθους
949 1206 1267 1281 ἀπέχεσθαι,
1325 1203 1712 1278 ἐποικοδομεῖν
1764 1202 1822 1259 δὶ
1877 1204 1919 1259 ἐι

2124 1216 2227 1267 ito.
2258 1217 2316 1265 et
2345 1210 2416 1264 ab
2447 1210 2609 1264 omni
2639 1210 2847 1263 vitiosa
2875 1208 3187 1263 affectione
3220 1207 3720 1278 abstineas,atque

320 1301 403 1367 τῷ
430 1294 668 1369 θεμελίῳ
698 1297 796 1362 τῆς
830 1292 1122 1369 ὁρθοδόξου
1169 1295 1403 1355 πίστεως
1451 1296 1551 1361 τήν
1603 1298 1711 1348 τῶν
1761 1294 1916 1368 ἀρετιῖ

2121 1301 2417 1356 rthodoxaa
2441 1301 2576 1355 ﬁdei
2596 1299 2981 1354 fundamento
3014 1298 3295 1351 virtutum
3329 1298 3589 1352 studium
3621 1315 3717 1353 su-

322 1383 596 1460 ἐργασίαν,
657 1380 843 1452 ἔπειδὴ
904 1382 1082 1445 πίστις
1143 1382 1320 1458 χωρὶς
1371 1386 1479 1437 τῶν
1561 1380 1729 1457 ἔργων
1808 1402 1918 1459 van;

2121 1397 2396 1447 erstruas.
2432 1390 2717 1454 Quoniam
2743 1388 2889 1442 fides
2922 1387 3048 1442 sine
3067 1386 3344 1457 operibus
3366 1391 3600 1441 mortua
3628 1392 3717 1442 est

321 1472 465 1528 ἐστιν
495 1474 630 1546 (66),
664 1471 841 1546 ὥσπερ
874 1471 961 1526 καὶ
996 1465 1126 1547 ἔργα
1153 1471 1387 1533 πίστεως
1418 1468 1571 1546 δίχα.
1602 1472 1747 1541 Φησὶ
1803 1473 1903 1546 γὰρ

2119 1484 2213 1536 lac.
2239 1479 2809 1551 1),quemadmodum
2834 1478 3011 1533 etiam
3032 1493 3212 1548 Opera
3233 1482 3461 1531 remota
3476 1477 3715 1534 ﬁde.Ait

317 1559 680 1622 ’Δπόστολος.
708 1560 796 1617 Ἐν
826 1558 1094 1633 πνεύματι
1125 1563 1235 1631 (67)
1259 1565 1621 1633 περιπατεῖτε,
1652 1560 1741 1615 καὶ
1773 1559 1913 1624 έπιθι

2116 1570 2235 1623 nim
2257 1568 2571 1639 Apostolus
2594 1567 2735 1639 (Gal.
2771 1567 2823 1636 ν)
2854 1584 2867 1622 :
2901 1566 3121 1636 Spiritu
3147 1565 3466 1633 ambulate,
3522 1570 3580 1619 et
3610 1564 3712 1619 de-

326 1650 451 1723 μίαν
511 1649 708 1722 σαρκὸς
764 1648 826 1703 οὐ
876 1649 951 1721 μὴ
1003 1646 1281 1719 τελέσητε·
1340 1648 1541 1725 φανερὰ
1598 1646 1656 1702 δὲ
1734 1648 1845 1703 ἐστι
1895 1670 1922 1703 τ

2116 1656 2295 1711 ideria
2315 1657 2511 1711 carnis
2547 1672 2621 1711 ne
2651 1655 2992 1726 perﬁciatis.
3019 1653 3326 1708 Manifesta
3364 1658 3503 1708 sunt
3532 1670 3712 1724 Opera

319 1735 458 1813 ἔργα
512 1744 613 1808 τῆς
671 1737 866 1813 σαρκὸς
924 1736 1076 1791 ἃτινά
1130 1736 1262 1807 ἐστι,
1350 1741 1618 1812 μοιχεῖαι,
1692 1743 1915 1812 πορνεῖα

2113 1746 2288 1813 arnis,
2308 1760 2438 1815 quae
2472 1750 2611 1799 sunt
2630 1743 3009 1809 adulterium,
3034 1742 3369 1810 fornicatio,
3388 1743 3464 1796 im
3475 1743 3709 1798 mundi-

321 1827 663 1899 ἀκαθαρσίαι,
721 1827 1015 1900 ἀσέλγειαι,
1081 1822 1524 1902 εἷδωλολατρίαι,
1608 1832 1915 1904 φαρμακεῖα

2111 1832 2737 1903 .a,luxuria,idolorum
2760 1831 3030 1897 servitus,
3049 1830 3707 1898 veneﬁcia,inimicitiae,

321 1912 540 1992 ἔχθραι,
597 1911 732 1991 ἔρις,
788 1916 973 1985 ζῆλοι,
1031 1916 1217 1988 θυμοὶ,
1268 1914 1516 1990 έρίθειαι,
1588 1913 1914 1991 διχοστασία

2112 1922 2933 1990 οηιθιιιὶοηθε,ωωυ1ειιὶοιιεε,
2958 1920 3079 1985 iraa,
3106 1920 3267 1986 rixaa,
3288 1920 3708 1987 dtssentiones,

320 2005 575 2078 αἱρέσεις,
608 2005 820 2082 φθόνοι,
853 2004 1030 2077 φόνοι,
1063 2002 1438 2081 φιλαργυρίαι,
1471 2002 1766 2080 λοιδορίαι,
1822 2004 1916 2083 φιλ

2112 2016 2265 2071 θείω,
2289 2011 2541 2081 invidias,
2566 2009 2910 2077 homicidia,
2939 2008 3203 2074 avaritia,
3235 2009 3708 2074 maledictiones,

319 2091 558 2164 ηδονίαι,
604 2094 783 2167 μέθαι,
841 2096 1045 2165 κῶμοι,
1103 2092 1485 2169 ὑπερηφανίαι,
1536 2094 1625 2147 καὶ
1676 2095 1745 2148 τὰ
1792 2093 1915 2166 ὅμοι

2116 2116 2233 2153 mor
2256 2100 2641 2169 voluptatum,
2669 2099 3009 2161 ebrietates,
3069 2098 3619 2163 commessationes,
3652 2102 3712 2151 et

314 2184 553 2247 τούτοις⁸
588 2183 903 2258 ἅπρολέγω
947 2184 1096 2256 ὑμῖν,
1150 2185 1328 2247 καθὼς
1381 2184 1471 2238 καὶ
1527 2189 1812 2257 προεῖπον,
1872 2185 1910 2240 ὅ·

2111 2187 2159 2243 is
2182 2187 2419 2251 similia,
2445 2204 2575 2257 qua:
2596 2186 2854 2258 praedico
2888 2186 3073 2251 vobis,
3101 2186 3251 2239 sicut
3274 2185 3536 2256 praedixi,
3564 2201 3707 2255 quo-

313 2275 367 2328 οἱ
395 2276 463 2328 τὰ
491 2278 714 2328 τοιαῦτα
746 2275 1075 2349 πράσσοντες
1135 2273 1408 2348 βασιλείαν
1450 2278 1584 2329 Θεοῦ
1634 2276 1699 2329 οὐ
1747 2284 1909 2351 κληρι

2110 2277 2227 2331 iam
2250 2277 2350 2347 qui
2365 2277 2504 2331 talia
2521 2283 2702 2349 agunt
2718 2291 2965 2348 regnum
2992 2275 3091 2328 Dei
3107 2292 3226 2329 non
3245 2280 3703 2344 consequentur.

312 2363 668 2435 νομησουσιν·
703 2362 730 2415 ὁ
763 2359 820 2416 δὶ
849 2362 1053 2437 καρπὸς
1085 2365 1181 2416 τοῦ
1221 2361 1525 2434 πνεύματός
1553 2362 1692 2417 ἐστιν
1745 2365 1908 2438 ἀγάπη

2108 2371 2309 2419 ructus
2336 2371 2534 2419 autem
2559 2365 2810 2435 Spiritus
2826 2370 2934 2423 est.
2963 2363 3240 2423 Charitas,
3263 2363 3704 2434 gaudium,pax,

316 2451 485 2524 χαρὰ,
526 2448 742 2526 εἰρήνη,
806 2449 1177 2524 μακροθημία,
1229 2450 1564 2525 χρηστότης,
1615 2453 1912 2527 ἀγαθωσύνη

2109 2454 2500 2525 inganimitas,
2526 2453 2880 2524 benignitas,
2904 2452 3330 2516 bonitasﬁdes,
3360 2457 3705 2506 mansuetu-

313 2538 516 2607 πίστις,
576 2537 842 2611 πραότης,
901 2537 1207 2612 ἐγκράτεια,
1265 2539 1535 2613 ἁγιασμὸς
1592 2543 1778 2614 ψυχῆς
1862 2561 1909 2595 κε

2105 2559 2158 2609 0,
2197 2543 2586 2605 continentia,
2630 2540 3020 2596 sanctificatio
3061 2541 3274 2594 animas
3313 2546 3369 2594 et
3415 2541 3700 2611 corporis,

317 2626 597 2698 σώματος,
655 2624 979 2689 ταπείνωσις
1035 2623 1260 2699 καρδίας
1312 2627 1402 2681 καὶ
1461 2624 1740 2702 συντριϐἠ,
1797 2626 1913 2697 έλετ

2108 2631 2260 2686 ardis
2281 2631 2584 2685 afﬂictatio
2611 2636 2668 2683 et
2692 2629 2990 2694 contritio,
3021 2628 3420 2698 eleemosyna,
3453 2629 3704 2698 injuria-

323 2714 557 2787 μοσύνη,
648 2712 1034 2787 ἂμνησικακία,
1149 2713 1553 2792 φιλανθρωπία,
1660 2717 1919 2792 ἀγρυπνία

2106 2736 2195 2773 um
2213 2717 2819 2786 Oblivio,humanitas,
2845 2716 3061 2788 vigilia,
3077 2716 3310 2770 sincera
3331 2715 3402 2768 de
3426 2716 3702 2770 omnibus

326 2803 582 2874 μετάνοια
610 2798 840 2878 ἀκριϐὴς
885 2803 1099 2857 πάντων
1159 2807 1265 2857 τῶν
1322 2804 1731 2879 προγεγονότων
1782 2802 1922 2882 σφαλ

2107 2807 2535 2863 raacedentihus
2560 2806 2817 2877 peccatis
2840 2803 3207 2876 pmnitentia,
3228 2804 3703 2875 compunctionis

324 2890 533 2963 μάτων,
592 2888 818 2967 δάκρυον
877 2891 1229 2963 κατανύξεως,
1282 2891 1471 2955 πένθος
1527 2891 1657 2968 ὑπέρ
1709 2913 1769 2949 τε
1844 2897 1920 2948 τῶ

2105 2896 2563 2968 Lorymaa,luctus
2587 2901 2709 2949 tum
2734 2911 2838 2966 pro
2859 2893 3001 2961 suis,
3026 2898 3151 2947 tum
3173 2910 3279 2964 pro
3301 2893 3552 2948 aliorum
3567 2910 3701 2964 pec-

321 2975 472 3033 ἰδίων
505 2979 783 3055 ἁμαρτιῶν
815 2980 904 3036 καὶ
934 2984 1040 3036 τῶν
1068 2985 1164 3035 τοῦ
1193 2979 1453 3051 πλησίον,
1485 2982 1575 3036 καὶ
1630 2983 1697 3037 τὰ
1737 2981 1917 3037 τούτοε

2109 2985 2231 3052 itis,
2265 2985 2498 3056 aliaque
2538 2983 2807 3056 ejusdem
2833 2981 3067 3054 generis
3094 2998 3106 3035 :
3131 2999 3261 3051 quae
3294 2981 3535 3053 quidem
3573 2987 3705 3038 tan-

318 3065 506 3140 8μοια,
563 3064 736 3139 ἅτινα,
793 3068 971 3145 ὥσπερ
1022 3069 1164 3131 τινὲς
1222 3066 1482 3143 βαθμίδες
1546 3070 1633 3124 καὶ
1686 3069 1914 3142 κλίμακι

2104 3092 2237 3131 uam
2258 3076 2467 3148 gradus
2485 3081 2542 3130 et
2556 3074 2727 3129 scalas
2741 3075 2897 3127 inter
2913 3088 2976 3126 se
2989 3072 3700 3142 cohaerentes,atquealize

319 3154 583 3226 ἀΛλήλων
614 3156 873 3232 ἐχόμεναι
902 3160 1001 3215 88
1030 3159 1119 3213 καὶ
1170 3158 1258 3211 ὑπ’
1305 3157 1570 3229 ἀλλήλων
1620 3158 1915 3235 συγκροτού

2103 3164 2132 3218 b
2156 3164 2287 3220 aliis
2317 3164 2593 3230 suﬂ‘ultze,
2614 3162 2880 3217 animum
2912 3161 2973 3214 in
3005 3160 3217 3215 coelum
3240 3160 3589 3215 subvehunt.
3614 3162 3699 3214 En

322 3265 497 3316 μεναι,
555 3244 632 3308 είς
691 3244 916 3321 οὐρανὸν
968 3247 1066 3316 τὴν
1125 3247 1311 3321 ψυχὴν
1368 3246 1739 3324 ἀναφέρουσιν.
1810 3244 1915 3305 Ἰδο

2103 3270 2184 3309 aac
2216 3258 2355 3308 sunt
2384 3269 2514 3324 quae
2535 3257 2669 3325 post
2696 3251 3056 3322 baptismum
3082 3249 3359 3321 amplecti
3390 3248 3693 3319 jubemur,

315 3330 524 3387 τούτων
555 3332 936 3408 ἱντετάλμεθα,
973 3336 1104 3408 μετὰ
1144 3336 1207 3390 τὸ
1264 3335 1565 3410 βάπτισμα,
1609 3335 1911 3411 ἀντέχεσθαη

2058 3348 2233 3414 atque
2262 3342 2335 3398 ab
2367 3342 2500 3397 aliis
2533 3358 2663 3412 qua;
2695 3356 2829 3395 cum
2860 3340 2953 3394 his
2982 3344 3248 3411 pugnant
3265 3338 3583 3394 abstinere.

315 3424 423 3474 τῶν
457 3418 503 3475 δ’
532 3420 782 3477 ἐναντίων
809 3422 1124 3497 ἀπέχεσθαι.

385 3508 455 3564 Εἴ
484 3506 540 3563 δὲ
568 3511 702 3582 μετά
730 3511 792 3565 τὸ
824 3506 1007 3566 λαϐεῖν
1037 3512 1136 3580 τὴν
1182 3510 1466 3588 ἐπίγνωσιν
1516 3520 1616 3583 τῆς
1663 3512 1947 3587 ἀληθείας,

2128 3519 2291 3584 Quod
2327 3519 2375 3574 si
2432 3525 2566 3590 post
2621 3523 2919 3589 acceptam
2976 3518 3239 3573 veritatis
3296 3518 3694 3590 cognitionem

312 3600 420 3652 τῶν
448 3597 725 3674 προτέρων
758 3597 906 3662 αὗθις
938 3596 1314 3673 ἐπιλαϐόμεθα
1343 3605 1545 3674 νεκρῶν
1597 3598 1765 3677 ἔργων
1816 3605 1908 3676 (68,

2097 3608 2254 3662 riora
2285 3613 2515 3663 mortua
2547 3623 2727 3679 Opera
2758 3622 2998 3661 rursum
3030 3607 3404 3677 arripiamus,
3441 3624 3506 3661 ac
3530 3607 3692 3661 canis

313 3689 403 3741 καὶ
437 3688 510 3749 ὡς
534 3688 677 3742 κύων
710 3687 796 3743 ἐπὶ
828 3690 919 3744 τὸν
953 3686 1092 3745 ἴδιον
1136 3684 1326 3762 ἔμετον
1372 3688 1762 3766 ἐπιστρέψομεν
1812 3694 1909 3765 (69]

2100 3702 2245 3751 istar
2274 3696 2347 3751 ad
2378 3702 2648 3751 nostrum
2670 3696 2953 3750 vomitum
2976 3696 3428 3757 revertamurill
3464 3696 3579 3749 Pet.
3616 3695 3696 3765 ιι),

315 3771 650 3847 συμϐήσεται
706 3780 840 3849 ἡμῖν
898 3777 961 3832 τὸ
1020 3778 1122 3833 ὑπὸ
1175 3783 1273 3833 τοῦ
1356 3778 1552 3852 Κυρίου
1635 3780 1911 3857 εἷ’ρημένοι

2108 3786 2206 3840 lud
2235 3786 2407 3841 nobis
2438 3802 2551 3840 usu
2580 3787 2795 3852 veniet,
2830 3785 2988 3855 quod
3020 3802 3054 3839 a
3085 3784 3331 3838 Domino
3365 3784 3589 3838 dictum
3615 3788 3704 3837 est

313 3864 477 3920 Ὅταν
508 3864 630 3939 γὰρ,
682 3865 813 3941 φησί
845 3866 980 3939 (70),
1029 3866 1090 3920 τὸ
1143 3865 1443 3940 ἀκάθαρτον
1495 3873 1715 3941 Πνεῦμα
1764 3870 1909 3942 έξέλθ

2102 3877 2233 3928 Luca:
2266 3875 2382 3944 x1):
2414 3875 2557 3928 Cum
2591 3874 2771 3941 enim,
2806 3873 3019 3944 inquit,
3052 3872 3295 3926 exiverit
3350 3872 3698 3927 immundus

314 3951 418 4005 ἀπὸ
447 3955 543 4006 τοῦ
569 3953 857 4028 ἀνθρώπου
891 3957 975 4027 (τῇ
1008 3955 1193 4030 χάριτι
1230 3952 1443 4025 δηλαδὴ
1493 3960 1589 4010 τοῦ
1641 3958 1910 4032 βαπτίσπα

2096 3964 2301 4035 piritus
2331 3963 2402 4018 ab
2432 3964 2673 4019 homine
2703 3966 2832 4034 (per
2859 3961 3137 4033 baptismi
3170 3960 3396 4016 scilicet
3423 3961 3692 4032 gratiam)

312 4041 449 4112 τος),
484 4038 759 4116 διέρχεται
788 4039 856 4096 δι’
913 4040 1157 4117 ἀνύδρων
1197 4042 1405 4113 τόπων,
1465 4048 1658 4115 ζητοῦν
1713 4047 1908 4104 ἀνάπαι

2096 4051 2322 4106 mbulat
2337 4068 2441 4123 per
2456 4052 2585 4107 loca
2606 4052 3192 4122 inaquosa,qumrens
3206 4050 3489 4119 requiem.
3503 4054 3692 4103 etnon

313 4149 417 4196 σιν,
451 4129 539 4184 καὶ
572 4131 684 4205 οὐχ
711 4129 962 4205 εὑρίσκει·
1000 4133 1075 4203 μὴ
1107 4132 1269 4210 φέρον
1328 4132 1385 4188 δὲ
1436 4132 1522 4187 ἐπὶ
1570 4134 1713 4190 πολὺ
1763 4134 1909 4194 ἅοικο

2098 4141 2303 4195 ινεηίι.
2331 4141 2691 4196 Permoleste
2709 4146 2904 4195 autem
2923 4140 3120 4193 ferens
3143 4156 3204 4193 se
3225 4139 3448 4193 diutius
3469 4139 3605 4193 tecti
3629 4156 3694 4193 ac

312 4217 400 4269 καὶ
433 4216 670 4273 ἀνέστιον
730 4217 1186 4294 περιπλανᾶσθαι,
1244 4219 1411 4297 λέγει’
1472 4222 1811 4297 Ἐπιστρέψω
1870 4226 1908 4280 εί

2098 4230 2197 4284 tris
2230 4230 2527 4300 expertem
2555 4229 2791 4295 esse,ait
2816 4230 3125 4283 :Revertar
3156 4228 3214 4281 in
3234 4227 3477 4281 domum
3500 4244 3694 4282 meam

310 4304 400 4360 τὸν
431 4304 576 4361 οἶκόν
634 4326 759 4376 μου,
819 4306 937 4370 ὅθεν
998 4305 1244 4379 ἐξῆλθον.
1298 4310 1420 4380 Καὶ,
1478 4307 1658 4381 ἐλθὸν,
1713 4311 1906 4389 εὗρίσκι

2098 4318 2210 4373 nde
2245 4317 2412 4372 exivi.
2446 4320 2515 4371 Et
2542 4317 2789 4372 veniens
2818 4318 3046 4372 invenit
3072 4333 3199 4372 eam
3231 4317 3423 4387 SCOpiS
3446 4316 3694 4371 munda-

310 4395 682 4466 σεσαρωμένον
715 4394 803 4449 καὶ
860 4395 1296 4469 κεκοσμημένον,
1342 4398 1494 4452 κενὸν
1555 4396 1613 4454 δὶ
1658 4401 1744 4455 καὶ
1806 4421 1906 4477 σχο

2097 4423 2176 4461 ιω
2196 4412 2253 4461 et
2278 4412 2567 4473 ornatam,
2591 4411 2871 4461 cwterum
2902 4407 3140 4461 inanem
3171 4422 3239 4461 ac
3268 4410 3593 4473 vacantem,
3624 4411 3693 4459 ut

310 4452 557 4550 λάζοιντα,
593 4483 669 4553 μὴ
704 4452 1221 4556 ὑποδεξάμενιονιὶτὴν
1255 4452 1498 4560 ἐργασίαν
1546 4452 1906 4563 τῆςᾶἆριτῖξ

2090 4452 2176 4461 ....-
2198 4452 2252 4461 υ-
2280 4452 2567 4473 ν---..-..η.,
2594 4452 2871 4461 ww"-..
2902 4452 3140 4461 -....--v._
3172 4452 3237 4461 ..ν
3280 4452 3593 4473 ...-....-..._,
3632 4452 3686 4459 _.

2094 4512 2183 4549 uaa
2213 4500 2413 4567 gratim
2472 4495 2696 4550 cultum
2753 4501 2930 4565 atque
2987 4494 3392 4566 operationem
3443 4493 3686 4548 minime

314 4567 452 4643 μηδὲ
482 4567 846 4644 πληρώσαντα
903 4571 1089 4627 ἑαυτὸν
1136 4576 1215 4643 τῷ
1268 4572 1492 4648 πλούτῳ
1549 4580 1657 4629 τῶν
1713 4578 1910 4652 ἀρετῶν

2089 4584 2397 4654 usceperit,
2428 4600 2539 4638 nec
2568 4600 2631 4638 se
2667 4584 2857 4654 ipsam
2885 4584 3171 4639 virtutum
3221 4583 3434 4654 Opibus
3481 4598 3685 4636 cumu-

307 4657 444 4716 Τότε
475 4660 584 4733 (71)
616 4657 900 4734 πορεύεται
929 4661 1018 4715 καὶ
1064 4656 1329 4734 λαμϐάνει
1379 4664 1497 4735 μεθ’
1547 4664 1737 4720 ἑαυτοῦ
1783 4663 1902 4744 ἔτερ

2087 4673 2204 4727 irit.
2237 4674 2396 4728 Tunc
2422 4673 2593 4741 vadit,
2627 4678 2686 4728 et
2713 4673 2964 4728 assumit
3020 4689 3221 4727 secum
3265 4677 3489 4742 septem
3537 4670 3683 4725 alios

307 4745 440 4801 ἑπτὰ
480 4746 766 4820 Πνεύματα
816 4748 1159 4826 πονηρότερα
1213 4751 1424 4806 ἑαυτοῦ·
1483 4751 1573 4806 καὶ
1631 4752 1903 4809 εἷσελθόντ

2094 4760 2291 4831 piritus
2320 4761 2639 4831 nequiores
2671 4778 2752 4829 se,
2788 4765 2846 4815 et
2872 4760 3174 4832 ingressus
3198 4758 3425 4821 habitat
3445 4756 3586 4811 illic.
3620 4757 3690 4810 Et

342 4924 491 5014 169i
514 4922 710 5014 Jacob-
744 4926 925 5014 Ερξει-
959 4931 1159 5014 1131.26":
1192 4926 1502 5014 ﬁmpjip
1526 4929 1589 4983 τὸ
1613 4933 1786 5014 σῶμα
1804 4933 2347 5014 χωρὶῃςμπνεόματος
2390 4936 2578 5014 νεκρόν
2612 4933 2791 5014 Δἔστιν,
2852 4935 2996 4990 οὕτω
3043 4934 3134 4989 καὶ
3181 4936 3216 5003 ἡ
3266 4932 3443 4996 πίστις
3501 4934 3681 5008 χωρὶς

303 4995 619 5077 τῶνῄἔργνων.
638 4995 805 5077 νεκριξ
830 4995 960 5077 ἐστι.
996 4995 1353 5077 Cf._(}r_e_gor.'
1380 4995 1509 5057 Nai.
1543 4995 1899 5076 orat.'40,"p.

1092 4995 1353 5077 _(_;r_e_gor.'
1380 4995 1509 5057 Nai.
1543 4995 1907 5076 orat.'40,"p.'
1935 5009 2057 5074 672,
2094 5011 2116 5060 ί
2147 4995 2253 5075 {et
2282 4995 2418 5062 mox
2447 4995 2569 5064 not.
2602 5010 2688 5062 68.

377 5068 487 5137 (67)
519 5068 698 5137 Epist.
735 5068 809 5123 ad
840 5068 963 5123 Gal.
994 5086 1044 5137 τ,
1080 5068 1266 5125 16-22.

373 5136 486 5275 (68)
516 5136 696 5208 Epist.
730 5139 805 5192 ad
838 5140 1007 5194 Hebr.
1031 5136 1117 5204 71v,
1154 5145 1175 5195 1
1207 5158 1219 5195 :
1253 5139 1515 5213 Θεμέλιον
1546 5138 1965 5217 καταϐαλλόμεν

396 5206 486 5275 69)
518 5209 805 5275 Respectu
834 5211 905 5265 ad
938 5216 1144 5265 notum
1175 5211 1370 5267 locum
1401 5215 1562 5268 Petrt
1592 5217 1636 5268 ll
1671 5216 1852 5275 Epist.
1884 5234 1942 5275 ιι.

1648 5138 2023 5217 αϐαλλόμενοι
2059 5146 2336 5217 μετανοίας
2366 5148 2470 5201 ἀπὸ
2499 5151 2701 5221 νεκρῶν
2733 5145 2924 5223 ἔργων’
2960 5153 3019 5202 et
3044 5165 3123 5213 Ix,
3159 5151 3243 5203 14.

1671 5216 1852 5275 Epist.
1884 5234 1942 5275 ιι.
1970 5221 2077 5273 22:
2140 5213 2464 5275 Συμϐέϐηκε
2511 5216 2569 5273 δὲ
2614 5218 2798 5275 αὐτοῖς
2840 5221 2901 5274 τὸ
2943 5225 3042 5275 τῆς
3089 5217 3243 5275 ἀληθ¹

396 5206 486 5277 69)
518 5206 805 5290 Respectu
834 5211 1144 5290 adpotum
1175 5206 1370 5290 locum
1401 5215 1562 5290 Petrt
1592 5217 1636 5290 l_l
1659 5206 1942 5290 Epistgrl,
1970 5221 1992 5271 ε

2140 5206 2464 5290 Συμϐέϐηκε
2511 5216 2569 5273 δὲ
2594 5206 2818 5280 ἀὐτοῖςΙ
2840 5221 2901 5274 τὸ
2931 5225 3042 5290 ,τῆς
3076 5206 3327 5290 ἀληθοῦς
3376 5218 3681 5290 Παροιμίας

327 5279 492 5365 ἔδεον,
525 5280 829 5365 χξιζῐζμγ.
852 5302 880 5330 ‹‹
912 5280 1065 5365 Ιξόων
1080 5279 1415 5365 ⁹ἐπιστρέψας
1447 5283 1625 5365 in:th
1659 5279 2085 5365 ἴδῖον-έξέραμαο
2123 5312 2150 5340 ι)
2180 5279 2293 5360 καὶ,
2320 5279 2484 5365 ιιξνὶξς
2534 5290 2867 5365 λουσαμένη,
2899 5289 2975 5350 εἷς
3000 5279 3266 5365 ’κύλισμα
3317 5279 3609 5365 βορϐόρου.
3646 5312 3674 5340 ››

348 5347 792 5436 seudO-Abdias'
813 5349 895 5436 in,
925 5356 990 5409 6:
1020 5374 1048 5402 ‹‹
1080 5347 1337 5436 Ιξιδεεείεέ
1357 5361 1443 5424 ut,
1471 5357 1519 5412 si
1550 5357 1675 5413 hinc
1704 5347 1927 5415 mulier

2074 5347 2293 5419 :uanum’
2318 5347 2604 5433 libidinis,
2637 5347 2752 5434 quo
2785 5347 2949 5435 prius
2964 5347 3100 5417 erat
3118 5347 3353 5430 fce'data,
3380 5347 3560 5418 fuerit
3579 5379 3670 5417 re-

301 5417 517 5488 voluta,
550 5436 670 5475 non
702 5417 944 5477 sanetur
967 5425 1226 5481 omnino.
1264 5448 1293 5479 ››

372 5489 486 5633 (το)
516 5491 650 5546 Luc.
685 5508 765 5559 ιι,
796 5494 884 5563 ει,
910 5495 1000 5552 25.

374 5562 455 5631 (71
509 5560 659 5620 Ibid.
688 5564 776 5619 26.

374 5560 480 5631 (71)
509 5560 659 5620 Ibid.
688 5564 776 5619 26.
