4042 6154
288 247 389 303 951

1813 253 2182 308 ΔΒΟΕΝΟΔ.

3588 252 3699 318 ῧ2

291 377 445 433 ﬁunt
459 375 780 433 novissima
805 375 1064 430 hominis
1095 375 1256 430 illius
1276 375 1479 446 pejora
1502 375 1820 447 prioribus.
1847 376 1936 431 Si-

2067 379 2293 429 ιατοικεῖ
2322 375 2449 430 ἐκεῖ³
2482 379 2573 431 καὶ
2627 376 2826 452 γίνεται
2879 377 2946 432 τὰ
3003 375 3205 452 ἔσχατα
3255 379 3349 430 τοῦ
3403 374 3695 451 ἀνθρώπου

297 465 538 537 quidem
562 465 892 536 baptismus
912 464 1178 534 priorum
1193 465 1433 534 quidem
1448 464 1717 518 omnium
1739 481 1942 535 pecca-

297 559 492 610 torum
516 554 882 625 syngraphas
914 569 1068 623 aqua
1094 553 1310 620 obruit,
1338 571 1403 608 ac
1425 571 1667 624 prorsus
1699 554 1857 609 delet
1886 558 1944 609 et

299 644 802 713 oblitterat,atque
826 643 887 696 in
911 649 1211 713 posterum
1235 643 1612 698 firmissimus
1635 644 1807 697 nobis
1823 661 1945 697 mu-

299 750 402 788 rus
449 737 537 787 est
575 748 642 786 ac
666 732 866 797 turris,
902 737 958 785 et
1005 732 1153 786 forte
1185 731 1369 786 telum
1401 732 1473 787 ad
1506 733 1777 803 praelium
1811 749 1944 786 cum

300 821 470 877 hoste
491 819 945 875 conserendum.
972 821 1096 874 Non
1134 826 1328 874 tamen
1352 821 1578 874 arbitrii
1611 821 1943 874 libertatem

301 911 476 974 tollit,
502 925 694 978 neque
721 914 965 980 peccata
991 926 1059 964 ea
1089 927 1218 978 quae
1252 916 1385 980 post
1415 910 1777 982 baptismum
1805 926 1948 964 con-

303 998 622 1053 trahuntur
644 996 914 1062 remittit,
935 1013 1044 1051 nec
1067 997 1385 1052 secundam
1413 997 1472 1051 in
1509 998 1797 1067 piscinam
1832 997 1945 1050 im-

300 1087 662 1144 mersionem
685 1085 1174 1140 continet.Unum
1199 1087 1356 1140 enim
1380 1086 1671 1157 baptisma
1699 1087 1944 1139 conﬁtc-

299 1192 435 1232 mur
460 1194 473 1242 ;
497 1192 562 1230 ac
587 1173 833 1244 proinde
857 1191 1087 1228 summa
1109 1174 1416 1246 diligentia
1438 1191 1640 1229 cavere
1664 1175 1948 1229 debemus

301 1280 378 1320 ne
402 1265 461 1319 in
482 1280 661 1319 novas
691 1263 894 1317 sordes
919 1263 1274 1332 incidamus,
1299 1281 1502 1318 verum
1529 1263 1760 1317 Domini
1778 1279 1950 1317 man-

307 1352 444 1408 data
462 1368 860 1423 capessamus.
888 1353 1030 1405 Nam
1059 1368 1192 1406 cum
1216 1353 1342 1423 ipse
1365 1352 1648 1423 apostolis
1671 1351 1944 1406 dixisset:

308 1443 392 1496 Ite
415 1446 474 1496 et
498 1441 702 1498 docete
729 1455 935 1494 omnes
957 1445 1183 1512 gentes,
1201 1440 1564 1510 baptizantes
1588 1456 1686 1492 eos
1731 1439 1792 1492 in
1843 1457 1947 1494 no-

310 1529 472 1582 mine
492 1526 706 1594 Patris,
741 1531 797 1580 et
827 1527 980 1592 Filii,
1014 1532 1071 1580 et
1119 1527 1368 1598 Spiritus
1419 1527 1629 1593 sancti,
1685 1543 1806 1581 non
1854 1526 1948 1580 hic

309 1616 593 1683 constitit,
625 1631 828 1670 verum
858 1615 1093 1687 adjecit.
1128 1617 1413 1672 Docentes
1441 1632 1541 1670 eos
1572 1632 1801 1670 servare
1824 1632 1950 1670 om-

310 1705 412 1760 nia
442 1720 810 1776 quaecunque
843 1704 1095 1776 praecepi
1126 1704 1287 1760 vobis
1321 1704 1512 1776 (Marc.
1544 1708 1680 1772 xw).

323 1983 328 1986 ’
380 1974 672 2030 Mandavit
687 1990 862 2045 porro
881 1977 946 2028 ut
965 1973 1172 2045 spiritu
1194 1989 1484 2044 pauperes
1516 1973 1701 2028 simus
1734 1974 1949 2045 (Matth.

313 2065 365 2132 ν)
397 2063 563 2132 (tales
598 2062 756 2117 enim
776 2062 995 2127 beatos,
1024 2061 1365 2130 caelestique
1389 2078 1570 2133 regno
1594 2062 1802 2133 dignos
1827 2079 1953 2116 esse

315 2151 700 2222 pronuntiat).
735 2149 957 2204 Deinde
989 2156 1053 2203 ut
1083 2151 1143 2203 in
1175 2151 1452 2220 praesenti
1487 2168 1606 2203 ωνο
1649 2150 1956 2222 lugeamus

317 2245 540 2305 monet,
573 2256 688 2310 quo
719 2238 990 2292 videlicet
1012 2239 1072 2292 in
1089 2239 1286 2293 futuro
1311 2239 1712 2293 consolatione
1737 2239 1955 2292 afficiam

321 2345 471 2384 mur.
508 2330 634 2382 Mox
647 2333 712 2380 ut
733 2328 905 2381 mites
923 2327 1128 2388 simus.
1153 2344 1219 2382 ac
1237 2326 1653 2398 justitiaafame
1679 2333 1736 2381 et
1756 2328 1850 2381 siti
1875 2333 1955 2381 te-

322 2433 588 2474 neamur.
609 2419 753 2472 Tum
777 2423 841 2470 ut
867 2417 1282 2471 misericordes
1311 2423 1367 2471 et
1385 2417 1862 2487 liberales,atque
1886 2415 1959 2470 ad

320 2507 890 2563 commiserationem
903 2505 1790 2577 prOpensissimus.Cordisitem
1806 2505 1963 2575 puri-

328 2602 442 2652 tate
461 2597 895 2669 prwditi,atque
919 2597 988 2650 ab
1016 2596 1174 2650 omni
1201 2595 1653 2666 inquinamento
1683 2596 1878 2650 carnis
1905 2600 1964 2649 et

326 2687 568 2759 spiritus
601 2685 986 2740 abstinentes.
1017 2685 1255 2738 Paciﬁci
1275 2684 1450 2739 etiam
1478 2690 1600 2738 tum
1625 2701 1759 2758 erga
1789 2684 1960 2750 alios,

329 2782 450 2831 tum
474 2774 584 2846 ipsi
602 2791 737 2829 cum
766 2772 979 2828 animis
1003 2773 1254 2836 nostris;
1281 2773 1561 2826 nimirum
1583 2772 1640 2826 id
1672 2772 1828 2843 quod
1859 2772 1960 2826 de-

324 2865 505 2919 terius
520 2862 1019 2935 estpraastantiori
1033 2862 1618 2932 subjicientes,atque
1633 2861 1965 2917 intestinum

321 2971 389 3008 ac
416 2957 764 3024 perpetuum
793 2951 1014 3005 bellum
1039 2956 1195 3005 recto
1221 2950 1446 3021 judicio
1479 2951 1958 3021 comprimentes.

2053 461 2254 517 ἐκείνου
2286 463 2510 540 χείρονα
2540 470 2644 518 τῶν
2677 465 2932 540 πρώτων.
2992 467 3064 521 Τὸ
3108 465 3210 540 γὰρ
3264 463 3543 539 βάπτισμα
3587 467 3697 517 τῶν

2053 553 2147 624 μὲν
2190 556 2707 628 προημαρτημένων
2763 557 2979 610 πάντων
3039 556 3106 609 τὰ
3163 553 3501 630 χειρόγραιρα
3559 555 3696 626 (72),

2048 649 2128 715 τῷ
2159 643 2310 698 ὕδατι
2364 645 2644 715 ἐνθάπτον,
2704 647 2956 702 παντελεῖ
3014 649 3112 702 89
3171 647 3463 717 ἀφανισμῷ
3518 665 3696 719 παρα-

2053 732 2262 804 δίδωσι,
2297 739 2430 808 (73),
2464 738 2550 791 καὶ
2586 737 2661 798 εἷς
2691 738 2750 791 τὸ
2784 738 2907 810 ἑξῆς
2967 742 3153 811 τεῖχος
3210 737 3347 807 ἡμῖν
3401 733 3540 788 ἐστιν
3601 735 3700 788 ἀσ-

2052 825 2358 900 φαλὶςβᾋ)
2388 826 2478 879 καὶ
2541 827 2873 902 προπύργων
2925 825 3014 881 καὶ
3073 824 3243 880 ὅπλον
3302 824 3557 900 κραταιὸν
3619 823 3697 886 εῗς

2050 915 2148 982 τὴν
2180 918 2275 968 τοῦ
2329 915 2533 990 ἐχθροῦ
2590 918 2908 991 παράταξιν·
2971 915 3030 970 οὐ
3092 916 3200 987 μὴν
3260 912 3316 968 δὶ
3372 914 3582 986 ἀναιρεῖ
3633 916 3698 967 τὸ

2055 1002 2414 1072 αὐτεξούσιον,
2447 1001 2569 1059 οὔτε
2596 1010 2703 1060 τῶν
2757 1006 2895 1076 μετά
2941 1005 3004 1058 τὸ
3061 1005 3340 1076 βάπτισμα
3389 1004 3698 1074 ἁμαρτανο-

2057 1091 2230 1163 μένων
2265 1089 2380 1166 ἔχει
2410 1093 2784 1168 συγχώρησιν,
2828 1091 2952 1146 οὔτε
3003 1088 3252 1166 δευτέρας
3301 1085 3698 1164 κολυμϐήθρας

2053 1178 2362 1237 κατάδυσιν.
2396 1182 2492 1236 Ἕν
2519 1183 2617 1254 γάρ
2661 1181 3044 1256 ὁμολογοῦμεν
3101 1181 3378 1254 βάπτισμα
3427 1183 3560 1251 (ῒ5)·
3609 1178 3700 1232 καὶ

2057 1271 2168 1344 χρὴ
2201 1270 2346 1342 πάσῃ
2382 1269 2598 1342 φυλακῇ
2629 1276 2814 1343 τηρεῖν
2849 1269 3094 1335 ἑαυτοὺς,
3159 1270 3234 1341 μὴ
3287 1267 3558 1340 δευτέροις
3602 1265 3700 1338 ἐμ-

2056 1362 2235 1410 πεσεῖν
2300 1355 2634 1428 μολυσμοῖς,
2685 1355 2830 1412 ἀλλὰ
2887 1361 2994 1410 τῶν
3056 1355 3290 1410 ἐντολῶν
3351 1348 3703 1416 ἐπιλαϐέσθαι

2054 1451 2155 1502 τοῦ
2212 1446 2436 1521 Κυρίου.
2497 1447 2683 1509 Εἰπὼν
2743 1447 2846 1521 γὰρ
2908 1447 3042 1520 πρὸς
3097 1443 3225 1506 τοὺς
3311 1443 3702 1511 Ἀποστόλους,

2059 1536 2416 1610 Πορευθέντες
2491 1539 2602 1611 (76)
2683 1537 3052 1610 μαθητεύσατε
3144 1536 3320 1590 πάντα
3399 1534 3466 1588 τὰ
3550 1528 3702 1603 ἔθνη,

2063 1626 2412 1700 βαπτίζοντες
2466 1625 2660 1688 αὐτοὺς
2713 1627 2789 1688 εἰς
2847 1625 2908 1681 τό
2967 1622 3140 1698 ὄνομα
3189 1629 3290 1679 τοῦ
3349 1625 3557 1698 Πατρὸς
3611 1625 3701 1677 καὶ

1978 1726 2026 1790 Β
2053 1719 2149 1769 τοῦ
2180 1716 2307 1769 Υῖοῦ
2339 1715 2427 1769 καὶ
2456 1720 2553 1770 τοῦ
2585 1715 2737 1790 ἂγίου
2793 1714 3127 1786 Πνεύματος,
3178 1713 3239 1768 οὐ
3296 1715 3464 1787 μέχρι
3504 1711 3706 1766 τούτου

2059 1798 2206 1874 ἕστηο
2271 1802 2418 1858 ἀλλᾶ
2476 1805 2790 1880 προσέθετο,
2846 1800 3202 1866 Διδάσκοντες
3259 1801 3455 1862 αὐτοὺς
3515 1805 3706 1875 τηρεῖν

2058 1891 2230 1947 πάντα
2261 1891 2359 1946 ὅσα
2389 1890 2740 1965 ἐνετειλάμην
2777 1893 2926 1964 ὑμῖν.

2128 1980 2468 2038 Ἐνετείλατο
2503 1979 2560 2036 δὲ
2613 1983 2873 2057 πτωχοὺς
2935 1982 3028 2054 μὶν
3087 1981 3218 2036 εἶναι
3279 1984 3357 2050 τῶ
3411 1977 3706 2050 πνεύματι,

2063 2069 2153 2132 οὕς
2217 2071 2497 2143 μακαρίζει
2566 2071 2653 2124 καὶ
2729 2077 2828 2137 τῆς
2917 2068 3196 2142 βασιλείας
3274 2072 3382 2122 τῶν
3464 2067 3708 2140 οὐρανῶν

2065 2157 2243 2228 ἀξίους
2303 2155 2573 2210 ἀποκαλεῖ
2603 2160 2739 2230 (77).
2774 2157 2902 2212 Εἶτα
2959 2159 3169 2211 πενθεῖν
3232 2156 3282 2209 έν
3341 2161 3422 2228 τῷ
3476 2155 3708 2227 παρόντι

2065 2244 2370 2299 ὑποτίθεται
2433 2245 2555 2320 βίῳ,
2603 2242 2696 2299 ’ἱνα
2754 2252 2851 2314 τῆς
2941 2243 3255 2317 μελλούσης
3313 2242 3711 2319 παρακλήσεως

2064 2334 2544 2406 ἀξιωθῶμενί78),
2603 2339 2791 2408 πραεῖς
2842 2355 2899 2388 τε
2952 2335 3080 2388 εἶναι
3141 2337 3247 2405 (79)
3304 2334 3391 2387 καὶ
3451 2331 3531 2386 ἀεὶ
3588 2352 3708 2384 πει-

2065 2427 2268 2482 νῶντας
2299 2424 2388 2475 καί
2422 2419 2692 2494 διψῶντας
2722 2423 2820 2490 τήν
2883 2420 3226 2491 δικαιοσύνην
3287 2423 3419 2493 (80),
3467 2419 3710 2490 ἐλεήμο-

2064 2511 2156 2572 νάς
2206 2532 2264 2564 τε
2320 2511 2409 2564 καὶ
2469 2510 2885 2584 εὐμεταδότους,
2944 2511 3290 2586 οῗκτίρμονας
3349 2511 3438 2564 καὶ
3493 2530 3714 2581 συμπα-

2069 2605 2178 2663 θεῖς
2239 2601 2374 2672 (81),
2435 2599 2704 2673 καθαροὺς
2761 2603 2865 2657 90
2921 2604 2990 2674 τῇ
3048 2597 3260 2675 καρδίᾳ,
3336 2598 3712 2672 ἀπεχομένους

2069 2689 2172 2742 ἀπὸ
2206 2687 2404 2748 παντὸς
2467 2687 2758 2760 μολυσμοῦ
2816 2690 3008 2763 σαρκὸς
3068 2689 3156 2742 καὶ
3221 2686 3522 2758 πνεύματος
3577 2687 3710 2756 (82),

2069 2775 2456 2851 εἰρηνοποιοὺς
2500 2775 2635 2850 πρός
2692 2797 2751 2830 τε
2795 2778 2924 2838 τοὺς
2979 2775 3216 2846 πλησίον
3273 2775 3359 2829 καὶ
3418 2773 3550 2848 πρὸς
3606 2774 3709 2840 τὴν

2070 2865 2269 2918 έαυτῶν
2303 2865 2510 2938 ψυχὴν,
2573 2864 2933 2933 ὑποτάξαντας
2978 2861 3231 2932 δηλονότι
3279 2863 3342 2916 τὸ
3393 2868 3582 2936 χεῖρον
3628 2864 3711 2931 τῷ

2067 2953 2334 3026 κρείττονι
2394 2951 2482 3006 καὶ
2535 2951 2626 3006 τὸν
2690 2951 2884 3025 μεταξὺ
2946 2952 3118 3006 αὐτῶν
3175 2949 3396 3022 διηνεκῆ
3463 2947 3708 3022 πόλεμον

319 3045 725 3108 P0stremo,ut
748 3057 985 3095 omnem
1009 3040 1485 3111 persecutionem
1507 3039 1955 3095 etafﬂictionem

2074 3042 2209 3118 ὀρθῇ
2268 3041 2438 3116 κρίσει
2497 3041 3014 3116 εἶρηνοποιήσαντας
3099 3043 3233 3113 (83),
3312 3039 3598 3111 ὑπομένειν
3652 3056 3712 3091 τε

322 3137 382 3188 et
414 3131 954 3202 probrumjustitiaa
978 3145 1156 3184 causa
1179 3145 1282 3198 pro
1314 3129 1500 3199 ipsius
1522 3129 1764 3183 nomine
1789 3129 1960 3183 nobis

323 3223 554 3278 illatum
587 3222 1128 3289 sustineamus,quo
1152 3220 1580 3288 sempiternum
1601 3220 1880 3291 gaudium
1902 3221 1963 3274 in

324 3311 610 3382 praeclara
628 3309 732 3363 illa
753 3309 1044 3363 donorum
1067 3306 1482 3362 distributione
1505 3324 1960 3379 consequamur.

328 3400 481 3465 Quin
496 3399 672 3453 etiam
687 3413 820 3451 cum
835 3396 1025 3450 adhuc
1040 3397 1099 3450 in
1115 3395 1335 3450 mundo
1358 3397 1786 3464 versaretur,ad
1809 3399 1964 3452 hunc

331 3485 571 3546 modum
599 3502 737 3539 suos
758 3482 1138 3538 hortabatur:
1173 3484 1386 3537 Luceat
1422 3482 1523 3536 lux
1543 3490 1735 3538 vestra
1765 3501 1962 3539 eoram

331 3574 692 3642 hominibus,
728 3578 794 3627 ut
839 3572 1075 3626 videant
1121 3587 1302 3641 opera
1330 3576 1521 3624 vestra
1548 3570 1722 3634 bona,
1757 3579 1814 3625 et
1843 3573 1964 3644 glo-

331 3663 564 3719 riﬁcent
588 3664 821 3717 Patrem
847 3665 1106 3714 vestrum
1138 3659 1236 3730 qui
1269 3658 1330 3711 in
1349 3657 1510 3712 cmlis
1534 3663 1622 3713 est
1646 3660 1860 3728 (Matth.
1891 3661 1961 3730 v).

359 3842 589 3896 Etenim
607 3840 819 3911 Moysis
831 3837 1072 3909 quidem
1087 3838 1180 3891 lex
1193 3837 1522 3907 antiquitus
1535 3837 1816 3892 lsraelitis
1831 3837 1967 3893 data

325 3930 577 3985 dicebat:
605 3931 729 3983 Non
743 3927 995 3990 occides,
1022 3929 1145 3980 Non
1160 3925 1568 3988 mmchaberis,
1600 3929 1721 3981 Non
1745 3927 1963 3981 furtum

324 4019 526 4085 facies,
551 4019 673 4072 Non
699 4016 914 4070 falsum
946 4014 1351 4069 testimonium
1374 4014 1554 4068 dices.
1582 4015 1846 4068 Christus
1869 4032 1964 4070 au-

329 4113 444 4162 tem
465 4107 581 4162 ait:
608 4105 811 4159 Omnis
833 4103 932 4174 qui
966 4103 1240 4157 irascitur
1276 4102 1434 4155 rruIi-i
1471 4119 1575 4156 suo
1609 4103 1733 4156 sine
1767 4120 1964 4172 causa,

328 4210 463 4249 reus
487 4191 864 4263 eritjudicio.
881 4191 986 4254 Qui
1009 4194 1209 4246 autem
1228 4190 1674 4256 dixerit,Fatue:
1700 4206 1835 4244 reus
1858 4192 1968 4245 crit

2072 3130 2245 3186 πάντα
2305 3128 2545 3205 διωγμὸν
2603 3129 2693 3183 καὶ
2753 3135 2924 3183 πᾶσαν
2981 3127 3168 3200 θλίψιν
3220 3127 3308 3182 καὶ
3376 3125 3710 3198 ὀνειδισμὸν,

2073 3216 2245 3274 ἕνεκεν
2281 3216 2620 3287 δικαιοσύνης
2684 3217 2816 3292 ὑπὲρ
2874 3221 2971 3272 τοῦ
3029 3217 3294 3288 ὀνόματος
3352 3216 3517 3269 αὐτοῦ
3573 3216 3709 3284 ἡμῖν

2073 3307 2552 3382 ἐπα-(ὀμειον,ἳνα
2581 3312 2680 3374 τῆς
2727 3305 2952 3360 αῗωνίου
3013 3311 3188 3380 χαρᾶς
3249 3305 3300 3358 ἐν
3357 3307 3425 3376 τῇ
3485 3301 3715 3374 λαμπρᾷ

2070 3400 2177 3450 τῶν
2209 3393 2399 3469 δώρων
2434 3392 2673 3468 διανομῇ
2715 3394 3027 3466 ἀξιωθῶμεν
3090 3396 3222 3467 (84).
3279 3389 3456 3449 Ἀλλὰ
3510 3390 3596 3444 καὶ
3657 3387 3712 3443 ἐν

2073 3489 2149 3556 τῷ
2205 3483 2397 3555 κόσμῳ
2457 3482 2630 3544 οὕτως
2683 3482 3105 3558 παρακελεύεται
3183 3481 3417 3553 λάμπειν
3479 3481 3539 3533 τὸ
3595 3483 3715 3553 φῶς

2073 3575 2234 3646 ἡμῶν
2275 3570 2548 3644 ἔμπροσθν
2606 3575 2714 3626 τῶν
2778 3572 3102 3646 ἀνθρώπων,
3161 3569 3312 3630 ὅπως
3526 3564 3713 3634 ἴδωσι,

2075 3661 2208 3738 φησὶ
2237 3661 2304 3714 τά
2333 3659 2475 3714 καλᾶ
2506 3657 2638 3734 ἔργα
2684 3659 2860 3732 ὑμῶν,
2901 3657 2989 3712 καὶ
3039 3655 3305 3728 δοξάσωσι
3353 3657 3443 3710 τὸν
3504 3655 3716 3728 Πατέρα

2079 3750 2230 3821 ὑμῶν
2261 3748 2353 3801 τὸν
2387 3747 2435 3801 ἐν
2467 3752 2581 3808 τοῖς
2612 3746 2880 3822 οὐρανοῖς.

2143 3840 2200 3895 Ὀ
2235 3838 2328 3912 μὶν
2360 3838 2458 3912 γάρ
2507 3841 2608 3891 τοῦ
2665 3838 2905 3898 Μωσέως
2961 3837 3158 3907 νόμος,
3216 3836 3243 3889 ὁ
3301 3834 3474 3889 πάλαι
3535 3830 3713 3892 δοθεὶς

2073 3931 2190 3988 τοῖς
2221 3924 2610 4000 Ἰσραηλίταις,
2642 3925 2720 3981 Οὐ
2752 3924 3048 3998 φονεύσεις,
3111 3923 3282 3996 λέγει,
3340 3921 3418 3980 Οὐ
3481 3919 3714 3994 μοιχεύ-

2077 4035 2209 4084 σεις,
2269 4015 2347 4071 Οὐ
2406 4013 2647 4086 κλέψεις,
2710 4014 2784 4066 Οὐ
2843 4007 3548 4086 ψευδομαρτυρήσεις”ὁδὲ
3585 4010 3717 4082 Χρι-

2077 4105 2199 4164 στός
2229 4124 2415 4178 φησιν,
2446 4103 2527 4156 δτι
2581 4104 2689 4162 Πᾶς
2745 4103 2856 4173 (86)
2889 4102 2915 4156 ὁ
2950 4101 3302 4175 ὀργιζόμενος
3360 4104 3440 4170 τῷ
3497 4095 3719 4172 ἀδελφῷ

2080 4191 2245 4245 αὐτοῦ
2280 4190 2424 4260 εἰκῆ,
2455 4187 2650 4263 ἔνοχος
2681 4186 2918 4260 ἔσταιτῇ
2976 4187 3171 4263 κρίσει.
3223 4190 3316 4250 "Oc
3360 4184 3405 4240 δ’
3455 4185 3514 4240 ἄν
3566 4183 3718 4257 εἷ’πῃ,

400 4301 508 4368 (72)
539 4296 721 4367 Epist.
751 4297 824 4369 ad
855 4297 1073 4352 Coloss.
1110 4314 1168 4359 Il,
1205 4299 1302 4351 142
1337 4291 1656 4369 Ἐξαλείψας
1683 4293 1743 4348 τὸ
1773 4296 1892 4369 καθ’
1925 4297 1954 4363 ἦ

2067 4318 2079 4350 ι
2116 4295 2500 4369 χειρόγραφον.

339 4442 351 4454 ν
399 4359 850 4460 (73)Ὀὶ-θςοι“ἱιιε
908 4369 1035 4422 Naz.
1095 4374 1240 4423 orat.
1302 4359 1507 4438 40,'p.
1566 4359 1712 4420 638:
1772 4359 1955 4420 Βάπτιὲ

2117 4359 2174 4420 δέ
2212 4359 2567 4438 ’(καλοῦμεν),
2619 4365 2693 4425 ὡς
2781 4363 3222 4436 συνθαπτομένης
3277 4366 3354 4434 τῷ
3413 4359 3562 4416 ὕδατι
3617 4366 3718 4428 τῆς

327 4459 614 4514 αμαρτιας.

397 4500 506 4582 (Ἧι)
541 4511 849 4581 Gregorius
881 4509 1021 4564 ibid.
1057 4509 1417 4582 baptismum
1452 4523 1580 4582 esse
1611 4500 1941 4582 ειη-ἔρεισμα

2067 4527 2228 4582 "rem.

396 4580 509 4656 (75)
540 4580 737 4652 Cyrill.
770 4582 1002 4638 Catech.
1037 4580 1205 4634 Praef.
1256 4597 1313 4649 p.
1375 4581 1446 4631 4:

325 4657 550 4728 Ephes.
572 4670 643 4728 iv,
671 4656 722 4728 5.

395 4730 487 4796 (76
540 4727 740 4780 Matth.
774 4740 970 4791 xxvnt,
1008 4722 1091 4787 19,
1123 4721 1212 4773 20.

399 4729 510 4869 (⁸17)
540 4798 739 4869 Matth.
774 4811 828 4869 γ,
863 4798 892 4845 3
920 4812 932 4849 :
960 4790 1212 4869 _Maxé9to

1506 4579 1600 4637 Εἷς
1655 4573 1758 4650 γὰρ
1819 4573 1955 4649 Κύρι

2079 4577 2169 4632 καὶ
2233 4577 2328 4650 μία
2385 4577 2586 4644 πίστις,
2643 4575 2732 4631 καὶ
2788 4573 2842 4632 ἓν
2915 4577 3214 4651 βάπτισμα*
3277 4592 3345 4631 ex
3402 4575 3586 4646 Epist.
3640 4575 3718 4629 ad

540 4798 739 4852 Matth.
774 4811 828 4861 v,
863 4798 892 4845 3
920 4812 932 4849 :
959 4784 1242 4863 Μακάριοι
1273 4789 1324 4841 οἱ
1355 4786 1570 4863 πτωχοὶ
1606 4785 1931 4863 ρπνεύματι,

2067 4832 2070 4841 ,
2125 4789 2299 4844 αὐτῶν
2352 4787 2551 4858 ἐστινὴ
2616 4784 2865 4863 βασιλεία
2918 4790 3025 4840 τῶν
3081 4787 3349 4862 οὐρανῶν.
3382 4819 3446 4829 -
3480 4788 3720 4842 Lemma

330 4852 642 4946 metricum
676 4867 737 4946 i_n
770 4852 1019 4946 A':_Toi3c-;
1056 4852 1888 4946 μακαρισμοὺςΛήκριόωμένους,
1909 4852 2037 4946 θρα.

399 4943 510 5015 (78,
777 4953 832 5003 ν,
967 4929 1239 5015 Ιξίακκριοι
1271 4929 1324 5015 oi:
1345 4929 1680 5015 πενθο“ὗντες,
1715 4929 1795 5015 δτι
1831 4929 1983 5015 αὐτοὶ
2016 4930 2557 5015 παρακληθήσονται.

399 5000 509 5081 (79)
545 5009 743 5081 Matth.
778 5000 828 5073 ν,
863 5010 894 5081 5_
925 5022 936 5059 :
972 5000 1246 5081 Max-(ipim
1279 5003 1330 5081 ο)
1360 5007 1568 5081 πραεῖς,
1603 5000 1686 5054 ὅτι
1718 5001 1872 5081 atii-Eoi
1899 5000 2392 5081 κληρονομήσουσι
2422 5003 2518 5081 τὴν
2552 5007 2678 5081 γῆν.

400 5069 511 5152 (80)
545 5079 747 5132 Matth.
783 5069 834 5141 γ’,
872 5079 902 5129 6
933 5069 1248 5152 ε-Μακάριοι
1281 5074 1331 5152 οἱ
1360 5069 1649 5152 πεινῶντες
1668 5074 1756 5152 καὶ
1792 5069 2057 5152 διψῶντες
2085 5069 2183 5140 τὴν
2216 5069 2586 5144 δικαιοσύνην,
2619 5071 2701 5126 δτι
2725 5069 2878 5124 αὐτοὶ
2910 5071 3400 5144 χορτασθήσονται.

402 5142 510 5216 (81)
545 5149 742 5202 Matth.
772 5163 826 5211 γ,
861 5151 924 5200 7:
963 5143 1235 5218 Μακάριοι
1266 5145 1316 5218 oi
1357 5142 1676 5218 ἐλεήμονες,
1710 5145 1789 5196 ὅτι
1820 5142 1976 5218 αὐτοὶ
2008 5143 2419 5218 ἐλεηθήσονται.

401 5206 509 5290 (82)
543 5219 744 5274 Matth.
777 5206 832 5283 vv,
860 5218 928 5270 8:
962 5206 1232 5290 Μακάριοι
1267 5216 1318 5290 οῖ
1348 5206 1572 5290 καθαροὶ
1604 5206 2019 5290 τῇικαρδίᾳ-δτι
2051 5206 2206 5290 αὐτοί
2229 5216 2321 5290 τὸν
2352 5214 2478 5290 Θεὸν
2513 5206 2759 5290 ὄψονται,

401 5281 512 5363 (83)
545 5291 741 5363 Matth.
777 5281 829 5355 ν,
861 5292 892 5342 9
919 5305 931 5341 :
966 5281 1232 5362 Μακάριοι
1267 5287 1318 5363 οἱ
1358 5281 1719 5363 εἴρηνοπριοί,
1749 5281 1838 5363 ὅτι.
1870 5281 2026 5363 αὐτοὶ
2057 5287 2166 5340 υἱοὶ
2195 5289 2327 5363 θεοῦ
2355 5281 2746 5363 κληθήσονται.

403 5350 513 5435 (84)
549 5361 746 5417 Matth.
775 5350 828 5435 _v.
867 5363 952 5435 i0,
989 5365 1045 5435 lt
1077 5350 1426 5435 :_'Muxd9toi_
1468 5350 1528 5411 ὀἳ
1580 5350 1950 5435 δεδιωγμένοι⁸
1980 5353 2155 5435 ἕνεκεν
2220 5350 2592 5435 δικαιοσύνης,
2641 5355 2724 5410 ὅτι
2779 5354 2952 5408 αὐτῶν
3012 5352 3151 5408 ἔστιν
3207 5355 3242 5422 ἠ
3308 5350 3558 5427 βασιλεία
3613 5355 3720 5405 τῶν

334 5424 600 5509 οὐρανῶν,
633 5431 902 5509 Μακάριοι
934 5429 1081 5509 ἐστὲ,
1103 5430 1227 5509 ὅταν
1265 5424 1594 5509 ὀνειδίσωσιν
1633 5424 1891 5509 ὑμᾶςκαὶ
1921 5424 2158 5509 διώξουσι
2189 5471 2224 5487 ..

2258 5423 2430 5498 ἕνεκεν
2462 5426 2615 5498 ἐμοῦ.

407 5493 516 5576 (85)
549 5504 744 5577 Matth.
780 5493 835 5571 ἦ,
871 5505 973 5557 16:
1005 5493 1162 5577 ()va
1194 5501 1464 5575 λαμψάτω
1493 5499 1555 5554 τὸ
1588 5493 1701 5577 φῶς
1734 5497 1887 5570 ὐμῶν
1919 5493 2219 5575 ἔμπροσθεν
2250 5499 2356 5554 τῶν
2383 5493 2701 5572 ἀνθρώπων,
2734 5495 2948 5557 ὅπως...

405 5580 513 5650 (86)
545 5576 743 5633 Matth.
771 5591 825 5641 ν,
859 5577 948 5644 22,
982 5576 1072 5634 23.
