4042 6154
358 283 466 344 953

1525 297 1698 352 VI'I'A
1732 295 2086 352 BARLAAM
2121 294 2216 348 ΒΤ
2247 293 2586 349 JOASAPH.

3643 291 3751 347 954

435 411 619 484 Μωρὲ,
652 411 846 489 ἔνοχος
872 407 1020 470 ἕσται
1048 413 1125 478 εἷς
1144 417 1243 485 τὴν
1274 418 1487 491 γέενναν
1517 421 1614 472 τοῦ
1662 433 1856 487 πυροςο
1905 414 1993 470 καὶ

2109 415 2396 487 gehennae
2413 415 2588 486 ignis.
2615 417 2695 470 Ac
2718 430 2951 470 rursum
2969 413 3045 468 :Si
3070 414 3244 469 offers
3261 429 3477 470 munus
3494 418 3659 470 tuum
3673 417 3747 472 ad

363 493 472 569 ὅτι,
508 502 620 555 Ἐὰν
653 524 961 580 προσφερῃς
1004 505 1066 560 τὸ
1126 503 1302 580 δῶρόν
1359 528 1454 561 σου
1487 507 1574 562 ἐπὶ
1605 507 1668 561 τὸ
1699 507 1997 574 θυσιαστή-

363 607 505 662 ριον,
537 590 690 644 κάκεῖ
724 595 965 666 μνησθῇς
1020 593 1101 648 δτι
1138 595 1166 648 ὁ
1195 592 1428 671 ἀδελφός
1478 616 1572 650 σου
1616 594 1733 669 ἔχει
1783 615 1834 647 τι
1865 593 2002 646 κατὰ

361 680 483 742 σοῦ,
515 673 641 753 ius:
675 676 781 734 έκιῖ
823 680 884 734 τὸ
944 677 1116 754 δῶρόν
1177 703 1272 737 σου
1330 681 1416 736 ἐπὶ
1473 683 1537 737 τὸ
1593 682 1998 754 θυσιαστήριον,

357 763 448 818 καὶ
482 763 732 829 ἀπελθὼν
759 773 974 840 πρῶτον
1005 766 1333 844 διαλλάγηθι
1375 775 1455 842 τῷ
1499 768 1719 844 ἀδελφῷ
1768 789 1862 822 σου
1911 768 1998 822 καὶ

357 852 440 908 ὅτι
493 855 606 915 llic
655 857 764 927 (87)
795 857 820 910 ὁ
850 852 1140 928 ἐμϐλέπων
1193 865 1422 933 γυναῖκα
1465 862 1558 915 91
1614 861 1748 932 πρὸς
1787 858 1849 912 τὸ
1880 854 1999 908 ἐπι-

361 947 624 1012 θυμῆσαι,
655 939 762 1012 ἤδη
815 943 1133 1020 ἐμοίχευσεν
1165 947 1333 1014 αὐτὴν
1365 945 1419 1001 έν
1471 951 1540 1020 τῇ
1589 944 1784 1020 καρδίᾳ
1814 943 1996 998 αὐτοῦ’

354 1029 447 1085 τὸν
485 1032 774 1102 μολυσμὸν
804 1039 902 1101 τῆς
935 1037 1120 1108 ψυχῆς
1147 1035 1233 1089 καὶ
1266 1037 1365 1103 τήν
1395 1039 1492 1090 τοῦ
1549 1034 1754 1098 πάθους
1787 1053 1995 1108 συγκα-

352 1119 568 1172 τάθεσιν
607 1118 860 1193 μοιχείαν
893 1121 1145 1183 καλέσας.
1195 1121 1372 1177 Ἀλλά
1416 1122 1506 1176 καὶ
1552 1126 1650 1177 τοῦ
1700 1122 1872 1194 νόμου
1900 1121 1999 1188 τὴν

355 1205 632 1278 έπιορκίαν
684 1207 1016 1276 κωλύοντος,
1067 1211 1095 1264 ὁ
1124 1212 1353 1285 Χριστὸς
1400 1208 1527 1266 οὐδὲ
1565 1210 1713 1274 ὅλως
1754 1209 1999 1282 ὀμνύειν,

352 1296 499 1362 πλὴν
532 1298 628 1347 τοῦ
655 1295 755 1348 Ναί
783 1297 872 1349 καὶ
905 1300 1000 1350 τοῦ
1024 1295 1123 1368 Οὔ,
1156 1296 1456 1352 ἐνετείλατο
1498 1301 1634 1370 (88).
1681 1295 1999 1374 Ὀφθαλμὸν

349 1381 464 1437 ἀντὶ
514 1383 802 1459 ὀφθαλμοῦ
849 1384 937 1437 καὶ
998 1383 1189 1440 ὀδόντα
1237 1385 1356 1440 ἀντὶ
1415 1384 1644 1449 ὀδόντος
1698 1385 1810 1440 ἐκεῖ
1867 1386 1997 1455 (89)·

349 1469 575 1524 ένταῦθα
604 1468 675 1524 δέ.
729 1477 912 1533 Ὅστις
972 1493 1029 1526 σε
1087 1472 1302 1548 ῥαπίσει
1359 1473 1436 1535 εἷς
1483 1476 1583 1542 τῆν
1647 1471 1821 1542 δεξιὰν
1881 1492 1998 1525 σιαο

345 1557 498 1631 γόνα,
531 1560 756 1632 στρέψον
788 1560 957 1630 αὐτῷ,
1009 1562 1140 1630 φησὶ
1177 1567 1312 1631 (90),
1354 1561 1443 1616 καὶ
1493 1569 1596 1629 τήν
1651 1559 1850 1630 ἄλληνο
1909 1561 1998 1614 καὶ

346 1650 426 1717 τῷ
458 1645 672 1710 θέλοντί
705 1667 788 1701 σοι
819 1650 1070 1721 κριθῆναι
1116 1649 1326 1704 καὶτὸν
1388 1649 1599 1722 χιτῶνά
1656 1670 1750 1703 σου
1812 1643 1997 1702 λαϐεῖν

2107 503 2380 567 altare,et
2399 503 2519 556 illic
2535 503 2876 557 recordatus
2890 502 3072 555 fueris
3095 501 3250 570 quod
3281 502 3461 555 frater
3485 509 3617 557 tuus
3643 505 3749 558 ha-

2105 588 2206 643 bet
2226 590 2448 660 aliquid
2473 591 2781 645 adversum
2811 596 2885 654 te,
2903 590 3170 660 relinque
3196 590 3317 643 illic
3338 607 3555 645 munus
3586 598 3746 644 tuum

2108 682 2245 731 ante
2269 677 2476 744 altare,
2505 684 2563 733 et
2585 679 2724 733 vade
2747 680 2910 750 prius
2933 679 3303 733 reconciliari
3335 680 3499 732 fratri
3536 685 3653 733 tuo.
3681 681 3750 732 Et

2109 765 2447 836 quicunque
2481 767 2689 821 viderit
2724 767 3036 821 mulierem
3086 767 3157 820 ad
3209 767 3746 838 concupiscendum

2110 855 2386 922 eam,jam
2402 856 2726 909 nunchatus
2741 861 2829 909 est
2843 872 2968 909 eam
2994 855 3056 908 in
3078 855 3253 909 corde
3273 856 3747 925 suo(spurcitiem

2109 941 2391 995 nimirum
2407 944 2640 1001 animas.
2665 943 3009 997 aclibidinis
3033 960 3364 1007 assensum,
3393 944 3748 997 adulterium

2110 1030 2458 1096 v0cans).Ad
2471 1032 2760 1095 haac,cum
2775 1032 2867 1085 lex
2882 1032 3207 1102 perjurium
3233 1032 3560 1102 prohibeat,
3586 1032 3751 1084 Chri-

2115 1119 2456 1188 stusjurare
2479 1119 2722 1173 omnino
2745 1126 2918 1185 vetat,
2939 1136 3046 1174 nec
3078 1120 3402 1190 quidquam
3435 1119 3594 1174 aliud
3627 1137 3752 1188 per-

2112 1206 2310 1271 mittit,
2334 1224 2530 1276 quam,
2553 1210 2669 1272 Est,
2690 1215 2781 1262 est
2800 1225 2813 1272 ;
2835 1211 2980 1274 Non,
3005 1225 3143 1262 non.
3162 1209 3406 1262 Oculum
3427 1225 3531 1277 pro
3555 1207 3746 1270 oculo,

2113 1299 2170 1346 et
2190 1294 2427 1348 dentem
2454 1313 2559 1365 pro
2591 1295 2789 1358 dente,
2822 1296 2980 1361 illic;
3015 1297 3110 1350 hic
3141 1301 3338 1350 autem
3366 1296 3746 1363 :Quicunque

2110 1382 2533 1452 percusseritte
2549 1383 2608 1437 in
2621 1384 2920 1438 dexteram
2937 1384 3462 1453 maxillam,praebe
3478 1385 3528 1436 ei
3545 1389 3601 1435 et
3615 1383 3753 1436 alte-

2109 1473 2331 1525 ram.Et
2345 1473 2443 1541 qui
2460 1477 2651 1526 tecum
2667 1473 2816 1542 vultj
2829 1472 3021 1526 udicio
3035 1473 3478 1538 contendere,et
3492 1471 3747 1524 tunicam

2110 1565 2272 1614 tuam
2296 1560 2522 1625 tollere,
2552 1561 2779 1615 dimitte
2805 1562 2856 1616 ei
2882 1567 2939 1616 et
2968 1561 3311 1631 pallium.Et
3332 1559 3670 1630 quicunque.
3695 1565 3751 1612 te

2111 1648 2501 1718 angariaverit
2520 1649 2684 1703 mille
2713 1649 3089 1719 passus,vade
3103 1665 3236 1702 cum
3257 1649 3357 1702 illo
3373 1648 3749 1711 aliaduo.Qui

348 1731 478 1810 ἄφες
509 1735 659 1805 αὐτῷ
702 1734 790 1788 καὶ
847 1735 910 1788 τὸ
940 1733 1181 1807 ἱμάτιον·
1214 1737 1305 1789 καὶ
1363 1734 1513 1797 ὅστις
1571 1755 1629 1789 σε
1677 1733 1996 1808 ἀγγαρεύσει

2109 1736 2312 1806 petita
2334 1737 2492 1802 te,da
2513 1737 2665 1790 ei.Et
2684 1738 2976 1791 volentem
2991 1741 3096 1792 ate
3120 1737 3376 1791 mutuari
3400 1752 3472 1790 ne
3500 1740 3746 1789 avertas.

352 1821 544 1895 μίλιον
595 1820 678 1889 ἓν,
737 1821 904 1898 ὕπαγε
959 1824 1072 1894 μετ’
1131 1822 1300 1877 αὐτοῦ
1349 1821 1465 1876 δύου
1523 1827 1605 1894 τῷ
1656 1821 1894 1876 αἰτοῦντί
1942 1841 2001 1875 σε

349 1907 501 1966 δίδου
536 1954 551 1980 ,
607 1911 696 1964 καὶ
748 1911 840 1965 τὸν
898 1910 1127 1966 θέλοντα
1197 1909 1304 1965 ἀπό
1365 1915 1460 1966 σοῦ
1522 1909 1861 1973 δανείσασθαι
1920 1911 1998 1980 μὴ

344 1999 716 2074 ἆποστραφῆς·
753 2000 993 2067 ἀγαπᾶτε
1046 1998 1176 2060 τοὺς
1210 1998 1445 2074 ἐχθροὺς
1513 2000 1688 2071 ὑμῶν,
1723 1997 2000 2071 εὐλογεῖτε

333 2088 473 2149 τοὺς
506 2088 920 2159 καταρωμένους
975 2088 1140 2160 ὑμᾶς,
1188 2087 1372 2150 καλῶς
1427 2093 1616 2142 ποεῑτε
1652 2091 1770 2148 τοῖς
1807 2090 1994 2158 μισοῦο

345 2199 429 2232 σιν
489 2177 650 2247 ὑμᾶς,
681 2177 769 2229 καὶ
828 2175 1200 2251 προσεύχεσθε
1261 2176 1391 2250 ὑπὲρ
1446 2180 1551 2230 τῶν
1586 2175 1993 2249 ἐπηρεαζὸντων

348 2267 486 2338 ὑμᾶς
516 2264 604 2318 καὶ
659 2262 988 2332 διωκόντων,
1034 2264 1184 2325 ὅπως
1230 2264 1457 2338 γένησθε
1501 2263 1610 2317 υἱοὶ
1639 2267 1734 2318 τοῦ
1795 2264 1998 2335 Ιιατρὸς

351 2355 502 2426 ὑμῶν
524 2356 622 2407 τοῦ
652 2352 703 2406 έν
730 2357 848 2412 τοῖς
897 2354 1174 2424 οὐρανοῖς,
1225 2353 1306 2406 ὅτι
1337 2353 1430 2406 τὸν
1461 2351 1624 2420 ἥλιον
1645 2352 1810 2405 αὐτοῦ
1869 2352 1999 2404 ἀνα-

346 2443 532 2499 τέλλει
595 2441 680 2496 ἐπὶ
731 2441 1003 2513 πονηροὺς
1057 2441 1147 2496 καὶ
1207 2441 1465 2516 ἀγαθοὺς,
1521 2442 1610 2496 καὶ
1674 2441 1860 2516 βρέχει
1910 2439 1994 2494 ἐπὶ

350 2529 593 2592 δικαίους
643 2530 731 2584 καὶ
790 2527 1030 2591 ἀδίκους.
1091 2531 1179 2599 Μὴ
1206 2533 1317 2602 (91)
1373 2528 1595 2602 κρίνετε,
1626 2531 1714 2583 ἳνα
1770 2531 1846 2601 μὴ
1878 2549 1999 2602 κρι-

351 2620 500 2687 θῆτε*
555 2618 713 2694 ἄφετε
771 2621 902 2690 (92),
933 2617 1021 2671 καὶ
1054 2618 1378 2693 ἀφεθήσεται
1432 2616 1581 2687 ὑμῖν.
1641 2617 1728 2684 Μή
1786 2627 1996 2685 θησαυ-

351 2706 524 2780 ρίζετε
550 2709 671 2777 (93)
729 2707 856 2776 ὑμῖν
890 2704 1193 2779 θησαυροὺς
1249 2704 1336 2758 ὲπὶ
1391 2709 1490 2771 τῆς
1548 2710 1668 2776 γῆς,
1729 2701 1864 2757 ὅπου
1897 2702 1995 2769 σὴς

349 2795 439 2849 καὶ
478 2794 677 2868 βρῶσις
729 2795 973 2870 ἀφανίζει
1021 2793 1111 2847 καὶ
1169 2793 1308 2846 ὅπου
1361 2790 1588 2847 κλέπται
1648 2789 1992 2866 διορύσσουσι

350 2883 443 2937 καὶ
495 2882 810 2937 κλέπτουσι’
869 2881 1218 2956 θησαυρίζετε
1268 2879 1326 2936 δί
1384 2881 1510 2953 ὑμῖν
1583 2879 1883 2952 θησαυροὺς
1940 2879 1992 2935 ἐν

349 2969 566 3045 οὐρανῷ
597 3013 611 3038 ,
663 2969 801 3024 ὅπου
859 2966 983 3024 οὕτε
1039 2970 1137 3037 σὴς
1194 2966 1316 3023 οὔτε
1350 2969 1551 3044 βρῶσις
1603 2967 1844 3044 ἀφανίζει
1900 2969 1992 3022 καὶ

2109 1823 2374 1878 Audistis
2397 1824 2537 1894 quia
2558 1823 2778 1878 dictum
2802 1830 2891 1879 est
2914 1842 2926 1878 :
2962 1825 3177 1896 Diliges
3200 1825 3532 1895 proximum
3558 1829 3748 1887 tuum,

2113 1916 2172 1965 et
2201 1911 2331 1966 odio
2357 1912 2601 1966 habebis
2623 1913 2930 1967 inimicum
2949 1918 3134 1967 tuum.
3157 1915 3270 1984 Ego
3290 1917 3486 1966 autem
3511 1911 3638 1964 dico
3663 1927 3752 1963 vo-

2111 1999 2752 2070 bis:Diligiteinimicos
2778 2006 3020 2067 vestros,
3049 2001 3375 2054 benefacite
3390 2001 3478 2053 his
3505 1999 3752 2068 quiode-

2111 2093 2445 2154 runtvos,et
2457 2095 2618 2144 orate
2633 2107 2736 2160 pro
2749 2091 3240 2161 persequentibus
3264 2097 3321 2143 et
3341 2089 3751 2144 calumnianti-

2109 2176 2218 2231 bus
2231 2184 2420 2244 vos,ut
2433 2178 2560 2232 sitis
2575 2179 3058 2232 ﬁliiPatrisvestri
3074 2179 3171 2247 qui
3187 2178 3245 2231 in
3259 2178 3420 2232 caelis
3434 2176 3648 2246 est,qui
3665 2193 3750 2229 so-

2108 2262 2225 2317 lem
2249 2264 2390 2318 facit
2411 2266 2551 2318 oriri
2571 2283 2750 2336 super
2769 2266 2959 2320 bonos
2984 2272 3040 2319 et
3072 2265 3282 2330 malos,
3309 2271 3366 2318 et
3394 2265 3543 2335 pluit
3573 2281 3750 2334 super

2100 2351 2296 2422 justos
2317 2353 2648 2422 etinjustos
2682 2356 2833 2422 (Luc.
2867 2360 2960 2419 γι).
2997 2353 3183 2407 Nolite
3207 2354 3498 2423 judicare,
3531 2358 3596 2406 ut
3624 2369 3744 2406 non

2101 2441 2859 2513 judicemini.Dimittite,et
2883 2444 3211 2498 dimittetur
3231 2444 3612 2498 vobis.I\'olite
3631 2444 3752 2496 the-

2109 2533 2401 2586 saurizare
2423 2532 2586 2587 vobis
2601 2535 2908 2589 thesauros
2931 2535 2991 2588 in
3014 2535 3294 2590 terraubi
3313 2551 3504 2604 mrugo
3523 2541 3578 2586 et
3593 2536 3749 2588 tinea

2108 2619 2682 2686 demolitur,etfures
2695 2623 2984 2676 effodiunt
3001 2628 3057 2676 et
3073 2623 3362 2676 furantur.
3380 2622 3748 2675 Thesauriza-

2106 2710 2163 2761 te
2177 2711 2373 2761 autem
2396 2707 2557 2762 vobis
2581 2709 2888 2763 thesauros
2913 2709 2968 2761 in
2997 2709 3162 2773 coelo,
3187 2708 3284 2761 ubi
3310 2724 3501 2777 neque
3526 2724 3740 2776 aerugo,

2105 2810 2299 2864 neque
2324 2795 2483 2849 tinea
2513 2795 2853 2860 demolitur,
2877 2803 2935 2850 et
2955 2797 3053 2850 ubi
3090 2797 3250 2850 fures
3290 2813 3409 2848 non
3451 2795 3739 2849 effodiunt

2105 2898 2214 2936 nec
2237 2881 2641 2938 furantur.Ubi
2661 2884 2819 2939 enim
2838 2891 2927 2938 est
2949 2884 3259 2938 thesaurus
3285 2883 3526 2948 tuus,ibi
3552 2889 3609 2935 et
3637 2899 3737 2936 cor

2103 2973 2379 3026 tuum.Ne
2402 2971 2640 3026 solliciti
2661 2972 2789 3025 sitis
2810 2973 3023 3026 animas
3043 2978 3248 3026 vestrae
3272 2970 3740 3040 quidmanduce-

351 3060 489 3114 ὅπου
537 3057 765 3112 κλέπται
815 3058 880 3112 οὐ
938 3055 1333 3130 διορύσσουσιν,
1385 3054 1512 3112 οὐδὲ
1539 3055 1862 3111 κλέπτουσιν
1890 3059 1990 3114 02

2107 3059 2400 3128 tis,neque
2427 3060 2658 3130 corpori
2680 3065 2870 3114 vestro
2889 3061 3029 3130 quid
3061 3059 3391 3114 induamini
3415 3077 3428 3124 ;
3453 3061 3561 3112 scit
3579 3059 3735 3112 enim

349 3144 486 3200 ὅπου
535 3143 637 3219 γὰρ
690 3142 828 3198 έστιν
881 3145 908 3197 ὁ
959 3143 1226 3215 θησαυρὸς
1275 3142 1449 3214 ὑμῶν,
1498 3140 1609 3196 ἐκεῖ
1646 3139 1793 3196 ἔσται
1836 3142 1924 3194 καὶ
1956 3143 1990 3210 ἡ

346 3230 539 3305 καρδία
575 3232 748 3304 ὑμῶν.
805 3231 900 3299 Μὴ
949 3235 1240 3304 μεριμνᾶτε
1270 3231 1382 3302 [94)
1431 3233 1502 3302 τῇ
1553 3231 1706 3303 ψυχῇ
1760 3229 1910 3300 ὑμῶν
1941 3228 1993 3282 τί

352 3321 559 3396 φάγητε
587 3319 676 3373 καὶ
724 3318 777 3372 τί
818 3319 1001 3387 πίητε,
1058 3315 1199 3388 μηδὶ
1242 3321 1321 3388 τῷ
1370 3317 1582 3390 σώματι
1626 3318 1778 3388 ὑμῶν
1825 3315 1876 3370 τί
1908 3316 1990 3372 έν-

352 3405 602 3476 ὂύσησθε·
666 3405 778 3460 οἶδε
829 3406 937 3476 (95)
991 3406 1093 3479 γάρ
1144 3405 1172 3458 ὁ
1221 3405 1408 3476 Πατὴρ
1461 3405 1612 3476 ὑμῶν
1671 3405 1698 3457 ὁ
1747 3403 1995 3478 οὐράνιος

354 3495 437 3551 ὅτι
497 3495 732 3570 χρῄζετε
784 3494 992 3547 τούτων
1043 3493 1313 3547 ἁπάντων
1373 3493 1464 3554 ’ος
1523 3491 1613 3546 οῦν
1670 3493 1769 3559 τὴν
1811 3494 1991 3568 ψυχήν

355 3581 481 3645 δοὺς
531 3582 620 3636 καὶ
669 3583 730 3636 τὸ
781 3585 961 3654 σῶμα,
1020 3578 1179 3634 δώσει
1238 3579 1451 3642 πάντως
1509 3581 1598 3634 καὶ
1643 3581 1848 3655 τροφὴν
1903 3587 1993 3639 καὶ

353 3667 578 3744 ἔνδυμα,
632 3671 658 3723 ὁ
702 3670 768 3724 τὰ
823 3669 1037 3723 πετεινά
1080 3673 1178 3724 τοῦ
1235 3670 1463 3737 ούρανοῦ
1516 3669 1728 3745 τρέφων
1784 3669 1875 3723 καὶ
1931 3671 1997 3722 τὰ

354 3759 512 3835 κρίνα
567 3762 664 3812 τοῦ
729 3759 898 3832 ἀργοῦ
951 3755 1176 3831 τοιαύτῃ
1226 3761 1446 3828 κοσμῶν
1507 3757 1803 3831 ὡραιότητι
1861 3759 1992 3829 (96).

357 3852 575 3918 Ζητεῖτε
607 3849 718 3919 (97)
777 3842 854 3917 δὲ,
914 3844 1071 3918 φησὶ,
1129 3848 1344 3919 πρῶτον
1402 3846 1500 3914 τήν
1566 3843 1842 3920 βασιλείαν
1899 3848 1995 3899 τοῦ

359 3941 497 3994 Θεοῦ
525 3934 614 3989 καὶ
671 3936 771 4003 τὴν
825 3931 1174 4003 δικαιοσύνην
1231 3932 1415 4002 αὐτοῦ,
1469 3933 1560 3988 καὶ
1614 3937 1780 3988 ταῦτα
1828 3936 1998 3988 πάντα

359 4023 782 4099 προστεθήσεται
815 4020 963 4092 ὑμῖν.
1017 4022 1106 4088 Μὴ
1151 4022 1524 4096 μεριμνήσητε
1552 4021 1628 4082 είς
1658 4021 1756 4089 τὴν
1785 4018 1992 4096 αὔριον·

361 4115 397 4182 ἡ
428 4114 529 4187 γὰρ
563 4108 746 4184 αὔριον
778 4111 846 4164 τὰ.
889 4111 1080 4177 ἑαυτῆς
1133 4111 1475 4183 μεριμνήσει.
1532 4110 1707 4164 Ιιάντα
1736 4109 1834 4164 ὅσα
1887 4113 1997 4182 (98)

362 4201 422 4257 ἂν
453 4200 646 4270 θέλητε
677 4200 768 4252 ἳνα
823 4202 1053 4252 ποιῶσιν
1118 4199 1244 4270 ὑμῖν
1297 4198 1348 4252 οἱ
1406 4199 1704 4272 ἄνθρωποι,
1737 4196 1879 4253 οὕτω
1909 4198 1997 4252 καὶ

361 4291 514 4362 ὑμεῖς
540 4292 747 4342 ποιεῖτε
794 4285 999 4347 αὐτοῖς.
1035 4285 1322 4348 Εἷσελθετε
1352 4289 1462 4358 (99)
1520 4283 1608 4340 διὰ
1656 4292 1756 4356 τῆς
1811 4293 1998 4356 στενῆς

2105 3149 2277 3201 Pater
2301 3153 2496 3201 vester
2517 3147 2771 3202 cmlestis
2792 3148 3073 3218 quoniam
3106 3148 3195 3201 his
3214 3147 3488 3200 omnibus
3511 3146 3740 3217 indige-

2103 3235 2396 3299 tis.Quare
2419 3236 2517 3305 qui
2538 3236 2797 3290 animam
2819 3242 2878 3290 et
2895 3253 3105 3306 corpus
3118 3235 3544 3306 dedit,prorsus
3561 3235 3738 3288 etiam

2104 3323 2300 3378 cibum
2325 3329 2383 3376 et
2408 3324 2822 3378 indumentum
2842 3323 3035 3390 dabit;
3062 3324 3180 3390 ille,
3205 3323 3572 3393 inquam,qui
3609 3321 3736 3376 cwli

2105 3427 2236 3466 aves
2267 3412 2472 3477 nutrit,
2506 3418 2564 3465 et
2588 3412 2710 3483 agri
2733 3412 2859 3466 lilia
2888 3418 3050 3466 tanta
3082 3412 3524 3483 pulchritudine
3548 3417 3735 3464 ornat.

2103 3501 2356 3565 Quaarite
2370 3506 2566 3555 autem
2581 3501 2838 3570 primum
2852 3502 3204 3571 regnumDei
3220 3501 3572 3571 etjustitiam
3591 3501 3738 3569 ejus,

2106 3593 2164 3644 et
2192 3590 2318 3643 haec
2348 3590 2550 3644 omnia
2580 3589 3325 3659 adjicienturvobis.Nolite
3359 3589 3740 3642 sollicitiesse

2105 3678 2177 3732 de
2190 3677 2613 3740 crastino,nam
2627 3677 2918 3732 crastinus
2931 3677 3056 3732 dies
3074 3677 3185 3731 sibi
3205 3677 3316 3746 ipsi
3332 3676 3618 3730 sollicitus
3632 3675 3745 3728 erit

2107 3765 2323 3830 (Matth.
2353 3764 2662 3824 v1).0mnia
2680 3780 3048 3834 quaecunque
3071 3764 3246 3816 vultis
3268 3762 3740 3816 utfaciantvobis

2105 3853 2400 3915 homines,
2422 3851 2625 3906 eadem
2645 3858 2702 3906 et
2717 3868 2815 3906 vos
2832 3853 3004 3907 facite
3024 3852 3142 3906 illis
3158 3855 3304 3920 (Luc.
3330 3851 3499 3921 xviii).
3526 3852 3743 3904 Intrate

2106 3957 2212 4011 per
2232 3944 2541 4011 angustam
2558 3939 3088 4010 portam,quialata
3108 3945 3196 3993 est
3211 3943 3465 4010 porta,et
3485 3938 3743 4008 spatiosa

2105 4029 2216 4096 via,
2243 4045 2374 4098 quae
2401 4027 2563 4082 ducit
2584 4027 2657 4082 ad
2684 4033 2954 4094 mortem,
2979 4035 3038 4082 et
3059 4028 3229 4082 multi
3253 4028 3504 4097 suntqui
3523 4028 3746 4081 intrant

2107 4133 2212 4189 per
2233 4133 2384 4171 eam.
2410 4117 2696 4179 Quoniam
2721 4121 2968 4187 angusta
2992 4123 3079 4169 est
3107 4121 3296 4186 porta.
3329 4121 3386 4169 et
3409 4117 3610 4169 stricta
3632 4115 3741 4181 via,

2107 4221 2237 4274 quas
2261 4203 2422 4256 ducit
2444 4203 2516 4257 ad
2535 4204 2734 4268 vitam,
2755 4208 2812 4257 et
2827 4204 2998 4272 pauci
3019 4209 3157 4258 sunt
3173 4203 3271 4272 qui
3293 4203 3594 4257 inveniant
3611 4219 3740 4256 eam

2109 4292 2329 4364 (Matth.
2381 4306 2491 4344 vn:
2544 4293 2674 4344 Luc.
2707 4302 2842 4358 xm}.
2883 4292 3007 4344 Non
3047 4291 3238 4345 omnis
3272 4291 3370 4360 qui
3402 4291 3536 4346 dicit
3573 4291 3739 4356 mihi,

358 4376 564 4447 πύλης,
597 4375 680 4430 ὅτι
732 4373 962 4430 πλατεῖα
990 4376 1026 4444 ἡ
1057 4373 1204 4443 πύλη
1259 4373 1348 4429 καὶ
1393 4373 1710 4449 εὐρύχωρος
1739 4377 1774 4444 ἡ
1808 4372 1930 4436 ὁδὸς
1961 4377 1995 4444 ἠ

2110 4381 2376 4447 Domine,
2397 4379 2642 4433 Domine
2665 4378 2912 4433 intrabit
2934 4379 2995 4432 in
3026 4395 3271 4451 regnum
3303 4380 3606 4446 caalorum,
3641 4379 3743 4433 sed

359 4467 637 4540 ἀπάγουσα
695 4463 770 4524 εἷς
823 4465 920 4531 τήν
979 4461 1296 4530 ἀπώλειαν,
1352 4462 1441 4516 καὶ
1495 4459 1700 4516 πολλοὶ
1758 4463 1888 4518 εἰσιν
1950 4464 1996 4518 οἱ

2110 4469 2209 4539 qui
2243 4439 2382 4522 facit
2409 4467 2772 4521 voluntatem
2796 4468 2985 4522 Patris
3015 4439 3154 4534 mevi,
3204 4468 3303 4537 qui
3352 4469 3412 4521 in
3457 4439 3625 4522 cceli's
3657 4473 3747 4520 est

358 4553 738 4630 εἰσερχόμενοι
807 4548 876 4604 δι’
933 4550 1148 4614 αὐτῖςο
1205 4551 1361 4619 στενὴ
1430 4551 1518 4605 καὶ
1569 4550 1903 4624 τεθλιμμένη
1963 4555 1998 4622 ἡ

435 4727 546 4800 (87)
577 4723 776 4800 Matth.
809 4739 862 4778 v.

2103 4555 2568 4629 (Matth.vn).Qui
2587 4555 2778 4627 diligit
2793 4561 3021 4627 patrem
3043 4560 3144 4610 aut
3158 4561 3408 4610 matrem
3422 4557 3553 4627 plus
3569 4571 3744 4626 quam

432 4786 544 4869 (88)
576 4794 776 4869 Matth.
810 4809 862 4869 τῇ,
896 4792 1083 4869 34,37
1109 4790 1301 4869 :_’E7(b
1333 4786 1398 4869 δε
1422 4787 1741 4869 λέγων-ὑμῖν
1768 4793 1852 4869 μὴ
1887 4793 2085 4867 ὀμόσαι
2115 4793 2331 4858 ὅλως...
2362 4789 2500 4850 ἔστω
2527 4791 2585 4849 δὲ
2613 4793 2641 4848 ὁ
2671 4792 2836 4869 λόγος
2868 4794 3044 4867 ὑμῶν,
3076 4791 3197 4861 Ναὶ,
3229 4793 3330 4848 ναί·
3364 4793 3462 4862 Οὓ,
3497 4789 3579 4852 00,

429 4862 541 4937 (99)
573 4865 807 4937 Scilicet
830 4863 892 4917 in
923 4867 1109 4937 veteri
1135 4862 1262 4937 lege
1292 4879 1305 4916 :
1338 4863 1411 4918 cf.
1447 4862 1659 4918 Matth.
1681 4880 1732 4933 v,
1763 4862 1850 4920 38.

433 4879 541 4937 (99)
573 4879 807 4921 scilicet
830 4879 892 4917 in
923 4879 1104 4917 veteri
1135 4879 1262 4990 te?
1292 4879 1305 4916 :
1338 4879 1411 4918 CI.
1447 4879 1649 4918 manu.
1681 4881 1697 4917 ι

875 4933 1032 5058 apud
1060 4935 1202 4990 Matt
1243 4949 1392 4990 mum
1425 4951 1476 4998 v,
1509 4937 1697 4988 39.45.

457 5014 542 5072 91)
572 5014 719 5063 Ibid.
753 5022 848 5072 vn,
884 5014 930 5058 1.

435 5012 542 5080 (91)
572 5012 719 5063 Ibid.
753 5022 848 5072 vn,
884 5012 930 5058 1.

435 5085 542 5152 (92)
574 5078 662 5152 gf.
690 5076 834 5152 ibid.
868 5091 940 5152 vi,
977 5075 1061 5128 14.

436 5147 543 5219 (93)
582 5147 730 5219 Ibid.
766 5163 840 5211 v1,
882 5147 1014 5219 19..,

457 5218 544 5290 94')
577 5218 776 5290 Matth.
808 5233 883 5281 v1,
904 5218 1005 5290 725.

456 5295 545 5354 95;
577 5289 722 5345 Ibid.
754 5304 826 5354 Vl,
857 5289 945 5340 32.

433 5357 545 5432 (96)
574 5357 993 5432 Cf._Matth_._vn,
1028 5359 1115 5423 26,
1148 5359 1233 5412 28.

431 5429 533 5500 (97)
565 5429 711 5485 Ibid.
752 5446 823 5496 VI,
860 5429 946 5482 33.

458 5504 548 5572 98)
580 5500 778 5572 Matth.
802 5515 908 5572 vn,
924 5569 935 5572 _
951 5499 1035 5552 12.

459 5569 547 5642 99)
577 5570 725 5628 Ibid.
760 5571 849 5638 l3,
881 5569 964 5625 14.
