4042 6154
281 299 387 355 955

1802 300 2166 357 ADDRNDA.

3565 286 3679 351 956

280 440 522 491 me,non
546 429 635 479 est
649 440 741 479 me
764 422 1181 495 dignus.thui
1207 423 1399 495 diligit
1415 424 1602 479 filium
1619 430 1720 480 aut
1738 426 1920 481 filiam

2042 423 2157 488 ὁδὸς
2204 428 2235 494 ἡ
2296 425 2575 500 ἀπάγουσα
2632 426 2705 487 εἷς
2762 425 2859 492 τὴν
2923 425 3086 492 ζωὴν,
3145 424 3233 477 καὶ
3294 421 3472 497 ὀλίγοι
3534 418 3667 474 εἰσὶν

286 515 419 585 plus
452 530 628 583 quam
660 530 775 575 me,
828 529 945 565 non
993 518 1081 567 est
1119 529 1212 566 me
1256 513 1487 584 dignus.
1541 516 1609 567 Et
1653 516 1752 583 qui
1804 534 1921 571 non

286 603 500 673 accipit
530 618 765 656 crucem
798 617 983 665 suam,
1015 610 1071 653 et
1093 601 1360 670 sequitur
1400 618 1513 668 me,
1560 620 1677 656 non
1712 611 1799 658 est
1828 622 1921 660 me

291 691 502 761 dignus
526 691 743 760 (Matth.
768 692 953 758 x).En
998 691 1121 744 haec
1170 692 1388 753 omnia,
1443 698 1501 745 et
1546 693 1638 745 his
1684 694 1921 747 similia.

298 779 557 833 Salvator
577 778 857 848 apostolis
892 777 1207 843 mandavit,
1232 783 1296 831 ut
1319 778 1431 831 ﬁde
1455 779 1730 847 praeditos
1756 780 1924 833 doce-

296 872 445 920 rent.
483 868 668 935 Atque
709 867 832 919 haec
856 866 1054 919 omnia
1086 864 1257 919 nobis
1297 866 1659 921 observanda
1690 873 1845 930 sunt,
1881 868 1927 921 si

300 953 536 1022 quidem
558 953 726 1006 nobis
745 952 906 1005 cordi
931 952 1005 1005 sit
1024 952 1445 1021 perfectionem
1481 954 1927 1024 adipisci,etju-

293 1041 362 1093 sti
375 1041 465 1093 tiae
482 1058 727 1095 coronas
742 1040 812 1093 ab
829 1040 986 1093 omni
1007 1041 1612 1110 corruptionealienas
1626 1042 1931 1111 consequi,

299 1144 443 1196 quas
467 1128 673 1182 reddet
700 1129 983 1182 Dominus
1014 1129 1075 1181 in
1093 1128 1186 1181 die
1211 1128 1719 1199 illajustusjudex
1751 1130 1936 1183 omni-

292 1215 402 1269 bus
433 1216 525 1270 his
557 1217 654 1285 qui
690 1217 875 1286 ipsius
906 1216 1219 1269 adventum
1249 1216 1803 1278 dilexerintUITim.
1839 1220 1932 1288 ιν),

2033 514 2083 567 οἷ
2115 514 2451 587 εὐρίσκοντες
2503 513 2690 581 αὐτήν.
2748 514 2826 568 Οὐ
2886 515 2958 584 (1)
2996 532 3099 574 πας
3129 514 3155 565 6
3188 509 3365 584 λέγων
3418 528 3530 579 μοι,
3565 509 3671 563 Κύ-

2034 622 2133 673 ριε,
2178 601 2370 673 Κύριε,
2423 600 2776 655 εἰσελεύσεται
2835 600 2911 656 είς
2966 602 3064 667 τήν
3103 599 3375 673 βασιλείαν
3406 602 3510 650 τῶν
3568 596 3671 650 ού-

2036 692 2231 759 ρανῶν,
2266 688 2392 739 ἀλλ’
2424 690 2451 741 6
2482 692 2650 741 ποιῶν
2683 688 2743 741 τὸ
2791 685 3006 757 θέλημα
3051 690 3147 740 τοῦ
3180 686 3385 755 Ματρὸς
3423 704 3524 754 μου
3573 687 3669 736 τοῦ

2036 776 2087 829 ἐν
2121 777 2393 849 οὐρανοῖς.
2444 776 2502 832 Ὁ
2560 774 2732 851 φιλῶν
2793 778 2865 847 (2)
2915 776 3117 846 πατέρα
3173 776 3205 843 ἢ
3266 774 3472 844 μητέρα
3536 773 3667 843 ὑπὶρ

2038 863 2134 935 ἐμὲ
2164 863 2265 916 οὐκ
2295 860 2404 916 ἔστι
2462 884 2565 934 μου
2614 864 2781 931 ἄξιος,
2815 862 2903 915 καὶ
2936 864 2961 915 ὁ
2995 862 3167 933 φιλῶν
3200 862 3310 914 υἱὸν
3345 860 3378 927 ἢ
3412 861 3675 931 θυγατέρα

2044 952 2174 1027 ὑπὲρ
2224 950 2320 1023 ἐμὲ
2377 951 2473 1004 οὐκ
2531 949 2640 1004 ἔστι
2704 972 2806 1022 μου
2864 951 3030 1018 ἁξιος·
3064 949 3237 1009 καὶὃς
3289 948 3349 1002 οὐ
3404 944 3675 1020 λαμϐάνει

2039 1040 2126 1093 τὸν
2186 1039 2407 1113 σταυρὸν
2464 1040 2630 1092 αὐτοῦ
2686 1040 2771 1092 καὶ
2825 1037 3114 1100 ἀκολουθεῖ
3163 1036 3338 1091 ὀπίσω
3400 1057 3543 1108 μου,
3578 1037 3679 1088 οὐκ

2041 1126 2150 1182 ἔστι
2186 1148 2287 1199 μου
2337 1129 2499 1198 ἄξιος.
2562 1125 2698 1183 Ἰδοὺ
2755 1132 2920 1180 ταῦτα
2976 1127 3064 1180 καὶ
3120 1126 3188 1179 τὰ
3238 1124 3452 1185 τούτοις
3510 1123 3683 1196 ὅμοια

2043 1215 2343 1270 ἐνετείλατο
2394 1217 2420 1268 ὁ
2460 1218 2560 1271 93
2595 1217 2788 1289 Σωτὴρ
2845 1220 2962 1274 τοῖς
3020 1211 3347 1273 ἀποστόλοις
3409 1210 3679 1266 διδάσκειν

293 1302 420 1362 τοὺς
452 1300 692 1362 πιστούς’
748 1303 837 1354 καὶ
883 1307 1046 1354 ταῦτα
1104 1304 1274 1355 πάντα
1331 1302 1618 1379 ὀφείλομεν
1678 1303 1984 1380 φυλάττειν,
2045 1301 2192 1375 εἷ’περ
2248 1305 2519 1374 ποθοῦμεν
2568 1310 2667 1370 τῆς
2721 1303 3066 1371 τελειότητος
3123 1302 3398 1374 ἐπιτυχεῖν
3455 1303 3531 1373 (3)
3586 1299 3684 1353 καὶ

298 1394 405 1445 τῶν
439 1390 720 1465 ἀφθάρτων
756 1392 1027 1466 στεφάνων
1063 1392 1354 1462 ἀξιωθῆναι
1384 1399 1483 1459 τῆς
1517 1389 1885 1461 δικαιοσύνης,
1920 1392 2009 1453 οὓς
2040 1390 2308 1446 ἀποδώσει
2343 1390 2538 1464 Κύριος
2571 1390 2619 1444 ἐν
2671 1390 2839 1463 ἐκείνῃ
2867 1395 2934 1463 τῇ
2967 1389 3146 1463 ἡμέρᾳ
3177 1391 3203 1443 6
3236 1387 3442 1451 δίκαιος
3492 1390 3687 1463 κριτὴς

296 1486 424 1536 πᾶσι
457 1486 569 1540 τοῖς
602 1479 910 1553 ἠγαπηκόσι
939 1480 1037 1546 τὴν
1072 1478 1377 1554 ἐπιφάνειαν
1412 1479 1596 1534 αὐτοῦ.

365 1572 518 1627 Dixit
538 1576 735 1624 autem
759 1568 831 1623 ad
857 1586 991 1623 eum
1013 1570 1291 1639 Josaphat
1312 1572 1475 1641 :Ergo
1500 1588 1631 1625 cum
1654 1576 1770 1624 tam
1793 1588 1922 1641 per-

2104 1574 2255 1640 Λέγει
2308 1570 2335 1622 ὁ
2385 1568 2613 1640 Ἰωάσαφ
2670 1568 2804 1640 πρὸς
2854 1570 2943 1621 τὸν
3004 1568 3251 1641 γέροντα·
3316 1565 3532 1635 Ταύτης
3588 1566 3681 1619 οὗν

293 1662 445 1715 fecta
458 1659 727 1712 doctrina
738 1657 1117 1727 purissimam
1134 1657 1307 1711 vitam
1323 1658 1927 1728 desideret,dic,quae-

298 1764 380 1809 so,
392 1747 437 1800 si
455 1746 597 1799 mihi
612 1745 682 1799 ab
697 1760 813 1798 uno
828 1744 914 1797 vel
932 1743 1161 1798 duobus
1176 1744 1468 1798 mandatis
1482 1744 1755 1799 aberrare
1786 1762 1927 1799 con-

296 1835 591 1906 tigerit,an
626 1838 938 1903 propterea
966 1837 1087 1886 toto
1121 1849 1294 1902 scopo
1327 1833 1631 1899 aberrabo,
1676 1850 1927 1903 spesque

297 1939 430 1977 mea
456 1923 649 1976 omnis
680 1922 875 1975 inanis
905 1921 1103 1976 futura
1132 1920 1267 1977 est?

366 2097 689 2167 Respondit
713 2097 977 2151 Barlaam
998 2113 1010 2151 :
1035 2100 1160 2151 Non
1185 2102 1273 2151 est
1289 2097 1447 2167 quod
1478 2098 1561 2151 ita
1596 2098 1929 2163 existimet;

296 2201 433 2240 nam
454 2184 988 2253 DeusVerbum,qui
1011 2184 1217 2238 salutis
1236 2192 1450 2239 nostra
1475 2202 1650 2239 causa
1664 2186 1933 2240 humani-

299 2280 477 2327 tatem
498 2272 708 2337 induit,
742 2272 1039 2342 ingentem
1072 2278 1295 2326 naturas
1319 2278 1533 2327 nostras
1558 2273 1932 2327 imbecillita-

299 2367 417 2415 tem
432 2367 827 2414 etaerumnam
851 2361 1209 2429 exploratam
1225 2361 1467 2427 habens,
1502 2363 1648 2415 nein
1663 2364 1771 2416 hac
1801 2363 1931 2432 qui-

300 2448 431 2501 dem
455 2454 618 2519 parte
645 2466 751 2502 nos
772 2448 1083 2501 incurabili
1105 2449 1307 2502 morbo
1332 2450 1598 2504 laborare
1621 2452 1891 2520 permisit
1915 2467 1929 2514 ;

297 2541 589 2602 verum,ut
603 2536 1072 2606 sapientissimus
1089 2538 1615 2603 medicus,lubricaa
1632 2545 1845 2592 nostrae
1865 2557 1931 2594 ac

300 2625 580 2697 peccandi
602 2625 827 2694 cupidaa
841 2624 1122 2678 voluntati
1142 2626 1502 2695 paenitentiae
1525 2626 1932 2681 medicamen-

299 2721 424 2768 tum
441 2713 773 2777 admiscuit,
796 2728 922 2765 eam
945 2713 1215 2767 videlicet
1236 2714 1307 2767 ad
1327 2720 1700 2785 peccatorum
1729 2717 1932 2770 remis-

304 2803 531 2857 sionem
546 2801 892 2871 praadicans.
919 2802 1305 2872 Posteaquam
1319 2804 1478 2856 enim
1491 2804 1751 2857 veritatis
1774 2805 1933 2875 agni-

2031 1664 2129 1725 τῆς
2185 1652 2462 1729 ἀκριϐείας
2518 1660 2625 1709 τῶν
2686 1654 2973 1729 δογμάτων
3033 1655 3345 1728 χρῃζούσης
3424 1654 3513 1707 καὶ
3568 1654 3670 1721 τήν

2034 1746 2297 1822 ἀκραιφνῆ
2338 1744 2536 1811 ταύτην
2595 1743 2897 1812 πολιτείαν,
2957 1742 3043 1797 ἐὰν
3106 1744 3241 1814 μετὰ
3293 1743 3354 1796 τὸ
3393 1743 3675 1815 βάπτισμα

2034 1829 2215 1905 συμϐῇ
2254 1855 2318 1905 με
2349 1833 2460 1893 ἐνὸς
2487 1834 2520 1901 ἢ
2556 1830 2651 1886 δύο
2680 1836 2787 1886 τῶν
2820 1831 3054 1886 ἐντολῶν
3087 1830 3295 1884 τούτων
3335 1828 3679 1905 διαμαρτεῖν,

2035 1922 2136 1996 ἄρα
2162 1918 2538 1995 διαμαρτάνων
2594 1917 2785 1991 ἔσομαι
2818 1919 2951 1973 ὅλου
3007 1923 3102 1973 τοῦ
3156 1922 3381 1988 σκοποῦ,
3429 1918 3518 1972 καὶ
3569 1940 3676 1991 μα-

2033 2010 2156 2064 ταία
2187 2007 2329 2063 ἔσται
2366 2015 2506 2061 πᾶσα
2537 2010 2569 2076 ἡ
2606 2007 2760 2067 ἐλπίς
2795 2027 2809 2075 ;

2105 2099 2167 2153 Ὀ
2200 2096 2254 2151 δὲ
2286 2096 2552 2169 Βαρλαὰμ
2581 2095 2703 2172 ἔφη·
2752 2097 2837 2162 Μὴ
2893 2094 3065 2156 οὕτως
3102 2090 3455 2165 ὑπολάμϐανε
3484 2098 3673 2150 ταῦτα.

2035 2188 2097 2241 Ὀ
2138 2186 2237 2259 γάρ
2294 2184 2385 2238 ἐπὶ
2441 2186 2685 2256 σωτηρίᾳ
2737 2188 2833 2237 τοῦ
2879 2186 3068 2257 γένους
3115 2186 3272 2255 ἡμῶν
3330 2183 3676 2255 ἐνανθρωπή-

2037 2294 2129 2334 σας
2163 2274 2289 2333 Θεὸς
2324 2273 2521 2347 Λόγος,
2561 2270 2718 2332 εἶ’δὼς
2757 2274 2855 2338 τήν
2887 2270 3107 2337 πολλὴν
3140 2271 3410 2334 ἀσθένειαν
3461 2270 3549 2324 καὶ
3580 2290 3683 2323 τα-

2038 2359 2342 2432 λαιπωρίαν
2372 2367 2470 2426 τῆς
2501 2360 2708 2435 φύσεως
2760 2363 2941 2431 ἡμῶν,
2992 2358 3114 2412 οὐδὲ
3160 2359 3210 2413 ἐν
3258 2359 3442 2429 τούτῳ
3472 2364 3552 2429 τῷ
3586 2359 3687 2429 μὲν

2038 2469 2117 2523 ρει
2146 2449 2346 2524 ἀφῆκεν
2393 2451 2537 2519 ἡμᾶς
2595 2448 2911 2522 ἀνιάτρευτα
2965 2453 3159 2501 νοσεῖν·
3221 2446 3346 2500 ἀλλ’
3407 2447 3481 2508 ὡς
3538 2445 3680 2500 πάν-

2038 2558 2201 2613 σοφος
2233 2537 2414 2607 ίατρὸς
2442 2540 2507 2609 τῇ
2540 2534 2808 2610 ὁλισθηρᾷ
2855 2539 3013 2606 ἡμῶν
3071 2536 3160 2589 καὶ
3218 2534 3672 2611 φιλαμαρτήμονι

2035 2627 2228 2699 γνώμῃ
2264 2623 2506 2696 συνέμιξε
2551 2625 2615 2678 τὸ
2646 2626 2927 2700 φάρμακον
2985 2631 3083 2691 τῆς
3137 2627 3436 2695 μετανοίας,
3487 2624 3664 2696 κηρύ-

2038 2714 2126 2783 ξας
2181 2712 2380 2780 ταύτην
2444 2712 2518 2772 εἷς
2572 2711 2755 2788 ἄφεσιν
2814 2714 3093 2786 ἁμαρτιῶν
3154 2718 3247 2774 (5).
3309 2712 3453 2765 Μετὰ
3479 2712 3577 2786 γὰρ
3604 2712 3669 2765 τὸ

2039 2796 2221 2856 λαϐεῖν
2255 2803 2401 2872 ἡμᾶς
2431 2802 2529 2867 τήν
2589 2800 2879 2873 ἐπίγνωσιν
2932 2808 3030 2868 τῆς
3064 2799 3337 2870 ἀληθείας,
3370 2800 3459 2853 καὶ
3516 2801 3672 2875 ἁγια-

302 2891 521 2944 tionem
541 2890 1001 2958 suscepimus,ac
1016 2907 1121 2961 per
1134 2906 1348 2960 aquam
1364 2892 1705 2961 etSpiritum
1722 2894 1929 2946 sancti-

2044 2896 2234 2957 σθῆναι
2295 2886 2362 2941 δι’
2418 2887 2609 2949 ὕδατος
2666 2888 2755 2943 καὶ
2813 2888 3158 2959 πνεύματος,
3223 2890 3401 2957 πάσης
3457 2910 3514 2941 τε
3569 2890 3675 2946 94

302 2979 455 3033 ﬁcati
468 3021 479 3043 ,
504 2983 677 3047 atque
700 2977 769 3030 ab
786 2979 945 3031 omni
960 2984 1197 3047 peccato
1213 2984 1269 3031 et
1282 2980 1561 3048 spurcitie
1575 2980 1699 3033 sine
1713 2981 1833 3033 ullo
1849 2981 1931 3034 la-

303 3067 441 3120 bore
474 3068 700 3138 purgati
738 3083 960 3133 sumus,
982 3067 1028 3119 si
1055 3066 1223 3120 nobis
1247 3068 1305 3120 in
1339 3068 1536 3137 aliqua
1560 3074 1797 3137 peccata
1816 3068 1931 3121 labi

303 3154 629 3226 contigerit,
657 3172 775 3208 non
792 3154 1028 3224 quidem
1046 3157 1446 3225 superestjam
1470 3157 1655 3210 altera
1676 3173 1780 3226 per
1792 3156 1931 3227 bap-

303 3244 543 3297 tismum
570 3243 931 3315 regeneratio
956 3244 1138 3312 (Hebr.
1164 3245 1256 3311 VI),
1283 3262 1412 3314 quas
1435 3245 1494 3298 in
1517 3245 1758 3315 piscium
1780 3262 1934 3314 aqua

305 3348 410 3401 per
430 3331 709 3399 Spiritum
725 3336 1117 3399 comparatur,
1145 3347 1211 3385 ac
1234 3332 1487 3401 perfecte
1513 3350 1621 3387 nos
1646 3335 1934 3388 instaurat

307 3419 439 3485 (hoc
470 3418 627 3471 enim
658 3418 1009 3471 beneficium
1035 3418 1217 3472 semel
1239 3419 1523 3474 duntaxat
1543 3422 1930 3491 conceditur),

304 3521 503 3559 verum
526 3494 909 3575 perasperam
932 3507 1358 3576 pmnitentiam,
1394 3513 1450 3561 et
1471 3508 1730 3563 calentes
1746 3510 1935 3579 lacry-

305 3594 759 3659 mas,etlabores
774 3609 841 3648 ac
855 3595 1365 3667 sudores,propter
1377 3597 1597 3652 viscera
1609 3599 1935 3653 misericor-

305 3682 519 3737 dizeDei
534 3682 1154 3754 nostri,purgationem
1170 3700 1237 3739 ac
1250 3691 1621 3755 peccatorum
1634 3687 1933 3741 remissio-

305 3788 441 3825 nem
455 3772 1127 3841 consequimur.Etenim
1143 3774 1480 3843 perDomini
1494 3776 1738 3846 gratiam
1754 3776 1934 3846 lacry-

306 3876 533 3914 marum
548 3859 678 3913 fons
693 3859 1018 3929 baptismus
1031 3862 1361 3933 appellatur
1374 3864 1833 3933 tametsialioqui
1849 3866 1932 3920 la-

304 3949 443 4003 bore
457 3965 521 4003 ac
537 3956 799 4020 tempore
822 3967 968 4020 opus
990 3950 1308 4005 habeatAc
1331 3952 1664 4022 complures
1688 3954 1934 4007 emultis

295 4038 550 4107 peccatis
566 4040 643 4091 eri
657 4038 1093 4108 puit,quoniam
1110 4039 1341 4092 nullum
1355 4045 1658 4108 peccatum
1676 4041 1934 4109 estquod

298 4126 397 4179 Dei
424 4125 847 4197 benignitatem
872 4126 1140 4193 vincat,si
1169 4127 1407 4195 quidem
1432 4128 1594 4197 prius
1618 4128 1933 4197 resipueri-

297 4228 523 4274 mus,ac
554 4213 901 4266 delictorum
937 4213 1197 4267 maculas
1228 4212 1503 4284 lacrymis
1536 4213 1820 4281 eluamus,
1857 4231 1930 4269 ne

293 4300 515 4369 alioqui
537 4317 696 4354 mors
718 4306 1223 4367 antevertens,nos
1249 4302 1536 4355 scelerum
1562 4302 1809 4356 maculis
1839 4303 1927 4355 in-

298 4390 570 4460 quinatos
585 4389 721 4443 hinc
737 4389 953 4459 ejiciat.
988 4392 1109 4443 Non
1127 4389 1284 4443 enim
1300 4396 1388 4444 est
1415 4391 1474 4443 in
1498 4390 1728 4444 inferno
1752 4390 1933 4459 poeni-

298 4480 480 4532 tentia
510 4495 618 4533 neo
642 4478 931 4533 confessio
958 4481 1126 4548 (Psat.
1158 4484 1252 4547 νι).
1286 4480 1553 4543 Quandiu
1586 4485 1780 4533 autem
1803 4480 1933 4532 vita

293 4583 475 4623 usura
491 4567 741 4621 fruimur
753 4568 888 4622 dum
899 4569 1070 4622 modo
1088 4567 1425 4622 orthodoxae
1443 4567 1578 4621 fidei
1592 4566 1942 4619 fundamen-

292 4662 415 4710 tum
437 4657 671 4709 ﬁrmum
687 4655 1182 4723 maneat,etiamsi
1201 4654 1454 4709 trabium
1470 4653 1693 4724 aliquid
1707 4660 1943 4710 autrec-

363 4790 436 4861 (1)
470 4790 665 4843 Matth.
700 4805 796 4853 v11,
832 4791 923 4843 2i.

364 4860 436 4930 (2)
471 4861 693 4915 Matth..
724 4877 780 4924 χ,
814 4862 901 4925 37,
936 4860 1022 4914 38.

2047 2977 2311 3047 ἁμαρτίας
2367 2977 2452 3030 καὶ
2530 2977 2728 3039 παντὸς
2806 2976 2975 3050 ῥύπου
3051 2977 3284 3050 ἀμογητὶ
3346 2980 3685 3050 καθαρθῆναι

2048 3064 2132 3118 ἐὰν
2171 3061 2353 3137 συμϐῇ
2414 3064 2463 3117 ἔν
2521 3086 2629 3118 τισι
2686 3065 3119 3138 παραπτώμασιν
3152 3067 3298 3135 ἡμᾶς
3352 3066 3687 3140 ἁμαρτημά-

2045 3174 2151 3209 των
2184 3153 2457 3226 ἐμπεσεῖν,
2499 3154 2598 3207 ούκ
2653 3151 2760 3206 ἔστι
2828 3155 2919 3225 μὲν
2982 3151 3069 3206 διὰ
3130 3152 3503 3225 βαπτίσματος
3562 3151 3687 3207 δευ-

2044 3248 2171 3317 τέρα
2200 3241 2549 3315 ἀναγὲννησις
2598 3240 2648 3294 ἐν
2708 3238 2859 3295 ὕδατι
2913 3248 3013 3309 τῆς
3044 3237 3438 3315 κολυμϐήθρας
3472 3240 3559 3295 διὰ
3586 3247 3682 3296 τοῦ

2045 3333 2348 3403 πνεύματος
2406 3329 2729 3404 ἐγγινομένη
2800 3329 2887 3383 καὶ
2974 3328 3199 3392 τελείως
3275 3332 3423 3400 ἡμᾶς
3464 3331 3684 3405 ἀναχω-

2045 3420 2290 3475 νεύουσα.
2338 3423 2497 3472 τοῦτο
2528 3419 2626 3492 γὰρ
2674 3419 2736 3471 τὸ
2788 3416 3021 3492 δώρημα
3080 3418 3213 3486 ἅπαξ
3270 3415 3501 3472 δέδοται·
3536 3418 3683 3474 ἀλλὰ

2047 3506 2135 3562 δῖά
2170 3506 2449 3580 μετανοίας
2489 3505 2727 3578 ἐμπόνου
2781 3506 2867 3560 καὶ
2929 3510 3138 3579 θερπῶν
3199 3503 3460 3579 δακρύων,
3491 3507 3675 3560 κόπων

2044 3597 2212 3651 τεκαὶ
2244 3594 2511 3669 ἱδρώτων,
2558 3594 2758 3669 γίνεται
2803 3595 3135 3667 καθαρισμὸς
3186 3594 3274 3647 καὶ
3329 3595 3683 3668 συγχώρησις

2044 3689 2149 3739 τῶν
2193 3682 2544 3755 πταισμάτων
2597 3681 2686 3735 διὰ
2717 3681 3006 3755 σπλάγχνα
3064 3681 3250 3744 ἐλέους
3306 3687 3440 3735 Θεοῦ
3496 3685 3683 3754 ἡμῶν.

2043 3772 2330 3843 Βάπτισμα
2376 3772 2479 3846 γὰρ
2535 3768 2740 3839 ἐκλήθη
2801 3770 2887 3823 καὶ
2947 3773 2980 3838 ἡ
3038 3774 3144 3823 τῶν
3203 3767 3445 3842 δακρύων
3505 3773 3681 3845 πηγὴ,

2042 3863 2177 3916 κατᾶ
2209 3866 2368 3935 χάριν
2405 3863 2498 3912 τοῦ
2531 3858 2826 3922 Δεσπότου,
2860 3856 3002 3911 ἀλλὰ
3032 3858 3204 3911 πόνου
3234 3858 3321 3911 καὶ
3362 3859 3566 3933 χρόνου
3602 3863 3683 3931 (ὃ)

2046 3948 2318 4021 δεόμενον·
2351 3945 2439 4001 καί
2468 3944 2715 4007 πολλοὺς
2744 3950 2849 3999 τῶν
2896 3944 3125 4000 πολλῶν
3187 3943 3479 3999 διεσώσατο
3511 3967 3681 3999 πται-

2045 4036 2282 4109 σμάτων¹
2338 4036 2526 4097 καθότι
2575 4033 2672 4087 οὐκ
2723 4033 2860 4087 ἔστιν
2908 4034 3145 4107 ἁμαρτία
3190 4038 3393 4087 νικῶσα
3430 4035 3527 4100 τῆν
3582 4038 3681 4086 τοῦ

2046 4129 2176 4179 Θεοῦ
2208 4120 2636 4196 φιλανθρωπίαν,
2669 4120 2818 4193 εἴπερ
2870 4120 3141 4196 φθάσομεν
3205 4127 3529 4192 μετανοῆσαι
3587 4121 3679 4174 καὶ

2048 4211 2267 4285 δάκρυσι
2324 4209 2670 4280 πταισμάτων
2731 4211 2925 4282 αἶσχος
2983 4208 3389 4281 ἀπονίψασθαι,
3447 4210 3532 4263 καὶ
3599 4211 3676 4280 μὴ

2040 4296 2332 4377 προλαϐὼν
2393 4302 2419 4352 ὁ
2480 4298 2702 4361 θάνατος
2756 4297 3175 4372 ἐρρυπωμένους
3253 4301 3398 4370 ἡμᾶς
3456 4294 3684 4353 ἐκϐαλεῖ

2039 4395 2144 4445 τῶν
2199 4389 2451 4450 ἐντεῦθεν·
2516 4386 2613 4439 ούκ
2670 4385 2776 4439 ἔστι
2836 4388 2935 4458 γὰρ
2990 4387 3040 4440 ἐν
3072 4391 3150 4457 τῷ
3182 4384 3281 4459 ᾇδῃ
3343 4386 3679 4461 ἐξομολόγη-

2045 4500 2124 4539 σις
2157 4481 2254 4549 (7),
2285 4473 2409 4529 οὐδὲ
2445 4476 2713 4545 μετάνοια·
2745 4470 2849 4535 ἕως
2901 4471 2955 4528 δὲ
3003 4474 3052 4528 ἐν
3110 4480 3225 4534 τοῖς
3280 4473 3446 4528 λῶσιν
3509 4475 3681 4546 ὦμεν,

2044 4569 2139 4619 τοῦ
2172 4562 2427 4635 θεμελίου
2456 4570 2554 4630 τῆς
2607 4561 2896 4636 ὁρθοδὸξου
2954 4562 3182 4623 πίστεως
3237 4561 3500 4637 ἀῤῥαγοῦς
3558 4559 3676 4614 δια-

2054 4655 2327 4726 μένοντος,
2378 4653 2472 4705 κᾶν
2528 4671 2581 4704 τι
2638 4658 2735 4719 τῆς
2782 4648 3064 4712 δοκώσεως
3114 4651 3147 4718 ἢ
3182 4653 3277 4713 τῆς
3334 4647 3682 4723 ἐνδομτςσεως

465 4931 525 4995 C,
557 4923 773 5017 τυχεῖν,
798 4923 1035 5017 Νίοεὶρίιζ
1070 4929 1303 5017 Qregor.
1337 4942 1419 4993 ιιι,
1444 4927 1500 5015 β,
1530 4929 1563 5015 3
1590 4947 1602 4983 :
1637 4929 1931 5017 ’Ensaxogte

2048 4928 2166 5017 καθ’
2198 4926 2381 4980 ἑαυτὸν
2545 4923 2758 5014 ἥκισταο
2792 4928 2911 5013 πῶς
2945 4925 3069 5017 γάρ,
3098 4929 3286 5017 πεῖραν
3318 4925 3674 5017 ,πραγμάτων

286 4993 546 5055 τοιούτων
580 4993 668 5053 καί⁵
701 4993 984 5071 λογισμῶν
1016 4993 1371 5074 λαϐυρίνθους
1403 4994 1694 5074 οὐκ-ἔχων,
1730 5002 1802 5061 ὡς
1836 4999 2065 5074 εἴρηται·
2123 4993 2428 5052 ἐσκοπεῖτο
2463 4994 2508 5049 δ’
2567 4996 2659 5049 οὖν
2695 4995 2826 5068 μετᾶ
2863 4993 2970 5049 τῶν
2994 4993 3043 5047 ἐν
3074 4993 3225 5074 τέλεί
3272 4996 3340 5050 τὰ
3383 4993 3673 5074 ποιητέον.

289 5076 429 5128 Fere
464 5072 662 5145 malim
694 5068 1033 5145 yarietatem
1062 5068 1339 5124 ἐσκοπεῖτο
1369 5070 1486 5122 καθ’
1518 5068 1721 5139 ἑαυτόν,
1752 5073 1823 5127 ob
1856 5068 1931 5144 re]

2052 5078 2173 5125 tum
2205 5070 2505 5123 ἐσκοπεῖτο.
2527 5071 2816 5123 Praeterea
2873 5069 3277 5139 parenthetico
3332 5070 3473 5139 (πῶς
3500 5068 3601 5142 γάρ
3628 5074 3674 5139 ;)

291 5142 666 5199 scribendum
693 5142 820 5194 fuit.

357 5215 430 5283 (4)
459 5211 744 5285 Ερίειηδτά
774 5213 920 5266 Tim.
954 5229 1032 5285 Iv,
1055 5216 1086 5267 8
1113 5229 1125 5266 :
1160 5210 1359 5285 ᾼοιπὸν
1395 5210 1671 5285 ἀπόκειταί
1702 5214 1858 5285 μοι-ὁ
1882 5218 1931 5266 τί

2050 5209 2360 5285 ικαιοσὺνης
2398 5210 2677 5285 στέφανος,
2726 5208 2783 5285 ὃν
2816 5204 3087 5285 ἀποδώσει
3183 5208 3380 5285 Κύριος
3411 5207 3461 5261 ἐν
3494 5206 3674 5284 ἐκείνῃ

286 5278 565 5354 τῇὴμὲρᾳ
595 5282 622 5334 6
650 5278 1100 5369 Stxmocwi‘cp'L-rﬁq,
1134 5281 1195 5335 ού
1230 5281 1389 5369 μόνον
1426 5280 1481 5369 δὲ
1511 5282 1656 5356 ἐμοὶ,
1687 5278 1830 5338 ἀλλά
1861 5278 1947 5369 κιαῖ
1980 5287 2106 5369 πᾶσι
2138 5285 2253 5341 τοῖς
2270 5278 2590 5369 Γζῆςγοιπηκίόσι
2622 5280 2718 5345 τὴν
2754 5278 3061 5369 ἐπιφάνεια)
3095 5278 3278 5369 αὐτοῦ,
3466 5354 3492 5365 ν

363 5349 438 5418 (ὃ)
468 5349 639 5428 Marc.
674 5370 713 5418 ι,
747 5356 816 5407 4ε
852 5349 1094 5423 Ἐγένετο
1125 5349 1374 5421 Ἰωάννης
1429 5349 1766 5428 βαπτίζων...
1814 5354 1901 5408 καὶ
1950 5351 2231 5427 κηρύσσων
2269 5349 2542 5425 βάπτισμα
2577 5349 2868 5423 μετανοίας
2904 5349 2980 5412 εἷς
3008 5349 3197 5425 ἄφεσιν
3254 5352 3555 5424 ἁμαρτιῶν.
3592 5353 3681 5407 Cf.

293 5427 426 5479 Luc.
461 5442 539 5491 In,
574 5427 623 5477 3.

361 5497 437 5561 (6)
470 5498 527 5561 C,
559 5493 734 5548 κόπου
764 5493 851 5547 καὶ
883 5494 1072 5568 πόνου.
1106 5496 1269 5568 Oﬁp.
1305 5500 1392 5568 99,
1426 5499 1476 5568 8.
1500 5498 1697 5568 Iunxit
1722 5499 1931 5568 Aposto

2065 5497 2088 5548 Ῑ
2121 5495 2324 5549 Thess.
2356 5512 2413 5563 II,
2447 5497 2500 5564 9,
2531 5492 2699 5547 κόπον
2725 5492 2813 5546 καὶ
2844 5493 3076 5566 μόχθον.

362 5568 436 5637 (7)
469 5568 622 5623 Psal.
656 5584 728 5636 VI,
762 5571 792 5621 5
828 5584 840 5623 :
876 5567 959 5624 Ἐν
994 5564 1051 5621 δὶ
1079 5572 1157 5639 τῷ
1190 5564 1291 5641 ᾄδῃ
1321 5566 1403 5631 τίς
1431 5564 1886 5645 ἐξομολογήσεταί
1917 5587 1931 5619 ι
