4042 6154
381 331 490 387 957

1564 341 1742 398 VITA
1778 341 2120 399 BABLAAH
2156 343 2251 395 ET
2283 340 2619 397 JOASAPH.

3659 343 3765 399 958

379 455 668 529 παραλυτῇ
703 500 718 525 ,
774 454 939 530 ἔξεστι
992 457 1057 512 τὸ
1110 461 1381 533 σαθρωθὶν
1429 465 1546 524 τοῖς
1604 462 1902 536 πταίσμασι
1944 465 2013 535 τῇ

2127 463 2168 518 ti
2180 461 2748 533 labefactetur,quod
2762 479 2867 533 per
2877 467 3117 534 peccata
3130 467 3468 532 corruptum
3485 470 3571 519 est
3585 468 3766 536 poeni-

381 546 639 616 μετανοίᾳ
667 545 819 608 αὗθις
862 545 1194 602 ἀνακαινίσαι
1252 550 1352 621 (8).
1407 547 1626 618 Πλῆθος
1653 550 1752 624 γὰρ
1810 550 2018 624 οἰκτιρ-

380 637 496 705 μῶν
529 637 664 688 Θεοῦ
713 635 1014 706 ἀριθμῆσαι
1066 635 1156 690 καὶ
1204 635 1431 710 μέγεθος
1483 637 1668 700 ἐλέους
1715 637 1878 693 αὐτοῦ
1925 659 2020 710 με-

372 728 572 796 τρῆσαι
606 719 886 776 ἀδύνατον·
923 725 1294 797 ἁμαρτήματα
1325 723 1383 780 δὲ
1433 727 1622 800 οἷάπερ
1677 724 1738 781 ἂν
1783 728 1881 780 ὧσι
1929 727 2018 782 καὶ

379 809 689 882 πταίσματα
747 809 930 886 μέτρῳ
997 811 1302 868 ὑποκεινται
1359 813 1450 868 καὶ
1528 815 1806 888 ἀριθμητά
1887 816 2018 868 εἶναι

375 893 692 970 συμϐαίνει.
745 900 827 955 Τὰ
884 897 974 952 οὖν
1038 899 1220 975 μέτρῳ
1270 901 1359 956 καὶ
1419 903 1637 976 ἀριθμῷ
1693 903 2020 974 ὑποκείμενα

372 989 685 1062 πταίσματα
723 991 886 1061 ἡμῶν
933 991 1032 1047 οδ
1062 989 1126 1044 τὸ
1185 991 1487 1065 ἀμέτρητον
1538 989 1689 1054 ἔλεος
1745 991 1834 1046 καὶ
1889 991 2017 1054 τοὺς

369 1075 773 1152 ἀναριθμήτους
797 1075 1124 1153 οἶκοιρμοὺς
1169 1082 1267 1133 τοῦ
1296 1083 1428 1134 Θεοῦ
1479 1083 1694 1145 νικῆσαι
1749 1081 1810 1136 οὐ
1856 1077 2017 1134 δύνα-

373 1186 484 1223 ται.

445 1255 539 1308 Διὸ
597 1251 658 1307 οὐ
719 1255 1174 1329 προσετάχθημεν
1243 1253 1332 1310 έπὶ
1412 1261 1531 1318 τοῖς
1604 1258 2016 1330 ἡσεαρτημένοις

369 1340 785 1416 ἀπογινώσκειν,
835 1340 964 1396 ἀλλ’
1016 1340 1394 1418 ἐπιγινώσκειν
1424 1345 1524 1413 τήν
1569 1343 1877 1420 ἀγαθότητα
1921 1346 2018 1400 τοῦ

373 1435 530 1500 Θεοῦ,
586 1429 676 1484 καί
732 1431 1158 1504 καταγινώσκειν
1213 1437 1327 1488 τῶν
1380 1433 1789 1506 ἁμαρτημάτων
1848 1435 1920 1487 ὧν
1980 1437 2014 1503 ἡ

373 1520 561 1595 ἄφεσις
609 1518 893 1592 πρόκειται
940 1517 1030 1574 διὰ
1079 1518 1490 1594 φιλανθρωπίαν
1542 1527 1642 1575 τοῦ
1674 1524 1925 1594 Χριστοῦ,
1957 1522 2018 1584 ὃς

381 1607 514 1678 ύπὶρ
561 1611 669 1660 τῶν
729 1607 1008 1682 ἀμαρτίῶν
1066 1609 1226 1680 ἡμῶν
1283 1609 1346 1662 τὸ
1402 1605 1539 1664 ἴδιον
1600 1609 1806 1685 έξέχεεν
1859 1612 2016 1681 αἷμα.

380 1692 737 1769 ιιολλαχόθεν
770 1691 828 1748 δὶ
854 1699 952 1763 τῆς
981 1701 1196 1772 γραφῆς
1241 1693 1609 1768 διδασκόμεθα
1637 1698 1735 1765 τὴν
1787 1695 2014 1770 δύναμιν

2133 552 2329 618 tentia)
2360 551 2702 621 adjumento
2736 552 2951 606 sarcire
2973 568 3038 605 ac
3069 568 3349 606 renovare
3381 553 3538 607 licet.
3565 556 3763 624 Neque

2132 641 2288 695 enim
2303 642 2748 695 miserationum
2772 643 2871 696 Dei
2897 641 3211 696 multitudo
3235 645 3531 697 numerari
3549 649 3760 714 potest,

2128 745 2238 784 nec
2251 729 2398 784 mise
2408 729 2673 783 ricordiae
2687 729 2872 799 ipsius
2885 729 3226 800 magnitudo
3240 731 3302 785 in
3317 747 3655 786 mensuram
3675 751 3766 787 ca-

2127 816 2382 883 dit(Psal.
2409 817 2606 887 cxuv).
2631 819 3113 884 Peccatacontra,
3143 835 3508 889 quaacunque
3525 821 3761 875 tandem

2127 903 2230 958 illa
2242 904 2780 970 fuerint,mensuraa
2795 922 2862 960 ac
2877 923 3122 960 numero
3138 908 3680 977 subjiciuntur.Quo
3698 910 3763 962 fit

2126 996 2431 1057 utea,cum
2445 993 2504 1045 in
2520 1009 2857 1047 mensuram
2873 1010 2939 1048 ac
2951 1010 3264 1048 numerum
3278 995 3531 1064 cadant,i
3543 1013 3763 1050 mmen-

2128 1079 2360 1134 samDei
2374 1080 2838 1135 misericordiam
2853 1087 3030 1153 atque
3042 1083 3508 1138 innumerabiles
3522 1085 3761 1139 misera-

2127 1169 2318 1224 tiones
2347 1171 2580 1224 vincere
2610 1177 2928 1240 nequeant.

2195 1259 2278 1311 Ac
2296 1257 2542 1327 proinde
2557 1258 2629 1311 ob
2641 1265 3016 1328 peccatorum
3038 1259 3479 1314 multitudinem
3495 1261 3759 1316 animum

2130 1344 2499 1415 despondere
2538 1346 2784 1400 minime
2808 1347 3108 1417 jubemur,
3161 1348 3262 1402 sed
3294 1348 3396 1402 Dei
3435 1349 3760 1404 bonitatem

2127 1447 2466 1503 agnoscere,
2499 1451 2565 1489 ac
2595 1442 2836 1505 peccata
2856 1440 3057 1490 nostra
3079 1436 3760 1507 condemnare.quorum

2127 1523 2397 1578 remissio
2420 1523 2876 1593 propterChristi
2891 1521 3314 1592 benignitatem
3332 1525 3634 1594 proposita
3649 1531 3755 1591 est,

2127 1612 2228 1682 qui
2249 1628 2354 1681 pro
2379 1610 2702 1666 sceleribus
2724 1611 2942 1665 nostris
2965 1611 3313 1681 sanguinem
3332 1628 3505 1666 suum
3528 1613 3755 1667 elTudit.

2125 1701 2305 1754 Porro
2325 1716 2459 1753 cum
2475 1716 2545 1753 ex
2561 1699 2761 1753 multis
2783 1698 3094 1770 Scripturaa
3108 1699 3254 1754 locis
3276 1701 3621 1769 pcenitentia
3641 1703 3757 1758 vim

375 1789 476 1852 τῆς
529 1780 835 1854 μετανοίας,
894 1783 983 1837 καὶ
1031 1781 1267 1854 μάλιστα
1316 1783 1376 1838 έκ
1433 1788 1538 1839 τῶν
1587 1783 2016 1860 προσταγμάτων

450 1870 464 1883 .
657 1865 685 1883 ο
724 1870 795 1883 ...
963 1874 987 1883 _
1048 1875 1088 1883 --
1171 1871 1183 1883 .
1316 1874 1330 1883 .
1399 1876 1425 1883 _
1528 1875 1566 1883 .-
1676 1877 1703 1883 _
1964 1878 1990 1883 _

2127 1785 2524 1852 addiscamus,
2546 1791 2667 1840 tum
2683 1786 3056 1856 potissimum
3080 1802 3149 1839 ex
3170 1787 3402 1841 Domini
3421 1789 3606 1842 nostri
3623 1791 3759 1844 Jesu

377 1870 467 1926 καὶ
505 1865 838 1943 παραϐολῶν
893 1874 990 1925 τοῦ
1047 1871 1250 1945 Κυρίου
1307 1874 1465 1944 ἡμῶν
1523 1875 1708 1942 Ἰησοῦ
1758 1878 2015 1947 Χριστοῦ.

374 1960 510 2017 Ἀπὸ
569 1959 690 2013 τότε
744 1959 867 2032 γὰρ,
928 1959 1092 2035 φησὶν
1148 1961 1247 2031 (9),
1303 1959 1503 2035 ἤρξατο
1535 1961 1800 2030 ὁίησοῦς
1857 1959 2017 2016 διδά-

373 2068 520 2102 σκειν
578 2049 666 2100 καὶ
729 2046 927 2123 λέγειν·
991 2053 1336 2102 Μετανοεῖτε·
1388 2045 1582 2122 ἤγγικε
1625 2049 1725 2123 γὰρ
1764 2051 1798 2118 ἡ
1861 2050 2016 2124 βασι-

376 2135 502 2190 λεία
527 2140 634 2190 τῶν
660 2135 922 2211 οὐρανῶν.
957 2133 1133 2192 Ἀλλὰ
1177 2136 1262 2203 καὶ
1315 2135 1369 2190 έν
1411 2132 1708 2210 παραϐομῇ
1753 2136 1866 2192 υἱόν
1897 2158 2019 2192 τινα

379 2223 672 2298 εἰσηγεῖται
708 2225 839 2296 (10),
888 2218 1126 2278 λαϐόντα
1177 2224 1277 2292 τὴν
1323 2228 1421 2278 τοῦ
1468 2225 1669 2299 πατρὸς
1718 2225 2016 2280 οὐσίανκαὶ

377 2313 454 2373 είς
499 2313 684 2386 χώραν
743 2309 1175 2383 ἀποδημήσαντα
1233 2313 1460 2385 μακρὰν,
1509 2318 1664 2367 κακεῖ
1711 2312 1762 2367 έν
1814 2315 2016 2383 ἀσωτίᾳ

375 2401 547 2455 πάντα
574 2398 1062 2455 κανταναλώσαντα
1116 2401 1250 2473 (11),
1311 2404 1448 2470 εἶτα,
1509 2400 1678 2474 λιμοῦ
1730 2402 1867 2456 κατά
1915 2403 2015 2471 τήν

377 2490 563 2565 χώραν
596 2489 801 2561 ἐκείνην
834 2489 1153 2565 γενομένου,
1185 2487 1489 2546 απελθόντα
1537 2492 1624 2545 καὶ
1673 2489 2015 2560 κολληθέντα

377 2579 456 2635 lvi
484 2583 591 2634 τῶν
624 2582 882 2652 πονηρῶν
916 2576 1158 2632 πολιτῶν
1207 2585 1306 2646 τῆς
1335 2577 1798 2652 πολυαμαρτήτου
1829 2579 2016 2654 χώρας

379 2665 610 2736 ἐκείνης’
666 2667 725 2727 ’ὸς
779 2666 867 2720 καὶ
927 2661 1164 2738 ἔπεμψεν
1225 2665 1380 2720 αὐτὸν
1417 2709 1431 2732 ,
1491 2666 1690 2740 φησὶν,
1754 2666 1830 2728 εἰς
1886 2666 2015 2729 τοὺς

376 2752 572 2827 ἀγροὺς
603 2753 763 2807 αὐτοῦ
797 2752 1007 2827 βόσκειν
1063 2751 1314 2826 χοίρουςο
1372 2753 1472 2820 τὴν
1534 2754 1878 2827 τραχυτάτην
1925 2753 2014 2808 καί

379 2839 645 2917 βδελυρὰν
674 2841 938 2917 ἁμαρτίαν
969 2840 1114 2896 οὕτω
1157 2840 1408 2903 καλέσας.
1457 2839 1650 2897 Πολλὰ
1675 2839 1786 2914 ιοῦν
1835 2845 2016 2917 μογή-

375 2952 489 2998 σας,
549 2932 638 2986 καὶ
703 2931 777 2992 είς
837 2931 1074 3006 ἐσχάτην
1141 2929 1429 2999 ἐληλακὼς
1485 2929 1878 3004 ταλαιπωρίαν,
1937 2933 2011 2994 ὡς

375 3017 518 3092 μηδὶ
543 3021 643 3087 τῆς
685 3017 1010 3094 βρομώδους
1057 3022 1165 3073 τῶν
1196 3018 1406 3094 χοίρων
1460 3023 1666 3098 τροφῆς
1709 3022 1808 3089 τὴν
1868 3019 2012 3074 ΐδίαν

369 3107 580 3182 ’ἰσχύειν
651 3105 930 3180 ἐμπλῆσαι
1011 3106 1243 3183 γαστέρα
1274 3150 1290 3177 ,
1349 3107 1425 3169 είς
1498 3108 1836 3178 συναίσθησιν
1915 3107 2013 3182 ὀψέ

369 3218 502 3253 ποτε
529 3199 637 3270 (12)
667 3195 844 3252 έλθὼν
869 3200 967 3266 τῆς
1012 3195 1271 3268 τοιαύτης
1314 3196 1602 3272 αἰσχύνης,
1651 3201 1752 3256 90
1798 3200 2009 3274 θρηνῶν

369 3286 557 3341 δαυτὸν
591 3280 766 3359 ἔλεγε·
804 3285 970 3342 Πόσοι
1023 3285 1227 3356 μίσθιοι
1254 3289 1356 3341 τοῦ
1409 3285 1613 3360 πατρός
1673 3306 1776 3359 μου
1833 3307 2022 3361 περισ-

375 3372 613 3428 σεύονται
645 3369 823 3446 ἄρτων
859 3374 871 3428 ί
904 3371 1010 3448 ἐγὼ
1069 3369 1128 3427 δὶ
1179 3371 1332 3446 λιμῷ
1383 3371 1723 3445 ἀπόλλυμαι.
1761 3374 2017 3436 Ἀναστὰς

375 3460 714 3533 πορεύσομαι
755 3460 893 3534 πρὸς
937 3461 1030 3514 τὸν
1087 3461 1294 3534 πατέρα
1353 3482 1480 3533 μου,
1537 3462 1628 3516 καὶ
1685 3460 1790 3516 έσω
1846 3463 2017 3534 αὐτῷ*

379 3549 571 3622 πάτερ,
602 3545 848 3622 ἥμαρτον
909 3547 985 3610 εἷς
1035 3549 1128 3603 τὸν
1184 3547 1408 3624 οὐρανὸν
1466 3548 1555 3603 καὶ
1614 3548 1843 3604 ἐνώπιόν
1902 3571 2018 3619 σου,

379 3637 468 3692 καὶ
503 3635 602 3691 οὐκ
633 3635 751 3709 εῒμὶ
781 3637 928 3706 ἄξιος
957 3635 1232 3706 κληθῆναι
1273 3634 1387 3698 υίός
1439 3655 1555 3691 σου·
1589 3637 1820 3708 ποίησόν
1852 3657 1919 3710 με
1948 3638 2022 3700 ὡς

380 3721 474 3780 ἵνα
499 3729 608 3778 τῶν
661 3722 886 3796 μισθίων
926 3735 1064 3780 σου.
1124 3724 1222 3778 Καὶ
1273 3723 1497 3786 ἀναστὰς
1549 3722 1688 3793 ἦλθε
1741 3726 1876 3800 πρὸς
1927 3727 2019 3780 τὸν

379 3813 584 3886 πατέρα
613 3811 796 3867 αὐτοῦ.
852 3813 914 3869 Ὁ
962 3809 1040 3881 Si,
1089 3810 1368 3887 ποῤῥωθεν
1420 3809 1549 3867 ἰδὼν
1591 3813 1775 3882 αὐτὸν,
1821 3811 2020 3868 ἐσπλα-

378 3898 640 3974 γχνίσθη,
687 3897 776 3952 καὶ
808 3895 1174 3972 προσδραμὼν
1236 3893 1630 3971 ἑνηγκαλίσατο
1685 3897 1775 3952 καὶ
1808 3919 2020 3971 συμπα-

379 3989 490 4052 θῶς
543 3986 891 4064 κατεφίλησε·
937 3987 1050 4057 καὶ,
1079 3993 1180 4055 τῆς
1228 3987 1493 4062 προτέρας
1548 3987 1779 4057 ἀξιώσας
1829 3992 2020 4061 τιμῆς,

384 4075 575 4149 ἑορτὴν
617 4074 966 4150 χαρμόσυνον
1025 4074 1113 4130 ἐπὶ
1164 4079 1232 4148 τῇ
1289 4073 1452 4130 αὐτοῦ
1508 4075 1777 4150 ἀνευρέσει
1829 4074 2022 4146 έποιή-

383 4183 534 4230 σατο,
567 4161 730 4226 θύσας
755 4163 846 4216 τὸν
895 4162 1104 4237 μόσχον
1156 4163 1248 4216 τὸν
1308 4163 1569 4219 σιτευτόν.
1629 4159 1770 4218 Ἰδοὺ
1817 4163 2017 4233 ταύτην

377 4251 476 4318 τὴν
509 4249 834 4326 παραβολὴν
865 4251 987 4325 περὶ
1018 4253 1125 4304 τῶν
1167 4247 1217 4322 έε
1250 4251 1526 4324 ἁμαρτιῶν
1579 4251 2021 4325 ὑποστρεφόντων

378 4337 469 4393 καὶ
525 4338 576 4393 έν
635 4339 892 4410 μετανοίᾳ
945 4336 1400 4414 προσπιπτόντων
1472 4339 1608 4410 ἡμῖν
1671 4337 1968 4413 ἐξηγήσατο
2002 4379 2015 4394 .

379 4424 558 4484 Ἀλλὰ
585 4427 676 4480 καὶ
706 4427 945 4497 ποιμένα
971 4426 1094 4481 τινὰ
1122 4425 1314 4499 ἀγαθὸν
1349 4423 1499 4490 αὖθις
1544 4422 1711 4494 δηλοῖ
1755 4430 1867 4496 (13)
1897 4427 2022 4482 έκα-

2125 1875 2339 1929 Christi
2362 1874 2693 1929 actionibus
2715 1891 2779 1928 ac
2812 1874 3126 1944 parabolis.
3169 1876 3249 1928 Ex
3271 1880 3412 1930 tunc
3444 1877 3622 1944 enim,
3655 1879 3758 1944 ait,

2123 1964 2298 2034 caapit
2323 1966 2490 2018 Jesus
2521 1963 2753 2025 docere,
2788 1967 2846 2016 et
2872 1963 3098 2018 dicere:
3139 1965 3550 2019 Pcenitentiam
3581 1967 3754 2036 agite,

2123 2051 2614 2123 appropinquavit
2643 2052 2801 2105 enim
2832 2068 3078 2123 regnum
3101 2053 3375 2107 cmlorum
3411 2055 3626 2123 (Matth.
3655 2058 3752 2118 ιιι).
3823 2095 3830 2101 .

2120 2140 2271 2204 Quin
2311 2140 2488 2194 etiam
2529 2139 2589 2193 in
2620 2139 2902 2210 parabola
2931 2139 3118 2193 ﬁlium
3151 2141 3465 2209 quemdam
3507 2139 3756 2208 inducit,

2121 2227 2271 2298 (Luc.
2297 2227 2412 2296 xv),
2434 2227 2534 2297 qui
2553 2243 2686 2280 cum
2709 2226 2966 2296 acceptis
2984 2228 3250 2297 paternis
3281 2228 3490 2297 opibus
3522 2228 3582 2281 in
3623 2227 3754 2281 lon-

2119 2315 2401 2386 ginquam
2423 2315 2723 2386 regionem
2738 2313 3033 2384 profectus
3045 2313 3497 2384 fuisset,easque
3516 2315 3575 2368 in
3591 2317 3752 2369 omni

2119 2403 2292 2457 luxus
2323 2408 2496 2472 atque
2523 2401 2995 2471 intemperantia:
3021 2418 3234 2473 genere
3266 2404 3752 2474 consumpsisset,

2119 2497 2345 2562 postea,
2369 2491 2607 2556 regione
2630 2489 2734 2543 illa
2755 2489 2906 2544 fame
2928 2489 3235 2545 laborante
3249 2491 3414 2557 abiit,
3437 2498 3492 2546 et
3508 2491 3757 2546 adhaesit

2117 2579 2221 2633 uni
2236 2579 2450 2632 civium
2463 2577 2719 2649 regionis
2732 2577 2912 2631 illius.
2946 2577 3053 2640 Qui
3069 2579 3244 2633 etiam
3263 2579 3430 2632 illum
3455 2580 3512 2632 in
3527 2596 3753 2651 agrum,

2116 2671 2184 2720 ut
2196 2666 2542 2736 porcos,hoc
2557 2663 3029 2734 estasperrimum
3045 2671 3102 2718 et
3113 2665 3536 2720 exsecrandum
3551 2683 3757 2735 pecca-

2119 2759 2264 2820 tum,
2290 2758 2577 2823 pasceret,
2602 2753 2780 2806 misit.
2809 2755 2946 2808 Cum
2967 2754 3165 2824 itaque
3186 2753 3390 2808 multis
3407 2753 3755 2807 calamitati-

2119 2840 2229 2895 bus
2243 2842 2487 2896 aﬂ'ectus
2508 2840 2920 2911 fuisset,atque
2935 2843 2996 2895 in
3013 2847 3232 2896 tantam
3249 2841 3548 2894 miseriam
3564 2841 3756 2895 venis-

2119 2934 2227 2998 set,
2261 2934 2325 2984 ut
2354 2945 2429 2983 ne
2468 2944 2780 2998 porcorum
2814 2929 3055 2999 quidem
3086 2929 3318 2999 siliquis
3348 2929 3459 2998 ipsi
3490 2935 3754 2983 ventrem

2120 3033 2293 3072 suum
2309 3017 2557 3087 implere
2575 3015 3047 3083 liceret,tandem
3069 3016 3387 3087 aliquando
3405 3018 3557 3071 hanc
3572 3033 3757 3086 usque

2122 3105 2268 3160 adeo
2281 3120 2514 3175 gravem
2529 3104 2912 3174 ignominiam
2928 3104 3576 3176 agnoscens,vitamque
3591 3121 3758 3159 suam

2127 3192 2356 3264 lugens,
2381 3191 2646 3247 dicebat:
2671 3193 2882 3256 Quanti
2907 3193 3260 3247 mercenarii
3291 3193 3350 3246 in
3382 3192 3554 3246 domo
3576 3193 3758 3262 patris

2127 3282 2243 3338 mei
2260 3281 2564 3338 abundant
2583 3281 2857 3353 panibus,
2885 3298 2987 3354 ego
3013 3287 3208 3336 autem
3228 3282 3382 3336 fame
3403 3297 3598 3352 pereo.
3619 3281 3759 3334 Sur-

2125 3390 2279 3445 gam,
2308 3379 2366 3428 et
2393 3373 2489 3427 ibo
2521 3373 2593 3428 ad
2618 3379 2845 3444 patrem
2882 3389 3102 3438 meum,
3137 3378 3195 3428 et
3223 3373 3412 3428 dicam
3446 3373 3530 3428 ei:
3564 3375 3756 3439 Pater,

2125 3461 2357 3532 peccavi
2381 3461 2441 3514 in
2462 3461 2673 3516 celum
2699 3466 2756 3514 et
2777 3477 2976 3516 coram
3001 3466 3075 3526 te,
3090 3461 3217 3532 jam
3240 3477 3359 3516 non
3387 3477 3514 3514 sum
3549 3460 3759 3531 dignus

2124 3549 2319 3604 vocari
2335 3547 2492 3602 illius
2508 3553 2663 3616 tuus,
2678 3549 2768 3602 fac
2783 3565 2875 3603 me
2891 3549 3042 3603 sicut
3063 3567 3244 3604 unum
3275 3549 3345 3603 de
3379 3549 3760 3605 mercenariis

2127 3637 2264 3692 tuis.
2283 3639 2354 3690 Et
2370 3651 2616 3707 surgens
2637 3636 2796 3691 venit
2816 3636 2890 3691 ad
2911 3644 3139 3707 patrem
3176 3653 3366 3692 suum.
3388 3638 3531 3690 Cum
3562 3642 3760 3690 autem

2125 3725 2319 3780 adhuc
2340 3724 2512 3796 longe
2531 3730 2704 3791 esset,
2728 3724 2876 3778 vidit
2896 3725 3064 3778 illum
3085 3731 3250 3794 pater
3271 3741 3433 3787 suus,
3453 3728 3512 3778 et
3532 3724 3759 3777 miseri-

2125 3813 2326 3869 cordia
2340 3817 2535 3866 motus
2559 3817 2740 3878 est,ac
2759 3828 3076 3867 accurcens
3097 3811 3310 3866 cecidit
3333 3828 3509 3880 super
3539 3810 3758 3865 collum

2127 3901 2276 3972 ejus.
2297 3905 2356 3955 et
2375 3900 2675 3956 osculatus
2697 3907 2787 3955 est
2806 3917 2962 3965 eum,
2985 3907 3162 3970 atque
3185 3898 3490 3970 inpristini
3513 3899 3757 3953 honoris

2123 3989 2320 4045 locum
2334 3989 2759 4056 restituit,etob
2772 3990 2958 4060 ipsius
2971 3989 3370 4044 inventionem
3385 3987 3757 4043 laetissimum

2124 4077 2339 4132 festum
2367 4076 2701 4144 celebravit,
2734 4078 2926 4132 occiso
2961 4077 3141 4131 vitulo
3169 4077 3453 4147 saginato.
3486 4078 3569 4129 En
3602 4077 3755 4131 hanc

2125 4164 2465 4236 parabolam
2493 4164 2564 4218 de
2588 4165 2660 4218 iis
2685 4165 2784 4234 qui
2816 4181 2849 4218 a
2877 4165 3132 4234 peccatis
3161 4164 3457 4230 resiliunt,
3485 4168 3659 4234 atque
3681 4164 3756 4219 ad

2125 4252 2532 4324 pmnitentiam
2555 4258 2890 4318 accurrunt,
2913 4251 3084 4306 nobis
3105 4253 3604 4306 commemoravit.
3620 4252 3760 4316 Qui-

2126 4341 2349 4395 netiam
2380 4340 2600 4395 bonum
2621 4339 2938 4411 quemdam
2969 4345 3264 4411 pastorem
3294 4357 3498 4394 rursus
3531 4339 3760 4394 inducit

2126 4430 2277 4499 (Luc.
2305 4430 2415 4497 xv),
2439 4429 2540 4498 qui
2553 4444 2688 4483 cum
2701 4434 2939 4483 centum
2953 4444 3088 4482 oves
3101 4428 3366 4494 haberet,
3388 4433 3563 4497 atque
3577 4444 3756 4482 unam

377 4514 468 4568 τὸν
500 4513 776 4589 ἐσχηκότα
824 4508 1071 4588 πρόϐατα
1125 4513 1236 4582 καὶ,
1293 4517 1390 4567 τοῦ
1449 4513 1561 4576 ένὸς
1616 4511 2016 4581 ἀπωλωλότος,

2128 4516 2444 4581 amisisset,
2477 4516 2700 4570 relictis
2714 4517 3276 4588 nonagintanovem,
3309 4516 3755 4586 adconquiren-

379 4599 746 4656 καταλιπόντα
817 4601 884 4656 τὰ
953 4600 1421 4671 ένενηκονταεννέα
1455 4644 1470 4670 ,
1547 4601 1622 4662 εἰς
1692 4600 2008 4671 ἐπιζήτησιν

377 4692 475 4744 τοῦ
505 4689 792 4762 ἀλωμένου
833 4686 1089 4760 ἐξελθεῖν,
1145 4686 1251 4751 ἳως
1308 4687 1479 4763 εὑρὼν
1537 4688 1687 4757 αὐτὸ,
1747 4690 1835 4744 καὶ
1890 4695 2012 4752 τοῖς

381 4774 556 4850 ὤμοις
612 4771 920 4845 ἀναλαϐὼν,
971 4781 1091 4838 τοῖς
1141 4773 1402 4831 ἂπλανέσι
1461 4778 1835 4851 συγκατέμιξε,
1883 4798 2016 4852 συγ-

377 4863 611 4929 καλέσας
637 4864 763 4928 τοὺς
805 4864 998 4942 φίλους
1053 4866 1143 4918 καὶ
1197 4863 1326 4926 τοὺς
1377 4863 1619 4939 γείτονας
1674 4864 1749 4926 εἷς
1781 4864 2016 4940 εύωχίαν

2123 4603 2255 4660 dam
2271 4620 2400 4658 eam
2419 4620 2548 4674 quae
2563 4603 2873 4659 aberrabat
2885 4605 3179 4674 profectus
3198 4604 3500 4670 est,donec
3523 4620 3649 4658 eam
3666 4604 3755 4658 in-

2120 4692 2577 4763 venisset,atque
2591 4693 2854 4747 humeris
2868 4693 3180 4760 sublatam,
3199 4709 3333 4748 cum
3346 4693 3419 4747 iis
3432 4709 3564 4761 quae
3577 4692 3755 4746 mini-

2122 4797 2217 4835 me
2231 4780 2792 4852 aberraveruntconj
2805 4782 3201 4846 unxisset.Qui
3225 4781 3400 4835 etiam
3428 4781 3538 4834 hoc
3560 4781 3754 4834 nomi-

2125 4884 2199 4924 ne
2211 4884 2434 4924 amicos
2447 4885 2515 4924 ac
2527 4869 2750 4924 vicinos
2764 4868 2836 4924 ad
2849 4869 3177 4924 convivium
3195 4868 3266 4923 ob
3290 4884 3422 4922 eam
3453 4868 3751 4922 inventam

448 5025 522 5097 (8)
553 5024 768 5102 Paulus
797 5023 980 5102 Epist.
1013 5023 1086 5102 ad
1118 5023 1312 5102 Hebr,“
1325 5041 1396 5087 v1,
1430 5025 1484 5102 ἦε,
1516 5026 1569 5092 9,
1616 5023 1803 5102 multo
1857 5040 2016 5080 sever

2165 5029 2300 5081 est:
2334 5021 2622 5081 Ἀδύνατον
2656 5027 2759 5101 γὰρ
2815 5023 2942 5088 τοὺς
2999 5025 3138 5087 ἄπας
3194 5023 3623 5102 φωτισθέντας...
3663 5025 3754 5079 καὶ

375 5091 799 5167 παραπεσόντας,
833 5091 998 5146 πάλιν
1030 5092 1389 5162 ἀνακαινίζειν
1422 5091 1498 5154 είς
1533 5091 1835 5166 μετάνοιαν.

466 5171 518 5236 9)
550 5166 748 5221 Matth.
782 5181 855 5232 1v,
889 5168 974 5220 17.

472 5239 554 5308 10)
587 5236 757 5308 Apud
787 5237 920 5290 Luc.
953 5252 1057 5308 xv,
1079 5239 1163 5300 11,
1198 5252 1264 5306 sq

445 5239 556 5374 (1οζ
587 5239 757 5320 Apud
787 5239 920 5290 Luc.
953 5252 1044 5304 xv,
1079 5239 1163 5300 11,
1198 5250 1327 5360 ΞΕῙἙ
1944 5308 1972 5320 ⁸

444 5312 527 5373 (11
588 5311 656 5373 Α,
685 5326 855 5359 πασαν
886 5325 1004 5362 κατ.
1041 5307 1260 5361 Lucas:
1326 5305 1696 5373 απανήσαντος
1727 5301 1784 5360 δὶ
1813 5304 1976 5360 αύτου
2005 5305 2197 5361 πάντα.

447 5373 558 5448 (12)
589 5380 630 5433 C
660 5379 792 5468 sine
822 5375 942 5464 ὀψέἒ
971 5377 1197 5468 Saepius
1214 5377 1425 5468 ‘jungit
1453 5376 1559 5468 ὀψέἱ
1576 5379 1844 5468 3:013:10.
1877 5378 2016 5457 Chri‘

2125 5383 2331 5468 tomus.
2366 5378 2537 5468 γει-ρί
2569 5380 2894 5467 causa-Ecl.
2943 5396 3002 5468 ρ,
3032 5383 3167 5468 2οξ5ε
3202 5373 3629 5468 ΛΔιαβλέψτωμεν,
3655 5377 3749 5430 κᾶν

505 5443 656 5525 ποτε,
687 5447 822 5525 χρὴ,
845 5443 982 5525 προς
1011 5443 1632 5525 τᾶ-μέλλοντᾶτ.ε.-Ὂψὶ
1651 5451 1780 5525 γοῦν
1813 5467 1943 5502 ποτε
1969 5448 2068 5519 τὴν
2100 5447 2256 5505 νόσον
2288 5444 2546 5514 ἀπόθεσθε
2572 5455 2670 5519 τῆς
2700 5452 2806 5504 τῶν
2839 5443 3080 5525 χρυσίων
3107 5448 3415 5525 ἐπιθυμίας.
3433 5443 3672 5507 Ἐὰνειιδ
3693 5465 3752 5520 p.

377 5517 520 5576 382:
551 5517 864 5588 ἀναστῶμεν
891 5517 994 5590 ’όψὶ
1021 5521 1145 5588 γοῦν
1179 5537 1329 5573 ποτε.
1366 5519 1525 5574 Adde
1645 5517 1768 5574 446.

451 5610 560 5679 (13)
591 5607 777 5678 Apud.
802 5607 935 5662 Luc.
968 5623 1058 5678 xv,
1089 5608 1188 5662 4...
