4042 6154
284 287 391 342 959

1793 284 2164 341 ADDBNDA.

3568 277 3675 334 960

290 412 711 468 celebrandum
742 410 1023 466 invitavit.
1053 406 1927 479 Ita,inquitSalvator,gaudium

2044 405 2092 463 ἒν
2139 411 2205 481 τῇ
2261 408 2457 465 τούτου
2509 408 2733 483 εὐρέσει.
2780 405 2959 479 Οὕτω,
3018 404 3234 482 φησὶνὸ
3268 404 3489 477 Σωτὴρ,
3516 404 3674 477 χαμὰ

292 501 486 555 eritin
506 500 651 554 caelo
672 515 979 570 superuno
995 504 1300 569 peccatore
1314 496 1719 567 pmuitentiam
1746 512 1922 567 agen-

296 595 555 658 te,quam
574 605 750 658 super
762 588 1083 659 nonaginta
1095 585 1618 655 novemjustis,qui
1636 601 1755 639 non
1773 585 1927 639 indi-

290 681 430 748 gent
458 676 827 747 pwnitentia.

361 766 553 833 Atque
585 764 729 818 adeo
762 761 1190 833 discipulorum
1237 760 1513 831 princeps
1564 761 1790 826 Petrus,
1826 760 1931 815 illa

292 853 537 921 inquam
563 851 697 905 ﬁdei
732 857 919 921 petra,
952 850 1079 920 ipso
1110 848 1430 903 ralutiferae
1460 848 1757 918 passionis
1788 854 1931 903 tem-

291 956 431 1010 pore
462 945 623 993 certo
643 939 898 1009 quodam
921 937 1169 991 consilio
1195 936 1624 1006 aliquantisper
1641 952 1675 990 a
1696 938 1811 991 Deo
1834 937 1930 991 de-

297 1032 647 1097 sertus(nem
658 1046 726 1099 pe
748 1034 812 1082 ut
833 1030 1105 1082 humana)
1127 1025 1553 1081 imbecillitatis
1567 1026 1848 1081 vilitatem
1866 1043 1932 1082 ac

299 1118 600 1172 miseriam
624 1123 992 1187 perspectam
1006 1115 1367 1181 haberet),eo
1384 1115 1604 1184 peccati
1624 1115 1931 1185 prolapsus

300 1212 479 1265 est.ut
496 1207 807 1260 Dominum
847 1205 1147 1274 abjuraret
1186 1206 1337 1267 (Luc.
1373 1202 1532 1273 xxii).
1566 1206 1704 1257 Post
1734 1210 1929 1259 autem

292 1294 601 1349 confestim
613 1342 619 1348 .
631 1292 1394 1363 inquit,verborumDomini
1409 1291 1931 1359 recordatus,foras

294 1382 487 1448 exivit,
510 1387 566 1435 et
587 1382 747 1435 ﬂevit
766 1396 1057 1445 amare,ac
1080 1396 1185 1451 per
1203 1380 1464 1434 calentes
1481 1379 1613 1434 illas
1633 1380 1931 1450 lacrymas

288 1476 597 1540 acceptum
617 1470 1043 1523 detrimentum
1066 1468 1753 1538 sarcivit,victoriamque
1767 1469 1828 1522 in
1842 1468 1927 1522 al-

292 1565 476 1613 teram
492 1564 717 1629 partem
736 1558 1130 1611 intlexit.Nam
1154 1573 1289 1611 cum
1305 1557 1390 1610 rei
1416 1556 1627 1611 militat
1640 1557 1689 1610 is
1708 1557 1931 1627 peritus

287 1652 463 1709 esset,
485 1645 713 1700 etiamsi
736 1645 978 1710 cecidit;
1000 1661 1120 1699 non
1138 1650 1335 1699 tamen
1366 1645 1564 1698 animo
1584 1644 1803 1699 fractus
1821 1649 1928 1714 est,

285 1751 395 1789 nec
418 1734 625 1790 salutis
646 1750 764 1789 sum
785 1750 949 1805 spem
968 1733 1059 1804 abj
1071 1733 1186 1788 ecit
1205 1756 1219 1799 ;
1236 1748 1440 1787 verum
1465 1731 1927 1798 resiliens,acer-
1959 1763 2006 1824 Β

286 1823 562 1879 bissimas
585 1840 653 1877 ex
683 1838 965 1893 oppresso
986 1827 1223 1892 pectore
1243 1821 1535 1892 lacrymas
1560 1820 1839 1891 profudit,
1860 1837 1927 1876 ac

289 1912 485 1965 statim
509 1916 574 1965 ut
589 1927 688 1965 eas
711 1910 898 1964 hostis
917 1909 1368 1979 conspexit,non
1388 1924 1557 1962 secus
1570 1913 1746 1979 atque
1761 1910 1927 1963 vehe-

288 1999 656 2052 mentissime
674 1998 983 2069 cujusdam
1003 1998 1254 2051 ﬂammae
1268 1995 1477 2051 ardore
1497 1996 1783 2051 ambustis
1797 2013 1927 2051 ocu-

282 2085 378 2151 lis,
402 2085 614 2155 pedem
627 2085 849 2150 retulit,
874 2084 1079 2155 procul
1093 2084 1346 2154 fugiens,
1372 2088 1546 2153 atque
1562 2084 1925 2139 horrendum

290 2174 349 2227 in
367 2174 607 2228 modum
622 2174 1096 2243 ejulans.Contra
1107 2178 1305 2227 autem
1318 2172 1419 2225 ille
1434 2172 1763 2241 principem
1796 2190 1928 2226 rur-

290 2260 630 2314 sumlocum
659 2260 868 2323 tenuit;
895 2257 1398 2328 quemadmodum
1421 2258 1599 2312 totius
1622 2258 1780 2313 orbis
1802 2275 1927 2313 ma-

291 2347 1015 2419 gisterinstitutusfuerat,
1047 2346 1127 2399 ita
1150 2346 1325 2399 etiam
1349 2345 1709 2416 paenitentiae
1733 2361 1927 2401 exem-

290 2436 421 2506 plar
437 2436 697 2489 eﬂ'ectus.
709 2438 845 2489 Post
858 2434 1353 2489 resurrectionem
1368 2435 1925 2498 autem,cumChris-

290 2523 570 2577 tustertio
586 2523 806 2578 adeum
820 2522 1086 2589 dixisset,
1102 2524 1291 2586 Petre,
1316 2538 1478 2576 amas
1492 2522 1614 2577 me?
1637 2523 1929 2593 triplicem

289 2610 727 2681 abjurationem
748 2612 1021 2675 correxit,
1050 2609 1417 2680 respondens
1444 2609 1693 2678 scilicet,
1716 2611 1928 2679 Etiam,

293 2698 562 2761 Domine,
596 2704 657 2752 tu
688 2698 804 2752 scis
834 2698 974 2767 quia
1010 2714 1143 2752 amo
1185 2703 1258 2751 te.

360 2787 439 2838 Ex
460 2785 554 2840 his
577 2785 755 2857 igitur
774 2784 1070 2851 omnibus,
1095 2784 1345 2854 aliisque
1360 2785 1931 2856 quamplurimis,at-

295 2889 409 2943 que
430 2873 577 2928 adeo
595 2890 909 2929 numerum
929 2889 1165 2928 omnem
1183 2873 1601 2942 superantibus
1625 2874 1933 2944 exemplis,

292 2961 691 3031 lacrymarum
709 2977 776 3016 ac
789 2962 1147 3031 poenitentiae
1162 2962 1268 3015 vim
1285 2961 1874 3032 intelligimus.Tantu
1885 2979 1938 3017 ιιι

298 3066 475 3120 opera
497 3050 758 3116 detur,ut
777 3051 925 3120 ipsa,
940 3050 1437 3120 quemadmodum
1452 3050 1668 3106 rationi
1682 3066 1932 3105 consen-

2033 490 2264 553 ἕσταιέν
2304 498 2516 572 οὐρανῷ
2572 498 2660 553 έπὶ
2719 497 2797 552 ἑνὶ
2856 494 3170 571 ἁμαρτωλῷ
3233 495 3671 566 μετανοοῦντι,ἢ

2032 583 2118 638 ἐπὶ
2179 586 2648 656 ένενηκονταεννέα
2722 582 3000 654 δικαίοις,
3060 584 3259 643 οἲτινες
3345 579 3407 636 ού
3483 580 3670 655 χρείαν

2033 671 2222 746 ἔχουσι
2256 675 2558 747 μετανοίας.

2108 761 2333 833 ’Δμέλει
2379 764 2468 817 καὶ
2528 763 2556 815 6
2612 766 2915 835 κορυφαῖος
2967 763 3074 814 τῶν
3129 760 3386 831 μαθητῶν
3444 756 3673 831 Πέτρος,

2033 850 2068 917 ἡ
2106 855 2207 917 τῆς
2261 849 2494 913 πίστεως
2548 851 2737 924 πέτρα,
2786 849 2903 903 κατ’
2954 847 3111 901 αὐτὸν
3168 847 3260 900 τὸν
3320 845 3509 917 καιρὸν
3576 847 3674 898 τοῦ

2036 936 2310 1011 σωτηρίου
2369 939 2594 1006 πάθους,
2653 937 2790 1011 πρὸς
2852 937 3041 1011 μικρὸν
3100 932 3538 1010 ἐγκαταλειφθεὶς
3594 931 3680 986 οἶ-

2033 1029 2300 1099 κονομικῇ
2332 1048 2439 1081 τινι
2489 1025 2885 1101 ἐγκαταλείψει,
2918 1025 2991 1085 ὡς
3039 1023 3101 1079 ἂν
3153 1027 3269 1098 γνῷ
3316 1022 3417 1089 τῆς
3469 1020 3678 1093 ἀνθρω-

2034 1113 2195 1182 πίνης
2252 1114 2525 1177 ἀσθενείας
2579 1115 2641 1167 τὸ
2698 1112 2912 1172 εὐτελὲς
2966 1111 3055 1165 καὶ
3107 1109 3480 1178 ταλαίπωρον,
3514 1108 3677 1181 ἀρνή-

2035 1221 2170 1264 σεως
2223 1202 2630 1274 περιπέπτωκεν
2690 1200 3019 1274 ἐγκλήματι·
3075 1201 3172 1254 εἶτ’
3202 1197 3355 1262 εὐθὺς
3420 1196 3676 1269 μνησθεὶς

2033 1293 2139 1343 τῶν
2169 1294 2266 1343 τοῦ
2295 1293 2390 1346 97
2448 1291 2647 1362 Κυρίου
2698 1289 2988 1364 ῥημάτων,
3022 1287 3247 1358 ἐξελθὼν
3300 1285 3400 1358 ἔξω
3448 1282 3679 1340 ἔκλαυσε

2034 1382 2242 1451 πικρῶς
2273 1383 2402 1449 (14)·
2437 1377 2546 1446 καὶ,
2578 1382 2691 1439 τοῖς
2742 1382 2964 1450 θερμοῖς
3024 1376 3250 1439 ἐκείνοις
3299 1372 3522 1448 δάκρυσι
3568 1374 3672 1441 τὴν

2033 1466 2198 1534 ἧτταν
2254 1464 2748 1538 ἀνακαλεσάμενος,
2803 1463 3091 1540 ἑτεραλκέα
3145 1465 3243 1531 τὴν
3300 1462 3455 1531 νίκην
3511 1461 3668 1536 εἰρά-

2036 1575 2185 1613 σατο.
2216 1556 2730 1629 Ἐμπειροπόλεμος
2760 1556 2864 1628 γὰρ
2909 1551 3008 1620 ὢν,
3039 1552 3084 1606 εί
3114 1553 3201 1606 καὶ
3230 1552 3535 1621 πέπτωκεν,
3567 1550 3671 1605 οὐκ

2036 1641 2280 1714 ἐξελύθη,
2305 1640 2420 1697 οὐδ’
2448 1642 2661 1717 ἀπέγνω
2684 1643 2868 1697 ἑαυτὸν
2896 1643 3026 1715 (15)*
3062 1639 3188 1695 ἀλλ’
3211 1636 3535 1699 ἀναποδίσας
3566 1640 3680 1710 (16)

2034 1732 2345 1807 προσήγαγε
2389 1732 2686 1805 πικρότατα
2743 1730 2946 1803 δάκρυα
2996 1729 3101 1784 ἀπὸ
3158 1726 3381 1803 καρδίας
3413 1721 3684 1798 θλιϐομέ-

2036 1837 2197 1888 νηης·
2230 1820 2321 1874 καὶ
2350 1822 2656 1894 παραυτίκα
2684 1821 2712 1874 6
2740 1818 2988 1891 πολέμος
3016 1819 3351 1888 θεασάμενος
3378 1815 3534 1879 αὐτὰ,
3565 1813 3677 1869 ὥσ·

2034 1928 2135 1981 περ
2169 1908 2272 1962 ὑπὸ
2302 1907 2508 1983 φλογὸς
2553 1906 2923 1985 σφοδροτάτης
2977 1907 3069 1967 τὰς
3120 1901 3272 1978 ὄψεις
3320 1902 3678 1980 φλεγόμενος,

2034 1993 2349 2066 ἀπεπήδησε
2379 1996 2592 2074 φεύγων
2658 1997 2862 2069 μακρὰν
2920 1994 3012 2049 καὶ
3043 1992 3231 2053 δεινῶς
3283 1990 3678 2060 ὁλολύζων.Ὁ

2037 2082 2094 2138 δὲ
2125 2083 2423 2162 λορυφαῖος
2471 2089 2765 2160 κορυφαῖος
2811 2084 2880 2152 ἦν
2924 2082 3098 2152 αὖθις,
3141 2081 3320 2157 ὥσπερ
3353 2078 3681 2140 διδάσκαλος

2034 2178 2134 2240 τῆς
2165 2172 2491 2244 οἰκουμένης
2540 2171 2969 2247 χειροτονηθεὶς,
2998 2169 3140 2225 οὕτω
3179 2167 3244 2237 δὴ
3272 2169 3361 2222 καὶ
3392 2168 3677 2240 μετανοίας

2040 2259 2399 2334 ὑπογραμμὸς
2427 2280 2742 2335 γενομενος.
2798 2260 2946 2314 Μετὰ
2994 2256 3050 2313 δὲ
3076 2258 3176 2326 τὴν
3211 2256 3352 2320 θείαν
3401 2255 3677 2330 ἀνέγερσιν

2034 2348 2214 2421 τρίτον
2242 2348 2550 2420 προσειπὼν
2585 2350 2612 2402 ὁ
2660 2348 2893 2423 Χριστὸς
2936 2350 3073 2420 (17),
3127 2347 3314 2421 Πέτρε,
3346 2344 3526 2418 φιλεῖς
3556 2364 3623 2414 με
3660 2362 3679 2411 ;

2035 2438 2098 2491 τὸ
2145 2437 2362 2510 τρισσὸν
2421 2444 2522 2505 τῆς
2550 2438 2826 2509 ἀρνήσεως
2876 2433 3249 2508 διωρθώσατο,
3298 2436 3393 2487 τοῦ
3440 2430 3678 2486 ἀποστό-

2041 2523 2141 2579 λου
2210 2523 2686 2598 ἀποκρινομένου·
2740 2524 2889 2593 Ναὶ,
2957 2522 3170 2598 Κύριε,
3247 2520 3310 2575 σύ
3385 2517 3532 2581 οἶδας
3591 2518 3680 2574 ὅτι

2040 2612 2187 2686 φιλῶ
2218 2632 2294 2667 σε.

2115 2788 2210 2843 Ἐκ
2257 2787 2471 2842 πάντων
2524 2784 2615 2841 οὖν
2674 2785 2881 2841 τούτων
2931 2783 3021 2840 καὶ
3079 2782 3264 2839 ἄλλων
3317 2781 3545 2839 πολλῶν
3586 2781 3686 2838 καὶ

2044 2875 2278 2947 ἀριθμοῦ
2345 2874 2744 2949 ὑπερκειμένων
2822 2871 3272 2948 παραδειγμάτων
3339 2873 3684 2945 μανθάνομεν

2041 2963 2142 3030 τήν
2175 2959 2402 3034 δύναμιν
2437 2966 2545 3016 τῶν
2595 2958 2839 3037 δακρύων
2879 2960 2969 3014 καὶ
3021 2966 3121 3030 τῆς
3179 2960 3482 3032 μετανοίας·
3520 2959 3685 3032 μόνον

2049 3051 2077 3105 ὁ
2106 3049 2332 3124 τρόποις
2384 3048 2586 3119 ταύτης
2645 3046 2953 3123 ἀξιόλογος,
2996 3047 3232 3123 γενέσθω
3280 3047 3338 3103 ἐκ
3394 3045 3691 3111 διαθέσεως

302 3143 542 3193 taueum
559 3139 797 3204 est,ﬁat,
822 3138 932 3192 hoc
968 3143 1055 3192 est
1084 3155 1155 3192 ex
1184 3139 1396 3194 affectu
1430 3144 1733 3209 peccatum
1764 3155 1932 3193 exse-

2053 3112 2489 3213 βδελυσσεμένης
2542 3112 2642 3205 τὴν
2691 3112 2965 3211 αμαρτίαν
2993 3112 3021 3206 ,-
3062 3136 3328 3209 μισούσης
3381 3156 3441 3191 τε
3483 3134 3688 3206 ταύτην

294 3234 494 3283 orante
507 3230 833 3299 ,ipsumque
848 3228 980 3282 odio
996 3228 1529 3298 insectante,atque
1543 3227 1919 3283 condemnan

294 3325 371 3385 te,
397 3333 465 3372 ac
488 3315 777 3385 lacrymas
811 3316 1140 3381 emittente,
1174 3315 1675 3385 quemadmodum
1694 3316 1774 3371 ait
1790 3334 1934 3386 pro-

293 3408 471 3477 pheta
504 3405 709 3459 David:
744 3405 1021 3459 Laboravi
1064 3406 1126 3459 in
1156 3405 1374 3477 gemitu
1407 3421 1561 3473 meo,
1593 3405 1804 3459 lavabo
1838 3421 1945 3475 per

295 3494 557 3565 singulos
572 3499 768 3548 noctes
782 3492 999 3547 lectum
1017 3509 1213 3547 meum
1226 3492 1518 3563 .lacrymis
1532 3493 1679 3547 meis
1694 3498 1941 3547 stratum

299 3598 500 3636 meum
519 3582 716 3653 rigabo
738 3582 902 3646 (Psal.
929 3579 1111 3648 v1).Ac
1136 3585 1257 3634 tum
1284 3585 1661 3651 peccatorum
1675 3581 1941 3652 purgatio

300 3670 621 3740 perChristi
635 3687 903 3725 cruorem
929 3671 989 3725 in
1013 3669 1940 3740 misericordia)ipsiusmagnitu-

301 3757 440 3813 dine
469 3775 531 3813 ac
553 3758 1002 3813 miserationum
1023 3756 1406 3813 multitudine
1423 3757 1943 3829 continget.lpsius

299 3848 457 3901 enim
482 3848 605 3901 hmo
632 3847 803 3901 verba
826 3851 996 3901 sunt:
1018 3847 1073 3900 Si
1097 3845 1571 3916 fuerintpeccata
1589 3845 1945 3900 vestrasicut

296 3935 626 4001 coccinum,
653 3935 821 4005 quasi
844 3935 947 3989 nix
969 3933 1434 4000 dealbabuntur;
1460 3934 1509 3988 si
1529 3938 1729 3989 autem
1741 3938 1939 3987 utver-

296 4021 571 4086 miculus,
605 4022 775 4091 quasi
808 4022 946 4076 lana
975 4022 1109 4076 alba
1141 4027 1333 4075 erunt.

369 4110 502 4163 Haec
524 4110 762 4179 quidem
785 4110 869 4164 sic
891 4126 952 4165 se
975 4109 1192 4164 habent
1219 4114 1276 4163 et
1307 4124 1376 4164 ea
1406 4111 1495 4163 est
1536 4108 1681 4163 ﬁdes
1715 4112 1940 4162 nostra.

303 4199 504 4267 Opera;
535 4198 789 4267 pretium
821 4203 909 4252 est
939 4198 1138 4268 itaque
1170 4203 1237 4253 ut
1264 4203 1650 4268 posteaquam
1682 4196 1943 4251 veritatis

299 4284 697 4357 cognitionem
716 4285 1256 4356 accepimus,atque
1273 4285 1781 4355 regenerationem
1798 4290 1857 4339 et
1875 4285 1944 4339 ﬂ-

299 4373 517 4428 liorum
532 4373 912 4443 adoptionem
926 4375 1230 4429 consecuti
1253 4390 1458 4429 sumus
1471 4374 1801 4443 .divinaque
1817 4389 1945 4443 my-

2045 3227 2135 3280 καὶ
2164 3225 2675 3300 καταγινωσκούσης
2702 3268 2714 3290 ,
2751 3221 2973 3298 δάκρυσι
3005 3221 3062 3278 δὲ
3090 3243 3264 3298 κεχρη
3276 3225 3442 3295 μένης
3465 3267 3479 3295 ,
3509 3225 3690 3286 καθὼς

2047 3333 2207 3390 φησιν
2253 3314 2281 3367 6
2313 3314 2600 3390 προφήτης
2655 3308 2786 3366 Δαίϐ
2844 3316 2976 3385 (18)·
3037 3311 3332 3368 Ἐκοπίασα
3378 3312 3430 3367 έν
3478 3317 3557 3384 τῷ
3583 3314 3690 3369 θδ

2046 3405 2333 3476 στεναγμῷ
2366 3418 2492 3473 μου·
2548 3400 2731 3456 λούσω
2787 3404 2907 3463 καθ’
2962 3401 3188 3469 ἑκάστην
3243 3399 3407 3454 νύκτα
3434 3401 3530 3467 τήν
3559 3399 3686 3454 κλί-

2044 3511 2143 3560 νην
2179 3509 2305 3562 μου·
2341 3487 2393 3543 έν
2427 3486 2650 3563 δάκρυσί
2683 3510 2787 3561 μου
2834 3489 2933 3556 τήν
2985 3489 3274 3561 στρωμνήν
3327 3510 3432 3560 μου
3486 3487 3678 3562 βρέξω.

2047 3577 2145 3633 Καὶ
2188 3577 2381 3634 λοιπὸν
2442 3578 2469 3631 6
2519 3577 2853 3651 καθαρισμὸς
2904 3580 3012 3632 τῶν
3063 3577 3470 3652 ἁμαρτημάτων
3518 3576 3686 3650 γενή-

2046 3685 2192 3720 σεται
2244 3663 2333 3719 διὰ
2386 3669 2483 3719 τοῦ
2541 3663 2771 3738 α’ίματος
2811 3669 2908 3718 τοῦ
2946 3669 3210 3737 Χριστοῦ,
3253 3664 3305 3718 έν
3359 3668 3440 3736 τῷ
3473 3662 3688 3738 μεγέθει

2042 3759 2140 3809 τοῦ
2171 3753 2358 3815 ἐλέους
2388 3753 2551 3809 αὐτοῦ
2585 3797 2598 3822 ,
2639 3755 2727 3808 καὶ
2759 3758 2839 3825 τῷ
2886 3753 3088 3823 πλήθει
3116 3756 3223 3807 τῶν
3256 3753 3554 3827 οἰκτιρμῶν
3584 3750 3687 3807 τοῦ

2045 3847 2178 3898 Θεοῦ
2207 3846 2306 3896 τοῦ
2358 3840 2607 3902 έῖπὸντος
2664 3845 2775 3915 (19)
2832 3840 3084 3910 δτι,²Εὰν
3144 3842 3275 3895 ὦσιν
3313 3841 3368 3895 αἱ
3421 3840 3685 3915 ἁμαρτίαι

2047 3932 2199 4003 ὑμῶν
2231 3931 2307 3991 ὡς
2354 3933 2654 4007 φοινικοῦν,
2689 3930 2764 3993 ὡς
2811 3929 2972 4004 χιόνα
3019 3928 3285 4001 λευκανῶ,
3314 3928 3405 3984 καὶ
3444 3931 3511 3984 τὰ
3552 3928 3682 4002 ἑξῆς

2115 4107 2299 4161 Ταῦτα
2333 4105 2424 4177 μὲν
2460 4103 2549 4159 οὖν
2584 4103 2757 4167 οὕτως
2811 4101 2926 4179 ἔχει
2983 4104 3073 4159 καὶ
3130 4101 3304 4166 οὕτως
3333 4106 3686 4177 πιστεύομεν·

2046 4192 2157 4266 χρὴ
2221 4190 2299 4260 δὲ,
2353 4192 2486 4263 μετά
2539 4191 2600 4246 τὸ
2649 4188 2835 4247 λαϐεῖν
2879 4193 2978 4262 τὴν
3038 4192 3332 4266 ἐπίγνωσιν
3387 4199 3488 4261 τῆς
3542 4190 3693 4263 άλη-

2047 4280 2193 4345 θείας
2221 4282 2356 4353 (20),
2396 4281 2487 4333 καὶ
2517 4283 2619 4344 τῆς
2671 4281 3074 4355 ἀναγεννήσεως
3131 4280 3221 4334 καὶ
3253 4280 3520 4344 υἱοθεσίας
3576 4284 3692 4352 (2!)

2046 4367 2339 4440 ἀξιωθῆναι
2375 4409 2391 4433 ,
2447 4367 2536 4421 καὶ
2599 4367 2913 4442 μυστηρίων
2967 4366 3252 4442 γεύσασθαι
3302 4367 3494 4439 θείων,
3548 4368 3696 4444 πάσῃ

297 4460 477 4515 steria
498 4461 877 4531 percipimus,
902 4462 1061 4516 omni
1088 4461 1282 4516 studio
1312 4477 1380 4516 ac
1410 4459 1716 4531 diligentia
1743 4460 1932 4529 provi-

2046 4453 2269 4527 δυνάμει
2322 4453 2713 4532 ἀσφαλίζεσθαι
2764 4460 2871 4510 τοῦ
2934 4458 3010 4528 μὴ
3069 4455 3307 4512 πίπτειν.
3366 4458 3440 4514 Τὸ
3468 4457 3569 4532 γὰρ
3598 4457 3693 4512 πί-

295 4548 641 4616 deamus,ne
664 4552 1234 4621 corruamus.Neque
1254 4550 1413 4604 enim
1431 4549 1639 4604 cadere
1654 4547 1937 4602 athletam

299 4637 485 4704 decet,
520 4638 1001 4710 quandoquidem
1031 4638 1226 4703 multi,
1254 4653 1392 4693 cum
1420 4636 1777 4691 cecidissent
1805 4651 1934 4690 sese

320 4768 323 4769 ⁷
372 4777 484 4847 (14)
518 4780 653 4835 Luc.
684 4796 822 4847 χχιι,
848 4783 936 4834 62.

2043 4565 2194 4601 πτειν
2224 4544 2284 4599 οὐ
2315 4546 2508 4619 πρέπει
2556 4550 2635 4616 τῷ
2671 4545 2906 4620 ἀθλητῇ,
2956 4543 3143 4615 ἐπειδή
3185 4545 3388 4603 πολλοὶ
3437 4549 3692 4610 πεσόντες

2044 4635 2334 4702 ἀναστῆναι
2366 4633 2465 4687 οὐκ
2509 4632 2879 4705 ἠδυνήθησαν·
2913 4636 2965 4688 οἱ
3028 4635 3141 4707 μὲν,
3195 4641 3313 4697 τοῖς
3369 4638 3560 4691 πάθεσι
3591 4635 3686 4690 θύ-

397 4842 480 4919 15)
511 4851 571 4915 C,
605 4842 819 4920 ἑαυτοῦ,
849 4850 1036 4919 Supra
1063 4862 1193 4920 pag.
1222 4851 1254 4901 2
1287 4865 1299 4902 :
1336 4846 1428 4920 Μὴ
1462 4842 1851 4920 ᾀπογινώσκειν
1883 4865 1932 4899 π‹

2044 4844 2271 4920 τκευαίζει
2300 4845 2650 4920 τῆς-πορείας
2675 4846 2738 4901 τὸ
2770 4843 3053 4905 δύσκολον.

378 4914 489 4989 (16⁷)
520 4914 579 4987 Ο,
614 4914 985 4991 ἀναπηδήσας.
1021 4914 1178 4989 quod
1210 4923 1268 4991 et
1295 4914 1696 4991 adscripsi'tuin
1727 4920 1773 4973 A
1806 4934 1932 4974 man

2050 4918 2254 4974 altera.
2279 4914 2380 4974 Est
2400 4914 2724 4980 ἀναποδισας
2755 4926 2901 4975 retro
2924 4920 3114 4976 cedens
3142 4936 3205 4975 ac
3226 4919 3423 4991 pedem
3446 4922 3688 4990 referens

308 4981 602 5060 respectu,
635 4981 796 5060 puto,
830 4981 902 5046 ad
934 4981 1101 5043 Lucae
1126 4988 1320 5057 verba,
1354 4981 1579 5057 ἐξελθὼν
1609 4981 1731 5057 ἔξω.

379 5063 489 5129 (17)
517 5063 681 5115 Joan.
714 5077 829 5124 χχι,
864 5062 1060 5115 16-17.

379 5133 488 5198 (18)
518 5130 673 5198 Psal.
706 5147 778 5193 v1,
809 5131 861 5184 6.
896 5158 964 5169 —-

992 5130 1176 5219 Quem
1205 5128 1437 5219 Pavidis
1467 5128 1946 5219 lqcur’nfespex'i.
1981 5130 2743 5219 Gregorius‘Nazianzemus,
2761 5130 3039 5219 'oration’e
3064 5130 3154 5198 34,
3178 5147 3235 5219 p.
3268 5131 3374 5219 6:14,
3397 5147 3411 5184 :
3435 5125 3686 5219 016a,“;

307 5194 554 5275 πέμπτον
587 5195 664 5252 ἔτι
697 5198 1159 5275 (βάπτισμαλτῶν
1202 5195 1468 5273 δακρύων,
1501 5198 1626 5255 ἀλλ’
1673 5194 2197 5275 ἐπιπονώτερον·”ὠς
2231 5201 2258 5254 6
2290 5198 2466 5255 λούων
2520 5201 2637 5255 καθ’
2686 5198 2911 5271 ἑκάστην
2960 5201 3122 5255 νύκτα
3144 5194 3248 5270 ’τ’ὴν
3279 5199 3472 5270 κλίνην
3522 5201 3687 5256 αὐτοῦ

307 5265 395 5322 καί
426 5271 525 5339 τήν
559 5265 848 5341 στρωμνὴν
866 5265 982 5341 τοῖς
1004 5265 1287 5341 δάκρυσιν.

375 5338 635 5481 ἕ19)Ιεειζ
668 5338 825 5406 1,18.
859 5338 942 5394 Cf.
974 5356 1035 5411 p.
1066 5338 1154 5407 86,
1186 5343 1238 5396 9.

398 5415 484 5481 20)
525 5412 762 5481 Locutio
806 5410 1075 5481 Paulina.
1108 5413 1238 5481 [Ep

398 5415 484 5482 20)
525 5412 762 5486 Locutio
805 5408 1075 5486 Paulina.
1108 5411 1341 5485 IEpist.
1402 5411 1478 5467 ad
1532 5412 1677 5468 Tim.
1738 5428 1799 5481 ιι,
1827 5414 1899 5468 4ε

2081 5408 2372 5486 ἐπίγνωσιν
2430 5410 2688 5482 ἀληθείας
2741 5410 2936 5467 ἐλθεῖν·
2972 5430 3042 5480 ιν,
3075 5414 3105 5467 3
3135 5429 3148 5468 :
3206 5415 3324 5475 τοῖς
3349 5415 3564 5476 πιστοῖς
3594 5410 3680 5466 καὶ

308 5477 636 5550 ἐπεγνωκόσι
665 5482 767 5550 τὴν
794 5478 1075 5550 ἀλήθειαν.

378 5553 494 5626 (21)
522 5553 686 5611 Conf.
708 5571 769 5627 p.
799 5554 854 5624 4,
875 5556 998 5611 not.
1034 5555 1116 5609 12.
