4042 6154
379 310 483 366 961

1551 314 1720 369 VITA
1759 313 2111 371 BABLAAH
2142 315 2238 369 ΕΤ
2270 313 2609 372 JOASAPH.

3666 329 3775 391 962

389 454 483 510 ραν
514 430 819 505 ἀνοίξαντες
851 436 981 508 (22),
1004 433 1094 488 καὶ
1127 432 1586 496 δυσαποσπάστως
1628 436 1833 503 αὐτοῖς,
1864 457 2015 510 προσι

2151 438 2373 510 erigere
2395 441 2640 496 minime
2661 445 2999 513 potuerunt.
3014 445 3241 502 Etenim
3273 448 3347 504 ali
3357 449 3391 518 ί,
3413 454 3772 525 cumjanuas

387 524 659 597 μείναντες
694 523 794 578 οὐκ
831 520 908 579 ἔτι
944 522 1169 599 ἴσχυσαν
1229 525 1364 598 πρὸς
1424 527 1706 597 μετάνοιαν
1731 525 2029 603 παλινδρο-

390 619 581 685 μῆσαι⁶
616 614 667 666 οἱ
699 610 776 680 δὲ,
808 614 1349 687 προαναρπασθέντες
1380 614 1483 668 ὑπὸ
1528 618 1624 668 τοῦ
1654 615 1907 683 θανάτου,
1938 614 2026 669 καὶ

392 701 468 773 μὴ
502 700 797 772 φθάσαντες
830 697 918 753 διὰ
979 702 1362 775 μεταγνώσεως
1423 701 1645 763 ἑαυτοὺς
1701 707 1798 757 τοῦ
1855 702 2027 778 ῥύπου

386 795 488 857 τῆς
546 786 814 862 ἂμαρτίας
878 786 1160 859 ἐκπλῦναι,
1230 788 1709 858 κατεδικάσθησαν.
1763 791 1860 847 Καὶ
1939 787 2029 844 διὰ

381 880 542 931 τοῦτο
575 873 911 929 ἐπικίνδυνον
953 877 1014 930 τὸ
1062 876 1274 931 πίπτειν
1307 876 1357 931 ἐν
1392 874 1701 948 οἱῳδήποτε
1730 881 1907 941 πάθει·
1942 879 2027 932 ἐὰν

389 960 449 1018 δὲ
478 958 663 1036 συμϐῇ
693 968 895 1030 πεσεῖν,
954 963 1109 1026 εὐθὺς
1165 964 1506 1033 ἀναπηδῆσαι
1551 966 1686 1038 χρή,
1717 966 1807 1019 καὶ
1837 973 2027 1034 στῆναι

385 1051 553 1106 πάλιν
582 1050 660 1112 εἰς
685 1051 778 1104 τὸν
808 1050 977 1105 καλὸν
998 1055 1099 1109 90
1147 1051 1347 1127 ἀγῶνα’
1406 1053 1494 1105 καὶ
1552 1053 1735 1115 ὁσάκις
1778 1055 1837 1107 ἂν
1866 1058 2024 1108 τοῦτο

388 1135 598 1212 συμϐῇ,
648 1138 868 1194 κάκεῖνο
920 1139 1112 1194 αὐτίκα
1164 1138 1300 1193 ἔστω
1351 1142 1413 1194 τὸ
1468 1147 1567 1209 τῆς
1624 1140 1880 1215 ἐγὲρσεως
1935 1140 2024 1195 καὶ

383 1226 622 1290 στάσεως
665 1224 771 1288 ἕως
846 1232 946 1294 τῆς
1003 1225 1281 1295 τελευτῆς.
1318 1227 1714 1304 Ἐπιστράφητε
1761 1232 1871 1299 (23)
1923 1229 2023 1303 γὰρ

380 1314 518 1389 πρός
555 1335 643 1387 με,
664 1315 753 1369 καὶ
776 1313 1253 1391 ἐπιστραφήσομαι
1285 1316 1419 1389 πρὸς
1449 1316 1606 1388 ὑμᾶς,
1631 1313 1780 1389 λέγει
1826 1316 2026 1391 Κύριος

384 1406 412 1458 6
444 1400 597 1466 Θεός.

452 1671 712 1726 ΚΕΦΔΑ.
748 1670 853 1728 ΙΒ’.
885 1701 954 1712 --
1010 1669 1154 1743 Πρὸς
1178 1674 1357 1725 ταῦτα
1382 1670 1409 1724 6
1445 1672 1672 1747 Ἰωάσαφ
1704 1670 1835 1724 εἴπεο
1898 1674 2022 1732 Πῶς

379 1758 472 1812 οὗν
531 1778 616 1819 τις
677 1756 901 1834 φυλάξει
960 1757 1145 1812 ἑαυτὸν
1208 1756 1346 1829 μετὰ
1381 1758 1444 1811 τὸ
1479 1758 1762 1832 βάπτισμα
1789 1757 2020 1830 καθαρὸν
2052 1791 2100 1856 Β

380 1846 490 1901 ἀπὸ
547 1866 727 1915 πασης
781 1845 1047 1920 ἀμαρτίας
1111 1864 1125 1913 ;
1185 1845 1291 1899 Κᾶν
1346 1846 1447 1921 γάρ
1505 1845 1668 1916 ἐστιν,
1701 1846 1774 1908 ὡς
1821 1844 2020 1920 λὲγεις,

370 1940 490 1996 τοῖς
562 1934 816 1989 πταίουσι
880 1934 1161 2007 μετάνοια,
1224 1933 1350 1989 ἀλλ’
1410 1934 1462 1989 ἐν
1516 1935 1671 2007 κόπῳ
1725 1934 1815 1990 καὶ
1845 1934 2019 2007 πόνῳ,

372 2023 646 2095 κλαυθμῷ
696 2043 755 2077 τε
806 2022 897 2077 καὶ
947 2024 1152 2086 πένθει,
1185 2022 1320 2096 ἅπερ
1375 2022 1474 2078 οὐκ
1503 2021 1878 2099 εὐκατόρθωτα
1902 2028 2021 2085 τοῖς

373 2111 614 2174 πολλοῖς
671 2110 804 2166 εἶναί
856 2131 950 2183 μοι
1009 2108 1155 2165 δοκῶ
1208 2113 1341 2183 (24)·
1376 2110 1520 2165 ἀλλᾶ
1553 2109 1764 2183 μᾶλλον
1818 2112 2016 2181 ἤθελον

377 2199 549 2275 εὑρεῖν
580 2197 704 2254 ὁδὸν
752 2203 850 2254 τοῦ
880 2198 1169 2273 φυλάττειν
1220 2194 1460 2273 ἀκριϐῶς
1510 2199 1579 2254 τὰ
1633 2200 2020 2275 προστάγματα

374 2292 472 2343 τοῦ
504 2291 638 2343 Θεοῦ
695 2287 896 2359 καὶμὴ
943 2286 1206 2341 ἐκκλίνειν
1265 2286 1356 2341 ἀπ’
1413 2286 1611 2357 αὐτῶν,
1672 2284 1831 2360 μηδὲ,
1886 2287 2020 2360 μετὰ

376 2378 475 2445 τήν
522 2376 868 2452 συγχώρησιν
922 2379 1029 2430 τῶν
1084 2374 1362 2451 προτέρων
1419 2380 1622 2445 κακῶν,
1673 2380 2013 2451 παροργίζειν

380 2467 539 2528 αὗθις
568 2468 660 2521 τὸν
686 2464 1021 2541 γλυκύτατον
1055 2465 1330 2534 Δεσπότην
1361 2465 1450 2519 καὶ
1481 2463 1634 2521 Θεόν.

439 2646 500 2703 Ὁ
548 2641 606 2699 δὲ
654 2640 921 2718 Βαρλαάμ
979 2640 1104 2720 ἔφη·
1166 2642 1364 2706 Καλῶς
1420 2643 1572 2705 εἶπας
1624 2647 1814 2713 ταῦτα,
1862 2644 2016 2718 κύριέ

378 2756 485 2807 μου
545 2732 789 2809 βασιλεῦ’
831 2732 992 2788 τοῦτο
1045 2732 1134 2787 καὶ
1194 2731 1317 2805 ἐμοὶ
1375 2730 1706 2803 καταθύμιον
1758 2732 2011 2806 ὑπάρχει.

375 2823 535 2879 Ἀλλ’
578 2820 808 2898 ἐργῶδες
862 2821 971 2877 ἐστι
1029 2822 1119 2876 καὶ
1177 2819 1381 2895 κομιδῆ
1445 2820 1708 2876 ἀδύνατον
1764 2822 1827 2876 τὸ
1882 2821 2012 2896 πυρὶ

371 2910 931 2989 συναναστρεφόμενόν
1008 2931 1130 2965 τινα
1200 2911 1275 2982 μή
1360 2910 1723 2979 καπνίζεσθαι.
1784 2917 2015 2964 Δυσκατ-

366 2999 611 3077 όρθωτον
673 3001 764 3056 οὗν
819 3000 910 3055 καὶ
969 3000 1092 3055 λίαν
1148 2998 1366 3064 ἄναντες
1405 2997 1688 3073 δεδεμένον
1744 3004 1863 3062 τοῖς
1912 3002 2010 3054 τοῦ¹

370 3091 495 3163 βίου
551 3091 833 3166 πράγμασι
889 3089 980 3144 καὶ
1035 3093 1153 3150 ταῖς
1216 3088 1380 3143 αὐτοῦ
1438 3087 1850 3162 ἀσχολούμενον
1914 3108 2010 3161 με·

362 3179 583 3250 ρίμναις
645 3178 733 3233 καὶ
786 3183 1078 3252 ταραχαῖς,
1137 3176 1365 3249 πλούτῳ
1417 3198 1478 3232 τε
1534 3176 1623 3230 καὶ
1679 3179 1857 3253 τρυφῇ
1914 3197 2008 3230 συ-

364 3264 821 3336 ζῶντα,ἀκλινῶς
869 3264 1105 3341 βαδίζειν
1157 3266 1258 3333 τήν
1305 3263 1430 3320 ὁδὸν
1488 3269 1595 3319 τῶν
1649 3263 1883 3319 ἐντολῶν
1915 3268 2013 3319 τοῦ

361 3354 586 3427 Κυρίου,
643 3354 733 3409 καὶ
791 3354 1027 3427 καθαρὸν
1086 3353 1271 3408 ἑαυτὸν
1330 3353 1389 3408 ἐκ
1442 3352 1648 3407 τούτων
1707 3354 2013 3428 περισώσα-

358 3444 501 3498 σθαι.
537 3446 684 3512 Φησὶ
714 3443 818 3517 γὰρ
855 3442 883 3496 ὁ
916 3441 1133 3515 Κύριος·
1196 3438 1393 3503 Οὐδεὶς
1451 3443 1566 3515 (25)
1615 3438 1834 3495 δύναται
1893 3437 2013 3495 δυσὶ

360 3532 575 3606 κυρίοις
610 3530 912 3585 δουλεύειν
944 3534 1097 3587 100
1152 3528 1189 3599 ἤ
1245 3531 1346 3605 γὰρ
1394 3530 1487 3584 τὸν
1546 3526 1638 3583 ἕνα
1671 3532 1891 3602 μισήσει
1922 3531 2013 3583 καὶ

361 3621 455 3674 τὸν
488 3617 671 3694 ἕτερον
705 3620 993 3693 ἀγαπήσει,
1024 3618 1060 3688 ἤ
1118 3624 1213 3673 τοῦ
1244 3618 1363 3679 ἐνὸς
1421 3618 1687 3690 ἀνθέξεται
1744 3619 1834 3672 καὶ
1917 3622 2014 3673 τοῦ

366 3707 554 3783 ἑτερου
582 3709 1002 3782 καταφρονήσει·
1036 3707 1099 3762 οὐ
1158 3704 1379 3761 δύνασθε
1432 3710 1549 3778 Θεῷ
1591 3703 1869 3760 δουλεύειν
1921 3707 2013 3762 καὶ

373 3801 631 3871 μαμωνᾷ.
703 3797 902 3871 Γράφει
957 3793 1014 3850 δὶ
1070 3796 1159 3850 καὶ
1220 3796 1248 3849 6
1303 3794 1660 3869 ἠγαπημένος
1712 3796 1877 3850 αὑτοῦ
1910 3816 2014 3869 μα-

367 3887 543 3956 θητὴς
576 3888 711 3959 (26),
762 3886 1016 3954 Ἰωάννης
1075 3885 1103 3938 6
1164 3882 1548 3959 εὖαγγελιστὴς
1579 3883 1669 3938 καὶ
1727 3884 2011 3959 θεολόγος,

364 3973 420 4029 ἐν
451 3979 519 4049 τῇ
549 3981 665 4029 κατ’
694 3973 860 4029 αὐτὸν
919 3971 1182 4046 ἐπιστολῇ
1242 3971 1434 4034 οὕτως·
1478 3972 1567 4040 Μή
1614 3975 1724 4044 (27)
1774 3973 2013 4047 ἀγαπᾶτε

357 4063 451 4118 τὸν
484 4063 719 4136 κόσμον,
749 4057 891 4133 μηδὲ
920 4062 985 4116 τὰ
1014 4059 1067 4116 ἐν
1097 4065 1177 4134 τῷ
1259 4060 1473 4133 κόσμῳ·
1547 4059 1635 4115 ἐάν
1689 4081 1774 4123 τις
1833 4062 2012 4137 ἀγαπᾷ

359 4152 453 4206 τὸν
484 4151 716 4224 κόσμον,
747 4151 849 4205 οὐκ
878 4144 1018 4204 ἔστιν
1074 4150 1109 4218 ἡ
1175 4147 1358 4223 ἀγάπη
1390 4152 1487 4203 τοῦ
1524 4149 1729 4224 Πατρὸς
1760 4149 1811 4204 ἐν
1840 4148 2008 4222 αὐτῷ,

360 4240 448 4295 ὅτι
475 4244 579 4294 πᾶν
609 4241 673 4293 τὸ
704 4237 756 4294 ἐν
786 4242 868 4310 τῷ
897 4237 1116 4311 κόσμῳ,
1146 4240 1182 4307 ἡ
1216 4236 1478 4310 ἐπιθυμία
1522 4241 1622 4303 τῆς
1670 4238 1868 4312 σαρκὸς
1918 4238 2011 4293 καὶ

360 4330 397 4398 ἡ
440 4326 702 4402 ἐπιθυμία
728 4331 838 4383 τῶν
869 4326 1168 4405 ὀφθαλμῶν
1198 4326 1289 4381 καὶ
1345 4328 1380 4395 ἡ
1408 4326 1697 4395 ἀλαζονεία
1740 4332 1838 4381 τοῦ
1863 4327 2009 4403 βίου,

360 4417 463 4473 οὐκ
489 4413 632 4473 ἔστιν
655 4416 717 4472 ἐκ
741 4420 837 4472 τοῦ
869 4415 1102 4492 Πατρὸς,
1156 4413 1279 4469 ἀλλ’
1340 4414 1400 4470 ἐκ
1454 4413 1553 4469 τοῖ’)
1610 4416 1825 4489 κόσμου
1872 4415 2003 4473 ἐστι.

2137 527 2365 583 vitiosis
2396 531 2806 586 affectionibus
2824 534 3218 603 aperuissent,
3242 542 3418 607 atque
3445 543 3773 601 arctissimo

2136 631 2294 669 nexu
2310 616 2454 686 ipsis
2476 618 2808 684 hmsissent,
2834 637 2953 675 non
2970 622 3097 691 jam
3115 622 3189 677 ad
3204 626 3610 694 paenitentiam
3643 649 3771 688 sese

2136 711 2474 760 convertere
2488 709 2944 776 potuerunt.Alii
2958 717 3153 765 autem
3170 719 3355 767 morte
3370 716 3532 783 prius
3544 717 3771 788 abrepti

2137 807 2314 861 quam
2345 800 2676 851 contractas
2701 797 2971 851 vitiorum
3002 799 3205 853 sordes
3225 816 3331 869 per
3358 805 3767 871 pmnitentiam

2135 880 2953 949 abstersissent,condemnati
2977 903 3084 940 sun
3096 890 3458 959 t.Propterea
3474 894 3771 963 periculo-

2136 985 2266 1023 sum
2288 976 2378 1024 est
2396 971 2457 1025 in
2469 973 2521 1025 vi
2531 972 3098 1043 tium,quodcunque
3114 976 3350 1031 tandem
3363 979 3511 1034 illud
3525 981 3769 1048 sit,labi.

2134 1057 2444 1125 Caeterum,
2477 1059 2524 1112 si
2558 1059 2674 1114 labi
2708 1060 3039 1131 contigerit,
3074 1063 3271 1117 statim
3305 1066 3652 1123 enitendum
3684 1075 3775 1124 est

2136 1148 2201 1196 ut
2230 1145 2586 1214 resiliamus,
2620 1164 2976 1218 rursumque
3002 1148 3075 1202 ad
3100 1151 3449 1218 praaclarum
3473 1162 3771 1211 certamen

2134 1231 2473 1287 obeundum
2501 1240 2742 1291 stemus.
2766 1237 2835 1290 Et
2852 1237 3081 1306 quoties
3103 1237 3311 1293 cadere
3331 1242 3659 1311 contigerit,
3682 1250 3766 1298 to-

2136 1321 2244 1374 ties
2266 1321 2444 1375 etiam
2470 1323 2671 1377 statim
2694 1340 2880 1393 usque
2903 1323 2978 1378 ad
3001 1328 3329 1380 extremum
3348 1328 3478 1382 vitaa
3496 1329 3652 1384 diem
3665 1348 3768 1386 cu-

2133 1408 2386 1463 randum
2409 1415 2516 1475 est,
2551 1417 2615 1465 ut
2635 1428 3031 1482 resurgamus,
3051 1418 3228 1482 atque
3253 1414 3313 1469 in
3330 1418 3637 1485 procinctu
3651 1424 3764 1473 ste-

2133 1512 2283 1550 mus.
2309 1498 2727 1553 Convertimini
2752 1499 2909 1554 enim
2929 1500 3003 1555 ad
3030 1507 3212 1569 me,et
3240 1519 3345 1575 ego
3367 1512 3675 1562 convertar
3694 1507 3768 1567 ad

2131 1600 2249 1651 vos,
2284 1585 2367 1639 ait
2402 1586 2690 1642 Dominus
2726 1587 2973 1653 (Zachar.
3005 1588 3068 1659 ι).

2204 1672 2335 1727 CAP.
2357 1675 2483 1729 ΧΠ.
2506 1705 2576 1716 -
2596 1676 2685 1730 Ad
2706 1675 2831 1730 haec
2848 1682 3045 1731 autem
3081 1679 3363 1749 Josaphat
3402 1680 3577 1736 dixit:
3621 1684 3769 1748 Qua-

2132 1776 2271 1815 nam
2293 1762 2471 1833 igitur
2499 1764 2728 1818 ratione
2760 1764 3021 1833 seipsum
3053 1767 3349 1837 quispiam
3379 1775 3517 1839 post
3543 1769 3767 1841 baptis-

2128 1864 2292 1904 mum
2308 1850 2379 1904 ab
2394 1852 2555 1906 omni
2569 1852 2795 1922 peccati
2810 1852 2941 1906 labe
2958 1869 3171 1923 purum
3189 1856 3469 1911 servabit?
3489 1860 3632 1913 Nam
3656 1860 3764 1914 etsi

2126 1938 2737 2010 peccantibus,utipse
2750 1940 3593 2014 ais,pmnitentiapatettamen
3607 1946 3765 2002 labo-

2127 2041 2189 2080 re
2205 2026 2634 2099 etfatigatione,
2659 2043 2726 2082 ac
2740 2027 2882 2082 ﬂetu
2897 2033 2951 2084 et
2974 2029 3136 2083 luctu
3166 2047 3313 2101 opus
3327 2037 3435 2086 est:
3468 2049 3598 2103 quas
3630 2034 3759 2102 qui-

2125 2113 2260 2168 dem
2277 2114 2568 2185 ejusmodi
2598 2116 2745 2169 mihi
2774 2133 2902 2171 esse
2934 2117 3224 2187 videntur,
3256 2125 3323 2173 ut
3342 2136 3461 2173 non
3492 2137 3561 2174 ea
3590 2122 3762 2174 multi

2122 2200 2296 2256 facile
2318 2204 2600 2273 consequi
2623 2204 3167 2274 possint.Quocirca
3187 2206 3339 2260 viam
3357 2207 3550 2277 potius
3564 2208 3761 2262 nanci-

2125 2288 2207 2344 sci
2228 2305 2654 2361 cuperem,qua
2680 2292 2909 2346 sincere
2932 2298 3106 2363 atque
3131 2300 3329 2349 exacte
3352 2295 3762 2368 Deiprmcepta

2124 2394 2439 2442 servarem,
2456 2396 2565 2435 nec
2590 2378 2660 2434 ab
2679 2380 2751 2434 iis
2773 2379 3170 2447 deﬂecterem,
3196 2398 3303 2437 nec
3335 2388 3469 2453 post
3496 2385 3760 2455 priorum

2122 2474 2499 2535 peccatorum
2516 2468 2747 2522 veniam
2761 2468 3576 2538 impetratam,suavissimum
3594 2473 3763 2527 illum

2123 2554 2437 2608 Dominum
2465 2570 2532 2609 ac
2564 2556 2745 2610 Deum
2778 2555 2853 2609 ad
2882 2556 3248 2610 iracundiam
3288 2574 3686 2627 provocarem.

2193 2644 2517 2715 Respondit
2536 2650 2733 2699 autem
2750 2645 3017 2700 Barlaam
3038 2661 3051 2698 :
3076 2648 3252 2701 Recte
3274 2648 3400 2701 haec
3421 2647 3640 2717 dixisti,
3660 2650 3762 2704 do-

2121 2732 2280 2787 mine
2310 2733 2392 2787 mi
2414 2748 2480 2787 ac
2502 2748 2623 2799 rex,
2651 2736 2828 2802 atque
2854 2732 2966 2787 hoc
2993 2732 3139 2786 mihi
3160 2740 3495 2805 pergratum
3518 2741 3612 2790 eat
3633 2753 3647 2803 ;
3665 2754 3761 2793 ve-

2122 2837 2253 2875 rum
2282 2820 2531 2875 arduum
2549 2826 2740 2886 est,ne
2768 2820 2962 2875 dicam
2987 2821 3758 2895 impossibile,utquispiam

2122 2908 2182 2962 in
2204 2910 2339 2979 igne
2361 2914 2760 2974 versetur,nec
2782 2913 2978 2962 tamen
2997 2908 3157 2962 fumo
3172 2910 3758 2968 olfundaturEodem

2121 2996 2265 3051 item
2286 2997 2462 3052 modo
2484 2998 2733 3052 arduum
2765 3001 2854 3051 est
2882 3013 2948 3051 ac
2980 3012 3263 3067 perquam
3292 2997 3531 3055 difﬁcile
3564 3007 3628 3055 ut
3658 3002 3758 3071 qui

2122 3084 2371 3155 hujusce
2391 3085 2521 3139 vitm
2549 3084 2795 3156 negotiis
2817 3089 3097 3155 tanquam
3122 3084 3370 3139 vinculis
3402 3087 3756 3155 quibusdam

2123 3174 2397 3228 astrictus
2420 3173 2928 3243 tenetur,ejusque
2951 3173 3108 3226 curis
3130 3189 3197 3226 ac
3221 3174 3572 3229 tumultibus
3587 3175 3758 3230 disti-

2119 3267 2313 3329 netur,
2332 3267 2506 3332 atque
2528 3262 2589 3315 in
2608 3261 2819 3332 opibus
2844 3277 2911 3315 ac
2932 3260 3160 3316 deliciis
3186 3262 3342 3328 vivit,
3367 3262 3495 3318 sine
3517 3264 3637 3318 ulla
3667 3265 3754 3319 in-

2120 3349 2377 3404 flexione
2409 3350 2929 3405 mandatorumDei
2963 3349 3112 3404 viam
3129 3355 3756 3423 peragret,purumque

2121 3438 2381 3509 seipsum
2414 3445 2590 3509 atque
2617 3438 2979 3493 incolumem
3010 3438 3082 3493 ab
3114 3438 3186 3493 iis
3218 3445 3426 3496 servet.
3472 3442 3567 3495 Ait
3592 3444 3755 3496 enim

2120 3529 2405 3584 Dominus
2428 3529 2649 3600 (Matth.
2675 3530 2784 3597 v1):
2818 3530 2996 3582 Nemo
3028 3534 3221 3598 potest
3247 3529 3475 3584 duobus
3499 3532 3756 3587 dominis

2120 3618 2359 3671 servire.
2386 3620 2501 3671 Aut
2522 3617 2680 3671 enim
2696 3633 2878 3670 unum
2895 3616 3367 3678 odiohabebit,et
3388 3618 3637 3673 alterum
3666 3619 3757 3672 di-

2120 3707 2288 3779 liget;
2312 3717 2414 3762 aut
2431 3708 2533 3762 uni
2560 3706 2971 3765 adhaerebitet
2990 3706 3239 3760 alterum
3263 3710 3756 3762 contemnet.Non

2118 3796 2366 3865 potestis
2388 3797 2502 3850 Deo
2527 3795 2744 3849 servire
2767 3798 2826 3847 et
2848 3794 3376 3858 mammonwﬂuin
3408 3794 3587 3848 etiam
3620 3796 3755 3849 cha-

2117 3901 2221 3939 rus
2241 3883 2425 3954 ipsius
2445 3882 2772 3954 discipulus
2787 3884 3041 3937 Joannes
3055 3882 3414 3953 evangelista
3431 3888 3485 3936 et
3508 3884 3753 3937 Theolo-

2118 3988 2224 4045 gus
2254 3973 2315 4027 in
2346 3971 2599 4043 epistola
2626 3987 2735 4026 sua
2762 3970 2875 4025 ait:
2927 3970 3116 4025 Nolite
3154 3970 3398 4040 diligere
3440 3972 3751 4035 mundum,

2119 4078 2312 4133 neque
2333 4077 2403 4117 ea
2425 4077 2555 4132 quae
2572 4060 2635 4115 in
2655 4060 2878 4116 mundo
2905 4065 3061 4115 sunt.
3086 4060 3372 4124 Quoniam
3398 4077 3572 4115 omne
3598 4059 3756 4131 quod

2119 4153 2210 4203 est
2230 4148 2290 4202 in
2308 4145 3155 4217 mundo,autconcupiscentia
3166 4146 3360 4201 carnis
3382 4152 3599 4213 est,aut
3614 4164 3757 4202 con-

2117 4238 2486 4310 cupiscentia
2513 4236 2843 4301 oculorum,
2875 4240 2979 4290 aut
2999 4233 3275 4306 superbia
3304 4236 3456 4302 vitae,
3482 4252 3614 4306 quae
3636 4251 3757 4291 non

2120 4334 2209 4383 est
2230 4343 2299 4382 ex
2319 4329 2512 4394 Patre,
2536 4325 2638 4380 sed
2661 4340 2733 4379 ex
2761 4323 2986 4379 mundo
3018 4330 3123 4378 est.
3157 4325 3227 4377 Et
3264 4323 3522 4378 mundus
3546 4325 3760 4380 transit

2120 4422 2178 4471 et
2204 4413 2686 4485 concupiscentia
2714 4411 2978 4484 ejus.Qui
3009 4416 3208 4467 autem
3233 4411 3375 4467 facit
3396 4412 3755 4469 voluntatem

360 4507 461 4565 Καὶ
491 4507 519 4561 6
549 4507 757 4579 κόσμος
784 4502 1083 4580 παράγεται
1113 4503 1203 4558 καὶ
1234 4506 1268 4573 ἡ
1328 4500 1584 4577 ἐπιθυμία
1634 4505 1822 4559 αὐτοῦ·
1858 4506 1887 4560 6
1945 4503 2002 4561 δὲ

2128 4505 2238 4575 Dei,
2269 4507 2473 4560 manet
2502 4502 2564 4557 in
2594 4506 2885 4557 mternum
2910 4499 2975 4573 (1
3000 4502 3156 4555 Joan.
3209 4501 3293 4572 ιι).

359 4598 535 4651 ποιῶν
567 4596 629 4650 τὸ
662 4592 878 4666 θέλημα
902 4596 1000 4648 τοῦ
1022 4595 1155 4647 Θεοῦ
1181 4592 1328 4666 μένει
1361 4591 1440 4655 εἷς
1464 4593 1555 4647 τὸν
1590 4591 1782 4649 αἰῶνα.

433 4742 544 4823 (22)
573 4742 650 4795 De
674 4739 1030 4823 metaphora.
1050 4736 1211 4823 θύραν
1242 4734 1477 4823 ἀνοίγειν
1498 4738 1690 4823 dicam
1722 4740 1895 4823 infra.
1920 4758 2015 4823 p5

2128 4782 2136 4796 .
2165 4770 2233 4781 —
2264 4734 2689 4823 Α.“ἀνοίξαντες
2719 4730 2849 4823 ,οὐκ
2876 4725 3002 4823 ἔτι,Χ
3022 4731 3235 4787 mediis
3275 4733 3530 4823 omnis-sis.
3560 4733 3756 4823 9misz

359 4808 544 4869 sionis
570 4826 750 4866 causa
780 4808 909 4864 esse
943 4809 1171 4864 videtur
1199 4808 1258 4862 in
1290 4808 1471 4863 simili
1504 4808 1835 4866 desinentia

359 4830 544 4869 snonis
570 4829 750 4866 causa
780 4829 909 4864 esse
943 4829 1171 4864 vmetur
1199 4829 1258 4862 ιιι
1290 4829 1471 4863 ειωιιι
1504 4829 1835 4866 uesmenua
1897 4830 1949 4867 a1

357 4884 637 4940 librariis.
668 4881 927 4936 Isaacius
954 4882 1236 4951 Propliyr.
1273 4881 1351 4934 De
1384 4885 1680 4950 prmterm.
1714 4899 1772 4951 p.
1806 4829 1908 4936 266
1937 4899 1949 4936 :

353 4953 644 5022 Ἕλληνεςν
678 4952 764 5005 καὶ
797 4947 1275 5026 Τρῶες...”(ξρ’ἀθχ
1427 4950 1661 5021 plenius
1681 4947 2011 5026 εξζΈλλην

2149 4947 2547 5025 εὐωχουμένων
2608 4951 2716 5001 τῶν

356 5018 752 5101 προσήγγισαψ
786 5018 858 5077 ἀλ
902 5018 1274 5101 ’-ὑπεπόδισαν
1306 5018 1602 5090 Ἕλληνεςθ
1636 5020 1725 5075 καὶ
1757 5018 2011 5096 Τρῶεςί..

434 5100 520 5166 (23
529 5114 542 5167 )
560 5096 814 5167 Ζᾶῲθλι.
848 5112 888 5159 ι,
921 5096 973 5148 3.

1897 4802 2015 4898 artii

2135 4811 2553 4898 orum.’l‘jotum
2577 4802 3144 4898 θηξῐτᾲόμοιοτέλευτα
3168 4820 3328 4898 Ξωρθ
3356 4804 3538 4890 fuisse
3560 4802 3754 4887 fraudi

1987 4871 2127 4953 Πρδς
2159 4882 2252 4960 τὰς
2284 4876 2460 4960 πύλας
2492 4871 2916 4960 1ﬁ<Tpoizi16v
2947 4875 3137 4960 ἳππονι
3167 4871 3466 4960 ἠρεμαιίωςΝ
3501 4871 3751 4960 ἐκίνηρσαν

2776 4946 3003 5021 Τρώων,
3049 4944 3140 4999 καὶ
3195 4941 3313 5006 ταῖς
3370 4941 3570 5004 πύλαις
3612 4943 3753 4998 οὕτω

430 5154 543 5236 (24)
573 5171 639 5231 Α,
672 5162 842 5219 δοκεῖ’
874 5154 996 5235 qua
1024 5163 1095 5218 de
1127 5163 1561 5233 permutatione
1592 5164 1682 5236 egi
1711 5164 1785 5219 ad
1814 5166 2015 5221 Aristaa

430 5240 553 5295 .dex
578 5241 716 5293 2967
752 5253 766 5292 :
798 5233 889 5305 καί
924 5255 1017 5305 μοι
1051 5230 1218 5305 δοκῷ.
1251 5233 1470 5289 Theod.
1505 5236 1819 5305 Metochita
1849 5238 2005 5293 Misc.

2128 5183 2157 5237 p
2239 5206 2251 5220 .
2287 5166 2408 5217 547.
2442 5160 2703 5215 Coricius
2728 5159 2790 5213 in
2820 5161 3003 5214 Proco
3052 5198 3065 5211 .
3099 5159 3126 5224 §
3155 5157 3221 5211 35
3249 5173 3261 5211 :
3292 5155 3380 5210 καί
3410 5176 3502 5227 μοι
3532 5154 3699 5212 δοκεῖ.
3733 5198 3747 5213 .

2130 5181 2235 5292 θθῗ
2267 5251 2280 5289 :
2314 5231 2445 5305 Περὶ
2472 5237 2575 5305 τῆς
2613 5175 3604 5305 βαοὲλικῆς-ἀνὲρώπωνᾳήγεμονίας,
3636 5226 3747 5280 καθ’

356 5230 553 5296 Codex
578 5230 716 5308 2967
752 5253 766 5292 :
798 5230 1017 5308 καΓμοι
1051 5230 1218 5308 δοκῶ.
1251 5233 1470 5289 Theod.
1505 5230 1819 5308 Metochita
1849 5238 2005 5308 Μίδα.
2124 5230 2161 5291 Β

2431 5231 2445 5283 ὶ
2476 5237 2575 5299 τῆς
2613 5226 3604 5303 βασιλικῆςᾼάνθρώπωνΔἠγεμονίας,
3636 5226 3751 5280 καθ’

359 5295 465 5365 ὅτι
485 5307 809 5438 τεὶρέλτισί
836 5295 978 5399 ἔχει,
1006 5306 1123 5360 καθ’
1154 5303 1184 5358 6'
1211 5324 1265 5358 τι
1295 5309 1465 5372 νοσεῖ,
1501 5303 1842 5433 βουλόῖενος
1870 5306 2012 5382 ἐρεῖν

359 5382 522 5438 iecit.
595 5396 773 5437 orsan
800 5398 890 5433 και
921 5377 1036 5438 καθ’
1068 5376 1097 5431 ὃ
1128 5395 1181 5431 τι
1202 5380 1372 5438 νοσεῖ,
1404 5377 1495 5433 vel
1522 5377 1641 5438 καθ’
1695 5377 1779 5433 ’τι
1801 5398 1861 5434 τε
1891 5398 2015 5434 νοσε

2131 5310 2212 5360 κῶ
2245 5325 2337 5376 μοι
2372 5295 2650 5378 χρήσιμνο
2680 5295 2880 5357 εἶναι...
2914 5295 3153 5356 Frustra
3184 5295 3375 5356 editor
3395 5295 3405 5300 ⁷
3429 5295 3578 5353 δοκεῖ
3607 5316 3753 5355 con-

2128 5379 2176 5434 :f.
2211 5394 2391 5438 supra
2427 5392 2559 5438 pag.
2584 5376 2674 5438 23,
2706 5375 2796 5428 20.

350 5382 535 5456 jecit.»
550 5382 627 5456 Fo

459 5454 548 5525 εδ)
578 5452 782 5508 Matth.
814 5453 905 5506 24.

459 5522 550 5593 26)
571 5525 735 5580 Joan.
756 5538 881 5589 xm,
904 5522 971 5576 23
996 5536 1011 5588 ;
1041 5536 1162 5587 xxx,
1194 5522 1284 5575 20.

435 5592 550 5669 (27)
581 5597 750 5653 Joan.
780 5594 806 5648 Ι
830 5592 1013 5664 Epist.
1045 5607 1106 5662 ιι,
1136 5593 1224 5663 15,
1249 5594 1336 5661 16,
1370 5594 1456 5645 17.

632 5396 773 5436 rsan
800 5375 905 5433 καῖ’
921 5377 1036 5441 καθ’
1068 5376 1097 5431 ὃ
1128 5395 1181 5431 τι
1202 5380 1372 5446 νοσεῖ,
1404 5375 1641 5441 νθΓκαθ⁹
1673 5375 1703 5433 6'
1726 5398 1779 5433 τι
1801 5398 1861 5434 τε
1891 5375 2015 5434 νοσε

2128 5379 2176 5434 if.
2211 5375 2559 5449 supra—pag.
2584 5376 2674 5443 23,
2706 5375 2796 5428 20.
