4042 6154
372 313 483 368 965

1547 324 1719 376 VITA
1753 323 2105 383 BABLAAM
2140 326 2235 378 ΒΤ
2266 325 2605 380 JOASAPH.

3656 330 3770 386 966

366 438 721 511 καθάραντες.
757 437 910 494 Ἐπεὶ
944 436 1000 493 δὲ
1030 438 1134 494 ούκ
1161 437 1347 502 ἄλλως
1374 445 1559 511 τοῦτο,
1590 440 1735 497 ἀλλά
1784 440 1871 496 διὰ
1916 450 2014 511 τῆς

2130 451 2280 511 rent,
2314 446 2626 519 seipsoque
2646 447 2718 503 ab
2750 449 2910 504 omni
2934 449 3129 504 carnis
3157 456 3215 505 et
3229 452 3765 524 spiritusinquina-

378 524 629 601 φυλακῆς
687 530 794 580 τῶν
857 525 1091 582 ἐντολῶν
1150 533 1246 583 τοῦ
1305 534 1540 601 Χριστοῦ
1622 532 2014 604 κατορθοῦσθαι

377 607 630 687 ἔγνωσαν,
661 616 761 683 τήν
795 612 852 669 δὲ
882 614 1127 689 φυλακην
1157 620 1264 671 τῶν
1291 615 1525 672 ἐντολῶν
1573 618 1663 673 καὶ
1710 620 1810 687 τὴν
1860 618 2013 691 ἐργα-

379 702 498 756 σίαν
528 708 633 758 τῶν
667 704 870 777 ἀρετῶν
902 702 1179 779 δυσχερῶς
1210 705 1262 759 ἐν
1321 707 1469 779 μὲσῳ
1511 711 1617 761 τῶν
1661 711 1757 761 τοῦ
1805 706 2015 778 κόσμου

379 785 627 864 θορύϐων
658 792 1033 866 προσγίνεσθαι
1091 793 1440 865 κατενόησαν,
1500 793 1668 849 ἄλλον
1725 795 1846 850 τινὰ
1896 795 2011 871 βίον

377 877 521 949 ξὲνον
553 878 644 933 καὶ
676 877 1085 953 ἐνηλλαγμὲνον
1145 881 1355 943 ἑαυτοῖς
1410 879 1855 953 ἐπετηδεύσαντο,
1899 883 2010 951 καὶ,

376 968 518 1021 κατά
569 976 667 1033 τὴν
727 967 870 1021 θείαν
928 970 1112 1045 φωνην
1168 973 1299 1042 (33),
1352 968 1525 1024 πάντα
1598 971 2009 1040 καταλιπόντες,

374 1060 583 1128 γονεῖς,
612 1055 790 1123 τὲκνα,
823 1055 1038 1131 φίλους,
1088 1062 1382 1133 συγγενεῖς,
1442 1057 1685 1113 πλοῦτον
1737 1059 1826 1113 καὶ
1881 1080 2012 1133 τρυ-

374 1144 506 1220 φὴν,
536 1143 626 1197 καὶ
658 1145 828 1199 πάντα
857 1146 924 1198 τά
955 1145 1006 1199 ἐν
1038 1150 1116 1216 τῷ
1140 1145 1332 1217 κόσμῳ
1371 1148 1720 1222 μιφήσαντςς,
1753 1148 1890 1220 πρὸς
1919 1148 2014 1211 τὰς

374 1229 640 1306 ἐρήμους,
675 1232 854 1307 ὥσπερ
906 1234 1045 1295 τινὲς
1096 1232 1328 1308 φυγάδες
1389 1239 1627 1309 ᾤχοντο,
1688 1235 2010 1308 ὑστερούμε-

371 1340 457 1375 νοι
514 1324 642 1392 (34),
701 1316 1042 1393 θλιϐόμενοι,
1121 1322 1591 1396 κακπυχούμενοι,
1651 1323 1701 1377 ἐν
1758 1324 2010 1398 ἐρημίαις

371 1409 727 1481 πλανώμενοι
758 1410 847 1463 καὶ
880 1406 1025 1484 ὄρεσι
1065 1411 1153 1465 καὶ
1208 1409 1501 1480 σπηλαίοις
1557 1411 1647 1465 καὶ
1693 1417 1812 1474 ταῖς
1854 1413 2012 1475 ὀπαῖς

373 1502 476 1566 τῆς
500 1504 625 1570 γῆς,
656 1499 870 1553 πάντων
901 1502 1006 1553 τῶν
1041 1497 1129 1553 ἐπὶ
1178 1505 1279 1573 γῆς
1336 1503 1579 1573 τερπνῶν
1618 1520 1678 1554 τε
1732 1501 1819 1554 καὶ
1876 1501 2010 1556 ἀποο

376 1582 681 1641 λαυστικῶν
730 1586 951 1651 ἑαυτοὺς
1010 1587 1390 1662 μακρύναντες,
1442 1588 1531 1642 καὶ
1583 1587 1747 1643 αὐτοῦ
1804 1586 1863 1643 δὲ
1914 1595 2012 1645 τοῦ

375 1672 540 1748 ἄρτου
569 1674 658 1729 καὶ
692 1677 1068 1748 αεπάσματος
1130 1675 1252 1730 λίαν
1311 1678 1463 1732 103
1516 1673 1711 1738 ἐνδεῶς
1767 1672 2006 1750 ἔχοντες⁸

372 1760 469 1817 δύο
498 1767 664 1817 ταῦτα
719 1764 1293 1838 πραγματευσάμενοι,
1344 1761 1457 1833 ἵνα,
1524 1765 1598 1836 μὴ
1642 1765 1870 1839 ὁρῶντες
1916 1768 2011 1828 τάς
2044 1798 2091 1862 Β

371 1851 507 1913 ὕλας
537 1857 647 1907 τῶν
700 1856 907 1921 παθῶν,
957 1851 1287 1928 προρῥίζους
1345 1852 1521 1907 αὐτῶν
1578 1854 1673 1915 τὰς
1726 1852 2012 1926 ἐπιθυμίας

374 1939 432 1994 ἐκ
463 1948 561 2009 τῆς
613 1943 798 2016 ψυχῆς
854 1941 1219 2009 ἀνασπάσωσι,
1277 1939 1390 2012 καὶ,
1447 1940 1541 2003 τὰς
1586 1941 1761 1996 αὐτῶν
1818 1940 2017 2012 ἐξαλεί-

380 2032 575 2102 ψαντες
617 2030 855 2101 μνήμας,
888 2023 1064 2104 ἔρωτα
1092 2029 1180 2083 καὶ
1221 2029 1390 2093 πόθον
1437 2033 1545 2083 τῶν
1598 2029 1753 2084 θείων
1788 2031 1876 2085 καί
1921 2032 2017 2086 ού-

383 2118 579 2193 ρανίων
608 2117 662 2173 ἐν
693 2118 903 2179 ἑαυτοῖς
963 2116 1359 2191 ἔιμςρυτεύσωσι⁸
1420 2118 1556 2191 πρὸς
1611 2117 1848 2187 τούτοίς,
1902 2117 2013 2189 ἵνα,

376 2205 466 2261 διά
490 2214 589 2277 τῆς
613 2207 976 2268 κακοπαθείας
1032 2206 1095 2261 τὸ
1148 2207 1367 2279 σαρκίον
1427 2203 1880 2276 ἐκδαπανήσαντει
1927 2209 2016 2262 καὶ

376 2295 643 2369 μάρτυρες
704 2297 772 2368 τῇ
831 2292 1140 2369 προαιρέσει
1195 2292 1496 2368 γενόμενοι,
1558 2293 1633 2364 μὴ
1694 2293 2013 2368 ἀποτύχωοι

367 2385 469 2452 τὴς
531 2381 777 2446 εὐκλείας
829 2387 936 2437 τῶν
993 2379 1062 2437 δι’
1110 2379 1341 2454 α’ίματος
1398 2379 1811 2450 τελειωθέντων,
1874 2380 2018 2436 ἀλλά

377 2471 618 2544 μιμηταὶ
673 2474 760 2525 καὶ
823 2469 976 2525 αὐτοὶ
1031 2474 1138 2525 τῶν
1182 2474 1292 2535 ,τοῦ
1346 2472 1580 2542 Χριστοῦ
1653 2470 2013 2544 παθημάτων,

377 2559 502 2614 ὅσον
533 2559 598 2614 τὸ
628 2558 711 2613 ἐπ’
757 2559 968 2627 αὐτοῖς,
995 2558 1302 2633 γενόμενοι,
1358 2556 1448 2611 καὶ
1500 2564 1599 2625 τῆς
1656 2555 2014 2626 ἀτελευτήτου

379 2645 656 2724 βασιλείας
715 2648 1060 2722 συμιμὲτοχοι
1117 2639 1351 2700 ἔσονται.
1407 2643 1593 2706 Οὕτως
1677 2642 1767 2698 οῦν
1826 2642 2016 2720 ἄριστα

379 2734 822 2809 διασκεψάμενοι,
874 2734 966 2789 τὸν
1029 2731 1238 2807 μονάδα
1293 2733 1382 2787 καὶ
1440 2732 1672 2808 ἡσύχιον
1743 2731 2011 2806 μετῆλθον

382 2823 528 2898 βίον.

2129 539 2330 589 mento
2350 538 3047 607 repurgarent.Quoniam
3067 544 3263 593 autem
3283 539 3395 595 hoc
3409 557 3527 594 non
3541 541 3659 596 alia
3676 559 3765 597 ra-

2128 622 2492 693 tione,quam
2506 642 2612 695 per
2623 626 3255 681 mandatorumChristi
3269 628 3759 697 observationem,

2126 725 2160 763 a
2173 725 2234 763 se
2248 713 2514 781 praestari
2530 730 2700 783 posse
2715 713 3564 786 intelligebant,mandatorum
3588 733 3761 787 porro

2125 797 2593 854 observationem
2616 817 2683 855 ac
2699 801 2979 857 virtutum
2998 802 3222 857 cultum
3245 803 3306 857 in
3329 803 3541 858 mediis
3555 804 3763 875 mundi

2126 887 2481 943 tumultibus
2511 905 2661 960 aegre
2689 891 2975 960 consequi
3009 907 3069 945 se
3090 907 3263 961 posse
3303 892 3760 962 perspiciebant,

2127 990 2342 1028 novum
2366 975 2664 1044 quoddam
2687 983 2864 1048 atque
2882 978 2952 1032 ab
2967 979 3100 1034 aliis
3121 979 3416 1033 diversum
3430 979 3561 1033 vitae
3576 996 3763 1052 genus

2127 1060 2387 1134 sibiipsis
2401 1064 2807 1134 instituerunt,
2823 1068 3066 1138 acjuxta
3087 1067 3342 1122 divinam
3356 1084 3579 1132 vocem,
3598 1068 3765 1123 relic-

2126 1151 2199 1205 tis
2212 1152 2489 1207 omnibus
2501 1153 2819 1220 rebus,hoc
2830 1160 2921 1209 est
2932 1155 3759 1225 parentibus,liberis,amicis,

2126 1240 2407 1311 cognatis,
2426 1241 2657 1311 opibus,
2673 1242 3277 1314 deliciis,cunctisque
3290 1244 3493 1299 mundi
3507 1261 3763 1300 commo-

2127 1328 2217 1383 dis
2239 1330 2681 1400 contemptis.in
2702 1331 3075 1400 solitudines,
3092 1337 3374 1401 tanquam
3387 1333 3625 1387 exsules
3636 1334 3763 1403 qui-

2129 1417 2285 1487 dam,
2309 1436 2438 1473 sese
2460 1420 2860 1487 contulerunt,
2886 1427 3143 1493 egentes,
3169 1422 3505 1493 angustiati,
3533 1421 3760 1489 afﬂicti,

2129 1506 2343 1576 quibus
2365 1507 2575 1579 dignus
2597 1525 2715 1564 non
2739 1515 2864 1564 erat
2895 1510 3156 1565 mundus
3185 1510 3370 1581 (Hebr.
3402 1527 3491 1566 χιε
3520 1510 3581 1564 in
3614 1509 3763 1564 soli-

2126 1594 2434 1651 tudinibus
2458 1602 2741 1663 errantes,
2768 1598 2830 1651 in
2853 1597 3171 1664 montibus,
3196 1602 3254 1653 et
3275 1598 3662 1668 speluncis,et
3699 1597 3760 1651 in

2127 1684 2393 1738 cavernis
2406 1688 2576 1738 terrae
2599 1701 2665 1739 ac
2683 1685 2907 1756 seipsos
2921 1685 2993 1739 ab
3007 1684 3284 1739 omnibus
3297 1685 3547 1739 terrenis
3551 1686 3575 1756 j
3585 1700 3765 1738 ucun-

2126 1770 2407 1827 ditatibus
2430 1778 2488 1828 et
2505 1773 2903 1845 voluptatibus
2930 1774 3136 1844 procul
3162 1778 3552 1840 removentes,
3583 1778 3759 1843 atque

2125 1859 2271 1914 adeo
2295 1861 2464 1931 panis
2480 1862 2658 1916 etiam
2671 1862 3224 1917 etvestimentorum
3240 1862 3397 1933 gravi
3417 1860 3667 1933 penuria
3683 1859 3763 1915 la-

2125 1947 2966 2018 borantes.Quodutfacerent,
2982 1950 3200 2019 duplex
3231 1966 3330 2004 eos
3353 1965 3530 2004 causa
3550 1947 3765 2019 impel-

2124 2034 2299 2090 lebat
2312 2037 2589 2103 altera,ut
2606 2038 2947 2092 vitiosarum
2961 2038 3343 2091 aﬂ‘ectionum
3357 2036 3635 2091 materias
3658 2035 3766 2089 mi-

2126 2122 2286 2176 nime
2300 2130 2635 2191 cernentes,
2658 2140 2861 2179 earum
2874 2122 3227 2194 cupiditates
3252 2123 3533 2178 radicitus
3555 2139 3625 2176 ex
3646 2122 3769 2176 ani-

2124 2210 2237 2264 mis
2264 2211 2386 2265 suis
2405 2211 3071 2281 evellerent,earumque
3089 2212 3437 2265 memoriam
3459 2210 3765 2264 oblittera-

2123 2303 2276 2359 rent.
2301 2315 2368 2353 ac
2397 2300 2727 2355 divinarum
2758 2306 2817 2355 et
2840 2299 3167 2356 caelestium
3196 2315 3395 2353 rerum
3417 2314 3681 2354 amorem
3704 2301 3763 2352 et

2124 2385 2485 2441 desiderium
2499 2388 2560 2442 in
2575 2388 3163 2459 seipsisinsererent;
3184 2387 3463 2450 a1tera,ut
3484 2404 3588 2457 per
3608 2387 3758 2441 afﬂi-

2074 2518 2085 2537 ,
2125 2475 2380 2527 ctionem
2399 2491 2610 2545 corpus
2628 2475 3334 2545 conﬁcerent,animoque
3364 2491 3431 2529 ac
3462 2474 3759 2529 voluntate

2122 2565 2413 2631 martyres
2431 2563 2719 2628 eﬂ‘ecti,ea
2733 2562 3124 2633 gloria,quam
3150 2562 3189 2614 ii
3214 2562 3313 2631 qui
3331 2562 3611 2633 martyrio
3634 2578 3761 2632 per-

2122 2647 2307 2702 functi
2331 2649 2788 2716 sunt,obtinent,
2814 2650 3057 2703 minime
3080 2653 3377 2714 carerent;
3402 2664 3602 2702 verum
3624 2664 3760 2702 cum

2123 2735 2236 2807 ipsi
2260 2741 2813 2807 quoque,quantum
2827 2736 2889 2790 in
2911 2752 2974 2791 se
2988 2740 3162 2802 esset,
3187 2735 3401 2789 Christi
3422 2736 3758 2805 passionem

2123 2823 2769 2895 expressissent,ipsius
2781 2839 3015 2894 quoque
3029 2822 3195 2894 regni
3208 2822 3526 2893 participes
3544 2827 3763 2878 essent.

377 2914 469 2970 Ad
499 2915 658 2970 hunc
687 2914 864 2986 igitur
890 2911 1134 2968 modum
1166 2911 1389 2984 optima
1419 2910 1892 2967 consideratione
1925 2910 2211 2981 adhibita,
2262 2913 2659 2968 monasticam
2712 2929 2781 2967 ac
2836 2911 3165 2967 solitariam
3223 2911 3405 2966 vitam
3463 2916 3774 2966 consectat

381 3009 540 3060 sunt.

440 3088 594 3151 Τινὲς
628 3089 722 3161 μὲν
782 3085 983 3163 αἴθριοι
1044 3084 1576 3161 διακορτερήσαντες,
1637 3089 1716 3156 τῷ
1774 3084 2012 3162 φλογμῷ

2199 3091 2388 3161 Atque
2411 3089 2510 3146 alii
2532 3088 2772 3161 quidem
2794 3087 2902 3144 sub
2920 3088 3016 3143 dio
3038 3085 3487 3154 durantes,solis
3500 3091 3667 3152 aestu,
3684 3090 3766 3140 at-

367 3180 466 3231 τοῦ
497 3176 779 3240 καύσωνος
806 3176 897 3231 καὶ
936 3180 1170 3250 κρυμοῖς
1224 3174 1433 3250 ἀγρίοις
1488 3174 1576 3230 καὶ
1635 3168 1868 3249 ὄμϐροις
1923 3173 2013 3228 καὶ

368 3271 635 3341 ταραχαῖς
666 3265 876 3338 ἀνέμων
904 3261 1416 3338 ταλαιπωρούμενοι
1476 3263 1606 3337 (35)’
1667 3262 1721 3316 οἱ
1780 3260 1857 3332 δὲ,
1915 3282 2014 3316 κα·-

375 3350 547 3416 λύϐας
580 3355 904 3427 πηξάμενοι,
944 3353 979 3422 ἢ
1031 3350 1325 3422 σπηλαίοις
1366 3351 1458 3406 καὶ
1508 3348 1723 3425 ἄντροις
1778 3350 2015 3425 ὑποκρυ·

376 3438 575 3510 ϐἑντες,
608 3441 877 3513 διεζησαν,
911 3439 1069 3499 Οὕτω
1100 3441 1157 3496 δὲ
1202 3441 1303 3509 τήν
1350 3440 1544 3513 ἀρετὴν
1597 3438 2015 3514 μετερχόμενοι,

370 3538 544 3588 πᾶσαν
578 3533 838 3608 σαρκικὴν
898 3531 1240 3604 παράκλησιν
1295 3529 1384 3584 καὶ
1439 3529 1736 3583 ἀνάπαυσιν
1796 3527 1874 3589 είς
1929 3526 2014 3581 τὲ·

374 3620 473 3683 λος
522 3620 929 3696 ἀπηρνήσαντο,
993 3617 1243 3693 λαχάνων
1306 3618 1470 3690 ὠμῶν
1530 3617 1618 3671 καὶ
1683 3611 2013 3690 βοτανῶν,ἤ

373 3706 714 3783 ἀκροδρύων,
747 3706 782 3777 ἤ
816 3705 978 3781 ἄρτου
1009 3709 1176 3781 ξηροῦ
1223 3707 1312 3760 καὶ
1357 3708 1495 3760 πάνυ
1551 3704 1817 3780 σκληροῦ,
1868 3725 2017 3758 στοι-

371 3799 642 3874 χήσαντες
677 3793 877 3869 διαίτῃ,
915 3797 989 3867 μή
1021 3798 1090 3868 τῇ
1119 3795 1374 3861 ποιότητι
1409 3795 1573 3866 μόνον
1617 3790 2012 3863 ἀποταξάμενοὶ

372 3891 485 3941 τῶν
514 3883 714 3955 ἡδέων,
745 3883 912 3952 ἀλλά,
951 3888 1031 3955 τῷ
1089 3883 1327 3957 περιόντι
1382 3888 1483 3950 τῆς
1540 3880 1868 3956 ἐγκρατείας,
1924 3879 2015 3934 καὶ

376 3976 515 4050 πρὸς
543 3976 644 4041 τήν
702 3972 985 4042 ποσότητα
1033 3971 1097 4026 τὸ
1155 3969 1449 4048 φιλότιμον
1504 3968 1705 4023 ἑαυτῶν
1760 3967 2015 4043 παρατεί-

377 4084 581 4126 ναντες.
620 4064 882 4117 Τοσοῦτον
942 4062 1044 4135 γὰρ
1096 4058 1186 4113 καὶ
1246 4057 1421 4113 αὐτῶν
1476 4061 1582 4111 τῶν
1638 4054 1871 4112 εὐτελῶν
1924 4055 2014 4111 καὶ

377 4150 818 4226 ἀναγκαιοτάτων
855 4142 1268 4223 μετελάμϐανον
1332 4147 1660 4222 βρωμάτων,
1709 4144 1833 4200 ὅσον
1880 4145 2011 4200 ἀπο-

378 4245 475 4314 ζῇν
509 4239 690 4314 μόνον.
725 4239 793 4296 Οί
854 4239 948 4312 μὲν
998 4239 1101 4312 γὰρ
1154 4237 1357 4306 αὐτῶν,
1408 4234 1540 4296 ὅλας
1583 4235 1677 4296 τάς
1716 4237 1813 4303 τῆς
1864 4228 2017 4289 ἑϐδο.

380 4327 552 4404 μάδος
581 4326 789 4403 ἡμέρας
818 4328 996 4382 ἄσιτοι
1046 4323 1443 4394 διατελοῦντες,
1491 4326 1559 4396 τῇ
1607 4325 1837 4396 κυριακῇ
1888 4342 2014 4393 τρο-

2126 3194 2240 3248 que
2276 3179 2619 3249 asperrimis
2664 3176 2978 3250 frigoribus
3008 3193 3075 3232 ac
3099 3175 3333 3247 pluviis,
3369 3180 3426 3229 et
3455 3180 3761 3229 ventorum

2124 3265 2461 3322 turbinibus
2483 3266 2941 3322 afﬂictabantur.
2976 3265 3089 3319 Alii
3114 3263 3468 3319 constructis
3489 3263 3759 3334 tuguriis,

2120 3360 2223 3411 aut
2239 3355 2297 3408 in
2324 3355 2624 3426 speluncis
2637 3353 2892 3410 etantris
2904 3370 3033 3408 sese
3048 3351 3617 3419 occultantes,vitam
3639 3368 3768 3425 age—

2120 3445 2286 3501 bant.
2320 3445 2530 3517 Sicque
2560 3446 2836 3500 virtutem
2879 3444 3165 3506 colentes,
3199 3459 3439 3498 omnem
3470 3442 3771 3497 carnalem

2120 3535 2589 3590 consolationem
2607 3534 2937 3604 etquietem
2952 3532 3023 3587 ad
3043 3538 3372 3587 extremum
3388 3547 3575 3600 usque
3591 3546 3768 3601 repu-

2122 3622 2381 3689 diarunt,
2419 3623 2618 3677 crudis
2651 3621 2912 3677 oleribus
2943 3627 3001 3675 et
3030 3619 3252 3685 herbis,
3286 3625 3389 3673 aut
3415 3618 3628 3687 pomis,
3664 3623 3770 3672 aut

2122 3713 2300 3767 etiam
2313 3713 2467 3768 sicco
2482 3729 2549 3767 ac
2570 3711 2889 3766 durissimo
2910 3726 3061 3780 pane
3083 3709 3259 3762 vitam
3285 3707 3624 3771 tolerantes;
3649 3722 3760 3760 nec

2121 3801 2385 3855 suavium
2400 3800 2665 3854 ciborum
2682 3798 2951 3869 qualitati
2963 3796 3083 3851 dun
3093 3794 3535 3850 taxatnuntium
3557 3810 3617 3847 re
3627 3792 3758 3846 mit-

2120 3888 2441 3955 tentes,sed
2455 3904 2574 3960 prae
2588 3886 2933 3942 exuberanti
2966 3883 3219 3956 quadam
3241 3881 3608 3937 continentia
3626 3897 3753 3936 ma-

2122 3977 2492 4051 gnitudinem
2506 3976 2688 4032 animi
2702 3976 2791 4031 sui
2806 3974 3083 4046 ad‘ipsam
3105 3988 3338 4043 quoque
3361 3970 3751 4041 quantitatem

2123 4066 2653 4121 extendentes.Tan
2661 4064 2848 4120 tulum
2859 4063 3018 4119 enim
3030 4058 3515 4125 duntaxat,etiam
3529 4074 3598 4112 ex
3608 4057 3753 4129 ipsis

2123 4156 2335 4211 vilibus
2362 4155 2735 4225 maximeque
2773 4151 3123 4208 necessariis
3155 4150 3302 4205 cibis
3332 4147 3758 4219 percipiebant,

2125 4250 2413 4316 quantum
2436 4243 2510 4299 ad
2535 4242 2902 4298 tolerandam
2917 4241 3137 4296 famem
3164 4238 3306 4294 satis
3329 4242 3503 4292 esset.
3521 4234 3771 4300 Quidam

2130 4332 2287 4387 enim
2320 4347 2525 4386 eorum
2555 4331 2844 4402 integram
2875 4326 3312 4383 hebdomadam
3357 4341 3463 4396 per
3511 4323 3772 4378 inediam

378 4425 486 4497 φῆς
522 4410 957 4491 μετελάμϐανον·
992 4416 1048 4468 οἱ
1094 4411 1152 4468 δὲ
1208 4410 1289 4475 δὶς
1345 4414 1659 4512 manu
1714 4405 2014 4512 ἑϐδομάδος

2134 4420 2550 4493 transigentes,
2571 4418 2874 4474 Dominico
2892 4417 3134 4473 demum
3160 4415 3252 4470 die
3279 4413 3477 4469 cibum
3511 4411 3778 4466 admitte-

375 4507 582 4576 ταύτης
645 4503 987 4579 μεμνημένοι
1037 4506 1169 4576 (36)·
1232 4500 1397 4557 ἄλλοι
1455 4497 1512 4555 δὲ
1578 4498 1724 4575 παρά
1779 4499 1927 4571 μίαν,
1985 4497 2020 4567 ἢ

377 4596 469 4651 καὶ
501 4596 618 4649 καθ’
652 4594 904 4669 ἑσπέραν,
937 4590 1213 4666 ἐσιτοῦντο
1264 4588 1387 4645 ὅσον
1425 4590 1585 4662 μόνον
1638 4594 1844 4665 τροφῆς
1891 4587 2025 4641 ἀπο-

375 4684 644 4760 γεύεσθαι.
707 4682 918 4757 Εὐχαῖς
977 4701 1036 4735 τε
1109 4678 1199 4734 καὶ
1257 4676 1576 4753 ἀγρυπνίαις
1639 4680 1835 4751 μικροῦ
1888 4675 2025 4749 πρὸς

373 4774 471 4828 τὸν
502 4777 609 4827 τῶν
644 4770 892 4847 ἀγγέλων
924 4766 1432 4844 παρημιλλήθησαν
1498 4765 1639 4840 βίον,
1690 4763 1903 4838 χαίρειν
1950 4762 2024 4817 εἱ-

374 4861 568 4926 πόντες
595 4860 828 4936 χρυσίου
857 4857 947 4914 καὶ
1007 4855 1267 4933 ἀργυρίου
1324 4858 1392 4928 τῇ
1450 4855 1637 4924 κτήσει
1690 4853 2024 4921 παντάπασι,

458 5114 568 5186 (33)
600 5110 802 5186 Matth-
858 5128 975 5186 ξιι,

385 5183 424 5255 ἤ
453 5171 635 5248 τέκνα,
667 5181 703 5252 ἤ
731 5171 1185 5256 ἀγροῦς.ξ.-ζωὴν
1215 5175 1433 5256 aliile
1462 5171 1897 5245 κληρονομήσει.

456 5257 574 5328 (34)
606 5249 900 5328 Epistiad
932 5252 1104 5306 Hebr.
1128 5266 1205 5328 xi,
1237 5251 1327 5313 37,

2135 4508 2553 4574 bant.Quidam
2576 4507 2668 4562 bis
2689 4512 2920 4562 tantum
2938 4503 3311 4559 hebdomada
3331 4516 3564 4572 quaque
3586 4499 3773 4570 ipsius

2136 4597 2533 4652 meminerant
2555 4614 2569 4660 ;
2592 4593 2693 4650 alii
2716 4594 2960 4649 alternis
2974 4593 3183 4648 diebus
3200 4590 3308 4646 sub
3322 4604 3626 4660 vesperam
3648 4586 3780 4641 ede-

2136 4685 2394 4753 bant,sic
2414 4691 2481 4739 ut
2498 4684 2693 4739 cibum
2725 4683 3009 4738 duntaxat
3039 4682 3449 4753 degustarent;
3484 4674 3781 4747 precibus-

2136 4791 2252 4844 que
2282 4790 2350 4829 ac
2380 4773 2596 4845 vigiliis
2635 4771 3062 4844 propemodum
3102 4785 3237 4824 cum
3286 4765 3510 4836 angelis
3541 4778 3777 4832 quoque

2137 4866 2635 4932 certantes,atque
2656 4860 2783 4915 auri
2806 4865 2863 4914 et
2879 4859 3104 4931 argenti
3126 4855 3521 4928 possessione,
3537 4850 3780 4922 emptio-

1029 5111 1096 5163 29
1123 5124 1134 5160 :
1196 5102 1295 5159 Καὶ
1346 5107 1470 5169 πᾶς,
1499 5171 1511 5174 _
1531 5100 1589 5161 ’ὸς
1645 5098 1846 5174 ἀφῆκεν
1906 5095 2102 5169 οἰκίας,
2134 5095 2170 5167 ἤ
2202 5093 2473 5172 ἀδελφοὺς
2504 5094 2541 5164 ἢ
2572 5092 2831 5172 ἀδελφὰς,
2860 5089 2896 5163 ἤ
2927 5091 3131 5166 πατὲρα
3159 5086 3195 5157 ἥ
3231 5088 3456 5161 μητέρα,
3488 5082 3524 5154 ἥ
3549 5087 3779 5158 γυναῖκα

1353 5296 1479 5399 ᾗῇ,
1513 5315 1587 5369 de
1617 5313 1911 5399 mendicis
1942 5330 1954 5368 :
1991 5313 2014 5369 Ἴ

2125 5333 2167 5383 ῳ
2223 5310 2315 5367 καὶ
2370 5309 2534 5378 κόνει,
2594 5304 2703 5364 ἔστι
2736 5306 2781 5363 δ’
2813 5307 2903 5362 ’ὀτε
2957 5304 3047 5360 καὶ
3105 5296 3337 5378 ὄμϐροις
3393 5300 3482 5355 καὶ
3540 5314 3773 5372 κρυμοις

385 5383 474 5473 ἄγ’
502 5383 603 5460 ίοίς
631 5383 1016 5467 καὶνταραχαῖς
1049 5383 1830 5471 ἀνέμων’ταλαιπωρούμενοι,

458 5418 571 5542 ῖ36)
608 5459 1568 5542 Locutioveterrimee‘illisimilig
1588 5461 1646 5512 et
1672 5461 1830 5511 notis

860 5447 1203 5537 Avnéte'rrim'ee
1230 5461 1327 5537 illi
1342 5447 1568 5537 similis:
1588 5447 2014 5537 et'notissimaa1

2125 5447 2236 5537 ’66-!)
2263 5453 2541 5537 ξμνήσατο
2572 5453 2744 5537 σίτου,
2773 5449 2871 5537 "II.
2932 5453 2993 5516 Ω,
3048 5450 3197 5537 ξὲἓιε

377 5561 433 5595 τι
459 5520 805 5606 ἕί-ὶὸυῖόὺῖττ
823 5520 999 5603 εὐνῆς·
1032 5541 1092 5591 et
1118 5537 1221 5589 216
1250 5550 1263 5587 :
1298 5526 1436 5588 Οῦτε
1464 5523 1636 5606 φόϐου
1649 5520 2047 5606 μεμνημένον.
2076 5520 2524 5606 οὔτ’-’.ἀλεωρῆς
2549 5520 2739 5606 ,γίάῥ
2773 5522 2854 5576 Ηθ

3258 5444 3456 5515 Μεμνη
3468 5440 3625 5515 μένος
3655 5433 3781 5490 οὔτε

2942 5509 3076 5575 .'ad
3126 5518 3193 5573 Η.
3246 5517 3309 5574 Β.
3351 5509 3492 5583 ’686’,
3552 5509 3616 5563 οὐ
3672 5526 3777 5561 πο-

376 5589 906 5686 Χιμὸὶᾷϊμῐὼὸντο·
937 5589 1066 5678 quae
1099 5604 1453 5662 contulerim
1477 5589 1617 5656 'cum
1649 5589 2011 5655 Theocriteis

2125 5598 2339 5667 v,'243:
2371 5589 2514 5671 ἄὲραρ
2547 5589 2604 5648 δὶ
2638 5590 2823 5666 μάχης
2852 5589 3151 5664 ἐμνήσατο.
