4042 6154
370 306 475 365 967

1882 305 2124 360 ADDEN
2131 307 2248 361 DA.

3652 306 3753 363 968

370 432 663 499 nibusque
678 425 1180 484 etveuditionibus
1194 439 1436 496 prorsus
1467 421 1662 478 valere
1680 422 1889 496 jussis,
1944 441 1996 480 n.

2122 422 2342 498 πράσεις
2382 444 2440 479 τε
2492 424 2582 480 καὶ
2637 425 2927 501 ἀγορασίας
2981 423 3372 500 ἐπιλαθόμενοι
3423 426 3558 481 εἶναι
3612 426 3757 493 ὅλως

370 525 460 574 ter
490 519 761 573 homines
791 516 1032 571 omnino
1064 531 1125 569 se
1158 530 1284 569 esse
1317 510 1833 568 obliviscebantur.

439 608 682 662 Invidiae
707 612 903 661 autem
926 612 985 659 et
1003 603 1183 658 animi
1206 602 1607 673 elationi,quaa
1632 602 2006 673 potissimum

369 696 663 752 bonorum
693 709 938 764 operum
970 693 1217 747 comites
1245 708 1371 746 esse
1404 692 1617 751 solent,
1651 691 1814 745 locus
1852 691 2008 744 inter

372 800 473 839 eos
497 784 696 839 nullus
718 788 858 837 erat.
882 783 1079 851 Neque
1102 780 1260 833 enim
1285 780 1331 834 is
1355 780 1454 849 qui
1478 780 1539 833 in
1570 781 1699 833 vita)
1730 778 2009 833 monasti-

369 890 450 927 cae
481 869 999 927 exercitationibus
1031 868 1368 923 inferiorem
1400 868 1595 923 locum
1626 868 1882 933 tenebat,
1912 865 2009 921 ad-

368 977 569 1015 versus
582 976 717 1014 eum
736 959 905 1029 cujus
919 956 1399 1011 illustriorvirtus
1422 956 1774 1017 erat.1ivoris
1795 954 2008 1027 cogita-

370 1050 591 1104 tionem
623 1049 685 1102 in
714 1047 979 1103 animum
1010 1045 1492 1101 admittebatznec
1523 1062 1727 1101 rursus
1744 1061 1879 1100 eum
1902 1044 2004 1115 qui

367 1137 680 1192 virtutibus
693 1136 954 1206 pollebat
970 1133 1304 1206 arrogantia
1315 1138 1374 1188 et
1393 1133 1580 1189 fastus
1601 1133 1878 1188 adversus
1902 1132 2009 1186 im-

365 1226 700 1280 becilliores
731 1223 1030 1291 eﬂ‘erebat,
1063 1228 1238 1292 atque
1269 1223 1331 1276 in
1377 1221 1530 1277 hanc
1580 1221 1849 1276 fraudem
1901 1222 2007 1275 im-

366 1314 624 1384 pellebat
645 1319 709 1367 ut
734 1312 1066 1383 proximum
1099 1310 1251 1365 nihil
1281 1310 1587 1380 penderet,
1621 1315 1723 1365 aut
1762 1310 1833 1365 de
1871 1309 2006 1366 reli-

365 1403 529 1475 giosa
559 1401 1011 1456 excercitatione
1026 1398 1479 1472 gloriaretur,ob
1505 1414 1692 1469 eaque
1713 1415 1843 1469 quae
1865 1414 2001 1453 cum

364 1491 538 1547 laude
561 1487 1265 1561 praastitisset,magniﬂce
1288 1492 1464 1557 atque
1488 1491 1830 1559 arroganter
1843 1486 1914 1541 de
1939 1501 2000 1541 se

366 1580 629 1636 sentiret.
663 1580 807 1634 Nam
837 1577 937 1648 qui
969 1577 1180 1632 virtute
1211 1576 1465 1630 alterum
1496 1574 1906 1642 antecellebat,
1939 1573 2002 1628 id

366 1673 553 1722 totum
577 1683 697 1721 non
719 1667 840 1721 suis
856 1664 1182 1731 laboribus,
1204 1663 1307 1719 sed
1326 1663 1428 1719 Dei
1446 1663 1647 1718 virtuti
1676 1662 1998 1728 ascribens,

2122 511 2175 566 ἐν
2208 513 2537 587 ἀνθρώποις.

2188 599 2397 663 Φθόνος
2428 598 2486 655 δὲ
2532 601 2621 655 καὶ
2651 598 2898 676 ἔπαρσις,
2950 601 3003 656 οἱ
3067 599 3310 675 μάλιστα
3361 607 3478 665 τοῖς
3535 602 3753 676 ἀγαθοῖς

2115 685 2296 762 ἔργοις
2323 687 2645 744 ἀκολουθεῖν
2677 689 2948 759 εἰωθότες,
2997 690 3095 745 οὐκ
3144 685 3308 764 ἔσχον
3361 691 3550 767 χώραν
3579 691 3632 746 ἐν
3659 692 3752 747 αὖ·

2113 780 2249 837 τοῖς.
2309 773 2451 832 Οὐδὲ
2505 778 2608 852 γὰρ
2666 779 2695 831 ὁ
2756 776 2992 832 ἐλάττων
3054 777 3107 832 ἐν
3156 784 3273 839 τοῖς
3323 781 3424 844 τῆς
3480 777 3757 849 ἀσκήσεως

2115 860 2308 927 ῒδρῶσι
2362 866 2496 919 κατά
2547 867 2646 918 τοῦ
2705 863 2918 937 μᾶλλον
2979 862 3387 939 διαλάμποντος
3466 866 3753 941 βασκανίας

2117 948 2380 1026 λογισμὸν
2412 951 2560 1015 ὅλως
2607 951 2658 1008 ἐν
2712 953 2886 1025 ἐαυτῷ
2930 951 3249 1029 ὑπεδέχετο·
3301 952 3419 1010 οὐδ’
3466 952 3532 1009 αὖ
3587 954 3751 1011 πάλιν

2113 1039 2203 1094 τὸν
2262 1039 2470 1117 μεγάλα
2524 1043 2889 1116 κατορθοῦντα
2960 1044 3099 1097 κατά
3169 1046 3278 1097 τῶν
3365 1042 3753 1118 ἀσθενεστέρων

2114 1128 2249 1200 πρὸς
2289 1126 2467 1199 οἴησιν
2529 1128 2724 1203 ἐπῆρεν
2773 1132 2809 1199 ἡ
2869 1129 3156 1200 ἀλαζονεία
3219 1127 3255 1200 ἤ
3313 1129 3607 1200 ἐξουθενεῖν
3658 1133 3751 1186 τὸν

2117 1212 2376 1287 πλησίον,
2417 1217 2453 1287 ἢ
2513 1215 2878 1292 ἐγκαυχᾶσθαι
2934 1216 3005 1292 τῇ
3062 1214 3308 1288 ἀσκήσει,
3366 1217 3456 1274 καὶ
3517 1219 3756 1295 μεγαλο-

2115 1309 2330 1380 φρονεῖν
2385 1303 2472 1360 ἐπῖ
2528 1309 2644 1366 τοῖς
2700 1305 3139 1381 κατορθώμασιν,
3199 1306 3536 1377 ἀπατήσασα.
3566 1307 3623 1361 '0
3651 1308 3753 1383 γὰρ

2113 1393 2175 1447 τὸ
2206 1392 2372 1449 πλέον
2399 1392 2542 1468 ἔχων
2586 1391 2663 1458 εἰς
2716 1395 2935 1469 ἀρετὴν,
2995 1394 3058 1450 οὐ
3115 1393 3302 1458 πόνοις
3358 1393 3546 1466 ἰδίοις,
3608 1394 3754 1451 ἀλλὰ

2116 1485 2249 1536 Θεοῦ
2303 1477 2545 1555 δυνὰμει,
2629 1484 2692 1537 τὸ
2772 1488 2876 1537 πᾶν
2962 1482 3289 1561 ἐπιγράφων,
3372 1482 3754 1559 ταπεινόφρονι

2113 1570 2309 1644 γνώμῃ
2341 1568 2544 1634 ἔπειθεν
2572 1570 2756 1625 ἑαυτὸν
2820 1568 2987 1645 μηδεν
3041 1570 3187 1634 ὅλως
3242 1570 3577 1647 ἐργάζεσθαι,
3610 1570 3758 1627 ἀλλὰ

2112 1658 2200 1712 καὶ
2234 1656 2501 1714 πλειόνων
2552 1658 2838 1733 ὀφειλέτην
2884 1660 3040 1730 εἶναι,
3087 1660 3223 1725 καθά
3272 1681 3436 1735 φησιν
3468 1662 3497 1716 ὁ
3528 1660 3750 1735 Κύριος’

364 1756 572 1810 humili
598 1759 796 1810 mente
815 1755 926 1808 hoc
945 1752 1057 1807 sibi
1078 1750 1560 1823 persuadebat,se
1584 1750 1735 1805 nihil
1756 1750 1996 1805 omnino

2112 1746 2277 1803 Ὅταν
2328 1749 2443 1821 (37)
2499 1749 2769 1818 ποιήσητε
2824 1746 2996 1803 πάντα
3059 1749 3127 1803 τὰ
3183 1747 3543 1825 διαταχθέντα
3597 1749 3754 1822 ὑμῖν,

366 1842 828 1905 efficere,verum
840 1841 1028 1896 multo
1041 1839 1212 1911 plura
1224 1840 1335 1893 sibi
1353 1838 1685 1910 praastauda
1698 1855 1826 1893 esse
1832 1839 1996 1909 juxta

2113 1834 2315 1910 λέγετε,
2346 1834 2429 1891 ὅτι
2485 1838 2740 1911 Ἀχρεῖοι
2786 1833 2977 1892 δοῦλοί
3032 1838 3214 1910 ἔσμεν,
3265 1839 3347 1893 δτι
3379 1836 3409 1892 ὅ
3438 1837 3752 1913 ὠφείλομεν

363 1931 513 1985 illud
544 1930 701 2000 quod
731 1930 814 1985 ait
843 1928 1129 1983 Dominus
1153 1944 1166 1982 :
1201 1929 1344 1981 Cum
1372 1927 1632 1980 feceritis
1654 1927 1857 1980 omnia
1874 1942 2004 1996 qum

363 2024 658 2089 praecepta
686 2022 823 2072 sunt
851 2016 1036 2084 vobis,
1068 2015 1280 2070 dicite:
1313 2014 1470 2068 Servi
1501 2014 1744 2068 inutiles
1777 2031 2002 2081 sumus,

367 2123 497 2176 qua:
520 2106 832 2160 debuimus
853 2105 1046 2159 facere
1069 2103 1472 2172 fecimus(Luc.
1496 2102 1740 2173 xvn).Ac
1761 2102 2003 2173 quidam

367 2197 542 2251 etiam
574 2197 686 2251 hoc
709 2196 821 2250 sibi
848 2193 1303 2265 persuadebant,
1330 2210 1391 2247 se
1417 2210 1491 2249 ne
1523 2210 1591 2249 ea
1621 2194 1864 2264 quidem
1880 2192 2001 2248 ullo

364 2285 541 2339 modo
565 2284 793 2349 fecisse,
819 2282 1110 2353 quaeipsis
1132 2298 1165 2336 a
1195 2283 1310 2335 Deo
1341 2287 1635 2352 praacepta
1664 2287 1883 2347 essent,
1915 2298 2006 2337 ve-

362 2389 493 2426 rum
521 2372 704 2426 multo
727 2371 898 2442 plura
913 2386 1042 2425 esse
1063 2386 1192 2440 quae
1216 2369 1326 2423 sibi
1349 2369 1644 2436 deessent,
1670 2386 1847 2440 quam
1869 2386 2000 2440 qum

356 2460 482 2532 jam
502 2459 1196 2530 praestitissentllursum
1217 2457 1269 2512 is
1293 2458 1393 2528 qui
1411 2459 1472 2512 in
1490 2457 1767 2529 religiosa
1788 2458 2004 2513 exerci-

360 2548 685 2612 tatione,ob
716 2547 980 2618 corporis
994 2545 1727 2602 fortasseimbecillitatem
1755 2546 2002 2602 inferior

360 2642 505 2703 erat,
530 2637 789 2707 seipsum
814 2636 986 2691 nihili
1006 2635 1321 2705 pendebat,
1350 2652 1416 2690 ac
1437 2636 1723 2691 miserum
1745 2636 1999 2704 dicebat,

360 2725 543 2780 animi
567 2725 794 2779 scilicet
813 2724 1077 2796 ignaviae,
1109 2739 1177 2778 ac
1194 2739 1314 2779 non
1345 2729 1572 2780 natura;
1604 2725 1999 2781 imbecillitati

359 2813 653 2868 defectum
684 2829 857 2868 suum
869 2813 1292 2884 assignanslta
1310 2813 1408 2868 alii
1439 2813 1773 2884 aliis,atque
1791 2831 1998 2870 omnes

361 2901 633 2956 omnibus
664 2901 1055 2957 modestiores
1095 2918 1156 2956 se
1197 2901 1558 2972 praebebant.
1592 2902 1793 2958 Inanis
1821 2919 1996 2975 porro

355 2991 556 3061 gloriae
570 2991 812 3044 affectus
826 2988 1280 3044 authominibus
1292 2989 1566 3059 placendi
1581 2991 1843 3045 studium
1860 3008 2002 3063 quo-

356 3095 494 3133 nam
514 3079 753 3133 tandem
778 3082 946 3151 pacto
969 3077 1030 3131 in
1054 3077 1173 3131 illis
1192 3077 1656 3149 inesset,quippe
1675 3079 1775 3149 qui
1792 3078 1901 3134 hac
1919 3080 1991 3134 de

354 3182 532 3221 causa
553 3167 756 3220 orbem
778 3166 916 3238 fuga
935 3164 1503 3236 reliquerant,atque
1524 3166 1586 3220 in
1605 3165 1853 3222 desertis
1872 3182 1993 3222 mo-

354 3254 657 3321 rabantur,
680 3260 741 3308 ut
762 3253 1003 3308 virtutes
1026 3269 1163 3308 suas
1180 3269 1299 3307 non
1332 3253 1693 3320 hominibus,
1716 3255 1818 3309 sed
1848 3255 1988 3323 Deo,

354 3358 388 3395 a
412 3358 527 3411 quo
554 3343 831 3395 virtutum
861 3356 1095 3410 quoque
1120 3342 1365 3411 praemia
1394 3342 1733 3412 sperabant,
1753 3342 1994 3397 demon-

353 3432 626 3484 strarent.
651 3428 804 3482 Illud
825 3429 1041 3499 quippe
1062 3429 1245 3498 probe
1274 3433 1509 3494 norant,
1531 3428 1807 3501 religiosa
1833 3447 1993 3485 exer-

351 3518 508 3580 citia,
542 3534 671 3587 quae
702 3516 897 3571 inanis
926 3516 1126 3587 glorise
1153 3533 1331 3571 causa
1370 3516 1684 3583 obeuntur,
1720 3519 1991 3574 mercede

2108 1930 2334 1994 ποιῆσαι
2388 1926 2786 1997 πεποιήκαμεν.
2842 1925 2911 1981 Οἱ
2968 1923 3027 1979 δὲ
3078 1923 3241 1980 πάλιν
3313 1923 3439 1982 οὐδὲ
3520 1925 3752 1996 ποιῆσαί

2107 2031 2238 2068 ποτε
2268 2012 2335 2067 τὰ
2361 2010 2752 2090 διατεταγμένα
2780 2012 2993 2078 ἔπειθον
3034 2013 3276 2086 ἑαυτοὺς,
3329 2013 3475 2071 ἀλλὰ
3516 2013 3753 2070 πλείονα

2109 2102 2381 2159 εἶναιτῶν
2424 2100 2534 2174 ἢδη
2582 2104 3029 2179 κατωρθωμένων
3078 2103 3146 2159 τὰ
3190 2102 3532 2159 ἐλλείποντα.
3585 2103 3693 2161 Καὶ
3726 2104 3755 2159 ὁ

2107 2189 2502 2262 ἐλαττούμενος
2562 2190 2728 2246 πάλιν
2779 2191 2831 2246 ἐν
2877 2196 2947 2266 τῇ
2997 2194 3241 2264 ἀσκήσει,
3287 2191 3377 2248 διὰ
3432 2192 3754 2265 σωματικὴν

2110 2281 2258 2337 1115
2294 2274 2428 2342 ἴσως
2486 2279 2778 2348 ἀσθένειαν,
2834 2277 3130 2350 ἐξευτέλιζε
3179 2278 3486 2350 ταλανίζων
3536 2280 3753 2353 ἑαυτὸν,

2109 2365 2346 2442 ῥᾳθυμίᾳ
2400 2368 2655 2442 γνώμης,
2716 2367 2844 2443 οὐχὶ
2902 2367 3110 2443 φύσεως
3165 2370 3430 2441 ἀσθενείᾳ,
3484 2371 3547 2425 τὸ
3605 2369 3753 2426 ὑστέ-

2108 2475 2260 2530 ρημα
2321 2452 2705 2530 λογισόμενος.
2760 2454 2945 2519 Οὕτως
2992 2455 3084 2512 οὖν
3132 2453 3308 2512 ἄλλου
3389 2457 3478 2512 καὶ
3553 2457 3755 2522 πάντες

2106 2545 2356 2599 ἀπάντων
2385 2545 2518 2614 ἦσαν
2581 2546 2960 2619 μετριώτεροι.
3017 2544 3345 2619 Κενοδοξίας
3400 2544 3457 2602 δὲ
3512 2545 3753 2617 πάθοςῆ

2105 2631 2608 2706 ἀνθρωπαρεσκείας
2638 2636 2745 2686 ποῦ
2774 2630 2826 2686 ἐν
2856 2631 3079 2695 ἐκείνοις
3105 2653 3120 2704 ;
3148 2631 3366 2699 οἵτινες,
3396 2636 3494 2703 τὴν
3556 2634 3750 2690 οἰκουο

2109 2722 2271 2793 μένην
2305 2715 2587 2797 φυγόντες,
2620 2716 2709 2774 διὰ
2737 2724 2899 2777 τοῦτο
2948 2720 3159 2777 οἰκοῦσι
3210 2723 3309 2791 τὴν
3364 2720 3594 2798 ἔρημον,
3648 2724 3755 2779 οὐκ

2105 2808 2435 2884 ἀνθρώποις,
2489 2806 2634 2867 ἀλλὰ
2693 2815 2812 2884 Θεῷ
2864 2811 2934 2866 τὰ
2987 2812 3391 2888 κατορθώματα
3475 2808 3752 2868 δεικνύναι

2107 2897 2461 2974 βουλόμενοι,
2509 2899 2635 2973 παρ’
2695 2895 2758 2953 οὗ
2812 2898 2903 2954 καὶ
2957 2904 3068 2955 τῶν
3149 2901 3591 2974 κατορθωμάτων
3652 2902 3752 2964 τὰς

2103 2981 2338 3059 ἀμοιϐὰς
2393 2984 2701 3055 ἐλπίζουσι.
2759 2986 2947 3051 καλῶς
2995 2986 3346 3061 ἐπιστάμενοι
3404 2988 3487 3043 ὃτι
3542 2989 3598 3043 αἱ
3660 2986 3758 3044 διὰ

2101 3071 2409 3147 κενοδοξίαν
2442 3072 2859 3149 ἐπιτελούμεναι
2885 3076 3140 3146 ἀσκήσεις
3184 3074 3430 3150 ἃμισθοι,
3475 3073 3545 3133 δι’
3593 3072 3756 3133 ἔπαι-

2102 3183 2189 3217 νον
2221 3163 2324 3237 γὰρ
2356 3162 2656 3237 ἀνθρώπων
2687 3164 2825 3236 (38),
2871 3161 2962 3218 καὶ
3011 3163 3074 3218 ού
3124 3160 3212 3218 διὰ
3244 3165 3337 3219 τὸν
3387 3165 3515 3220 Θεὸν
3561 3164 3753 3240 γίνον⁶

2096 3271 2207 3306 ται·
2242 3251 2358 3305 ὅθεν
2389 3250 2479 3305 καὶ
2512 3248 2725 3313 διπλῶς
2757 3251 2808 3305 οἰ.
2837 3255 3078 3307 τοιοῦτοι
3110 3249 3444 3324 ἀδικοῦνται,
3490 3253 3555 3308 τὸ
3586 3258 3753 3328 σῶμα

2099 3340 2490 3409 κατατήκοντες
2520 3338 2611 3394 καὶ
2645 3339 2837 3412 μισθὸν
2898 3341 2976 3413 μὴ
3031 3336 3420 3414 λαμϐάνοντες.
3447 3342 3512 3397 Ol
3542 3338 3601 3397 δὲ
3644 3350 3753 3412 τῆς

2102 3430 2212 3483 ἄνω
2238 3424 2400 3500 δόξης
2445 3426 2766 3503 ὀρεγόμενοι
2810 3428 2900 3483 καὶ
2944 3429 3081 3500 πρὸς
3123 3430 3323 3501 ταύτην
3371 3428 3753 3505 ἐπειγόμενοι,

2100 3518 2280 3587 πάσης
2308 3523 2409 3586 τῆς
2462 3515 2700 3591 ἐπιγείου
2757 3518 2845 3572 καὶ
2914 3517 3261 3592 ἀνθρωπίνης
3319 3518 3753 3597 κατεφρόνησαν.

350 3622 571 3673 carere,
606 3610 671 3659 ut
702 3622 832 3676 qua;
862 3621 980 3659 non
1012 3605 1136 3671 Dei,
1169 3604 1273 3660 sed
1302 3605 1577 3660 humanm
1619 3605 1812 3661 laudis
1841 3623 2020 3664 causa
2050 3608 2213 3663 ﬂant.
2247 3610 2327 3662 Ac
2361 3607 2609 3677 proinde
2645 3607 2988 3679 hujusmodi
3022 3608 3293 3665 homines
3315 3608 3540 3682 duplici
3563 3609 3757 3666 detri-

354 3699 551 3749 mento
584 3693 945 3760 afﬁciuntur,
981 3693 1122 3748 dum
1151 3693 1435 3749 nimirum
1466 3711 1679 3766 corpus
1710 3696 2053 3761 conficiunt,
2085 3713 2196 3753 nec
2226 3701 2424 3751 tamen
2490 3696 2825 3751 mercedem
2880 3696 3068 3752 ullam
3122 3698 3343 3753 ferunt.
3391 3697 3500 3765 Qui
3546 3705 3755 3757 autem

352 3785 603 3841 caelestis
632 3786 833 3858 gloriae
865 3784 1157 3841 desiderio
1187 3785 1457 3858 ﬂagrant,
1490 3791 1666 3859 atque
1705 3786 1780 3843 ad
1835 3804 1964 3845 eam
2014 3788 2173 3845 omni
2230 3787 2533 3844 celeritate
2588 3788 2981 3863 contendunt,
3044 3795 3339 3847 terrenam
3398 3806 3640 3848 omnem
3692 3795 3754 3848 et

348 3875 673 3931 humanam
702 3881 1114 3946 aspernantur.

421 3966 501 4018 Ex
524 3962 864 4035 hujusmodi
886 3980 1061 4034 porro
1080 3962 1420 4019 hominibus
1443 3963 1545 4019 alii
1568 3964 1653 4020 sic
1676 3964 1991 4037 degunt,ut

346 4053 409 4109 in
432 4068 666 4107 secessu
685 4069 751 4107 ac
775 4051 1095 4106 solitudine
1116 4051 1353 4122 pietatis
1372 4057 1671 4108 certamen
1688 4053 1993 4121 obeant,et

346 4141 733 4197 abhominum
748 4140 1134 4195 contubernio
1149 4157 1256 4211 per
1273 4156 1447 4195 omne
1473 4141 1603 4196 vitas
1617 4148 1848 4213 tempus
1860 4158 1990 4199 sese

345 4232 889 4298 removeant,atque
917 4227 990 4281 ad
1004 4229 1187 4282 Deum
1212 4244 1359 4299 appr
1371 4228 1841 4300 opinquent.Alii
1862 4246 1992 4301 pro-

345 4317 443 4373 cul
468 4317 625 4372 inter
655 4332 716 4371 se
744 4317 1096 4371 constructis
1119 4317 1404 4382 radiculis,
1429 4318 1753 4373 Dominicis
1779 4318 1988 4375 diebus

347 4406 421 4462 ad
450 4421 631 4461 unam
663 4409 721 4460 et
752 4404 1023 4460 eamdem
1047 4404 1358 4460 ecclesiam
1388 4412 1659 4477 pergunt,
1693 4423 1761 4462 ac
1792 4406 1988 4463 divina

345 4495 646 4566 mysteria,
670 4495 781 4549 hoc
803 4500 892 4549 est
916 4495 1295 4550 incruentum
1316 4494 1449 4565 puri
1471 4495 1734 4565 corporis
1766 4511 1833 4550 ac
1860 4512 1989 4567 pre-

2168 3963 2399 4039 Ἔχουσι
2430 3961 2606 4027 δὲτὰς
2635 3962 2875 4036 οἰκήσεις
2908 3965 2961 4020 οἱ
2993 3966 3088 4039 μὶν
3121 3963 3175 4021 ἐν
3215 3963 3475 4022 παντελεῖ
3522 3966 3752 4045 ἀναχω-

2102 4053 2257 4125 ρήσει
2288 4053 2379 4108 καὶ
2413 4053 2577 4125 μονίᾳ
2617 4055 2710 4110 τὸν
2760 4054 2948 4130 ἀγῶνα
2998 4052 3324 4124 διανύοντες,
3377 4055 3751 4132 μακρύναντες

2099 4142 2326 4206 ἑαυτοὺς
2353 4147 2453 4213 τῆς
2482 4150 2589 4200 τῶν
2620 4145 2918 4222 ἀνθρώπων
2970 4145 3260 4210 συναυλίας
3311 4152 3437 4223 παρ’
3473 4146 3603 4204 ὅλον
3641 4151 3747 4205 αὑ-

2097 4236 2204 4286 τῶν
2234 4233 2327 4287 τὸν
2352 4238 2452 4302 τῆς
2483 4237 2628 4304 ζωῆς
2661 4230 2862 4311 χρόνον
2916 4236 3006 4291 καὶ
3056 4239 3173 4308 Θεῷ
3213 4233 3635 4308 πλησιάσαντες·
3693 4239 3748 4294 οἱ

2098 4317 2175 4391 δὲ,
2208 4319 2486 4396 πόρρωθεν
2518 4321 2789 4394 ἀλλήλων
2818 4323 2914 4387 τὰς
2963 4323 3204 4388 οἰκήσεις
3249 4324 3571 4399 πηξάμενοι,
3616 4331 3745 4389 ταῖς

2097 4416 2390 4486 Κυριακαῖς
2415 4410 2493 4474 εἰς
2521 4411 2816 4480 ἐκκλησίαν
2852 4413 2976 4487 μίαν
3008 4418 3260 4492 φοιτῶσι,
3289 4414 3380 4471 καὶ
3426 4419 3538 4471 τῶν
3585 4415 3746 4471 θείων

2098 4498 2414 4575 μυστηρίων
2445 4506 2786 4575 κοινωνοῦσι,
2816 4509 2917 4573 τῆς
2946 4502 3283 4578 ἀναιμάκτου
3339 4503 3485 4582 φημὶ
3530 4503 3742 4572 θυσίας,

343 4582 479 4637 tiosi
504 4582 806 4655 sanguinis
826 4582 1039 4637 Christi
1065 4581 1420 4637 sacriﬁcium
1444 4582 1781 4652 percipiunt
1805 4599 1817 4637 :
1852 4599 1983 4654 qum

2107 4592 2188 4644 τοῦ
2214 4590 2488 4665 ἀχράντου
2520 4592 2775 4665 σώματος
2823 4595 2914 4648 καὶ
2972 4598 3070 4649 τοῦ
3121 4594 3309 4668 τιμίου
3355 4591 3586 4667 αἵματος
3646 4598 3743 4650 τοῦ

343 4671 667 4742 quidemDo
678 4672 870 4727 minus
883 4672 995 4741 piis
1010 4671 1070 4724 in
1084 4666 1458 4741 peccatorum
1476 4670 1983 4735 remissionem,ac

340 4764 465 4815 tum
477 4761 660 4815 animi
676 4766 800 4815 tum
814 4760 1076 4830 corporis
1089 4758 1985 4817 illuminationemetsanctiﬁca-

343 4849 564 4903 tionem
587 4849 841 4903 donavit.
862 4850 1051 4916 Atque
1073 4846 1409 4901 divinorum
1431 4847 1804 4904 oraculorum
1827 4866 1987 4906 exer-

340 4937 643 4996 citatione.
672 4935 1163 5005 mirabilibusque
1189 4935 1456 4990 consiliis
1478 4936 1983 4996 cohortationibus

340 5030 543 5078 mutuo
565 5039 693 5077 sese
716 5029 1113 5093 pascentes,et
1133 5023 1363 5079 occulta
1382 5024 1639 5080 hostium
1655 5026 1812 5084 bella
1825 5035 1985 5100 pate-

338 5111 728 5180 facientes(ne
743 5111 873 5181 quis
889 5111 1160 5167 videlicet
1173 5111 1436 5168 luctandi
1449 5113 1643 5171 adhuc
1655 5115 1894 5189 ignarus
1907 5118 1980 5175 ab

337 5198 412 5251 iis
429 5199 1030 5268 superetur),domum
1044 5217 1248 5256 rursus
1262 5201 1476 5275 singuli
1490 5204 1981 5264 redeuntvirtutis

342 5286 461 5340 mel
478 5287 541 5340 in
555 5291 862 5357 pectorum
875 5304 1118 5345 suorum
1133 5289 1279 5347 favis
1291 5292 1553 5348 studiose
1567 5294 1979 5367 recondentes,

411 5495 519 5563 (37)
550 5494 682 5551 Luc.
714 5512 852 5565 xm,
888 5499 974 5552 10.

2092 4679 2349 4751 Χριστοῦ,
2381 4676 2560 4744 ἅτοῖς
2599 4686 2812 4744 πιστοῖς
2862 4681 2940 4744 εἰς
2994 4681 3179 4756 ἄφεσιν
3239 4684 3518 4757 ἁμαρτῶν,
3567 4704 3745 4761 φωτι-

2092 4766 2228 4840 σμόν
2259 4789 2319 4823 τε
2346 4769 2436 4825 καὶ
2479 4770 2747 4845 ἁγιασμὸν
2806 4774 2992 4847 ψυχῆς
3048 4773 3138 4827 καὶ
3191 4773 3444 4846 σώματος
3478 4774 3506 4828 ὁ
3538 4773 3743 4847 Κύριος

2090 4853 2426 4932 ἐδωρήσατο·
2459 4859 2573 4928 καὶ,
2630 4859 2914 4924 ἑστιῶντες
2970 4859 3256 4932 ἀλλήλους
3311 4862 3584 4936 γυμνασίᾳ
3625 4867 3738 4917 τῶν

2091 4945 2247 5001 θείων
2278 4946 2453 5022 λόγων
2502 4949 2590 5003 καὶ
2649 4953 2769 5010 ταῖς
2820 4950 3039 5020 ἠθικαῖς
3096 4951 3442 5025 παρανέσεσι,
3492 4949 3621 5013 τούς
3679 4969 3741 5005 τε

2089 5034 2362 5111 κρυπτοὺς
2413 5039 2521 5090 τῶν
2578 5034 2893 5093 ἀντιπάλων
2959 5033 3382 5111 δημοσιεύοντες
3426 5037 3738 5112 πολέμους,

2091 5124 2230 5180 ὥστε
2261 5126 2336 5200 μή
2369 5124 2579 5182 ἁλῶναι
2606 5127 2825 5193 τούτοις
2868 5128 2990 5184 τινὰ
3042 5135 3144 5199 τῆς
3198 5127 3384 5196 πάλης
3438 5127 3736 5203 ἀγνοοῦντα

2089 5216 2243 5270 106
2297 5215 2397 5284 τήν
2461 5212 2713 5289 μέθοδον,
2773 5214 2957 5273 οἴκαδε
3004 5217 3172 5272 πάλιν
3222 5214 3448 5281 ἕκαστος
3502 5216 3731 5291 ἐπανέρ-

2089 5317 2305 5374 χονται,
2335 5303 2399 5358 τὸ
2427 5309 2529 5375 τῆς
2556 5302 2754 5379 ἀρετῆς
2784 5302 2911 5380 μέλι
2961 5309 3079 5370 τοῖς
3131 5300 3393 5381 σίμϐλοις
3442 5307 3551 5362 τῶν
3596 5324 3735 5381 καρ-

408 5567 519 5639 (38)
550 5568 792 5625 Lemma
819 5568 1132 5626 metricum
1160 5569 1224 5629 in
1253 5574 1301 5628 A
1334 5588 1349 5628 :
1379 5571 1878 5649 Ἀνθρωπαρέσκων
1909 5575 1996 5635 avo

2123 5578 2313 5639 σκόπει
2346 5582 2485 5660 βίον.
