4042 6154
259 294 371 380 me

1443 314 1615 367 VITA
1648 307 2001 366 BARLAAM
2034 308 2130 363 ΕΤ
2161 311 2498 367 JOASAPH.

3556 316 3666 374 970

263 445 394 505 διῶν
454 444 766 525 φιλοτιμως
850 438 1273 512 ἔναποτιθέντες,
1357 444 1448 495 και
1531 438 1897 514 γεωργοῦντες

2023 437 2549 511 suavissimumque
2570 439 2828 495 fructum
2860 456 2927 497 ac
2950 441 3173 498 ccelesti
3194 458 3402 501 mensa
3413 444 3660 518 dignum

255 536 462 610 καρπὸν
521 533 860 609 γλυκύτατον
918 530 1009 587 καῖ
1064 536 1163 600 τῆς
1224 527 1551 605 δπουρανίου
1633 525 1908 602 τραπέζης

263 624 392 696 ἰπάξ
403 643 508 681 ιον.

332 711 537 768 νΔλλοι
568 708 626 766 δὲ
673 705 1017 766 κοινοϐιακὸν
1082 709 1437 783 μετέρχονται
1500 705 1638 782 βίον·
1692 702 1906 769 οἳτινες,

263 801 457 872 πλήθη
490 801 896 875 πολυάνθρωπα
918 797 1005 854 ἐπὶ
1025 799 1088 854 τὸ
1109 798 1238 853 αὐτὸ
1278 792 1670 872 ἀθροισθέντες,
1709 796 1794 873 ὑφ’
1829 794 1906 849 ἐνὶ

261 891 533 964 ταξιάρχῃ
566 888 656 944 καὶ
706 892 1028 963 προεστῶτι,
1085 892 1164 959 τῷ
1219 886 1433 941 πάντων
1492 883 1909 962 διαφορωτάτῳ,

263 977 488 1042 ἑαυτοὺς
544 975 752 1048 ἔταξαν,
808 982 910 1031 πᾶν
973 974 1190 1048 θέλημα
1245 975 1448 1030 ἑαυτῶν
1507 973 1752 1048 μαχαίρᾳ
1806 979 1904 1041 τῆς

264 1068 511 1139 ὑπακοῆς
568 1067 985 1144 ἀποσφάξαντες’
1042 1065 1132 1122 καὶ
1192 1064 1424 1128 δούλους
1483 1063 1723 1133 ὠνητοὺς
1779 1065 1904 1118 ἑαυ-

257 1157 387 1220 τοὺς
419 1159 681 1221 ἑκουσίως
715 1156 1099 1232 λογισάμενοι,
1157 1153 1256 1210 ούκ
1312 1150 1390 1208 ἔτι
1450 1154 1662 1215 ἑαυτοῖς
1722 1157 1906 1224 ζῶσιν,

261 1245 388 1302 ἀλλ’
418 1248 463 1319 ᾧ
486 1250 593 1317 (39)
627 1244 716 1301 διὰ
744 1246 834 1300 τὸν
863 1249 961 1301 τοῦ
993 1248 1233 1321 Χριστοῦ
1290 1240 1459 1299 πόθον
1508 1242 1732 1304 ἑαυτοὺς
1775 1253 1907 1304 καθ-

258 1334 541 1405 υπέταξαν·
575 1332 906 1408 οἰκειότερον
960 1331 1017 1388 δὲ
1069 1332 1281 1404 μᾶλλον
1338 1332 1531 1401 εἰπεῖν,
1593 1336 1752 1400 ζῶσιν
1810 1330 1907 1385 οὐκ

259 1417 337 1478 ἔτι
375 1422 613 1490 ἑαυτοῖς,
647 1426 714 1496 ζῇ
746 1420 804 1477 δέ
848 1422 899 1477 ἐν
950 1421 1134 1484 αὐτοῖς
1167 1423 1195 1476 ὁ
1227 1421 1480 1497 Χριστὸς,
1512 1422 1558 1493 ᾧ
1586 1417 1904 1491 ἠκολούθηο

258 1532 357 1567 σαν
386 1510 561 1567 πάντα
589 1511 1055 1587 ἄπαρνησάμενοι.
1086 1515 1258 1565 Τοῦτο
1318 1510 1420 1585 γὰρ
1480 1508 1621 1564 ἔστιν
1680 1508 1903 1583 ἀναχώ-

263 1623 442 1679 ρησις,
474 1601 686 1676 κόσμου
725 1602 970 1658 ἑκούσιον
1025 1606 1208 1675 μῖσος,
1265 1602 1358 1657 καὶ
1412 1600 1635 1675 ἄρνησις
1693 1600 1904 1677 φύσεως

259 1692 419 1764 πόθῳ
460 1696 569 1746 τῶν
632 1692 762 1766 ὑπὲρ
830 1691 1015 1770 φύσιν.
1083 1691 1252 1748 Οὗτοῖ
1305 1689 1485 1745 τοίνυν
1545 1689 1620 1752 ὡς
1678 1686 1901 1764 ἄγγελοι

2020 527 2377 583 excolentes.

2088 706 2203 761 Alii
2226 711 2423 763 autem
2447 706 2858 763 cmnobiticam
2889 709 3065 764 vitam
3081 717 3518 770 consectantur.
3550 714 3664 780 Qui

2019 795 2259 866 quidem
2290 797 2545 851 maximo
2579 814 2825 852 numero
2858 798 2919 852 in
2976 815 3164 854 unum
3224 802 3434 867 coacti,
3483 804 3663 860 unius

2017 885 2277 956 prmfecti
2309 892 2484 956 atque
2507 886 2790 940 antistitis
2822 887 2947 957 (qui
2979 888 3256 944 omnibus
3276 890 3489 946 virtute
3511 910 3667 963 prce-

2018 977 2152 1041 stat)
2184 975 2432 1045 imperio
2458 992 2517 1029 se
2549 975 2708 1046 ipsos
2736 976 3092 1032 subdunt:ac
3108 979 3475 1036 voluntatem
3495 999 3664 1039 suam

2017 1063 2369 1117 obedientize
2392 1080 2675 1118 mucrone
2700 1082 2945 1135 prorsus
2971 1071 3335 1135 truncantes,
3358 1087 3540 1142 seque
3565 1089 3663 1127 ve-

2016 1152 2106 1207 lut
2127 1152 2392 1223 emptitia
2417 1154 2713 1224 mancipia
2744 1155 2898 1209 ultro
2920 1162 3415 1226 reputantes,non
3431 1160 3559 1229 jam
3580 1160 3664 1217 si-

2014 1241 2074 1295 bi
2106 1240 2251 1312 ipsis
2282 1240 2501 1309 vivunt,
2539 1241 2643 1297 sed
2685 1242 2739 1297 ei
2768 1244 2860 1297 cui
2895 1244 2968 1298 ob
2995 1245 3208 1299 Christi
3241 1263 3505 1302 amorem
3533 1265 3662 1304 sese

2016 1330 2439 1398 submiserunt,
2471 1330 2562 1385 vel
2594 1335 2658 1385 ut
2679 1331 2874 1402 aptius
2897 1333 3131 1403 loquar,
3162 1335 3363 1389 vivunt
3383 1336 3511 1407 jam
3540 1354 3664 1394 non

2016 1419 2127 1474 sibi
2151 1419 2318 1490 ipsis,
2342 1420 2689 1474 vivitautem
2712 1420 2774 1474 in
2797 1421 2889 1474 his
2912 1421 3178 1477 Christus
3204 1423 3348 1493 (Gal.
3375 1426 3453 1495 ιι),
3488 1442 3665 1497 quem
3692 1410 3697 1417 ⁸

2015 1508 2192 1563 rebus
2225 1509 2501 1563 omnibus
2528 1508 2815 1581 abjuratis
2849 1510 3034 1564 secuti
3067 1516 3224 1568 sunt.
3262 1515 3405 1568 Nam
3451 1515 3514 1569 in
3544 1515 3668 1571 hoc

2015 1598 2257 1652 demum
2279 1614 2547 1653 secessus
2576 1615 2610 1653 a
2631 1599 2854 1653 mundo
2879 1601 3171 1668 consistit,
3198 1607 3263 1656 ut
3290 1609 3533 1675 prepter
3563 1621 3660 1660 ea-

2010 1704 2144 1742 rum
2158 1703 2354 1741 rerum
2371 1704 2501 1759 qua:
2515 1693 2727 1743 natura
2739 1687 2890 1742 subli
2902 1689 3115 1743 miores
3130 1692 3665 1763 suntcupiditatem

256 1778 347 1836 ἐπὶ
377 1782 475 1849 τῆς
512 1786 615 1854 γῆς
643 1778 1049 1845 πολιτεύονται,
1080 1778 1336 1853 ψαλμοὺς
1362 1778 1452 1834 καὶ
1510 1777 1715 1852 ὕμνους
1766 1779 1904 1850 ὁμο-

2023 1776 2413 1831 voluntarium
2438 1777 2528 1831 sui
2560 1777 2746 1847 ipsius
2778 1776 2979 1831 odium
3013 1778 3310 1849 quispiam
3342 1782 3660 1852 concipiat,

255 1867 498 1942 θυμαδὸν
557 1874 637 1942 τῷ
696 1870 889 1943 Κυρίῳ
940 1866 1180 1940 ᾄδοντες,
1236 1867 1326 1924 καὶ
1383 1867 1733 1943 ὁμολογηταὶ
1788 1871 1904 1928 τοῖς

257 1957 452 2019 ἄθλοις
480 1960 579 2027 τῆς
641 1958 889 2026 ὑπακοῆς
945 1957 1395 2032 χρηματίζοντες·
1445 1957 1525 2033 ἐφ’
1580 1957 1660 2018 οἷς
1714 1956 1805 2010 καὶ
1846 1956 1908 2010 τὸ

259 2044 581 2102 δεσποτικὸν
609 2044 924 2120 πληροῦται
957 2044 1172 2102 λόλιον.
1207 2046 1350 2115 Φησὶ
1401 2045 1524 2120 γὰρ·
1573 2047 1748 2103 Ὃπου
1794 2046 1907 2118 (40)

260 2136 363 2192 εἶσὶ
396 2131 491 2190 δύο
523 2133 559 2205 ἢ
588 2140 734 2210 τρεῖς
781 2135 1111 2209 συνηγμένοι
1144 2133 1219 2194 εἷς
1263 2134 1326 2188 τὸ
1373 2133 1500 2206 έμὸν
1553 2130 1750 2205 ὄνομα,
1798 2133 1909 2188 ἐκεῖ

260 2226 374 2299 εἶμὶ
408 2225 461 2280 ἐν
497 2226 649 2297 μέσῳ
679 2224 878 2283 αὐτῶν.
916 2224 1029 2281 Οὐκ
1084 2223 1161 2288 εἷς
1213 2227 1375 2279 τοῦτο
1430 2224 1493 2279 τὸ
1553 2225 1747 2299 μέτρον
1804 2224 1905 2290 τήν

260 2315 347 2371 ἐπὶ
378 2319 460 2387 τῷ
492 2315 726 2387 ὀνόματι
756 2312 920 2368 αὐτοῦ
978 2313 1291 2389 συναγωγὴν
1344 2310 1711 2382 περικλείσας,
1760 2311 1908 2367 ἀλλὰ

264 2402 355 2461 διὰ
377 2408 487 2460 τῶν
521 2402 618 2459 δύο
647 2402 684 2473 ἤ
713 2407 878 2479 τριῶν
910 2400 1217 2468 ἀδιόριστον
1248 2403 1339 2457 τὸν
1373 2403 1604 2475 ἀριθμὸν
1632 2399 1905 2472 δηλώσας.

260 2491 387 2549 Εἴτε
410 2493 515 2568 γὰρ
546 2491 748 2565 ὀλίγοι,
782 2490 889 2547 εἴτε
918 2490 1125 2546 πολλοὶ
1158 2488 1336 2564 eam
1367 2487 1518 2565 ἅγιον
1580 2489 1743 2544 αὐτοῦ
1791 2511 1910 2544 συν-

257 2584 505 2657 αχθῶσιν
559 2579 755 2655 ὄνομα,
815 2579 965 2653 αύτῳ
1018 2577 1266 2656 διαπύρῳ
1322 2577 1676 2654 λατρεύοντες
1728 2580 1904 2651 πόθῳ,

261 2670 382 2726 ἐκεῖ
412 2676 664 2747 παρεῖναι
694 2675 886 2725 τοῦτον
944 2669 1270 2742 πιστεύομεν
1299 2667 1349 2723 ἐν
1386 2669 1535 2742 μέσῳ
1584 2672 1694 2723 τῶν
1745 2667 1908 2723 αὐτοῦ

261 2757 507 2817 δούλων.

2017 1884 2083 1921 ac
2115 1873 2389 1922 naturam
2421 1866 2672 1938 abjuret.
2710 1868 2776 1921 Hi
2808 1867 2988 1939 igitur
3018 1869 3364 1941 angelorum
3390 1871 3580 1926 instar
3600 1873 3663 1927 in

2016 1957 2132 2011 vita
2164 1962 2491 2023 versantur,
2525 1956 2788 2026 psalmos
2819 1956 3094 2010 videlicet
3120 1962 3178 2012 et
3206 1959 3460 2029 hymnos
3520 1977 3664 2016 con-

2017 2047 2292 2102 cordibus
2317 2047 2534 2101 animis
2557 2048 2805 2101 Domino
2834 2052 3131 2109 canentes,
3168 2053 3226 2102 et
3257 2049 3662 2105 confessorum

2016 2152 2235 2191 nomen
2266 2140 2506 2206 propter
2536 2134 2889 2190 obedientiaa
2921 2136 3247 2213 certamina
3300 2137 3660 2193 obtinentes.

2015 2228 2082 2281 In
2116 2225 2331 2296 quibus
2363 2224 2542 2280 etiam
2568 2224 2941 2279 Dominicum
2970 2225 3117 2279 illud
3142 2226 3449 2281 oraculum
3470 2227 3666 2299 exple-

2017 2314 2485 2385 turzUbicunque
2508 2314 2729 2369 fuerint
2748 2313 2863 2368 duo
2878 2314 2967 2367 vel
2992 2318 3110 2369 tres
3125 2317 3459 2388 congregati
3482 2316 3544 2371 in
3561 2333 3663 2373 non

2015 2405 2178 2459 mine
2203 2420 2357 2469 meo,
2383 2403 2509 2457 illic
2530 2420 2663 2458 sum
2687 2404 2747 2457 in
2772 2403 2964 2457 medio
2986 2403 3226 2458 illorum
3257 2407 3452 2460 Matth.
3484 2409 3665 2475 xvm).

2016 2493 2238 2558 Quibus
2258 2492 2450 2546 verbis
2481 2509 2600 2546 non
2623 2492 2735 2546 hoc
2756 2492 3042 2547 duntaxat
3062 2509 3312 2548 numero
3337 2510 3438 2549 eos
3463 2496 3563 2566 qui
3594 2495 3659 2552 in

2016 2582 2202 2653 ipsius
2224 2581 2466 2635 nomine
2495 2586 2927 2652 congregantur
2947 2580 3432 2653 circumscripsit,
3456 2599 3661 2641 verum

2017 2689 2123 2743 per
2152 2670 2300 2725 duos
2327 2676 2429 2724 aut
2458 2674 2578 2724 tres
2608 2669 2991 2724 indeﬁnitum
3020 2686 3338 2726 numerum
3362 2672 3660 2745 signiﬁca-

2007 2760 2108 2814 vit.
2166 2758 2315 2815 Nam
2348 2758 2470 2812 sive
2502 2758 2672 2828 pauci
2704 2759 2823 2813 sive
2856 2758 3028 2812 multi
3059 2759 3132 2813 ob
3167 2765 3439 2841 sanctum
3470 2761 3658 2833 ipsius

258 2866 483 2908 nomen
502 2850 564 2907 in
586 2867 768 2907 unum
790 2850 1342 2922 conveniant,eique
1369 2850 1603 2907 ardenti
1625 2865 1823 2906 amore
1847 2849 2073 2905 cultum
2096 2847 2439 2917 adhibeant,
2473 2846 2594 2902 illic
2622 2864 2759 2903 eum
2786 2848 2847 2903 in
2875 2846 3069 2903 medio
3093 2864 3395 2905 servorum
3416 2866 3658 2908 suorum

254 2940 469 2998 adesse
490 2941 739 2997 minime
765 2940 1127 2997 dubitamus.

330 3024 554 3090 Τούτοις
583 3033 700 3089 τοῖς
754 3027 946 3090 τύποις
1009 3027 1100 3083 καὶ
1156 3033 1279 3090 ταῖς
1326 3025 1603 3090 τοιαύταις
1663 3028 1897 3103 ἀγωγαῖς

2082 3029 2194 3082 Per
2215 3027 2340 3081 haec
2372 3025 2661 3096 exempla,
2695 3029 2753 3079 et
2782 3042 2889 3097 per
2918 3026 3263 3098 hujusmodi
3291 3029 3576 3085 coitiones
3603 3036 3665 3088 et

262 3119 412 3173 107
450 3118 502 3171 οἱ
532 3118 717 3191 γήϊνοι
749 3117 840 3171 καὶ
898 3117 1087 3192 χοϊκοὶ
1133 3116 1225 3172 τὸν
1277 3112 1396 3171 ϐίον
1459 3115 1741 3187 ἐζήλωσαν
1798 3120 1905 3170 τῶν

262 3203 557 3280 οὐρανίων,
588 3204 641 3261 έν
685 3204 968 3276 νηστείαςς
1024 3205 1114 3260 καὶ
1174 3205 1365 3281 εὐχαῖς
1419 3205 1509 3261 καὶ
1568 3204 1909 3283 ἀγρυπνίαις,

264 3293 320 3348 ἐν
378 3291 596 3367 δάκρυσι
660 3296 885 3370 θερμοῖς
953 3294 1043 3350 καὶ
1130 3294 1514 3370 ἆμετεωρίστῳ
1595 3293 1800 3365 πένθει,
1854 3293 1906 3349 ἐν

261 3384 490 3458 ξενιτείᾳ
518 3385 606 3440 καὶ
641 3386 833 3457 μνήμῃ
893 3385 1142 3455 θανάτου,
1202 3383 1255 3439 ἐν
1310 3383 1577 3459 πραότητι
1632 3385 1724 3439 καὶ
1781 3385 1908 3459 ἀορ-

262 3472 455 3548 γησίᾳ,
488 3473 541 3528 ἐν
575 3473 759 3549 σιωπῇ
790 3471 1047 3549 χειλέων,
1090 3473 1140 3528 ἐν
1200 3475 1552 3549 ἀκτημοσύνῃ
1611 3474 1701 3529 καὶ
1757 3496 1909 3529 πτω⁹

264 3563 414 3637 χείᾳ,
467 3561 520 3617 ἒν
580 3563 769 3637 ἁγνείᾳ
835 3564 923 3618 καὶ
1014 3562 1360 3640 σωφροσύνῃ,
1419 3563 1471 3617 ἐν
1525 3562 1908 3640 ταπεινόφρονι

260 3652 462 3727 γνώμῃ
489 3651 579 3707 καὶ
611 3651 838 3727 ἡσυχίᾳ,
871 3652 922 3706 ἐν
979 3651 1158 3728 ἀγάπῃ
1209 3652 1392 3724 τελείᾳ
1442 3653 1577 3728 πρὸς
1631 3653 1723 3707 τὸν
1779 3654 1906 3707 Θεὸν

259 3740 354 3795 καὶ
383 3741 476 3796 τὸν
508 3738 767 3811 πλησίον,
796 3741 888 3796 τὸν
939 3742 1178 3815 παρόντα
1235 3741 1602 3805 ἐκτελέσαντες
1657 3743 1776 3818 βίον
1820 3743 1907 3797 καὶ

263 3822 495 3900 ἄγγελοι
523 3830 640 3887 τοῖς
670 3822 897 3900 τρόποις
950 3827 1257 3901 γενόμενοι.
1299 3828 1450 3891 Ὅθεν
1498 3827 1626 3889 Θεὸς
1676 3827 1910 3901 θαύμασι

263 3916 359 3970 καὶ
392 3916 647 3988 σημείοις
701 3916 792 3971 καὶ
856 3915 1136 3990 μοικίλαις
1194 3914 1480 3990 δυνάμεσιν
1538 3915 1731 3979 αὐτοὺς
1783 3936 1913 3971 κατ-

267 4003 567 4075 εκόσμησε,
619 4005 711 4059 καὶ
764 4005 855 4059 τὸν
916 4005 1153 4082 φθόγγον
1206 4012 1307 4075 τῆς
1363 4007 1676 4080 θαυμαστῆς
1736 4005 1909 4061 αὐτῶν

267 4091 553 4155 πολιτείας
610 4094 689 4156 εἲς
747 4095 815 4148 τὰ
871 4093 1074 4170 πέρατα
1133 4094 1449 4171 διηχεῖσθαι
1495 4102 1595 4164 τῆς
1654 4095 1914 4167 οἰκουμέ-

265 4202 372 4250 νης
402 4184 512 4253 (41)
544 4180 828 4252 πεποίηκε.
862 4182 961 4237 Καὶ
993 4180 1142 4257 εἶ’περ
1176 4203 1260 4237 σοι
1313 4184 1404 4238 τὸν
1464 4182 1580 4257 βίον
1639 4183 1756 4246 ἑνὸς
1817 4182 1912 4236 αύ-

264 4273 379 4325 τῶν
411 4268 498 4323 ἐπὶ
526 4267 795 4342 στόματος
843 4268 1019 4346 φέρων
1067 4269 1203 4324 κατά
1249 4268 1411 4346 μέρος
1459 4266 1821 4344 διηγήσομαι,
1856 4270 1913 4332 ὅς

266 4356 363 4413 καὶ
393 4354 641 4433 ἀρχηγὸς
672 4364 988 4432 γεγενῆσθαι
1019 4364 1118 4427 τῆς
1145 4357 1280 4412 κατά
1309 4357 1586 4431 μοναχοὺς
1631 4357 1911 4421 πολιτείας

267 4442 491 4519 λέγεται
519 4445 838 4518 (Ἄντώνιος
871 4442 928 4500 δὲ
959 4439 1133 4518 ὄνομα
1162 4445 1352 4519 αὐτῷ),
1383 4447 1562 4522 γνώσῃ
1613 4445 1827 4511 πάντως
1856 4445 1917 4502 ἐκ

260 4538 366 4590 τοῦ
399 4533 516 4595 ἒνὸς
549 4532 770 4609 δένδρου
795 4538 901 4588 τῶν
936 4536 1216 4609 ὁμογενῶν
1244 4535 1332 4590 καὶ
1365 4532 1635 4609 ὁμοειδῶν
1690 4540 1913 4610 καρπῶν

261 4621 370 4691 τὴν
395 4620 730 4695 γλυκύτητα,
762 4622 854 4677 καὶ
885 4619 998 4676 θ’ίαν
1031 4622 1234 4687 ἐκεῖνος
1291 4619 1439 4687 ἔθετο
1484 4629 1585 4694 τῆς
1636 4624 1916 4695 ἀσκήσεως

266 4705 608 4785 ὑποϐάθραν,
644 4709 758 4765 ο⁹ίαν
793 4708 851 4765 δὲ
880 4712 980 4781 τὴν
1011 4711 1216 4790 ὀροφὴν
1248 4712 1504 4785 ἐπήξατο,
1560 4713 1653 4769 καὶ
1709 4715 1915 4769 ὁποίων

263 4798 481 4869 ἠξιώθη
516 4799 663 4874 παρὰ
691 4803 790 4854 τοῦ
823 4802 1083 4876 Σωτῆρος
1112 4805 1297 4876 τυχεῖν
1347 4801 1727 4877 χαρισμάτων.
1781 4801 1922 4858 Πολ-

265 4886 364 4944 λοί
397 4883 455 4942 δὲ
483 4888 572 4942 καὶ
606 4886 771 4944 ἃλλοι
797 4890 916 4962 μετ’
954 4887 1161 4944 ἐκεῖνον
1217 4889 1311 4943 τὸν
1360 4888 1475 4944 ἴσον
1527 4890 1919 4966 ἀγωνισάμενοι

267 4977 460 5051 ἆγωνα
487 4980 593 5032 τῶν
630 4977 844 5052 ὁμοιων
877 4976 1073 5034 ἔτυχον
1109 4976 1380 5057 στεφάνων
1411 4999 1471 5034 τε
1498 4979 1588 5034 καὶ
1617 4985 1813 5056 γερῶν.

347 5154 627 5229 Μακάριοι
686 5156 834 5210 οὗτοι
896 5157 986 5211 καὶ
1039 5155 1451 5234 τρισμακάριοι,
1512 5159 1564 5211 οἱ
1644 5158 1736 5213 τὸν
1797 5161 1924 5216 Θεὸν

270 5244 676 5319 ἀγαπήσαντες,
708 5245 796 5300 καὶ
862 5241 950 5300 διὰ
1001 5245 1101 5314 τήν
1159 5244 1373 5321 ἀγάπην
1435 5245 1601 5301 αὐτοῦ
1657 5267 1927 5326 καταφρο-

262 5333 537 5405 νήσαντες
567 5333 809 5391 πάντων.
861 5331 1190 5410 Ἐδάκρυσαν
1243 5334 1347 5412 γὰρ
1405 5341 1717 5401 πενθοῦντες
1774 5339 1916 5413 ἡμέ-

499 5486 709 5569 (jlossa
737 5488 811 5544 ad
840 5490 1169 5569 marginem
1200 5489 1261 5546 in
1287 5491 1334 5546 Α
1362 5507 1375 5545 :
1406 5492 1485 5562 τῷ
1513 5492 1867 5569 καθηγεμόνι.

374 5561 469 5625 40)
512 5560 713 5615 Matth.
744 5577 903 5628 xvm,
936 5560 1023 5616 20.

374 5561 469 5625 40)
512 5560 713 5615 Matth.
744 5577 903 5628 xvm,
936 5559 1023 5616 20.

345 5559 467 5704 ί41)
499 5630 662 5686 Conf.
698 5648 757 5702 p.
792 5634 916 5702 101,
946 5649 1007 5701 n,
1042 5635 1127 5687 31.

562 5747 833 5811 ΡΑτιιοι..
881 5750 992 5813 Gn.
1037 5749 1244 5815 XCVI.

1944 4403 1991 4469 D

2018 3116 2302 3180 actiones,
2337 3115 2555 3169 terreni
2586 3114 2848 3169 caalitum
2870 3115 3044 3171 vitam
3070 3117 3284 3172 imitati
3308 3124 3538 3185 sunt,ut
3562 3120 3665 3191 qui

2019 3206 2082 3260 in
2102 3204 2374 3277 jejuniis,
2399 3208 2455 3258 et
2481 3202 2756 3275 precibus
2782 3221 2849 3259 ac
2870 3205 3104 3277 vigiliis,
3137 3207 3199 3261 in
3222 3207 3552 3266 calentibus
3575 3208 3666 3266 la-

2021 3294 2238 3366 crymis
2270 3298 2328 3349 et
2356 3292 2519 3347 luctu
2541 3293 2613 3348 ab
2645 3292 2808 3347 omni
2830 3293 3015 3349 animi
3047 3294 3429 3352 distractione
3453 3297 3663 3367 libero,

2021 3382 2080 3437 in
2112 3382 2585 3453 peregrinatione
2614 3398 2682 3436 ac
2714 3383 2920 3437 mortis
2953 3383 3264 3451 memoria,
3319 3384 3380 3439 in
3420 3385 3665 3443 lenitate

2022 3471 2325 3541 animique
2357 3471 2574 3525 aifectu
2601 3470 2672 3524 ab
2696 3470 3005 3526 iracundia
3026 3473 3345 3541 remoto,in
3370 3474 3665 3531 labiorum

2022 3560 2282 3626 silentio,
2318 3560 2379 3613 in
2410 3564 2755 3630 paupertate
2785 3564 2963 3631 atque
2982 3561 3203 3632 in0pia,
3224 3563 3286 3616 in
3311 3565 3576 3619 castitate
3597 3581 3666 3620 ac

2019 3650 2326 3723 pudicitia,
2378 3651 2438 3704 in
2470 3650 2804 3705 humilitate
2836 3655 2894 3704 et
2924 3653 3144 3721 quiete,
3197 3669 3263 3708 ac
3315 3653 3572 3725 denique
3602 3656 3666 3710 in

2021 3740 2281 3813 perfecta
2302 3755 2437 3808 erga
2462 3739 2643 3793 Deum
2672 3744 2730 3794 et
2748 3740 3085 3811 proximum
3108 3741 3391 3797 charitate
3413 3760 3669 3814 praesen-

2023 3831 2096 3885 tis
2126 3829 2259 3883 vitae
2292 3827 2653 3883 curriculum
2682 3827 3065 3898 confecerint,
3099 3830 3459 3903 angelosque
3485 3832 3668 3887 mori-

2022 3920 2131 3974 bus
2163 3917 2583 3989 expresserint.
2617 3918 2701 3973 Ob
2735 3935 2987 3989 eamque
3018 3936 3257 3976 causam
3288 3920 3444 3976 Deus
3483 3922 3667 3977 mira-

2022 4007 2171 4063 culis
2202 4023 2268 4062 ac
2302 4006 2486 4078 signis
2524 4006 2823 4077 variisque
2854 4009 3170 4063 virtutibus
3201 4025 3302 4064 eos
3342 4011 3665 4079 exornavit,

2023 4096 2334 4166 effecitque
2365 4100 2431 4150 ut
2458 4095 2821 4151 admirandae
2845 4114 3049 4152 eorum
3071 4098 3201 4152 vitm
3222 4099 3472 4154 rationis
3504 4116 3674 4170 sono,

2024 4185 2135 4257 ipsi
2169 4200 2405 4255 quoque
2436 4184 2597 4238 orbis
2642 4190 2932 4239 terrarum
2968 4187 3117 4240 ﬁnes
3150 4191 3490 4258 personent.
3521 4189 3603 4243 Ac
3621 4186 3670 4242 si

2022 4274 2198 4329 unius
2222 4273 2508 4343 ipsorum,
2545 4272 2655 4326 hoc
2687 4277 2775 4327 est
2805 4274 3065 4342 Antonii,
3099 4276 3198 4345 qui
3227 4276 3402 4331 etiam
3434 4293 3672 4331 monas-

2024 4363 2152 4418 ticze
2184 4363 2312 4415 vitae
2340 4377 2562 4430 auspex
2604 4377 2669 4415 ac
2692 4360 2970 4433 princeps
2998 4363 3293 4418 exstitisse
3323 4364 3560 4433 dicitur,
3590 4365 3677 4419 vi-

2026 4455 2145 4507 tam
2168 4450 2273 4506 tibi
2298 4449 2597 4522 sigillatim
2622 4466 3003 4521 exponerem,
3031 4452 3316 4507 nimirum
3348 4470 3419 4507 ex
3443 4469 3564 4510 una
3584 4471 3673 4510 ar-

2028 4541 2168 4596 bore
2198 4541 2457 4595 fructum
2485 4555 2688 4593 eorum
2720 4540 2821 4609 qui
2856 4540 3123 4615 ejusdem
3154 4543 3386 4614 generis
3417 4560 3484 4599 ac
3541 4560 3676 4615 spe-

2027 4631 2136 4686 ciei
2168 4630 2306 4694 sint,
2350 4628 2729 4683 dulcedinem
2781 4646 3024 4700 prorsus
3066 4629 3451 4704 intelligeres,
3486 4631 3672 4703 quod-

2026 4735 2284 4789 namque
2316 4717 2417 4772 ille
2449 4717 2887 4772 exercitationis
2910 4718 3200 4789 religiosa:
3216 4718 3675 4774 fundamentum

2021 4810 2187 4881 jecit,
2220 4812 2278 4861 et
2307 4806 2607 4878 quodnam
2637 4807 2938 4879 fastigium
2988 4809 3221 4871 struxit,
3255 4814 3314 4863 et
3359 4813 3611 4877 quantas
3640 4823 3677 4863 a

2029 4897 2325 4952 Salvatore
2358 4895 2583 4967 gratias
2614 4902 2972 4950 consecutus
3029 4901 3136 4951 est.
3190 4896 3463 4967 Plerique
3498 4897 3677 4952 etiam

2030 4986 2132 5042 alii
2163 4989 2296 5057 post
2324 5000 2458 5039 eum
2490 4983 2699 5038 eodem
2731 4985 3053 5039 certamine
3088 4984 3405 5055 perfuncti,
3437 4984 3513 5041 ad
3543 5001 3676 5042 eas-

2032 5076 2167 5132 dem
2200 5090 2447 5131 coronas
2479 5078 2538 5129 et
2566 5073 2774 5129 eadem
2804 5074 3049 5145 praemia
3078 5079 3496 5145 pervenerunt.

2106 5163 2269 5220 Beati
2292 5168 2449 5218 certe
2500 5162 2587 5216 illi
2610 5180 2676 5217 ac
2698 5168 2789 5218 ter
2808 5162 2985 5229 beati,
3007 5168 3074 5217 ut
3090 5163 3190 5233 qui
3214 5163 3316 5219 Dei
3342 5180 3541 5219 amore
3569 5163 3680 5219 ﬂa-

2034 5256 2483 5327 grarunt,atque
2502 5250 2575 5308 ob
2591 5252 2775 5324 ipsius
2798 5252 3144 5308 charitatem
3158 5253 3359 5308 omnia
3370 5270 3474 5326 pro
3488 5252 3677 5308 nihilo

2029 5343 2344 5400 duxerunt.
2369 5339 2673 5413 Siquidem
2696 5339 2984 5413 lacrymas
3006 5340 3417 5413 profuderunt,
3458 5341 3678 5414 diuque

3325 5752 3399 5812 31
