4042 6154
364 216 465 275 971

1916 225 2281 281 ΔΒΒΒΝΒΔ.

3664 240 3771 296 972

364 362 431 402 ac
452 348 632 401 noctu
653 343 717 401 in
741 345 905 401 luctu
920 344 1134 400 versati
1151 349 1309 414 sunt,
1333 350 1398 402 ut
1421 352 1769 419 perpetuam
1802 365 1997 403 conso‘

2129 370 2226 425 ρας
2254 351 2343 405 καὶ
2372 354 2587 424 νυκτὸς,
2621 352 2709 411 ἵνα
2762 361 2862 426 τῆς
2919 357 3162 428 ἀλήκτου
3212 359 3425 434 τύχωσι
3482 363 3766 439 παρακλή-

362 436 652 491 lationem
682 436 1193 508 adipiscerentur;
1227 454 1287 491 se
1320 437 1479 508 ipsos
1510 438 1666 493 ultro
1698 439 2012 510 depresse-

364 544 479 582 run
494 532 602 595 t,ut
614 527 735 581 illic
752 527 811 580 in
824 528 1011 581 altum
1032 527 1683 593 attollerentur;carnes
1699 546 1833 583 suas
1855 529 2011 584 fame

367 633 436 672 ac
459 617 555 671 siti
576 623 632 670 et
654 617 865 688 vigiliis
889 616 1291 681 confecerunt,
1312 623 1376 670 ut
1424 617 1546 671 illic
1568 618 1827 688 paradisi
1860 619 2010 672 deli-

368 706 473 761 οἱα)
488 711 543 760 et
557 706 869 759 exsultatio
886 706 1043 775 ipsos
1064 706 1422 776 exciperent.
1453 707 1700 776 Spiritus
1715 708 1901 761 sancti
1924 713 2012 761 ta-

367 795 759 850 bernaculum
774 812 878 865 per
890 796 1085 850 cordis
1100 796 1414 865 puritatem
1432 797 2011 867 exstiterunt,quem-

364 885 684 940 admodum
708 886 992 956 scriptum
1018 891 1106 940 est
1126 886 1491 940 :lnhabitabo
1512 886 1571 939 in
1589 886 1732 956 ipsis
1757 887 2010 944 etinam.

361 976 580 1031 bulabo
610 977 693 1043 (II
720 976 843 1031 Cor.
877 976 967 1044 Vl).
1030 975 1264 1045 Seipsos
1313 974 1535 1029 mundo
1590 976 2012 1029 crucifixerunt

359 1066 582 1137 (Ephes,
614 1068 706 1133 γι),
732 1070 797 1119 ut
818 1064 891 1118 ad
913 1064 1127 1119 Christi
1147 1064 1448 1120 dexteram
1482 1070 1741 1131 starent;
1775 1065 2009 1119 lumbos

362 1170 501 1211 suos
536 1156 596 1209 in
633 1155 876 1210 veritate
908 1155 1351 1224 succinxerunt,
1409 1160 1586 1225 atque
1626 1154 1685 1207 in
1733 1160 2011 1226 promptu

364 1261 601 1317 semper
620 1245 923 1315 lampades
946 1244 1663 1311 habuerunt,immortalis
1690 1244 2007 1315 sponsiad-

358 1342 600 1391 ventum
624 1339 1031 1406 exspectantes
1054 1336 1274 1407 (Matth.
1297 1336 1448 1404 xxv).
1471 1337 1613 1389 Nam
1635 1351 1769 1389 cum
1793 1334 2009 1388 mentis

364 1425 552 1480 oculis
584 1424 815 1496 prmditi
846 1429 1065 1483 essent.
1100 1423 1462 1477 horrendum
1495 1424 1666 1478 illum
1689 1422 1844 1477 diem
1862 1438 2009 1476 sem-

360 1531 469 1585 per
488 1514 930 1585 prospiciebant
953 1533 966 1580 ;
992 1519 1168 1584 atque
1194 1518 1317 1566 tum
1341 1513 1673 1567 futurorum
1690 1512 2003 1577 bonorum,

359 1605 484 1656 tum
506 1602 688 1655 futuri
711 1601 985 1672 supplicii
1002 1601 1564 1672 contemplationem
1579 1602 1659 1655 ita
1676 1601 1735 1654 in
1758 1617 2005 1671 corpore

2123 458 2280 500 σεως’
2311 439 2667 497 ἐταπείνωσαν
2700 444 2921 507 ἑαυτοὺς
2980 447 3259 519 ἑκουσίως,
3313 446 3387 502 ἵν’
3444 447 3556 504 ἐκεῖ
3614 454 3765 526 ὑψω·

2124 532 2421 616 θῶσιῗ(42)’
2482 534 2771 603 κατέτηξαν
2829 534 2922 596 τὰς
2983 536 3184 590 ἑαυτῶν
3245 539 3443 613 σάρκας
3498 540 3652 616 πείνῃ
3706 564 3765 599 τε

2120 618 2210 671 καὶ
2264 615 2394 692 δίψῃ
2453 621 2542 674 καὶ
2603 625 2755 679 108
2813 624 3078 697 ἀγρυπνίᾳ
3129 623 3201 679 ἶν’
3268 625 3380 681 ἐκεῖ
3455 615 3763 701 διαδέξηται

2121 705 2318 769 αὐτοὺς
2374 710 2408 777 ἡ
2468 712 2645 786 τρυφὴ
2704 711 2793 765 καί
2851 711 3171 788 ἀγαλλίασις
3229 719 3325 768 τοῦ
3404 716 3757 790 παραδείσου·

2122 796 2387 867 σκήνωμα
2439 800 2688 872 γεγόνασι
2743 804 2839 853 τοῦ
2898 800 3053 876 ἁγίου
3105 802 3423 875 Πνεύματος
3480 810 3547 879 τῇ
3598 812 3766 863 καθα-

2122 882 2309 957 ρότητι
2340 891 2439 953 τῆς
2472 884 2713 961 καρδίας,
2762 889 2941 951 καθὼς
2972 891 3289 964 γέγραπται·
3319 893 3620 963 Ἐνοικήσω
3651 902 3764 972 (43)

2120 972 2172 1026 ἐν
2233 972 2416 1037 αὐτοῖς
2471 976 2561 1029 καὶ
2620 976 3065 1050 ἐμπεριπατήσω·
3128 980 3466 1055 ἐσταύρωσαν
3536 984 3766 1049 ἑαυτοὺς

2116 1064 2197 1132 τῷ
2222 1061 2414 1135 κόσμῳ
2445 1068 2577 1136 (44),
2601 1062 2670 1118 ’ἶν’
2702 1064 2760 1119 ἐκ
2813 1062 2999 1138 δεξιῶν
3050 1070 3159 1140 (45)
3217 1074 3313 1122 τοῦ
3365 1073 3766 1146 σταυρωθέντος

2121 1153 2376 1204 σταθῶσι⁶
2430 1154 2827 1226 περιεζώσαντο
2908 1154 3002 1216 τὰς
3063 1155 3262 1223 ὀσφύας
3315 1158 3489 1213 αὐτῶν
3550 1161 3601 1215 ἐν
3656 1163 3763 1218 ἀλ-

2120 1238 2276 1309 ηθείᾳ
2304 1241 2439 1312 (46),
2489 1239 2577 1294 καὶ
2637 1240 2891 1312 ἑτοίμους
2948 1238 3109 1318 ἔσχον
3167 1244 3248 1298 ἀεὶ
3303 1245 3396 1307 τὰς
3445 1245 3757 1321 λαμπάδας,

2118 1324 2535 1402 προσδοκῶττες
2562 1330 2658 1396 τὴν
2690 1326 2901 1384 ἕλευσιν
2930 1336 3029 1385 τοῦ
3062 1332 3323 1395 ἀθανάτου
3354 1336 3587 1412 νυμφίου
3622 1342 3758 1411 (47).

2118 1416 2361 1489 Νοεροὺς
2392 1419 2495 1491 γὰρ
2544 1419 2875 1492 κτησάμενοι
2921 1418 3262 1498 ὀφθαλμοὺς,
3320 1426 3617 1500 προεώρων
3675 1426 3762 1483 δι-

2118 1509 2325 1574 ηνεκῶς
2356 1508 2456 1576 τὴν
2491 1508 2718 1584 φρικτήν
2777 1506 2923 1583 ὥραν
2974 1508 3201 1581 ἐκείνην,
3258 1514 3356 1581 τήν
3409 1534 3469 1567 τε
3527 1516 3757 1591 θεωρίαν

2115 1597 2221 1647 τῶν
2254 1594 2568 1668 μελλόντων
2630 1596 2847 1670 ἀγαθων
2903 1597 2991 1652 καὶ
3048 1606 3148 1668 τῆς
3204 1600 3425 1655 αῗωνίου
3482 1604 3762 1668 κολάσεως

359 1690 615 1745 deﬁxam
642 1690 946 1761 gerebant,
973 1695 1036 1743 ut
1057 1690 1128 1745 ab
1154 1691 1283 1761 ipsa
1314 1706 1619 1759 nunquam
1653 1688 1997 1743 divelleren-

2115 1682 2425 1758 ἀχώριστον
2481 1692 2579 1753 τῆς
2642 1685 2842 1739 ἑαυτῶν
2903 1683 3065 1761 ἔσχον
3121 1685 3368 1763 καρδίας·
3423 1690 3513 1745 καὶ
3562 1691 3761 1748 ἐσπού-

354 1783 472 1836 tur.
496 1781 686 1849 Atque
709 1779 805 1833 hic
830 1779 1098 1834 laborare
1126 1778 1501 1845 studuerunt,
1536 1784 1599 1832 ut
1624 1778 2000 1849 sempiternas

357 1869 559 1940 gloriaa
581 1875 883 1940 compotes
916 1874 1133 1923 essent.
1160 1868 1675 1922 Perturbationum
1708 1874 2000 1939 expertes,

356 1973 478 2011 non
504 1974 672 2012 secus
703 1962 878 2028 atque
909 1958 1125 2029 angeli,
1158 1957 1425 2023 fuerunt;
1450 1974 1517 2011 ac
1540 1974 1697 2011 nunc
1720 1974 1852 2011 cum
1883 1957 2004 2010 illis

363 2062 619 2116 quorum
639 2046 817 2100 vitam
840 2046 1056 2100 imitati
1082 2051 1239 2113 sunt,
1264 2047 1509 2100 choreas
1532 2044 2004 2118 agunt.Beatiilli

368 2150 436 2188 ac
466 2139 555 2187 ter
583 2132 760 2199 beati,
793 2134 1073 2203 quoniam
1102 2132 1290 2187 firmis
1308 2134 1525 2187 mentis
1547 2134 1735 2188 oculis
1752 2150 2007 2205 praesen-

368 2224 516 2278 tium
535 2238 733 2276 rerum
764 2223 1102 2288 vanitatem,
1124 2228 1299 2293 atque
1331 2224 1604 2277 humanas
1634 2225 2005 2294 prosperita-

365 2312 440 2366 tis
473 2310 955 2366 incertitudinem
988 2317 1045 2364 et
1066 2312 1528 2366 inconstantiam
1556 2320 2004 2383 perspexerunt,

364 2416 550 2472 eaque
572 2400 812 2471 rejecta,
848 2402 1209 2472 sempiterna
1239 2401 1392 2455 bona
1424 2401 1534 2455 sibi
1557 2401 1701 2471 ipsis
1723 2401 2004 2457 condide-

360 2496 522 2555 runt,
557 2507 624 2545 ac
648 2491 826 2545 vitam
854 2508 984 2545 eam
1043 2509 1173 2561 quas
1234 2508 1541 2561 nunquam
1601 2490 1837 2559 occidit,
1897 2509 2005 2547 nec

362 2586 552 2634 morte
584 2580 1060 2651 interrumpitur,
1093 2581 1490 2651 arripuerunt:

431 2670 546 2723 Hos
563 2671 741 2742 igitur
754 2671 1135 2725 admirandos
1154 2681 1211 2726 et
1225 2677 1460 2725 sanctos
1474 2671 1626 2725 viros
1643 2688 1751 2725 nos
1769 2688 2004 2741 quoque

357 2758 585 2830 indigni
608 2776 673 2813 ac
701 2760 1090 2831 despicabiles
1110 2761 1327 2814 imitari
1345 2760 1680 2825 studemus;
1699 2777 1897 2814 verum
1914 2777 2006 2814 eo-

355 2862 490 2900 rum
505 2849 635 2902 vitaa
654 2849 908 2903 caelestis
923 2849 1218 2920 fastigium
1234 2848 1481 2902 minime
1499 2848 2005 2918 assequimur,sed

349 2952 458 3006 pro
482 2936 1076 2991 infirmitatisnostrm
1108 2954 1173 2991 ac
1200 2939 1427 2991 miserae
1450 2936 1745 2991 facultatis
1763 2936 2003 2990 modulo

352 3041 555 3079 eorum
584 3027 760 3081 vitam
797 3028 1203 3097 exprimimus.
1230 3030 1418 3096 Atque
1441 3026 1704 3097 ipsorum
1728 3025 1996 3079 habitum

349 3115 875 3186 gerimus,etiamsi
898 3132 1077 3186 opera
1100 3132 1219 3169 non
1242 3115 1889 3185 assequamur.Etenim
1908 3114 1994 3168 di-

347 3204 543 3258 vinam
560 3205 711 3259 hanc
732 3204 1160 3275 professionem
1185 3209 1491 3275 peccatum
1507 3204 1871 3274 propulsare,
1906 3208 1995 3256 at-

346 3292 936 3364 queincorruptionis
951 3310 1056 3364 per
1068 3294 1331 3348 divinum
1351 3293 1644 3363 baptisma
1664 3292 1834 3345 nobis
1847 3308 1990 3346 con-

344 3397 529 3436 cessaa
581 3381 802 3435 sociam
846 3387 904 3434 et
954 3382 1390 3453 opitulatricem
1440 3397 1568 3435 esse
1612 3386 1990 3451 perspectum

340 3469 654 3524 habemus.
686 3472 767 3524 Ac
800 3470 1109 3525 beatorum
1144 3471 1381 3525 illorum
1413 3470 1672 3524 virorum
1707 3472 1988 3524 sermoni-

341 3558 454 3613 bus
512 3558 773 3627 adducti,
834 3561 1087 3615 caducas
1145 3567 1321 3631 atque
1375 3560 1640 3614 interitui
1700 3560 1986 3615 obnoxias

337 3647 586 3719 hujusce
610 3650 739 3703 vitm
762 3665 856 3704 res
879 3666 1235 3722 magnopere
1258 3649 1746 3717 condemnamus,
1769 3652 1828 3703 in
1853 3651 1987 3720 qui-

340 3735 452 3791 bus
483 3738 637 3792 nihil
667 3739 905 3794 ﬁrmum
938 3745 996 3793 et
1053 3738 1364 3809 aequabile,
1400 3739 1674 3810 quodque
1708 3739 1983 3794 eumdem

335 3843 572 3898 semper
617 3833 835 3882 statum
866 3829 1143 3892 retineat,
1190 3828 1440 3883 inveniri
1500 3834 1731 3899 potest;
1779 3845 1980 3883 verum

336 3916 539 3972 omnia
569 3917 797 3971 vanitas
831 3924 971 3971 sunt
1001 3924 1059 3971 et
1089 3917 1331 3971 afﬂictio
1365 3918 1608 3987 spiritus
1657 3916 1864 3985 (Eccle.
1899 3920 1977 3988 ιι),

333 4005 553 4060 multas
576 4006 859 4075 temporis
880 4012 1097 4076 puncto
1129 4006 1487 4060 mutationes
1510 4006 1734 4060 ferens:
1791 4008 1979 4077 siqui-

332 4094 469 4149 dem
492 4095 552 4147 in
573 4095 906 4149 somniiset
926 4094 1172 4160 umbris,
1198 4110 1264 4148 ac
1284 4094 1473 4148 ventis
1500 4110 1696 4149 aerem
1722 4095 1980 4165 perﬂan-

325 4183 494 4238 tibus
528 4183 923 4238 imbecilliora
954 4190 1110 4239 sunt.
1146 4185 1405 4248 Quorum
1452 4200 1628 4255 parva
1675 4189 1735 4238 et
1785 4184 1977 4239 brevis

323 4271 615 4342 voluptas,
645 4272 764 4326 imo
797 4290 918 4326 non
951 4273 1241 4344 voluptas,
1276 4273 1377 4328 sed
1409 4273 1571 4328 fraus
1605 4274 1876 4343 quaedam
1919 4281 1978 4328 et

319 4359 650 4431 impostura
678 4361 1081 4431 perversitatis
1104 4360 1335 4428 mundi,
1371 4377 1549 4430 quem
1598 4361 1763 4415 nullo
1797 4362 1971 4415 modo

2114 1770 2277 1827 δασαν
2310 1779 2526 1846 καμεῖν,
2554 1772 2644 1827 ’ίνα
2672 1777 2770 1843 τῆς
2811 1772 2994 1829 ἀϊδίου
3053 1773 3214 1846 δόξης
3278 1778 3353 1850 μή
3410 1780 3756 1856 ἀποτύχωσι.

2110 1863 2394 1937 Γεγόνασιν
2478 1864 2701 1926 ἀπαθεῖς
2770 1862 2950 1939 ὥσπερ
3034 1861 3254 1941 ἃγγελοι
3331 1870 3464 1941 (48)-
3514 1872 3604 1924 καὶ
3661 1876 3754 1926 νῦν

2118 1954 2232 2024 μετ’
2262 1952 2479 2007 ἐκείνων
2537 1955 2885 2029 χορεύουσιν,
2944 1956 3016 2008 ὧν
3077 1956 3166 2009 καὶ
3218 1957 3308 2011 τὸν
3374 1959 3491 2032 βίον
3552 1960 3758 2032 ἐμιμή-

2115 2062 2296 2099 σαντο.
2328 2041 2599 2116 Μακάριοι
2651 2044 2798 2097 οὗτοι
2848 2043 2935 2097 καὶ
2992 2047 3397 2119 τρισμακάριοι,
3449 2046 3531 2102 ὅτι
3575 2048 3752 2104 ἀπλα-

2114 2130 2226 2185 νέσι
2256 2136 2374 2192 τοῖς
2412 2134 2509 2185 τοῦ
2566 2131 2688 2192 νοὸς
2752 2130 3066 2208 ὀφθαλμοῖς
3121 2136 3446 2202 κατενόησαν
3502 2138 3600 2205 τήν
3653 2144 3767 2195 τῶν

2115 2218 2397 2292 παρόντων
2450 2219 2806 2291 ματαιότητα,
2865 2219 2955 2275 καί
3006 2229 3105 2291 τῆς
3164 2222 3506 2298 ἀνθρωπίνης
3565 2226 3769 2303 εὐπρα-

2115 2308 2235 2383 γίας
2284 2308 2347 2361 τὸ
2400 2305 2623 2362 ἄστατον
2684 2309 2773 2363 καὶ
2821 2309 3115 2382 ἀνώμαλον
3176 2314 3309 2384 (49),
3393 2314 3505 2383 καὶ,
3563 2316 3767 2385 ταύτην

2118 2397 2581 2472 ἀπαρνησάμενοι,
2666 2399 2732 2453 τά
2810 2399 3004 2453 αἷώνια
3087 2400 3297 2463 ἐαυτοῑς
3407 2403 3767 2480 ἐθησαύρισαν

2118 2487 2293 2561 ἀγαθά
2338 2490 2469 2560 (50),
2529 2486 2616 2541 καὶ
2669 2494 2769 2557 τῆς
2829 2486 3105 2560 μηδέποτε
3162 2488 3560 2563 διαπιπτούσης
3627 2498 3767 2568 μήτε

2116 2577 2325 2648 θανάτῳ
2358 2573 2788 2649 ὃιακοπτομένης
2819 2574 3149 2633 ἐπελάϐοντο
3184 2582 3326 2647 ζωῆς
3357 2584 3488 2653 (51).

2185 2759 2420 2820 Τούτους
2453 2757 2543 2813 οὖν
2590 2759 2718 2820 τοὺς
2778 2758 3109 2831 θαυμασίους
3163 2760 3253 2814 καὶ
3313 2761 3493 2824 άσίους
3564 2761 3762 2839 ἃνδρ-ις

2114 2849 2203 2904 καὶ
2235 2851 2401 2921 ἡμεῖς
2431 2849 2483 2902 οἱ
2512 2846 2748 2908 εὐτελεῖς
2796 2847 2884 2901 καὶ
2929 2848 3134 2917 ἀνάξιοι
3187 2854 3470 2921 μιμεῖσθαι
3524 2851 3763 2908 σπουδά-

2115 2943 2297 3010 ζομεν,
2330 2941 2482 2995 Ἰθθ
2512 2937 2610 2990 οὐκ
2659 2936 3019 3013 ἐφικνούμεθα
3068 2934 3125 2991 δὲ
3152 2938 3231 3009 τῷ
3271 2937 3391 3012 ὕψει
3438 2947 3543 3010 τῆς
3593 2942 3761 3017 ούρα-

2110 3026 2405 3082 νοπολίτου
2436 3025 2607 3080 αὐτῶν
2634 3023 2932 3099 διαγωγῆς·
2984 3024 3149 3097 ἀλλὰ,
3204 3029 3341 3082 κατὰ
3386 3029 3448 3083 τὸ
3493 3029 3607 3085 ἐνὸν
3656 3039 3758 3101 τῆς

2109 3116 2357 3176 ἀσθενοῦς
2388 3117 2547 3187 ἡμῶν
2579 3114 2668 3168 καὶ
2725 3113 3079 3188 ταλαιπώρου
3137 3112 3432 3189 δυνάμεως,
3483 3120 3577 3174 τὸν
3631 3120 3754 3195 βίον

2102 3204 2275 3259 αὐτῶν
2362 3203 2838 3280 χαρακτηρίζομεν
2887 3202 2975 3257 καὶ
3031 3204 3094 3258 τὸ
3152 3212 3345 3279 σχῆμα
3415 3203 3750 3283 περιϐεϐλή-

2104 3306 2260 3367 μεθα,
2294 3291 2390 3347 κᾶν
2420 3296 2525 3346 τῶν
2580 3290 2752 3369 ἔργων
2806 3289 3279 3366 διαμαρτάνωμεν.
3337 3296 3596 3370 Πρόξενον
3645 3300 3750 3374 γὰρ

2099 3381 2503 3457 ἀναμαρτησίας
2533 3382 2594 3435 νὸ
2624 3382 2764 3435 θεῖον
2817 3380 3139 3455 ἐπάγγελμα
3186 3386 3367 3450 τοῦτο,
3418 3384 3508 3439 καὶ
3562 3407 3749 3462 συνερ-

2097 3473 2192 3545 γὸν
2223 3478 2321 3541 τῆς
2381 3470 2440 3525 ἐκ
2494 3474 2589 3524 τοῦ
2650 3469 2796 3524 θείου
2860 3471 3237 3543 βαπτίσματος
3295 3470 3548 3543 δοθείσης
3606 3478 3744 3549 ἡμῖν

2095 3561 2389 3637 ἀφθαρσίας
2452 3557 2802 3631 ἐπιστάμεθα.
2867 3560 2988 3627 Καὶ,
3043 3565 3158 3621 τοῖς
3215 3558 3402 3635 λόγοις
3487 3562 3745 3636 ἑπόμενοι

2090 3654 2197 3703 τῶν
2262 3648 2538 3722 μακαρίων
2599 3647 2840 3715 ἐκείνων,
2903 3647 3039 3701 πάνυ
3092 3650 3571 3724 καταγινώσκομεν
3625 3658 3734 3708 τῶν

2094 3742 2340 3816 φθαρτῶν
2374 3737 2582 3792 τούτων
2612 3737 2702 3790 καὶ
2734 3734 3008 3809 ἐπικήρων
3040 3740 3137 3790 τοῦ
3196 3737 3319 3811 βίου
3370 3739 3734 3813 πραγμάτων,

2092 3827 2144 3882 ἐν
2177 3830 2259 3889 οἷς
2290 3825 2441 3880 οὐδὲν
2467 3822 2606 3879 ἔστιν
2638 3825 2811 3896 εὑρεῖν
2850 3820 3087 3899 βέϐαιον,
3146 3823 3271 3879 οὐδὲ
3319 3825 3552 3897 ὁμαλὸν,
3606 3828 3740 3885 ούδὶ

2090 3914 2314 3969 ἐπὶτῶν
2348 3913 2521 3967 αὐτῶν
2554 3911 2841 3984 ἱστάμενον
2889 3914 3026 3981 (52)·
3082 3910 3227 3966 ἀλλὰ
3275 3913 3574 3984 ματαιότης
3622 3914 3735 3970 ἐστὶ

2086 4001 2152 4056 τά
2177 4003 2349 4055 πάντα
2379 4001 2467 4054 καὶ
2498 4001 2812 4074 προαίρεσις
2856 3998 3163 4071 πνεύματος
3217 4002 3350 4073 (53),
3407 4000 3623 4065 πολλὰς
3678 4003 3732 4059 ἐν

2089 4090 2277 4163 ἀτόμῳ
2308 4091 2537 4167 φέροντα
2562 4090 2655 4150 τὰς
2693 4083 3001 4161 μεταϐολάς
3033 4093 3167 4160 (54)’
3215 4088 3435 4164 ὀνείρων
3486 4093 3585 4165 γὰρ
3638 4096 3727 4149 καὶ

2085 4183 2257 4246 σκιᾶς,
2289 4179 2378 4233 καὶ
2413 4175 2576 4252 αὔρας
2611 4177 2746 4231 κατὰ
2765 4178 2855 4231 τὸν
2884 4176 3012 4251 ἀὲρα
3035 4178 3325 4248 πνεούσης,
3354 4178 3487 4233 εἶσὶν
3513 4180 3729 4245 ἀσθενὲ-

2083 4287 2263 4341 στερα·
2300 4269 2468 4340 μικρά
2508 4267 2596 4321 καὶ
2631 4264 2769 4341 πρός
2801 4265 2989 4340 ὀλίγον
3018 4268 3051 4334 ἡ
3086 4266 3270 4341 χάρις,
3304 4268 3393 4321 καὶ
3444 4265 3569 4323 οὐδὲ
3617 4270 3725 4345 χά-

2084 4377 2187 4434 ρις·
2225 4356 2369 4412 ἀλλὰ
2398 4356 2579 4427 πλάνη
2612 4377 2694 4419 τις
2725 4356 2814 4411 καὶ
2846 4356 3022 4427 ἀπάτη
3076 4360 3177 4426 τῆς
3221 4362 3318 4413 τοῦ
3364 4358 3577 4432 κόσμου
3623 4382 3722 4416 κα-

316 4448 587 4521 diligere,
620 4466 822 4504 verum
848 4450 1046 4520 potius
1078 4467 1149 4505 ex
1170 4450 1370 4504 animo
1398 4450 1592 4504 odisse
1615 4455 1792 4520 atque
1814 4450 1969 4505 inse-

2118 4446 2217 4518 ίας,
2247 4445 2410 4521 ὅνπερ
2436 4447 2512 4519 μὴ
2537 4447 2741 4522 ἀγαπᾷν
2766 4445 2932 4517 ὅλως,
2969 4452 3144 4519 μισεῖν
3176 4444 3234 4501 δὶ
3259 4444 3470 4521 μᾶλλον
3500 4447 3560 4502 ἐκ
3588 4470 3721 4524 καρ-

411 4577 502 4642 42)
534 4575 732 4630 Matth.
767 4592 926 4641 xxm,
962 4578 1026 4628 12
1052 4590 1065 4628 :
1097 4574 1286 4634 ’Όστις
1316 4572 1637 4626 ταπεινώσει
1670 4572 1854 4626 ἑαυτὸν
1893 4573 1997 4645 ὑψιι

2110 4592 2258 4627 ιεται.
2294 4572 2377 4629 Cf.
2415 4572 2551 4628 Luc.
2586 4589 2699 4640 xiv,
2735 4576 2793 4626 11
2825 4588 2838 4641 ;
2872 4588 3027 4641 xvm,
3058 4575 3146 4627 14.

411 4577 502 4642 42)
534 4575 732 4630 Matth.
767 4592 926 4641 xxm,
962 4578 1065 4628 12:
1097 4574 1282 4634 Ὅστις

385 4574 499 4717 (43)
526 4647 577 4700 ΙΙ
606 4647 787 4717 Epist.
823 4647 896 4701 ad
928 4646 1057 4700 Cor.
1089 4662 1158 4712 vr,
1198 4647 1282 4699 16.

385 4720 496 4788 (44)
527 4719 690 4773 Conf.
726 4736 783 4789 p.
820 4721 905 4772 10.

385 4791 495 4860 (45)
528 4789 692 4844 Conf.
726 4792 906 4860 p.771.

379 4852 490 4930 (‘46)
522 4861 704 4930 Epist.
726 4852 813 4915 ’δά
844 4859 1056 4933 Ephes.
1092 4860 1300 4933 YI,_14:
1338 4860 1509 4933 ξτῆτε
1541 4852 1643 4933 οὖνΔ
1664 4855 1997 4930 περιζωσάμι

2131 4857 2230 4926 τήν
2264 4856 2431 4933 ὀσφὺν
2464 4857 2613 4930 ὑμῶν
2648 4854 2700 4909 ἐν
2729 4853 2980 4926 ἀληθείᾳ.

374 4927 491 5000 (47)
524 4927 815 5001 Respectu
854 4927 927 4985 ad
960 4928 1303 5001 parabolam
1336 4927 1408 5001 de
1441 4945 1557 5001 qua
1585 4929 1658 4984 cf.
1693 4927 1749 5001 p.
1770 4933 1872 5001 773.

401 4998 486 5067 48)
519 5002 604 5056 Jo.
638 4998 843 5073 Chrys.
878 4998 1071 5072 Eclog.
1104 5018 1161 5071 p.
1196 5003 1339 5054 254:
1374 4998 1671 5070 Ἀγγελους
1694 4998 1827 5063 τοὺς
1856 5001 1997 5071 ἀνθρ‹

401 5074 490 5125 49)
522 5074 759 5125 Gregor.
795 5075 922 5125 Naz.
953 5077 1101 5125 orat.
1138 5074 1224 5125 16.
1257 5088 1385 5125 nan.
1422 5075 1518 5125 231
1552 5090 1565 5125 :
1599 5073 1695 5125 Διά
1724 5071 1785 5125 τὸ
1813 5080 1914 5125 τῆς
1946 5073 1997 5125 ἀι

2115 5022 2175 5061 υς
2206 4999 2432 5070 ἐποίησε
2462 5000 2513 5071 (ὁ
2546 4999 2815 5089 σταυρός).
2848 4999 2929 5054 Cf.
2965 5016 3063 5125 pp.
3097 5003 3149 5067 5,
3187 5002 3456 5065 106,107.

2110 5073 2295 5125 mian
2328 5071 2621 5125 εὐπραγίας
2650 5069 2877 5125 ἄστατον
2906 5090 2975 5125 κα
3027 5068 3342 5125 ἀνώμαλον.

374 5004 486 5140 (48)
519 5004 604 5056 J0.
638 5004 843 5073 Chrys.
878 5004 1071 5072 Eclog.
1104 5018 1161 5071 p.
1196 5004 1339 5054 254:
1374 5004 1671 5070 Ἀγγέλους
1700 5004 1827 5063 τοὺς
1856 5004 1997 5071 ἀνθρ‹

382 5074 490 5149 41))
520 5074 759 5149 Qregor.
795 5075 922 5149 Naz.
953 5077 1101 5149 orat.
1138 5074 1385 5149 16_,pag.
1422 5075 1518 5126 231
1552 5090 1565 5129 :
1599 5073 1695 5125 Διὰ
1724 5071 1785 5126 τὸ
1813 5080 1914 5141 τῆς
1946 5073 1997 5126 ἀι

2115 5022 2175 5061 υς
2206 5004 2432 5070 ἐποίησε
2462 5004 2513 5071 (ὁ
2546 5004 2815 5089 σταυρὸς).
2848 5004 2929 5054 Cf.

2110 5073 2295 5142 ›πίνης
2328 5071 2621 5148 εὐπραγίας
2650 5090 2877 5125 αστατον
2906 5090 2940 5124 κ

375 5143 490 5212 (50)
518 5143 719 5197 Matth.
752 5160 824 5207 γι,
858 5147 945 5197 20.
980 5142 1062 5196 Cf.
1095 5160 1153 5213 p.
1189 5142 1276 5198 91.

396 5214 484 5282 51)
514 5213 679 5268 Conf.
714 5231 770 5284 p.
797 5217 884 5267 60.

3027 5068 3342 5145 ἀνώμαλον.

396 5279 485 5373 52)
516 5279 825 5373 Gregorius,
857 5284 1120 5373 Ικξεηξωηζ
1151 5286 1417 5373 qratione
1481 5289 1566 5354 16,
1620 5304 1678 5359 p.
1740 5290 1881 5342 250:
1944 5292 1991 5340 Φ

2171 5284 2268 5359 μὶν
2324 5286 2424 5362 γὰρ
2486 5282 2642 5341 οὐδὲν
2698 5289 2804 5341 τῶν
2862 5285 3212 5359 ἀνθρωπίνων
3273 5279 3513 5360 βέὄαιον,
3575 5285 3710 5342 ούδὶ

301 5351 606 5426 δμαλδν....
631 5351 776 5409 ὀὐδὲ
806 5353 891 5409 ἐπὶ
923 5360 1030 5410 τῶν
1062 5354 1235 5410 αὐτῶν
1266 5351 1570 5427 ἱστάμενον.

370 5427 483 5569 (53)
514 5428 703 5483 Eccle.
738 5447 772 5495 ι,
812 5431 897 5484 14.

370 5501 460 5566 (54
504 5500 676 5569 _Greg.
710 5502 838 5569 Naz.
873 5518 897 5569 τ

366 5501 481 5569 (54)
513 5501 676 5574 Greg.
710 5502 838 5556 Naz.
873 5518 930 5572 p.
964 5504 1060 5555 251
1092 5517 1105 5554 :
1140 5501 1348 5559 Κύκλος
1376 5519 1459 5561 τις
1490 5502 1597 5552 τῶν
1630 5501 1911 5573 ἡμετέρων

303 5586 398 5642 ρας
428 5567 722 5639 πολλάκις,
751 5568 862 5626 ἔστι
895 5568 941 5625 δ’
972 5572 1061 5625 ὅτε
1091 5571 1180 5626 καὶ
1212 5572 1376 5647 ὥρας,
1408 5570 1585 5644 φέρων
1623 5566 1953 5644 μεταϐολάς.

513 5500 676 5575 ρι’ς-ᾱε.
710 5502 838 5575 Naz.
873 5518 930 5575 p_.
964 5504 1060 5575 251
1092 5517 1105 5554 :
1140 5497 1348 5575 Κύκλος
1376 5519 1465 5575 τις.
1490 5502 1597 5552 τῶν
1630 5499 1911 5575 ἡμετέρων
1957 5498 2269 5575 περιτρέχει
2326 5500 2677 5574 πραγμάτων,
2737 5499 2938 5555 ἂλλοτε
2993 5497 3167 5561 ἄλλας
3227 5498 3312 5554 ἐπὶ
3375 5503 3497 5573 μιᾶς
3550 5500 3696 5573 ἠμε-
