3994 6150
302 201 413 259 9⁸75

1863 203 2229 259 ΔΒΒΕΝΒΔ.

3596 201 3705 257 976

379 325 777 393 Quamobrem
810 342 912 383 eos
971 325 1073 397 qui
1132 325 1591 397 tam.pestifero
1627 341 1695 381 ac
1726 325 1953 381 crudeli

2135 325 2276 391 Τοὺς
2308 327 2401 402 μὶν
2433 325 2525 383 οῦν
2558 326 2791 402 τοιούτῳ
2819 323 3178 387 δουλεύοντας
3205 325 3402 395 ἀπηνεῖ
3455 322 3548 379 καὶ
3602 344 3708 380 πο-

310 417 553 474 domino
586 414 1096 487 serviunt,quique
1110 431 1144 469 a
1156 415 1312 469 bono
1327 432 1393 470 ac
1406 414 1662 487 benigno
1678 432 1784 487 per
1803 432 1953 470 sum-

310 523 470 564 mam
485 505 847 561 dementiam
865 506 1095 575 seipsos
1110 505 1683 560 removentes.rebus
1698 521 1958 577 prazsen-

310 598 468 653 tibus
486 596 722 651 inhiant
742 600 800 649 et
828 594 1227 657 intabescunt,
1254 610 1363 648 nec
1393 594 1594 648 futura
1635 594 1760 648 ullo
1783 594 1959 648 modo

311 688 435 759 cogi
447 691 797 751 tant,verum
816 684 889 738 ad
903 699 1217 753 corporeas
1232 682 1473 753 quidem
1487 683 1817 753 voluptates
1833 684 1960 736 sine

310 777 437 833 ulla
466 773 908 829 intermissione
951 788 1079 826 sese
1112 773 1445 839 conferunt,
1511 773 1739 827 animas
1762 778 1962 825 autem

316 882 452 921 suas
482 864 637 918 fame
660 861 961 929 confici,et
981 861 1312 916 innumeris
1333 862 1506 916 malis
1528 861 1855 916 conﬂictari
1881 861 1961 914 si-

314 952 722 1017 nunt,homini
738 951 1355 1006 afurentisunicornis
1376 951 1525 1005 facie
1548 951 1791 1020 fugienti
1808 949 1966 1004 simi-

314 1044 403 1098 les
438 1059 565 1099 esse
584 1057 820 1107 censeo,
841 1041 941 1112 qui
965 1057 1098 1094 cum
1121 1040 1400 1095 clamoris
1421 1040 1608 1110 ipsius
1632 1055 1843 1093 sonum
1876 1043 1962 1093 at-

319 1148 433 1205 que
454 1130 785 1187 horrendos
800 1130 1057 1201 mugitus
1071 1129 1224 1183 ferre
1238 1135 1516 1198 nequeat,
1551 1144 1763 1200 magno
1779 1128 1968 1197 impe-

319 1221 611 1292 tu,neipsi
626 1221 689 1274 in
722 1219 981 1291 praedam
999 1218 1593 1290 cedat,aufugit.Dum
1609 1224 1805 1272 autem
1821 1217 1970 1271 cele-

320 1310 468 1366 riter
490 1309 764 1373 currit,in
787 1309 1092 1380 ingentem
1118 1308 1438 1378 quamdam
1465 1307 1734 1362 scrobem
1757 1306 1968 1372 ruit,ac

321 1399 551 1456 ruendo
569 1414 780 1453 manus
800 1395 1391 1454 extendus.arborem
1404 1395 1724 1466 quamdam
1738 1394 1965 1464 arripit,

323 1504 574 1559 eamque
607 1486 938 1542 arctissime
961 1486 1380 1556 retinet,atque
1411 1484 1595 1556 gradu
1617 1484 1873 1554 quodam
1891 1481 1970 1537 af-

324 1582 575 1637 ﬁrmatis
607 1579 1098 1651 pedibus,pacata
1129 1578 1413 1649 deinceps
1444 1578 1663 1643 omnia,
1690 1583 1867 1647 atque
1898 1575 1969 1632 ab

2065 420 2219 491 νηρῷ
2251 414 2483 492 δεσπότῃ
2536 422 2634 473 τοῦ
2676 417 2882 493 ἀγαθοῦ
2938 417 3028 471 καὶ
3085 412 3476 494 φιλανθρώπου
3516 434 3711 491 φρενο-

2068 499 2291 568 ϐλαϐῶς
2345 505 2569 571 ἑαυτοὺς
2629 508 3021 582 μακρύναντας,
3085 503 3161 569 εἷς
3233 504 3301 558 τὰ
3364 502 3607 579 παρόντα
3654 502 3710 559 δὶ

2068 596 2370 672 κεχηνότας
2427 599 2724 672 πράγματα
2783 597 2871 652 καὶ
2955 594 3170 657 τούτοις
3244 594 3709 667 προστετηκότας,

2074 683 2336 758 μηδόλως
2366 691 2475 742 τῶν
2526 686 2841 760 μελλόντων
2898 682 3275 759 λαμϐάνοντας
3334 678 3566 751 ἔννοιαν,
3622 683 3712 739 καὶ

2071 778 2225 832 112
2258 776 2332 838 εἷς
2393 776 2485 849 μὲν
2543 777 2636 838 τὰς
2698 774 3011 847 σωματικάς
3069 772 3396 841 ἀπολαύσεις
3458 770 3711 828 ἀδιαλεί-

2071 884 2218 925 πτως
2242 863 2645 938 ἐπειγομένους,
2671 864 2767 926 τάς
2800 861 2857 919 δὲ
2904 862 3088 938 ψυχάς
3140 861 3340 923 ἐῶντας
3400 858 3554 934 λιμῷ
3612 882 3708 916 καο

2070 954 2394 1023 τατήκεσθαι
2478 954 2567 1009 καὶ
2668 952 2884 1029 μυρίοις
2961 951 3427 1025 ταλαιπωρεῖσθαι
3504 956 3717 1021 κακοῖς,

2074 1042 2301 1115 ὁμοίους
2359 1043 2490 1097 εἶναι
2545 1040 2690 1098 δοκῶ
2749 1039 2900 1118 ἀνδρὶ
2951 1041 3205 1117 φεύγοντι
3260 1039 3365 1094 ἀπὸ
3421 1040 3720 1113 προσώπου

2080 1135 2409 1205 μαινομένου
2444 1133 2841 1205 μονοκέρωτος,
2873 1130 2952 1198 ὅς,
2990 1132 3065 1204 μὴ
3099 1130 3276 1206 φέρων
3330 1129 3422 1183 τὸν
3452 1132 3595 1203 ἦχον
3621 1135 3726 1198 τῆς

2075 1221 2240 1276 αὐτοῦ
2270 1223 2405 1295 βοῆς
2432 1221 2521 1276 καὶ
2576 1222 2669 1276 τὸν
2726 1215 2955 1295 φοϐερὸν
3001 1219 3165 1273 αὐτοῦ
3226 1215 3537 1291 μυκηθμδν,
3595 1216 3723 1274 ἀλλ’

2077 1312 2322 1387 ἰσχυρῶς
2344 1307 2764 1388 ἀποδιδράσκων
2784 1314 2881 1364 τοῦ
2916 1310 2990 1381 μὴ
3050 1307 3285 1382 γενέσθαι
3314 1305 3511 1361 τούτου
3555 1307 3724 1362 κατά-

2079 1394 2297 1473 ϐρωμα,
2354 1398 2405 1453 έν
2455 1403 2533 1471 τῷ
2586 1398 2803 1473 τρέχειν
2859 1396 3017 1452 αὐτὸν
3076 1396 3241 1469 ὀξέως
3329 1391 3556 1471 μεγάλῳ
3611 1393 3724 1450 τινὶ

2078 1487 2455 1562 περιπέπτωκε
2489 1487 2693 1563 βόθρῳ’
2728 1486 2779 1541 ἐν
2814 1483 2871 1541 δὶ
2899 1489 2979 1558 τῷ
3036 1482 3322 1558 ἐμπίπτειν
3383 1484 3554 1555 αὐτῷ.
3587 1484 3727 1556 (63),

2077 1577 2172 1640 τὰς
2222 1583 2413 1653 χεῖρας
2461 1577 2712 1648 ἐκτείνας,
2769 1577 2857 1631 καὶ
2919 1579 3087 1654 φυτοῦ
3142 1595 3295 1637 τινος
3372 1573 3729 1650 δραξάμενος,

325 1671 487 1727 omni
512 1670 775 1742 periculo
807 1670 1003 1724 aliena
1018 1685 1146 1723 esse
1161 1668 1853 1737 arbitratur.Respiciens
1867 1683 1959 1721 au-

2079 1671 2349 1740 κραταιῶς
2381 1671 2541 1722 τοῦτο
2572 1665 2823 1741 κατέσχε,
2854 1664 2946 1721 καὶ
3014 1663 3101 1720 ἐπὶ
3156 1662 3363 1740 βάσεώς
3394 1682 3543 1724 τινος
3597 1661 3731 1725 τοὺς

326 1758 625 1827 tem,duos
648 1775 848 1813 mures
869 1758 1337 1813 cernitalterum
1371 1756 1973 1817 candidum,alterum

327 1849 779 1917 atrum,arboris
809 1848 971 1903 illius
994 1864 1174 1918 quam
1205 1848 1537 1918 arripuerat
1557 1845 1817 1901 radicem
1840 1861 1973 1916 per-

327 1946 508 2012 petuo
537 1938 945 2001 corrodentes,
961 1938 1208 2009 jamque
1240 1953 1390 2007 pene
1424 1951 1553 1991 eam
1577 1940 1973 2006 amputantes.

331 2029 519 2098 Atque
551 2028 816 2097 insuper,
845 2026 1129 2095 conjectis
1159 2026 1220 2078 in
1253 2026 1433 2078 imam
1464 2023 1732 2078 scrobem
1765 2022 1972 2088 oculis,

326 2115 694 2172 horrendum
709 2116 1027 2170 draconem
1052 2114 1613 2184 conspicit,aspectu
1632 2113 1758 2183 ipso
1778 2112 1973 2182 ignem

324 2205 673 2276 spirantem,
702 2220 768 2258 ac
802 2205 979 2257 torvis
1004 2202 1191 2257 oculis
1226 2204 1421 2274 ipsum
1450 2203 1801 2269 intuentem,
1835 2199 1973 2255 hor-

317 2293 627 2364 rendeque
659 2292 770 2361 ipsi
804 2292 1139 2347 devorando
1168 2292 1519 2347 inhiantem.
1545 2294 1625 2345 Ac
1642 2306 1880 2345 rursum
1910 2290 1971 2343 in

315 2383 501 2454 gradu
531 2382 636 2436 illo
668 2383 763 2437 cui
796 2381 978 2452 pedes
1004 2380 1190 2452 ipsius
1222 2380 1970 2443 innitebantur.oculorum

317 2473 447 2527 acie
481 2471 1244 2541 deﬁxa,quatuoraspidum
1270 2470 1465 2541 capita
1482 2469 1696 2533 videt,e
1724 2470 1968 2540 pariete,

317 2561 379 2616 in
398 2577 513 2631 quo
532 2559 1597 2630 consistebat,prominentia.Sursum
1618 2565 1816 2613 autem
1837 2575 1968 2612 ocu-

315 2650 408 2706 los
441 2654 789 2705 convertens
820 2648 1100 2703 nonnihil
1128 2648 1323 2703 mellis
1346 2666 1418 2703 ex
1449 2648 1679 2703 arboris
1700 2647 1967 2702 illiusra-

313 2741 429 2795 mis
460 2740 695 2795 stillans
715 2740 1017 2811 perspicit.
1036 2739 1321 2804 Quocirca
1344 2739 1747 2793 calamitatum
1765 2754 1968 2792 earum

317 2829 531 2901 quibus
566 2829 827 2898 undique
858 2828 1244 2883 obsidebatur
1275 2833 1333 2883 et
1375 2829 1714 2897 urgebatur,
1749 2828 1969 2882 omissa

315 2918 1099 2977 considerationemimirum
1118 2934 1374 2989 quonam
1390 2925 1560 2989 pacto
1585 2924 1822 2972 externe
1838 2918 1967 2987 qui-

315 3006 449 3061 dem
470 3008 773 3062 unicornis
790 3007 1122 3061 vehementi
1141 3006 1341 3060 furore
1364 3006 1624 3076 percitus
1648 3022 1782 3060 eum
1798 3005 1967 3060 devo-

309 3112 443 3151 rare
474 3102 785 3166 quaereret,
819 3096 891 3150 ab
920 3095 1200 3149 inferiore
1269 3101 1467 3149 autem
1516 3101 1681 3165 parte
1711 3095 1958 3151 acerbus

311 3185 486 3240 draco
514 3202 648 3239 eum
681 3184 971 3258 deglutire
992 3184 1373 3237 vehementer
1402 3189 1795 3254 expeteret,ac
1821 3203 1956 3240 rur-

309 3289 410 3330 sus
440 3273 615 3328 arbor
644 3290 714 3327 ea
753 3289 929 3342 quam
966 3273 1298 3343 arripuerat
1329 3272 1455 3342 jam
1480 3273 1726 3343 jamque
1759 3289 1960 3345 ampu-

310 3362 494 3417 tanda
515 3366 689 3427 esset,
723 3360 905 3431 pedes
936 3361 1193 3431 denique
1226 3360 1414 3431 ipsius
1438 3359 1663 3415 lubrico
1688 3367 1745 3415 et
1772 3362 1956 3417 inﬁdo

308 3450 515 3524 gradui
530 3450 1448 3519 inniterentur;horum,inquam
1460 3454 1778 3513 ,tantorum
1794 3452 1954 3521 peri-

313 3539 584 3594 culorum
616 3538 854 3605 oblitus,
892 3539 954 3593 in
994 3539 1183 3611 exigui
1218 3538 1382 3593 illius
1412 3538 1608 3594 mellis
1641 3539 1952 3595 dulcedine

309 3628 695 3702 percipienda
726 3628 988 3700 seipsum
1011 3628 1335 3698 occupavit.

376 3810 509 3864 Haec
540 3824 743 3863 eorum
776 3807 876 3878 qui
909 3806 1215 3878 praesentis
1242 3805 1374 3861 vita:
1420 3806 1697 3862 ludibriis
1728 3807 1952 3863 intabe-

305 3903 478 3954 scunt
498 3898 685 3970 ﬂgura
707 3903 829 3951 est:
854 3896 1023 3967 cujus
1048 3894 1290 3966 quidem
1315 3896 1793 3967 explanationem
1815 3915 1951 3969 pro-

301 3990 462 4045 tinus
493 3988 600 4043 tibi
632 4003 942 4059 exponam.
968 3986 1281 4042 Unicornis
1301 3986 1478 4057 igitur
1507 3988 1713 4041 mortis
1745 3992 1947 4059 typum

299 4078 609 4150 gerit,quaa
637 4093 871 4147 semper
890 4075 1231 4131 mortalium
1247 4092 1436 4147 genus
1458 4076 1951 4147 persequitur,at-

299 4180 413 4235 que
443 4165 705 4234 arripere
736 4162 1063 4218 contendit.
1084 4162 1298 4218 Scrobs
1332 4169 1529 4218 autem
1565 4164 1823 4219 mundus
1837 4171 1946 4234 est,

300 4253 401 4323 qui
431 4252 627 4307 omnis
656 4253 889 4323 generis
920 4252 1093 4307 malis
1121 4268 1187 4307 ac
1222 4252 1544 4307 mortiferis
1575 4252 1805 4324 laqueis
1820 4271 1947 4310 sca-

297 4342 598 4397 tet.Arbor
617 4358 684 4397 ea
708 4358 884 4413 quam
908 4342 1265 4412 compressis
1290 4341 1565 4397 manibus
1589 4348 1949 4411 tenemus,et

2080 1754 2249 1818 πόδας
2280 1758 2551 1833 στηρίξας,
2605 1756 2781 1829 ἔδοξεν
2841 1757 2891 1812 ἐν
2954 1755 3145 1831 εἰρήνῃ
3198 1753 3394 1809 λοιπὸν
3454 1753 3586 1809 εἶναι
3635 1752 3730 1807 καὶ

2078 1844 2365 1925 ἀσφαλείᾳ.
2400 1847 2609 1921 Βλέψας
2642 1844 2699 1902 δὲ
2756 1848 2856 1921 ὁρᾷ
2886 1843 2982 1900 δύο
3032 1849 3192 1918 μῦας,
3252 1842 3443 1899 λευκὸν
3485 1842 3578 1915 μὶν
3634 1842 3730 1896 τὸν

2076 1933 2191 2003 ἕνα,
2253 1935 2455 2008 μέλανα
2511 1934 2568 1990 δὲ
2622 1936 2714 1991 τὸν
2791 1933 2994 2005 ἕτερον,
3055 1931 3381 1994 διεσθίοντας
3438 1930 3734 1994 ἀπαύστως

2077 2026 2176 2093 τήν
2213 2023 2361 2100 ῥίζαν
2392 2030 2489 2079 τοῦ
2548 2028 2738 2103 φυτοῦ,
2798 2024 2858 2078 οῦ
2915 2023 2981 2092 ἦν
3038 2017 3426 2095 ἐξηρτημένος,
3453 2020 3542 2075 καὶ
3597 2020 3731 2075 ὅσον

2079 2112 2232 2168 οῧπω
2291 2113 2604 2190 ἐγγίζοντας
2650 2113 2852 2184 ταύτην
2921 2113 3187 2185 ἐκτεμεῖν.
3260 2112 3609 2181 Κατανοήσας
3673 2108 3734 2167 δὲ

2076 2204 2165 2258 τὸν
2196 2206 2441 2277 πυθμένα
2497 2210 2592 2259 τοῦ
2653 2205 2874 2281 βόθρου,
2936 2202 3203 2278 δράκοντα
3233 2199 3337 2257 εἶδε
3365 2195 3592 2279 φοϐερὸν
3658 2205 3728 2268 τῆ

2077 2293 2191 2364 θέᾳ,
2249 2297 2354 2368 πῦρ
2403 2294 2630 2349 πνέοντα
2691 2293 2781 2347 καὶ
2846 2289 3148 2367 δριμύτατα
3207 2288 3600 2366 βλοσυροῦντα,
3663 2290 3724 2345 τὸ

2076 2382 2251 2455 στόμα
2303 2404 2361 2437 τε
2417 2380 2605 2444 δεινῶς
2650 2382 3053 2458 περιχάσκοντα
3081 2380 3170 2436 καὶ
3227 2384 3505 2435 καταπιεῖν
3560 2378 3725 2434 αὐτὸν

2078 2470 2446 2545 ἐπειγόμενον.
2510 2472 2820 2535 Ἀντενίσας
2876 2469 2932 2526 δὲ
2991 2470 3143 2534 αὖθις
3196 2473 3264 2544 τῇ
3317 2467 3466 2544 βάσει
3524 2466 3727 2543 ἐκείνῃ,

2079 2559 2161 2636 ἐφ’
2246 2563 2284 2632 ᾖ
2339 2560 2465 2623 τοὺς
2556 2558 2728 2625 πόδας
2784 2561 2926 2635 εἶχεν
2982 2559 3420 2633 ἐρηρεισμένους,
3456 2558 3723 2633 τέσσαρας

2077 2648 2185 2705 εἶδε
2239 2649 2478 2712 κεφαλάς
2538 2647 2779 2705 ἀσπίδων
2836 2653 2933 2705 τοῦ
3009 2648 3206 2703 τοίχου
3260 2641 3727 2723 προϐεϐληκυίας,

2078 2739 2160 2818 ἐφ’
2183 2740 2244 2794 οὗ
2278 2739 2655 2811 ἐπεστήρικτο.
2715 2733 3056 2813 Ἀναϐλέψας
3115 2734 3172 2792 δὶ
3212 2736 3339 2799 τοὺς
3373 2734 3724 2815 άφθαλμοῦς,

2077 2828 2177 2901 ὁρᾷ
2203 2827 2259 2882 ἐκ
2288 2833 2395 2883 τῶν
2455 2826 2672 2884 κλάδων
2699 2833 2795 2883 τοῦ
2845 2832 3012 2906 φυτοῦ
3066 2825 3273 2883 ἐκείνου
3333 2826 3523 2901 μικρὸν
3585 2827 3728 2881 ἀπο-

2076 2917 2267 2986 στάζον
2327 2918 2476 2992 μὲλι.
2537 2918 2727 2981 Ἐάσας
2786 2918 2878 2973 οὗν
2965 2915 3350 2991 διασκέψασθαι
3402 2914 3526 2990 περὶ
3613 2919 3722 2971 τῶν

2075 3013 2448 3083 περιεχουσῶν
2508 3008 2653 3080 αὐτῷ
2731 3011 3046 3085 συμφορῶν,
3106 3008 3260 3063 113
3318 3004 3467 3067 ὅπως
3523 2999 3718 3075 ἔξωθεν

2074 3099 2168 3171 μὲν
2202 3100 2228 3153 6
2264 3099 2575 3174 μονόκερως
2625 3097 2811 3161 δεινῶς
2865 3097 3112 3171 ἐκμανεὶς
3174 3101 3326 3166 ζητεῖ
3370 3100 3562 3151 τοῦτον
3625 3117 3721 3150 κα-

2065 3193 2340 3262 ταφαγεῖν,
2387 3186 2704 3242 κάτωθενδέ
2762 3189 2789 3242 6
2838 3187 3030 3260 πικρὸς
3084 3183 3294 3262 δράκων
3353 3184 3557 3260 κέχηνε
3622 3205 3711 3240 κα-

2064 3281 2298 3345 ταπιεῖν,
2331 3277 2392 3331 τὸ
2425 3274 2481 3331 δὲ
2512 3278 2677 3352 φυτὸν
2707 3276 2738 3332 6'
2766 3273 3182 3351 περιεδέδρακτο
3242 3273 3367 3329 ὅσον
3400 3274 3553 3329 οῦπω
3623 3274 3714 3331 ἐκ-

2063 3364 2353 3429 κόπτεσθαι
2384 3361 2607 3438 ἔμελλε,
2637 3365 2766 3427 τούς
2818 3386 2875 3419 τε
2926 3362 3099 3427 πόδας
3157 3363 3238 3418 ἐπ’
3297 3362 3568 3437 ὁλισθηρᾷ
3627 3364 3713 3418 καὶ

2065 3453 2274 3527 ἄπίστῳ
2335 3452 2486 3531 βάσει
2546 3453 2920 3530 ἐπεστήρικτο·
2979 3457 3090 3508 τῶν
3143 3451 3415 3507 τοσούτων
3475 3451 3568 3507 οὗν
3629 3454 3716 3508 καὶ

2060 3543 2326 3598 τοιούτων
2370 3548 2611 3622 φρικτῶν
2671 3544 2953 3617 θεαμάτων
3013 3540 3317 3616 ἀλογίστως
3374 3539 3717 3615 ἐπιλαθόμε-

2061 3653 2176 3704 νος,
2209 3631 2325 3705 ’ὀλῳ
2350 3631 2437 3687 νοΐ
2470 3630 2693 3706 μέλιτος
2724 3631 2928 3688 ἐκείνου
2981 3634 3077 3686 τοῦ
3136 3634 3332 3707 μικροῦ
3362 3630 3553 3706 γέγονε
3616 3633 3713 3694 τῆς

2061 3718 2333 3792 ἡδύτητος
2356 3720 2591 3798 ἐκκρεμή
2604 3745 2646 3786 ς.

2132 3810 2282 3880 Αὕτη
2346 3814 2380 3881 ἠ
2442 3811 2709 3885 ὁμοίωσις
2763 3814 2869 3865 τῶν
2918 3812 2987 3885 τῇ
3042 3809 3219 3876 ἀπάτη
3293 3810 3385 3863 τεῦ
3437 3805 3711 3881 παρόντος

2060 3903 2509 3976 προστετηκότῶν
2563 3904 2704 3981 βίου,
2764 3906 2937 3980 ἧσπερ
2990 3924 3087 3972 την
3165 3903 3453 3978 σαφήνειαν
3511 3899 3706 3955 αὐτίκα

2060 3988 2199 4060 λέξω
2227 4011 2331 4047 σοι.
2356 3993 2416 4049 Ὁ
2450 3994 2545 4065 μὲν
2579 3991 2886 4067 μονόκερως
2935 3991 3106 4054 τύπος
3157 3988 3215 4044 ἄν
3272 3985 3355 4059 εἴη
3389 3992 3486 4042 τοῦ
3537 3989 3707 4044 θανά-

2057 4098 2177 4146 του,
2206 4082 2303 4133 τοῦ
2325 4077 2621 4141 διώκοντος
2675 4080 2757 4135 ἀεὶ
2812 4079 2900 4134 καὶ
2956 4073 3284 4133 καταλαϐεῖν
3341 4074 3703 4151 ἐπειγομένου

2054 4164 2116 4219 τὸ
2148 4163 2471 4239 ’Δδαμιαῖον
2494 4169 2670 4241 γένος·
2704 4170 2732 4223 ὁ
2764 4165 2821 4222 δὲ
2857 4167 3052 4243 βόθρος
3091 4167 3119 4220 ὁ
3166 4163 3375 4237 κόσμος
3407 4161 3517 4219 ἐστὶ
3550 4162 3699 4234 πλή-

2058 4274 2159 4329 ρης
2245 4246 2504 4331 ὑπάρχων
2564 4257 2835 4311 παντοίων
2909 4260 3087 4310 κακῶν
3168 4253 3257 4308 καὶ
3312 4254 3700 4343 θανατηφέρων

2055 4340 2320 4417 παγίδων·
2353 4344 2415 4399 τὸ
2446 4344 2608 4422 φυτὸν
2662 4342 2721 4400 δὶ
2749 4345 2809 4400 τὸ
2870 4345 2971 4399 ὑπὸ
3030 4346 3135 4398 τῶν
3195 4339 3291 4396 δύο
3334 4346 3484 4414 μυῶν
3516 4339 3697 4396 ἀπαύ-

299 4448 429 4503 quae
444 4431 718 4487 aduobus
736 4431 1002 4487 muribus
1020 4431 1427 4486 indesinenter
1438 4432 1955 4505 arroditur,cujus-

2069 4452 2201 4495 στως
2259 4434 2723 4509 ωγκοπτὸμενον,
2782 4436 2812 4489 6'
2866 4430 3303 4510 περιεδέδρακτο,
3372 4431 3401 4485 6
3473 4427 3698 4490 δίαυλος

300 4538 413 4593 que
438 4521 696 4576 hominis
720 4522 846 4577 vitae
869 4520 1231 4576 curriculum
1254 4526 1379 4575 est:
1403 4520 1561 4590 quod
1584 4520 1824 4591 quidem
1847 4540 1954 4593 per

300 4610 507 4666 dieiac
555 4613 746 4667 noctis
795 4612 971 4666 horas
1016 4610 1351 4665 absumitur
1396 4614 1454 4663 et
1502 4610 1837 4678 conﬁcitur,
1881 4629 1949 4669 ac

298 4702 583 4773 paulatim
598 4701 670 4756 ad
685 4701 1043 4755 excisionem
1057 4697 1285 4753 accedit
1310 4699 1570 4763 Quatuor
1584 4703 1780 4754 autem
1796 4702 1949 4773 aspi-

297 4790 681 4857 des,humani
704 4789 968 4859 corporis
992 4802 1172 4857 super
1194 4792 1449 4857 quatuor
1481 4786 1710 4845 lubrica
1742 4793 1939 4847 etins-

295 4880 501 4935 tabilia
515 4880 809 4934 elementa
831 4877 1315 4931 constitutionem
1334 4876 1672 4948 designant:
1694 4881 1941 4951 quicum

290 4966 681 5020 immoderate
704 4981 766 5019 se
808 4964 1034 5018 habent
1072 4980 1139 5019 ac
1191 4964 1631 5035 perturbantur,
1675 4973 1938 5041 corporis

292 5070 603 5126 compages
625 5052 985 5108 dissolvitur.
1013 5051 1099 5107 Ad
1132 5053 1258 5108 haec
1291 5054 1496 5125 igneus
1528 5056 1627 5112 ille
1652 5075 1717 5115 ac
1739 5065 1937 5117 trucu-

2065 4520 2297 4596 ὑπάρχει
2328 4526 2429 4588 τῆς
2459 4523 2682 4578 ἑκάστου
2720 4527 2886 4593 ζωῆς,
2942 4523 2969 4578 6
3028 4519 3415 4593 δαπανώμενος
3461 4518 3553 4573 καὶ
3610 4519 3697 4572 ἆν-

2060 4610 2421 4686 αλισκόμενος
2454 4611 2543 4668 διὰ
2595 4617 2702 4669 τῶν
2736 4614 2892 4687 ὡρῶν
2924 4613 3021 4668 τοῦ
3051 4612 3452 4686 ἡμερονυκτίου
3481 4610 3570 4664 καὶ
3628 4609 3691 4680 τῇ

2057 4700 2263 4776 ἐκτομῇ
2321 4703 2458 4759 κατά
2517 4705 2711 4778 μικρὸν
2763 4702 3162 4779 προσεγγίζων·
3204 4701 3260 4756 αἱ
3320 4698 3379 4755 δὲ
3442 4700 3689 4771 τέσσαρες

2054 4790 2274 4856 ἀσπίδες
2326 4795 2426 4863 τὴν
2480 4793 2568 4849 ἐπὶ
2642 4794 2912 4867 τεσσάρων
2963 4791 3245 4871 σφαλερῶν
3303 4791 3392 4845 καὶ
3448 4789 3685 4843 ἀστάτων

2049 4884 2340 4958 στοιχείων
2372 4883 2620 4937 σύστασιν
2667 4887 2763 4938 τοῦ
2820 4881 3158 4960 ἀνθρωπείου
3216 4881 3472 4953 σώματος
3521 4875 3681 4931 αῗνίτ-

2046 4992 2253 5043 τονται,
2315 4974 2389 5028 ὧν
2450 4972 2821 5028 ἀτακτούντων
2880 4975 2971 5028 καί
3026 4965 3440 5048 ταραττομένων
3498 4969 3533 5035 ἡ
3589 4966 3678 5020 τοῦ

2046 5066 2301 5137 σώματος
2330 5062 2657 5120 καταλύεται
2717 5062 2990 5128 σύστασις.
3048 5064 3192 5139 Ηρὸς
3239 5061 3457 5126 τούτοις
3502 5057 3589 5114 καὶ
3648 5054 3673 5108 6

287 5141 484 5198 lentus
508 5141 1078 5208 draco,horrendum
1091 5142 1305 5198 inferni
1318 5150 1580 5203 ventrem
1595 5147 1928 5218 adumbrat,

2069 5152 2300 5229 ευρώδης
2353 5154 2559 5217 ἐκεῖνος
2614 5152 2705 5210 καὶ
2763 5154 2979 5225 ἀπηνὴς
3029 5152 3238 5230 δράκων
3296 5153 3396 5223 τὴν
3454 5142 3676 5227 φοϐερὰν

496 5325 564 5391 Α,
589 5323 988 5415 exnaddi'tione
1013 5326 1349 5415 recentiqre
1377 5323 1438 5413 ἐν.
1464 5327 1634 5415 αύτκῷ.
1664 5331 1725 5397 C,
1752 5328 1836 5384 ἐπ’
1883 5333 1959 5387 αύ-

2069 5407 2074 5415 _
2112 5337 2275 5415 Sgepe
2330 5339 2590 5415 confusa)
2620 5346 2782 5415 sunt
2828 5341 2946 5415 illa;
2977 5332 3674 5415 praepositionesulgsias

281 5396 621 5486 E~pist.‘pa‘g.
654 5399 863 5486 272,..4,
900 5400 1053 5486 Au‘g.‘
1080 5414 1092 5452 ε
1127 5396 1237 5481 Τᾲς
1263 5396 1351 5486 ἐπὶ
1372 5402 1451 5486 τῖς
1480 5396 1717 5486 πολέμῳ
1741 5402 1914 5486 τύχας
1934 5428 1959 5460 κ

2069 5407 2115 5469 ὶς
2139 5396 2397 5486 ἀπάντων
2458 5411 2761 5486 ἀνθρώπων
2809 5396 3175 5486 νομίζδντεξη
3210 5411 3352 5486 Cod.
3409 5396 3563 5486 δύη..
3622 5401 3670 5455 ἐν

385 5465 727 5555 foli-Quam
758 5465 1405 5555 diversitatem'judice‘t
1427 5465 1693 5542 Lebwus,
1725 5465 1934 5555 qui'ad
1964 5465 2256 5555 edendam
2317 5500 2451 5539 eam
2512 5465 3321 5555 orationem,'libriscriticis
3352 5487 3410 5538 et
3429 5465 3669 5553 Lysiacae

282 5538 559 5598 dictionis
585 5541 764 5613 plena
782 5542 1120 5614 cognitione
1150 5538 1496 5613 instructus,
1529 5538 1688 5602 nunc
1718 5538 1918 5619 ipsum
1949 5553 2296 5626 accingitur.
