3994 6150
301 354 408 408 97⁵7

1474 345 1651 400 νΙΤΑ
1684 340 2031 396 BARLAAM
2068 341 2160 394 ET
2194 340 2536 397 JOASAPH.

3593 340 3702 394 978

307 475 557 545 εἷκονίζει
586 478 684 530 τοῖ’)
730 471 863 545 ’ᾲδου
908 466 1161 546 γαστέρα,
1217 467 1315 537 τὴν
1371 465 1778 540 μαιμάσσουσαν
1813 463 1944 516 ὑπο-

2073 462 2163 533 qui
2197 478 2296 519 eos
2345 464 2644 536 suscipere
2675 465 2851 536 gestit
2882 464 2981 535 qui
3015 467 3338 535 praesentes
3370 463 3698 533 voluptates

309 561 555 636 δέξασθαι
601 561 728 625 τοὺς
786 560 853 616 τὰ
902 558 1146 634 παρόντα
1207 555 1412 632 τερπνᾶ
1459 558 1567 609 τῶν
1632 550 1949 626 μελλόντων

308 653 516 726 ἀγαθῶν
576 650 983 726 προκρίνοντας.
1014 649 1075 704 Ὁ
1111 645 1168 702 δὲ
1223 650 1318 701 τοῦ
1379 643 1600 718 μέλιτος
1644 639 1955 726 σταλαγμὸς

303 725 405 810 τήν
432 725 748 817 γλυκύτητα
786 737 1036 817 ἐμφαίνει
1084 740 1191 791 τῶν
1245 738 1340 789 τοῦ
1392 732 1601 806 κόσμου
1649 728 1849 801 ἡδέων,
1883 725 1954 783 δι’

302 833 371 899 ’ἧς
402 829 605 890 ἐκεῖνος
661 826 878 883 ἀπατῶν
932 826 1059 887 τοὺς
1116 826 1307 880 ὲαυτοῦ
1365 822 1579 901 φίλους,
1637 820 1736 876 οὐκ
1765 825 1825 892 εᾷ
1852 825 1951 890 τῆς

305 923 451 997 σφῶν
484 919 888 989 προνοήσασθαι
914 913 1205 987 σωνηρίας.

374 1010 537 1065 ΚΕΦ.
572 1008 670 1065 II".
732 1009 886 1063 114
940 1003 1150 1074 Ταύτην
1211 1004 1240 1058 ὁ
1296 1003 1526 1077 Ἰωάσαφ
1568 998 1688 1055 λίαν
1749 995 1947 1055 ἀποδε-

310 1099 541 1169 ξάμενος
596 1096 693 1163 τήν
748 1088 1096 1169 παραϐολὴν,
1148 1089 1274 1164 ἔφη’
1330 1096 1417 1152 Ὡς
1472 1088 1687 1159 ἀληθὴς
1722 1089 1749 1143 ὁ
1781 1087 1951 1161 λόγος

307 1187 466 1247 οὗτος
495 1185 584 1241 καὶ
614 1185 754 1238 πάνυ
798 1181 1209 1258 ἁρμοδιώτατος
1235 1183 1248 1237 1
1282 1183 1375 1248 Μὴ
1427 1180 1517 1234 οὖν
1566 1179 1805 1252 ὀκνήσῃς
1835 1196 1949 1230 τοι-

308 1275 501 1337 ούτους
549 1272 630 1330 ἀεί
683 1294 777 1346 μοι
832 1272 1033 1333 τύπους
1088 1267 1479 1339 ὑποδεικνύειν,
1523 1266 1615 1322 ’ίνα
1659 1272 1771 1343 γνῶ
1800 1266 1949 1339 ἀκρι-

304 1358 417 1424 ϐῶς
449 1363 640 1423 ὁποῖος
673 1360 906 1435 ὑπάρχει
939 1360 967 1413 ὁ
997 1360 1115 1423 καθ’
1144 1361 1291 1432 ἡμᾶς
1328 1358 1466 1434 βίος,
1498 1356 1592 1412 καὶ
1638 1356 1797 1411 τίνων
1831 1359 1948 1416 τοῖς

305 1451 498 1507 ἑαυτοῦ
530 1447 714 1525 φίλοις
744 1450 1003 1522 πρόξενος
1034 1447 1262 1523 γίνεται.

376 1541 439 1598 Ὁ
471 1537 527 1595 δὲ
556 1540 730 1614 γέρων
763 1539 926 1596 εἶπεν.
967 1540 1197 1610 ’Όμοιοι
1244 1534 1394 1598 αὖθίς
1448 1536 1579 1590 εἰσιν
1611 1535 1669 1589 οἱ
1699 1533 1951 1610 ἐρασθέν-

305 1651 396 1694 τες
431 1633 539 1684 τῶν
593 1632 690 1683 τοῦ
752 1627 873 1704 βίου
931 1630 1172 1701 τερπνῶν
1210 1626 1301 1680 καὶ
1359 1628 1427 1700 τῇ
1482 1624 1677 1680 τούτου
1713 1622 1949 1699 γλυκαν-

310 1720 487 1783 θέντες
554 1713 808 1787 ήδύτητι,
858 1720 964 1770 τῶν
1001 1711 1318 1788 μελλόντων
1368 1734 1426 1769 τε
1480 1714 1570 1768 καὶ
1600 1713 1676 1785 μή
1710 1711 1945 1767 σαλευο-

2061 550 2277 608 futuris
2308 552 2481 608 bonis
2534 558 2922 625 anteponunt.
2956 553 3143 608 Mellis
3188 569 3322 607 vero
3354 552 3584 624 guttula
3614 551 3704 604 di-

2064 641 2286 707 tillans,
2317 643 2523 698 mundi
2548 644 2987 714 jucunditatem
3019 648 3077 698 et
3113 642 3492 697 dulcedinem
3526 641 3709 712 signi-

2062 733 2221 801 ﬁcat,
2271 750 2377 804 per
2429 751 2605 804 quam
2654 734 2755 789 ille
2814 735 3036 790 amicos
3069 750 3206 789 suos
3234 733 3574 799 ludiﬁcans,
3607 747 3708 786 eos

2062 823 2237 879 saluti
2270 841 2389 879 sua}
2421 826 2759 896 prospicere
2791 826 3036 880 minime
3071 825 3232 881 sinit.

2132 1002 2263 1056 CAP.
2296 1004 2447 1057 XIII.
2482 1004 2642 1057 Hanc
2671 1003 3014 1074 parabolam
3040 1003 3329 1075 majorem
3363 1002 3424 1057 in
3462 1001 3706 1057 modum

2061 1090 2455 1161 comprobans
2484 1093 2783 1163 Josaphat.
2815 1093 2963 1148 dixit
2987 1111 2999 1146 :
3027 1095 3215 1158 Quam
3243 1109 3415 1147 verus
3446 1092 3541 1145 hic
3575 1107 3702 1145 ser-

2060 1193 2156 1232 mo
2181 1183 2291 1245 est,
2315 1195 2383 1233 ac
2405 1179 2776 1234 concinnitas
2798 1180 2993 1234 omnis
3016 1180 3230 1250 plenus
3257 1179 3268 1232 !
3311 1177 3709 1243 Quamobrem

2059 1283 2134 1321 ne
2168 1272 2243 1323 te.
2275 1284 2500 1337 quaeso,
2533 1268 2875 1340 hujusmodi
2911 1269 3128 1341 ﬁguras
3158 1267 3304 1323 mihi
3336 1266 3570 1322 assidue
3598 1265 3699 1319 de-

2059 1361 2392 1412 monstrare
2422 1357 2637 1429 pigeat,
2672 1375 2787 1429 quo
2819 1363 2977 1414 certo
3008 1357 3337 1429 intelligam
3368 1354 3562 1426 qualis
3591 1370 3700 1409 no-

2059 1450 2149 1500 tra
2177 1446 2296 1500 vita
2326 1446 2422 1511 sit,
2455 1452 2515 1501 et
2545 1464 2691 1518 quas
2721 1464 2817 1502 res
2847 1446 3054 1502 amicis
3086 1447 3207 1501 suis
3238 1450 3521 1501 accersat.

2131 1534 2291 1588 Dixit
2330 1542 2527 1591 autem
2562 1553 2779 1592 senex:
2814 1537 3049 1591 Similes
3079 1552 3311 1590 rursum
3348 1539 3488 1589 sunt
3533 1534 3573 1587 ii
3604 1532 3707 1603 qui

2054 1628 2420 1700 voluptatum
2471 1630 2649 1700 hujus
2699 1630 2830 1684 vita;
2887 1645 3088 1684 amore
3147 1629 3331 1699 capti,
3383 1640 3706 1696 earumque

2059 1719 2344 1773 suavitate
2376 1718 2635 1786 deliniti,
2668 1736 2763 1773 res
2794 1718 2984 1773 ﬂuxas
3017 1723 3076 1772 et
3107 1716 3437 1772 imbecilles
3488 1716 3704 1770 futuris

310 1810 486 1880 μενων
538 1804 604 1860 τὰ
659 1804 851 1883 ῥευστὰ
917 1801 1008 1858 καί
1068 1804 1261 1872 ἀσθενῆ
1319 1803 1795 1878 προτιμήσαντες,
1854 1800 1947 1854 ἀν-

2073 1813 2232 1878 itque
2260 1825 2294 1863 a
2315 1809 2640 1879 jactatione
2671 1808 2883 1863 alienis
2926 1807 3291 1878 antiquiores
3340 1806 3699 1873 habuerunt,

304 1896 510 1969 θρώπῳ
533 1895 639 1949 τινί
668 1899 815 1969 τρεῖς
847 1892 1107 1968 ἐσχηκότι
1141 1892 1355 1970 φίλους,
1410 1892 1483 1946 ὧν
1533 1890 1660 1952 τοὺς
1717 1890 1811 1962 μὶν
1845 1887 1939 1944 δύο

305 1985 618 2057 περιπαθῶς
657 1982 834 2056 ἐτίμα,
893 1983 980 2038 καὶ
1041 1978 1291 2056 σφοδρῶς
1345 1987 1446 2049 τῆς
1503 1979 1675 2035 αὐτῶν
1732 1979 1943 2054 ἀγάπης

307 2071 607 2147 ἀντείχετο,
643 2072 809 2146 μέχρι
856 2070 1086 2135 θανάτου
1136 2070 1268 2145 ὑπὲρ
1321 2070 1498 2124 αὐτῶν
1546 2069 1944 2141 ἀγωνιζόμενος

301 2161 393 2216 καὶ
446 2158 848 2236 προκιδυνεύειν
916 2159 1262 2235 αἱρούμενος·
1315 2158 1453 2236 πρὸς
1502 2157 1560 2214 δὶ
1613 2160 1702 2214 τὸν
1765 2158 1946 2233 τρίτον

299 2248 495 2325 πολλῇ
544 2248 761 2326 ἐφέρετο
812 2251 1231 2325 καταφρονήσει,
1269 2251 1409 2321 μήτε
1454 2255 1641 2321 τιμῆς,
1684 2251 1823 2322 μήτε
1846 2249 1944 2315 τῆς

299 2338 690 2414 προσηκούσης
748 2338 909 2395 αὑτὸν
961 2340 1185 2394 πώποτε
1243 2338 1473 2408 ἀξιώσας
1533 2338 1770 2413 ἀγάπης,
1822 2334 1946 2391 ἀλλ’

300 2429 339 2499 ἢ
377 2428 571 2505 μικράν
597 2450 720 2484 τινα
774 2428 864 2484 καὶ
923 2426 1223 2501 οὐδαμινὴν
1280 2427 1355 2489 εἲς
1396 2427 1552 2482 αὐτὸν
1612 2426 1946 2501 προσποιού-

308 2539 470 2593 μενος
500 2515 701 2596 φιλίαν.
751 2514 1276 2590 Καταλαμϐάνουσιν
1325 2514 1417 2571 οὖν
1449 2515 1501 2571 ἐν
1555 2521 1653 2589 μιᾷ
1696 2511 1951 2590 φοϐεροί-

302 2630 447 2673 τινες
505 2608 594 2664 καὶ
643 2607 867 2679 ἐξαίσιοι
925 2612 1269 2682 στρατιῶται,
1305 2605 1629 2670 σπεύδοντες
1682 2605 1950 2681 ταχύτητι

258 2702 261 2705 λ
309 2696 500 2771 πολλῇ
531 2698 655 2770 τρὸς
696 2698 785 2752 τὸν
842 2695 1067 2771 βασιλέα
1105 2700 1295 2751 τοῦτον
1348 2696 1589 2771 ἀγαγεῖν,
1622 2693 1788 2777 λόγον
1814 2695 1953 2750 ἀπο-

316 2785 561 2843 δωσοντα
607 2785 739 2858 ὑπὲρ
789 2783 1016 2852 ὀφειλῆς
1072 2784 1279 2860 μυρίων
1325 2782 1626 2841 ταλάντων.
1662 2790 1950 2859 Στενοχω-

314 2873 578 2951 ρούμενος
608 2871 683 2944 δὲ,
714 2873 917 2936 ἐκεῖνος
959 2872 1137 2945 ἐζήτει
1175 2873 1395 2947 βοηθὸν,
1425 2874 1516 2928 τὸν
1568 2868 1954 2928 συναντιλαϐἐ-

314 2974 437 3027 σθαι
494 2963 639 3036 αὐτῷ
693 2962 744 3017 ἐν
771 2967 852 3035 τῷ
908 2966 1115 3040 φρικτῷ
1167 2966 1265 3016 τοῦ
1326 2960 1594 3037 βασιλέως
1649 2960 1954 3037 λογοθεσίῳ

315 3048 632 3124 δυνάμενον.
697 3052 928 3126 Δραμὼν
961 3049 1051 3105 οὖν
1106 3050 1241 3125 πρὸς
1270 3050 1361 3104 τὸν
1402 3054 1618 3125 πρῶτον
1666 3049 1834 3104 αὐτοῦ
1863 3049 1952 3104 καὶ

315 3142 530 3197 πάντων
571 3141 942 3216 γνησιώτατον
976 3139 1158 3217 φίλον,
1192 3138 1359 3215 λέγει.
1411 3137 1598 3208 Οἶδας,
1630 3140 1675 3193 ὤ
1704 3139 1853 3215 φίλε,
1881 3140 1955 3203 ὡς

316 3230 399 3284 ἀεὶ
432 3228 630 3302 ἒθὲμην
675 3230 774 3298 τὴν
833 3230 1016 3304 ψυχὴν
1077 3250 1181 3301 μου
1240 3228 1370 3298 ὑπὲρ
1424 3232 1522 3282 σοῦ
1574 3232 1703 3299 (64)·
1753 3229 1859 3282 νυνὶ
1896 3227 1954 3283 δὲ

318 3316 513 3392 χρῄζω
548 3316 806 3391 βοηθείας
838 3315 889 3370 ἐν
918 3320 985 3390 τῇ
1035 3318 1216 3389 ἡμέρᾳ
1265 3316 1432 3391 ταύτῃ
1484 3319 1583 3381 τῆς
1619 3317 1956 3391 κατεχνύσης

319 3427 389 3479 με
418 3405 681 3481 ἀκάγκης.
728 3407 916 3460 Πόσων
978 3404 1069 3460 οὗν
1129 3403 1445 3480 ἐπαγγέλλῃ
1484 3401 1961 3470 σύναντίλαϐἑσθαι

319 3515 413 3568 μοι
448 3496 596 3553 115
633 3498 765 3560 νῦν;
793 3495 883 3548 καὶ
910 3493 992 3555 τίς
1023 3496 1057 3563 ἠ
1089 3494 1235 3568 παρὰ
1282 3497 1376 3548 σοῦ
1424 3493 1826 3569 προσγινομένη
1867 3515 1959 3566 μοι

314 3582 501 3654 ἐλπὶς,
546 3580 1019 3660 προσφιλὲστατες
1063 3581 1407 3658 Ἀποκριθεὶς
1439 3582 1529 3636 οὖν
1585 3583 1788 3646 ἐκεῖνος
1834 3580 1959 3660 ἔφη’

317 3675 434 3733 Οὐκ
460 3671 576 3741 εἶμί
606 3694 702 3729 σου
747 3673 931 3751 φὶλος,
989 3671 1254 3748 ἄνθρωπε·
1318 3673 1417 3727 οὐκ
1463 3671 1752 3747 ἰπίσταμαι
1782 3673 1862 3736 τίς
1894 3676 1962 3730 εἴ.

312 3762 560 3825 Ἄλλους
587 3763 689 3838 γὰρ
721 3758 836 3818 ἔχω
866 3760 1212 3839 προσφιλεῖς,
1245 3762 1364 3834 μεθ’
1400 3762 1473 3815 ὧν
1508 3759 1591 3816 δεῖ
1625 3782 1691 3833 με
1722 3763 1965 3837 σήμερον

320 3853 719 3931 εὐφραίνεσθαι,
775 3854 866 3909 καὶ
924 3852 1118 3931 φίλους
1170 3851 1364 3914 αὐτοὺς
1413 3852 1490 3915 εἷς
1546 3851 1607 3906 τὸ
1657 3852 1779 3921 ἑξῆς
1833 3856 1967 3924 κτή-

323 3946 536 4001 σασθαι.
571 3943 807 4018 Ηαρὲχω
867 3940 924 3997 δέ
976 3963 1060 3997 σοι
1093 3941 1212 3996 ἰδοὺ
1263 3940 1422 4016 ῥάκια
1466 3938 1582 4010 δύο,
1606 3945 1702 3997 τοῦ
1732 3937 1881 4017 ἔχειν
1912 3940 1971 3997 σε

321 4038 495 4090 ταῦτα
524 4033 576 4087 ἐν
609 4035 676 4106 τῇ
708 4030 819 4103 ὁδῷ
845 4030 882 4105 ᾖ
911 4030 1134 4107 πορεύῃ,
1190 4031 1342 4085 ἅτινα
1389 4028 1545 4085 οὐδὲν
1594 4051 1652 4085 σε
1696 4032 1757 4085 τὸ
1796 4033 1972 4106 παρά-

323 4144 432 4179 παν
486 4122 855 4199 ὠφεΛήσουσι.
917 4119 1019 4177 Καὶ
1083 4115 1353 4193 μηδεμίαν
1417 4117 1595 4190 ἄλλην
1647 4122 1775 4196 παρ’
1807 4121 1970 4193 ἐμοῦ·

324 4208 716 4287 προσδοκήσῃς
770 4207 1006 4266 ἐλπίδα.
1065 4206 1279 4262 Τούτων
1336 4208 1570 4272 ἀκούσας
1620 4208 1824 4272 ἐκεῖνος
1881 4208 1973 4264 καὶ

323 4300 597 4375 ἀπογνοὺς
656 4299 722 4368 ἣν
779 4297 831 4368 ἐξ
890 4297 1054 4353 αὐτοῦ
1117 4299 1373 4372 βοήθειαν
1427 4297 1650 4367 ἤλπιζε,
1701 4300 1837 4374 πρὸς
1884 4301 1977 4355 τὸν

320 4385 507 4463 ἓτερον
566 4386 850 4463 πορεύεται
909 4384 1069 4463 φίλον
1105 4429 1119 4455 ,
1178 4386 1269 4440 καὶ
1329 4408 1460 4464 φησι
1495 4404 1509 4421 ·
1562 4388 1852 4459 Μέμνησαι
1883 4432 1895 4459 ,
1928 4390 1974 4443 ὧ

326 4479 531 4553 ἱταῖρε,
563 4476 698 4547 ὅσης
730 4475 1049 4545 ἀπήλαυσας
1087 4477 1211 4548 παρ’
1246 4474 1382 4549 ἐμοῦ
1409 4483 1577 4549 τιμῆς
1622 4478 1710 4533 καὶ
1768 4478 1976 4553 εὐγνω-

331 4547 598 4642 μοσύνής·
660 4567 899 4640 σήμερον
960 4562 1038 4637 δὶ,
1098 4547 1285 4639 θλίψει
1329 4547 1632 4642 περιπεσὼν
1688 4567 1776 4622 καὶ
1835 4547 1974 4641 συμ-
2005 4547 2050 4612 D

329 4659 476 4731 φορᾷ
535 4653 785 4729 μεγίστῃ,
840 4653 1035 4729 χρῄζω
1093 4657 1371 4728 συνεργοῦ.
1414 4654 1587 4710 Πόσον
1620 4655 1712 4712 οὖν
1765 4656 1975 4732 ίσχύεις

334 4764 435 4819 μοι
467 4744 826 4819 συγκοπιάσαι
852 4763 866 4811 ς
927 4740 984 4811 ἐζ
1011 4742 1181 4811 αὐτῆς
1212 4742 1475 4817 γνώρισόν
1529 4765 1642 4816 μοι.
1687 4746 1746 4799 Ὠ
1776 4742 1833 4801 δέ
1865 4769 1973 4820 φη-

339 4851 445 4887 σιν·
498 4833 578 4890 Οὑ
610 4829 876 4907 σχολάζω
933 4831 1173 4904 σήμερον
1234 4830 1685 4907 συναγωνίσασθαί
1738 4853 1842 4889 σοι·
1882 4856 1974 4908 με-

339 4919 563 4998 ρίμναις
619 4922 721 4997 γὰρ
768 4918 917 4995 κάγὼ
973 4920 1063 4973 καὶ
1118 4921 1463 4993 περιστάσεσι
1509 4922 1812 4995 περιπεσὼν
1849 4967 1863 4994 ,
1923 4923 1975 4977 ἐν

342 5006 531 5082 θλίψει
579 5007 716 5081 εἱμί.
750 5004 959 5083 Μικρὸν
993 5002 1039 5061 δ’
1070 5006 1222 5079 ὅμως
1268 5003 1571 5062 συνοδεύσω
1603 5029 1709 5079 σοι,
1740 5010 1835 5064 κάν
1872 5033 1980 5084 μη-

339 5096 432 5155 δὲν
492 5094 764 5176 ὠφελήσω
820 5116 895 5150 σε’
955 5093 1076 5167 καὶ,
1135 5096 1326 5149 θᾶττον
1387 5096 1719 5171 ὑποστρέψας
1776 5097 1979 5171 οἷ’καδε,

333 5190 461 5248 ταῖς
519 5183 680 5248 ἰδίαις
737 5178 934 5257 ἔσομαι
994 5182 1403 5259 ἀσχολούμενος
1457 5184 1760 5259 μερίμναις.
1790 5194 1982 5252 Κεναῖς

339 5272 437 5333 οὖν
496 5279 739 5339 καγεῖθεν
802 5271 1137 5349 ὑποστρέψας
1209 5272 1394 5348 χερσὶν
1454 5275 1482 5329 ὁ
1540 5274 1823 5349 ἄνθρωπος
1894 5277 1985 5334 καὶ

338 5364 613 5421 πάντοθεν
692 5361 1067 5439 ἀπορούμενος
1126 5401 1142 5429 ,
1216 5357 1543 5432 ,ἐταλᾶνιζεν
1629 5364 1815 5421 ἑαυτὸν
1885 5374 1986 5438 τῆς

341 5450 578 5532 ματαίας
627 5448 849 5515 ἐλπίδος
900 5454 1008 5507 τῶν
1063 5446 1396 5525 ἀγνωμόνων
1452 5450 1617 5508 αὐτοῦ
1670 5452 1867 5532 φίλων,
1897 5454 1990 5512 καὶ

426 5664 538 5738 (64)
567 5663 730 5721 Joan.
762 5678 885 5734 xm,
914 5663 984 5719 37
1007 5661 1137 5735 εΤήν
1167 5661 1352 5737 ψυχήν
1388 5664 1491 5735 μὸυ
1521 5660 1653 5740 ὑπὶρ
1682 5668 1786 5745 φοῦ
1815 5667 1988 5741 θήσω.

2053 1898 2300 1963 homini,
2339 1898 2440 1968 qui
2472 1903 2590 1952 tres
2627 1898 2848 1952 amicos
2881 1897 3089 1952 habuit
3118 1937 3131 1962 ,
3166 1913 3236 1951 ex
3284 1895 3500 1967 quibus
3554 1894 3703 1949 duos

2053 1986 2293 2057 quidem
2318 1987 2543 2059 ingenti
2600 1986 2785 2042 animi
2845 1987 3059 2042 aﬂ‘ectu
3115 1985 3362 2051 colebat,
3423 2001 3490 2039 ac
3518 1984 3696 2038 vehe-

2054 2081 2287 2130 menter
2324 2075 2578 2143 amabat,
2633 2076 2780 2130 adeo
2829 2082 2895 2129 ut
2931 2075 3005 2129 ad
3058 2080 3313 2129 mortem
3368 2088 3556 2143 usque
3587 2087 3693 2142 pro

2054 2165 2201 2237 ipsis
2232 2165 2517 2219 dimicare
2555 2181 2621 2219 ac
2668 2164 2932 2235 pericula
2990 2164 3208 2234 qumvis
3240 2162 3403 2217 adire
3450 2160 3696 2215 minime

2056 2262 2374 2325 recusaret,
2426 2257 2668 2311 tertium
2720 2261 2917 2310 autem
2967 2254 3291 2311 admodum
3341 2252 3698 2324 aspernaba-

2056 2350 2174 2413 tur,
2204 2345 2287 2401 ita
2314 2351 2379 2400 ut
2409 2362 2515 2400 nec
2566 2346 2851 2399 honorem
2904 2362 3190 2416 unquam,
3223 2360 3333 2399 nec
3364 2359 3543 2413 quam
3596 2357 3703 2413 par

2059 2439 2184 2488 erat
2212 2433 2687 2488 benevolentiam
2718 2433 2862 2504 ipsis
2920 2438 3249 2504 praestaret,
3301 2431 3405 2486 sed
3435 2430 3706 2503 exiguam

2061 2521 2379 2591 quamdam
2413 2521 2718 2587 duntaxat,
2754 2537 3003 2589 eamque
3037 2522 3234 2575 fictam
3265 2536 3331 2574 ac
3364 2519 3704 2573 simulatam

2060 2610 2382 2666 amicitiam
2441 2611 2784 2666 exhiberet.
2853 2612 3154 2664 Venerunt
3201 2613 3399 2664 autem
3450 2606 3708 2677 quodam

2061 2698 2154 2753 die
2178 2698 2469 2753 immanes
2492 2704 2668 2769 atque
2695 2697 2977 2753 horrendi
2998 2697 3229 2760 milites,
3258 2697 3355 2766 qui
3385 2711 3519 2750 eum
3549 2709 3707 2749 sum-

2062 2805 2159 2844 ma
2189 2804 2323 2843 cum
2342 2786 2720 2842 festinatione
2743 2786 2816 2841 ad
2843 2803 3042 2859 regem
3064 2786 3385 2849 traherent,
3405 2790 3471 2839 ut
3500 2783 3705 2840 decem

2062 2877 2319 2933 millium
2350 2876 2730 2943 talentorum,
2763 2893 2891 2946 quae
2925 2876 3153 2943 debeat,
3179 2875 3468 2930 rationem
3491 2874 3705 2929 redde-

2062 2972 2171 3023 ret.
2223 2966 2327 3021 llle
2359 2966 2536 3038 igitur
2565 2966 2625 3020 in
2659 2982 2994 3021 suummam
3044 2965 3376 3037 angustiam
3406 2965 3702 3032 redactus,

2064 3056 2324 3125 aliquem
2356 3054 2660 3125 querebat,
2695 3054 2793 3125 qui
2827 3055 2889 3109 in
2919 3053 3241 3109 metuenda
3274 3052 3378 3107 illa
3408 3053 3707 3107 rationum

2066 3144 2221 3216 apud
2234 3160 2431 3215 regem
2454 3143 2784 3198 redditione
2798 3160 2969 3215 opem
2984 3142 3095 3214 ipsi
3113 3143 3313 3197 ferret.
3331 3143 3585 3196 Currens
3598 3140 3707 3195 ita-

2067 3250 2181 3305 que
2215 3233 2288 3288 ad
2320 3234 2600 3304 primum,
2625 3233 3012 3303 omniumque
3027 3232 3277 3287 aliorum
3292 3230 3709 3286 charissimum

2069 3322 2324 3378 amicum
2373 3323 2444 3377 ad
2472 3339 2605 3377 eum
2629 3323 2712 3377 ait
2738 3338 2750 3376 :
2784 3324 2909 3377 Non
2932 3328 2989 3376 te
3018 3322 3185 3394 fugit,
3212 3339 3245 3377 o
3271 3321 3481 3387 amice,
3505 3334 3712 3390 quem-

2070 3412 2388 3467 admodum
2409 3417 2512 3467 tua
2541 3428 2718 3467 causa
2737 3412 2914 3466 vitam
2936 3428 3124 3466 meam
3152 3428 3386 3482 semper
3410 3411 3472 3464 in
3505 3408 3716 3464 discri-

2072 3519 2209 3558 men
2233 3502 2609 3569 adduxerim;
2635 3519 2792 3557 nunc
2816 3507 3012 3557 autem
3035 3502 3321 3556 hodierno
3346 3501 3714 3571 die,urgente

2074 3593 2446 3647 necessitate.
2481 3609 2589 3662 ope
2622 3596 2723 3646 tua
2749 3596 2925 3661 atque
2957 3592 3174 3646 auxilio
3202 3591 3457 3661 indigeo.
3493 3586 3716 3657 Ecquid

2074 3698 2209 3753 ergo
2230 3687 2285 3735 te
2308 3680 2452 3735 mihi
2477 3680 2697 3734 auxilio
2720 3680 2844 3733 fore
2874 3679 3172 3751 polliceris
3194 3679 3220 3732 ‘?
3249 3685 3307 3733 et
3349 3693 3621 3748 quaenam
3653 3675 3714 3728 in

2074 3774 2154 3837 te,
2170 3770 2255 3823 vir
2271 3768 2780 3839 charissime,spes
2802 3768 2950 3822 mihi
2975 3767 3294 3823 constituta
3315 3771 3403 3821 est
3418 3765 3713 3835 7Respon-

2078 3861 2223 3915 deus
2240 3865 2435 3913 autem
2454 3859 2577 3926 ille,
2601 3858 2683 3914 ait
2707 3875 2720 3912 :
2741 3859 2979 3913 Amicus
3003 3865 3135 3913 tuus
3156 3875 3275 3912 non
3290 3872 3442 3924 sum,
3462 3872 3494 3909 o
3512 3856 3711 3925 homo,

2078 3965 2187 4004 nec
2208 3947 2307 4019 qui
2332 3947 2412 4003 sis
2434 3948 2590 4002 novi.
2616 3948 2765 4002 Sunt
2784 3948 2945 4002 enim
2966 3947 3111 4001 mihi
3134 3947 3235 4001 alii
3256 3945 3451 4013 amici,
3476 3943 3717 4015 quibus-

2080 4054 2213 4092 cum
2244 4036 2417 4091 hodie
2441 4036 2720 4091 oblectari
2746 4054 2838 4091 me
2867 4041 3113 4107 oportet,
3144 4051 3408 4106 quosque
3437 4034 3497 4088 in
3522 4038 3721 4104 poste-

2081 4142 2213 4179 rum
2236 4142 2341 4196 pro
2363 4125 2572 4179 amicis
2595 4126 2901 4180 habiturus
2936 4142 3086 4179 sum.
3121 4126 3309 4189 Quare
3343 4123 3457 4178 duo
3491 4127 3721 4177 tantum

2084 4214 2279 4269 cilicia
2309 4213 2412 4267 tibi
2444 4214 2701 4285 porrigo.
2730 4219 2794 4267 ut
2812 4230 2879 4267 ea
2910 4214 2971 4266 in
2995 4214 3085 4268 via
3110 4229 3226 4283 qua
3256 4212 3451 4282 pergis
3482 4211 3721 4278 habeas,

2085 4321 2214 4375 qua:
2239 4303 2416 4357 etiam
2439 4302 2565 4373 ipsa
2581 4303 2731 4356 nihil
2748 4302 2851 4355 tibi
2873 4302 3255 4357 emolumenti
3279 4301 3533 4356 allatura
3554 4304 3722 4366 sunt;

2083 4409 2192 4447 nec
2215 4397 2305 4446 est
2348 4392 2504 4462 quod
2530 4408 2565 4446 a
2592 4407 2688 4446 me
2731 4391 3055 4462 quidquam
3101 4396 3423 4462 exspectes.
3458 4392 3591 4444 Haec
3621 4388 3723 4443 ille

2084 4482 2352 4550 audiens,
2372 4498 2438 4537 ac
2451 4481 2521 4537 de
2551 4481 2789 4546 auxilio,
2807 4481 2961 4551 quod
2976 4481 3047 4535 ab
3075 4498 3142 4545 eo
3169 4480 3533 4552 expectabat,
3559 4494 3724 4550 spem

2084 4588 2321 4627 omnem
2342 4570 2731 4642 abjiciens,ad
2756 4570 3083 4625 secundum
3102 4571 3359 4625 amicum
3383 4587 3445 4625 se
3477 4569 3725 4637 confert,

2082 4660 2156 4716 ad
2187 4676 2441 4730 eumque
2464 4659 2577 4713 ait:
2616 4658 2964 4727 Recordare,
3007 4660 3214 4725 amice,
3258 4663 3545 4728 quantum
3567 4673 3601 4710 a
3630 4670 3724 4709 me

2084 4751 2329 4805 honoris
2354 4755 2412 4804 et
2431 4749 2853 4805 beneﬁciorum
2877 4750 3195 4821 acceperis.
3217 4749 3513 4803 Hodierno
3527 4751 3726 4802 autem

2088 4839 2183 4894 die
2213 4840 2275 4894 in
2307 4839 2625 4894 maximam
2670 4838 3065 4895 calamitatem
3103 4844 3160 4893 et
3197 4837 3557 4892 afﬁctionem
3588 4853 3728 4907 pro-

2087 4928 2311 4999 lapsus,
2372 4928 2725 4998 Opitulatore
2784 4927 2981 4998 aliquo
3032 4944 3179 4998 opus
3217 4925 3425 4980 habeo.
3478 4924 3729 4989 Quidam

2090 5015 2268 5089 igitur
2284 5016 2611 5087 adjumenti
2630 5033 2788 5071 nunc
2806 5016 2951 5070 mihi
2974 5017 3182 5070 afferre
3199 5031 3418 5084 quaaas,
3432 5014 3525 5070 fac
3548 5014 3731 5069 sciam

2092 5105 2196 5160 Ille
2213 5110 2411 5159 autem
2434 5105 2543 5159 ait:
2583 5104 2762 5160 Hodie
2787 5105 2931 5159 mihi
2955 5105 3309 5175 pernegotia
3326 5110 3520 5159 tecum
3546 5108 3735 5159 certa-

2093 5211 2231 5249 men
2259 5194 2456 5249 subire
2488 5194 2733 5249 minime
2768 5194 2926 5249 licet.
2961 5194 3128 5248 Curis
3163 5194 3321 5248 enim
3366 5199 3424 5247 et
3454 5192 3740 5247 sollicitu-

2095 5283 2337 5338 dinibur
2374 5283 2637 5354 undique
2668 5299 2900 5355 urgeor,
2932 5288 3109 5353 atque
3140 5283 3201 5336 in
3232 5281 3554 5337 afflictione
3585 5296 3737 5337 sum.

2098 5372 2345 5428 Paulum
2380 5378 2578 5429 tamen
2608 5376 2804 5427 tecum
2832 5388 3095 5445 pergam,
3121 5369 3388 5442 quamvis
3418 5369 3571 5425 nihil
3601 5368 3740 5424 hinc
