3994 6150
326 280 435 335 979

1847 278 1890 329 Δ
1900 278 2186 333 DDENDA
2194 317 2209 333 .

3609 288 3706 344 980

329 401 624 457 commodi
655 400 729 455 ad
759 404 816 453 te
865 399 1190 453 rediterum
1240 399 1334 465 sit,
1373 414 1439 453 ac
1468 404 1601 469 post
1632 400 1829 454 statim
1861 398 1967 453 do-

2096 402 2188 451 ιῶν
2222 398 2498 469 ἀνονήτων
2548 404 2653 473 (65)
2681 404 3070 477 ταλαιπωριῶν
3103 405 3177 457 ὧν
3208 404 3340 481 ὑπὲρ
3370 411 3468 475 τῆς
3501 405 3704 465 ἐκείνων

329 507 495 546 mum
519 506 807 558 reversus,
842 488 1093 559 negotiis
1124 488 1275 543 meis
1306 504 1547 558 operam
1578 488 1754 543 dabo.

399 579 684 633 Inanibus
717 578 895 649 igitur
915 576 1188 630 manibus
1208 577 1384 630 homo
1406 577 1546 631 inde
1578 594 1866 643 reversus,
1893 582 1977 631 at-

329 686 443 739 que
472 669 633 723 omni
669 684 736 721 ex
769 672 933 736 parte
977 666 1196 720 auxilio
1228 666 1567 731 destitutus,
1594 666 1663 720 de
1687 683 1833 720 vana
1852 683 1973 737 spe,

330 775 507 831 quam
533 759 593 811 in
614 756 856 826 perﬁdis
875 755 1189 826 etingratis
1209 755 1413 809 amicis
1432 756 1553 809 suis
1567 755 1976 822 collocarat,es

328 848 401 902 de
428 846 741 901 inutilibus
758 844 1079 909 loboribus,
1104 860 1252 913 quos
1275 860 1379 913 pro
1405 860 1508 898 suo
1533 861 1669 916 erga
1691 861 1787 898 eos
1808 862 1973 898 amo-

326 953 391 990 re
422 938 785 1004 susceperat,
821 932 1082 1001 seipsum
1139 930 1500 1001 deplorabat.
1537 933 1733 1003 Pergit
1776 939 1973 986 autem

327 1027 504 1079 etiam
537 1022 609 1077 ad
635 1023 873 1076 tertium
906 1020 1185 1085 amicum,
1212 1037 1388 1090 quem
1416 1037 1524 1074 nec
1556 1021 1676 1074 ullo
1710 1037 1973 1090 unquam

326 1114 457 1168 loco
480 1112 786 1177 habuerat,
806 1126 915 1163 nec
939 1109 1157 1162 laetitia:
1184 1125 1301 1162 sum
1323 1110 1546 1163 socium
1569 1110 1976 1164 asciverat.At-

328 1219 441 1273 que
487 1201 561 1255 ad
603 1216 734 1254 eum
769 1196 1111 1269 pudibundo
1154 1203 1211 1251 et
1254 1198 1314 1250 in
1344 1204 1559 1252 terram
1591 1199 1818 1269 dejecto
1849 1198 1963 1251 vul-

327 1298 389 1345 tn
422 1291 514 1344 his
544 1289 734 1343 verbis
762 1304 903 1341 usus
927 1293 1049 1340 est:
1088 1286 1191 1339 Vix
1224 1287 1366 1339 mihi
1400 1288 1473 1341 ad
1497 1293 1552 1341 te
1582 1287 1863 1357 loquendi
1886 1288 1972 1341 fa—

329 1380 610 1435 cultatem
640 1396 705 1432 os
734 1376 1023 1431 concedit.
1073 1376 1303 1429 Etenim
1360 1376 1510 1430 illud
1563 1377 1973 1446 perspectissi-

329 1485 494 1524 mum
524 1467 733 1532 habeo,
758 1483 852 1518 me
874 1480 1182 1534 nunquam
1209 1464 1310 1517 tibi
1334 1464 1587 1535 benigne
1606 1464 1836 1532 fecisse,
1864 1481 1974 1518 nec

330 1558 521 1613 amico
552 1572 687 1627 erga
709 1561 763 1608 te
787 1555 983 1608 animo
1007 1554 1525 1619 fuisse.Caaterum,
1544 1554 1823 1623 quoniam
1848 1569 1973 1624 gra-

328 1646 570 1700 vissima
592 1643 926 1698 calamitate
948 1658 1265 1712 oppressus
1293 1642 1352 1695 in
1377 1643 1622 1712 reliquis
1655 1644 1803 1696 meis
1830 1643 1970 1697 ami-

332 1736 415 1789 cis
447 1734 675 1788 nullam
698 1732 905 1786 salutis
930 1747 1095 1801 spem
1118 1731 1340 1793 inveni,
1366 1732 1439 1785 ad
1462 1737 1517 1786 te
1539 1731 1775 1794 accedo,
1796 1738 1971 1800 teque

330 1841 470 1893 rogo
490 1830 665 1893 atque
680 1822 946 1887 obsecro,
962 1821 1089 1875 utsi
1115 1821 1382 1891 exiguam
1398 1821 1658 1889 aliquam
1674 1837 1840 1890 opem
1870 1822 1973 1874 mi-

331 1914 391 1970 hi
415 1914 623 1967 afferre
648 1926 849 1980 queas,
880 1925 953 1963 ne
975 1910 1054 1975 id,
1082 1909 1527 1980 ingratitudinis
1560 1925 1704 1963 meae
1726 1926 1973 1979 memor,

330 2002 522 2055 facere
539 2015 796 2054 recuses.
822 1998 926 2051 llle
942 2004 1138 2052 autem
1163 1998 1337 2051 hilari
1357 2004 1413 2050 et
1435 2014 1664 2051 amoeno
1686 1998 1848 2051 vultu
1871 1998 1972 2052 ait:

334 2091 484 2144 Sane
499 2087 972 2142 sincerissimum
988 2088 1244 2140 amicum
1259 2103 1457 2139 meum
1477 2093 1531 2140 te
1554 2104 1682 2141 esse
1700 2088 1981 2156 profiteor

334 2185 510 2248 atque
529 2177 751 2246 exiguae
766 2174 925 2228 illius
941 2181 1054 2227 tuae
1073 2190 1209 2245 erga
1221 2191 1313 2227 me
1333 2174 1739 2229 beneﬁcentia:
1753 2191 1982 2229 memor

333 2282 467 2321 eam
482 2265 585 2319 tibi
605 2263 891 2317 hodierno
906 2262 1000 2317 die
1018 2279 1152 2316 cum
1168 2262 1370 2317 fenore
1385 2264 1981 2333 rependam.Quocir-

336 2372 405 2410 ca
434 2370 508 2407 ne
538 2358 768 2407 metuas
791 2368 857 2405 ac
888 2352 1291 2422 pertimescas.
1317 2354 1458 2406 Nam
1483 2369 1586 2424 ego
1610 2359 1745 2407 ante
1769 2360 1823 2407 te
1845 2370 1980 2423 pro-

336 2442 588 2509 ficiscar,
620 2456 936 2509 regemque
969 2446 1066 2493 tuo
1114 2440 1355 2494 nomine
1408 2440 1750 2506 obsecrabo,
1802 2457 1876 2494 ne
1926 2446 1982 2494 te

334 2531 593 2584 hostium
626 2528 902 2582 manibus
928 2526 1123 2582 dedat.
1151 2530 1338 2591 Quare
1366 2528 1458 2583 fac
1481 2529 1637 2584 bona
1657 2530 1855 2583 animo
1878 2530 1977 2595 sis,

333 2620 420 2673 vir
441 2618 826 2682 amicissime,
853 2622 1041 2670 necte
1072 2633 1322 2671 maerore
1359 2619 1676 2673 excrucies.
1711 2620 1853 2672 Tum
1882 2618 1981 2673 ille

333 2708 787 2779 compunctione
814 2707 1081 2773 affectus,
1117 2712 1173 2760 et
1196 2707 1472 2778 lacrymis
1500 2707 1791 2777 perfusus,
1824 2708 1984 2761 dice-

332 2798 615 2851 batzlleu
639 2814 733 2850 me
756 2797 1066 2862 miserum,
1119 2795 1406 2865 quidnam
1437 2797 1602 2866 prius
1644 2796 1875 2850 deﬂebo
1918 2813 1984 2850 ac

2086 485 2298 559 ἀγάπης
2329 487 2550 557 ὑπέστη.
3705 548 3708 552 ,

2158 578 2311 631 116
2366 578 2686 653 Ἀπέρχεται
2746 578 2937 634 λοιπὸν
2988 580 3125 654 πρὸς
3179 580 3269 634 τὸν
3319 582 3500 655 τρίτον
3554 584 3701 659 φίλον

2086 663 2273 733 αὐτοῦ,
2306 665 2362 719 ὃν
2394 665 2654 722 οὐδέποτε
2710 667 3078 741 ἐθεράπευσεν,
3140 668 3263 723 οὐδέ
3316 671 3570 724 κοινωνὸν
3614 680 3705 740 τῆς

2086 755 2274 808 ἑαυτοῦ
2328 754 2653 828 εὐφροσύνης
2705 758 3139 829 προσεκαλέσατο
3173 777 3185 789 ⁸
3244 758 3331 812 καὶ
3393 780 3522 828 φησι
3578 761 3702 834 πρὸς

2082 844 2242 898 αὐτὸν
2301 845 2743 919 κατῃσχυμμένιρ
2796 868 2855 900 τε
2909 848 2997 900 καὶ
3047 852 3383 925 κατηφιῶντι
3421 853 3500 918 τῷ
3546 869 3702 923 προσ-

2083 936 2240 1005 ώπῳ·
2302 935 2419 990 Οὐκ
2469 932 2582 1008 ἔχω
2642 935 2814 1008 στόμα
2880 933 3058 1009 διᾶραι
3116 937 3250 1009 πρὸς
3302 937 3379 1003 σὲ,
3438 936 3699 1011 γινώσκων

2082 1018 2323 1095 ἀκριϐῶς
2352 1021 2434 1076 ὅτι
2469 1022 2529 1076 οὐ
2590 1023 2861 1095 μέμνησαί
2919 1046 3021 1097 μου
3079 1026 3301 1079 πώποτε
3332 1026 3704 1099 εὐεργετήσαν-

2079 1110 2172 1171 τός
2198 1131 2275 1179 σε,
2305 1109 2333 1178 ἢ
2366 1108 2687 1185 προσφιλῶς
2719 1108 3045 1173 διατεθέντος
3077 1134 3183 1179 σοι,
3216 1110 3375 1167 Ἀλλ’
3420 1112 3532 1166 ἐπεὶ
3580 1134 3707 1184 συμ-

2081 1197 2221 1271 φορά
2257 1219 2323 1270 με
2377 1194 2645 1253 κατέλαϐε
2704 1198 3098 1272 χαλεπωτάτη,
3158 1197 3457 1272 οὐδαμόθεν
3516 1197 3570 1255 δέ
3610 1206 3707 1255 τῶν

2081 1285 2290 1341 λοιπῶν
2324 1307 2427 1358 μου
2459 1285 2635 1363 φίλων
2686 1288 2838 1359 εὗρον
2873 1290 3146 1363 σωτηρίας
3178 1287 3395 1357 ἐλπίδα,
3428 1290 3707 1363 παρεγενό-

2084 1397 2190 1447 μην
2237 1376 2371 1450 πρὸς
2421 1376 2497 1445 σὲ,
2549 1374 2837 1446 δυσωπῶν,
2887 1376 2936 1432 εἷ’
2983 1374 3093 1432 ἔστι
3145 1399 3228 1432 σοι
3281 1377 3475 1451 ἰσχὺς,
3530 1377 3707 1452 μικράν

2077 1485 2194 1517 τινα
2230 1466 2483 1539 βοήθειαν
2533 1471 2836 1541 παρασχεῖν
2874 1487 2990 1539 μοι.
3025 1468 3114 1535 Μὴ
3177 1466 3267 1520 οὖν
3328 1466 3707 1542 ἀπαγορεύσῃς,

2085 1554 2315 1625 μηνίσας
2364 1558 2475 1626 (66)
2542 1575 2644 1625 μου
2700 1562 2799 1624 τῆς
2859 1555 3269 1628 ἀγνωμοσύνης.
3333 1556 3395 1612 Ὀ
3452 1552 3508 1609 δέ
3563 1576 3708 1631 φησιν

2079 1641 2257 1716 ἱλαρῴ
2304 1643 2392 1696 καὶ
2443 1642 2687 1716 χαρίεντι
2732 1645 3011 1718 προσώπῳ
3045 1661 3057 1674 ·
3092 1645 3195 1699 Ναὶ
3251 1641 3318 1712 δὴ
3383 1643 3539 1720 φίλον
3595 1642 3709 1714 ἐμὸν

2078 1731 2447 1803 γνησιώτατον
2482 1730 2742 1805 ὁμολογῶ
2774 1753 2830 1785 σε
2880 1732 3165 1806 ὑπάρχειν·
3225 1731 3342 1803 καὶ,
3385 1738 3484 1800 τῆς
3536 1734 3711 1805 μικρᾶς

2082 1818 2289 1888 ἐκείνης
2321 1820 2665 1891 μεμνημένος
2692 1840 2787 1874 σου
2820 1820 3082 1891 εὐποιίας,
3136 1820 3226 1875 σὺν
3279 1821 3432 1892 τόκῳ
3488 1822 3705 1894 σήμερον

2086 1904 2356 1961 ἀποδώσω
2415 1928 2519 1966 σοι.
2579 1909 2667 1975 Μὴ
2727 1904 2903 1973 φοϐοῦ
2960 1909 3159 1977 τοίνυν,
3204 1906 3350 1981 μηδὲ
3381 1906 3564 1962 δέδιθι⁸
3613 1906 3707 1981 ἐγώ

2089 2018 2183 2051 σου
2233 1997 2335 2071 γὰρ
2384 1997 2855 2072 προπορεύσομαι,
2917 1998 3021 2071 ἐγὼ
3077 1995 3390 2067 δυσωπήσω
3449 1998 3574 2071 ὑπὲρ
3626 1999 3709 2049 σοῦ

2086 2087 2179 2140 τὸν
2213 2084 2457 2161 βασιλέα,
2489 2088 2578 2140 καὶ
2610 2086 2671 2141 οὐ
2720 2089 2794 2159 μή
2827 2085 3054 2162 παραδῶ
3086 2108 3141 2141 σε
3170 2086 3247 2148 εἷς
3280 2093 3474 2163 χεῖρας
3519 2085 3710 2161 ἐχθρῶν

2090 2195 2205 2231 σου.
2252 2176 2442 2249 Θάρσει
2494 2178 2612 2241 οὖν,
2646 2176 3096 2253 προσφιλέστατε,
3132 2176 3221 2229 καὶ
3254 2178 3333 2246 μὴ
3370 2173 3562 2230 λυποῦ.
3591 2173 3711 2229 Τότε

2089 2264 2403 2337 κατανυγεὶς
2461 2263 2665 2326 ἐκεῖνος
2731 2260 2882 2340 ἔλεγε
2937 2267 3071 2337 μετᾶ
3129 2262 3403 2340 δακρύων·
3437 2261 3597 2335 Οῗμοι
3630 2259 3711 2317 Ιτί

2089 2357 2305 2425 πρῶτον
2363 2354 2641 2428 θρηνήσω,
2702 2354 2791 2408 καὶ
2848 2354 2899 2408 τί
2939 2354 3246 2426 κλαύσομαι
3311 2359 3573 2428 πρῷτονς
3626 2357 3709 2418 τῆς

2096 2441 2328 2513 ματπίας
2391 2462 2494 2512 μου
2557 2441 2972 2516 καταγνώσομαι
3053 2443 3424 2515 προσπαθείας
3481 2441 3552 2503 είς
3604 2437 3712 2499 τοὺς

2092 2530 2418 2601 ἀμνήμονας
2458 2529 2546 2584 γαὶ
2596 2531 2923 2605 ἀχαρίστους
2982 2530 3067 2585 καὶ
3128 2529 3348 2604 ψευδεῖς
3379 2530 3567 2607 φίλους
3595 2526 3710 2582 ἐκεί-

2091 2637 2265 2686 νους;
2320 2619 2355 2687 ἢ
2408 2620 2509 2687 τὴν
2566 2614 2910 2694 φρενοϐλαϐἦ
2969 2619 3241 2674 ταλανίσω
3281 2623 3437 2676 117
3487 2619 3712 2693 ἀγνωμο-

2094 2706 2275 2773 σύνην,
2307 2706 2479 2781 ἥνπερ
2508 2712 2588 2779 τῷ
2619 2707 2816 2776 ἀληθεῖ
2840 2708 3016 2780 τούτῳ
3037 2708 3125 2761 καὶ
3147 2706 3363 2781 γνησίῳ
3393 2703 3708 2775 ἐνεδειξάμην

2095 2794 2239 2873 φίλῳ
2273 2816 2285 2865 ;

336 2887 673 2944 lamentabo
697 2887 723 2941 ?
757 2890 1051 2941 Vanamne
1076 2902 1267 2939 meam
1291 2886 1351 2938 in
1374 2886 1753 2940 immemores
1778 2892 1834 2939 et
1856 2887 2115 2957 ingratos
2164 2887 2343 2941 falsos
2367 2888 2500 2941 illos
2552 2889 2773 2942 amicos
2796 2888 3266 2942 benevolentiam
3288 2881 3715 2943 condemnabo?

336 2996 411 3035 an
447 2979 638 3049 potius
661 2976 932 3030 insanam
955 2992 1085 3029 eam
1114 2975 1627 3046 ingratitudinem.
1662 2992 1779 3045 qua
1803 2975 1861 3027 in
1895 2982 2051 3029 hunc
2079 2992 2279 3029 verum
2313 2981 2370 3030 et
2392 2976 2688 3030 sincerum
2712 2978 2967 3031 amicum
2991 2994 3133 3031 usus
3178 2993 3338 3043 sum,
3362 2969 3716 3031 insectabor?

405 3066 891 3136 Josaphatautem
920 3065 1075 3118 hunc
1090 3080 1424 3118 sermonem
1442 3081 1559 3118 non
1579 3064 1703 3117 sine
1726 3064 1983 3117 admirao
2016 3066 2058 3131 ρ

335 3157 496 3211 tione
510 3153 996 3224 suscipiens,ejus
1010 3152 1460 3222 explicationem
1474 3151 1996 3221 requirebat.Dixit

340 3247 544 3315 itaque
568 3243 837 3298 Barlaam
861 3258 873 3294 ε
894 3242 1125 3295 Primus
1140 3242 1386 3306 amicus,
1412 3257 1589 3311 Opum
1610 3241 1777 3311 copia
1803 3246 1909 3307 est,
1937 3247 1994 3294 et

338 3334 677 3388 divitiarum
696 3330 960 3397 amor,ob
977 3345 1154 3398 quem
1169 3330 1344 3382 homo
1364 3329 1424 3381 in
1441 3334 1717 3383 sexcenta
1731 3328 1993 3398 pericula

340 3421 549 3475 incidit
562 3436 626 3473 ac
648 3418 865 3473 multas
880 3433 1059 3471 {erum
1068 3433 1173 3471 nas
1186 3417 1577 3487 perfert.Cum
1590 3421 1787 3471 autem
1801 3422 1989 3471 extre-

339 3527 472 3566 mus
502 3510 632 3563 vitae
657 3509 783 3563 dies
805 3510 1043 3562 clausus
1069 3513 1176 3575 est,
1217 3525 1285 3561 ex
1309 3507 1427 3560 illis
1451 3507 1727 3561 omnibus
1758 3507 1989 3577 opibus,

340 3604 557 3672 praeter
580 3598 822 3652 inutiles
848 3597 1134 3667 quosdam
1148 3597 1504 3667 pannos,qui
1529 3596 1603 3650 ad
1622 3596 1798 3650 funus
1821 3596 1989 3650 adhi-

340 3689 558 3744 bentur
586 3688 737 3743 nihil
751 3687 994 3741 omnino
1010 3702 1204 3741 secum
1222 3686 1453 3755 accipit.
1481 3685 1785 3739 Secundus
1801 3690 1993 3739 autem

344 3780 570 3833 amicus
602 3794 749 3831 uxor
766 3792 832 3830 ac
858 3775 1026 3829 liberi
1051 3780 1206 3838 sunt,
1234 3774 1549 3843 caaterique
1581 3774 1813 3845 cognati
1833 3772 1994 3827 etfa—

343 3868 892 3935 miliares,quorum
911 3864 1222 3917 affectione
1239 3880 1304 3916 ac
1325 3863 1737 3917 benevolentia
1749 3862 1992 3915 constri-

343 3956 419 4011 cti
440 3959 806 4019 tenemur,ut
821 3953 892 4005 ab
909 3952 980 4004 iis
1006 3951 1203 4004 divelli
1222 3951 1313 4003 vix
1336 3967 1642 4019 queamus,
1667 3967 1731 4003 ac
1750 3968 1867 4020 pra:
1892 3965 1993 4003 eo-

344 4060 478 4097 rum
497 4060 698 4098 amore
723 4056 936 4111 corpus
961 4040 1138 4093 etiam
1160 4044 1216 4092 et
1237 4040 1495 4093 animam
1520 4044 1781 4091 nostram
1810 4037 1991 4108 negli-

346 4149 574 4204 gamus.
604 4133 683 4183 Ex
707 4130 849 4199 ipsis
872 4145 1045 4199 porro
1062 4144 1236 4182 nemo
1260 4128 1322 4181 in
1342 4128 1551 4181 mortis
1565 4126 1993 4181 horautilitatis

349 4219 574 4290 aliquid
616 4218 886 4289 percipit,
935 4217 1050 4271 nisi
1099 4217 1255 4287 quod
1304 4217 1376 4271 ad
1429 4216 1766 4287 sepulcrum
1807 4231 1993 4284 usque

352 4310 639 4364 duntaxat
665 4306 911 4361 cadaver
940 4306 1317 4372 comitantur,
1352 4322 1418 4360 ac
1449 4306 1719 4377 protinus
1750 4304 1993 4359 domum

346 4396 620 4462 reversis,
646 4396 769 4450 suis
791 4395 949 4449 curis
970 4411 1035 4448 ac
1058 4395 1310 4466 negotiis
1336 4411 1576 4464 operam
1601 4394 1995 4463 dant,memo-

343 4488 497 4541 riam
523 4485 781 4555 ejus,qui
803 4483 1059 4554 quodam
1082 4484 1226 4553 ipsis
1252 4483 1465 4537 charus
1488 4489 1633 4547 erat,
1654 4499 1772 4535 non
1798 4482 1995 4535 minus

351 4574 659 4641 oblivioni,
692 4589 868 4643 quam
901 4589 1114 4643 corpus
1146 4571 1416 4641 sepulcro
1466 4571 1892 4639 relinquentes.
1923 4573 1998 4621 At

342 4680 482 4718 vero
509 4662 717 4717 tertius
731 4662 976 4727 amicus,
999 4661 1097 4729 qui
1122 4658 1488 4728 contemptui
1504 4675 1569 4713 ac
1590 4657 1826 4712 fastidio
1850 4662 1994 4723 erat,

346 4755 636 4825 cujusque
651 4752 878 4807 aditum
892 4751 1204 4803 horremus
1220 4751 1550 4802 etaversam
1560 4763 1629 4799 ur
1640 4746 1996 4815 optimorum

349 4858 595 4914 operum
614 4841 831 4894 chorus
846 4842 933 4891 est
952 4838 1062 4890 hoc
1079 4842 1181 4899 est,
1194 4834 1995 4905 fides,spes,cliaritas,mise-

350 4924 1387 4997 ricordia,benignitas,reliquusque
1409 4922 1688 4977 virtutum
1702 4927 1884 4977 castus
1898 4924 1999 4992 qui

358 5016 602 5088 quidem
625 5020 760 5068 ante
794 5030 922 5077 nos,
950 5028 1083 5065 cum
1111 5028 1139 5064 e
1167 5026 1411 5079 corpore
1437 5010 1794 5079 excedimus,
1828 5012 2002 5081 proli-

2168 3064 2229 3117 Ὁ
2262 3061 2318 3116 δέ
2365 3065 2619 3139 Ἰωάσαφ,
2679 3064 2764 3118 καὶ
2809 3069 3003 3118 τοῦτον
3064 3064 3199 3136 μετά
3254 3064 3528 3136 θαύματος
3584 3057 3711 3127 δεξά-

2104 3171 2263 3222 μενος
2293 3151 2384 3205 τὸν
2444 3150 2630 3227 λόγον,
2688 3154 2784 3220 τήν
2841 3156 3129 3228 σαφήνειαν
3189 3152 3394 3222 ἐζήτει,
3450 3150 3541 3205 Καὶ
3571 3167 3706 3223 φησιν

2102 3241 2129 3292 6
2160 3238 2435 3313 βαρλαάμ·
2468 3242 2527 3297 Ὁ
2582 3244 2804 3313 πρῶτος
2860 3240 3019 3316 φίλος
3077 3239 3137 3295 ἂν
3169 3239 3250 3310 εἴη
3277 3243 3316 3309 ἡ
3348 3245 3443 3295 τοῦ
3498 3235 3706 3293 πλούτου

2100 3329 2387 3403 περιουσία
2435 3328 2523 3383 καὶ
2584 3330 2610 3382 6
2666 3332 2766 3393 τῆς
2821 3329 3269 3403 φιλοχρηματίας
3338 3329 3496 3405 ἔρως,
3552 3327 3624 3402 ἐφ’
3673 3323 3711 3393 ᾦ

2105 3418 2311 3489 μυρίεις
2344 3418 2370 3470 ὁ
2412 3418 2693 3489 ἅνθρωπος
2724 3416 3034 3492 περιπίπτει
3083 3414 3377 3488 κινδύνοις,
3410 3418 3493 3471 καὶ
3526 3410 3713 3470 πολλὰς

2105 3503 2360 3577 ὑπομένει
2410 3505 2809 3576 ταΛαιπωρίαςο
2840 3504 3105 3575 ἐλθούσης
3156 3503 3213 3559 δὲ
3270 3513 3378 3575 τῆς
3433 3498 3714 3558 τελευταίας

2098 3600 2195 3648 τοῦ
2247 3596 2471 3649 θανάτου
2512 3596 2845 3670 προθεσμίας
2905 3592 3056 3650 οὐδὲν
3114 3594 3174 3649 ἐκ
3229 3596 3448 3649 πάντων
3506 3590 3715 3654 ἐκείνων,

2101 3681 2153 3736 εἷ’
2206 3685 2279 3755 μή
2349 3684 2414 3738 τὰ
2472 3685 2607 3758 πρὸς
2664 3681 2882 3753 κηδείαν
2943 3684 3179 3752 ἀνόνητα
3237 3682 3421 3759 ῥάκια,
3453 3674 3715 3753 λαμϐάνει.

2103 3771 2358 3846 Δεύτερος
2420 3771 2476 3826 δὲ
2507 3771 2671 3849 φίλος
2725 3771 2987 3842 κέκληται
3018 3774 3149 3846 γυνή
3210 3792 3268 3826 τε
3328 3772 3417 3827 καὶ
3445 3770 3613 3832 τέκνα,
3640 3762 3713 3818 καὶ

2103 3861 2153 3913 οἱ
2186 3859 2372 3914 λοιποὶ
2405 3866 2678 3936 συγγενεῖς
2721 3882 2779 3915 τε
2807 3861 2896 3914 καὶ
2925 3860 3139 3928 οἰκεῖοι,
3174 3861 3249 3913 ὧν
3295 3864 3369 3933 τῇ
3414 3850 3720 3934 προσπαθεῖᾳ

2100 3947 2502 4021 κεκοΛλτ,μ.ἐνοι
2565 3946 2995 4002 δυσαποπάστως
3028 3942 3253 4022 ἔχομεν,
3305 3948 3471 4016 αὐτῆς
3498 3952 3589 4013 τῆς
3633 3944 3717 4010 ψυ-

2100 4045 2201 4105 κῆς
2232 4038 2319 4092 καὶ
2369 4042 2465 4091 τοῦ
2524 4038 2778 4109 σώματος
2834 4034 3009 4091 ἕνεκεν
3066 4043 3168 4104 τῆς
3229 4035 3407 4091 αὐτῶν
3441 4033 3719 4105 ὑπερορῶν-

2100 4147 2185 4187 τες
2242 4126 2452 4201 ἀγάπης
2488 4144 2501 4155 ⁸
2564 4124 2825 4198 οὐδεμιᾶς
2912 4122 2968 4179 δέ
3022 4145 3103 4186 τις
3153 4125 3201 4197 ἐξ
3261 4126 3436 4179 αὐτῶν
3491 4122 3717 4176 ἀπώνατο

2102 4212 2365 4291 ὠφελείας
2390 4218 2457 4287 τῇ
2518 4213 2633 4287 ὥρᾳ
2679 4218 2775 4267 τοῦ
2834 4212 3080 4267 θανάτου·
3144 4211 3269 4268 ἀλλ’
3378 4213 3538 4285 μόνον
3573 4207 3717 4279 μέχρι

2100 4306 2195 4356 τοῦ
2229 4304 2514 4375 μνήματος
2558 4299 2932 4356 συνοδεύουσιν
2992 4302 3138 4373 αὐτῷ
3192 4302 3574 4375 παρεπόμενοι,
3618 4291 3716 4357 εἶτ’,

2103 4389 2256 4453 εὐθὺς
2287 4389 2797 4467 ἐπαναστραφέντες,
2848 4393 2957 4443 τῶν
3014 4386 3169 4443 ἰδίων
3214 4388 3433 4463 ἔχονται
3467 4382 3717 4460 μεριμνῶν

2103 4480 2191 4532 καὶ
2223 4464 2613 4554 περιστάσεων,
2644 4479 2741 4532 οὑκ
2798 4473 3019 4533 ἔλαττον
3072 4477 3218 4552 λήθῃ
3266 4479 3367 4546 τήν
3431 4464 3714 4549 μνήμηηῆ

2102 4568 2164 4621 τὸ
2196 4571 2355 4639 σῶμα
2382 4571 2478 4620 τοῦ
2507 4587 2639 4621 ποτε
2693 4564 3032 4642 προσφιλοῦς
3084 4564 3422 4639 καλύψαντες
3475 4564 3638 4634 τάφῳ.
3667 4555 3714 4605 Ὅ

2106 4653 2150 4710 δ’
2184 4656 2247 4709 αὖ
2289 4655 2472 4730 τρίτος
2528 4653 2689 4731 φίλος
2739 4655 2767 4709 6
2820 4641 3244 4729 παρεωραμένος
3294 4653 3383 4708 καὶ
3439 4641 3713 4729 φορτικὸςδ

2110 4746 2186 4816 μή
2236 4745 2515 4819 προσιτὸς,
2574 4743 2719 4798 ἀλλὰ
2768 4744 2991 4820 φευκτὸς
3043 4743 3134 4796 καὶ
3183 4743 3292 4796 οἷον
3351 4737 3711 4811 ἀποτρόπαιος,

2109 4832 2137 4884 ὁ
2161 4835 2268 4886 τῶν
2302 4832 2534 4906 ἀρίστων
2569 4828 2737 4905 ἔργων
2767 4830 2937 4903 χορὸς
2994 4830 3341 4899 καθέστηκεν,
3375 4827 3484 4881 οἷον
3538 4824 3711 4881 πίστις,

2108 4918 2289 4987 ἐλπὶς,
2322 4918 2523 4994 ἀγάπη,
2554 4917 2893 4989 ἐλεημοσύνη
2932 4959 2945 4983 ,
2970 4915 3348 4993 φιλανθρωπία
3383 4959 3395 4983 ,
3426 4914 3511 4968 καὶ
3552 4912 3579 4964 ὁ
3614 4908 3714 4962 λοι·

2109 5011 2210 5069 πὸς
2259 5012 2366 5061 τῶν
2426 5009 2627 5082 ἀρετῶν
2684 5005 2901 5078 ὅμιλος,
2934 5003 3274 5077 ὀδυνάμενος
3319 4995 3713 5079 προπορεύεσθαι

426 5168 538 5235 (65)
573 5168 640 5230 Α,
670 5162 939 5235 ἀνοήτωνῗ
974 5164 1107 5233 Pag.
1143 5165 1231 5227 22,
1264 5164 1316 5235 {15,
1350 5162 1462 5235 fuit
1494 5162 1654 5233 prius
1682 5159 1985 5235 ἀνόητοςίῐ

2098 5179 2112 5235 5
2148 5162 2271 5235 sed,
2297 5162 2525 5235 inserto
2570 5160 2761 5235 altero
2770 5175 2903 5235 py,
2921 5163 3010 5212 est
3039 5175 3195 5235 nunc
3227 5156 3470 5235 ἀνόητος.
3504 5152 3601 5235 Illa
3627 5142 3712 5235 ad:

348 5221 566 5310 jectiv'a
587 5221 832 5310 confusa
862 5221 1314 5310 fuissevostendi
1345 5239 1383 5289 t.
1579 5237 1700 5310 45}.
1738 5221 1887 5310 Vide.
1909 5234 1982 5285 L0

2098 5221 2268 5310 Κ·ρᾶ
2297 5232 2421 5310 haec
2565 5232 2671 5283 757
2699 5246 2711 5283 :
2743 5221 2947 5310 ςΓὰἶγαρ
2979 5230 3217 5310 περισσά,
3236 5221 3497 5310 κάκύνηῖα
3520 5221 3714 5310 σώιμάξα

355 5247 566 5310 ]Θοῐινδ.
587 5247 832 5290 contusa
862 5247 1044 5287 misse
1077 5247 1308 5287 ostendi
1345 5247 1383 5289 ι.
1416 5247 1453 5287 Ι.
1488 5251 1543 5304 p.
1579 5247 1700 5287 451.
1743 5247 1875 5287 Viae
1909 5247 2157 5287 LODBCK.
2193 5247 2264 5286 au
2297 5247 2421 5285 nam
2453 5247 2543 5300 Α).
2577 5247 2669 5283 Iol
2699 5247 2711 5283 :
2751 5247 2817 5281 ια
2845 5247 2957 5353 γαέ
2979 5248 3205 5300 περισσά
3236 5247 3497 5291 κακονητα
3520 5247 3714 5301 σωμυξνω

355 5310 575 5362 Ιιίπτειν
613 5305 850 5379 βαρείαις
877 5302 1012 5379 προς
1046 5307 1177 5365 θεῶν
1213 5300 1558 5379 δυσπραξίαις
1583 5306 1829 5379 ςἘιφασχ,
1868 5303 1894 5356 6
1930 5301 2312 5379 pivrt:,_8otic
2348 5302 2639 5379 dvppmnpq
2682 5299 2846 5379 ,φύσιν
2879 5306 2921 5353 Β
2964 5298 3371 5379 αστιὶένηέπειτα
3406 5292 3714 5379 μηκατί

356 5391 573 5457 θρωπον
597 5363 812 5457 φρονεῖ.
961 5363 1143 5457 ferme
1176 5363 1552 5457 prietullerimr
1573 5363 1985 5457 ἀνύᾖταξψρξορι

2100 5363 2328 5457 ultima,
2359 5363 2581 5457 μὴ’κατ’
2614 5363 2892 5457 ἄγθρωπον
2918 5373 3126 5457 φρονεῖ.
3160 5375 3346 5457 Αιςιιξθ
3376 5363 3563 5457 statim
3592 5363 3716 5457 Agna:

354 5434 513 5510 ἄνους
536 5434 828 5535 ’κάφ’ρόνως
860 5434 1231 5535 ἀμειψάιιεχδς
1281 5447 1604 5518 εὑρίσκεται.
1638 5434 1956 5535 Νὲςίδὲξιίεξ
1984 5476 1985 5488 ι

2096 5445 2290 5527 imode
2316 5434 2324 5439 ⁷
2347 5434 2579 5532 ἆνᾶητος
2627 5434 2787 5526 Ajax'
2803 5434 3116 5507 diceretur,
3150 5434 3359 5513 qui'de
3390 5434 3591 5493 Graecis
3616 5435 3722 5482 tam

357 5514 1101 5598 egregie_t_‘uerat_meritus_§.
1137 5519 1299 5598 Conf:
1333 5514 1464 5575 etv.
1500 5521 1653 5585 1239,
1683 5517 1785 5598 ubi
1818 5516 1869 5568 oi
1895 5514 1982 5587 εόρ

2096 5535 2184 5569 ιτοι
2217 5517 2387 5592 φῶτες
2418 5521 2475 5571 et
2517 5514 2568 5567 οἱ
2596 5516 2911 5590 φρονοῦντες
2941 5519 3352 5585 opponuntur.

430 5589 539 5674 (66)
573 5594 780 5653 Glossa
810 5593 872 5648 in
902 5592 949 5647 Α
983 5609 997 5648 :
1032 5589 1355 5668 Ὀργισθεὶς,
1389 5590 1820 5665 μνησικακήσας.
