3994 6150
305 337 406 392 981

1490 338 1665 390 VlTA
1699 335 2050 388 BARLAAM
2088 335 2180 389 ΕΤ
2213 338 2551 392 ΙΟΔΒΔΡΗ.

3593 334 3702 388 982

307 460 472 530 ἡμῶν
503 455 874 533 ἐξερχομένων
905 459 1000 511 τοῦ
1030 457 1303 528 σώματος,
1339 449 1473 529 ὑπὲρ
1503 457 1662 526 ἡμῶν
1705 475 1764 508 τε
1813 452 1939 508 δυσο

2055 455 2216 519 cisci,
2249 473 2316 512 ac
2347 464 2550 514 nostra
2577 475 2755 515 causa
2816 461 2995 516 Deum
3044 458 3319 530 precibus
3369 458 3698 524 inﬂectere,

310 556 529 617 ωπῆσαι
558 547 648 602 τὸν
683 547 903 622 Κύριον,
934 547 1023 600 καὶ
1079 550 1185 599 τῶν
1247 543 1458 618 ἐχθρῶν
1513 545 1661 615 ἡμᾶς
1713 542 1947 615 λυτρού-

310 658 475 710 μενος
504 635 593 690 καὶ
626 633 813 690 δεινῶν
874 634 1220 713 φοροΛὸγων,
1280 637 1384 686 τῶν
1446 631 1762 706 λογοθέσιον
1814 635 1949 704 ἡμῖν

306 728 500 800 πικρὸν
533 725 584 780 ἐν
615 729 693 795 τῷ
746 723 860 798 ἀέρι
908 722 1223 793 κινούντων,
1282 722 1372 777 καὶ
1432 722 1798 796 χειρώσασθαι
1857 742 1948 775 πι-

305 818 453 887 κρῶς
488 812 813 884 ζητούντων.
845 812 1016 874 Οὗτός
1078 811 1216 866 ἐστιν
1251 812 1279 864 ὁ
1308 811 1602 885 εὐγνώμων
1652 809 1812 886 φίλος
1857 811 1947 864 καὶ

308 903 534 978 ἀγαθὸς,
566 905 593 958 ὁ
619 906 767 960 IIS
799 903 887 957 καὶ
917 903 1018 969 τὴν
1065 903 1258 975 μικρὰν
1307 903 1466 973 ἡμῶν
1520 901 1816 976 εὐπραγίαν
1859 899 1946 954 ἐπὶ

312 993 540 1065 μνήμης
571 993 746 1069 φέρων
778 991 868 1046 καὶ
900 990 991 1044 σὺν
1021 989 1167 1061 τόκῳ
1196 992 1332 1064 ἡμῖν
1363 995 1532 1044 πᾶσαν
1565 986 1881 1050 ἀποδιδούς.

382 1173 543 1227 ΚΕΦ.
581 1170 676 1227 ΙΔ’.
737 1167 900 1231 Αὖθις
959 1167 1048 1224 οὖν
1083 1170 1110 1224 ὁ
1143 1167 1399 1245 Ἰωάσαφ,
1456 1166 1532 1224 Εὖ
1590 1188 1673 1222 σοι
1731 1167 1945 1241 γένοιτο

309 1259 458 1334 παρὰ
486 1258 683 1332 Κυρίου
711 1261 808 1312 τοῦ
840 1263 995 1326 Θεοῦ,
1029 1255 1072 1312 ὦ
1130 1259 1407 1332 σοφώτατε
1450 1261 1558 1312 τῶν
1605 1257 1901 1330 ἀνθρώπων
1930 1259 1943 1314 ί

308 1344 576 1425 εὔφρανας
607 1348 711 1422 γὰρ
749 1369 852 1418 μου
881 1349 979 1415 τήν
1011 1347 1196 1421 ψυχὴν
1251 1351 1370 1409 τοῖς
1421 1342 1800 1414 καταλλήλοις
1849 1365 1944 1398 σου

305 1436 396 1490 καὶ
429 1436 670 1507 ἀρίστοις
699 1434 926 1510 ῥήμασι.
959 1438 1260 1510 Τοιγαροῦν
1312 1433 1659 1489 ἀνατύπωσόν
1711 1454 1807 1506 μοι
1854 1431 1945 1486 καὶ

307 1518 386 1578 ἔτι
421 1521 603 1578 εἷκόνα
625 1530 726 1592 τῆς
762 1523 1123 1595 ματαιότητος
1151 1527 1246 1578 τοῦ
1297 1522 1528 1594 κόσμου,
1587 1521 1676 1576 καὶ
1721 1526 1834 1584 πῶς
1886 1520 1944 1576 ἄν

304 1634 389 1674 τις
423 1611 476 1667 έν
509 1610 700 1686 είρτίνῃ
731 1611 821 1666 καὶ
852 1609 1120 1690 ἀσφαλείᾳ
1138 1616 1328 1667 τοῦτον
1359 1609 1586 1668 διέλθοι.

382 1783 697 1845 Ἀναλαϐὼν
727 1785 785 1843 δὲ
813 1789 906 1843 τὸν
938 1788 1098 1864 λόγον
1135 1790 1161 1843 ὁ
1194 1789 1460 1864 Βαρλαᾶμ
1499 1785 1627 1863 ἔφη⁶
1673 1793 1940 1844 ’Ἄκουσον

306 1878 399 1932 καὶ
424 1875 618 1932 τούτου
648 1875 714 1946 δὴ
737 1882 834 1932 τοῦ
863 1874 1081 1953 προϐλή
1094 1898 1258 1951 ματος
1291 1877 1576 1950 ὁμοίωσιν.
1609 1875 1776 1931 Πόλιν
1824 1877 1945 1930 τινὰ

306 1965 597 2039 μεμάθηκα
632 1966 899 2041 μεγάλην,
927 1970 994 2036 ἧς
1027 1968 1077 2022 οἱ
1133 1966 1358 2022 πολῖται
1403 1967 1658 2035 τοιαύτην
1713 1965 1946 2036 ἐσχήκε-

305 2077 401 2111 σαν
458 2053 688 2113 ἔκπαλαι
746 2059 1050 2127 συνήθειαν,
1122 2057 1186 2112 τὸ
1259 2053 1716 2130 ἐπιλαμϐάνεσθαι
1794 2056 1941 2129 ξένου

303 2145 452 2207 τινὸς
480 2146 571 2200 καὶ
603 2147 886 2221 ἀγνώστου
933 2144 1149 2220 ἀνδρὸς,
1211 2143 1379 2218 μηδὲν
1435 2150 1542 2200 τῶν
1602 2145 1784 2217 νόμων
1841 2153 1942 2214 τῆς

305 2233 523 2297 πόλεως
555 2236 639 2290 καὶ
673 2233 1021 2310 παραδόσεωθ
1054 2235 1201 2296 ὅλως
1256 2235 1634 2307 ἐπισταμένου,
1678 2235 1769 2289 καὶ
1813 2239 1943 2289 τοῦ-

301 2345 392 2378 τον
453 2323 680 2398 βασιλέα
733 2329 986 2395 καθιστᾷν
1040 2326 1274 2390 ἑαυτοῖς,
1332 2325 1509 2395 πάσης
1596 2323 1942 2380 ἀπολαύοντα

304 2415 548 2487 ἐξουσίας
576 2415 664 2470 καὶ
694 2420 802 2471 τῶν
852 2415 1015 2470 αὐτοῦ
1073 2415 1398 2488 θελημάτων
1457 2414 1759 2477 ἀκωλύτως
1811 2415 1942 2490 ἐχό-

307 2525 490 2576 μενον,
527 2507 658 2580 ἄχρι
692 2502 1143 2578 συμπληρώσεως
1174 2504 1500 2560 ἐνιαυσιαίου
1531 2507 1757 2579 χρόνου.
1805 2505 1937 2572 Εἶτ’,

304 2591 556 2670 ἐξαίφνης
618 2595 670 2649 ἐν
730 2595 874 2667 πάσῃ
931 2595 1098 2649 αὐτοῦ
1171 2599 1538 2670 τυγχάνοντος
1617 2593 1938 2666 ἀμεριμνίᾳ,

305 2683 618 2759 τρυφῶντός
647 2704 704 2738 τε
731 2684 822 2738 καὶ
856 2682 1236 2756 σπατναλῶντος
1267 2681 1461 2752 ἀδεῶς,
1515 2683 1603 2737 καὶ
1651 2680 1937 2736 συνδιαιω-

303 2772 470 2840 νίζειν
494 2773 638 2844 αύτῷ
664 2776 760 2842 τήν
813 2773 1087 2849 βασιλείαν
1142 2775 1307 2830 εἰσαεὶ
1359 2773 1666 2843 δοκοῦντος,
1726 2773 1938 2848 ἐπεγει-

305 2861 531 2937 ρόμενοι
561 2867 675 2919 κατ’
730 2866 914 2936 αὐτοῦ,
963 2866 1051 2921 καὶ
1106 2868 1205 2934 τήν
1257 2867 1546 2942 βασιλικήν
1606 2865 1937 2942 ἀφελόμενοι

306 2952 532 3024 στολὴν,
565 2955 769 3028 γυμνόν
827 2977 886 3010 τε
942 2956 1040 3010 ἀνά
1095 2962 1264 3010 πᾶσαν
1326 2950 1779 3028 θριαμϐεύσαντες
1836 2956 1935 3023 τὴν

299 3040 492 3109 πόλιν,
523 3042 793 3117 ἐξόριστον
854 3043 1098 3117 ἔπεμπον
1147 3047 1223 3107 εἷς
1285 3046 1490 3119 μακρὰν
1548 3046 1937 3117 ἀπῳκισμένην

301 3131 388 3184 καὶ
428 3131 668 3206 μεγάλην
699 3133 820 3188 τινὰ
848 3141 1030 3204 νῆσον,
1083 3134 1134 3190 ἐν
1184 3136 1240 3206 ᾗ,
1303 3137 1441 3207 μήτε
1499 3132 1794 3210 διατροφῆς
1844 3133 1934 3187 εύ-

2055 551 2235 614 etque
2256 546 2327 601 ab
2351 547 2622 603 hostibus
2644 549 2865 603 nostris
2887 554 2945 603 et
2964 547 3276 602 horrendis
3300 546 3693 601 exactoribus.

2057 633 2154 702 qui
2185 634 2256 688 de
2279 636 2606 691 referendis
2627 638 2954 692 rationibus
2975 637 3246 692 acerbam
3279 635 3452 689 nobis
3475 637 3533 687 in
3561 651 3695 688 aere

2055 723 2221 778 litem
2257 732 2510 784 movent.
2543 743 2610 781 ac
2641 726 2960 781 crudeliter
2998 743 3107 780 nos
3138 725 3397 795 arripere
3446 727 3695 779 conten-

2057 811 2225 877 dunt,
2258 814 2512 869 liberare
2542 821 2754 885 potest.
2787 816 2890 870 Hic
2947 816 3229 869 nimirum
3261 819 3351 868 est
3406 813 3693 868 candidus

2055 901 2158 956 ille
2207 919 2273 957 ac
2325 904 2547 973 probus
2578 909 2636 958 et
2663 910 2862 976 gratus
2920 905 3160 971 amicus,
3222 903 3320 974 qui
3366 902 3695 973 quamlibet

2058 990 2234 1045 etiam
2266 991 2538 1063 exiguum
2570 992 2787 1048 bonum
2822 999 3092 1048 nostrum
3122 1009 3269 1063 opus
3290 993 3578 1048 memoria
3607 997 3695 1046 te-

2056 1085 2177 1146 net,
2211 1098 2278 1135 ac
2307 1097 2442 1135 cum
2471 1081 2676 1137 fenore
2707 1083 2878 1137 nobis
2909 1082 3058 1137 illud
3079 1081 3369 1153 rependit.

2128 1172 2260 1226 GAP.
2296 1171 2436 1225 XIV.
2468 1202 2536 1212 —
2565 1175 2820 1228 Rursum
2847 1174 3022 1245 igitur
3048 1173 3326 1243 Josaphat
3355 1172 3538 1226 dixit:
3574 1173 3695 1227 Uti-

2054 1275 2192 1314 nam
2217 1260 2319 1314 tibi
2342 1277 2376 1314 a
2406 1261 2654 1315 Domino
2679 1263 2795 1316 Deo
2817 1267 2911 1316 tuo
2932 1261 3332 1316 omniafausta
3357 1265 3416 1314 et
3428 1260 3696 1332 jucunda

2055 1349 2194 1416 sint,
2251 1349 2559 1404 hominum
2609 1351 3065 1422 sapientissime.
3117 1349 3420 1420 Siquidem
3452 1349 3694 1420 optimis

2055 1438 2170 1492 tuis
2208 1440 2476 1510 aptisque
2509 1441 2884 1495 sermonibus
2913 1439 3199 1495 'animum
3233 1455 3430 1494 meum
3463 1438 3694 1493 exhila-

2053 1528 2215 1582 rasti.
2245 1529 2526 1592 Quocirca
2553 1530 2828 1585 vanitatis
2851 1530 3028 1600 hujus
3050 1529 3255 1583 mundi
3284 1545 3518 1583 rursum
3541 1529 3693 1583 ima-

2051 1617 2248 1687 ginem
2278 1617 2425 1672 mihi
2457 1620 2741 1689 exprime,
2770 1624 2829 1673 et
2858 1635 2974 1690 qua
3001 1618 3229 1673 ratione
3253 1619 3404 1673 hanc
3424 1617 3600 1672 vitam
3627 1618 3688 1673 in

2051 1720 2195 1774 pace
2226 1721 2293 1758 ac
2323 1705 2635 1760 securitate
2666 1722 2976 1777 peragrare
3007 1721 3241 1775 queam.

2123 1794 2434 1864 Excipiens
2465 1794 2643 1865 igitur
2693 1811 3030 1850 sermonem
3087 1794 3377 1860 Barlaam,
3409 1794 3527 1849 ait:
3567 1795 3687 1848 Hu-

2045 1881 2216 1952 jusce
2247 1899 2481 1952 quoque
2514 1884 2856 1953 quaestionis
2906 1883 3356 1938 similitudinem
3389 1882 3546 1938 audi.
3583 1883 3688 1936 Ur-

2051 1971 2186 2024 bem
2219 1972 2536 2041 quamdam
2566 1989 2838 2045 magnam
2889 1973 3182 2028 exstitisse
3213 1972 3434 2042 accepi,
3467 1971 3529 2026 in
3573 1987 3691 2041 qua

2052 2060 2206 2114 cives
2237 2060 2346 2114 hoc
2377 2062 2438 2114 in
2471 2077 2634 2114 more
2675 2066 2850 2131 atque
2901 2062 3169 2115 instituto
3201 2061 3458 2132 positum
3509 2059 3688 2113 habe-

2051 2147 2213 2212 bant,
2248 2155 2312 2202 ut
2333 2150 2710 2220 peregrinum
2745 2149 3061 2218 quemdam
3096 2155 3152 2202 et
3179 2150 3444 2220 ignotum
3473 2148 3686 2213 virum,

2051 2253 2118 2292 ac
2147 2237 2338 2308 legum
2373 2243 2431 2292 et
2466 2237 2964 2292 consuetudinum
3014 2237 3265 2292 civitatis
3313 2237 3555 2291 omnino
3587 2251 3690 2290 ru-

2050 2325 2183 2380 dem
2215 2332 2272 2379 et
2301 2327 2570 2398 ignarum
2602 2328 2958 2398 acciperent,
2992 2343 3244 2396 eumque
3277 2326 3388 2380 sibi
3420 2325 3564 2397 ipsis
3595 2341 3690 2379 re-

2049 2430 2178 2482 gem
2201 2415 2650 2482 constituerent,
2675 2431 2858 2485 penes
2881 2431 3054 2485 quem
3079 2431 3185 2485 per
3201 2415 3376 2469 unius
3399 2414 3538 2469 anni
3560 2430 3691 2468 cur-

2047 2499 2303 2553 riculum
2334 2515 2531 2554 rerum
2564 2501 2830 2554 omnium
2862 2506 3120 2570 potestas
3143 2505 3317 2564 esset,
3357 2498 3579 2569 quique
3612 2499 3686 2552 li-

2049 2587 2187 2641 bere
2214 2592 2272 2642 et
2300 2588 2428 2642 sine
2455 2587 2576 2641 ullo
2609 2588 3034 2659 impedimento
3066 2587 3353 2657 quidquid
3380 2586 3576 2652 vellet,
3597 2587 3688 2640 fa-

2048 2683 2226 2733 ceret.
2261 2680 2400 2732 Post
2428 2684 2648 2744 autem,
2678 2677 2817 2732 dum
2849 2678 2950 2731 ille
2973 2677 3133 2732 omni
3156 2693 3398 2747 prorsus
3429 2692 3570 2731 cura
3593 2693 3687 2731 va-

2048 2784 2192 2821 cuus
2223 2767 2481 2838 degeret,
2509 2773 2684 2836 atque
2717 2768 2778 2820 in
2810 2767 2952 2820 luxu
3009 2772 3067 2821 et
3122 2766 3351 2821 deliciis
3404 2765 3529 2820 sine
3560 2764 3684 2820 ullo

2047 2861 2208 2911 metu
2239 2862 2589 2924 versaretur,
2641 2862 3112 2927 perpetuumque
3139 2855 3251 2910 sibi
3286 2871 3532 2927 regnum
3562 2854 3686 2910 fore

2048 2945 2428 3011 existimaret,
2456 2951 2698 3016 repente
2719 2945 2999 3000 adversus
3021 2962 3156 3000 eum
3179 2945 3572 3016 insurgentes,
3592 2961 3689 2999 re-

2045 3035 2320 3106 giamque
2380 3035 2491 3104 ipsi
2548 3039 2767 3089 vestem
2799 3034 3196 3100 detrahentes,
3231 3050 3297 3088 ac
3328 3034 3554 3087 nudum
3585 3049 3690 3104 per

2049 3129 2233 3178 totam
2267 3123 2475 3178 urbem
2517 3128 2798 3193 tanquam
2842 3124 2901 3176 in
2933 3123 3302 3194 triumphum
3334 3127 3591 3193 agentes,
3624 3122 3687 3176 in

302 3191 681 3292 nopdiv.pvﬁ:ce
737 3191 1069 3294 ἐνδυμάτων,
1124 3191 1382 3294 ἐνηλιμῷ
1459 3223 1546 3278 καὶ
1623 3191 1937 3296 Ιγι)⁶ρνότητι

2055 3227 2323 3283 magnam
2346 3211 2661 3282 quamdam
2681 3229 2748 3267 ac
2765 3212 2937 3283 longe
2958 3217 3245 3267 remotam
3272 3210 3529 3266 insulam
3553 3226 3687 3266 eum

306 3305 492 3368 δεινῶς
521 3310 906 3385 κατετρύχετο,
948 3318 1048 3380 τῆς
1096 3313 1221 3388 παρ’
1265 3309 1459 3366 ἐλπίδα
1505 3309 1750 3380 δοθείσης
1792 3310 1937 3381 αὐτῷ

302 3402 511 3472 τρυφῆς
539 3397 629 3451 καὶ
659 3397 930 3472 θυμηδίας
958 3400 1035 3464 είς
1090 3399 1268 3471 λύπην
1319 3398 1470 3464 αὖθις
1516 3399 1603 3455 καὶ
1659 3400 1786 3472 παρ’
1844 3398 1935 3454 ἐλ-

300 3481 434 3539 πίδα
462 3490 632 3541 πᾶσαν
663 3487 753 3542 καὶ
784 3486 1107 3564 προσδοκίαν
1143 3489 1618 3567 μεταμειφθείσης.

377 3843 524 3898 Κατὰ
549 3841 614 3896 τὸ
642 3843 1128 3919 παρακολουθῆσαν
1157 3845 1337 3902 τοίνυν
1371 3844 1492 3910 ἔθος
1538 3852 1644 3903 τῶν
1697 3847 1940 3904 πολιτῶν

307 3926 547 4000 ἐκείνων,
597 3934 985 4008 προεχειρίσθη
1042 3956 1126 3998 τις
1183 3935 1319 4009 ἀνὴρ
1371 3935 1447 4000 είς
1500 3939 1599 4006 τὴν
1663 3935 1938 4012 βασιλείαν

307 4021 459 4073 119
489 4019 692 4074 συνέσει
731 4020 920 4096 πολλῇ
976 4024 1066 4078 τὸν
1137 4023 1402 4098 λογισμὸν
1461 4024 1768 4098 κατάκομον
1830 4029 1940 4098 (67)

306 4103 476 4180 ἔχων,
508 4106 566 4169 ὅς
597 4107 784 4164 αὐτίκα
817 4113 892 4183 μὴ
945 4113 1332 4185 συναρπασθείς
1385 4117 1453 4186 τῇ
1503 4112 1751 4190 ἐξαίφνης
1798 4114 1943 4185 αὐτῷ

305 4196 684 4272 προσπεσούσῃ
725 4199 970 4270 εύθηνίᾳ,
1034 4197 1171 4272 μηδὲ
1224 4205 1332 4255 τῶν
1373 4196 1945 4276 προϐεϐασιλευκότων

304 4287 396 4340 καὶ
429 4284 634 4348 ἀθλίως
693 4281 1069 4356 ἐκϐληθέντων
1124 4290 1224 4357 τὴν
1282 4286 1606 4362 ἀμεριμνίαν
1667 4287 1942 4358 ζηλώσας,

307 4373 647 4448 ἐμμέριμνον
681 4375 798 4448 εἶχε
821 4375 910 4429 καὶ
968 4375 1254 4452 ἐναγώνιῡι
1310 4379 1408 4446 τὴν
1465 4379 1650 4453 ψυχὴν
1708 4383 1824 4439 πῶς
1884 4376 1943 4432 ἄν

304 4463 375 4518 τὰ
404 4464 521 4518 κατ’
550 4463 711 4518 αὐτὸν
741 4462 797 4518 εὖ
829 4462 1092 4520 διάθοιτο.
1125 4467 1206 4539 Τῇ
1239 4470 1414 4542 συχνῇ
1448 4463 1504 4520 δὲ
1538 4467 1738 4541 μελέτῃ
1794 4469 1947 4541 ἀκρι-

2041 3300 2402 3372 relegabant,
2436 3301 2498 3355 in
2527 3318 2643 3372 qua
2674 3318 2783 3356 nec
2813 3302 2966 3356 victu
2996 3318 3105 3356 nec
3149 3300 3515 3355 indumentis
3547 3316 3685 3372 sup-

2041 3389 2402 3460 petentibus.
2435 3389 2590 3444 fame
2622 3407 2689 3445 ac
2719 3390 2988 3446 nuditate
3019 3390 3351 3445 miserrime
3381 3389 3687 3461 premeba-

2043 3482 2158 3547 tur,
2190 3477 2487 3548 voluptate
2510 3478 2738 3533 scilicet
2767 3484 2942 3548 atque
2975 3479 3161 3533 animi
3201 3479 3516 3546 hilaritate,
3547 3495 3679 3549 quas

2041 3570 2258 3636 praeter
2281 3582 2445 3636 spem
2467 3567 2580 3637 ipsi
2602 3583 2884 3622 concessa
2897 3566 3112 3632 fuerat,
3135 3568 3194 3621 in
3212 3584 3525 3622 mmrorem
3548 3584 3683 3622 rur—

2046 3671 2146 3709 sus
2181 3660 2398 3725 praater
2428 3671 2596 3726 spem
2639 3661 2971 3724 omnem’et
3007 3656 3503 3726 expecta‘ttionem
3539 3672 3705 3711 com-

2043 3747 2287 3798 mutata.

2119 3833 2375 3905 Contigit
2400 3850 2536 3905 ergo
2559 3839 2624 3888 ut
2645 3851 2751 3905 pro
2774 3834 3020 3904 antiquo
3043 3832 3255 3888 civium
3275 3833 3514 3889 illorum
3538 3851 3702 3891 more

2048 3926 2224 3992 atque
2249 3920 2638 3986 instituto,vir
2659 3922 2902 3992 quidam
2927 3938 3140 3994 magno
3171 3922 3393 3993 ingenii
3423 3924 3698 3979 acumine

2049 4010 2332 4081 praeditus
2353 4011 2425 4064 ad
2449 4028 2696 4082 regnum
2719 4013 3130 4066 ascisceretur.
3155 4012 3261 4076 Qui
3285 4012 3481 4066 statim
3504 4012 3699 4067 subita

2051 4115 2119 4153 ea
2139 4099 2442 4163 felicitate,
2464 4116 2594 4170 quae
2615 4100 2726 4170 ipsi
2747 4101 3052 4171 obtigerat,
3069 4100 3223 4154 haud
3243 4116 3538 4170 quaquam
3554 4119 3700 4172 pras-

2049 4204 2188 4258 ceps
2220 4187 2521 4257 abreptus,
2546 4204 2655 4242 nec
2677 4205 2880 4242 eorum
2904 4190 3004 4258 qui
3028 4195 3162 4243 ante
3186 4206 3247 4243 se
3269 4190 3490 4260 regiam
3513 4190 3698 4262 digni-

2050 4282 2232 4332 tatem
2256 4278 2661 4342 obtinuerant,
2697 4278 3030 4349 misereque
3049 4280 3222 4350 ejecti
3253 4281 3507 4350 fuerant,
3528 4282 3698 4336 incu-

2051 4367 2202 4420 riam
2235 4366 2521 4433 imitatus,
2546 4367 2744 4421 animo
2767 4368 2940 4421 anxio
2959 4384 3026 4422 ac
3057 4368 3311 4424 sollicito
3336 4368 3394 4423 id
3417 4369 3693 4441 agitabat,

2055 4471 2315 4524 quonam
2348 4461 2519 4525 pacto
2548 4455 2726 4510 rebus
2751 4456 2872 4510 suis
2903 4457 3123 4527 optime
3154 4457 3511 4513 consuleret.
3545 4459 3696 4514 Dum

308 4547 650 4624 ϐωσάμενος,
712 4547 848 4628 ἔγνω
908 4549 998 4607 διά
1051 4575 1195 4616 τινος
1254 4552 1568 4632 σοφωτάτου
1629 4551 1940 4629 συμϐοὖλου

2056 4560 2190 4615 ergo
2209 4543 2414 4598 crebra
2435 4543 2818 4599 meditatione
2835 4545 2959 4600 haec
2979 4562 3178 4600 secum
3190 4551 3467 4614 versaret,
3486 4564 3591 4618 per
3612 4564 3699 4602 sa-

302 4643 406 4709 τήν
440 4642 723 4711 συνήθειαν
754 4645 863 4694 τῶν
894 4639 1160 4711 πολιτῶν,
1192 4643 1282 4697 καὶ
1337 4645 1427 4698 τὸν
1485 4645 1650 4699 τόπον
1707 4651 1806 4713 τῆς
1867 4643 1946 4699 δι-

303 4732 537 4799 ηνεκοῦς
563 4728 790 4803 ἐξορίας·
826 4730 975 4792 ’ὁπως
1031 4751 1089 4786 τε
1144 4733 1255 4806 χρή
1315 4729 1502 4786 ἐαυτὸν
1556 4732 1948 4810 ἀσφαλίσασθαι

305 4815 563 4880 ἀπλανῶς
595 4815 880 4892 ἐδιδάχθη.
916 4819 1079 4874 Ταῦτ’
1130 4817 1222 4872 οὗν
1262 4819 1336 4881 ὡς
1383 4819 1545 4894 ἐγνω,
1597 4821 1686 4876 καὶ
1727 4821 1808 4876 ὅτι
1868 4820 1950 4876 δεῖ

304 4905 467 4960 αὐτὸν
502 4905 628 4961 ὅσον
662 4903 816 4961 οὔπω
857 4905 1064 4977 ἐκείνην
1120 4904 1554 4981 καταλαμϐάνειν
1610 4911 1708 4978 τὴν
1755 4913 1946 4980 νῆσον,

303 4996 405 5062 τήν
467 4991 512 5048 δ’
560 4994 851 5065 ἐπίκτητον
905 4995 1105 5066 ταύτην
1161 4996 1250 5050 καὶ
1310 4995 1604 5071 ἀλλοτρίαν
1667 4998 1942 5073 βασιλείαν

303 5082 626 5156 ἀλλοτρίοις
691 5084 844 5148 αὗθις
888 5084 1340 5157 καταλιμπάνειν,
1398 5086 1607 5156 ἀνοίξας
1664 5086 1791 5152 τοὺς
1847 5099 1944 5158 θη-

2057 4632 2497 4704 pientissimum
2547 4634 2863 4702 quemdam
2895 4635 3302 4690 consiliarium
3329 4677 3342 4703 ,
3377 4635 3447 4690 de
3479 4636 3695 4690 civium

2059 4721 2488 4776 consuetudine
2510 4737 2578 4776 ac
2598 4723 2867 4793 perpetui
2891 4723 3082 4777 exsilii
3111 4723 3240 4778 loco
3259 4724 3475 4778 certior
3504 4723 3692 4778 factus

2059 4815 2167 4875 est,
2201 4826 2457 4880 quonam
2488 4816 2657 4880 pacto
2691 4812 2818 4865 sine
2841 4811 2962 4865 ullo
2981 4828 3178 4866 errore
3201 4812 3327 4883 ipse
3349 4810 3459 4865 sibi
3492 4827 3693 4866 cavere

2056 4897 2299 4951 deberet
2317 4896 2630 4953 intellexit.
2651 4899 2795 4952 Cum
2816 4899 2994 4969 igitur
3011 4901 3119 4954 hoc
3140 4899 3697 4971 cognovisset,futu-

2057 5001 2308 5055 rumque
2331 5002 2511 5056 prope
2527 4985 2683 5040 diem
2696 4992 2762 5040 ut
2781 4986 2853 5041 ad
2870 4987 3032 5042 illam
3048 4988 3305 5042 insulam
3322 4987 3696 5061 ablegaretur

2056 5079 2229 5143 atque
2256 5073 2486 5128 adventi
2497 5073 2639 5128 tium
2663 5074 2811 5129 illud
2833 5081 2892 5129 et
2909 5075 3170 5130 alienum
3184 5092 3433 5148 regnum
3447 5077 3579 5132 aliis
3600 5094 3693 5132 re-

381 5212 490 5281 (6'7)
522 5211 943 5265 Constantinus
976 5213 1121 5265 Man.
1157 5213 1370 5266 Chron.
1405 5229 1534 5284 pag,
1569 5215 1668 5267 109
1694 5231 1706 5268 :
1736 5213 1925 5286 χάρισι

381 5301 481 5343 μον
515 5277 778 5343 λογισμόν
798 5281 966 5336 dixit.
1000 5281 1180 5336 Isaac.
1215 5283 1652 5343 Porphyrogen.
1710 5289 1785 5339 De
1814 5300 1940 5343 brari

2059 5215 2284 5284 ἀκομος-
2319 5219 2443 5272 ιῐᾶῐῐι
2493 5223 2711 5273 noster.
2745 5234 2800 5288 ρ.
2835 5219 2923 5283 29,
2959 5219 3045 5272 18.
3091 5214 3163 5269 πά
3193 5277 3195 5282 η
3285 5217 3486 5271 συνέσει
3518 5219 3691 5272 κατά-

2055 5305 2111 5343 ι..
2146 5294 2382 5343 narrato
2406 5289 2652 5343 Achillis
2682 5305 2748 5343 ac
2781 5289 2991 5343 priami
3023 5289 3095 5343 de
3126 5237 3436 5343 vaxeuw
3467 5291 3690 5343 nuntiis

3173 5307 3268 5360 01y

303 5277 481 5406 3:0va
515 5277 778 5364 λογισμόν
798 5281 966 5361 (ἰίιίῒ,ἶ
1000 5281 1180 5362 Isaac.
1215 5277 1652 5364 Porph-yrogen.
1694 5277 1785 5370 pa
1813 5277 2111 5367 pragtermq
2146 5277 2382 5343 narrato
2406 5277 2991 5371 Achillis~ac'pria;mi
3023 5289 3095 5343 de
3126 5291 3166 5343 P

305 5371 375 5406 co
405 5352 626 5406 Ιοαιιιο.
655 5352 811 5406 quod
839 5351 1064 5406 Paridis
1090 5353 1337 5406 perfidia
1367 5361 1544 5406 ι-ιιοιῑ.
1578 5352 1834 5406 ἐντευθεν-
1869 5364 1953 5406 mi.
1982 5375 2038 5406 ι).
2070 5360 2194 5406 284-
2230 5354 2300 5406 δι’
2323 5356 2577 5406 ἀληθείας
2607 5379 2706 5406 της
2735 5379 2961 5406 ωονικτις
2990 5357 3156 5406 ταύτῃ

305 5371 375 5408 CO

3272 5306 3436 5344 xeme
3467 5291 3690 5346 nuntiis

3283 5359 3295 5377 ’

429 5351 626 5444 oqpig,
647 5352 811 5442 'quod
839 5351 1064 5444 Parisiis
1090 5351 1348 5442 perfidia
1367 5351 1546 5444 rupit,
1568 5351 1835 5444 εένξξξόθεν,
1865 5358 1940 5444 ail

2070 5360 2209 5444 2βξιν,κ
2227 5354 2300 5444 δι’
2323 5356 2577 5444 ἀληθείας
2607 5360 2716 5444 τῆς,
2735 5351 2973 5444 φονικῆς
2990 5357 3192 5444 ταύτης
3236 5351 3412 5444 αὐτων
3442 5351 3690 5415 στνίλεύ-

307 5442 446 5482 σεως

499 5418 527 5474 ὃ
558 5418 802 5502 ηρίᾶμος
828 5421 934 5502 “xui
963 5418 1072 5502 διὰ.
1090 5418 1273 5502 ’ταύτα
1298 5423 1326 5477 ὁ
1354 5418 1832 5502 γέρων-ὁμᾶθλιοςς
1862 5418 2025 5502 ἐντὸς·
2066 5418 2283 5502 εξσῇλθε
2336 5418 2502 5502 πάλιν
2556 5418 2882 5490 τοῦ’ἂ’στεως
2907 5418 2977 5502 τῇ
3011 5418 3157 5502 λυπῇ
3181 5418 3188 5420 ὴ
3215 5432 3546 5502 κατάκομος.
3583 5437 3687 5488 Pro

308 5466 671 5579 δξῖληθείάς
702 5466 800 5579 ’ἐξ
825 5489 1170 5579 διαληθείσας
1199 5495 1260 5549 in
1300 5466 1940 5579 νούᾶῗῗθίῖἵένᾞιῖἆθωδ

2066 5466 2283 5494 ῠ-υσιηνῠ
2345 5466 2500 5484 nunt?
2567 5466 2652 5483 υυυ
2682 5466 2880 5490 ιυιιυυη
2919 5466 2977 5502 υμ
3011 5466 3156 5502 nun.“
3217 5466 3546 5502 nununvpvs.
3583 5466 3685 5488 ιιυ

2055 5498 2472 5579 υθείστέςηῳιοά
2525 5507 2615 5556 est
2642 5503 2949 5579 sententiae
2999 5502 3392 5579 aptissimum,
3451 5504 3685 5579 faciam,

308 5564 712 5642 idque_facile.
747 5566 895 5642 Nam
919 5584 953 5627 η
989 5569 1046 5618 et
1073 5564 1818 5642 u_pe_rm1_1tatAiotacismus,
1854 5571 2010 5642 quod
2032 5571 2158 5640 jam
2190 5564 2385 5642 iuit-a
2412 5588 2506 5626 me
2557 5573 2880 5642 saepissime
2938 5564 3231 5626 monitum
3261 5580 3320 5628 et
3347 5564 3684 5627 terminatio

306 5655 407 5703 σης
441 5635 555 5716 alio
570 5635 714 5716 loco
733 5634 1000 5708 ejusdem
1029 5634 1246 5693 codicis
1277 5637 1422 5695 abiit
1443 5639 1506 5693 in
1535 5657 1650 5711 σας,
1673 5634 1929 5713 υὺὶ,’ρὶ·ο

2055 5657 2112 5696 1e
2140 5639 2296 5697 edito
2327 5634 2696 5714 πυρσωθείσῖις
2721 5659 2778 5715 p,
2803 5645 2926 5711 302,
2960 5643 3234 5699 librarius
3265 5643 3504 5716 scripsit
3529 5642 3685 5704 male

305 5705 706 5789 πυρσωθείσας.
