  <div class='ocr_page' id='page_1' title='image "/cluster/home/n/w/nwhite01/storage/ocr_20150623/96/mdp.39015008972211/507.png"; bbox 0 0 3994 6150; ppageno 0'>
   <div class='ocr_carea' id='block_1_1' title="bbox 360 246 470 305">
    <p class='ocr_par' dir='ltr' id='par_1_1' title="bbox 360 246 470 305">
     <span class='ocr_line' id='line_1_1' title="bbox 360 246 470 305; baseline 0 -4"><span class='ocrx_word' id='word_1_1' title='bbox 360 246 470 305; x_wconf 78' lang='grc'>083</span> 
     </span>
    </p>
   </div>
   <div class='ocr_carea' id='block_1_2' title="bbox 1887 257 2252 317">
    <p class='ocr_par' dir='ltr' id='par_1_2' title="bbox 1887 257 2252 317">
     <span class='ocr_line' id='line_1_2' title="bbox 1887 257 2252 317; baseline 0.025 -9"><span class='ocrx_word' id='word_1_2' title='bbox 1887 257 2252 317; x_wconf 76' lang='grc' dir='ltr'>ΔΒΒΕΝΒΔ.</span> 
     </span>
    </p>
   </div>
   <div class='ocr_carea' id='block_1_3' title="bbox 3654 267 3761 324">
    <p class='ocr_par' dir='ltr' id='par_1_3' title="bbox 3654 267 3761 324">
     <span class='ocr_line' id='line_1_3' title="bbox 3654 267 3761 324; baseline 0.019 -2"><span class='ocrx_word' id='word_1_3' title='bbox 3654 267 3761 324; x_wconf 68' lang='grc'>984</span> 
     </span>
    </p>
   </div>
   <div class='ocr_carea' id='block_1_4' title="bbox 374 370 2026 466">
    <p class='ocr_par' dir='ltr' id='par_1_4' title="bbox 374 370 2012 445">
     <span class='ocr_line' id='line_1_4' title="bbox 374 370 2012 445; baseline 0.005 -20"><span class='ocrx_word' id='word_1_4' title='bbox 374 371 699 441; x_wconf 85' lang='lat' dir='ltr'>linqueret,</span> <span class='ocrx_word' id='word_1_5' title='bbox 732 370 1041 442; x_wconf 82' lang='lat' dir='ltr'>patefactis</span> <span class='ocrx_word' id='word_1_6' title='bbox 1090 372 1382 428; x_wconf 81' lang='lat' dir='ltr'>thesauris</span> <span class='ocrx_word' id='word_1_7' title='bbox 1414 374 1556 443; x_wconf 86' lang='lat' dir='ltr'>suis,</span> <span class='ocrx_word' id='word_1_8' title='bbox 1592 393 1842 445; x_wconf 88' lang='lat' dir='ltr'>quorum</span> <span class='ocrx_word' id='word_1_9' title='bbox 1874 382 2012 434; x_wconf 89' lang='lat' dir='ltr'>tunc</span> 
     </span>
    </p>
   </div>
   <div class='ocr_carea' id='block_1_5' title="bbox 2135 370 3761 466">
    <p class='ocr_par' dir='ltr' id='par_1_5' title="bbox 2135 387 3761 466">
     <span class='ocr_line' id='line_1_5' title="bbox 2135 387 3761 466; baseline 0.006 -29"><span class='ocrx_word' id='word_1_10' title='bbox 2135 387 2358 455; x_wconf 69' lang='grc' dir='ltr'>ταυροὺς</span> <span class='ocrx_word' id='word_1_11' title='bbox 2389 389 2554 445; x_wconf 79' lang='grc' dir='ltr'>αὐτοῦ</span> <span class='ocrx_word' id='word_1_12' title='bbox 2580 392 2755 465; x_wconf 80' lang='grc' dir='ltr'>ὦνπερ</span> <span class='ocrx_word' id='word_1_13' title='bbox 2780 411 2916 453; x_wconf 87' lang='grc' dir='ltr'>τεως</span> <span class='ocrx_word' id='word_1_14' title='bbox 2973 392 3258 466; x_wconf 69' lang='grc' dir='ltr'>ἀνειμένην</span> <span class='ocrx_word' id='word_1_15' title='bbox 3310 390 3430 466; x_wconf 83' lang='grc' dir='ltr'>εἶχε</span> <span class='ocrx_word' id='word_1_16' title='bbox 3472 391 3563 445; x_wconf 87' lang='lat' dir='ltr'>xui</span> <span class='ocrx_word' id='word_1_17' title='bbox 3614 392 3761 446; x_wconf 84' lang='grc' dir='ltr'>ακώ-</span> 
     </span>
    </p>
   </div>
   <div class='ocr_carea' id='block_1_6' title="bbox 378 460 2013 538">
    <p class='ocr_par' dir='ltr' id='par_1_6' title="bbox 378 460 2013 538">
     <span class='ocr_line' id='line_1_6' title="bbox 378 460 2013 538; baseline 0.005 -24"><span class='ocrx_word' id='word_1_18' title='bbox 378 465 721 531; x_wconf 89' lang='lat' dir='ltr'>promptum</span> <span class='ocrx_word' id='word_1_19' title='bbox 742 476 809 515; x_wconf 90' lang='lat' dir='ltr'>ac</span> <span class='ocrx_word' id='word_1_20' title='bbox 827 460 1076 515; x_wconf 88' lang='lat' dir='ltr'>liberum</span> <span class='ocrx_word' id='word_1_21' title='bbox 1097 478 1271 517; x_wconf 89' lang='lat' dir='ltr'>usum</span> <span class='ocrx_word' id='word_1_22' title='bbox 1292 462 1818 536; x_wconf 83' lang='lat' dir='ltr'>habebat,aurique</span> <span class='ocrx_word' id='word_1_23' title='bbox 1838 472 2013 538; x_wconf 87' lang='lat' dir='ltr'>atque</span> 
     </span>
    </p>
   </div>
   <div class='ocr_carea' id='block_1_7' title="bbox 370 550 2015 626">
    <p class='ocr_par' dir='ltr' id='par_1_7' title="bbox 370 550 2015 626">
     <span class='ocr_line' id='line_1_7' title="bbox 370 550 2015 626; baseline 0.004 -22"><span class='ocrx_word' id='word_1_24' title='bbox 370 550 619 621; x_wconf 81' lang='lat' dir='ltr'>argenti,</span> <span class='ocrx_word' id='word_1_25' title='bbox 643 566 712 604; x_wconf 89' lang='lat' dir='ltr'>ac</span> <span class='ocrx_word' id='word_1_26' title='bbox 748 551 1143 621; x_wconf 90' lang='lat' dir='ltr'>pretiosorum</span> <span class='ocrx_word' id='word_1_27' title='bbox 1188 550 1453 622; x_wconf 85' lang='lat' dir='ltr'>lapidum</span> <span class='ocrx_word' id='word_1_28' title='bbox 1488 553 1710 626; x_wconf 75' lang='lat' dir='ltr'>ingenti</span> <span class='ocrx_word' id='word_1_29' title='bbox 1737 556 1893 610; x_wconf 89' lang='lat' dir='ltr'>mole</span> <span class='ocrx_word' id='word_1_30' title='bbox 1924 558 2015 612; x_wconf 80' lang='lat' dir='ltr'>fa-</span> 
     </span>
    </p>
   </div>
   <div class='ocr_carea' id='block_1_8' title="bbox 370 638 2017 710">
    <p class='ocr_par' dir='ltr' id='par_1_8' title="bbox 370 638 2017 710">
     <span class='ocr_line' id='line_1_8' title="bbox 370 638 2017 710; baseline 0.003 -17"><span class='ocrx_word' id='word_1_31' title='bbox 370 638 551 693; x_wconf 88' lang='lat' dir='ltr'>mulis</span> <span class='ocrx_word' id='word_1_32' title='bbox 574 639 952 708; x_wconf 87' lang='lat' dir='ltr'>quibusdam,</span> <span class='ocrx_word' id='word_1_33' title='bbox 976 657 1125 709; x_wconf 90' lang='lat' dir='ltr'>quos</span> <span class='ocrx_word' id='word_1_34' title='bbox 1158 640 1476 696; x_wconf 83' lang='lat' dir='ltr'>ﬁdissimos</span> <span class='ocrx_word' id='word_1_35' title='bbox 1499 642 1769 710; x_wconf 83' lang='lat' dir='ltr'>habebat,</span> <span class='ocrx_word' id='word_1_36' title='bbox 1803 644 2017 699; x_wconf 74' lang='lat' dir='ltr'>tradita</span> 
     </span>
    </p>
   </div>
   <div class='ocr_carea' id='block_1_9' title="bbox 370 726 2017 803">
    <p class='ocr_par' dir='ltr' id='par_1_9' title="bbox 370 726 2017 803">
     <span class='ocr_line' id='line_1_9' title="bbox 370 726 2017 803; baseline 0.003 -21"><span class='ocrx_word' id='word_1_37' title='bbox 370 726 444 782; x_wconf 85' lang='lat' dir='ltr'>ad</span> <span class='ocrx_word' id='word_1_38' title='bbox 477 743 605 782; x_wconf 90' lang='lat' dir='ltr'>eam</span> <span class='ocrx_word' id='word_1_39' title='bbox 637 728 894 781; x_wconf 89' lang='lat' dir='ltr'>insulam</span> <span class='ocrx_word' id='word_1_40' title='bbox 918 729 991 783; x_wconf 88' lang='lat' dir='ltr'>ad</span> <span class='ocrx_word' id='word_1_41' title='bbox 1012 745 1189 798; x_wconf 89' lang='lat' dir='ltr'>quam</span> <span class='ocrx_word' id='word_1_42' title='bbox 1213 729 1598 786; x_wconf 88' lang='lat' dir='ltr'>abducendus</span> <span class='ocrx_word' id='word_1_43' title='bbox 1623 739 1749 787; x_wconf 89' lang='lat' dir='ltr'>erat</span> <span class='ocrx_word' id='word_1_44' title='bbox 1778 733 2017 803; x_wconf 77' lang='lat' dir='ltr'>praemi-</span> 
     </span>
    </p>
   </div>
   <div class='ocr_carea' id='block_1_10' title="bbox 374 816 2015 891">
    <p class='ocr_par' dir='ltr' id='par_1_10' title="bbox 374 816 2015 891">
     <span class='ocr_line' id='line_1_10' title="bbox 374 816 2015 891; baseline 0.005 -23"><span class='ocrx_word' id='word_1_45' title='bbox 374 816 467 869; x_wconf 87' lang='lat' dir='ltr'>sit.</span> <span class='ocrx_word' id='word_1_46' title='bbox 491 817 762 870; x_wconf 85' lang='lat' dir='ltr'>Vertente</span> <span class='ocrx_word' id='word_1_47' title='bbox 785 823 982 871; x_wconf 88' lang='lat' dir='ltr'>autem</span> <span class='ocrx_word' id='word_1_48' title='bbox 1000 833 1158 871; x_wconf 86' lang='lat' dir='ltr'>anno</span> <span class='ocrx_word' id='word_1_49' title='bbox 1183 818 1359 887; x_wconf 87' lang='lat' dir='ltr'>cives,</span> <span class='ocrx_word' id='word_1_50' title='bbox 1383 826 1681 875; x_wconf 89' lang='lat' dir='ltr'>commota</span> <span class='ocrx_word' id='word_1_51' title='bbox 1701 821 2015 891; x_wconf 82' lang='lat' dir='ltr'>seditione,</span> 
     </span>
    </p>
   </div>
   <div class='ocr_carea' id='block_1_11' title="bbox 368 904 2016 982">
    <p class='ocr_par' dir='ltr' id='par_1_11' title="bbox 368 904 2016 982">
     <span class='ocr_line' id='line_1_11' title="bbox 368 904 2016 982; baseline 0.004 -23"><span class='ocrx_word' id='word_1_52' title='bbox 368 904 598 959; x_wconf 90' lang='lat' dir='ltr'>nudum</span> <span class='ocrx_word' id='word_1_53' title='bbox 629 921 786 973; x_wconf 91' lang='lat' dir='ltr'>eum,</span> <span class='ocrx_word' id='word_1_54' title='bbox 821 907 1323 975; x_wconf 86' lang='lat' dir='ltr'>quemadmodum</span> <span class='ocrx_word' id='word_1_55' title='bbox 1357 910 1691 980; x_wconf 87' lang='lat' dir='ltr'>superiores</span> <span class='ocrx_word' id='word_1_56' title='bbox 1724 927 1912 982; x_wconf 89' lang='lat' dir='ltr'>reges,</span> <span class='ocrx_word' id='word_1_57' title='bbox 1955 913 2016 966; x_wconf 92' lang='lat' dir='ltr'>in</span> 
     </span>
    </p>
   </div>
   <div class='ocr_carea' id='block_1_12' title="bbox 367 993 2019 1068">
    <p class='ocr_par' dir='ltr' id='par_1_12' title="bbox 367 993 2019 1068">
     <span class='ocr_line' id='line_1_12' title="bbox 367 993 2019 1068; baseline 0.003 -19"><span class='ocrx_word' id='word_1_58' title='bbox 367 993 641 1051; x_wconf 82' lang='lat' dir='ltr'>exsilium</span> <span class='ocrx_word' id='word_1_59' title='bbox 667 996 978 1049; x_wconf 86' lang='lat' dir='ltr'>miserunt.</span> <span class='ocrx_word' id='word_1_60' title='bbox 1013 998 1094 1049; x_wconf 90' lang='lat' dir='ltr'>Ac</span> <span class='ocrx_word' id='word_1_61' title='bbox 1127 998 1321 1052; x_wconf 62' lang='lat' dir='ltr'>casteri</span> <span class='ocrx_word' id='word_1_62' title='bbox 1354 998 1595 1068; x_wconf 87' lang='lat' dir='ltr'>quidem</span> <span class='ocrx_word' id='word_1_63' title='bbox 1637 1006 1925 1067; x_wconf 88' lang='lat' dir='ltr'>amentes,</span> <span class='ocrx_word' id='word_1_64' title='bbox 1962 1006 2019 1055; x_wconf 86' lang='lat' dir='ltr'>et</span> 
     </span>
    </p>
   </div>
   <div class='ocr_carea' id='block_1_13' title="bbox 366 1083 2012 1158">
    <p class='ocr_par' dir='ltr' id='par_1_13' title="bbox 366 1083 2012 1158">
     <span class='ocr_line' id='line_1_13' title="bbox 366 1083 2012 1158; baseline 0.004 -20"><span class='ocrx_word' id='word_1_65' title='bbox 366 1083 560 1138; x_wconf 82' lang='lat' dir='ltr'>brevis</span> <span class='ocrx_word' id='word_1_66' title='bbox 578 1085 862 1154; x_wconf 87' lang='lat' dir='ltr'>temporis</span> <span class='ocrx_word' id='word_1_67' title='bbox 886 1086 1426 1158; x_wconf 85' lang='lat' dir='ltr'>reges,gravissima</span> <span class='ocrx_word' id='word_1_68' title='bbox 1444 1087 1600 1142; x_wconf 85' lang='lat' dir='ltr'>fame</span> <span class='ocrx_word' id='word_1_69' title='bbox 1622 1088 1977 1144; x_wconf 85' lang='lat' dir='ltr'>laborabant</span> <span class='ocrx_word' id='word_1_70' title='bbox 1999 1106 2012 1144; x_wconf 90' lang='lat'><strong>:</strong></span> 
     </span>
    </p>
   </div>
   <div class='ocr_carea' id='block_1_14' title="bbox 369 1175 2018 1250">
    <p class='ocr_par' dir='ltr' id='par_1_14' title="bbox 369 1175 2018 1250">
     <span class='ocr_line' id='line_1_14' title="bbox 369 1175 2018 1250; baseline 0.004 -21"><span class='ocrx_word' id='word_1_71' title='bbox 369 1175 473 1229; x_wconf 89' lang='lat' dir='ltr'>ille</span> <span class='ocrx_word' id='word_1_72' title='bbox 500 1178 707 1229; x_wconf 90' lang='lat' dir='ltr'>contra</span> <span class='ocrx_word' id='word_1_73' title='bbox 739 1175 840 1245; x_wconf 90' lang='lat' dir='ltr'>qui</span> <span class='ocrx_word' id='word_1_74' title='bbox 875 1192 1016 1246; x_wconf 90' lang='lat' dir='ltr'>opes</span> <span class='ocrx_word' id='word_1_75' title='bbox 1051 1192 1187 1231; x_wconf 91' lang='lat' dir='ltr'>suas</span> <span class='ocrx_word' id='word_1_76' title='bbox 1218 1179 1604 1247; x_wconf 70' lang='lat' dir='ltr'>praemiserat,</span> <span class='ocrx_word' id='word_1_77' title='bbox 1638 1179 1699 1232; x_wconf 91' lang='lat' dir='ltr'>in</span> <span class='ocrx_word' id='word_1_78' title='bbox 1734 1186 2018 1250; x_wconf 89' lang='lat' dir='ltr'>perpetua</span> 
     </span>
    </p>
   </div>
   <div class='ocr_carea' id='block_1_15' title="bbox 366 1264 2015 1339">
    <p class='ocr_par' dir='ltr' id='par_1_15' title="bbox 366 1264 2015 1339">
     <span class='ocr_line' id='line_1_15' title="bbox 366 1264 2015 1339; baseline 0.002 -19"><span class='ocrx_word' id='word_1_79' title='bbox 366 1280 567 1320; x_wconf 90' lang='lat' dir='ltr'>rerum</span> <span class='ocrx_word' id='word_1_80' title='bbox 598 1264 770 1335; x_wconf 90' lang='lat' dir='ltr'>copia</span> <span class='ocrx_word' id='word_1_81' title='bbox 790 1264 966 1319; x_wconf 89' lang='lat' dir='ltr'>vitam</span> <span class='ocrx_word' id='word_1_82' title='bbox 992 1264 1235 1335; x_wconf 90' lang='lat' dir='ltr'>ducens,</span> <span class='ocrx_word' id='word_1_83' title='bbox 1270 1272 1445 1337; x_wconf 91' lang='lat' dir='ltr'>atque</span> <span class='ocrx_word' id='word_1_84' title='bbox 1467 1267 1702 1321; x_wconf 90' lang='lat' dir='ltr'>inﬁnita</span> <span class='ocrx_word' id='word_1_85' title='bbox 1717 1268 2015 1339; x_wconf 84' lang='lat' dir='ltr'>voluptate</span> 
     </span>
    </p>
   </div>
   <div class='ocr_carea' id='block_1_16' title="bbox 363 1354 2018 1423">
    <p class='ocr_par' dir='ltr' id='par_1_16' title="bbox 363 1354 2018 1423">
     <span class='ocr_line' id='line_1_16' title="bbox 363 1354 2018 1423; baseline 0.002 -15"><span class='ocrx_word' id='word_1_86' title='bbox 363 1354 588 1419; x_wconf 88' lang='lat' dir='ltr'>fruens,</span> <span class='ocrx_word' id='word_1_87' title='bbox 652 1354 1017 1423; x_wconf 78' lang='lat' dir='ltr'>perfidorum</span> <span class='ocrx_word' id='word_1_88' title='bbox 1049 1371 1116 1409; x_wconf 92' lang='lat' dir='ltr'>ac</span> <span class='ocrx_word' id='word_1_89' title='bbox 1182 1356 1539 1411; x_wconf 91' lang='lat' dir='ltr'>sceleratum</span> <span class='ocrx_word' id='word_1_90' title='bbox 1586 1357 1799 1411; x_wconf 84' lang='lat' dir='ltr'>civium</span> <span class='ocrx_word' id='word_1_91' title='bbox 1856 1363 2018 1411; x_wconf 89' lang='lat' dir='ltr'>metu</span> 
     </span>
    </p>
   </div>
   <div class='ocr_carea' id='block_1_17' title="bbox 366 1442 2017 1515">
    <p class='ocr_par' dir='ltr' id='par_1_17' title="bbox 366 1442 2017 1515">
     <span class='ocr_line' id='line_1_17' title="bbox 366 1442 2017 1515; baseline 0.002 -18"><span class='ocrx_word' id='word_1_92' title='bbox 366 1460 610 1515; x_wconf 86' lang='lat' dir='ltr'>prorsus</span> <span class='ocrx_word' id='word_1_93' title='bbox 641 1442 894 1513; x_wconf 82' lang='lat' dir='ltr'>abjecto,</span> <span class='ocrx_word' id='word_1_94' title='bbox 928 1444 1361 1514; x_wconf 86' lang='lat' dir='ltr'>sapientissimi</span> <span class='ocrx_word' id='word_1_95' title='bbox 1396 1445 1626 1501; x_wconf 86' lang='lat' dir='ltr'>consilii</span> <span class='ocrx_word' id='word_1_96' title='bbox 1660 1447 1749 1500; x_wconf 92' lang='lat' dir='ltr'>sui</span> <span class='ocrx_word' id='word_1_97' title='bbox 1779 1447 2017 1502; x_wconf 89' lang='lat' dir='ltr'>nomine</span> 
     </span>
    </p>
   </div>
   <div class='ocr_carea' id='block_1_18' title="bbox 371 1532 1107 1603">
    <p class='ocr_par' dir='ltr' id='par_1_18' title="bbox 371 1532 1107 1603">
     <span class='ocr_line' id='line_1_18' title="bbox 371 1532 1107 1603; baseline 0 -16"><span class='ocrx_word' id='word_1_98' title='bbox 371 1534 613 1587; x_wconf 89' lang='lat' dir='ltr'>beatum</span> <span class='ocrx_word' id='word_1_99' title='bbox 647 1548 707 1585; x_wconf 91' lang='lat' dir='ltr'>se</span> <span class='ocrx_word' id='word_1_100' title='bbox 729 1532 1107 1603; x_wconf 64' lang='lat' dir='ltr'>praedicabat.</span> 
     </span>
    </p>
   </div>
   <div class='ocr_carea' id='block_1_19' title="bbox 447 1622 2020 1698">
    <p class='ocr_par' dir='ltr' id='par_1_19' title="bbox 447 1622 2020 1698">
     <span class='ocr_line' id='line_1_19' title="bbox 447 1622 2020 1698; baseline 0.003 -22"><span class='ocrx_word' id='word_1_101' title='bbox 447 1622 549 1676; x_wconf 92' lang='lat' dir='ltr'>Hic</span> <span class='ocrx_word' id='word_1_102' title='bbox 570 1638 747 1692; x_wconf 91' lang='lat' dir='ltr'>porro</span> <span class='ocrx_word' id='word_1_103' title='bbox 769 1639 875 1693; x_wconf 90' lang='lat' dir='ltr'>per</span> <span class='ocrx_word' id='word_1_104' title='bbox 895 1623 1193 1678; x_wconf 85' lang='lat' dir='ltr'>civitatem</span> <span class='ocrx_word' id='word_1_105' title='bbox 1210 1640 1427 1680; x_wconf 85' lang='lat' dir='ltr'>vanum</span> <span class='ocrx_word' id='word_1_106' title='bbox 1457 1626 1615 1680; x_wconf 88' lang='lat' dir='ltr'>hunc</span> <span class='ocrx_word' id='word_1_107' title='bbox 1632 1626 2020 1698; x_wconf 25' lang='lat' dir='ltr'>atquebimpo-</span> 
     </span>
    </p>
   </div>
   <div class='ocr_carea' id='block_1_20' title="bbox 379 1711 2018 1786">
    <p class='ocr_par' dir='ltr' id='par_1_20' title="bbox 379 1711 2018 1786">
     <span class='ocr_line' id='line_1_20' title="bbox 379 1711 2018 1786; baseline 0.004 -21"><span class='ocrx_word' id='word_1_108' title='bbox 379 1717 600 1766; x_wconf 90' lang='lat' dir='ltr'>storem</span> <span class='ocrx_word' id='word_1_109' title='bbox 616 1711 901 1766; x_wconf 90' lang='lat' dir='ltr'>mundum</span> <span class='ocrx_word' id='word_1_110' title='bbox 919 1712 1324 1785; x_wconf 88' lang='lat' dir='ltr'>intellige.Per</span> <span class='ocrx_word' id='word_1_111' title='bbox 1337 1716 1488 1770; x_wconf 88' lang='lat' dir='ltr'>cives</span> <span class='ocrx_word' id='word_1_112' title='bbox 1504 1723 1699 1771; x_wconf 84' lang='lat' dir='ltr'>autem</span> <span class='ocrx_word' id='word_1_113' title='bbox 1720 1716 2018 1786; x_wconf 86' lang='lat' dir='ltr'>principa-</span> 
     </span>
    </p>
   </div>
   <div class='ocr_carea' id='block_1_21' title="bbox 377 1801 2025 1871">
    <p class='ocr_par' dir='ltr' id='par_1_21' title="bbox 377 1801 2025 1871">
     <span class='ocr_line' id='line_1_21' title="bbox 377 1801 2025 1871; baseline 0.002 -18"><span class='ocrx_word' id='word_1_114' title='bbox 377 1804 470 1855; x_wconf 86' lang='lat' dir='ltr'>tus</span> <span class='ocrx_word' id='word_1_115' title='bbox 494 1806 551 1854; x_wconf 89' lang='lat' dir='ltr'>et</span> <span class='ocrx_word' id='word_1_116' title='bbox 569 1806 886 1871; x_wconf 87' lang='lat' dir='ltr'>potestates</span> <span class='ocrx_word' id='word_1_117' title='bbox 904 1801 1337 1868; x_wconf 64' lang='lat' dir='ltr'>daamonum,ac</span> <span class='ocrx_word' id='word_1_118' title='bbox 1355 1804 1560 1858; x_wconf 90' lang='lat' dir='ltr'>mundi</span> <span class='ocrx_word' id='word_1_119' title='bbox 1585 1810 1842 1859; x_wconf 89' lang='lat' dir='ltr'>rectores</span> <span class='ocrx_word' id='word_1_120' title='bbox 1867 1810 2025 1858; x_wconf 88' lang='lat' dir='ltr'>tene-</span> 
     </span>
    </p>
   </div>
   <div class='ocr_carea' id='block_1_22' title="bbox 375 1888 2025 1964">
    <p class='ocr_par' dir='ltr' id='par_1_22' title="bbox 375 1888 2025 1964">
     <span class='ocr_line' id='line_1_22' title="bbox 375 1888 2025 1964; baseline 0.002 -21"><span class='ocrx_word' id='word_1_121' title='bbox 375 1888 616 1944; x_wconf 84' lang='lat' dir='ltr'>brarum</span> <span class='ocrx_word' id='word_1_122' title='bbox 640 1890 816 1961; x_wconf 83' lang='lat' dir='ltr'>hujus</span> <span class='ocrx_word' id='word_1_123' title='bbox 848 1891 1072 1958; x_wconf 61' lang='lat' dir='ltr'>saeculi,</span> <span class='ocrx_word' id='word_1_124' title='bbox 1094 1892 1193 1961; x_wconf 87' lang='lat' dir='ltr'>qui</span> <span class='ocrx_word' id='word_1_125' title='bbox 1218 1908 1326 1947; x_wconf 91' lang='lat' dir='ltr'>nos</span> <span class='ocrx_word' id='word_1_126' title='bbox 1352 1910 1458 1964; x_wconf 88' lang='lat' dir='ltr'>per</span> <span class='ocrx_word' id='word_1_127' title='bbox 1486 1892 1802 1963; x_wconf 84' lang='lat' dir='ltr'>voluptatis</span> <span class='ocrx_word' id='word_1_128' title='bbox 1827 1893 2025 1947; x_wconf 83' lang='lat' dir='ltr'>molli-</span> 
     </span>
    </p>
   </div>
   <div class='ocr_carea' id='block_1_23' title="bbox 371 1979 2029 2050">
    <p class='ocr_par' dir='ltr' id='par_1_23' title="bbox 371 1979 2029 2050">
     <span class='ocr_line' id='line_1_23' title="bbox 371 1979 2029 2050; baseline 0.002 -17"><span class='ocrx_word' id='word_1_129' title='bbox 371 1979 513 2033; x_wconf 89' lang='lat' dir='ltr'>tiem</span> <span class='ocrx_word' id='word_1_130' title='bbox 535 1979 1011 2050; x_wconf 87' lang='lat' dir='ltr'>inescant,atque</span> <span class='ocrx_word' id='word_1_131' title='bbox 1050 1981 1112 2034; x_wconf 92' lang='lat' dir='ltr'>in</span> <span class='ocrx_word' id='word_1_132' title='bbox 1146 1982 1414 2036; x_wconf 88' lang='lat' dir='ltr'>animum</span> <span class='ocrx_word' id='word_1_133' title='bbox 1438 1982 1611 2037; x_wconf 90' lang='lat' dir='ltr'>nobis</span> <span class='ocrx_word' id='word_1_134' title='bbox 1647 1983 1935 2036; x_wconf 88' lang='lat' dir='ltr'>inducunt</span> <span class='ocrx_word' id='word_1_135' title='bbox 1964 1986 2029 2036; x_wconf 81' lang='lat' dir='ltr'>ut</span> 
     </span>
    </p>
   </div>
   <div class='ocr_carea' id='block_1_24' title="bbox 387 2068 2027 2137">
    <p class='ocr_par' dir='ltr' id='par_1_24' title="bbox 387 2068 2027 2137">
     <span class='ocr_line' id='line_1_24' title="bbox 387 2068 2027 2137; baseline 0.002 -14"><span class='ocrx_word' id='word_1_136' title='bbox 387 2069 456 2123; x_wconf 85' lang='lat' dir='ltr'>de</span> <span class='ocrx_word' id='word_1_137' title='bbox 471 2068 648 2122; x_wconf 91' lang='lat' dir='ltr'>rebus</span> <span class='ocrx_word' id='word_1_138' title='bbox 662 2069 897 2123; x_wconf 83' lang='lat' dir='ltr'>caducis</span> <span class='ocrx_word' id='word_1_139' title='bbox 912 2070 1495 2137; x_wconf 87' lang='lat' dir='ltr'>ctinterituris,velut</span> <span class='ocrx_word' id='word_1_140' title='bbox 1509 2071 1579 2125; x_wconf 90' lang='lat' dir='ltr'>de</span> <span class='ocrx_word' id='word_1_141' title='bbox 1593 2070 2027 2126; x_wconf 85' lang='lat' dir='ltr'>immortalibus</span> 
     </span>
    </p>
   </div>
   <div class='ocr_carea' id='block_1_25' title="bbox 380 2156 2027 2228">
    <p class='ocr_par' dir='ltr' id='par_1_25' title="bbox 380 2156 2027 2228">
     <span class='ocr_line' id='line_1_25' title="bbox 380 2156 2027 2228; baseline 0.001 -17"><span class='ocrx_word' id='word_1_142' title='bbox 380 2156 723 2227; x_wconf 79' lang='lat' dir='ltr'>cogitemus,</span> <span class='ocrx_word' id='word_1_143' title='bbox 756 2162 1040 2228; x_wconf 85' lang='lat' dir='ltr'>tanquam</span> <span class='ocrx_word' id='word_1_144' title='bbox 1096 2158 1324 2212; x_wconf 87' lang='lat' dir='ltr'>scilicet</span> <span class='ocrx_word' id='word_1_145' title='bbox 1364 2175 1567 2213; x_wconf 91' lang='lat' dir='ltr'>earum</span> <span class='ocrx_word' id='word_1_146' title='bbox 1597 2159 1822 2214; x_wconf 87' lang='lat' dir='ltr'>fructus</span> <span class='ocrx_word' id='word_1_147' title='bbox 1858 2159 2027 2213; x_wconf 89' lang='lat' dir='ltr'>nobis</span> 
     </span>
    </p>
   </div>
   <div class='ocr_carea' id='block_1_26' title="bbox 380 2246 2029 2319">
    <p class='ocr_par' dir='ltr' id='par_1_26' title="bbox 380 2246 2029 2319">
     <span class='ocr_line' id='line_1_26' title="bbox 380 2246 2029 2319; baseline 0.003 -22"><span class='ocrx_word' id='word_1_148' title='bbox 380 2249 702 2315; x_wconf 90' lang='lat' dir='ltr'>perpetuus</span> <span class='ocrx_word' id='word_1_149' title='bbox 725 2261 791 2299; x_wconf 88' lang='lat' dir='ltr'>ac</span> <span class='ocrx_word' id='word_1_150' title='bbox 824 2247 1221 2315; x_wconf 88' lang='lat' dir='ltr'>sempiternus</span> <span class='ocrx_word' id='word_1_151' title='bbox 1236 2246 1472 2301; x_wconf 86' lang='lat' dir='ltr'>futurus</span> <span class='ocrx_word' id='word_1_152' title='bbox 1491 2247 1736 2302; x_wconf 91' lang='lat' dir='ltr'>sit.Cum</span> <span class='ocrx_word' id='word_1_153' title='bbox 1759 2248 1935 2319; x_wconf 89' lang='lat' dir='ltr'>igitur</span> <span class='ocrx_word' id='word_1_154' title='bbox 1955 2247 2029 2303; x_wconf 91' lang='lat' dir='ltr'>ad</span> 
     </span>
    </p>
   </div>
   <div class='ocr_carea' id='block_1_27' title="bbox 383 2331 2027 2408">
    <p class='ocr_par' dir='ltr' id='par_1_27' title="bbox 383 2331 2027 2408">
     <span class='ocr_line' id='line_1_27' title="bbox 383 2331 2027 2408; baseline 0.004 -22"><span class='ocrx_word' id='word_1_155' title='bbox 383 2331 543 2387; x_wconf 88' lang='lat' dir='ltr'>hunc</span> <span class='ocrx_word' id='word_1_156' title='bbox 567 2332 810 2388; x_wconf 91' lang='lat' dir='ltr'>modum</span> <span class='ocrx_word' id='word_1_157' title='bbox 834 2334 1065 2405; x_wconf 87' lang='lat' dir='ltr'>decepti</span> <span class='ocrx_word' id='word_1_158' title='bbox 1093 2340 1268 2405; x_wconf 91' lang='lat' dir='ltr'>atque</span> <span class='ocrx_word' id='word_1_159' title='bbox 1292 2336 1351 2389; x_wconf 90' lang='lat' dir='ltr'>in</span> <span class='ocrx_word' id='word_1_160' title='bbox 1375 2335 1643 2391; x_wconf 88' lang='lat' dir='ltr'>fraudem</span> <span class='ocrx_word' id='word_1_161' title='bbox 1664 2336 1905 2408; x_wconf 84' lang='lat' dir='ltr'>impulsi</span> <span class='ocrx_word' id='word_1_162' title='bbox 1932 2355 2027 2392; x_wconf 84' lang='lat' dir='ltr'>su-</span> 
     </span>
    </p>
   </div>
   <div class='ocr_carea' id='block_1_28' title="bbox 387 2422 2029 2495">
    <p class='ocr_par' dir='ltr' id='par_1_28' title="bbox 387 2422 2029 2495">
     <span class='ocr_line' id='line_1_28' title="bbox 387 2422 2029 2495; baseline 0.003 -20"><span class='ocrx_word' id='word_1_163' title='bbox 387 2437 539 2485; x_wconf 89' lang='lat' dir='ltr'>mus,</span> <span class='ocrx_word' id='word_1_164' title='bbox 551 2438 659 2476; x_wconf 89' lang='lat' dir='ltr'>nec</span> <span class='ocrx_word' id='word_1_165' title='bbox 673 2422 743 2476; x_wconf 90' lang='lat' dir='ltr'>dc</span> <span class='ocrx_word' id='word_1_166' title='bbox 760 2423 935 2477; x_wconf 88' lang='lat' dir='ltr'>certis</span> <span class='ocrx_word' id='word_1_167' title='bbox 949 2424 1067 2478; x_wconf 90' lang='lat' dir='ltr'>illis</span> <span class='ocrx_word' id='word_1_168' title='bbox 1081 2440 1149 2478; x_wconf 89' lang='lat' dir='ltr'>ac</span> <span class='ocrx_word' id='word_1_169' title='bbox 1163 2425 1539 2495; x_wconf 87' lang='lat' dir='ltr'>sempiternis</span> <span class='ocrx_word' id='word_1_170' title='bbox 1562 2425 1751 2480; x_wconf 91' lang='lat' dir='ltr'>ullum</span> <span class='ocrx_word' id='word_1_171' title='bbox 1766 2442 2029 2495; x_wconf 85' lang='lat' dir='ltr'>unquam</span> 
     </span>
    </p>
   </div>
   <div class='ocr_carea' id='block_1_29' title="bbox 382 2509 2032 2583">
    <p class='ocr_par' dir='ltr' id='par_1_29' title="bbox 382 2509 2032 2583">
     <span class='ocr_line' id='line_1_29' title="bbox 382 2509 2032 2583; baseline 0.002 -20"><span class='ocrx_word' id='word_1_172' title='bbox 382 2509 701 2564; x_wconf 88' lang='lat' dir='ltr'>consilium</span> <span class='ocrx_word' id='word_1_173' title='bbox 716 2510 1099 2577; x_wconf 87' lang='lat' dir='ltr'>iniimus,nec</span> <span class='ocrx_word' id='word_1_174' title='bbox 1121 2511 1295 2565; x_wconf 89' lang='lat' dir='ltr'>nobis</span> <span class='ocrx_word' id='word_1_175' title='bbox 1314 2512 1373 2565; x_wconf 89' lang='lat' dir='ltr'>in</span> <span class='ocrx_word' id='word_1_176' title='bbox 1386 2512 1650 2567; x_wconf 88' lang='lat' dir='ltr'>futurum</span> <span class='ocrx_word' id='word_1_177' title='bbox 1664 2530 1849 2567; x_wconf 71' lang='lat' dir='ltr'>aevum</span> <span class='ocrx_word' id='word_1_178' title='bbox 1865 2513 2032 2583; x_wconf 89' lang='lat' dir='ltr'>quid-</span> 
     </span>
    </p>
   </div>
   <div class='ocr_carea' id='block_1_30' title="bbox 354 2598 2031 2670">
    <p class='ocr_par' dir='ltr' id='par_1_30' title="bbox 354 2598 2031 2670">
     <span class='ocr_line' id='line_1_30' title="bbox 354 2598 2031 2670; baseline 0.002 -19"><span class='ocrx_word' id='word_1_179' title='bbox 354 2628 361 2631; x_wconf 93' lang='lat'><strong><em>-</em></strong></span> <span class='ocrx_word' id='word_1_180' title='bbox 381 2613 558 2669; x_wconf 89' lang='lat' dir='ltr'>quam</span> <span class='ocrx_word' id='word_1_181' title='bbox 573 2598 1035 2667; x_wconf 87' lang='lat' dir='ltr'>recondidimus,</span> <span class='ocrx_word' id='word_1_182' title='bbox 1046 2600 1390 2670; x_wconf 89' lang='lat' dir='ltr'>repentinus</span> <span class='ocrx_word' id='word_1_183' title='bbox 1413 2601 1584 2655; x_wconf 90' lang='lat' dir='ltr'>nobis</span> <span class='ocrx_word' id='word_1_184' title='bbox 1598 2603 1805 2656; x_wconf 90' lang='lat' dir='ltr'>mortis</span> <span class='ocrx_word' id='word_1_185' title='bbox 1824 2602 2031 2657; x_wconf 89' lang='lat' dir='ltr'>interi-</span> 
     </span>
    </p>
   </div>
   <div class='ocr_carea' id='block_1_31' title="bbox 386 2688 2029 2760">
    <p class='ocr_par' dir='ltr' id='par_1_31' title="bbox 386 2688 2029 2760">
     <span class='ocr_line' id='line_1_31' title="bbox 386 2688 2029 2760; baseline 0.003 -19"><span class='ocrx_word' id='word_1_186' title='bbox 386 2693 481 2743; x_wconf 88' lang='lat' dir='ltr'>tus</span> <span class='ocrx_word' id='word_1_187' title='bbox 506 2688 728 2759; x_wconf 87' lang='lat' dir='ltr'>ingruit</span> <span class='ocrx_word' id='word_1_188' title='bbox 749 2691 930 2760; x_wconf 72' lang='lat' dir='ltr'>(P-rov.</span> <span class='ocrx_word' id='word_1_189' title='bbox 959 2696 1015 2756; x_wconf 82' lang='grc' dir='ltr'>ι).</span> <span class='ocrx_word' id='word_1_190' title='bbox 1050 2692 1123 2743; x_wconf 85' lang='lat' dir='ltr'>At</span> <span class='ocrx_word' id='word_1_191' title='bbox 1146 2695 1271 2744; x_wconf 91' lang='lat' dir='ltr'>tum</span> <span class='ocrx_word' id='word_1_192' title='bbox 1305 2689 1543 2745; x_wconf 90' lang='lat' dir='ltr'>demum</span> <span class='ocrx_word' id='word_1_193' title='bbox 1565 2692 1756 2747; x_wconf 91' lang='lat' dir='ltr'>nudos</span> <span class='ocrx_word' id='word_1_194' title='bbox 1788 2708 1916 2758; x_wconf 92' lang='lat' dir='ltr'>nos,</span> <span class='ocrx_word' id='word_1_195' title='bbox 1943 2696 2029 2746; x_wconf 90' lang='lat' dir='ltr'>at-</span> 
     </span>
    </p>
   </div>
   <div class='ocr_carea' id='block_1_32' title="bbox 385 2778 2034 2852">
    <p class='ocr_par' dir='ltr' id='par_1_32' title="bbox 385 2778 2034 2852">
     <span class='ocr_line' id='line_1_32' title="bbox 385 2778 2034 2852; baseline 0.002 -21"><span class='ocrx_word' id='word_1_196' title='bbox 385 2793 498 2848; x_wconf 89' lang='lat' dir='ltr'>que</span> <span class='ocrx_word' id='word_1_197' title='bbox 512 2778 789 2833; x_wconf 89' lang='lat' dir='ltr'>omnibus</span> <span class='ocrx_word' id='word_1_198' title='bbox 821 2779 1002 2849; x_wconf 83' lang='lat' dir='ltr'>hujus</span> <span class='ocrx_word' id='word_1_199' title='bbox 1022 2779 1151 2831; x_wconf 57' lang='lat' dir='ltr'>vitae</span> <span class='ocrx_word' id='word_1_200' title='bbox 1173 2779 1350 2834; x_wconf 90' lang='lat' dir='ltr'>rebus</span> <span class='ocrx_word' id='word_1_201' title='bbox 1374 2780 1655 2851; x_wconf 88' lang='lat' dir='ltr'>spoliatos</span> <span class='ocrx_word' id='word_1_202' title='bbox 1676 2780 2034 2852; x_wconf 90' lang='lat' dir='ltr'>improbiilli</span> 
     </span>
    </p>
   </div>
   <div class='ocr_carea' id='block_1_33' title="bbox 387 2867 2033 2940">
    <p class='ocr_par' dir='ltr' id='par_1_33' title="bbox 387 2867 2033 2940">
     <span class='ocr_line' id='line_1_33' title="bbox 387 2867 2033 2940; baseline 0.002 -19"><span class='ocrx_word' id='word_1_203' title='bbox 387 2882 454 2921; x_wconf 90' lang='lat' dir='ltr'>ac</span> <span class='ocrx_word' id='word_1_204' title='bbox 477 2867 611 2921; x_wconf 66' lang='grc' dir='ltr'>εαξνί</span> <span class='ocrx_word' id='word_1_205' title='bbox 633 2867 1013 2922; x_wconf 86' lang='lat' dir='ltr'>tenebrarum</span> <span class='ocrx_word' id='word_1_206' title='bbox 1036 2868 1191 2922; x_wconf 84' lang='lat' dir='ltr'>cives</span> <span class='ocrx_word' id='word_1_207' title='bbox 1205 2868 1655 2939; x_wconf 86' lang='lat' dir='ltr'>accipientes,ut</span> <span class='ocrx_word' id='word_1_208' title='bbox 1675 2871 1775 2939; x_wconf 88' lang='lat' dir='ltr'>qui</span> <span class='ocrx_word' id='word_1_209' title='bbox 1801 2876 2033 2940; x_wconf 91' lang='lat' dir='ltr'>tempus</span> 
     </span>
    </p>
   </div>
   <div class='ocr_carea' id='block_1_34' title="bbox 394 2954 2037 3027">
    <p class='ocr_par' dir='ltr' id='par_1_34' title="bbox 394 2954 2037 3027">
     <span class='ocr_line' id='line_1_34' title="bbox 394 2954 2037 3027; baseline 0.003 -19"><span class='ocrx_word' id='word_1_210' title='bbox 394 2954 517 3009; x_wconf 90' lang='lat' dir='ltr'>illis</span> <span class='ocrx_word' id='word_1_211' title='bbox 536 2971 709 3009; x_wconf 91' lang='lat' dir='ltr'>omne</span> <span class='ocrx_word' id='word_1_212' title='bbox 732 2956 1224 3027; x_wconf 87' lang='lat' dir='ltr'>impenderimus,</span> <span class='ocrx_word' id='word_1_213' title='bbox 1251 2957 1310 3011; x_wconf 90' lang='lat' dir='ltr'>in</span> <span class='ocrx_word' id='word_1_214' title='bbox 1336 2963 1554 3013; x_wconf 89' lang='lat' dir='ltr'>terram</span> <span class='ocrx_word' id='word_1_215' title='bbox 1577 2959 1954 3013; x_wconf 89' lang='lat' dir='ltr'>tenebrosam</span> <span class='ocrx_word' id='word_1_216' title='bbox 1978 2963 2037 3013; x_wconf 90' lang='lat' dir='ltr'>et</span> 
     </span>
    </p>
   </div>
   <div class='ocr_carea' id='block_1_35' title="bbox 383 3044 2031 3120">
    <p class='ocr_par' dir='ltr' id='par_1_35' title="bbox 383 3044 2031 3120">
     <span class='ocr_line' id='line_1_35' title="bbox 383 3044 2031 3120; baseline 0.003 -22"><span class='ocrx_word' id='word_1_217' title='bbox 383 3044 698 3100; x_wconf 85' lang='lat' dir='ltr'>obscuram</span> <span class='ocrx_word' id='word_1_218' title='bbox 721 3044 1109 3112; x_wconf 90' lang='lat' dir='ltr'>abducunt,in</span> <span class='ocrx_word' id='word_1_219' title='bbox 1132 3051 1349 3101; x_wconf 90' lang='lat' dir='ltr'>terram</span> <span class='ocrx_word' id='word_1_220' title='bbox 1373 3047 1750 3117; x_wconf 73' lang='lat' dir='ltr'>sempiternze</span> <span class='ocrx_word' id='word_1_221' title='bbox 1765 3048 2031 3120; x_wconf 89' lang='lat' dir='ltr'>caliginis</span> 
     </span>
    </p>
   </div>
   <div class='ocr_carea' id='block_1_36' title="bbox 2125 469 3761 555">
    <p class='ocr_par' dir='ltr' id='par_1_36' title="bbox 2125 469 3761 555">
     <span class='ocr_line' id='line_1_36' title="bbox 2125 469 3761 555; baseline 0.01 -30"><span class='ocrx_word' id='word_1_222' title='bbox 2125 469 2420 547; x_wconf 70' lang='grc' dir='ltr'>λυτοντὴν</span> <span class='ocrx_word' id='word_1_223' title='bbox 2471 487 2692 554; x_wconf 79' lang='grc' dir='ltr'>χρῆσιν,</span> <span class='ocrx_word' id='word_1_224' title='bbox 2749 479 2838 535; x_wconf 85' lang='grc' dir='ltr'>καὶ</span> <span class='ocrx_word' id='word_1_225' title='bbox 2897 474 3083 536; x_wconf 73' lang='grc' dir='ltr'>λαϐὼν</span> <span class='ocrx_word' id='word_1_226' title='bbox 3153 478 3462 555; x_wconf 77' lang='grc' dir='ltr'>χρημάτων</span> <span class='ocrx_word' id='word_1_227' title='bbox 3523 478 3761 552; x_wconf 78' lang='grc' dir='ltr'>πλῆθος,</span> 
     </span>
    </p>
   </div>
   <div class='ocr_carea' id='block_1_37' title="bbox 2123 567 3761 645">
    <p class='ocr_par' dir='ltr' id='par_1_37' title="bbox 2123 567 3761 645">
     <span class='ocr_line' id='line_1_37' title="bbox 2123 567 3761 645; baseline 0.003 -28"><span class='ocrx_word' id='word_1_228' title='bbox 2123 569 2331 638; x_wconf 70' lang='grc' dir='ltr'>χρυσοῦ</span> <span class='ocrx_word' id='word_1_229' title='bbox 2361 588 2418 622; x_wconf 90' lang='grc' dir='ltr'>τε</span> <span class='ocrx_word' id='word_1_230' title='bbox 2444 570 2530 622; x_wconf 87' lang='grc' dir='ltr'>καὶ</span> <span class='ocrx_word' id='word_1_231' title='bbox 2566 568 2800 645; x_wconf 76' lang='grc' dir='ltr'>ἀργύρου</span> <span class='ocrx_word' id='word_1_232' title='bbox 2843 570 2930 624; x_wconf 87' lang='lat' dir='ltr'>xui</span> <span class='ocrx_word' id='word_1_233' title='bbox 2986 569 3158 623; x_wconf 84' lang='grc' dir='ltr'>λίθων</span> <span class='ocrx_word' id='word_1_234' title='bbox 3217 568 3419 642; x_wconf 78' lang='grc' dir='ltr'>τιμίων</span> <span class='ocrx_word' id='word_1_235' title='bbox 3471 567 3761 642; x_wconf 81' lang='grc' dir='ltr'>ἀδρότατον</span> 
     </span>
    </p>
   </div>
   <div class='ocr_carea' id='block_1_38' title="bbox 2123 646 3764 734">
    <p class='ocr_par' dir='ltr' id='par_1_38' title="bbox 2123 646 3764 734">
     <span class='ocr_line' id='line_1_38' title="bbox 2123 646 3764 734; baseline 0.005 -30"><span class='ocrx_word' id='word_1_236' title='bbox 2123 646 2307 724; x_wconf 74' lang='grc' dir='ltr'>ὄγκον,</span> <span class='ocrx_word' id='word_1_237' title='bbox 2361 660 2704 723; x_wconf 73' lang='grc' dir='ltr'>πιστοτάτοις</span> <span class='ocrx_word' id='word_1_238' title='bbox 2767 656 3042 734; x_wconf 76' lang='grc' dir='ltr'>παραδοὺς</span> <span class='ocrx_word' id='word_1_239' title='bbox 3103 654 3359 727; x_wconf 77' lang='grc' dir='ltr'>οἰκέταις,</span> <span class='ocrx_word' id='word_1_240' title='bbox 3414 657 3490 719; x_wconf 82' lang='grc' dir='ltr'>εἷς</span> <span class='ocrx_word' id='word_1_241' title='bbox 3556 657 3764 728; x_wconf 73' lang='grc' dir='ltr'>ἐκείνην</span> 
     </span>
    </p>
   </div>
   <div class='ocr_carea' id='block_1_39' title="bbox 2121 743 3762 822">
    <p class='ocr_par' dir='ltr' id='par_1_39' title="bbox 2121 743 3762 822">
     <span class='ocr_line' id='line_1_39' title="bbox 2121 743 3762 822; baseline 0.004 -28"><span class='ocrx_word' id='word_1_242' title='bbox 2121 743 2492 818; x_wconf 70' lang='grc' dir='ltr'>προέπεμψεν,</span> <span class='ocrx_word' id='word_1_243' title='bbox 2525 747 2600 810; x_wconf 83' lang='grc' dir='ltr'>εἷς</span> <span class='ocrx_word' id='word_1_244' title='bbox 2629 750 2695 818; x_wconf 72' lang='grc' dir='ltr'>ἢν</span> <span class='ocrx_word' id='word_1_245' title='bbox 2728 747 2958 822; x_wconf 84' lang='grc' dir='ltr'>ἔμελλεν</span> <span class='ocrx_word' id='word_1_246' title='bbox 3010 748 3327 822; x_wconf 83' lang='grc' dir='ltr'>ἀπάγεσθαι,</span> <span class='ocrx_word' id='word_1_247' title='bbox 3383 754 3567 816; x_wconf 81' lang='grc' dir='ltr'>νῆσον.</span> <span class='ocrx_word' id='word_1_248' title='bbox 3627 753 3762 801; x_wconf 87' lang='grc' dir='ltr'>Συν-</span> 
     </span>
    </p>
   </div>
   <div class='ocr_carea' id='block_1_40' title="bbox 2123 829 3764 912">
    <p class='ocr_par' dir='ltr' id='par_1_40' title="bbox 2123 829 3764 912">
     <span class='ocr_line' id='line_1_40' title="bbox 2123 829 3764 912; baseline 0.004 -29"><span class='ocrx_word' id='word_1_249' title='bbox 2123 829 2468 897; x_wconf 70' lang='grc' dir='ltr'>τελεσθέντος</span> <span class='ocrx_word' id='word_1_250' title='bbox 2501 833 2559 890; x_wconf 72' lang='grc' dir='ltr'>δὲ</span> <span class='ocrx_word' id='word_1_251' title='bbox 2610 843 2707 891; x_wconf 79' lang='grc' dir='ltr'>τοῦ</span> <span class='ocrx_word' id='word_1_252' title='bbox 2766 837 3152 912; x_wconf 70' lang='grc' dir='ltr'>ἐμπροθέσμου</span> <span class='ocrx_word' id='word_1_253' title='bbox 3212 835 3480 905; x_wconf 74' lang='grc' dir='ltr'>ἐνιαυτοῦ,</span> <span class='ocrx_word' id='word_1_254' title='bbox 3541 840 3764 890; x_wconf 86' lang='grc' dir='ltr'>στασιά-</span> 
     </span>
    </p>
   </div>
   <div class='ocr_carea' id='block_1_41' title="bbox 2124 921 3767 999">
    <p class='ocr_par' dir='ltr' id='par_1_41' title="bbox 2124 921 3767 999">
     <span class='ocr_line' id='line_1_41' title="bbox 2124 921 3767 999; baseline 0.01 -27"><span class='ocrx_word' id='word_1_255' title='bbox 2124 939 2309 982; x_wconf 85' lang='grc' dir='ltr'>σαντες</span> <span class='ocrx_word' id='word_1_256' title='bbox 2341 922 2391 975; x_wconf 77' lang='lat' dir='ltr'>oi</span> <span class='ocrx_word' id='word_1_257' title='bbox 2423 924 2645 979; x_wconf 86' lang='grc' dir='ltr'>πολῖται</span> <span class='ocrx_word' id='word_1_258' title='bbox 2694 930 2902 999; x_wconf 88' lang='grc' dir='ltr'>γυμνὸν</span> <span class='ocrx_word' id='word_1_259' title='bbox 2963 924 3143 996; x_wconf 80' lang='grc' dir='ltr'>αὐτὸν,</span> <span class='ocrx_word' id='word_1_260' title='bbox 3204 924 3281 985; x_wconf 82' lang='grc' dir='ltr'>ὡς</span> <span class='ocrx_word' id='word_1_261' title='bbox 3334 924 3423 978; x_wconf 75' lang='grc' dir='ltr'>καὶ</span> <span class='ocrx_word' id='word_1_262' title='bbox 3479 921 3606 985; x_wconf 76' lang='grc' dir='ltr'>τοὺς</span> <span class='ocrx_word' id='word_1_263' title='bbox 3658 924 3767 997; x_wconf 68' lang='grc' dir='ltr'>πρὸ</span> 
     </span>
    </p>
   </div>
   <div class='ocr_carea' id='block_1_42' title="bbox 2123 1007 3768 1089">
    <p class='ocr_par' dir='ltr' id='par_1_42' title="bbox 2123 1007 3768 1089">
     <span class='ocr_line' id='line_1_42' title="bbox 2123 1007 3768 1089; baseline 0.003 -29"><span class='ocrx_word' id='word_1_264' title='bbox 2123 1007 2309 1078; x_wconf 77' lang='grc' dir='ltr'>αὐτοῦ,</span> <span class='ocrx_word' id='word_1_265' title='bbox 2342 1014 2408 1084; x_wconf 79' lang='grc' dir='ltr'>τῇ</span> <span class='ocrx_word' id='word_1_266' title='bbox 2466 1010 2645 1086; x_wconf 79' lang='grc' dir='ltr'>ἐξορίᾳ</span> <span class='ocrx_word' id='word_1_267' title='bbox 2702 1015 3083 1089; x_wconf 72' lang='grc' dir='ltr'>παρέπεμψαν,</span> <span class='ocrx_word' id='word_1_268' title='bbox 3143 1012 3210 1069; x_wconf 76' lang='lat' dir='ltr'>Oi</span> <span class='ocrx_word' id='word_1_269' title='bbox 3268 1012 3363 1084; x_wconf 73' lang='grc' dir='ltr'>μὲν</span> <span class='ocrx_word' id='word_1_270' title='bbox 3425 1009 3516 1067; x_wconf 79' lang='grc' dir='ltr'>οὖν</span> <span class='ocrx_word' id='word_1_271' title='bbox 3576 1010 3768 1067; x_wconf 83' lang='grc' dir='ltr'>λοιποὶ</span> 
     </span>
    </p>
   </div>
   <div class='ocr_carea' id='block_1_43' title="bbox 2124 1096 3767 1177">
    <p class='ocr_par' dir='ltr' id='par_1_43' title="bbox 2124 1096 3767 1177">
     <span class='ocr_line' id='line_1_43' title="bbox 2124 1096 3767 1177; baseline 0.005 -28"><span class='ocrx_word' id='word_1_272' title='bbox 2124 1096 2349 1167; x_wconf 80' lang='grc' dir='ltr'>ἀνόητοι</span> <span class='ocrx_word' id='word_1_273' title='bbox 2383 1101 2473 1153; x_wconf 88' lang='grc' dir='ltr'>καὶ</span> <span class='ocrx_word' id='word_1_274' title='bbox 2504 1103 2829 1177; x_wconf 83' lang='grc' dir='ltr'>πρόσκαιροι</span> <span class='ocrx_word' id='word_1_275' title='bbox 2892 1101 3136 1177; x_wconf 79' lang='grc' dir='ltr'>βασιλεῖς</span> <span class='ocrx_word' id='word_1_276' title='bbox 3192 1099 3380 1164; x_wconf 78' lang='grc' dir='ltr'>δεινῶς</span> <span class='ocrx_word' id='word_1_277' title='bbox 3440 1101 3767 1174; x_wconf 78' lang='grc' dir='ltr'>ελίμωστον·</span> 
     </span>
    </p>
   </div>
   <div class='ocr_carea' id='block_1_44' title="bbox 2123 1182 3770 1267">
    <p class='ocr_par' dir='ltr' id='par_1_44' title="bbox 2123 1182 3770 1267">
     <span class='ocr_line' id='line_1_44' title="bbox 2123 1182 3770 1267; baseline 0.004 -29"><span class='ocrx_word' id='word_1_278' title='bbox 2123 1185 2151 1239; x_wconf 87' lang='grc' dir='ltr'>ὁ</span> <span class='ocrx_word' id='word_1_279' title='bbox 2184 1182 2260 1255; x_wconf 75' lang='grc' dir='ltr'>δὲ,</span> <span class='ocrx_word' id='word_1_280' title='bbox 2291 1188 2382 1242; x_wconf 88' lang='grc' dir='ltr'>τὸν</span> <span class='ocrx_word' id='word_1_281' title='bbox 2412 1189 2648 1245; x_wconf 69' lang='grc' dir='ltr'>πλοῦτον</span> <span class='ocrx_word' id='word_1_282' title='bbox 2683 1194 2837 1249; x_wconf 74' lang='lat'>120</span> <span class='ocrx_word' id='word_1_283' title='bbox 2892 1191 3337 1267; x_wconf 75' lang='grc' dir='ltr'>προαποοὲμενος</span> <span class='ocrx_word' id='word_1_284' title='bbox 3391 1188 3614 1261; x_wconf 71' lang='grc' dir='ltr'>ἐκεῖνον,</span> <span class='ocrx_word' id='word_1_285' title='bbox 3680 1188 3770 1244; x_wconf 83' lang='grc' dir='ltr'>εύ-</span> 
     </span>
    </p>
   </div>
   <div class='ocr_carea' id='block_1_45' title="bbox 2125 1272 3770 1357">
    <p class='ocr_par' dir='ltr' id='par_1_45' title="bbox 2125 1272 3770 1357">
     <span class='ocr_line' id='line_1_45' title="bbox 2125 1272 3770 1357; baseline 0.007 -31"><span class='ocrx_word' id='word_1_286' title='bbox 2125 1275 2286 1346; x_wconf 70' lang='grc' dir='ltr'>θηνίᾳ</span> <span class='ocrx_word' id='word_1_287' title='bbox 2337 1273 2576 1349; x_wconf 76' lang='grc' dir='ltr'>διηνεκεῖ</span> <span class='ocrx_word' id='word_1_288' title='bbox 2633 1284 2806 1349; x_wconf 84' lang='grc' dir='ltr'>συζῶν</span> <span class='ocrx_word' id='word_1_289' title='bbox 2855 1281 2942 1334; x_wconf 87' lang='lat' dir='ltr'>xui</span> <span class='ocrx_word' id='word_1_290' title='bbox 2996 1280 3206 1357; x_wconf 73' lang='grc' dir='ltr'>τρυφὴν</span> <span class='ocrx_word' id='word_1_291' title='bbox 3269 1276 3542 1333; x_wconf 73' lang='grc' dir='ltr'>ἀδάπανον</span> <span class='ocrx_word' id='word_1_292' title='bbox 3596 1272 3770 1352; x_wconf 75' lang='grc' dir='ltr'>ἔχων,</span> 
     </span>
    </p>
   </div>
   <div class='ocr_carea' id='block_1_46' title="bbox 2124 1358 3769 1441">
    <p class='ocr_par' dir='ltr' id='par_1_46' title="bbox 2124 1358 3769 1441">
     <span class='ocr_line' id='line_1_46' title="bbox 2124 1358 3769 1441; baseline 0.002 -25"><span class='ocrx_word' id='word_1_293' title='bbox 2124 1358 2291 1440; x_wconf 74' lang='grc' dir='ltr'>φόϐον</span> <span class='ocrx_word' id='word_1_294' title='bbox 2348 1386 2407 1420; x_wconf 86' lang='grc' dir='ltr'>τε</span> <span class='ocrx_word' id='word_1_295' title='bbox 2462 1367 2799 1423; x_wconf 70' lang='grc' dir='ltr'>παντάπασιν</span> <span class='ocrx_word' id='word_1_296' title='bbox 2854 1368 3284 1441; x_wconf 79' lang='grc' dir='ltr'>ἀποσεισάμενος</span> <span class='ocrx_word' id='word_1_297' title='bbox 3332 1372 3440 1422; x_wconf 88' lang='grc' dir='ltr'>τῶν</span> <span class='ocrx_word' id='word_1_298' title='bbox 3522 1367 3769 1422; x_wconf 86' lang='grc' dir='ltr'>ἀτάκτων</span> 
     </span>
    </p>
   </div>
   <div class='ocr_carea' id='block_1_47' title="bbox 2123 1451 3773 1533">
    <p class='ocr_par' dir='ltr' id='par_1_47' title="bbox 2123 1451 3773 1533">
     <span class='ocr_line' id='line_1_47' title="bbox 2123 1451 3773 1533; baseline 0.003 -29"><span class='ocrx_word' id='word_1_299' title='bbox 2123 1451 2211 1504; x_wconf 87' lang='grc' dir='ltr'>καὶ</span> <span class='ocrx_word' id='word_1_300' title='bbox 2240 1459 2494 1524; x_wconf 84' lang='grc' dir='ltr'>πονηρῶν</span> <span class='ocrx_word' id='word_1_301' title='bbox 2519 1456 2788 1525; x_wconf 89' lang='grc' dir='ltr'>πολιτῶν,</span> <span class='ocrx_word' id='word_1_302' title='bbox 2845 1463 2944 1526; x_wconf 81' lang='grc' dir='ltr'>τῆς</span> <span class='ocrx_word' id='word_1_303' title='bbox 3008 1457 3328 1533; x_wconf 73' lang='grc' dir='ltr'>σοφωτάτης</span> <span class='ocrx_word' id='word_1_304' title='bbox 3386 1454 3569 1511; x_wconf 77' lang='grc' dir='ltr'>ἑαυτὸν</span> <span class='ocrx_word' id='word_1_305' title='bbox 3631 1454 3773 1529; x_wconf 80' lang='grc' dir='ltr'>ἐμα-</span> 
     </span>
    </p>
   </div>
   <div class='ocr_carea' id='block_1_48' title="bbox 2124 1539 2679 1616">
    <p class='ocr_par' dir='ltr' id='par_1_48' title="bbox 2124 1539 2679 1616">
     <span class='ocr_line' id='line_1_48' title="bbox 2124 1539 2679 1616; baseline 0.013 -22"><span class='ocrx_word' id='word_1_306' title='bbox 2124 1541 2337 1616; x_wconf 86' lang='grc' dir='ltr'>κάριζεν</span> <span class='ocrx_word' id='word_1_307' title='bbox 2371 1539 2679 1607; x_wconf 77' lang='grc' dir='ltr'>εὐϐουλίας.</span> 
     </span>
    </p>
   </div>
   <div class='ocr_carea' id='block_1_49' title="bbox 2194 1630 3775 1706">
    <p class='ocr_par' dir='ltr' id='par_1_49' title="bbox 2194 1630 3775 1706">
     <span class='ocr_line' id='line_1_49' title="bbox 2194 1630 3775 1706; baseline 0.004 -23"><span class='ocrx_word' id='word_1_308' title='bbox 2194 1630 2363 1687; x_wconf 83' lang='grc' dir='ltr'>Πόλιν</span> <span class='ocrx_word' id='word_1_309' title='bbox 2397 1630 2486 1686; x_wconf 76' lang='grc' dir='ltr'>οὗν</span> <span class='ocrx_word' id='word_1_310' title='bbox 2519 1632 2628 1687; x_wconf 90' lang='grc' dir='ltr'>νόει</span> <span class='ocrx_word' id='word_1_311' title='bbox 2664 1654 2756 1705; x_wconf 86' lang='grc' dir='ltr'>μοι</span> <span class='ocrx_word' id='word_1_312' title='bbox 2788 1635 2880 1688; x_wconf 87' lang='grc' dir='ltr'>τὸν</span> <span class='ocrx_word' id='word_1_313' title='bbox 2945 1632 3170 1706; x_wconf 80' lang='grc' dir='ltr'>μάταιον</span> <span class='ocrx_word' id='word_1_314' title='bbox 3224 1637 3416 1690; x_wconf 75' lang='grc' dir='ltr'>τοῦτον</span> <span class='ocrx_word' id='word_1_315' title='bbox 3473 1633 3565 1688; x_wconf 83' lang='lat' dir='ltr'>xui</span> <span class='ocrx_word' id='word_1_316' title='bbox 3625 1634 3775 1689; x_wconf 83' lang='grc' dir='ltr'>ἀπα-</span> 
     </span>
    </p>
   </div>
   <div class='ocr_carea' id='block_1_50' title="bbox 2126 1720 3775 1798">
    <p class='ocr_par' dir='ltr' id='par_1_50' title="bbox 2126 1720 3775 1798">
     <span class='ocr_line' id='line_1_50' title="bbox 2126 1720 3775 1798; baseline 0.004 -27"><span class='ocrx_word' id='word_1_317' title='bbox 2126 1723 2299 1773; x_wconf 85' lang='grc' dir='ltr'>τεῶνα</span> <span class='ocrx_word' id='word_1_318' title='bbox 2327 1721 2559 1794; x_wconf 78' lang='grc' dir='ltr'>κόσμον,</span> <span class='ocrx_word' id='word_1_319' title='bbox 2591 1722 2824 1786; x_wconf 87' lang='grc' dir='ltr'>πολίτας</span> <span class='ocrx_word' id='word_1_320' title='bbox 2856 1720 2913 1777; x_wconf 72' lang='grc' dir='ltr'>δὲ</span> <span class='ocrx_word' id='word_1_321' title='bbox 2964 1722 3061 1785; x_wconf 80' lang='grc' dir='ltr'>τὰς</span> <span class='ocrx_word' id='word_1_322' title='bbox 3108 1723 3282 1798; x_wconf 78' lang='grc' dir='ltr'>ἀρχάς</span> <span class='ocrx_word' id='word_1_323' title='bbox 3323 1722 3413 1777; x_wconf 96' lang='lat' dir='ltr'>xui</span> <span class='ocrx_word' id='word_1_324' title='bbox 3461 1723 3559 1784; x_wconf 85' lang='grc' dir='ltr'>τάς</span> <span class='ocrx_word' id='word_1_325' title='bbox 3618 1721 3775 1792; x_wconf 77' lang='grc' dir='ltr'>ἐξου-</span> 
     </span>
    </p>
   </div>
   <div class='ocr_carea' id='block_1_51' title="bbox 2134 1807 3779 1886">
    <p class='ocr_par' dir='ltr' id='par_1_51' title="bbox 2134 1807 3779 1886">
     <span class='ocr_line' id='line_1_51' title="bbox 2134 1807 3779 1886; baseline 0.004 -26"><span class='ocrx_word' id='word_1_326' title='bbox 2134 1807 2249 1870; x_wconf 80' lang='grc' dir='ltr'>σίας</span> <span class='ocrx_word' id='word_1_327' title='bbox 2277 1813 2381 1862; x_wconf 90' lang='grc' dir='ltr'>τῶν</span> <span class='ocrx_word' id='word_1_328' title='bbox 2417 1807 2715 1883; x_wconf 81' lang='grc' dir='ltr'>δαιμόνων,</span> <span class='ocrx_word' id='word_1_329' title='bbox 2746 1813 2873 1874; x_wconf 77' lang='grc' dir='ltr'>τοὺς</span> <span class='ocrx_word' id='word_1_330' title='bbox 2903 1811 3348 1886; x_wconf 77' lang='grc' dir='ltr'>κοσμοκράτορας</span> <span class='ocrx_word' id='word_1_331' title='bbox 3401 1815 3497 1867; x_wconf 79' lang='grc' dir='ltr'>τοῦ</span> <span class='ocrx_word' id='word_1_332' title='bbox 3544 1812 3779 1875; x_wconf 76' lang='grc' dir='ltr'>σκότους</span> 
     </span>
    </p>
   </div>
   <div class='ocr_carea' id='block_1_52' title="bbox 2131 1895 3779 1973">
    <p class='ocr_par' dir='ltr' id='par_1_52' title="bbox 2131 1895 3779 1973">
     <span class='ocr_line' id='line_1_52' title="bbox 2131 1895 3779 1973; baseline 0.004 -24"><span class='ocrx_word' id='word_1_333' title='bbox 2131 1899 2228 1950; x_wconf 76' lang='grc' dir='ltr'>τοῦ</span> <span class='ocrx_word' id='word_1_334' title='bbox 2261 1895 2457 1960; x_wconf 84' lang='grc' dir='ltr'>αἰῶνος</span> <span class='ocrx_word' id='word_1_335' title='bbox 2485 1898 2683 1953; x_wconf 88' lang='grc' dir='ltr'>τούτου</span> <span class='ocrx_word' id='word_1_336' title='bbox 2714 1902 2846 1972; x_wconf 89' lang='grc'>(68),</span> <span class='ocrx_word' id='word_1_337' title='bbox 2899 1898 3027 1961; x_wconf 79' lang='grc' dir='ltr'>τοὺς</span> <span class='ocrx_word' id='word_1_338' title='bbox 3088 1896 3439 1968; x_wconf 86' lang='grc' dir='ltr'>δελεάζοντας</span> <span class='ocrx_word' id='word_1_339' title='bbox 3499 1902 3647 1972; x_wconf 76' lang='grc' dir='ltr'>ἡμᾶς</span> <span class='ocrx_word' id='word_1_340' title='bbox 3691 1904 3779 1973; x_wconf 80' lang='grc' dir='ltr'>τῷ</span> 
     </span>
    </p>
   </div>
   <div class='ocr_carea' id='block_1_53' title="bbox 2135 1982 3786 2065">
    <p class='ocr_par' dir='ltr' id='par_1_53' title="bbox 2135 1982 3786 2065">
     <span class='ocr_line' id='line_1_53' title="bbox 2135 1982 3786 2065; baseline 0.002 -26"><span class='ocrx_word' id='word_1_341' title='bbox 2135 1982 2269 2056; x_wconf 82' lang='grc' dir='ltr'>λείῳ</span> <span class='ocrx_word' id='word_1_342' title='bbox 2299 1988 2396 2054; x_wconf 75' lang='grc' dir='ltr'>τῆς</span> <span class='ocrx_word' id='word_1_343' title='bbox 2425 1984 2648 2055; x_wconf 70' lang='grc' dir='ltr'>ἡδονῆς,</span> <span class='ocrx_word' id='word_1_344' title='bbox 2678 1987 2769 2042; x_wconf 82' lang='grc' dir='ltr'>καὶ</span> <span class='ocrx_word' id='word_1_345' title='bbox 2815 1988 2889 2050; x_wconf 84' lang='grc' dir='ltr'>ὡς</span> <span class='ocrx_word' id='word_1_346' title='bbox 2936 1989 3060 2063; x_wconf 83' lang='grc' dir='ltr'>περὶ</span> <span class='ocrx_word' id='word_1_347' title='bbox 3110 1988 3397 2065; x_wconf 76' lang='grc' dir='ltr'>ἀφθάρτων</span> <span class='ocrx_word' id='word_1_348' title='bbox 3453 1989 3786 2061; x_wconf 71' lang='grc' dir='ltr'>ὑποτιθεμέ-</span> 
     </span>
    </p>
   </div>
   <div class='ocr_carea' id='block_1_54' title="bbox 2134 2071 3781 2154">
    <p class='ocr_par' dir='ltr' id='par_1_54' title="bbox 2134 2071 3781 2154">
     <span class='ocr_line' id='line_1_54' title="bbox 2134 2071 3781 2154; baseline 0.002 -28"><span class='ocrx_word' id='word_1_349' title='bbox 2134 2094 2260 2135; x_wconf 85' lang='grc' dir='ltr'>νους</span> <span class='ocrx_word' id='word_1_350' title='bbox 2314 2071 2641 2139; x_wconf 85' lang='grc' dir='ltr'>διανοεῖσθαι</span> <span class='ocrx_word' id='word_1_351' title='bbox 2693 2080 2801 2130; x_wconf 88' lang='grc' dir='ltr'>τῶν</span> <span class='ocrx_word' id='word_1_352' title='bbox 2861 2077 3107 2154; x_wconf 76' lang='grc' dir='ltr'>φθαρτῶν</span> <span class='ocrx_word' id='word_1_353' title='bbox 3162 2075 3253 2131; x_wconf 83' lang='grc' dir='ltr'>καὶ</span> <span class='ocrx_word' id='word_1_354' title='bbox 3339 2076 3638 2153; x_wconf 71' lang='grc' dir='ltr'>ἰπικήρων,</span> <span class='ocrx_word' id='word_1_355' title='bbox 3697 2077 3781 2140; x_wconf 86' lang='grc' dir='ltr'>ὡς</span> 
     </span>
    </p>
   </div>
   <div class='ocr_carea' id='block_1_55' title="bbox 2137 2160 3782 2238">
    <p class='ocr_par' dir='ltr' id='par_1_55' title="bbox 2137 2160 3782 2238">
     <span class='ocr_line' id='line_1_55' title="bbox 2137 2160 3782 2238; baseline 0.004 -24"><span class='ocrx_word' id='word_1_356' title='bbox 2137 2160 2229 2216; x_wconf 82' lang='grc' dir='ltr'>’ἀτε</span> <span class='ocrx_word' id='word_1_357' title='bbox 2257 2160 2773 2235; x_wconf 78' lang='grc' dir='ltr'>συνδιαιωνιζούσης</span> <span class='ocrx_word' id='word_1_358' title='bbox 2801 2168 2936 2238; x_wconf 81' lang='grc' dir='ltr'>ἡμῖν</span> <span class='ocrx_word' id='word_1_359' title='bbox 2984 2165 3075 2221; x_wconf 84' lang='grc' dir='ltr'>καὶ</span> <span class='ocrx_word' id='word_1_360' title='bbox 3136 2165 3367 2221; x_wconf 86' lang='grc' dir='ltr'>ἀθάνατα</span> <span class='ocrx_word' id='word_1_361' title='bbox 3420 2172 3519 2236; x_wconf 79' lang='grc' dir='ltr'>τῆς</span> <span class='ocrx_word' id='word_1_362' title='bbox 3564 2165 3782 2221; x_wconf 85' lang='grc' dir='ltr'>τούτων</span> 
     </span>
    </p>
   </div>
   <div class='ocr_carea' id='block_1_56' title="bbox 2140 2252 3789 2327">
    <p class='ocr_par' dir='ltr' id='par_1_56' title="bbox 2140 2252 3789 2327">
     <span class='ocr_line' id='line_1_56' title="bbox 2140 2252 3789 2327; baseline 0.003 -24"><span class='ocrx_word' id='word_1_363' title='bbox 2140 2252 2594 2327; x_wconf 83' lang='grc' dir='ltr'>συνυπαρχούσης</span> <span class='ocrx_word' id='word_1_364' title='bbox 2648 2252 3021 2316; x_wconf 79' lang='grc' dir='ltr'>ἀπολαύσεως.</span> <span class='ocrx_word' id='word_1_365' title='bbox 3082 2253 3269 2316; x_wconf 68' lang='grc' dir='ltr'>Οὕτως</span> <span class='ocrx_word' id='word_1_366' title='bbox 3330 2253 3421 2309; x_wconf 75' lang='grc' dir='ltr'>οὖν</span> <span class='ocrx_word' id='word_1_367' title='bbox 3477 2255 3789 2324; x_wconf 72' lang='grc' dir='ltr'>ἀπατηθέν-</span> 
     </span>
    </p>
   </div>
   <div class='ocr_carea' id='block_1_57' title="bbox 2137 2339 3784 2418">
    <p class='ocr_par' dir='ltr' id='par_1_57' title="bbox 2137 2339 3784 2418">
     <span class='ocr_line' id='line_1_57' title="bbox 2137 2339 3784 2418; baseline 0.004 -27"><span class='ocrx_word' id='word_1_368' title='bbox 2137 2341 2425 2411; x_wconf 67' lang='grc' dir='ltr'>τωνὴμῶν</span> <span class='ocrx_word' id='word_1_369' title='bbox 2450 2340 2539 2395; x_wconf 77' lang='grc' dir='ltr'>καὶ</span> <span class='ocrx_word' id='word_1_370' title='bbox 2585 2339 2856 2415; x_wconf 80' lang='grc' dir='ltr'>μηδεμίαν</span> <span class='ocrx_word' id='word_1_371' title='bbox 2915 2340 3039 2418; x_wconf 87' lang='grc' dir='ltr'>περί</span> <span class='ocrx_word' id='word_1_372' title='bbox 3088 2347 3195 2397; x_wconf 85' lang='grc' dir='ltr'>τῶν</span> <span class='ocrx_word' id='word_1_373' title='bbox 3258 2343 3503 2416; x_wconf 77' lang='grc' dir='ltr'>μονίμων</span> <span class='ocrx_word' id='word_1_374' title='bbox 3558 2341 3784 2398; x_wconf 74' lang='grc' dir='ltr'>ἐκείνων</span> 
     </span>
    </p>
   </div>
   <div class='ocr_carea' id='block_1_58' title="bbox 2137 2427 3787 2505">
    <p class='ocr_par' dir='ltr' id='par_1_58' title="bbox 2137 2427 3787 2505">
     <span class='ocr_line' id='line_1_58' title="bbox 2137 2427 3787 2505; baseline 0.003 -25"><span class='ocrx_word' id='word_1_375' title='bbox 2137 2427 2226 2481; x_wconf 81' lang='grc' dir='ltr'>καὶ</span> <span class='ocrx_word' id='word_1_376' title='bbox 2260 2430 2495 2482; x_wconf 74' lang='grc' dir='ltr'>αἰωνίων</span> <span class='ocrx_word' id='word_1_377' title='bbox 2532 2428 3002 2503; x_wconf 72' lang='grc' dir='ltr'>βουλευσαμένων,</span> <span class='ocrx_word' id='word_1_378' title='bbox 3053 2432 3193 2504; x_wconf 72' lang='grc' dir='ltr'>μήτε</span> <span class='ocrx_word' id='word_1_379' title='bbox 3237 2451 3288 2485; x_wconf 88' lang='grc' dir='ltr'>τι</span> <span class='ocrx_word' id='word_1_380' title='bbox 3335 2435 3787 2505; x_wconf 72' lang='grc' dir='ltr'>ταμιευσαμένων</span> 
     </span>
    </p>
   </div>
   <div class='ocr_carea' id='block_1_59' title="bbox 2145 2514 3784 2597">
    <p class='ocr_par' dir='ltr' id='par_1_59' title="bbox 2145 2514 3784 2597">
     <span class='ocr_line' id='line_1_59' title="bbox 2145 2514 3784 2597; baseline 0.004 -29"><span class='ocrx_word' id='word_1_381' title='bbox 2145 2514 2356 2577; x_wconf 71' lang='grc' dir='ltr'>ἑαυτοῖς</span> <span class='ocrx_word' id='word_1_382' title='bbox 2386 2515 2462 2578; x_wconf 87' lang='grc' dir='ltr'>εἰς</span> <span class='ocrx_word' id='word_1_383' title='bbox 2486 2517 2576 2571; x_wconf 89' lang='grc' dir='ltr'>τὸν</span> <span class='ocrx_word' id='word_1_384' title='bbox 2611 2516 2807 2582; x_wconf 82' lang='grc' dir='ltr'>ἐκεῖθεν</span> <span class='ocrx_word' id='word_1_385' title='bbox 2836 2518 2975 2593; x_wconf 83' lang='grc' dir='ltr'>βίον,</span> <span class='ocrx_word' id='word_1_386' title='bbox 3035 2517 3304 2596; x_wconf 73' lang='grc' dir='ltr'>αἰφνίδιος</span> <span class='ocrx_word' id='word_1_387' title='bbox 3359 2523 3494 2593; x_wconf 83' lang='grc' dir='ltr'>ἡμῖν</span> <span class='ocrx_word' id='word_1_388' title='bbox 3554 2519 3784 2597; x_wconf 73' lang='grc' dir='ltr'>ἐφίστα-</span> 
     </span>
    </p>
   </div>
   <div class='ocr_carea' id='block_1_60' title="bbox 2136 2600 3785 2683">
    <p class='ocr_par' dir='ltr' id='par_1_60' title="bbox 2136 2600 3785 2683">
     <span class='ocr_line' id='line_1_60' title="bbox 2136 2600 3785 2683; baseline 0.004 -26"><span class='ocrx_word' id='word_1_389' title='bbox 2136 2625 2223 2658; x_wconf 90' lang='grc' dir='ltr'>ται</span> <span class='ocrx_word' id='word_1_390' title='bbox 2275 2600 2502 2680; x_wconf 74' lang='grc' dir='ltr'>ὄλεθρος</span> <span class='ocrx_word' id='word_1_391' title='bbox 2536 2606 2689 2660; x_wconf 78' lang='grc' dir='ltr'>ὁτοῦ</span> <span class='ocrx_word' id='word_1_392' title='bbox 2747 2608 2996 2671; x_wconf 86' lang='grc' dir='ltr'>θανάτου.</span> <span class='ocrx_word' id='word_1_393' title='bbox 3054 2607 3186 2662; x_wconf 85' lang='grc' dir='ltr'>Τότε</span> <span class='ocrx_word' id='word_1_394' title='bbox 3238 2605 3302 2677; x_wconf 77' lang='grc' dir='ltr'>δὴ</span> <span class='ocrx_word' id='word_1_395' title='bbox 3361 2609 3483 2664; x_wconf 87' lang='grc' dir='ltr'>τότε</span> <span class='ocrx_word' id='word_1_396' title='bbox 3535 2608 3785 2683; x_wconf 71' lang='grc' dir='ltr'>γυμνοὺς</span> 
     </span>
    </p>
   </div>
   <div class='ocr_carea' id='block_1_61' title="bbox 2138 2692 3784 2771">
    <p class='ocr_par' dir='ltr' id='par_1_61' title="bbox 2138 2692 3784 2771">
     <span class='ocr_line' id='line_1_61' title="bbox 2138 2692 3784 2771; baseline 0.004 -25"><span class='ocrx_word' id='word_1_397' title='bbox 2138 2695 2286 2765; x_wconf 73' lang='grc' dir='ltr'>ἡμᾶς</span> <span class='ocrx_word' id='word_1_398' title='bbox 2318 2697 2424 2747; x_wconf 87' lang='grc' dir='ltr'>τῶν</span> <span class='ocrx_word' id='word_1_399' title='bbox 2458 2692 2694 2759; x_wconf 78' lang='grc' dir='ltr'>ἐντεῦθεν</span> <span class='ocrx_word' id='word_1_400' title='bbox 2728 2696 2779 2750; x_wconf 79' lang='grc' dir='ltr'>οἱ</span> <span class='ocrx_word' id='word_1_401' title='bbox 2836 2695 3068 2771; x_wconf 78' lang='grc' dir='ltr'>πονηροὶ</span> <span class='ocrx_word' id='word_1_402' title='bbox 3120 2696 3208 2751; x_wconf 87' lang='lat' dir='ltr'>xui</span> <span class='ocrx_word' id='word_1_403' title='bbox 3261 2696 3448 2771; x_wconf 82' lang='grc' dir='ltr'>πικροὶ</span> <span class='ocrx_word' id='word_1_404' title='bbox 3497 2694 3784 2770; x_wconf 76' lang='grc' dir='ltr'>δεξάμενοι</span> 
     </span>
    </p>
   </div>
   <div class='ocr_carea' id='block_1_62' title="bbox 2138 2781 3783 2860">
    <p class='ocr_par' dir='ltr' id='par_1_62' title="bbox 2138 2781 3783 2860">
     <span class='ocr_line' id='line_1_62' title="bbox 2138 2781 3783 2860; baseline 0.002 -24"><span class='ocrx_word' id='word_1_405' title='bbox 2138 2781 2364 2837; x_wconf 83' lang='grc' dir='ltr'>πολῖται</span> <span class='ocrx_word' id='word_1_406' title='bbox 2393 2786 2488 2837; x_wconf 76' lang='grc' dir='ltr'>τοῦ</span> <span class='ocrx_word' id='word_1_407' title='bbox 2516 2784 2762 2853; x_wconf 86' lang='grc' dir='ltr'>σκότους,</span> <span class='ocrx_word' id='word_1_408' title='bbox 2793 2785 2868 2849; x_wconf 83' lang='grc' dir='ltr'>ὡς</span> <span class='ocrx_word' id='word_1_409' title='bbox 2918 2785 3140 2847; x_wconf 78' lang='grc' dir='ltr'>ἐκείνοις</span> <span class='ocrx_word' id='word_1_410' title='bbox 3194 2786 3284 2840; x_wconf 89' lang='grc' dir='ltr'>τὸν</span> <span class='ocrx_word' id='word_1_411' title='bbox 3344 2787 3551 2840; x_wconf 79' lang='grc' dir='ltr'>ἅπαντα</span> <span class='ocrx_word' id='word_1_412' title='bbox 3605 2806 3783 2860; x_wconf 86' lang='grc' dir='ltr'>προσ-</span> 
     </span>
    </p>
   </div>
   <div class='ocr_carea' id='block_1_63' title="bbox 2138 2869 3781 2951">
    <p class='ocr_par' dir='ltr' id='par_1_63' title="bbox 2138 2869 3781 2951">
     <span class='ocr_line' id='line_1_63' title="bbox 2138 2869 3781 2951; baseline 0.003 -25"><span class='ocrx_word' id='word_1_413' title='bbox 2138 2869 2520 2935; x_wconf 84' lang='grc' dir='ltr'>αναλώσαντας</span> <span class='ocrx_word' id='word_1_414' title='bbox 2581 2875 2802 2949; x_wconf 91' lang='grc' dir='ltr'>χρόνον,</span> <span class='ocrx_word' id='word_1_415' title='bbox 2863 2875 3160 2949; x_wconf 84' lang='grc' dir='ltr'>ἀπάγουσιν</span> <span class='ocrx_word' id='word_1_416' title='bbox 3220 2875 3297 2939; x_wconf 78' lang='grc' dir='ltr'>εἰς</span> <span class='ocrx_word' id='word_1_417' title='bbox 3343 2877 3445 2951; x_wconf 69' lang='grc' dir='ltr'>γῆν</span> <span class='ocrx_word' id='word_1_418' title='bbox 3497 2878 3781 2946; x_wconf 77' lang='grc' dir='ltr'>σκοτεινὴν</span> 
     </span>
    </p>
   </div>
   <div class='ocr_carea' id='block_1_64' title="bbox 2139 2962 3782 3039">
    <p class='ocr_par' dir='ltr' id='par_1_64' title="bbox 2139 2962 3782 3039">
     <span class='ocr_line' id='line_1_64' title="bbox 2139 2962 3782 3039; baseline 0.004 -24"><span class='ocrx_word' id='word_1_419' title='bbox 2139 2962 2230 3015; x_wconf 83' lang='grc' dir='ltr'>καὶ</span> <span class='ocrx_word' id='word_1_420' title='bbox 2259 2962 2641 3038; x_wconf 75' lang='grc' dir='ltr'>γνοφερὰν,εἱς</span> <span class='ocrx_word' id='word_1_421' title='bbox 2668 2970 2769 3039; x_wconf 83' lang='grc' dir='ltr'>γῆν</span> <span class='ocrx_word' id='word_1_422' title='bbox 2802 2964 3027 3026; x_wconf 80' lang='grc' dir='ltr'>σκότους</span> <span class='ocrx_word' id='word_1_423' title='bbox 3085 2964 3329 3034; x_wconf 70' lang='grc' dir='ltr'>αἱωνίου,</span> <span class='ocrx_word' id='word_1_424' title='bbox 3389 2965 3452 3019; x_wconf 79' lang='grc' dir='ltr'>οὗ</span> <span class='ocrx_word' id='word_1_425' title='bbox 3506 2965 3608 3021; x_wconf 83' lang='grc' dir='ltr'>οὐκ</span> <span class='ocrx_word' id='word_1_426' title='bbox 3665 2962 3782 3021; x_wconf 78' lang='grc' dir='ltr'>ἔστι</span> 
     </span>
    </p>
   </div>
   <div class='ocr_carea' id='block_1_65' title="bbox 2141 3046 3783 3127">
    <p class='ocr_par' dir='ltr' id='par_1_65' title="bbox 2141 3046 3783 3127">
     <span class='ocr_line' id='line_1_65' title="bbox 2141 3046 3783 3127; baseline 0.004 -24"><span class='ocrx_word' id='word_1_427' title='bbox 2141 3046 2361 3127; x_wconf 75' lang='grc' dir='ltr'>φέγγος,</span> <span class='ocrx_word' id='word_1_428' title='bbox 2394 3047 2516 3104; x_wconf 75' lang='grc' dir='ltr'>οὐδὲ</span> <span class='ocrx_word' id='word_1_429' title='bbox 2549 3051 2677 3126; x_wconf 83' lang='grc' dir='ltr'>ὁρᾷν</span> <span class='ocrx_word' id='word_1_430' title='bbox 2711 3053 2855 3121; x_wconf 73' lang='grc' dir='ltr'>ζωὴν</span> <span class='ocrx_word' id='word_1_431' title='bbox 2892 3052 3100 3127; x_wconf 81' lang='grc' dir='ltr'>βροτῶν</span> <span class='ocrx_word' id='word_1_432' title='bbox 3158 3055 3287 3124; x_wconf 84' lang='grc'>(69).</span> <span class='ocrx_word' id='word_1_433' title='bbox 3339 3047 3666 3125; x_wconf 77' lang='grc' dir='ltr'>Σύμϐουλον</span> <span class='ocrx_word' id='word_1_434' title='bbox 3722 3050 3783 3110; x_wconf 72' lang='grc' dir='ltr'>δὶ</span> 
     </span>
    </p>
   </div>
   <div class='ocr_carea' id='block_1_66' title="bbox 382 3126 2026 3216">
    <p class='ocr_par' dir='ltr' id='par_1_66' title="bbox 382 3134 2026 3201">
     <span class='ocr_line' id='line_1_66' title="bbox 382 3134 2026 3201; baseline 0.002 -14"><span class='ocrx_word' id='word_1_435' title='bbox 382 3134 487 3188; x_wconf 91' lang='lat' dir='ltr'>ubi</span> <span class='ocrx_word' id='word_1_436' title='bbox 520 3134 620 3188; x_wconf 84' lang='lat' dir='ltr'>lux</span> <span class='ocrx_word' id='word_1_437' title='bbox 651 3151 769 3189; x_wconf 91' lang='lat' dir='ltr'>non</span> <span class='ocrx_word' id='word_1_438' title='bbox 802 3141 1032 3201; x_wconf 78' lang='lat' dir='ltr'>est,ncc</span> <span class='ocrx_word' id='word_1_439' title='bbox 1056 3135 1399 3190; x_wconf 88' lang='lat' dir='ltr'>mortalium</span> <span class='ocrx_word' id='word_1_440' title='bbox 1432 3136 1607 3190; x_wconf 87' lang='lat' dir='ltr'>vitam</span> <span class='ocrx_word' id='word_1_441' title='bbox 1641 3137 1859 3191; x_wconf 91' lang='lat' dir='ltr'>intueri</span> <span class='ocrx_word' id='word_1_442' title='bbox 1891 3138 2026 3192; x_wconf 89' lang='lat' dir='ltr'>licet</span> 
     </span>
    </p>
   </div>
   <div class='ocr_carea' id='block_1_67' title="bbox 2135 3126 3785 3216">
    <p class='ocr_par' dir='ltr' id='par_1_67' title="bbox 2140 3137 3785 3216">
     <span class='ocr_line' id='line_1_67' title="bbox 2140 3137 3785 3216; baseline 0.004 -25"><span class='ocrx_word' id='word_1_443' title='bbox 2140 3137 2354 3213; x_wconf 79' lang='grc' dir='ltr'>ἀγαθὸν,</span> <span class='ocrx_word' id='word_1_444' title='bbox 2385 3139 2477 3193; x_wconf 85' lang='grc' dir='ltr'>τὸν</span> <span class='ocrx_word' id='word_1_445' title='bbox 2506 3139 2720 3209; x_wconf 72' lang='grc' dir='ltr'>τάληθῆ</span> <span class='ocrx_word' id='word_1_446' title='bbox 2778 3146 2948 3201; x_wconf 81' lang='grc' dir='ltr'>πάντα</span> <span class='ocrx_word' id='word_1_447' title='bbox 3002 3141 3340 3216; x_wconf 86' lang='grc' dir='ltr'>γνωρίσαντα</span> <span class='ocrx_word' id='word_1_448' title='bbox 3395 3140 3486 3196; x_wconf 85' lang='grc' dir='ltr'>καὶ</span> <span class='ocrx_word' id='word_1_449' title='bbox 3543 3144 3608 3195; x_wconf 79' lang='grc' dir='ltr'>τά</span> <span class='ocrx_word' id='word_1_450' title='bbox 3666 3163 3785 3197; x_wconf 86' lang='grc' dir='ltr'>σω-</span> 
     </span>
    </p>
   </div>
   <div class='ocr_carea' id='block_1_68' title="bbox 383 3224 2019 3297">
    <p class='ocr_par' dir='ltr' id='par_1_68' title="bbox 383 3224 2019 3297">
     <span class='ocr_line' id='line_1_68' title="bbox 383 3224 2019 3297; baseline 0.002 -20"><span class='ocrx_word' id='word_1_451' title='bbox 383 3224 524 3294; x_wconf 81' lang='lat' dir='ltr'>(Job.</span> <span class='ocrx_word' id='word_1_452' title='bbox 541 3225 616 3292; x_wconf 71' lang='grc' dir='ltr'>ι).</span> <span class='ocrx_word' id='word_1_453' title='bbox 632 3225 742 3278; x_wconf 90' lang='lat' dir='ltr'>Per</span> <span class='ocrx_word' id='word_1_454' title='bbox 754 3224 1003 3294; x_wconf 90' lang='lat' dir='ltr'>probum</span> <span class='ocrx_word' id='word_1_455' title='bbox 1027 3240 1161 3278; x_wconf 83' lang='lat' dir='ltr'>vero</span> <span class='ocrx_word' id='word_1_456' title='bbox 1178 3225 1607 3291; x_wconf 89' lang='lat' dir='ltr'>consiliarium,</span> <span class='ocrx_word' id='word_1_457' title='bbox 1626 3226 1723 3295; x_wconf 86' lang='lat' dir='ltr'>qui</span> <span class='ocrx_word' id='word_1_458' title='bbox 1744 3226 2019 3297; x_wconf 89' lang='lat' dir='ltr'>prudenti</span> 
     </span>
    </p>
   </div>
   <div class='ocr_carea' id='block_1_69' title="bbox 386 3313 2020 3386">
    <p class='ocr_par' dir='ltr' id='par_1_69' title="bbox 386 3313 2020 3386">
     <span class='ocr_line' id='line_1_69' title="bbox 386 3313 2020 3386; baseline 0 -17"><span class='ocrx_word' id='word_1_459' title='bbox 386 3328 453 3369; x_wconf 79' lang='lat' dir='ltr'>ac</span> <span class='ocrx_word' id='word_1_460' title='bbox 482 3328 769 3383; x_wconf 84' lang='lat' dir='ltr'>perquam</span> <span class='ocrx_word' id='word_1_461' title='bbox 825 3313 1073 3382; x_wconf 88' lang='lat' dir='ltr'>sapienti</span> <span class='ocrx_word' id='word_1_462' title='bbox 1106 3313 1193 3367; x_wconf 90' lang='lat' dir='ltr'>illi</span> <span class='ocrx_word' id='word_1_463' title='bbox 1224 3315 1345 3385; x_wconf 86' lang='lat' dir='ltr'>regi</span> <span class='ocrx_word' id='word_1_464' title='bbox 1379 3315 1580 3369; x_wconf 90' lang='lat' dir='ltr'>omnia</span> <span class='ocrx_word' id='word_1_465' title='bbox 1608 3332 1739 3369; x_wconf 89' lang='lat' dir='ltr'>vere</span> <span class='ocrx_word' id='word_1_466' title='bbox 1771 3317 2020 3386; x_wconf 90' lang='lat' dir='ltr'>aperuit,</span> 
     </span>
    </p>
   </div>
   <div class='ocr_carea' id='block_1_70' title="bbox 386 3400 2023 3469">
    <p class='ocr_par' dir='ltr' id='par_1_70' title="bbox 386 3400 2023 3469">
     <span class='ocr_line' id='line_1_70' title="bbox 386 3400 2023 3469; baseline 0.003 -15"><span class='ocrx_word' id='word_1_467' title='bbox 386 3417 454 3455; x_wconf 88' lang='lat' dir='ltr'>ac</span> <span class='ocrx_word' id='word_1_468' title='bbox 485 3400 717 3455; x_wconf 91' lang='lat' dir='ltr'>sublata</span> <span class='ocrx_word' id='word_1_469' title='bbox 753 3401 1004 3455; x_wconf 90' lang='lat' dir='ltr'>consilia</span> <span class='ocrx_word' id='word_1_470' title='bbox 1034 3402 1293 3469; x_wconf 85' lang='lat' dir='ltr'>tradidit,</span> <span class='ocrx_word' id='word_1_471' title='bbox 1318 3419 1412 3457; x_wconf 91' lang='lat' dir='ltr'>me</span> <span class='ocrx_word' id='word_1_472' title='bbox 1444 3403 1618 3457; x_wconf 88' lang='lat' dir='ltr'>vilem</span> <span class='ocrx_word' id='word_1_473' title='bbox 1649 3409 1706 3458; x_wconf 90' lang='lat' dir='ltr'>et</span> <span class='ocrx_word' id='word_1_474' title='bbox 1735 3405 2023 3459; x_wconf 88' lang='lat' dir='ltr'>humilem</span> 
     </span>
    </p>
   </div>
   <div class='ocr_carea' id='block_1_71' title="bbox 391 3490 2024 3563">
    <p class='ocr_par' dir='ltr' id='par_1_71' title="bbox 391 3490 2024 3563">
     <span class='ocr_line' id='line_1_71' title="bbox 391 3490 2024 3563; baseline 0 -16"><span class='ocrx_word' id='word_1_475' title='bbox 391 3490 821 3548; x_wconf 86' lang='lat' dir='ltr'>homunculum</span> <span class='ocrx_word' id='word_1_476' title='bbox 838 3491 1233 3563; x_wconf 87' lang='lat' dir='ltr'>intellige,qui</span> <span class='ocrx_word' id='word_1_477' title='bbox 1255 3492 1370 3545; x_wconf 86' lang='lat' dir='ltr'>huc</span> <span class='ocrx_word' id='word_1_478' title='bbox 1390 3492 1607 3547; x_wconf 92' lang='lat' dir='ltr'>idcirco</span> <span class='ocrx_word' id='word_1_479' title='bbox 1630 3493 1825 3563; x_wconf 88' lang='lat' dir='ltr'>venio,</span> <span class='ocrx_word' id='word_1_480' title='bbox 1842 3493 2024 3548; x_wconf 89' lang='lat' dir='ltr'>uttibi</span> 
     </span>
    </p>
   </div>
   <div class='ocr_carea' id='block_1_72' title="bbox 386 3580 2025 3639">
    <p class='ocr_par' dir='ltr' id='par_1_72' title="bbox 386 3580 2025 3639">
     <span class='ocr_line' id='line_1_72' title="bbox 386 3580 2025 3639; baseline 0.002 -4"><span class='ocrx_word' id='word_1_481' title='bbox 386 3580 540 3636; x_wconf 85' lang='lat' dir='ltr'>viam</span> <span class='ocrx_word' id='word_1_482' title='bbox 570 3580 787 3635; x_wconf 87' lang='lat' dir='ltr'>bonam</span> <span class='ocrx_word' id='word_1_483' title='bbox 820 3586 877 3636; x_wconf 92' lang='lat' dir='ltr'>et</span> <span class='ocrx_word' id='word_1_484' title='bbox 900 3580 971 3635; x_wconf 91' lang='lat' dir='ltr'>ab</span> <span class='ocrx_word' id='word_1_485' title='bbox 995 3582 1158 3635; x_wconf 90' lang='lat' dir='ltr'>omni</span> <span class='ocrx_word' id='word_1_486' title='bbox 1190 3598 1383 3637; x_wconf 89' lang='lat' dir='ltr'>errore</span> <span class='ocrx_word' id='word_1_487' title='bbox 1405 3581 1654 3637; x_wconf 89' lang='lat' dir='ltr'>liberam</span> <span class='ocrx_word' id='word_1_488' title='bbox 1686 3600 2025 3639; x_wconf 89' lang='lat' dir='ltr'>commons-</span> 
     </span>
    </p>
   </div>
   <div class='ocr_carea' id='block_1_73' title="bbox 380 3670 2028 3742">
    <p class='ocr_par' dir='ltr' id='par_1_73' title="bbox 380 3670 2028 3742">
     <span class='ocr_line' id='line_1_73' title="bbox 380 3670 2028 3742; baseline 0.002 -18"><span class='ocrx_word' id='word_1_489' title='bbox 380 3674 557 3740; x_wconf 84' lang='lat' dir='ltr'>trem,</span> <span class='ocrx_word' id='word_1_490' title='bbox 591 3673 765 3740; x_wconf 88' lang='lat' dir='ltr'>teque</span> <span class='ocrx_word' id='word_1_491' title='bbox 815 3670 887 3724; x_wconf 89' lang='lat' dir='ltr'>ad</span> <span class='ocrx_word' id='word_1_492' title='bbox 939 3672 1302 3741; x_wconf 88' lang='lat' dir='ltr'>sempiterna</span> <span class='ocrx_word' id='word_1_493' title='bbox 1332 3676 1389 3725; x_wconf 89' lang='lat' dir='ltr'>et</span> <span class='ocrx_word' id='word_1_494' title='bbox 1414 3688 1719 3742; x_wconf 90' lang='lat' dir='ltr'>nunquam</span> <span class='ocrx_word' id='word_1_495' title='bbox 1767 3672 2028 3729; x_wconf 89' lang='lat' dir='ltr'>ﬁnienda</span> 
     </span>
    </p>
   </div>
   <div class='ocr_carea' id='block_1_74' title="bbox 385 3759 2026 3831">
    <p class='ocr_par' dir='ltr' id='par_1_74' title="bbox 385 3759 2026 3831">
     <span class='ocr_line' id='line_1_74' title="bbox 385 3759 2026 3831; baseline 0.003 -17"><span class='ocrx_word' id='word_1_496' title='bbox 385 3759 545 3815; x_wconf 89' lang='lat' dir='ltr'>bona</span> <span class='ocrx_word' id='word_1_497' title='bbox 566 3760 891 3825; x_wconf 88' lang='lat' dir='ltr'>traducam,</span> <span class='ocrx_word' id='word_1_498' title='bbox 925 3760 1183 3831; x_wconf 90' lang='lat' dir='ltr'>illucque</span> <span class='ocrx_word' id='word_1_499' title='bbox 1202 3761 1401 3816; x_wconf 89' lang='lat' dir='ltr'>omnia</span> <span class='ocrx_word' id='word_1_500' title='bbox 1426 3766 1526 3816; x_wconf 90' lang='lat' dir='ltr'>tua</span> <span class='ocrx_word' id='word_1_501' title='bbox 1540 3763 1863 3817; x_wconf 88' lang='lat' dir='ltr'>recondere</span> <span class='ocrx_word' id='word_1_502' title='bbox 1894 3780 2026 3819; x_wconf 86' lang='lat' dir='ltr'>sua-</span> 
     </span>
    </p>
   </div>
   <div class='ocr_carea' id='block_1_75' title="bbox 388 3849 2028 3920">
    <p class='ocr_par' dir='ltr' id='par_1_75' title="bbox 388 3849 2028 3920">
     <span class='ocr_line' id='line_1_75' title="bbox 388 3849 2028 3920; baseline 0.002 -17"><span class='ocrx_word' id='word_1_503' title='bbox 388 3849 560 3903; x_wconf 90' lang='lat' dir='ltr'>deam</span> <span class='ocrx_word' id='word_1_504' title='bbox 591 3855 914 3919; x_wconf 89' lang='lat' dir='ltr'>contraque</span> <span class='ocrx_word' id='word_1_505' title='bbox 942 3854 994 3903; x_wconf 90' lang='lat' dir='ltr'>te</span> <span class='ocrx_word' id='word_1_506' title='bbox 1025 3849 1097 3903; x_wconf 90' lang='lat' dir='ltr'>ab</span> <span class='ocrx_word' id='word_1_507' title='bbox 1124 3849 1441 3920; x_wconf 91' lang='lat' dir='ltr'>impostore</span> <span class='ocrx_word' id='word_1_508' title='bbox 1464 3851 1574 3905; x_wconf 86' lang='lat' dir='ltr'>hoc</span> <span class='ocrx_word' id='word_1_509' title='bbox 1604 3852 1827 3906; x_wconf 91' lang='lat' dir='ltr'>mundo</span> <span class='ocrx_word' id='word_1_510' title='bbox 1850 3852 2028 3907; x_wconf 89' lang='lat' dir='ltr'>abdu-</span> 
     </span>
    </p>
   </div>
   <div class='ocr_carea' id='block_1_76' title="bbox 390 3939 2028 4011">
    <p class='ocr_par' dir='ltr' id='par_1_76' title="bbox 390 3939 2028 4011">
     <span class='ocr_line' id='line_1_76' title="bbox 390 3939 2028 4011; baseline 0.002 -18"><span class='ocrx_word' id='word_1_511' title='bbox 390 3955 539 3996; x_wconf 89' lang='lat' dir='ltr'>cam.</span> <span class='ocrx_word' id='word_1_512' title='bbox 573 3940 754 4003; x_wconf 86' lang='lat' dir='ltr'>Quem</span> <span class='ocrx_word' id='word_1_513' title='bbox 774 3939 1015 4009; x_wconf 88' lang='lat' dir='ltr'>quidem</span> <span class='ocrx_word' id='word_1_514' title='bbox 1048 3939 1173 4009; x_wconf 89' lang='lat' dir='ltr'>ipse</span> <span class='ocrx_word' id='word_1_515' title='bbox 1197 3957 1430 4010; x_wconf 89' lang='lat' dir='ltr'>quoque</span> <span class='ocrx_word' id='word_1_516' title='bbox 1462 3940 1781 4011; x_wconf 88' lang='lat' dir='ltr'>aliquando</span> <span class='ocrx_word' id='word_1_517' title='bbox 1816 3942 2028 3996; x_wconf 90' lang='lat' dir='ltr'>misere</span> 
     </span>
    </p>
   </div>
   <div class='ocr_carea' id='block_1_77' title="bbox 394 4030 2030 4101">
    <p class='ocr_par' dir='ltr' id='par_1_77' title="bbox 394 4030 2030 4101">
     <span class='ocr_line' id='line_1_77' title="bbox 394 4030 2030 4101; baseline 0.002 -16"><span class='ocrx_word' id='word_1_518' title='bbox 394 4030 686 4093; x_wconf 88' lang='lat' dir='ltr'>amabam,</span> <span class='ocrx_word' id='word_1_519' title='bbox 706 4031 953 4101; x_wconf 85' lang='lat' dir='ltr'>ejusque</span> <span class='ocrx_word' id='word_1_520' title='bbox 974 4030 1301 4100; x_wconf 87' lang='lat' dir='ltr'>voluptates</span> <span class='ocrx_word' id='word_1_521' title='bbox 1333 4037 1390 4085; x_wconf 90' lang='lat' dir='ltr'>et</span> <span class='ocrx_word' id='word_1_522' title='bbox 1408 4031 1843 4088; x_wconf 88' lang='lat' dir='ltr'>oblectamenta</span> <span class='ocrx_word' id='word_1_523' title='bbox 1873 4050 2030 4088; x_wconf 89' lang='lat' dir='ltr'>com-</span> 
     </span>
    </p>
   </div>
   <div class='ocr_carea' id='block_1_78' title="bbox 384 4118 2039 4190">
    <p class='ocr_par' dir='ltr' id='par_1_78' title="bbox 384 4118 2039 4190">
     <span class='ocr_line' id='line_1_78' title="bbox 384 4118 2039 4190; baseline 0.001 -18"><span class='ocrx_word' id='word_1_524' title='bbox 384 4118 1001 4190; x_wconf 70' lang='lat' dir='ltr'>ploctebar.Caaterum</span> <span class='ocrx_word' id='word_1_525' title='bbox 1013 4135 1146 4174; x_wconf 89' lang='lat' dir='ltr'>cum</span> <span class='ocrx_word' id='word_1_526' title='bbox 1158 4120 1333 4175; x_wconf 91' lang='lat' dir='ltr'>rectis</span> <span class='ocrx_word' id='word_1_527' title='bbox 1348 4121 1564 4175; x_wconf 90' lang='lat' dir='ltr'>mentis</span> <span class='ocrx_word' id='word_1_528' title='bbox 1576 4122 1762 4176; x_wconf 91' lang='lat' dir='ltr'>oculis</span> <span class='ocrx_word' id='word_1_529' title='bbox 1775 4122 2039 4178; x_wconf 77' lang='lat' dir='ltr'>animad.</span> 
     </span>
    </p>
   </div>
   <div class='ocr_carea' id='block_1_79' title="bbox 387 4207 2039 4276">
    <p class='ocr_par' dir='ltr' id='par_1_79' title="bbox 387 4207 2039 4276">
     <span class='ocr_line' id='line_1_79' title="bbox 387 4207 2039 4276; baseline 0.003 -17"><span class='ocrx_word' id='word_1_530' title='bbox 387 4207 693 4260; x_wconf 86' lang='lat' dir='ltr'>vertissem</span> <span class='ocrx_word' id='word_1_531' title='bbox 709 4207 1208 4276; x_wconf 81' lang='lat' dir='ltr'>quemadmodum</span> <span class='ocrx_word' id='word_1_532' title='bbox 1230 4208 1291 4261; x_wconf 89' lang='lat' dir='ltr'>in</span> <span class='ocrx_word' id='word_1_533' title='bbox 1306 4208 1397 4262; x_wconf 90' lang='lat' dir='ltr'>his</span> <span class='ocrx_word' id='word_1_534' title='bbox 1411 4208 1586 4263; x_wconf 81' lang='lat' dir='ltr'>rebus</span> <span class='ocrx_word' id='word_1_535' title='bbox 1602 4209 1873 4264; x_wconf 79' lang='lat' dir='ltr'>universa</span> <span class='ocrx_word' id='word_1_536' title='bbox 1890 4226 2039 4264; x_wconf 88' lang='lat' dir='ltr'>mor-</span> 
     </span>
    </p>
   </div>
   <div class='ocr_carea' id='block_1_80' title="bbox 392 4295 2032 4366">
    <p class='ocr_par' dir='ltr' id='par_1_80' title="bbox 392 4295 2032 4366">
     <span class='ocr_line' id='line_1_80' title="bbox 392 4295 2032 4366; baseline 0.002 -17"><span class='ocrx_word' id='word_1_537' title='bbox 392 4295 601 4350; x_wconf 89' lang='lat' dir='ltr'>talium</span> <span class='ocrx_word' id='word_1_538' title='bbox 620 4297 736 4350; x_wconf 88' lang='lat' dir='ltr'>vita</span> <span class='ocrx_word' id='word_1_539' title='bbox 756 4297 1100 4365; x_wconf 86' lang='lat' dir='ltr'>conteritur,</span> <span class='ocrx_word' id='word_1_540' title='bbox 1124 4297 1257 4351; x_wconf 92' lang='lat' dir='ltr'>aliis</span> <span class='ocrx_word' id='word_1_541' title='bbox 1279 4297 1563 4351; x_wconf 89' lang='lat' dir='ltr'>nimirum</span> <span class='ocrx_word' id='word_1_542' title='bbox 1596 4299 2032 4366; x_wconf 89' lang='lat' dir='ltr'>accedentibus,</span> 
     </span>
    </p>
   </div>
   <div class='ocr_carea' id='block_1_81' title="bbox 394 4384 2035 4453">
    <p class='ocr_par' dir='ltr' id='par_1_81' title="bbox 394 4384 2035 4453">
     <span class='ocr_line' id='line_1_81' title="bbox 394 4384 2035 4453; baseline 0.001 -15"><span class='ocrx_word' id='word_1_543' title='bbox 394 4385 528 4439; x_wconf 90' lang='lat' dir='ltr'>aliis</span> <span class='ocrx_word' id='word_1_544' title='bbox 554 4384 999 4453; x_wconf 90' lang='lat' dir='ltr'>decedentibus,</span> <span class='ocrx_word' id='word_1_545' title='bbox 1024 4402 1133 4440; x_wconf 88' lang='lat' dir='ltr'>nec</span> <span class='ocrx_word' id='word_1_546' title='bbox 1156 4386 1281 4440; x_wconf 94' lang='lat' dir='ltr'>ullo</span> <span class='ocrx_word' id='word_1_547' title='bbox 1305 4387 1545 4441; x_wconf 88' lang='lat' dir='ltr'>omnino</span> <span class='ocrx_word' id='word_1_548' title='bbox 1566 4387 1737 4442; x_wconf 89' lang='lat' dir='ltr'>ﬁrma</span> <span class='ocrx_word' id='word_1_549' title='bbox 1760 4394 1816 4441; x_wconf 91' lang='lat' dir='ltr'>ct</span> <span class='ocrx_word' id='word_1_550' title='bbox 1838 4387 2035 4442; x_wconf 89' lang='lat' dir='ltr'>stabili</span> 
     </span>
    </p>
   </div>
   <div class='ocr_carea' id='block_1_82' title="bbox 2130 3224 3781 3308">
    <p class='ocr_par' dir='ltr' id='par_1_82' title="bbox 2130 3224 3781 3308">
     <span class='ocr_line' id='line_1_82' title="bbox 2130 3224 3781 3308; baseline 0.002 -28"><span class='ocrx_word' id='word_1_551' title='bbox 2130 3229 2294 3302; x_wconf 76' lang='grc' dir='ltr'>τήρια</span> <span class='ocrx_word' id='word_1_552' title='bbox 2321 3224 2602 3298; x_wconf 80' lang='grc' dir='ltr'>διδάξαντα</span> <span class='ocrx_word' id='word_1_553' title='bbox 2635 3226 3039 3302; x_wconf 81' lang='grc' dir='ltr'>ἐπιτηδεύματα</span> <span class='ocrx_word' id='word_1_554' title='bbox 3067 3234 3146 3302; x_wconf 84' lang='grc' dir='ltr'>τῷ</span> <span class='ocrx_word' id='word_1_555' title='bbox 3200 3234 3401 3303; x_wconf 84' lang='grc' dir='ltr'>συνετῷ</span> <span class='ocrx_word' id='word_1_556' title='bbox 3443 3230 3533 3286; x_wconf 80' lang='grc' dir='ltr'>καὶ</span> <span class='ocrx_word' id='word_1_557' title='bbox 3582 3251 3781 3308; x_wconf 66' lang='grc' dir='ltr'>σοφω-</span> 
     </span>
    </p>
   </div>
   <div class='ocr_carea' id='block_1_83' title="bbox 2130 3314 3784 3394">
    <p class='ocr_par' dir='ltr' id='par_1_83' title="bbox 2130 3314 3784 3394">
     <span class='ocr_line' id='line_1_83' title="bbox 2130 3314 3784 3394; baseline 0.002 -24"><span class='ocrx_word' id='word_1_558' title='bbox 2130 3318 2278 3389; x_wconf 88' lang='grc' dir='ltr'>τάτῳ</span> <span class='ocrx_word' id='word_1_559' title='bbox 2313 3316 2548 3392; x_wconf 87' lang='grc' dir='ltr'>βασιλεῖ,</span> <span class='ocrx_word' id='word_1_560' title='bbox 2579 3320 2677 3387; x_wconf 76' lang='grc' dir='ltr'>τὴν</span> <span class='ocrx_word' id='word_1_561' title='bbox 2739 3318 2875 3391; x_wconf 80' lang='grc' dir='ltr'>ἐμὴν</span> <span class='ocrx_word' id='word_1_562' title='bbox 2922 3314 3275 3390; x_wconf 67' lang='grc' dir='ltr'>ύπολάμϐανε</span> <span class='ocrx_word' id='word_1_563' title='bbox 3318 3319 3508 3389; x_wconf 80' lang='grc' dir='ltr'>εὐτελῆ</span> <span class='ocrx_word' id='word_1_564' title='bbox 3555 3332 3784 3394; x_wconf 82' lang='grc' dir='ltr'>χθαμα-</span> 
     </span>
    </p>
   </div>
   <div class='ocr_carea' id='block_1_84' title="bbox 2136 3403 3782 3480">
    <p class='ocr_par' dir='ltr' id='par_1_84' title="bbox 2136 3403 3782 3480">
     <span class='ocr_line' id='line_1_84' title="bbox 2136 3403 3782 3480; baseline 0.002 -21"><span class='ocrx_word' id='word_1_565' title='bbox 2136 3403 2364 3473; x_wconf 76' lang='grc' dir='ltr'>λότητα,</span> <span class='ocrx_word' id='word_1_566' title='bbox 2396 3403 2453 3467; x_wconf 82' lang='grc' dir='ltr'>ὅς</span> <span class='ocrx_word' id='word_1_567' title='bbox 2484 3407 2584 3475; x_wconf 76' lang='grc' dir='ltr'>τήν</span> <span class='ocrx_word' id='word_1_568' title='bbox 2616 3405 2824 3480; x_wconf 72' lang='grc' dir='ltr'>ἀγαθήν</span> <span class='ocrx_word' id='word_1_569' title='bbox 2856 3404 2981 3462; x_wconf 89' lang='grc' dir='ltr'>ὁδὸν</span> <span class='ocrx_word' id='word_1_570' title='bbox 3008 3407 3097 3461; x_wconf 89' lang='lat' dir='ltr'>xui</span> <span class='ocrx_word' id='word_1_571' title='bbox 3131 3408 3347 3477; x_wconf 85' lang='grc' dir='ltr'>ἀπλανῆ</span> <span class='ocrx_word' id='word_1_572' title='bbox 3384 3406 3661 3479; x_wconf 73' lang='grc' dir='ltr'>ὑποδεῖξαί</span> <span class='ocrx_word' id='word_1_573' title='bbox 3688 3429 3782 3463; x_wconf 88' lang='grc' dir='ltr'>σοι</span> 
     </span>
    </p>
   </div>
   <div class='ocr_carea' id='block_1_85' title="bbox 2135 3492 3779 3572">
    <p class='ocr_par' dir='ltr' id='par_1_85' title="bbox 2135 3492 3779 3572">
     <span class='ocr_line' id='line_1_85' title="bbox 2135 3492 3779 3572; baseline 0.003 -25"><span class='ocrx_word' id='word_1_574' title='bbox 2135 3494 2275 3562; x_wconf 74' lang='grc' dir='ltr'>ἥκω,</span> <span class='ocrx_word' id='word_1_575' title='bbox 2305 3498 2424 3557; x_wconf 87' lang='grc' dir='ltr'>τοῖς</span> <span class='ocrx_word' id='word_1_576' title='bbox 2452 3492 2694 3557; x_wconf 82' lang='grc' dir='ltr'>αἰωνίοις</span> <span class='ocrx_word' id='word_1_577' title='bbox 2731 3495 2824 3567; x_wconf 70' lang='grc' dir='ltr'>μὲν</span> <span class='ocrx_word' id='word_1_578' title='bbox 2856 3497 2944 3550; x_wconf 88' lang='grc' dir='ltr'>καὶ</span> <span class='ocrx_word' id='word_1_579' title='bbox 2978 3494 3358 3566; x_wconf 78' lang='grc' dir='ltr'>ἀτελευτήτοις</span> <span class='ocrx_word' id='word_1_580' title='bbox 3412 3496 3612 3572; x_wconf 78' lang='grc' dir='ltr'>ὲνάγων</span> <span class='ocrx_word' id='word_1_581' title='bbox 3664 3496 3779 3553; x_wconf 73' lang='grc' dir='ltr'>κά-</span> 
     </span>
    </p>
   </div>
   <div class='ocr_carea' id='block_1_86' title="bbox 2135 3578 3780 3660">
    <p class='ocr_par' dir='ltr' id='par_1_86' title="bbox 2135 3578 3780 3660">
     <span class='ocr_line' id='line_1_86' title="bbox 2135 3578 3780 3660; baseline 0.001 -23"><span class='ocrx_word' id='word_1_582' title='bbox 2135 3588 2281 3637; x_wconf 85' lang='grc' dir='ltr'>κεῖσε</span> <span class='ocrx_word' id='word_1_583' title='bbox 2310 3584 2483 3637; x_wconf 86' lang='grc' dir='ltr'>πάντα</span> <span class='ocrx_word' id='word_1_584' title='bbox 2510 3578 2900 3656; x_wconf 76' lang='grc' dir='ltr'>συμϐουλεύων</span> <span class='ocrx_word' id='word_1_585' title='bbox 2933 3583 3249 3654; x_wconf 73' lang='grc' dir='ltr'>ἀποθεσθαι,</span> <span class='ocrx_word' id='word_1_586' title='bbox 3305 3584 3525 3660; x_wconf 75' lang='grc' dir='ltr'>ἀπάγων</span> <span class='ocrx_word' id='word_1_587' title='bbox 3573 3582 3631 3639; x_wconf 66' lang='grc' dir='ltr'>δὲ</span> <span class='ocrx_word' id='word_1_588' title='bbox 3674 3589 3780 3639; x_wconf 75' lang='grc' dir='ltr'>τοῦ</span> 
     </span>
    </p>
   </div>
   <div class='ocr_carea' id='block_1_87' title="bbox 2137 3669 3784 3748">
    <p class='ocr_par' dir='ltr' id='par_1_87' title="bbox 2137 3669 3784 3748">
     <span class='ocr_line' id='line_1_87' title="bbox 2137 3669 3784 3748; baseline 0.002 -23"><span class='ocrx_word' id='word_1_589' title='bbox 2137 3670 2344 3725; x_wconf 85' lang='grc' dir='ltr'>πλάνου</span> <span class='ocrx_word' id='word_1_590' title='bbox 2374 3670 2585 3743; x_wconf 85' lang='grc' dir='ltr'>κόσμου</span> <span class='ocrx_word' id='word_1_591' title='bbox 2616 3674 2759 3729; x_wconf 53' lang='lat' dir='ltr'>III</span> <span class='ocrx_word' id='word_1_592' title='bbox 2809 3671 3026 3742; x_wconf 86' lang='grc' dir='ltr'>τούτου,</span> <span class='ocrx_word' id='word_1_593' title='bbox 3085 3672 3247 3747; x_wconf 81' lang='grc' dir='ltr'>ὅνπερ</span> <span class='ocrx_word' id='word_1_594' title='bbox 3295 3673 3444 3748; x_wconf 82' lang='grc' dir='ltr'>κάγὼ</span> <span class='ocrx_word' id='word_1_595' title='bbox 3491 3669 3784 3747; x_wconf 75' lang='grc' dir='ltr'>δυστυχῶς</span> 
     </span>
    </p>
   </div>
   <div class='ocr_carea' id='block_1_88' title="bbox 2138 3759 3811 3838">
    <p class='ocr_par' dir='ltr' id='par_1_88' title="bbox 2138 3759 3811 3838">
     <span class='ocr_line' id='line_1_88' title="bbox 2138 3759 3811 3838; baseline 0.001 -23"><span class='ocrx_word' id='word_1_596' title='bbox 2138 3759 2383 3838; x_wconf 73' lang='grc' dir='ltr'>ἐφίλουν,</span> <span class='ocrx_word' id='word_1_597' title='bbox 2412 3760 2634 3815; x_wconf 86' lang='grc' dir='ltr'>καὶτῶν</span> <span class='ocrx_word' id='word_1_598' title='bbox 2668 3761 2832 3816; x_wconf 79' lang='grc' dir='ltr'>αὐτοῦ</span> <span class='ocrx_word' id='word_1_599' title='bbox 2888 3761 3222 3837; x_wconf 86' lang='grc' dir='ltr'>ἀντειχόμην</span> <span class='ocrx_word' id='word_1_600' title='bbox 3279 3766 3520 3837; x_wconf 84' lang='grc' dir='ltr'>τερπνῶν</span> <span class='ocrx_word' id='word_1_601' title='bbox 3576 3782 3635 3816; x_wconf 84' lang='grc' dir='ltr'>τε</span> <span class='ocrx_word' id='word_1_602' title='bbox 3682 3762 3811 3817; x_wconf 75' lang='grc' dir='ltr'>καῖ’</span> 
     </span>
    </p>
   </div>
   <div class='ocr_carea' id='block_1_89' title="bbox 2137 3847 3785 3920">
    <p class='ocr_par' dir='ltr' id='par_1_89' title="bbox 2137 3847 3785 3920">
     <span class='ocr_line' id='line_1_89' title="bbox 2137 3847 3785 3920; baseline 0.001 -17"><span class='ocrx_word' id='word_1_603' title='bbox 2137 3847 2576 3906; x_wconf 88' lang='grc' dir='ltr'>ἀπολαυστικῶν.</span> <span class='ocrx_word' id='word_1_604' title='bbox 2638 3852 2986 3920; x_wconf 77' lang='grc' dir='ltr'>Κατανοήσας</span> <span class='ocrx_word' id='word_1_605' title='bbox 3045 3848 3103 3904; x_wconf 74' lang='grc' dir='ltr'>δὲ</span> <span class='ocrx_word' id='word_1_606' title='bbox 3152 3855 3270 3913; x_wconf 82' lang='grc' dir='ltr'>τοῖς</span> <span class='ocrx_word' id='word_1_607' title='bbox 3328 3849 3588 3905; x_wconf 82' lang='grc' dir='ltr'>ἀπλανὲσι</span> <span class='ocrx_word' id='word_1_608' title='bbox 3678 3848 3785 3905; x_wconf 79' lang='grc' dir='ltr'><em>τοῦ</em></span> 
     </span>
    </p>
   </div>
   <div class='ocr_carea' id='block_1_90' title="bbox 2139 3935 3781 4016">
    <p class='ocr_par' dir='ltr' id='par_1_90' title="bbox 2139 3935 3781 4016">
     <span class='ocr_line' id='line_1_90' title="bbox 2139 3935 3781 4016; baseline 0 -24"><span class='ocrx_word' id='word_1_609' title='bbox 2139 3938 2264 4000; x_wconf 86' lang='grc' dir='ltr'>νοὸς</span> <span class='ocrx_word' id='word_1_610' title='bbox 2296 3935 2607 4016; x_wconf 80' lang='grc' dir='ltr'>ὀφθαλμοῖς</span> <span class='ocrx_word' id='word_1_611' title='bbox 2636 3943 2752 4000; x_wconf 86' lang='grc' dir='ltr'>πῶς</span> <span class='ocrx_word' id='word_1_612' title='bbox 2783 3937 2834 3994; x_wconf 81' lang='grc' dir='ltr'>ἐν</span> <span class='ocrx_word' id='word_1_613' title='bbox 2863 3937 3079 4001; x_wconf 80' lang='grc' dir='ltr'>τούτοις</span> <span class='ocrx_word' id='word_1_614' title='bbox 3128 3944 3231 4001; x_wconf 85' lang='grc' dir='ltr'>πᾶς</span> <span class='ocrx_word' id='word_1_615' title='bbox 3261 3939 3290 3994; x_wconf 83' lang='grc' dir='ltr'>ὁ</span> <span class='ocrx_word' id='word_1_616' title='bbox 3312 3942 3420 3994; x_wconf 88' lang='grc' dir='ltr'>τῶν</span> <span class='ocrx_word' id='word_1_617' title='bbox 3476 3938 3781 4013; x_wconf 82' lang='grc' dir='ltr'>ἀνθρώπων</span> 
     </span>
    </p>
   </div>
   <div class='ocr_carea' id='block_1_91' title="bbox 2140 4021 3783 4105">
    <p class='ocr_par' dir='ltr' id='par_1_91' title="bbox 2140 4021 3783 4105">
     <span class='ocr_line' id='line_1_91' title="bbox 2140 4021 3783 4105; baseline 0 -23"><span class='ocrx_word' id='word_1_618' title='bbox 2140 4021 2518 4101; x_wconf 77' lang='grc' dir='ltr'>κατατρίϐεται</span> <span class='ocrx_word' id='word_1_619' title='bbox 2554 4026 2693 4101; x_wconf 75' lang='grc' dir='ltr'>βίος,</span> <span class='ocrx_word' id='word_1_620' title='bbox 2753 4032 2862 4083; x_wconf 88' lang='grc' dir='ltr'>τῶν</span> <span class='ocrx_word' id='word_1_621' title='bbox 2912 4028 3006 4100; x_wconf 72' lang='grc' dir='ltr'>μὲν</span> <span class='ocrx_word' id='word_1_622' title='bbox 3051 4021 3517 4105; x_wconf 71' lang='grc' dir='ltr'>παραγινομένων,</span> <span class='ocrx_word' id='word_1_623' title='bbox 3565 4032 3672 4082; x_wconf 86' lang='grc' dir='ltr'>τῶν</span> <span class='ocrx_word' id='word_1_624' title='bbox 3723 4026 3783 4082; x_wconf 71' lang='grc' dir='ltr'>δὲ</span> 
     </span>
    </p>
   </div>
   <div class='ocr_carea' id='block_1_92' title="bbox 2145 4114 3779 4192">
    <p class='ocr_par' dir='ltr' id='par_1_92' title="bbox 2145 4114 3779 4192">
     <span class='ocr_line' id='line_1_92' title="bbox 2145 4114 3779 4192; baseline 0 -22"><span class='ocrx_word' id='word_1_625' title='bbox 2145 4115 2507 4191; x_wconf 81' lang='grc' dir='ltr'>ἂπαιρόντων,</span> <span class='ocrx_word' id='word_1_626' title='bbox 2538 4116 2627 4171; x_wconf 87' lang='grc' dir='ltr'>καὶ</span> <span class='ocrx_word' id='word_1_627' title='bbox 2654 4114 2887 4189; x_wconf 80' lang='grc' dir='ltr'>μηδενὸς</span> <span class='ocrx_word' id='word_1_628' title='bbox 2921 4114 3147 4192; x_wconf 82' lang='grc' dir='ltr'>ἔχοντος</span> <span class='ocrx_word' id='word_1_629' title='bbox 3172 4118 3234 4172; x_wconf 84' lang='grc' dir='ltr'>τὸ</span> <span class='ocrx_word' id='word_1_630' title='bbox 3292 4116 3549 4190; x_wconf 82' lang='grc' dir='ltr'>στάσιμόν</span> <span class='ocrx_word' id='word_1_631' title='bbox 3574 4137 3635 4171; x_wconf 87' lang='grc' dir='ltr'>τε</span> <span class='ocrx_word' id='word_1_632' title='bbox 3682 4117 3779 4171; x_wconf 82' lang='grc' dir='ltr'>καὶ</span> 
     </span>
    </p>
   </div>
   <div class='ocr_carea' id='block_1_93' title="bbox 2149 4201 3780 4281">
    <p class='ocr_par' dir='ltr' id='par_1_93' title="bbox 2149 4201 3780 4281">
     <span class='ocr_line' id='line_1_93' title="bbox 2149 4201 3780 4281; baseline 0.002 -23"><span class='ocrx_word' id='word_1_633' title='bbox 2149 4201 2387 4281; x_wconf 69' lang='grc' dir='ltr'>βέϐαιον,</span> <span class='ocrx_word' id='word_1_634' title='bbox 2421 4208 2559 4277; x_wconf 81' lang='grc' dir='ltr'>μήτε</span> <span class='ocrx_word' id='word_1_635' title='bbox 2587 4211 2693 4261; x_wconf 91' lang='grc' dir='ltr'>τῶν</span> <span class='ocrx_word' id='word_1_636' title='bbox 2724 4207 3106 4262; x_wconf 81' lang='grc' dir='ltr'>πλουτούντων</span> <span class='ocrx_word' id='word_1_637' title='bbox 3138 4206 3188 4261; x_wconf 75' lang='grc' dir='ltr'>ἐν</span> <span class='ocrx_word' id='word_1_638' title='bbox 3219 4212 3299 4280; x_wconf 79' lang='grc' dir='ltr'>τῷ</span> <span class='ocrx_word' id='word_1_639' title='bbox 3329 4205 3574 4280; x_wconf 82' lang='grc' dir='ltr'>πλούτῳ,</span> <span class='ocrx_word' id='word_1_640' title='bbox 3637 4208 3780 4279; x_wconf 71' lang='grc' dir='ltr'>μήτε</span> 
     </span>
    </p>
   </div>
   <div class='ocr_carea' id='block_1_94' title="bbox 2143 4293 3777 4371">
    <p class='ocr_par' dir='ltr' id='par_1_94' title="bbox 2143 4293 3777 4371">
     <span class='ocr_line' id='line_1_94' title="bbox 2143 4293 3777 4371; baseline 0.002 -24"><span class='ocrx_word' id='word_1_641' title='bbox 2143 4298 2249 4348; x_wconf 87' lang='grc' dir='ltr'>τῶν</span> <span class='ocrx_word' id='word_1_642' title='bbox 2284 4293 2519 4349; x_wconf 89' lang='grc' dir='ltr'>δυνατῶν</span> <span class='ocrx_word' id='word_1_643' title='bbox 2551 4293 2603 4349; x_wconf 79' lang='grc' dir='ltr'>ἐν</span> <span class='ocrx_word' id='word_1_644' title='bbox 2634 4300 2702 4369; x_wconf 82' lang='grc' dir='ltr'>τῇ</span> <span class='ocrx_word' id='word_1_645' title='bbox 2736 4294 2910 4371; x_wconf 73' lang='grc' dir='ltr'>ἰσχύϊ,</span> <span class='ocrx_word' id='word_1_646' title='bbox 2945 4298 3085 4368; x_wconf 78' lang='grc' dir='ltr'>μήτε</span> <span class='ocrx_word' id='word_1_647' title='bbox 3111 4299 3217 4350; x_wconf 90' lang='grc' dir='ltr'>τῶν</span> <span class='ocrx_word' id='word_1_648' title='bbox 3246 4300 3427 4370; x_wconf 76' lang='grc' dir='ltr'>σοφῶν</span> <span class='ocrx_word' id='word_1_649' title='bbox 3454 4294 3506 4350; x_wconf 81' lang='grc' dir='ltr'>ἐν</span> <span class='ocrx_word' id='word_1_650' title='bbox 3565 4298 3633 4368; x_wconf 81' lang='grc' dir='ltr'>τῇ</span> <span class='ocrx_word' id='word_1_651' title='bbox 3684 4316 3777 4351; x_wconf 90' lang='grc' dir='ltr'>σο-</span> 
     </span>
    </p>
   </div>
   <div class='ocr_carea' id='block_1_95' title="bbox 2146 4384 3774 4462">
    <p class='ocr_par' dir='ltr' id='par_1_95' title="bbox 2146 4384 3774 4462">
     <span class='ocr_line' id='line_1_95' title="bbox 2146 4384 3774 4462; baseline 0 -24"><span class='ocrx_word' id='word_1_652' title='bbox 2146 4384 2260 4462; x_wconf 70' lang='grc' dir='ltr'>φίᾳ,</span> <span class='ocrx_word' id='word_1_653' title='bbox 2320 4384 2449 4458; x_wconf 79' lang='grc' dir='ltr'>μηδ’</span> <span class='ocrx_word' id='word_1_654' title='bbox 2505 4385 2569 4439; x_wconf 75' lang='grc' dir='ltr'>αὖ</span> <span class='ocrx_word' id='word_1_655' title='bbox 2622 4391 2729 4441; x_wconf 89' lang='grc' dir='ltr'>τῶν</span> <span class='ocrx_word' id='word_1_656' title='bbox 2788 4386 3200 4462; x_wconf 80' lang='grc' dir='ltr'>εὐημερούντων</span> <span class='ocrx_word' id='word_1_657' title='bbox 3254 4384 3308 4440; x_wconf 80' lang='grc' dir='ltr'>ἐν</span> <span class='ocrx_word' id='word_1_658' title='bbox 3362 4389 3432 4460; x_wconf 76' lang='grc' dir='ltr'>τῇ</span> <span class='ocrx_word' id='word_1_659' title='bbox 3489 4384 3774 4460; x_wconf 73' lang='grc' dir='ltr'>εὐημερίᾳ,</span> 
     </span>
    </p>
   </div>
   <div class='ocr_carea' id='block_1_96' title="bbox 394 4473 2026 4568">
    <p class='ocr_par' dir='ltr' id='par_1_96' title="bbox 394 4474 2026 4547">
     <span class='ocr_line' id='line_1_96' title="bbox 394 4474 2026 4547; baseline -0.001 -17"><span class='ocrx_word' id='word_1_660' title='bbox 394 4475 532 4530; x_wconf 90' lang='lat' dir='ltr'>sede</span> <span class='ocrx_word' id='word_1_661' title='bbox 564 4474 904 4543; x_wconf 88' lang='lat' dir='ltr'>constituto,</span> <span class='ocrx_word' id='word_1_662' title='bbox 925 4475 1034 4529; x_wconf 90' lang='lat' dir='ltr'>hoc</span> <span class='ocrx_word' id='word_1_663' title='bbox 1056 4480 1164 4543; x_wconf 88' lang='lat' dir='ltr'>est,</span> <span class='ocrx_word' id='word_1_664' title='bbox 1189 4491 1299 4529; x_wconf 91' lang='lat' dir='ltr'>nec</span> <span class='ocrx_word' id='word_1_665' title='bbox 1325 4476 1601 4529; x_wconf 87' lang='lat' dir='ltr'>divitibus</span> <span class='ocrx_word' id='word_1_666' title='bbox 1626 4482 1683 4529; x_wconf 91' lang='lat' dir='ltr'>et</span> <span class='ocrx_word' id='word_1_667' title='bbox 1701 4475 2026 4547; x_wconf 90' lang='lat' dir='ltr'>copiosisin</span> 
     </span>
    </p>
   </div>
   <div class='ocr_carea' id='block_1_97' title="bbox 2135 4473 3774 4568">
    <p class='ocr_par' dir='ltr' id='par_1_97' title="bbox 2141 4473 3774 4550">
     <span class='ocr_line' id='line_1_97' title="bbox 2141 4473 3774 4550; baseline 0 -22"><span class='ocrx_word' id='word_1_668' title='bbox 2141 4476 2281 4548; x_wconf 80' lang='grc' dir='ltr'>μήτε</span> <span class='ocrx_word' id='word_1_669' title='bbox 2335 4479 2443 4529; x_wconf 89' lang='grc' dir='ltr'>τῶν</span> <span class='ocrx_word' id='word_1_670' title='bbox 2499 4477 2830 4550; x_wconf 85' lang='grc' dir='ltr'>τρυφώντων</span> <span class='ocrx_word' id='word_1_671' title='bbox 2889 4473 2941 4530; x_wconf 81' lang='grc' dir='ltr'>ἐν</span> <span class='ocrx_word' id='word_1_672' title='bbox 3141 4474 3416 4550; x_wconf 69' lang='grc' dir='ltr'>σπατάὶῃ,</span> <span class='ocrx_word' id='word_1_673' title='bbox 3474 4478 3613 4547; x_wconf 75' lang='grc' dir='ltr'>μήτε</span> <span class='ocrx_word' id='word_1_674' title='bbox 3667 4478 3774 4529; x_wconf 87' lang='grc' dir='ltr'>τῶν</span> 
     </span>
    </p>
   </div>
   <div class='ocr_carea' id='block_1_98' title="bbox 391 4562 2032 4634">
    <p class='ocr_par' dir='ltr' id='par_1_98' title="bbox 391 4562 2032 4634">
     <span class='ocr_line' id='line_1_98' title="bbox 391 4562 2032 4634; baseline -0.001 -17"><span class='ocrx_word' id='word_1_675' title='bbox 391 4562 623 4634; x_wconf 84' lang='lat' dir='ltr'>opibus,</span> <span class='ocrx_word' id='word_1_676' title='bbox 657 4578 765 4618; x_wconf 92' lang='lat' dir='ltr'>nec</span> <span class='ocrx_word' id='word_1_677' title='bbox 805 4562 1145 4633; x_wconf 86' lang='lat' dir='ltr'>potentibus</span> <span class='ocrx_word' id='word_1_678' title='bbox 1182 4563 1243 4616; x_wconf 91' lang='lat' dir='ltr'>in</span> <span class='ocrx_word' id='word_1_679' title='bbox 1274 4563 1558 4633; x_wconf 87' lang='lat' dir='ltr'>potentia,</span> <span class='ocrx_word' id='word_1_680' title='bbox 1593 4579 1701 4617; x_wconf 88' lang='lat' dir='ltr'>nec</span> <span class='ocrx_word' id='word_1_681' title='bbox 1749 4563 2032 4634; x_wconf 89' lang='lat' dir='ltr'>sapienti-</span> 
     </span>
    </p>
   </div>
   <div class='ocr_carea' id='block_1_99' title="bbox 390 4650 2036 4722">
    <p class='ocr_par' dir='ltr' id='par_1_99' title="bbox 390 4650 2036 4722">
     <span class='ocr_line' id='line_1_99' title="bbox 390 4650 2036 4722; baseline -0.001 -15"><span class='ocrx_word' id='word_1_682' title='bbox 390 4651 503 4707; x_wconf 88' lang='lat' dir='ltr'>bus</span> <span class='ocrx_word' id='word_1_683' title='bbox 536 4652 596 4706; x_wconf 88' lang='lat' dir='ltr'>in</span> <span class='ocrx_word' id='word_1_684' title='bbox 619 4651 927 4722; x_wconf 87' lang='lat' dir='ltr'>sapientia,</span> <span class='ocrx_word' id='word_1_685' title='bbox 946 4668 1055 4705; x_wconf 92' lang='lat' dir='ltr'>nec</span> <span class='ocrx_word' id='word_1_686' title='bbox 1078 4650 1150 4705; x_wconf 92' lang='lat' dir='ltr'>iis</span> <span class='ocrx_word' id='word_1_687' title='bbox 1174 4650 1389 4720; x_wconf 91' lang='lat' dir='ltr'>quibus</span> <span class='ocrx_word' id='word_1_688' title='bbox 1411 4666 1693 4721; x_wconf 90' lang='lat' dir='ltr'>prospere</span> <span class='ocrx_word' id='word_1_689' title='bbox 1708 4668 1803 4705; x_wconf 91' lang='lat' dir='ltr'>res</span> <span class='ocrx_word' id='word_1_690' title='bbox 1834 4667 2036 4706; x_wconf 88' lang='lat' dir='ltr'>succe-</span> 
     </span>
    </p>
   </div>
   <div class='ocr_carea' id='block_1_100' title="bbox 394 4738 2036 4812">
    <p class='ocr_par' dir='ltr' id='par_1_100' title="bbox 394 4738 2036 4812">
     <span class='ocr_line' id='line_1_100' title="bbox 394 4738 2036 4812; baseline 0 -17"><span class='ocrx_word' id='word_1_691' title='bbox 394 4741 563 4811; x_wconf 86' lang='lat' dir='ltr'>dunt,</span> <span class='ocrx_word' id='word_1_692' title='bbox 590 4741 651 4795; x_wconf 89' lang='lat' dir='ltr'>in</span> <span class='ocrx_word' id='word_1_693' title='bbox 682 4742 1095 4812; x_wconf 87' lang='lat' dir='ltr'>prosperitate,</span> <span class='ocrx_word' id='word_1_694' title='bbox 1128 4755 1238 4793; x_wconf 88' lang='lat' dir='ltr'>nec</span> <span class='ocrx_word' id='word_1_695' title='bbox 1285 4738 1449 4793; x_wconf 75' lang='lat' dir='ltr'>luxui</span> <span class='ocrx_word' id='word_1_696' title='bbox 1473 4739 1687 4793; x_wconf 90' lang='lat' dir='ltr'>deditis</span> <span class='ocrx_word' id='word_1_697' title='bbox 1712 4739 1773 4793; x_wconf 92' lang='lat' dir='ltr'>in</span> <span class='ocrx_word' id='word_1_698' title='bbox 1804 4740 1944 4794; x_wconf 78' lang='lat' dir='ltr'>luxu</span> <span class='ocrx_word' id='word_1_699' title='bbox 1978 4750 2036 4801; x_wconf 82' lang='lat' dir='ltr'>et</span> 
     </span>
    </p>
   </div>
   <div class='ocr_carea' id='block_1_101' title="bbox 391 4827 2034 4903">
    <p class='ocr_par' dir='ltr' id='par_1_101' title="bbox 391 4827 2034 4903">
     <span class='ocr_line' id='line_1_101' title="bbox 391 4827 2034 4903; baseline -0.002 -15"><span class='ocrx_word' id='word_1_700' title='bbox 391 4832 678 4903; x_wconf 86' lang='lat' dir='ltr'>cupediis,</span> <span class='ocrx_word' id='word_1_701' title='bbox 704 4847 812 4884; x_wconf 88' lang='lat' dir='ltr'>nec</span> <span class='ocrx_word' id='word_1_702' title='bbox 831 4831 901 4883; x_wconf 91' lang='lat' dir='ltr'>iis</span> <span class='ocrx_word' id='word_1_703' title='bbox 922 4829 1027 4898; x_wconf 88' lang='lat' dir='ltr'>qui</span> <span class='ocrx_word' id='word_1_704' title='bbox 1056 4844 1261 4882; x_wconf 89' lang='lat' dir='ltr'>secure</span> <span class='ocrx_word' id='word_1_705' title='bbox 1293 4827 1402 4881; x_wconf 88' lang='lat' dir='ltr'>sibi</span> <span class='ocrx_word' id='word_1_706' title='bbox 1437 4828 1623 4881; x_wconf 84' lang='lat' dir='ltr'>vivere</span> <span class='ocrx_word' id='word_1_707' title='bbox 1644 4828 1940 4895; x_wconf 89' lang='lat' dir='ltr'>videntur,</span> <span class='ocrx_word' id='word_1_708' title='bbox 1972 4830 2034 4884; x_wconf 91' lang='lat' dir='ltr'>in</span> 
     </span>
    </p>
   </div>
   <div class='ocr_carea' id='block_1_102' title="bbox 388 4916 2035 4976">
    <p class='ocr_par' dir='ltr' id='par_1_102' title="bbox 388 4916 2035 4976">
     <span class='ocr_line' id='line_1_102' title="bbox 388 4916 2035 4976; baseline -0.001 0"><span class='ocrx_word' id='word_1_709' title='bbox 388 4921 551 4976; x_wconf 89' lang='lat' dir='ltr'>inani</span> <span class='ocrx_word' id='word_1_710' title='bbox 567 4936 673 4975; x_wconf 90' lang='lat' dir='ltr'>sua</span> <span class='ocrx_word' id='word_1_711' title='bbox 686 4916 1229 4974; x_wconf 84' lang='lat' dir='ltr'>etimbecillissima</span> <span class='ocrx_word' id='word_1_712' title='bbox 1249 4918 1563 4972; x_wconf 86' lang='lat' dir='ltr'>securitate</span> <span class='ocrx_word' id='word_1_713' title='bbox 1577 4934 1685 4972; x_wconf 90' lang='lat' dir='ltr'>nec</span> <span class='ocrx_word' id='word_1_714' title='bbox 1701 4918 1761 4972; x_wconf 92' lang='lat' dir='ltr'>in</span> <span class='ocrx_word' id='word_1_715' title='bbox 1779 4919 1902 4973; x_wconf 88' lang='lat' dir='ltr'>ulla</span> <span class='ocrx_word' id='word_1_716' title='bbox 1918 4920 2035 4975; x_wconf 86' lang='lat' dir='ltr'>alia</span> 
     </span>
    </p>
   </div>
   <div class='ocr_carea' id='block_1_103' title="bbox 387 5007 2033 5078">
    <p class='ocr_par' dir='ltr' id='par_1_103' title="bbox 387 5007 2033 5078">
     <span class='ocr_line' id='line_1_103' title="bbox 387 5007 2033 5078; baseline -0.001 -13"><span class='ocrx_word' id='word_1_717' title='bbox 387 5029 451 5065; x_wconf 89' lang='lat' dir='ltr'>re</span> <span class='ocrx_word' id='word_1_718' title='bbox 479 5027 547 5063; x_wconf 85' lang='lat' dir='ltr'>ex</span> <span class='ocrx_word' id='word_1_719' title='bbox 562 5011 633 5063; x_wconf 92' lang='lat' dir='ltr'>iis</span> <span class='ocrx_word' id='word_1_720' title='bbox 655 5026 784 5078; x_wconf 76' lang='lat' dir='ltr'>quae</span> <span class='ocrx_word' id='word_1_721' title='bbox 800 5007 1075 5061; x_wconf 89' lang='lat' dir='ltr'>laudibus</span> <span class='ocrx_word' id='word_1_722' title='bbox 1091 5007 1655 5062; x_wconf 77' lang='lat' dir='ltr'>eiferuntur.Verum</span> <span class='ocrx_word' id='word_1_723' title='bbox 1670 5010 1795 5063; x_wconf 82' lang='lat' dir='ltr'>haec</span> <span class='ocrx_word' id='word_1_724' title='bbox 1814 5026 1906 5064; x_wconf 87' lang='lat' dir='ltr'>res</span> <span class='ocrx_word' id='word_1_725' title='bbox 1924 5017 2033 5064; x_wconf 86' lang='lat' dir='ltr'>tor-</span> 
     </span>
    </p>
   </div>
   <div class='ocr_carea' id='block_1_104' title="bbox 388 5094 2031 5165">
    <p class='ocr_par' dir='ltr' id='par_1_104' title="bbox 388 5094 2031 5165">
     <span class='ocr_line' id='line_1_104' title="bbox 388 5094 2031 5165; baseline 0 -12"><span class='ocrx_word' id='word_1_726' title='bbox 388 5098 648 5153; x_wconf 89' lang='lat' dir='ltr'>rentium</span> <span class='ocrx_word' id='word_1_727' title='bbox 696 5112 984 5165; x_wconf 90' lang='lat' dir='ltr'>aquarum</span> <span class='ocrx_word' id='word_1_728' title='bbox 1016 5095 1078 5148; x_wconf 92' lang='lat' dir='ltr'>in</span> <span class='ocrx_word' id='word_1_729' title='bbox 1116 5094 1476 5164; x_wconf 83' lang='lat' dir='ltr'>profundum</span> <span class='ocrx_word' id='word_1_730' title='bbox 1511 5114 1670 5152; x_wconf 89' lang='lat' dir='ltr'>mare</span> <span class='ocrx_word' id='word_1_731' title='bbox 1704 5097 2031 5153; x_wconf 90' lang='lat' dir='ltr'>labentium</span> 
     </span>
    </p>
   </div>
   <div class='ocr_carea' id='block_1_105' title="bbox 390 5183 2036 5251">
    <p class='ocr_par' dir='ltr' id='par_1_105' title="bbox 390 5183 2036 5251">
     <span class='ocr_line' id='line_1_105' title="bbox 390 5183 2036 5251; baseline 0.001 -10"><span class='ocrx_word' id='word_1_732' title='bbox 390 5184 892 5242; x_wconf 79' lang='lat' dir='ltr'>transituisimilis</span> <span class='ocrx_word' id='word_1_733' title='bbox 915 5189 1030 5251; x_wconf 86' lang='lat' dir='ltr'>est;</span> <span class='ocrx_word' id='word_1_734' title='bbox 1048 5183 1255 5239; x_wconf 86' lang='lat' dir='ltr'>eodem</span> <span class='ocrx_word' id='word_1_735' title='bbox 1289 5183 1446 5239; x_wconf 88' lang='lat' dir='ltr'>enim</span> <span class='ocrx_word' id='word_1_736' title='bbox 1466 5185 1639 5240; x_wconf 91' lang='lat' dir='ltr'>modo</span> <span class='ocrx_word' id='word_1_737' title='bbox 1653 5186 1813 5242; x_wconf 85' lang='lat' dir='ltr'>ﬂuxa</span> <span class='ocrx_word' id='word_1_738' title='bbox 1827 5193 2036 5243; x_wconf 87' lang='lat' dir='ltr'>suntet</span> 
     </span>
    </p>
   </div>
   <div class='ocr_carea' id='block_1_106' title="bbox 2146 4562 3772 4642">
    <p class='ocr_par' dir='ltr' id='par_1_106' title="bbox 2146 4562 3772 4642">
     <span class='ocr_line' id='line_1_106' title="bbox 2146 4562 3772 4642; baseline -0.001 -22"><span class='ocrx_word' id='word_1_739' title='bbox 2146 4564 2401 4639; x_wconf 80' lang='grc' dir='ltr'>ἀσφαλῶς</span> <span class='ocrx_word' id='word_1_740' title='bbox 2432 4563 2733 4621; x_wconf 85' lang='grc' dir='ltr'>δοκούντων</span> <span class='ocrx_word' id='word_1_741' title='bbox 2793 4567 2940 4642; x_wconf 80' lang='grc' dir='ltr'>βιοῦν</span> <span class='ocrx_word' id='word_1_742' title='bbox 2975 4564 3026 4621; x_wconf 81' lang='grc' dir='ltr'>ἐν</span> <span class='ocrx_word' id='word_1_743' title='bbox 3082 4569 3151 4640; x_wconf 77' lang='grc' dir='ltr'>τῇ</span> <span class='ocrx_word' id='word_1_744' title='bbox 3212 4565 3411 4639; x_wconf 78' lang='grc' dir='ltr'>ματαίᾳ</span> <span class='ocrx_word' id='word_1_745' title='bbox 3464 4565 3638 4619; x_wconf 85' lang='grc' dir='ltr'>αὐτῶν</span> <span class='ocrx_word' id='word_1_746' title='bbox 3686 4562 3772 4619; x_wconf 81' lang='grc' dir='ltr'>καὶ</span> 
     </span>
    </p>
   </div>
   <div class='ocr_carea' id='block_1_107' title="bbox 2143 4650 3774 4732">
    <p class='ocr_par' dir='ltr' id='par_1_107' title="bbox 2143 4650 3774 4732">
     <span class='ocr_line' id='line_1_107' title="bbox 2143 4650 3774 4732; baseline 0.001 -25"><span class='ocrx_word' id='word_1_747' title='bbox 2143 4652 2504 4729; x_wconf 71' lang='grc' dir='ltr'>ἀδρανεστάτῃ</span> <span class='ocrx_word' id='word_1_748' title='bbox 2534 4653 2819 4732; x_wconf 76' lang='grc' dir='ltr'>ἀσφαλείᾳ,</span> <span class='ocrx_word' id='word_1_749' title='bbox 2854 4656 2995 4728; x_wconf 77' lang='grc' dir='ltr'>μήτε</span> <span class='ocrx_word' id='word_1_750' title='bbox 3045 4653 3096 4708; x_wconf 76' lang='grc' dir='ltr'>ἐν</span> <span class='ocrx_word' id='word_1_751' title='bbox 3157 4652 3314 4727; x_wconf 73' lang='grc' dir='ltr'>ἄλλῳ</span> <span class='ocrx_word' id='word_1_752' title='bbox 3364 4652 3471 4709; x_wconf 82' lang='grc' dir='ltr'>τινὶ</span> <span class='ocrx_word' id='word_1_753' title='bbox 3526 4658 3637 4709; x_wconf 89' lang='grc' dir='ltr'>τῶν</span> <span class='ocrx_word' id='word_1_754' title='bbox 3694 4650 3774 4708; x_wconf 76' lang='grc' dir='ltr'>ἒν-</span> 
     </span>
    </p>
   </div>
   <div class='ocr_carea' id='block_1_108' title="bbox 2141 4741 3772 4818">
    <p class='ocr_par' dir='ltr' id='par_1_108' title="bbox 2141 4741 3772 4818">
     <span class='ocr_line' id='line_1_108' title="bbox 2141 4741 3772 4818; baseline 0.004 -22"><span class='ocrx_word' id='word_1_755' title='bbox 2141 4747 2313 4807; x_wconf 81' lang='grc' dir='ltr'>ταῦθα</span> <span class='ocrx_word' id='word_1_756' title='bbox 2342 4741 2768 4818; x_wconf 71' lang='grc' dir='ltr'>ἐπαινουμένων,</span> <span class='ocrx_word' id='word_1_757' title='bbox 2801 4742 2927 4798; x_wconf 87' lang='grc' dir='ltr'>ἀλλ’</span> <span class='ocrx_word' id='word_1_758' title='bbox 2967 4741 3109 4799; x_wconf 84' lang='grc' dir='ltr'>ἔοικε</span> <span class='ocrx_word' id='word_1_759' title='bbox 3157 4744 3220 4798; x_wconf 85' lang='grc' dir='ltr'>τὸ</span> <span class='ocrx_word' id='word_1_760' title='bbox 3263 4748 3489 4818; x_wconf 81' lang='grc' dir='ltr'>πρᾶγμα</span> <span class='ocrx_word' id='word_1_761' title='bbox 3536 4742 3772 4818; x_wconf 75' lang='grc' dir='ltr'>χειμᾶρο</span> 
     </span>
    </p>
   </div>
   <div class='ocr_carea' id='block_1_109' title="bbox 2143 4830 3774 4908">
    <p class='ocr_par' dir='ltr' id='par_1_109' title="bbox 2143 4830 3774 4908">
     <span class='ocr_line' id='line_1_109' title="bbox 2143 4830 3774 4908; baseline 0.001 -22"><span class='ocrx_word' id='word_1_762' title='bbox 2143 4830 2251 4908; x_wconf 81' lang='grc' dir='ltr'>ῥων</span> <span class='ocrx_word' id='word_1_763' title='bbox 2282 4831 2511 4907; x_wconf 81' lang='grc' dir='ltr'>παρόδῳ</span> <span class='ocrx_word' id='word_1_764' title='bbox 2541 4834 2832 4908; x_wconf 79' lang='grc' dir='ltr'>ἀμετρήτῳ</span> <span class='ocrx_word' id='word_1_765' title='bbox 2864 4832 3141 4904; x_wconf 82' lang='grc' dir='ltr'>θαλάσσης</span> <span class='ocrx_word' id='word_1_766' title='bbox 3193 4831 3572 4905; x_wconf 73' lang='grc' dir='ltr'>ἐμπιπτόντων</span> <span class='ocrx_word' id='word_1_767' title='bbox 3628 4834 3774 4908; x_wconf 82' lang='grc' dir='ltr'>βυθῷ</span> 
     </span>
    </p>
   </div>
   <div class='ocr_carea' id='block_1_110' title="bbox 2140 4919 3769 4998">
    <p class='ocr_par' dir='ltr' id='par_1_110' title="bbox 2140 4919 3769 4998">
     <span class='ocr_line' id='line_1_110' title="bbox 2140 4919 3769 4998; baseline -0.002 -22"><span class='ocrx_word' id='word_1_768' title='bbox 2140 4921 2358 4995; x_wconf 78' lang='grc' dir='ltr'>(ῥευστὰ</span> <span class='ocrx_word' id='word_1_769' title='bbox 2384 4923 2484 4998; x_wconf 76' lang='grc' dir='ltr'>γὰρ</span> <span class='ocrx_word' id='word_1_770' title='bbox 2515 4925 2629 4995; x_wconf 85' lang='grc'>(70)</span> <span class='ocrx_word' id='word_1_771' title='bbox 2660 4922 2832 4985; x_wconf 75' lang='grc' dir='ltr'>οὕτως</span> <span class='ocrx_word' id='word_1_772' title='bbox 2888 4920 2985 4976; x_wconf 80' lang='grc' dir='ltr'>εἶσὶ</span> <span class='ocrx_word' id='word_1_773' title='bbox 3047 4921 3116 4975; x_wconf 86' lang='grc' dir='ltr'>τά</span> <span class='ocrx_word' id='word_1_774' title='bbox 3170 4921 3411 4996; x_wconf 88' lang='grc' dir='ltr'>παρόντα</span> <span class='ocrx_word' id='word_1_775' title='bbox 3460 4919 3638 4977; x_wconf 84' lang='grc' dir='ltr'>πάντα</span> <span class='ocrx_word' id='word_1_776' title='bbox 3686 4919 3769 4975; x_wconf 82' lang='lat' dir='ltr'>xui</span> 
     </span>
    </p>
   </div>
   <div class='ocr_carea' id='block_1_111' title="bbox 2140 5009 3772 5085">
    <p class='ocr_par' dir='ltr' id='par_1_111' title="bbox 2140 5009 3772 5085">
     <span class='ocr_line' id='line_1_111' title="bbox 2140 5009 3772 5085; baseline 0 -22"><span class='ocrx_word' id='word_1_777' title='bbox 2140 5009 2464 5085; x_wconf 85' lang='grc' dir='ltr'>πρόσκαιρα)</span> <span class='ocrx_word' id='word_1_778' title='bbox 2497 5017 2700 5079; x_wconf 78' lang='grc' dir='ltr'>συνῆκα</span> <span class='ocrx_word' id='word_1_779' title='bbox 2753 5011 2828 5071; x_wconf 86' lang='grc' dir='ltr'>ὡς</span> <span class='ocrx_word' id='word_1_780' title='bbox 2852 5009 2918 5064; x_wconf 81' lang='grc' dir='ltr'>τά</span> <span class='ocrx_word' id='word_1_781' title='bbox 2970 5014 3192 5065; x_wconf 75' lang='grc' dir='ltr'>τοιαῦτα</span> <span class='ocrx_word' id='word_1_782' title='bbox 3246 5011 3447 5081; x_wconf 87' lang='grc' dir='ltr'>μάταια</span> <span class='ocrx_word' id='word_1_783' title='bbox 3494 5010 3772 5083; x_wconf 80' lang='grc' dir='ltr'>σύμπαντα</span> 
     </span>
    </p>
   </div>
   <div class='ocr_carea' id='block_1_112' title="bbox 2141 5094 3769 5175">
    <p class='ocr_par' dir='ltr' id='par_1_112' title="bbox 2141 5094 3769 5175">
     <span class='ocr_line' id='line_1_112' title="bbox 2141 5094 3769 5175; baseline 0 -24"><span class='ocrx_word' id='word_1_784' title='bbox 2141 5100 2230 5152; x_wconf 86' lang='grc' dir='ltr'>καὶ</span> <span class='ocrx_word' id='word_1_785' title='bbox 2263 5094 2448 5168; x_wconf 75' lang='grc' dir='ltr'>ὄνησις</span> <span class='ocrx_word' id='word_1_786' title='bbox 2480 5099 2653 5154; x_wconf 83' lang='grc' dir='ltr'>αὐτῶν</span> <span class='ocrx_word' id='word_1_787' title='bbox 2690 5096 2934 5171; x_wconf 73' lang='grc' dir='ltr'>οὐδεμία,</span> <span class='ocrx_word' id='word_1_788' title='bbox 2968 5098 3118 5165; x_wconf 81' lang='grc' dir='ltr'>ἀλλ’,</span> <span class='ocrx_word' id='word_1_789' title='bbox 3170 5100 3350 5175; x_wconf 85' lang='grc' dir='ltr'>ὥσπερ</span> <span class='ocrx_word' id='word_1_790' title='bbox 3403 5099 3469 5153; x_wconf 81' lang='grc' dir='ltr'>τὰ</span> <span class='ocrx_word' id='word_1_791' title='bbox 3513 5101 3769 5172; x_wconf 82' lang='grc' dir='ltr'>πρότερον</span> 
     </span>
    </p>
   </div>
   <div class='ocr_carea' id='block_1_113' title="bbox 2141 5184 3771 5263">
    <p class='ocr_par' dir='ltr' id='par_1_113' title="bbox 2141 5184 3771 5263">
     <span class='ocr_line' id='line_1_113' title="bbox 2141 5184 3771 5263; baseline -0.001 -22"><span class='ocrx_word' id='word_1_792' title='bbox 2141 5189 2312 5243; x_wconf 89' lang='grc' dir='ltr'>πάντα</span> <span class='ocrx_word' id='word_1_793' title='bbox 2343 5187 2486 5263; x_wconf 74' lang='grc' dir='ltr'>λήθῃ</span> <span class='ocrx_word' id='word_1_794' title='bbox 2513 5189 2831 5263; x_wconf 63' lang='grc' dir='ltr'>κέκρυπται,</span> <span class='ocrx_word' id='word_1_795' title='bbox 2882 5184 2989 5244; x_wconf 61' lang='grc' dir='ltr'>εἴτε</span> <span class='ocrx_word' id='word_1_796' title='bbox 3040 5184 3198 5259; x_wconf 80' lang='grc' dir='ltr'>δόξαν</span> <span class='ocrx_word' id='word_1_797' title='bbox 3254 5186 3449 5261; x_wconf 79' lang='grc' dir='ltr'>ε’ίποις,</span> <span class='ocrx_word' id='word_1_798' title='bbox 3504 5186 3611 5244; x_wconf 82' lang='grc' dir='ltr'>ε’ἷτε</span> <span class='ocrx_word' id='word_1_799' title='bbox 3667 5188 3771 5263; x_wconf 83' lang='grc' dir='ltr'>βα-</span> 
     </span>
    </p>
   </div>
   <div class='ocr_carea' id='block_1_114' title="bbox 460 5353 2026 5481">
    <p class='ocr_par' dir='ltr' id='par_1_114' title="bbox 460 5353 2026 5481">
     <span class='ocr_line' id='line_1_114' title="bbox 460 5353 2026 5481; baseline -0.001 -69"><span class='ocrx_word' id='word_1_800' title='bbox 460 5357 572 5481; x_wconf 61' lang='lat'>(682</span> <span class='ocrx_word' id='word_1_801' title='bbox 604 5355 785 5428; x_wconf 90' lang='lat' dir='ltr'>Epist.</span> <span class='ocrx_word' id='word_1_802' title='bbox 818 5355 891 5411; x_wconf 89' lang='lat' dir='ltr'>ad</span> <span class='ocrx_word' id='word_1_803' title='bbox 922 5356 1132 5427; x_wconf 87' lang='lat' dir='ltr'>Ephes.</span> <span class='ocrx_word' id='word_1_804' title='bbox 1166 5373 1239 5424; x_wconf 84' lang='lat' dir='ltr'>v1,</span> <span class='ocrx_word' id='word_1_805' title='bbox 1274 5358 1379 5410; x_wconf 80' lang='lat' dir='ltr'>l2:</span> <span class='ocrx_word' id='word_1_806' title='bbox 1411 5354 1526 5412; x_wconf 83' lang='grc' dir='ltr'>Ούκ</span> <span class='ocrx_word' id='word_1_807' title='bbox 1563 5353 1703 5411; x_wconf 79' lang='grc' dir='ltr'>ἔστιν</span> <span class='ocrx_word' id='word_1_808' title='bbox 1736 5358 1870 5429; x_wconf 80' lang='grc' dir='ltr'>ἡμῖν</span> <span class='ocrx_word' id='word_1_809' title='bbox 1901 5359 1936 5427; x_wconf 77' lang='grc' dir='ltr'><strong>ἡ</strong></span> <span class='ocrx_word' id='word_1_810' title='bbox 1968 5378 2026 5412; x_wconf 75' lang='grc' dir='ltr'>πε</span> 
     </span>
     <span class='ocr_line' id='line_1_115' title="bbox 460 5426 2025 5481; baseline 0 0"><span class='ocrx_word' id='word_1_811' title='bbox 460 5448 543 5481; x_wconf 69' lang='lat' dir='ltr'>wo-</span> <span class='ocrx_word' id='word_1_812' title='bbox 571 5448 653 5481; x_wconf 83' lang='grc' dir='ltr'>ας.</span> <span class='ocrx_word' id='word_1_813' title='bbox 683 5426 819 5481; x_wconf 65' lang='grc' dir='ltr'>πρὸς</span> <span class='ocrx_word' id='word_1_814' title='bbox 844 5426 971 5481; x_wconf 81' lang='grc' dir='ltr'>τοὺς</span> <span class='ocrx_word' id='word_1_815' title='bbox 999 5427 1449 5481; x_wconf 68' lang='grc' dir='ltr'>κοσμοκράτορας</span> <span class='ocrx_word' id='word_1_816' title='bbox 1487 5432 1583 5481; x_wconf 81' lang='grc' dir='ltr'>τοῦ</span> <span class='ocrx_word' id='word_1_817' title='bbox 1615 5429 1838 5481; x_wconf 77' lang='grc' dir='ltr'>σκότους</span> <span class='ocrx_word' id='word_1_818' title='bbox 1866 5428 2025 5481; x_wconf 82' lang='grc' dir='ltr'>τούτο</span> 
     </span>
    </p>
   </div>
   <div class='ocr_carea' id='block_1_115' title="bbox 2135 5353 3769 5481">
    <p class='ocr_par' dir='ltr' id='par_1_115' title="bbox 2150 5358 3769 5438">
     <span class='ocr_line' id='line_1_116' title="bbox 2150 5358 3769 5438; baseline 0.007 -25"><span class='ocrx_word' id='word_1_819' title='bbox 2150 5359 2285 5432; x_wconf 88' lang='grc' dir='ltr'>πρὸς</span> <span class='ocrx_word' id='word_1_820' title='bbox 2304 5360 2440 5434; x_wconf 77' lang='grc' dir='ltr'>αἷμα</span> <span class='ocrx_word' id='word_1_821' title='bbox 2468 5359 2557 5415; x_wconf 86' lang='lat' dir='ltr'>xui</span> <span class='ocrx_word' id='word_1_822' title='bbox 2588 5359 2776 5437; x_wconf 85' lang='grc' dir='ltr'>σάρκα,</span> <span class='ocrx_word' id='word_1_823' title='bbox 2804 5358 2951 5417; x_wconf 81' lang='grc' dir='ltr'>ἀλλὰ</span> <span class='ocrx_word' id='word_1_824' title='bbox 2978 5358 3116 5436; x_wconf 82' lang='grc' dir='ltr'>πρὸς</span> <span class='ocrx_word' id='word_1_825' title='bbox 3148 5358 3243 5423; x_wconf 77' lang='grc' dir='ltr'>τὰς</span> <span class='ocrx_word' id='word_1_826' title='bbox 3272 5359 3448 5438; x_wconf 78' lang='grc' dir='ltr'>ἀρχὰς</span> <span class='ocrx_word' id='word_1_827' title='bbox 3490 5359 3627 5435; x_wconf 78' lang='grc' dir='ltr'>πρὸς</span> <span class='ocrx_word' id='word_1_828' title='bbox 3671 5359 3769 5423; x_wconf 63' lang='grc' dir='ltr'>τὰς</span> 
     </span>
    </p>
   </div>
   <div class='ocr_carea' id='block_1_116' title="bbox 390 5426 2081 5501">
    <p class='ocr_par' dir='ltr' id='par_1_116' title="bbox 390 5426 2081 5501">
     <span class='ocr_line' id='line_1_117' title="bbox 390 5426 2081 5501; baseline 0.002 -18"><span class='ocrx_word' id='word_1_829' title='bbox 390 5426 819 5501; x_wconf 60' lang='grc' dir='ltr'>ἐξόυσίαςξπρὸς</span> <span class='ocrx_word' id='word_1_830' title='bbox 844 5426 985 5489; x_wconf 74' lang='grc' dir='ltr'>τοὺς</span> <span class='ocrx_word' id='word_1_831' title='bbox 999 5427 1449 5501; x_wconf 85' lang='grc' dir='ltr'>κοσμοκράτορας</span> <span class='ocrx_word' id='word_1_832' title='bbox 1487 5432 1583 5482; x_wconf 82' lang='grc' dir='ltr'>τοῦ</span> <span class='ocrx_word' id='word_1_833' title='bbox 1615 5426 1838 5491; x_wconf 86' lang='grc' dir='ltr'>σκότους</span> <span class='ocrx_word' id='word_1_834' title='bbox 1866 5426 2081 5486; x_wconf 86' lang='grc' dir='ltr'>τούτου.</span> 
     </span>
    </p>
   </div>
   <div class='ocr_carea' id='block_1_117' title="bbox 490 5500 916 5571">
    <p class='ocr_par' dir='ltr' id='par_1_117' title="bbox 490 5500 916 5571">
     <span class='ocr_line' id='line_1_118' title="bbox 490 5500 916 5571; baseline 0.002 -16"><span class='ocrx_word' id='word_1_835' title='bbox 490 5504 577 5571; x_wconf 85' lang='lat'>69)</span> <span class='ocrx_word' id='word_1_836' title='bbox 605 5500 710 5556; x_wconf 87' lang='lat' dir='ltr'>Job</span> <span class='ocrx_word' id='word_1_837' title='bbox 739 5518 795 5567; x_wconf 77' lang='grc' dir='ltr'>ι,</span> <span class='ocrx_word' id='word_1_838' title='bbox 828 5503 916 5557; x_wconf 86' lang='lat'>22.</span> 
     </span>
    </p>
   </div>
   <div class='ocr_carea' id='block_1_118' title="bbox 458 5502 2026 5654">
    <p class='ocr_par' dir='ltr' id='par_1_118' title="bbox 458 5502 2026 5650">
     <span class='ocr_line' id='line_1_119' title="bbox 490 5502 916 5571; baseline 0.002 -16"><span class='ocrx_word' id='word_1_839' title='bbox 490 5504 577 5571; x_wconf 85' lang='lat'>69)</span> <span class='ocrx_word' id='word_1_840' title='bbox 605 5502 710 5556; x_wconf 87' lang='lat' dir='ltr'>Job</span> <span class='ocrx_word' id='word_1_841' title='bbox 739 5518 795 5567; x_wconf 77' lang='grc' dir='ltr'>ι,</span> <span class='ocrx_word' id='word_1_842' title='bbox 828 5503 916 5557; x_wconf 86' lang='lat'>22.</span> 
     </span>
     <span class='ocr_line' id='line_1_120' title="bbox 458 5502 2026 5650; baseline -0.002 -22"><span class='ocrx_word' id='word_1_843' title='bbox 458 5502 569 5645; x_wconf 67' lang='grc' dir='ltr'>ίτο)</span> <span class='ocrx_word' id='word_1_844' title='bbox 600 5572 909 5646; x_wconf 80' lang='lat' dir='ltr'>Gregorius</span> <span class='ocrx_word' id='word_1_845' title='bbox 941 5574 1070 5634; x_wconf 82' lang='lat' dir='ltr'>Naz.</span> <span class='ocrx_word' id='word_1_846' title='bbox 1105 5575 1250 5630; x_wconf 91' lang='lat' dir='ltr'>orat.</span> <span class='ocrx_word' id='word_1_847' title='bbox 1282 5571 1372 5641; x_wconf 75' lang='grc'>46,</span> <span class='ocrx_word' id='word_1_848' title='bbox 1405 5586 1535 5646; x_wconf 82' lang='lat' dir='ltr'>pag.</span> <span class='ocrx_word' id='word_1_849' title='bbox 1569 5575 1665 5629; x_wconf 79' lang='lat'>251</span> <span class='ocrx_word' id='word_1_850' title='bbox 1701 5590 1713 5630; x_wconf 92' lang='lat'>:</span> <span class='ocrx_word' id='word_1_851' title='bbox 1746 5572 1824 5628; x_wconf 81' lang='grc' dir='ltr'>Τὰ</span> <span class='ocrx_word' id='word_1_852' title='bbox 1857 5572 1953 5648; x_wconf 70' lang='grc' dir='ltr'>μὲν</span> <span class='ocrx_word' id='word_1_853' title='bbox 1982 5593 2026 5650; x_wconf 59' lang='grc' dir='ltr'>γι</span> 
     </span>
    </p>
   </div>
   <div class='ocr_carea' id='block_1_119' title="bbox 2135 5502 2924 5654">
    <p class='ocr_par' dir='ltr' id='par_1_119' title="bbox 2135 5569 2924 5654">
     <span class='ocr_line' id='line_1_121' title="bbox 2135 5569 2924 5654; baseline 0.008 -27"><span class='ocrx_word' id='word_1_854' title='bbox 2135 5593 2228 5629; x_wconf 76' lang='grc' dir='ltr'>ιστι</span> <span class='ocrx_word' id='word_1_855' title='bbox 2257 5569 2451 5652; x_wconf 79' lang='grc' dir='ltr'>ῥευστᾶ</span> <span class='ocrx_word' id='word_1_856' title='bbox 2478 5571 2567 5630; x_wconf 83' lang='lat' dir='ltr'>xui</span> <span class='ocrx_word' id='word_1_857' title='bbox 2601 5575 2924 5654; x_wconf 84' lang='grc' dir='ltr'>πρόσκαιρα.</span> 
     </span>
    </p>
   </div>
  </div>
