3994 6150
339 261 452 318 985

1505 275 1680 328 VITA
1715 273 2067 330 BABLAAM
2101 276 2197 329 ET
2229 275 2573 332 JOABAPH.

3619 268 3728 326 986

341 383 736 470 «hianti-ce:
802 387 1122 462 ἀξιωμάτων
1193 389 1606 467 λαμπρότητας,
1661 393 1767 448 εἴτε
1825 392 1982 448 δυνα-

2122 399 2323 470 ragilia
2353 399 2554 453 omnia
2583 396 2896 468 praesentia
2941 397 3086 450 Hinc
3119 393 3346 449 scilicet
3367 394 3495 448 haec
3523 393 3726 448 omnia

349 471 525 536 στείας
576 468 756 548 ὄγκον,
812 475 918 530 εἴτε
971 479 1243 554 τυράννων
1304 480 1632 553 θρασύτητα,
1667 480 1773 536 εἷ’τε
1801 485 1984 535 τιτῶν

352 561 640 632 τοιούτων,
689 563 861 626 οὕτως
917 567 1003 620 καὶ
1062 567 1130 620 τὰ
1176 565 1439 622 ἐνεστῶτα
1487 569 1563 630 εἰς
1594 569 1719 632 τοὺς
1749 571 1870 642 ἑξῆς
1899 569 1986 624 καὶ

355 649 640 722 μετέπειτα
713 653 944 726 χρόνους
1018 655 1491 731 ἀμαυρωθήσεται.
1576 660 1776 732 Ὧνπερ
1834 659 1987 732 κάγὼ

348 741 428 802 εἴς
461 739 722 815 ὑπάρχων
777 746 844 814 τῇ
903 745 1118 812 συνήθει
1176 744 1390 809 πάντως
1446 746 1740 802 ἀλλοιώσει
1787 749 1986 802 ὑποπε-

347 832 568 900 σοῦμαι,
602 827 690 882 καὶ
721 832 898 893 καθὼς
951 833 1002 884 οἱ
1051 833 1156 908 πρὸ
1207 833 1344 905 ἐμοῦ
1377 833 1445 888 δι’
1477 836 1672 899 αἰῶνος
1699 837 1984 912 τέρπεσθαι

345 921 463 977 τοῖς
520 921 780 992 παροῦσιν
839 919 900 973 οὐ
961 925 1441 998 συνεχωρήθησαν,
1503 924 1674 984 οὕτως
1719 924 1986 981 ἔσταικαί

343 1004 428 1058 ἐπ’
459 1005 600 1077 ἐμοί.
639 1005 895 1062 Κατεῖδον
951 1009 1053 1084 γὰρ
1103 1011 1189 1064 οἶα
1233 1011 1364 1074 τοὺς
1395 1013 1706 1087 ἀνθρώπους
1739 1016 1766 1067 ὁ
1795 1012 1987 1080 τύραν-

345 1109 440 1154 νος
517 1094 674 1156 αὗτος
754 1097 841 1150 καὶ
929 1097 1260 1172 ταραχώδης
1316 1101 1698 1176 κατεργάζεται
1757 1101 1988 1174 κόσμος,

707 1185 899 1239 αὐτους
956 1185 1189 1242 ἐντεῦθεν
1244 1190 1508 1258 κάκεῖθεν,
1571 1193 1723 1248 I22
1766 1191 1856 1251 οῦς
1892 1190 1986 1261 μὲν

351 1270 412 1324 ἐκ
439 1272 680 1326 πλούτου
709 1275 846 1348 πρὸς
875 1276 1076 1346 πενίαν,
1128 1275 1219 1338 οὓς
1279 1274 1336 1330 δὲ
1390 1275 1450 1331 ἐκ
1485 1279 1672 1342 πενίας
1701 1279 1776 1341 εἷς
1809 1275 1985 1347 δόξαν,

353 1361 580 1424 τούτους
613 1363 706 1434 μὲν
745 1364 1018 1439 ὑπεξάγων
1044 1369 1140 1419 τοῦ
1187 1365 1330 1440 βίου,
1364 1364 1570 1429 ἄλλους
1599 1365 1656 1421 δὲ
1687 1365 1836 1430 αὖθις
1867 1368 1988 1420 ἀντ-

354 1451 610 1524 εισάγών,
664 1453 809 1512 τινας
875 1454 968 1524 μὲν
1025 1453 1224 1529 σοφοὺς
1283 1455 1372 1508 καὶ
1430 1455 1679 1517 συνετοὺς
1727 1452 1988 1509 ἂποδοκι-

355 1541 566 1611 μάζων,
623 1540 850 1613 ἀτίμους
905 1561 963 1595 τε
1018 1543 1107 1595 καὶ
1160 1542 1394 1605 εὐτελεῖς
1450 1545 1575 1606 τοὺς
1634 1545 1848 1617 τιμίους
1899 1544 1988 1598 καὶ

351 1633 662 1704 περιφανεῖς
721 1627 1105 1704 ἐκγαζὸμενος,
1161 1627 1370 1694 ἄλλους
1405 1630 1461 1685 δὲ
1501 1633 1732 1710 ἀσόφους
1789 1653 1847 1687 τε
1897 1632 1988 1686 καὶ

354 1185 652 1254 μετατιθεὶς

2101 501 2244 540 vana
2265 503 2413 553 esse,
2439 501 2632 555 neque
2654 485 2978 555 quidquam
3007 482 3278 538 utilitatis
3305 481 3522 537 habere
3553 480 3726 535 intel-

2099 573 2392 638 lexi.Quin
2416 575 2610 644 potius
2629 571 3129 644 quemadmodum
3153 571 3351 642 priora
3365 568 3566 623 omnia
3587 567 3729 622 obli-

2098 661 2264 716 vione
2283 663 2492 716 obruta
2509 663 2786 732 sunt(sive
2809 662 3056 731 gloriam
3075 659 3442 725 dixeris,sive
3459 671 3726 724 regnum,

2099 751 2216 804 sive
2237 751 2588 820 dignitatum
2612 750 3136 822 splendorem,sive
3161 747 3436 820 potentiae
3459 745 3730 816 amplitu-

2099 839 2319 906 dinem,
2354 840 2469 893 sive
2502 827 2889 910 tyrannorum
2911 838 3241 900 audaciam,
3265 836 3383 890 sive
3407 833 3549 905 quid
3569 830 3729 886 aliud

2098 928 2366 996 ejusdem
2395 928 2671 999 generis),
2697 929 2906 982 eodem
2951 927 3124 981 modo
3152 922 3470 996 praesentia
3495 937 3728 992 quoque

2097 1015 2336 1070 tandem
2351 1022 2608 1070 vetustas
2625 1016 3244 1080 obscurabit.Quorum
3257 1013 3318 1066 in
3333 1027 3578 1066 numero
3597 1024 3731 1064 cum

2097 1103 2224 1174 ipse
2238 1121 2472 1174 quoque
2486 1106 2921 1172 sim,consuetai
2935 1101 3330 1158 immutationi
3345 1115 3587 1171 prorsus
3601 1097 3732 1152 sub-

2090 1191 2285 1261 jicior.
2313 1193 2558 1247 Utenim
2577 1193 2650 1247 iis
2671 1195 2771 1264 qui
2791 1199 2925 1248 ante
2953 1209 3046 1246 me
3079 1191 3448 1254 exstiterunt,
3473 1202 3730 1257 praesen-

2097 1280 2244 1333 tium
2263 1295 2460 1334 rerum
2480 1281 2875 1352 voluptatibus
2893 1285 3174 1352 perpetuo
3198 1278 3310 1333 frui
3327 1276 3572 1332 minime
3595 1289 3731 1328 con-

2097 1385 2328 1422 cessum
2348 1370 2546 1436 est,sic
2563 1387 2634 1424 ne
2655 1371 2798 1424 mihi
2817 1371 3054 1440 quidem
3074 1361 3728 1423 concedeturAnimad-

2097 1458 2238 1510 verti
2263 1458 2442 1525 enim,
2467 1459 2966 1528 quemadmodum
2997 1465 3280 1529 tyrannus
3301 1456 3394 1509 hic
3416 1469 3483 1508 ac
3513 1451 3728 1506 turbu-

2097 1544 2294 1599 lentus
2317 1548 2572 1602 mundus
2613 1549 2884 1604 homines
2911 1553 3139 1606 tractet.
3173 1561 3272 1600 eos
3303 1542 3586 1598 nimirum
3617 1540 3732 1593 huc

2097 1637 2272 1701 atque
2295 1633 2436 1688 illuc
2452 1635 2770 1704 invertens,
2794 1636 2902 1690 hos
2923 1634 3148 1688 scilicet
3171 1649 3240 1686 ex
3262 1631 3473 1701 Opibus
3497 1628 3570 1682 ad
3602 1641 3730 1697 ege-

353 1717 642 1778 ἀσυνέτους
700 1715 786 1770 ἐπὶ
841 1717 1034 1792 Θρύνου
1092 1721 1328 1788 καθίζων
1391 1717 1548 1792 δόξης
1597 1727 1724 1794 (71),
1771 1720 1990 1794 τιμίους

505 1803 514 1816 .
597 1805 609 1822 ,
660 1803 670 1820 ,
915 1806 928 1823 .
975 1807 987 1823 ,
1131 1812 1154 1822 ,.
1261 1811 1283 1822 ..
1372 1805 1394 1823 ρ.
1529 1808 1540 1823 .

2122 1727 2332 1786 tatem,
2361 1723 2493 1777 illos
2520 1741 2722 1778 rursus
2776 1741 2846 1780 ex
2894 1722 3237 1794 gravissima
3285 1721 3627 1790 paupertate
3659 1711 3734 1768 ad

2141 1812 2153 1823 .
2235 1813 2244 1822 .
2393 1813 2404 1823 .
2611 1815 2644 1823 ._
2731 1813 2745 1823 .
3483 1803 3728 1823 ,,__._--

347 1825 408 1858 τε
436 1803 563 1866 τοὺς
585 1803 811 1877 ἀτίμους
843 1806 930 1859 καὶ
964 1807 1180 1884 ἀφανεῖς
1213 1811 1339 1860 πᾶσι
1369 1805 1646 1866 δεικνύων.

2101 1812 2369 1882 gloriam,
2391 1813 2497 1868 hos
2521 1829 2551 1867 e
2573 1815 2690 1868 vita
2713 1811 3099 1877 ducens,illos
3120 1824 3354 1864 rursum
3379 1821 3580 1861 eorum
3601 1803 3732 1856 loco

353 1892 418 1946 in
449 1893 628 1947 vitam
659 1893 978 1962 inducens;
1012 1897 1308 1966 sapientes
1339 1897 1626 1968 quosdam
1656 1903 1715 1952 et
1744 1897 2083 1972 ingeniosos
2111 1899 2263 1954 viros
2293 1901 2638 1970 improbans
2669 1916 2734 1954 ac
2765 1899 3064 1969 rejiciens,
3099 1911 3317 1966 eosque
3369 1892 3469 1963 qui
3515 1892 3576 1946 in
3625 1890 3734 1942 ho-

352 1998 498 2037 nore
531 1998 596 2036 ac
623 1982 938 2052 splendore
971 1991 1157 2052 erant,
1191 1991 1560 2057 contemptos
1608 1993 1665 2041 et
1707 1986 2098 2058 despicabiles
2145 1987 2400 2042 reddens
2427 2007 2440 2056 ;
2491 1989 2640 2043 alios
2683 1995 2889 2042 contra
2917 1987 3268 2057 insipientes
3298 1999 3366 2038 ac
3395 1979 3640 2036 stolidos
3671 1977 3735 2032 in

351 2070 555 2142 gloriaa
589 2071 797 2125 throno
829 2071 1146 2142 collocans,
1179 2090 1396 2144 eosque
1428 2075 1528 2145 qui
1573 2075 1786 2146 abjecti
1837 2081 1895 2129 et
1946 2075 2180 2130 obscuri
2233 2082 2421 2144 erant,
2455 2077 2538 2131 ita
2567 2077 2840 2143 evehens,
2871 2080 2936 2130 ut
2965 2075 3108 2144 ipsis
3139 2073 3208 2128 ab
3235 2069 3511 2126 omnibus
3545 2068 3738 2121 honor

352 2159 664 2214 tribuatur.

427 2245 532 2302 Καὶ
580 2241 719 2302 ἔστιν
777 2243 907 2302 ἰδεῖν
958 2249 1017 2303 τὸ
1045 2253 1150 2303 τῶν
1211 2249 1507 2325 ἀνθρώπων
1539 2252 1700 2326 γένος
1733 2248 1996 2322 μηδόλως

359 2335 494 2390 κατά
521 2336 818 2410 πρόσωπον
873 2344 971 2406 τῆς
1027 2338 1194 2392 αὐτοῦ
1252 2341 1494 2409 ἀπηνοῦς
1522 2337 1835 2414 τυραννίδος
1864 2335 1991 2412 ἔχον

360 2423 562 2476 στάσινο
621 2423 766 2494 ἀλλ’,
827 2424 900 2486 ὡς
957 2425 1080 2479 ὅταν
1151 2430 1460 2504 περιστερὰ,
1519 2428 1789 2506 φεύγουσα
1845 2427 1995 2482 ἀετὸν

363 2511 471 2566 εἴτε
527 2511 733 2586 ἱέρακα,
793 2514 992 2576 τόπους
1079 2515 1138 2569 ἐκ
1213 2517 1393 2571 τόπων
1471 2514 1687 2591 ἀμείϐῃ,
1761 2522 1849 2572 νῦν
1909 2517 2000 2588 μὶν

363 2601 540 2674 τούτῳ
569 2605 646 2672 τῷ
677 2599 896 2678 δένδρῳ,
943 2601 1093 2666 αὖθις
1138 2604 1321 2678 ἐκείνῳ
1361 2605 1440 2678 τῷ
1484 2617 1694 2678 θαμνῳ,
1727 2607 1818 2659 εἶτ’
1850 2605 2003 2666 εὐθὺς

374 2689 648 2764 τρώγλαις
691 2695 798 2744 τῶν
860 2697 1068 2766 πετρῶν
1127 2693 1216 2746 καὶ
1274 2696 1554 2754 παντοίαις
1603 2695 1853 2754 ἀκάνθαις
1883 2694 2003 2747 ἑαυ-

373 2779 473 2845 τὴν
506 2782 967 2854 προσαράσσουσα,
1025 2781 1114 2834 καὶ
1173 2780 1418 2854 οὐδαμοῦ
1475 2784 1796 2860 εύρίακουσα
1835 2801 2007 2856 προσ-

2175 2256 2255 2310 Ac
2286 2270 2525 2310 cernere
2557 2253 2984 2322 est,hominum
3008 2266 3192 2323 genus
3223 2249 3306 2303 ita
3333 2247 3740 2316 comparatum

2107 2351 2328 2410 esse,ut
2340 2351 2473 2398 ante
2489 2343 2788 2398 crudelem
2804 2342 2990 2411 ipsius
3003 2337 3377 2411 tyrannidem
3391 2333 3542 2389 nihil
3557 2328 3744 2386 omni-

2107 2449 2182 2486 no
2217 2435 2452 2488 ﬁrmum
2477 2450 2542 2488 ac
2565 2433 2772 2487 stabile
2798 2431 3028 2486 habeat.
3054 2425 3558 2492 Quemadmodum
3581 2420 3742 2474 enim

2108 2522 2382 2577 columba
2395 2521 2654 2590 aquilam
2666 2520 3118 2590 autaccipitrem
3137 2515 3588 2588 fugiens,locum
3607 2508 3744 2564 sub-

2111 2612 2247 2666 inde
2267 2617 2680 2674 commutat,ac
2702 2627 2859 2664 nunc
2881 2607 3122 2677 quidem
3139 2606 3196 2657 in
3221 2605 3330 2657 hac
3349 2601 3743 2664 arbore,nunc

2113 2706 2312 2754 autem
2335 2699 2395 2752 in
2417 2698 2520 2751 illo
2543 2698 2845 2760 frutice,ac
2867 2693 3080 2748 deinde
3105 2692 3167 2744 in
3187 2689 3423 2759 rupium
3455 2683 3742 2748 cavernis,

2117 2805 2183 2843 ac
2215 2786 2388 2842 variis
2411 2786 2598 2856 spinis
2623 2785 2834 2855 pedem
2857 2783 3121 2853 afﬁgens,
3141 2795 3250 2832 nec
3274 2783 3464 2830 tutum
3493 2784 3747 2841 usquam

375 2867 566 2944 φύγιον
599 2867 850 2944 ἀσφαλὲς,
896 2869 948 2923 ἐν
1007 2870 1159 2943 σάλῳ
1214 2872 1302 2925 καὶ
1359 2870 1693 2926 ταλαντώσει
1722 2870 2003 2926 ταλαιπω-

2122 2877 2454 2948 perfugium
2487 2875 2811 2936 inveniens,
2831 2873 2892 2926 iu
2915 2875 3198 2941 perpetua
3218 2865 3542 2938 jactatione
3571 2867 3746 2959 atque

374 2960 546 3032 ρεῖται
633 2955 890 3027 διηνεκεῖ,
976 2956 1146 3019 οὕτως
1233 2957 1362 3012 εἰσὶν
1451 2959 1502 3012 οἱ
1571 2963 1686 3020 τοῖς
1745 2961 2006 3032 παροῦσιν

371 3041 726 3118 ἐπτοημένοι,
761 3045 845 3121 ὑφ’
877 3046 1055 3120 ὁρμῆς
1083 3047 1176 3118 μὶν
1201 3045 1496 3120 ἀλογίστου
1525 3046 1761 3101 ἀθλίσως
1784 3049 2012 3100 πονοῦν-

371 3155 482 3202 τες,
519 3133 783 3206 μηδόλως
816 3132 874 3188 δὲ
909 3156 962 3189 τι
1011 3131 1225 3211 ἔχοντες
1279 3131 1493 3210 βέϐαιον
1525 3135 1559 3205 ἢ
1593 3135 1851 3206 ἀσφαλὲς,
1888 3135 2014 3206 μήτ’

379 3223 728 3295 ἐπισταμενοι
786 3224 862 3284 εἰς
919 3225 1106 3277 ὁποῖον
1176 3230 1471 3278 καταντῶσι
1526 3222 1708 3294 τέλος,
1765 3221 1855 3277 καὶ
1911 3225 2014 3275 ποῦ

380 3311 603 3373 τούτους
635 3313 662 3366 ὁ
699 3313 922 3385 μάταιος
967 3309 1078 3386 ἄγει
1133 3314 1276 3386 βίος,
1323 3314 1368 3384 ᾦ
1406 3313 1765 3381 καθυπέταξαν
1799 3309 2018 3372 ἑαυτοὺς

386 3398 504 3454 λίαν
565 3399 848 3475 δυστυχῶς
906 3401 994 3455 καὶ
1052 3400 1279 3468 ἀθλίως,
1337 3403 1552 3476 πονηρὰ
1619 3401 1713 3471 μὲν
1769 3399 2018 3471 ὲλομενοι

385 3489 502 3544 ἀντὶ
535 3489 770 3563 ἀγαθῶν,
832 3489 1174 3562 μετελθόντες
1230 3487 1286 3543 δέ
1341 3491 1528 3544 κακίαν
1559 3489 1674 3544 ἀντὶ
1705 3488 2023 3564 χρηστότη-

384 3599 500 3648 τος,
533 3580 568 3646 ἢ
600 3577 681 3640 τίς
711 3579 738 3630 ὁ
767 3579 860 3639 τὰς
914 3578 1128 3652 ψυχρὰς
1175 3582 1280 3631 τῶν
1331 3578 1558 3632 πολλῶν
1588 3577 1676 3632 καὶ
1721 3580 2020 3652 μοχθηρῶν

392 3666 565 3721 αὐτῶν
621 3669 875 3738 καμάτων
937 3664 1312 3737 διαδεξάμενος
1378 3664 1719 3740 ἐπικαρπίας,
1780 3666 1886 3719 εἶ’τε
1942 3663 2025 3717 οἷ·-

389 3760 556 3824 κεῖος,
593 3753 696 3808 εἷπε
725 3751 1040 3827 ἀλλότριος’
1090 3756 1176 3808 καὶ
1223 3752 1493 3816 πολλάκις
1534 3751 1658 3808 οὐδὲ
1689 3753 1849 3830 φίλος
1878 3752 2023 3814 ὅλως

390 3847 424 3915 ἢ
457 3844 720 3919 γνωστὸς,
755 3844 879 3898 ἀλλ’
912 3843 1108 3918 ἐχθρὸς
1139 3843 1228 3898 καὶ
1259 3843 1549 3916 πολέμιος.

467 4025 646 4080 Ταῦτα
700 4022 869 4075 πάντα
924 4021 1013 4076 καὶ
1069 4021 1136 4074 τὰ
1187 4019 1402 4082 τούτοις
1458 4019 1696 4092 ἐπύμενα
1751 4018 2028 4093 διακρίνας

397 4111 447 4164 ἐν
481 4111 558 4182 τῷ
588 4117 685 4180 τῆς
735 4113 918 4184 ψυχῆς
976 4109 1261 4185 κριτηρίῳ,
1321 4108 1554 4182 ἔμίσησα
1608 4109 1698 4163 τὸν
1750 4107 2029 4180 σύμπαντά

403 4221 505 4272 μου
559 4201 675 4274 βίον
731 4199 820 4252 τὸν
876 4199 927 4252 ἐν
981 4203 1098 4260 τοῖς
1157 4198 1404 4272 ματαίοις
1463 4196 1823 4266 ἀναλωθέντα,
1857 4197 1912 4250 δν
1947 4194 2027 4249 δι-

2121 2981 2388 3020 aerumna
2415 2969 2716 3018 versatur:
2749 2960 2957 3016 eodem
2985 2957 3158 3014 modo
3187 2973 3247 3010 se
3277 2949 3624 3020 habent.qui
3654 2963 3748 3001 res

2119 3059 2442 3126 praesentes
2463 3053 2536 3108 ad
2560 3057 2858 3121 stuporem
2877 3065 3066 3118 usque
3091 3040 3623 3110 mirantur.quippe
3647 3033 3749 3105 qui

2121 3143 2557 3198 inconsiderato
2577 3140 2832 3211 quodam
2855 3139 3077 3208 impetu
3099 3135 3312 3188 misere
3335 3129 3622 3184 laborent.
3641 3137 3752 3177 nec

2123 3232 2446 3303 quidquam
2469 3230 2712 3285 omnino
2739 3229 2976 3282 ﬁrmum
2997 3230 3098 3280 aut
3117 3221 3326 3277 stabile
3349 3217 3622 3278 habeant,
3641 3225 3752 3265 nec

2125 3322 2197 3378 ad
2228 3337 2405 3391 quem
2454 3321 2635 3375 ﬁnem
2675 3315 3010 3389 perventuri
3069 3313 3206 3379 sint,
3261 3307 3614 3377 intelligant,
3647 3315 3758 3354 nec

2128 3427 2242 3481 quo
2271 3411 2506 3465 tandem
2537 3425 2686 3462 vana
2713 3407 2850 3472 vita,
2879 3403 2996 3470 cui,
3029 3414 3316 3473 perquam
3347 3392 3664 3449 infeliciter
3692 3402 3759 3440 ac

2129 3479 2342 3554 misere
2371 3497 2528 3552 mala
2555 3495 2726 3551 bonis
2755 3493 3156 3565 praeferentes,
3191 3504 3256 3542 ac
3287 3480 3596 3556 probitatis
3630 3479 3758 3532 loco

2127 3587 2331 3644 vitium
2351 3589 2914 3646 consectantes,sese
2933 3579 3058 3648 subj
3069 3581 3437 3640 ecerunt,eos
3453 3569 3762 3631 ducat;nec

2132 3677 2404 3746 quisnam
2425 3673 2664 3744 frigidos
2689 3671 3008 3724 multorum
3028 3683 3093 3721 ac
3114 3665 3467 3719 miserorum
3487 3657 3758 3712 laborum

2132 3744 2371 3818 suorum
2391 3763 2616 3816 fructus
2639 3763 2987 3828 excepturus
3014 3753 3228 3818 sit,boc
3251 3744 3763 3818 est,propinquus-

2133 3869 2206 3906 ne
2239 3867 2314 3906 an
2344 3850 2593 3915 alienus,
2627 3864 2694 3902 ac
2725 3859 2988 3918 persaepe
3018 3858 3094 3896 ne
3138 3838 3362 3894 amicus
3393 3831 3632 3904 quidem
3662 3829 3764 3882 aut

2134 3945 2330 4007 notus,
2362 3954 2564 3993 verum
2593 3936 2871 3990 inimicus
2904 3938 2962 3986 et
2989 3929 3196 3985 hostis.

2207 4025 2924 4098 ch,inquam,omnia,et
2938 4037 3067 4091 quae
3085 4019 3176 4072 his
3190 4017 3588 4071 consentanea
3605 4009 3761 4074 sunt,

2137 4135 2270 4173 cum
2301 4119 2426 4188 ipse
2453 4118 2512 4170 in
2539 4115 2754 4170 animae
2784 4129 2930 4167 mea:
2959 4111 3085 4164 foro
3117 4107 3558 4175 disceptassem,
3585 4095 3761 4150 totius

2137 4209 2266 4260 vitae
2289 4221 2640 4275 meae.quam
2661 4205 2720 4257 in
2743 4203 2920 4256 rebus
2939 4197 3102 4254 vanis
3124 4189 3560 4262 consumpsi,ac
3581 4191 3765 4239 terre-

399 4272 604 4361 ήγαγον
634 4292 750 4348 τοῖς
773 4287 892 4360 περὶ
913 4289 1013 4360 γῆς
1037 4286 1222 4348 πόνοις
1245 4287 1646 4361 προστετηκὼς.
1682 4280 2011 4341 Ἀποϐαλλο·

2139 4297 2231 4350 nis
2261 4272 2562 4350 laboribus
2604 4291 2872 4346 addictus
2918 4285 3196 4354 transegi,
3229 4281 3430 4337 odium
3461 4293 3554 4332 me
3587 4273 3761 4344 cepit.

405 4379 550 4450 μένῳ
583 4379 733 4434 I23
766 4374 822 4429 δὲ
857 4397 949 4448 μοι
979 4382 1076 4444 τῆς
1108 4379 1291 4450 ψυχῆς
1317 4377 1413 4444 τὴν
1431 4377 1635 4430 τούτων
1667 4377 2026 4449 προσπαθειαν

399 4466 488 4520 καὶ
519 4464 858 4540 ἀπορῥίξαντι
888 4467 1156 4542 κατέφανη
1207 4465 1273 4518 τὰ
1326 4464 1404 4536 τῷ
1462 4460 1572 4518 ὄντι
1615 4464 1810 4539 ἀγαθὰ,
1838 4465 1899 4518 τὸ
1931 4484 2033 4540 φο-

401 4549 608 4608 ϐεῖσθαι
638 4555 728 4607 τὸν
769 4553 894 4607 Θεὸν
939 4553 1028 4607 καὶ
1071 4557 1243 4608 ποιεῖν
1295 4553 1457 4608 αὐτοῦ
1501 4554 1564 4608 τὸ
1594 4553 1828 4626 θέλημα.
1859 4556 2031 4608 Τοῦτο

402 4645 506 4719 γὰρ
543 4639 712 4718 ἔγνων
744 4647 951 4698 πάντων
1001 4649 1107 4698 τῶν
1158 4644 1371 4719 ἀγαθῶν
1420 4643 1713 4722 κεφάλαιον
1746 4643 2030 4718 ὑπάρχειν·

400 4739 562 4791 τοῦτο
617 4734 707 4788 καὶ
756 4734 901 4806 ἀρχὴ
953 4733 1143 4810 σοφίας
1193 4732 1410 4807 λέγεται
1440 4737 1554 4804 (⁸12)
1584 4735 1672 4788 καὶ
1703 4732 1862 4808 σοφία
1889 4753 2036 4787 τετε-

404 4821 702 4895 λειωμένη·
739 4825 852 4892 ζωὴ
902 4822 1004 4898 γὰρ
1061 4822 1200 4876 ἐστιν
1259 4820 1465 4884 ἄλυπος
1519 4823 1606 4877 καὶ
1639 4821 2036 4896 ἀνεπηρέαστος

402 4918 518 4974 τοῖς
551 4911 935 4986 ἀντεχομένοις
966 4911 1154 4979 αὐτῆς,
1185 4911 1275 4964 καὶ
1321 4917 1436 4973 τοῖς
1487 4908 1922 4984 ἐπερειδομένοις
1954 4909 2034 4965 ἐπ’

405 5000 572 5069 αὐτὴν
627 5001 700 5062 ὡς
733 4999 820 5054 ἐπὶ
877 4999 1077 5074 Κύριον
1131 4997 1395 5071 ἀσφαλής.
1451 4999 1773 5070 Ἐπιστήσας
1807 4997 1896 5054 οὗν
1933 5020 2037 5073 μου

403 5092 493 5146 τὸν
529 5089 792 5166 λογισμὸν
839 5096 908 5166 τῇ
960 5092 1329 5167 ἀπλανεστάτῃ
1383 5089 1493 5165 ὁδῷ
1538 5097 1644 5147 τῶν
1683 5092 1916 5148 ἐντολῶν
1944 5097 2038 5148 τοῦ

405 5180 607 5256 Κυρίου
637 5186 768 5254 (73),
821 5181 910 5236 καὶ
969 5181 1128 5255 γνοὺς
1181 5177 1417 5256 ἀκριϐῶς
1462 5180 1628 5255 μηδὲν
1661 5181 1714 5237 ἐν
1742 5183 1877 5256 αὐτῇ
1909 5203 2036 5237 σκο-

2140 4387 2401 4454 Cumque
2433 4397 2636 4436 eorum
2668 4393 2932 4434 amorem
2964 4393 3032 4430 ex
3060 4374 3260 4430 animo
3291 4367 3680 4424 excussissem
3709 4365 3770 4416 et

2142 4473 2470 4544 ejecissem,
2503 4487 2572 4524 ea
2628 4483 2756 4524 sese
2803 4466 2990 4522 oculis
3019 4463 3166 4518 meis
3223 4457 3586 4524 obtulerunt,
3640 4465 3770 4521 quas

2139 4579 2272 4620 vere
2305 4561 2463 4616 bona
2492 4565 2650 4626 sunt,
2685 4559 2793 4612 hoc
2823 4559 2932 4622 est,
2955 4553 3054 4608 Dei
3087 4556 3249 4606 metu
3279 4546 3590 4620 praeditum
3620 4556 3769 4606 esse,

2141 4659 2318 4724 atque
2347 4651 2532 4723 ipsius
2562 4645 2849 4704 voluntati
2879 4642 3145 4713 obsequi.
3173 4641 3320 4694 Nam
3347 4637 3457 4690 hoc
3479 4635 3772 4724 bonorum

2145 4721 2412 4798 omnium
2429 4743 2604 4810 caput
2623 4751 2750 4792 esse
2769 4737 3134 4804 compertum
3155 4725 3482 4783 habui.Hoc
3500 4721 3659 4776 enim
3679 4734 3776 4772 sa-

2145 4832 2380 4904 pientia
2401 4828 2636 4882 initium
2661 4841 2787 4880 esse
2809 4822 3222 4889 dicitur,atque
3241 4814 3386 4870 adeo
3409 4811 3666 4883 perfecta
3687 4823 3775 4904 sa-

2145 4894 2386 4993 pientia.
2417 4917 2650 4972 Etenim
2673 4913 2942 4970 maeroris
2973 4924 3178 4980 expers
3208 4905 3324 4958 vita
3353 4907 3460 4993 est,
3495 4905 3670 4969 atque

2148 4989 2309 5064 omni
2331 5005 2656 5062 offensione
2678 5004 2864 5058 libera
2884 5001 2958 5054 iis
2980 4999 3080 5069 qui
3101 5011 3230 5050 eam
3253 4989 3781 5064 amplectuntur,et

2149 5099 2246 5170 qui
2271 5098 2324 5150 ei
2349 5103 2628 5165 tanquam
2657 5092 2902 5147 Domino
2925 5087 3280 5148 innituntur,
3299 5087 3426 5136 tuta
3446 5086 3503 5134 et
3523 5079 3592 5134 ab
3616 5074 3778 5170 omni

2146 5161 2408 5259 periculo
2441 5161 2746 5238 immunis.
2770 5181 2915 5234 Cum
2947 5177 3147 5245 itaque
3178 5171 3446 5228 animum
3477 5183 3676 5224 meum
3706 5161 3780 5219 ad

477 5421 590 5492 (71)
615 5420 813 5476 Matth.
845 5435 974 5488 xxv,
1006 5418 1072 5492 3i
1098 5435 1112 5473 :
1145 5417 1358 5492 Καθίσει
1391 5415 1478 5492 ἐπὶ
1510 5413 1890 5492 θρρνουγδόξης
1919 5415 2107 5492 αύτοῦμ.

485 5557 596 5636 (⁸73)
624 5563 777 5618 Psal.
810 5557 997 5632 cxvm,
1026 5561 1096 5617 32
1124 5557 1143 5617 τ’
1167 5557 1322 5618 Ὅδὸν
1353 5557 1588 5618 ἐντολῶν
1621 5580 1716 5616 σου
1746 5557 2002 5634 ἔδραμον.

1271 5489 1465 5618 potiare;
1495 5471 1660 5575 ςέύόος
1692 5471 1916 5577 Κυρίου.
1947 5490 2011 5546 Cc

485 5561 570 5636 (‘73
624 5563 777 5618 Psal.
810 5578 997 5632 cxvm,
1026 5561 1096 5617 32
1124 5577 1137 5617 :
1235 5557 1322 5616 δον
1379 5561 1588 5616 ντολων
1621 5580 1716 5616 σου
1746 5559 2002 5634 ἔδραμον.

2122 5507 2175 5544 :r.
2207 5491 2250 5544 t.
2281 5489 2352 5558 Il,
2383 5505 2444 5560 p.
2477 5491 2562 5556 15,
2595 5504 2654 5543 n.
2688 5487 2741 5540 2.
