3994 6150
284 208 391 262 987

1804 200 2168 254 ΔΒΟΕΝΒΔ.

3560 201 3663 255 988

290 328 508 383 erroris
539 329 733 382 omnis
757 331 1056 398 expertem
1082 326 1490 381 mandatorum
1514 324 1745 379 Domini
1768 324 1921 377 viam

2048 323 2155 377 Ιιιὸν
2186 322 2221 390 ἢ
2255 321 2697 397 στραγγαλιῶδες
2738 327 2847 397 (74)
2890 324 3176 397 ὑπάρχειν,
3210 323 3349 393 μήτε
3379 341 3666 397 φαραγγων

290 416 937 487 adjecissem,nihilque
954 416 1012 468 in
1032 416 1173 484 ipsis
1191 415 1495 483 obliquum
1516 418 1568 467 et
1592 413 1917 467 anfractuo-

292 522 443 567 sum,
478 522 544 558 ac
573 505 949 575 voraginibus
981 510 1039 556 et
1068 503 1324 572 scopulis
1351 509 1410 556 et
1435 502 1700 556 sentibus
1730 508 1788 555 et
1816 502 1918 554 tri—

291 593 443 646 bulis
477 593 716 662 plenum
749 608 877 645 esse
905 598 1062 646 certo
1095 592 1532 661 comperissem,
1554 607 1754 644 verum
1790 604 1920 643 eam

292 682 537 735 omnino
560 681 795 749 planam
821 686 877 733 et
899 681 1246 748 aequabilem
1272 696 1429 746 esse;
1454 696 1657 733 eorum
1682 678 1920 748 quidem

291 769 388 837 qui
404 770 554 821 hanc
570 768 978 838 ingrediuntur
991 769 1462 837 perclarissimas
1476 767 1921 836 contemplatio-

288 873 392 910 nes
408 857 607 909 oculos
620 856 1405 925 oblectantem,pedibusque
1419 855 1919 925 pulchritudinem

288 960 354 997 co
364 944 579 997 ncilian
589 948 704 996 tem
717 951 908 1013 .atque
925 960 1025 997 eos
1037 944 1107 997 ad
1122 945 1611 1013 praeparationem
1627 941 1921 1013 Evangelii

290 1033 451 1102 pacis
473 1032 857 1097 calceantem,
892 1047 984 1084 me
1015 1033 1208 1101 ipsum
1238 1032 1452 1101 prioris
1484 1034 1823 1101 imposturaa
1856 1047 1921 1083 ac

294 1122 521 1174 stolida:
550 1121 774 1174 fraudis
796 1122 1033 1175 nomine
1057 1122 1339 1175 miserum
1375 1122 1798 1181 existimavi,ac
1820 1135 1923 1189 per

289 1216 512 1261 rectam
544 1210 707 1262 illam
728 1210 1001 1263 incedere
1024 1227 1329 1281 aggressus
1352 1226 1479 1263 sum
1504 1227 1515 1263 :
1551 1225 1727 1278 quam
1745 1210 1923 1262 etiam

293 1299 516 1367 Optimo
541 1299 677 1369 jure
708 1299 884 1352 rebus
915 1300 1189 1353 omnibus
1211 1298 1478 1364 antetuli,
1502 1304 1675 1367 atque
1698 1297 1922 1367 collap-

291 1403 417 1440 sam
436 1392 491 1440 et
505 1386 757 1440 dirutam
772 1388 983 1441 animae
999 1403 1142 1441 meae
1156 1388 1396 1441 domum
1411 1387 1740 1439 instaurare
1754 1385 1921 1453 ccepi.

362 1475 504 1527 Cum
523 1491 655 1545 ergo
674 1476 745 1529 ad
766 1476 921 1529 hunc
940 1476 1179 1529 modum
1200 1476 1376 1529 rebus
1394 1475 1540 1529 meis
1552 1475 1926 1529 consulerem

288 1579 353 1617 ac
368 1564 582 1616 mentis
596 1563 886 1617 lubricum
902 1565 1191 1634 corrigere
1206 1563 1820 1633 studerem,sapientis
1834 1579 1929 1615 cu-

280 1651 790 1721 jusdammagistri
805 1668 1006 1705 vocem
1022 1652 1926 1721 audivi,haecmihiinclamantis:

293 1740 672 1808 Egredimini,
709 1741 920 1809 inquit,
955 1756 1179 1806 omnes,
1213 1757 1360 1809 quos
1404 1741 1613 1794 salutis
1645 1740 1933 1809 cupiditas

294 1832 661 1897 tenet.atque
685 1845 718 1881 a
740 1828 945 1881 mundi
976 1829 1227 1881 vanitate
1252 1846 1349 1882 vos
1376 1835 1689 1890 removete,
1726 1827 1937 1880 transit

293 1918 450 1970 enim
479 1918 664 1987 ipsius
690 1918 874 1987 ﬁgura
897 1920 942 1987 (1
975 1920 1093 1971 Cor.
1130 1921 1249 1983 νιι).
1281 1921 1404 1972 Jam
1430 1920 1694 1989 jamque,
1724 1924 1781 1971 et
1803 1934 1935 1971 ecce

292 2020 414 2058 non
443 2006 572 2057 erit.
607 2006 903 2058 Irretortis
926 2006 1112 2059 oculis
1135 2008 1430 2071 excedite;
1460 2023 1568 2059 nec
1591 2013 1785 2059 tamen
1812 2006 1939 2059 ina-

296 2108 400 2146 nes
417 2094 885 2153 etvacui,verum
902 2096 1276 2163 sempiternae
1294 2097 1420 2148 vitae
1437 2096 1644 2149 viatica
1660 2096 1934 2149 ferentes.

298 2181 528 2234 Etenim
570 2182 809 2252 longum
842 2183 953 2234 iter
982 2182 1143 2235 vobis
1173 2183 1495 2236 ineundum
1522 2190 1630 2252 est,
1664 2183 1939 2252 quodque

299 2268 487 2322 multo
514 2269 762 2338 hujusce
794 2269 923 2321 vitae
959 2270 1168 2323 viatico
1200 2286 1345 2339 Opus
1376 2271 1588 2324 habeat
1614 2289 1627 2335 ;
1667 2277 1841 2340 atque
1867 2270 1939 2323 ad

303 2357 731 2426 sempiternum
765 2358 983 2417 locum.
1013 2358 1115 2411 das
1139 2358 1427 2428 regiones.
1450 2360 1507 2411 in
1533 2359 1746 2427 quibus
1769 2374 1937 2413 man—

304 2444 504 2499 siones
538 2445 738 2498 multm
773 2446 893 2499 sint
922 2446 972 2513 (Ι
1000 2445 1120 2500 Cor.
1151 2447 1232 2515 ιι),
1267 2447 1605 2511 habentem,
1638 2447 1940 2516 pervenie-

300 2533 396 2585 tis.
429 2534 685 2595 Quarum
716 2534 962 2587 alteram
1023 2534 1260 2603 quidem
1324 2537 1475 2588 Deus
1522 2535 1593 2588 iis
1625 2535 1721 2603 qui
1758 2535 1942 2604 ipsius

303 2636 501 2675 amore
518 2621 1041 2694 flagrant,ejusque
1056 2623 1350 2678 mandatis
1366 2624 1946 2693 obtemperant,praa-

300 2710 822 2778 paravit,omnibus
836 2710 1007 2765 bonis
1021 2712 1329 2765 florentem
1344 2717 1401 2765 et
1416 2711 1944 2767 circumﬂuentem.

303 2796 389 2849 Ad
452 2813 626 2865 quam
666 2799 763 2866 qui
804 2798 997 2853 divino
1038 2800 1326 2855 beneﬁcio
1380 2801 1775 2854 admittuntur
1815 2802 1941 2868 (Isa.

303 2885 565 2950 xxxv),in
581 2886 939 2954 sempiterna
953 2888 1393 2957 incorruptione
1408 2889 1717 2959 degunt,ut
1730 2889 1827 2956 qui
1844 2890 1947 2942 im-

306 2972 957 3028 mortalitateinteritus
980 2977 1174 3030 omnis
1197 2983 1432 3047 experte
1463 2977 1751 3043 fruantur,
1783 2978 1938 3031 unde
1970 3012 2015 3079 Ο

303 3060 700 3130 etfugitdolor.
713 3062 859 3116 tristi
872 3064 948 3118 tia
962 3070 1013 3117 et
1027 3080 1154 3135 gem
1166 3065 1179 3117 i
1191 3065 1705 3120 tus.Alteraautem
1719 3083 1848 3135 qua:
1864 3072 1942 3120 te-

303 3146 504 3200 nebris
529 3153 585 3200 et
606 3149 1035 3213 calamitate,ac
1060 3151 1262 3205 dolore
1286 3153 1552 3206 conferta
1573 3160 1680 3220 est,
1706 3154 1939 3208 diabolo

308 3238 365 3287 et
386 3236 609 3305 angelis
633 3237 760 3305 ejus
782 3244 989 3307 parata
1011 3246 1116 3292 est.
1145 3241 1202 3293 In
1221 3257 1397 3309 quam
1417 3243 1593 3295 etiam
1617 3243 1942 3312 conjicien-

308 3324 651 3393 tur,quiper
671 3324 990 3396 ﬂagitiosas
1015 3329 1279 3382 actiones
1303 3345 1430 3383 eam
1455 3329 1565 3383 sibi
1590 3331 1940 3384 conciliave-

304 3411 628 3481 rint,atque
644 3412 714 3465 ab
729 3414 969 3467 interitu
985 3415 1179 3470 aliena
1192 3418 1619 3487 etsempiterna
1639 3418 1793 3473 bona
1806 3435 1942 3472 cum

308 3499 699 3567 praesentibus
757 3505 1198 3571 commutarint,
1261 3510 1531 3576 totosque
1606 3523 1734 3561 sese
1789 3507 1941 3577 ignis

310 3587 515 3641 aeterni
547 3588 827 3658 pabulum
859 3592 1180 3647 effecerint.

380 3676 511 3730 Haec
526 3693 627 3748 ego
641 3695 778 3733 voce
792 3679 925 3733 audi
937 3686 1192 3750 ta,atque
1206 3682 1388 3753 ipsius
1400 3685 1517 3737 veri
1527 3684 1948 3739 tateintellecta

308 3763 370 3816 in
389 3764 499 3818 hoc
511 3782 694 3819 unum
709 3783 857 3836 opus
871 3768 1205 3827 incubui.ut
1221 3771 1292 3825 ad
1311 3771 1457 3825 illud
1474 3774 1791 3843 hospitium
1811 3789 1943 3843 per-

308 3852 567 3906 venirem
588 3855 741 3923 quod
762 3856 920 3908 omni
941 3856 1143 3911 dolore
1176 3864 1233 3912 et
1263 3860 1541 3914 mmstitia
1561 3866 1944 3925 vacat,tanta-

312 3957 423 4009 que
448 3949 651 3998 contra
670 3948 983 3999 securitate
1003 3964 1069 4001 ac
1096 3949 1273 4001 tantis
1291 3949 1460 4003 bonis
1484 3956 1944 4019 scatet:quorum

310 4030 564 4101 cognitio
589 4049 746 4086 nunc
764 4035 909 4087 mihi
929 4035 1211 4091 duntaxat
1232 4054 1300 4091 ex
1326 4045 1489 4107 parte
1509 4044 1686 4105 est,ut
1707 4040 1804 4108 qui
1828 4041 1944 4109 spi-

309 4115 541 4169 ritualis
569 4120 757 4172 aetatis
789 4121 1017 4175 ratione
1048 4139 1194 4191 puer
1225 4124 1356 4187 sim,
1391 4140 1457 4178 ac
1499 4125 1657 4179 velut
1682 4142 1787 4195 per
1812 4141 1943 4195 spe-

311 4203 445 4257 cula
475 4204 759 4260 duntaxat
786 4213 841 4261 et
872 4210 1186 4281 aenigmata
1215 4229 1309 4266 res
1350 4212 1561 4267 futura:
1609 4214 1737 4267 vitae
1780 4230 1945 4283 pers-

309 4292 695 4362 piciamCum
718 4304 915 4352 autem
953 4302 1176 4355 venerit
1208 4302 1362 4371 quod
1394 4304 1719 4372 perfectum
1744 4310 1849 4370 est,
1875 4322 1942 4359 ac

306 4380 453 4435 facie
486 4384 556 4437 ad
591 4384 802 4443 faciem
835 4404 1206 4457 cognoscam,
1232 4396 1355 4443 tum
1375 4390 1611 4445 demum
1636 4393 1942 4447 evacuabi-

311 4476 408 4527 tur
438 4474 595 4542 quod
626 4491 695 4528 ex
732 4482 897 4545 parte
930 4481 1017 4531 est
1058 4478 1100 4546 (1
1131 4479 1249 4534 Cor.
1284 4479 1429 4549 xm).
1464 4480 1586 4543 Quo
1619 4481 1775 4534 circa
1803 4497 1941 4551 gra-

2032 409 2120 463 xui
2183 410 2485 481 σκοπέλων,
2539 413 2782 476 ἀκανθῶν
2834 433 2893 466 τε
2948 412 3037 466 καὶ
3086 406 3359 486 τριϐόλων
3411 412 3524 481 (75)
3572 430 3664 463 πι-

2032 500 2144 569 πλη
2156 500 2425 573 ρωμένην,
2485 502 2612 557 ἀλλ’

2035 588 2273 661 ὁμαλήν,
2305 590 2602 662 τέρπουσαν
2666 592 2757 661 μὲν
2814 589 2942 653 τοὺς
2998 587 3315 664 ὀφθαλμοὺς
3354 591 3461 642 τῶν
3496 588 3661 653 αὐτην

2038 675 2328 731 ὁδευόντων
2363 684 2478 738 ταῖς
2534 678 2853 755 φανοτάταις
2912 676 3184 751 θεωρίαις,
3242 676 3577 747 ὼραῖζυυσαν
3611 671 3668 728 δὲ

2033 764 2158 825 τοὺς
2186 764 2377 834 πόδας,
2417 768 2505 819 καὶ
2564 764 2898 820 ύποδύουσαν
2954 766 3052 833 τὴν
3111 763 3423 835 έτοιμασίαν
3453 763 3550 817 τοῦ
3583 762 3667 816 εὖ·

2038 851 2301 926 αγγελίου
2346 861 2445 923 τῆς
2497 854 2718 927 εἰρήνης
2750 857 2861 926 (76)
2890 857 2985 907 τοῦ
3039 852 3293 928 ἀσφαλῶς
3323 872 3379 905 τε
3407 852 3497 905 καὶ
3548 872 3671 905 συν-

2036 942 2221 1011 τόμως
2272 940 2526 1016 βαδίζειν·
2585 942 2756 1017 ἤνπερ
2816 945 2927 1015 (77)
2982 940 3194 996 πάντων
3254 937 3481 1002 δικαίως
3533 959 3675 1012 προ-

2038 1028 2239 1103 έκρινα,
2272 1030 2359 1084 καὶ
2409 1030 2719 1103 οἰκοδομεῖν
2776 1032 3027 1104 ἠρξάμην
3082 1030 3181 1099 τὴν
3239 1027 3502 1083 πεσοῦσάν
3566 1048 3670 1100 μου

2034 1127 2133 1187 τῆς
2163 1122 2348 1193 ψυχῆς
2376 1119 2463 1174 καὶ
2490 1122 2773 1195 φθαρεῖσαν
2808 1118 3003 1176 οἰκίαν.

2694 502 2827 572 ὅλην
2910 501 3055 557 λείαν
3134 502 3519 566 καθεστηκέναι
3576 499 3663 552 καὶ

2113 1476 2297 1536 Οὕτως
2354 1497 2456 1547 μου
2512 1478 2576 1530 τὰ
2631 1478 2747 1530 κατ’
2799 1474 3032 1548 ἐμαυτὸν
3093 1470 3468 1545 διατιθεμένου
3496 1472 3677 1526 καὶτὸ

2043 1563 2307 1637 σφαλερὸν
2340 1569 2435 1618 τοῦ
2491 1564 2615 1625 νοὸς
2673 1563 3119 1639 ἐπανορθοῦντυς,
3173 1562 3431 1637 ῥημάτων
3464 1561 3679 1629 ἀκήκοα

1963 1657 2208 1736 Βσοφοῦ
2257 1674 2405 1714 τινος
2465 1650 2794 1707 διδασκάλου
2865 1652 3088 1706 τοιαῦτά
3167 1672 3261 1723 μοι
3332 1645 3673 1721 ἐμϐοῶντοςο

2041 1738 2332 1811 Ἐξέλθετε,
2372 1733 2501 1811 ἔφη,
2559 1740 2753 1800 πάντες
2810 1739 2866 1792 oi
2924 1743 3214 1801 ποθοῦντες
3245 1738 3503 1805 σωθῆναι·
3540 1736 3678 1789 ἀπο-

2040 1831 2192 1884 124
2224 1826 2533 1900 χωρίσθητε
2579 1834 2678 1895 τῆς
2728 1828 3089 1899 ματαιότητος
3131 1830 3225 1880 τοῦ
3272 1826 3504 1897 κόσμου’
3537 1844 3685 1899 παρ-

2039 1914 2155 1987 άγει
2184 1916 2286 1988 γὰρ
2319 1914 2380 1967 τὸ
2413 1921 2606 1988 σχῆμα
2647 1914 2813 1968 αὐτοῦ
2863 1918 2974 1987 (78)
3031 1914 3223 1987 μικρὸν
3255 1914 3403 1981 ὅσον,
3435 1912 3526 1967 καὶ
3554 1909 3681 1966 ἰδοὺ

2041 2006 2142 2058 οὐκ
2187 1999 2352 2058 ἔσται.
2412 2003 2681 2072 Ἐξέλθετε
2756 2001 3167 2077 ἀμεταστρεπτὶ,
3234 2005 3307 2075 μὴ
3366 2008 3568 2079 προῖκα
3620 2000 3683 2055 δὲ

2040 2091 2129 2145 καὶ
2188 2092 2398 2163 ἀμισθῖ,
2459 2090 2583 2146 ἀλλ’
2642 2089 2829 2166 ἐφόδια
2886 2094 3170 2165 φερόμενοι
3230 2098 3373 2161 ζωῆς
3428 2091 3678 2146 α’ίωνίου·

2046 2181 2252 2253 μακρὰν
2286 2180 2388 2253 γὰρ
2425 2177 2650 2251 μέλλετε
2711 2177 2945 2254 βαδίζειν
3009 2177 3155 2247 ὁδὸν,
3188 2178 3414 2234 πολλῶν
3447 2178 3682 2254 ἔχουσαν

2042 2269 2229 2341 χρείαν
2287 2272 2392 2321 τῶν
2463 2266 2693 2330 ἐντεῦθεν
2745 2265 2995 2343 ἐφοδίων.
3072 2267 3176 2322 Καὶ
3230 2262 3683 2339 καταλαμϐάνετε

2040 2357 2132 2409 τὸν
2164 2356 2383 2409 αῗώνιον
2414 2354 2579 2410 τόπον
2614 2354 2801 2429 χώρας
2833 2352 3029 2429 ἔχοντα
3078 2353 3193 2424 δύο,
3226 2353 3440 2418 πολλάς
3472 2356 3523 2410 ἐν
3553 2356 3683 2410 ἑαυ-

2043 2449 2160 2505 ταῖς
2196 2444 2363 2515 μονὰς
2395 2442 2644 2516 ἐχούσας,
2701 2443 2773 2496 ὧν
2824 2445 2922 2511 τήν
2986 2444 3080 2515 μὶν
3145 2444 3269 2515 μίαν
3320 2443 3611 2515 ἡτοίμασεν
3646 2444 3679 2498 ὁ

2045 2533 2176 2593 Θεὸς
2205 2538 2322 2593 τοῖς
2353 2532 2624 2605 ἀγαπῶσιν
2658 2531 2814 2585 αὐτὸν
2862 2530 2949 2585 καὶ
2995 2533 3090 2594 τὰς
3122 2532 3281 2585 αὐτοῦ
3314 2530 3678 2609 φυλάττουσιν

2046 2619 2288 2689 ἐντολὰς,
2346 2620 2612 2674 παντοίων
2701 2618 2858 2673 οὖσαν
2944 2619 3152 2693 ἀγαθῶν
3211 2618 3684 2694 πεπληρωμένην,

2045 2711 2216 2782 ἧσπερ
2266 2708 2315 2761 οἱ
2360 2708 2667 2779 ἀξιωθέντες
2717 2707 2769 2761 ἐν
2819 2707 3081 2784 ἀφθαρσίᾳ
3131 2710 3383 2778 ζήσονται
3418 2706 3683 2779 διηνεκεῖ,

2044 2805 2145 2865 τῆς
2195 2796 2504 2871 ἂνωλέθρου
2561 2796 2928 2853 ἀπολαύοντες
2980 2796 3286 2864 ἀθανασίας,
3320 2792 3443 2851 ἔνθα
3476 2796 3688 2871 ἀπέδρα

2050 2882 2237 2953 ὀδύνη,
2272 2882 2418 2954 λύπη
2470 2884 2557 2939 καὶ
2617 2883 2913 2957 στεναγμός
2968 2888 3097 2955 (79)·
3126 2887 3160 2953 ἡ
3195 2882 3250 2938 Si
3282 2882 3523 2958 δευτέρα,
3557 2886 3691 2940 σκό-

2048 2994 2173 3034 τους
2207 2971 2335 3026 οὗσα
2370 2974 2535 3045 μεστὴ
2567 2972 2656 3026 καὶ
2689 2972 2926 3045 θλίψεως
2966 2973 3053 3025 καὶ
3085 2970 3299 3040 ὀδύνης,
3332 2978 3410 3044 τῷ
3442 2969 3690 3046 διαϐόλῳ

2050 3063 2379 3133 ἡτοίμασται
2411 3061 2498 3114 καὶ
2529 3065 2644 3122 τοῖς
2674 3059 2923 3134 ἀγγέλοις
2956 3060 3121 3114 αὐτοῦ
3152 3065 3284 3132 (80),
3317 3060 3367 3114 ὲν
3470 3061 3685 3136 βληθή-

2050 3171 2230 3204 σονται
2287 3150 2376 3203 καὶ
2437 3150 2487 3202 oi
2543 3145 2612 3201 δι’
2682 3146 2854 3221 ἔργων
2911 3153 3166 3222 πονηρῶν
3223 3150 3433 3211 ἑαυτοῖς
3489 3149 3687 3218 ταύτην

2049 3239 2491 3310 προξενήσαντες,
2553 3237 2602 3290 οἱ
2656 3241 2764 3290 τῶν
2837 3237 3119 3313 ἀφθάρτων
3196 3238 3284 3291 καὶ
3339 3237 3576 3292 αίωνίων
3619 3238 3691 3292 τὰ

2048 3326 2285 3402 παρόντα
2341 3323 2800 3397 ἀνταλλαξάμενοι
2852 3325 2940 3379 καὶ
3002 3324 3166 3386 ὅλους
3239 3326 3457 3390 ἑαυτοὺς
3509 3327 3692 3381 πατᾶ-

2050 3411 2245 3489 ϐρωμα
2272 3414 2368 3469 τοῦ
2396 3414 2623 3468 αἶ’ωνίου
2655 3412 2824 3489 πυρὸς
2854 3413 3239 3487 ποιησάμενοι.

2123 3681 2338 3751 Ταύτης
2369 3680 2475 3754 ἐγὼ
2500 3685 2602 3748 τῆς
2661 3685 2847 3755 φωνῆς
2903 3678 3135 3740 ἀκούσας
3191 3678 3277 3733 καὶ
3338 3680 3401 3733 τὸ
3459 3678 3688 3754 ἀψευδὲς

2052 3770 2218 3838 αὐτῆς
2284 3768 2560 3841 ἐπιγνοὺς,
2647 3765 2817 3821 ἐκεῖνο
2902 3762 3229 3821 καταλαϐεῖν
3288 3769 3349 3821 τὸ
3399 3767 3692 3840 κατάλυμα

2052 3857 2204 3933 ἔργον
2251 3857 2466 3929 ἐθέμην,
2522 3855 2584 3909 τὸ
2640 3856 2818 3924 πάσης
2881 3856 2973 3926 μὲν
3027 3854 3451 3929 ἀπηλλαγμένον
3486 3854 3688 3926 ὀδύνης

2050 3968 2108 4002 τε
2135 3948 2223 4001 καὶ
2273 3945 2475 4016 λύπης,
2535 3943 2803 4012 τοσαύτης
2858 3941 2914 3997 δὲ
2972 3944 3268 4017 ἀσφαλείας
3299 3946 3389 3999 καὶ
3418 3946 3683 4000 τοιούτων

2054 4037 2262 4110 ἀγαθῶν
2305 4034 2516 4107 πλῆρες
2552 4033 2822 4107 ὑπάρχον,
2881 4033 2952 4085 ὧν
3011 4035 3045 4101 ἡ
3104 4038 3302 4105 γνῶσις
3356 4034 3467 4088 νυνὶ
3504 4035 3596 4106 μὶν
3629 4035 3690 4089 ἐκ

2058 4126 2253 4197 μέρους
2284 4122 2423 4176 ἐστὶν
2452 4122 2501 4175 ἐν
2535 4120 2681 4192 ἐμοὶ,
2714 4120 2895 4191 νηπίῳ
2935 4140 2992 4173 τε
3043 4116 3154 4174 ὄντι
3184 4122 3281 4189 τήν
3314 4126 3684 4194 πνευματικὴν

2052 4214 2300 4281 ἡλικίαν,
2355 4210 2444 4264 καὶ
2503 4210 2576 4270 ὡς
2636 4207 2705 4263 δι’
2761 4209 3035 4284 ἐσόπτρων
3093 4209 3183 4263 καὶ
3238 4209 3569 4283 αἴνιγμάτων
3622 4213 3691 4265 τά

2054 4301 2250 4355 έκεῖθεν
2285 4301 2432 4357 I25
2466 4298 2719 4371 βλέποντι
2776 4301 2905 4370 (81)’
2966 4298 3054 4351 ’ὀτε
3100 4295 3155 4351 δὶ
3210 4295 3339 4367 ἔλθῃ
3367 4300 3427 4352 τὸ
3456 4298 3689 4369 τέλειον,

2052 4390 2141 4443 καὶ
2200 4388 2570 4461 ἐπιγνώσομαι
2627 4385 2916 4458 πρόσωπον
2968 4387 3103 4457 πρὸς
3135 4386 3446 4460 πρόσωπον,
3477 4389 3601 4443 τότε
3628 4389 3691 4443 τὸ

2051 4477 2111 4532 ἐκ
2172 4477 2367 4551 μέρους
2420 4475 2885 4549 καταργηθήσεται
2946 4476 3073 4548 (82).
3134 4474 3460 4549 Εὐχαριστῶ
3505 4477 3688 4532 τοίνυν

405 4644 491 4709 74)
523 4646 687 4725 ξιονζ
749 4662 866 4712 VIII,
900 4648 970 4699 8:
1026 4645 1176 4701 Μετὰ
1230 4642 1576 4714 δικαιοσύνης
1627 4647 1799 4700 πάντα
1841 4649 1909 4702 τὰ
1959 4647 2178 4725 ῥήματα
2231 4650 2327 4701 τοῦ
2381 4644 2645 4718 στόματός
2701 4662 2823 4717 μου·
2874 4642 3029 4698 οὐδέν
3062 4644 3268 4706 ἑαυτοῖς
3293 4643 3532 4718 σκολιὸν,
3563 4645 3694 4702 οὐδὲ

310 4712 766 4786 στραγγαλιῶδες.

384 4788 491 4854 (75)
528 4786 607 4839 Cf.
646 4793 785 4840 tom.
820 4788 913 4849 lli,
950 4805 1004 4856 p.
1043 4788 1160 4851 181,
1198 4806 1252 4842 ιι.
1290 4791 1339 4842 4.

384 4860 493 4935 (76)
530 4860 813 4935 licspectu
842 4854 1062 4935 ad_lsa._
1088 4864 1245 4935 Ln,_7
1275 4858 1404 4935 αὩς
1439 4856 1587 4935 Δῶρα-
1626 4857 1710 4913 ἐπὶ
1771 4864 1890 4935 τῶνΔ
1936 4861 2125 4935 ὀρέων,
2182 4860 2257 4935 ὡς
2314 4857 2476 4935 πόδες
2509 4854 3022 4935 εὐαγγελιζομένου
3053 4857 3512 4935 ἀκοῆνῄεἰρηνηςὲί
3545 4864 3689 4935 Inde

309 4928 490 5008 Epist.
522 4925 883 5008 ad_‘ROIil‘.‘x,
920 4930 1015 5008 lli:
1050 4928 1136 4988 Ὡς
1179 4929 1372 5000 ὡραῖοι
1406 4930 1457 4982 oi
1489 4925 1649 4993 πόδες
1689 4935 1795 4984 τῶν
1845 4925 2337 5007 εὐαγγελιζομένων
2400 4925 2650 5001 εῗρήνην,
2679 4925 2800 4984 ’τῶν
2857 4925 3447 5002 εὐαγγελιζομένων-ἠ
3476 4931 3683 5008 ἀγαθαί

377 4998 486 5066 (77)
522 4998 657 5049 Vide
691 4998 992 5051 Addenda.

381 5071 490 5137 ('78)
525 5070 545 5119 Ι
578 5068 756 5151 Ιξρὶδῐ.
791 5068 861 5122 ad
893 5070 1016 5122 Cor.
1055 5087 1145 5136 vn,
1180 5072 1241 5124 31
1274 5089 1284 5123 :
1321 5070 1553 5144 Παράγει
1586 5073 1688 5148 γὰρ
1745 5074 1807 5127 τὸ
1866 5093 1934 5147 σχ

2048 5095 2062 5128 ι
2116 5077 2212 5128 τοῦ
2269 5071 2478 5145 κόσμου
2506 5070 2720 5128 τούτου.
2752 5072 3064 5143 IEpistola
3098 5074 3262 5129 Joan.
3296 5091 3357 5143 ιι,
3393 5078 3494 5129 172
3528 5074 3557 5127 ὁ
3586 5074 3687 5128 κό-

310 5157 451 5207 σμος
482 5157 793 5208 παραγεται.

381 5212 489 5277 (79)
524 5211 629 5262 lsa.
664 5226 829 5273 xxxv,
867 5214 949 5264 lO.

528 5281 723 5357 Matth.
750 5283 971 5357 μαῖα-ζει
1010 5297 1022 5333 :
1056 5278 1126 5336 Τὸ
1154 5284 1256 5355 πῦρ
1284 5284 1344 5337 τὸ
1376 5282 1614 5350 αἰώνιον,
1646 5285 1707 5337 τὸ
1737 5284 2140 5357 ἡτοιμασμένον
2169 5290 2250 5355 τῷ
2280 5279 2523 5355 διαϐόλῳ
2544 5282 2642 5357 xui
2676 5289 2796 5357 rei;
2822 5281 3076 5357 ἀγγέλοις
3106 5283 3288 5357 αὐτοῦ.

382 5350 491 5431 (8i)
527 5350 835 5431 Gregorius
888 5354 1017 5406 Naz.
1045 5350 1237 5431 .orat,
1286 5357 1371 5431 16,
1433 5372 1488 5424 p.
1524 5359 1633 5431 _251
1666 5374 1678 5409 :
1735 5350 1902 5431 ᾁόξης

2048 5350 2339 5431 )ρίαν,’-νῦν
2376 5357 2467 5431 μέν
2496 5350 2594 5423 τήν
2628 5354 2677 5407 ἐν
2712 5350 2992 5431 έσόπέρόις
3022 5374 3079 5407 τε
3107 5356 3196 5408 καὶ
3228 5355 3530 5431 αἰνίγμασι,
3561 5358 3688 5420 τόυς

314 5414 369 5471 δὶ
393 5419 496 5498 ,την
527 5414 860 5498 τελενωτέραν
889 5441 943 5498 τε
973 5421 1058 5474 καὶ
1090 5414 1486 5496 καθαρωτέραν.
1522 5428 1796 5497 Respexit
1816 5414 1934 5481 itte]

2048 5414 2074 5480 3'
2100 5430 2123 5480 Ι
2153 5414 2332 5498 Epist.
2367 5414 2438 5481 ad
2470 5414 2598 5498 Cor.
2627 5444 2639 5480 :
2672 5428 2742 5482 ef.
2779 5414 2918 5498 nota
2949 5443 3073 5498 seq.

385 5491 770 5573 (82)IEpist.'
793 5493 867 5549 ad
896 5495 1023 5550 Cor.
1057 5512 1181 5567 xm,
1230 5491 1294 5569 '9,
1350 5491 1440 5571 {0,
1499 5498 1587 5573 11,
1637 5491 1752 5555 ’12;
1814 5498 1909 5553 Ἐκ

2048 5516 2160 5559 >ους
2198 5491 2314 5573 ’γὰρ
2367 5497 2769 5575 γινώσκομεν...
2801 5496 2925 5553 ὅταν
2960 5491 3179 5578 δὶῖλθῃ
3210 5498 3273 5556 τὸ
3301 5495 3532 5571 τέλειον,
3562 5498 3690 5563 τόυς
