3994 6150
352 340 457 394 995

1898 322 2239 376 ADDENDA
2253 360 2266 372 .

3637 310 3740 368 996

354 482 422 520 ea
441 459 966 534 reprehensionem
996 458 1277 518 meretur,
1302 456 1403 507 aut
1432 468 1465 505 a
1494 449 1742 520 reliquis
1773 446 1987 518 negligi

2102 446 2337 518 ταγωγεῖ
2381 442 2469 497 καὶ
2499 439 2821 515 περιθάλπει
2870 437 2960 493 καὶ
3018 434 3306 510 λαμπροὺς
3341 433 3741 494 ἀποδείκνυσιν.

351 554 663 615 debet,nec
680 546 1010 619 splendoris
1026 544 1207 614 ipsius
1225 542 1464 612 gloriam
1481 540 1553 594 ob
1576 539 1813 592 illorum
1832 535 1995 590 sulti-

348 644 490 696 tiam
516 642 576 693 in
601 643 941 705 contemptu
962 631 1396 699 versatur;quin
1420 630 1612 699 potius
1636 628 1723 680 illi
1749 626 1990 696 quidem

350 731 577 800 seipsos
611 725 833 779 lumine
880 721 1157 775 orbantes
1193 725 1491 787 ,tanquam
1545 716 1704 775 caeci,
1737 714 1992 784 parietes

350 820 795 889 palpant,atque
824 813 885 864 in
918 811 1133 864 multas
1162 808 1397 861 scrobes
1427 807 1760 878 praecipites
1790 806 1990 865 ruunt,

353 906 674 973 multisque
701 902 887 971 spinis
905 915 1107 953 eorum
1132 897 1283 950 oculi
1310 893 1766 966 punguntur;sol
1790 897 1995 945 contra

356 992 734 1065 splendorem
764 1004 935 1042 suum
968 987 1359 1039 retinens.eos
1392 984 1650 1036 illustrat
1679 981 1778 1051 qui
1807 980 1993 1050 ipsius

352 1083 555 1137 lumen
578 1080 807 1134 detecta
826 1076 973 1129 facie
990 1072 1440 1127 contuenturzad
1465 1071 1739 1125 eumdem
1761 1084 1993 1138 quoque

350 1170 595 1224 modum
626 1166 841 1221 Christi
890 1164 1087 1217 lumen
1148 1161 1421 1215 omnibus
1476 1159 1716 1229 quidem
1767 1157 1987 1219 illucet,

352 1258 855 1329 splendoremque
900 1268 1071 1307 suum
1120 1250 1288 1303 nobis
1334 1249 1555 1301 affatim
1584 1246 1885 1317 impertit;
1935 1249 1995 1297 at

349 1364 485 1401 vero
520 1364 623 1416 pro
658 1361 763 1399 sua
793 1343 1042 1411 quisque
1094 1338 1414 1409 cupiditate
1447 1336 1749 1404 animique
1782 1333 1995 1387 alacri-

350 1440 468 1489 tate
493 1435 685 1503 ipsum
710 1430 975 1501 percipit.
1003 1430 1143 1481 Nam
1173 1443 1280 1479 nec
1303 1426 1403 1479 ille
1422 1424 1669 1494 justitiae
1693 1423 1779 1476 sol
1803 1421 1991 1475 ullum

354 1540 419 1577 ex
454 1523 544 1576 his
577 1521 673 1591 qui
702 1520 1007 1573 oculorum
1040 1517 1222 1569 aciem
1254 1516 1312 1568 in
1346 1515 1539 1583 ipsum
1562 1511 1870 1566 intendere
1894 1526 1992 1563 cu-

346 1613 518 1683 piunt
547 1609 833 1664 beneficio
870 1625 939 1661 eo
973 1607 1179 1676 privat,
1212 1620 1320 1657 nec
1362 1619 1597 1656 rursum
1630 1602 1721 1655 his
1755 1600 1868 1653 vim
1901 1600 1995 1652 in-

344 1702 459 1755 fert
507 1700 607 1769 qui
655 1703 860 1766 suapte
913 1702 1122 1765 sponte
1180 1692 1453 1747 tenebras
1498 1691 1989 1760 eligunt;verum

2104 529 2225 585 Εἷδὲ
2256 552 2422 598 τινες,
2460 530 2718 603 μύσαντες
2764 527 2890 589 τοὺς
2941 524 3282 603 ὀφθαλμοὺς,
3308 522 3547 579 κατιδεῖν
3583 526 3742 580 αὐτοῦ

2099 619 2160 672 τὸ
2192 621 2387 695 φέγγος
2420 620 2483 673 οὐ
2519 617 2861 684 θελήσουσιν,
2909 613 3031 669 οὔτε
3083 614 3357 686 μεμπτέος
3411 614 3554 687 παρὰ
3582 619 3741 668 τοῦτο

2103 709 2130 761 ὁ
2160 706 2345 775 ἥλιος,
2396 708 2518 761 οὗτε
2564 710 2679 766 τοῖς
2736 704 2953 766 λοιποῖς
2998 703 3325 776 παροπτέος,
3378 699 3503 755 οὔτε
3558 703 3665 774 μὴν
3707 705 3740 772 ἡ

2104 793 2230 864 δόξα
2259 798 2357 862 τῆς
2386 794 2549 848 αὐτοῦ
2581 793 2972 867 λαμπρότητος
3022 788 3110 845 διὰ
3160 794 3261 855 τῆς
3292 788 3510 844 ἐκείνων
3543 790 3743 862 ἀτιμα-

2104 885 2353 953 σθήσεται
2432 878 2785 954 ἀϐελτηρίας·
2846 884 2990 938 la]
3050 879 3172 934 ἀλλ’
3233 879 3424 933 ἆκεῖνοι
3495 879 3591 951 μὶν
3648 884 3743 933 τοῦ

2103 973 2281 1050 φωτὸς
2314 970 2535 1032 ἑαυτοὺς
2578 971 3060 1042 ἀποστερήσαντες,
3113 969 3187 1030 ὡς
3231 965 3434 1043 τυφλοὶ
3482 968 3747 1044 ψηλαφή-

2103 1081 2252 1114 σουσι
2302 1066 2523 1135 τοῖχον,
2580 1057 2815 1121 πολλοῖς
2871 1056 2929 1113 δὲ
2987 1057 3343 1129 ἐμπεσοῦνται
3382 1057 3626 1131 βόθροις,
3658 1058 3748 1111 καὶ

2101 1149 2339 1209 πολλαῖς
2397 1148 2882 1217 ἐκκεντηθήσονται
2939 1146 3032 1206 τὰς
3091 1144 3243 1219 ὄψεις
3301 1144 3573 1214 ἀκάνθαις,
3626 1148 3655 1199 ὁ
3693 1145 3749 1200 δὶ

2102 1236 2262 1304 ἥλιος
2292 1235 2375 1290 ἐπὶ
2409 1237 2508 1306 τῆς
2561 1233 2697 1295 ἰδίας
2754 1235 3045 1306 ἱστάμενος
3104 1232 3494 1307 λαμπρότητος
3554 1246 3751 1311 φωτιεῖ

2099 1325 2224 1385 τοὺς
2282 1322 2783 1395 ἀνακεκαλυμμένῳ
2858 1322 3136 1396 προσώπῳ
3206 1322 3268 1375 τὸ
3326 1321 3520 1398 φέγγος
3580 1324 3749 1376 αὐτοῦ

2101 1412 2629 1485 κατοπτριζομένους
2850 1411 2948 1463 Τὸν
3010 1409 3169 1463 αὐτὸν
3224 1407 3289 1477 δὴ
3331 1410 3653 1483 τρόπονκαὶ
3686 1410 3748 1463 τὸ

2100 1504 2197 1555 τοῦ
2227 1502 2459 1573 Χριστοῦ
2490 1504 2605 1576 φῶς
2662 1499 2838 1576 φαίνει
2904 1499 2996 1567 μὶν
3058 1504 3186 1552 πᾶσι
3237 1496 3545 1565 πλουσίως,
3583 1519 3746 1569 μετα·

2104 1586 2250 1642 διδὸν
2281 1592 2416 1660 ἡμῖν
2442 1594 2543 1657 τῆς
2571 1587 2733 1641 αὐτοῦ
2766 1584 3146 1659 λαμπηδόνος·
3185 1588 3402 1661 μετέχει
3436 1585 3493 1641 δὲ
3521 1583 3750 1650 ἕκασθος

2102 1678 2219 1741 καθ’
2277 1676 2398 1729 ὅσον
2459 1676 2688 1751 ἐφέσεως
2745 1669 2860 1749 ἔχει
2919 1673 3005 1727 καὶ
3076 1673 3405 1745 προθυμίας’
3468 1670 3592 1727 οὕτε
3643 1674 3751 1748 γὰρ

348 1806 468 1845 sua)
493 1764 741 1858 quisque
770 1764 971 1839 liberae
994 1782 1277 1837 voluntati
1312 1787 1368 1834 et
1398 1780 1695 1846 electioni,
1729 1778 1987 1848 quandiu

2102 1771 2390 1843 ἀποστερεῖ
2442 1787 2565 1821 τινα
2618 1770 2725 1820 τῶν
2790 1764 3137 1841 βουλομένων
3192 1764 3337 1836 αὖτῷ
3368 1765 3685 1833 ἐνατενίζειν
3725 1765 3753 1819 ὁ

2105 1856 2159 1868 ..ς
2351 1862 2377 1868 -
2476 1852 2499 1868 ..
2698 1854 2710 1868 .
2879 1857 2922 1868 Α.
3014 1850 3071 1868 ..ν
3248 1854 3260 1868 .
3347 1854 3375 1868 ι,
3421 1852 3471 1868 ι..
3690 1853 3702 1868 ι

348 1876 409 1930 in
443 1876 551 1928 hac
581 1874 696 1926 vita
728 1877 837 1937 est,
863 1869 1243 1939 relinquitur.

2098 1856 2260 1926 ἥλιος
2311 1862 2411 1924 τῆς
2472 1852 2818 1923 δικαιονύνης
2857 1857 2950 1925 κθ),
3010 1850 3133 1908 δῦτε
3194 1854 3299 1925 μὴν
3347 1852 3588 1928 βιάζεται
3616 1853 3752 1915 τοὺς

348 1962 612 2031 ἑκουσίως
643 1961 704 2013 τὸ
738 1959 926 2018 σκότος
960 1956 1367 2031 ἐκλεγομένους·
1420 1950 1569 2007 ἀλλὰ
1622 1954 1689 2023 τῇ
1750 1947 1862 2021 ίδίᾳ
1920 1947 2147 2008 ἕκαστος
2204 1945 2409 2021 ἐφεῖται
2468 1942 2801 2015 αὐτεξουσίῳ
2829 1943 3163 2017 προαιρέσει,
3194 1940 3297 2003 ἓως
3323 1941 3376 1997 ἐν
3406 1947 3485 2012 τῷ
3514 1944 3756 2015 παρόντι

354 2035 458 2108 βίῳ
491 2030 620 2086 ἐστί.

416 2124 559 2177 Cum
582 2126 777 2175 autem
798 2119 1076 2188 Josaphat
1094 2114 1378 2186 quidnam
1399 2113 1624 2168 arbitrii
1643 2112 1884 2165 libertas
1907 2115 1987 2163 at-

344 2228 456 2282 que
473 2209 681 2265 electio
702 2214 857 2263 esset
874 2202 1497 2276 quazreret,respondit
1519 2216 1717 2255 senex:
1744 2197 1986 2253 Arbitrii

345 2300 586 2354 libertas
609 2304 697 2352 est
713 2297 924 2351 anima}
943 2295 1167 2348 ratione
1186 2292 1405 2345 utentis
1423 2288 1846 2353 voluntas,sine
1864 2286 1985 2340 ullo

345 2388 771 2459 impedimento
796 2384 868 2437 ad
894 2383 951 2436 id
975 2382 1130 2452 quod
1155 2380 1295 2443 vult,
1322 2380 1432 2433 hoc
1453 2383 1543 2432 est
1567 2378 1684 2432 sive
1711 2376 1783 2431 ad
1808 2377 1988 2429 virtu-

346 2476 613 2543 tem,sive
640 2474 712 2527 ad
736 2472 962 2531 vitium,
984 2470 1428 2537 incitata,atque
1447 2483 1480 2521 a
1501 2481 1732 2520 summo
1758 2464 1859 2518 illo
1882 2480 1989 2534 pa-

355 2572 521 2620 rente
556 2569 612 2617 et
637 2561 954 2617 architecto
988 2559 1071 2612 ita
1100 2558 1324 2612 effecta.
1352 2558 1625 2618 Rursum,
1648 2554 1889 2608 Arbitrii
1920 2552 1990 2606 li-

355 2652 553 2708 bertas
599 2657 686 2705 est
718 2647 1137 2702 intellectualis
1169 2646 1380 2701 animae
1413 2661 1516 2715 pro
1548 2660 1653 2697 suo
1702 2642 1992 2697 arbitratu

356 2738 843 2813 agitatio.Electio
870 2743 1066 2791 autem
1089 2740 1177 2789 est
1199 2750 1400 2788 earum
1430 2749 1631 2787 rerum
1663 2749 1792 2803 quas
1816 2731 1876 2785 in
1898 2747 1994 2784 ar-

354 2830 529 2884 bitrio
562 2835 762 2882 nostro
787 2826 911 2880 sita)
943 2829 1239 2887 sunt,cum
1272 2822 1517 2877 consilio
1551 2822 1868 2891 conjuncta
1890 2835 1992 2889 ap-

353 2915 888 2988 petitio.Siquidem
908 2930 1031 2967 rem
1051 2929 1179 2966 eam
1198 2928 1327 2981 quae
1348 2910 1492 2965 inito
1515 2909 1761 2964 consilio
1784 2908 1995 2962 melior

343 3007 611 3078 judicata
635 3006 1035 3076 est,eligentes
1059 3000 1748 3073 appetimus.Consilium
1783 3003 1871 3052 est
1900 2998 1988 3051 in-

349 3094 684 3165 vestigatrix
707 3090 987 3163 appetitio
1014 3090 1083 3144 de
1108 3089 1281 3143 rebus
1303 3088 1598 3161 gerendis,
1621 3103 1869 3157 quarum
1893 3102 1996 3155 pe-

2166 2108 2277 2162 Τοῦ
2304 2102 2361 2159 δὲ
2407 2104 2639 2180 Ἰωάσαφ
2691 2104 2999 2176 πυθομένου
3052 2102 3106 2157 τί
3159 2104 3222 2157 τὸ
3272 2102 3615 2173 αὐτεξούσιον
3649 2103 3744 2157 καὶ

2093 2196 2147 2252 τί
2202 2197 2539 2268 προαίρεσις,
2600 2193 2761 2271 φησὶν
2824 2195 2851 2248 ὁ
2905 2194 3102 2268 γέρων⁶
3163 2193 3586 2265 Δύτεξουσιότης
3630 2195 3752 2265 (10)

2100 2289 2192 2361 μὲν
2246 2286 2355 2341 ἐστι
2414 2288 2600 2359 ψυχῆς
2656 2283 2884 2359 λογικῆς
2940 2283 3184 2355 θέλησις,
3216 2283 3512 2345 ἀκωλύτως
3554 2304 3746 2338 κινου-

2101 2376 2233 2449 μένη
2266 2376 2403 2442 πρὸς
2435 2376 2564 2445 ὅπερ
2597 2372 2655 2427 ἃν
2708 2371 2986 2447 βούλοιτο,
3021 2372 3127 2427 εἷ’τε
3165 2374 3358 2449 ἀρετὴν
3392 2372 3500 2428 εἴτε
3526 2372 3744 2440 κακίαν,

2100 2466 2270 2525 οὕτως
2304 2464 2408 2519 ὑπὸ
2437 2469 2533 2518 τοῦ
2565 2468 2913 2538 Δημιουργοῦ
2943 2462 3267 2537 γενομένης.
3312 2462 3748 2533 Αὖτεξουσιότης

2099 2553 2246 2614 αὖθίς
2276 2553 2384 2607 ἐστι
2416 2558 2602 2627 νοερᾶς
2652 2554 2839 2625 ψυχῆς
2883 2552 3098 2621 κίνησις
3150 2551 3513 2626 αὖτοκρατής.
3543 2550 3756 2624 "pcat-

2102 2664 2243 2718 ρεσις
2299 2640 2355 2697 δὲ
2411 2642 2549 2695 ἐστιν
2612 2641 2787 2715 ὗρεξις
2850 2640 3141 2715 βουλενική
3189 2645 3299 2695 τῶν
3356 2640 3437 2713 ἐφ’
3488 2643 3650 2709 ἡμῖν,
3711 2638 3749 2709 ἤ

2105 2732 2386 2808 βοόλευσις
2446 2732 2698 2805 ὀρεκτική
2755 2734 2862 2784 τῶν
2923 2729 3003 2806 ἐφ’
3060 2732 3218 2801 ἡμῖν’
3264 2734 3361 2784 τοῦ
3390 2730 3493 2804 γὰρ
3525 2750 3758 2802 προκρι-

2102 2821 2282 2886 θέντος
2315 2821 2374 2875 ὶκ
2400 2828 2498 2889 τῆς
2534 2822 2741 2895 βουλῆς
2789 2818 3047 2897 ἐφιέμεθα
3078 2820 3529 2894 προαιρούμενοι,
3568 2821 3751 2889 Βουλή

2104 2908 2160 2964 δὶ
2190 2909 2329 2963 ἐστιν
2362 2906 2535 2983 ὄρεξις
2598 2910 2863 2979 ζητητικὴ
2908 2908 3031 2981 περὶ
3080 2912 3187 2962 τῶν
3242 2908 3322 2985 ἐφ’
3353 2912 3488 2981 ἡμῖν
3522 2930 3752 2983 πρακτι-

2101 3002 2210 3053 κῶν
2255 2998 2539 3073 γινομένη⁸
2601 2996 2917 3071 βουλεύεται
2975 2998 3076 3072 γὰρ
3132 3017 3240 3064 τις,
3274 2997 3324 3052 εἴ
3370 2992 3568 3052 ὤσειλε
3619 3020 3751 3071 μετ-

2103 3084 2278 3140 ελθεῖν
2306 3087 2368 3140 τὸ
2417 3092 2649 3160 πρᾶγμα
2678 3086 2713 3154 ἢ
2747 3083 2830 3141 οὔ.
2888 3085 3020 3142 Εἶτα
3068 3085 3237 3159 κρίνει
3269 3086 3329 3140 τὸ
3354 3092 3617 3161 κρεῖττον,
3652 3088 3747 3142 καὶ

349 3200 454 3238 nes
474 3201 579 3238 nos
602 3188 858 3253 potestas
882 3179 1295 3234 est.Deliberat
1316 3178 1472 3232 enim
1492 3176 1786 3247 quispiam
1813 3192 1987 3246 expe-

2098 3173 2300 3248 γίνεται
2331 3171 2525 3249 κρίσις,
2579 3174 2706 3228 Εἶτα
2756 3171 3045 3237 διατίθεται
3097 3175 3181 3228 καὶ
3230 3175 3413 3249 ἀγαπᾷ
3460 3175 3603 3229 τὸέκ
3632 3180 3742 3240 τῆς

348 3272 546 3326 diatne
574 3270 797 3339 aliquid
824 3282 1229 3338 agere,necne.
1266 3265 1671 3333 Deinde,quod
1704 3269 1987 3334 praestan-

348 3362 462 3414 tius
495 3365 603 3425 est,
628 3358 877 3428 judicat,
913 3373 978 3409 ac
1002 3355 1295 3424 judicium
1328 3353 1600 3407 efficitur.
1636 3354 1763 3407 Mox
1789 3357 1987 3406 autem

345 3448 621 3511 afficitur,
682 3451 856 3514 atque
916 3444 975 3497 id
1024 3443 1180 3513 quod
1233 3459 1301 3495 ex
1358 3442 1607 3496 consilio
1653 3441 1986 3512 judicatum

347 3540 717 3595 est.amat.ac
748 3532 1042 3587 sententia
1073 3530 1458 3585 dicitur.Nam
1484 3530 1530 3583 si
1566 3530 1645 3583 ita
1668 3529 1897 3599 judicet
1925 3534 1989 3582 ut

343 3629 543 3679 tamen
559 3621 765 3693 ergaid
780 3619 1275 3690 quodjudicatum
1296 3617 1985 3681 est.minimeafﬁciatur,

345 3714 457 3767 hoc
480 3717 587 3777 est,
621 3710 679 3765 id
714 3709 956 3763 minime
987 3724 1168 3773 amer,
1204 3707 1499 3761 sententia
1528 3706 1985 3775 haudquaquam

352 3800 701 3872 appellatur.
729 3801 871 3853 Tum
904 3802 1035 3867 post
1062 3796 1437 3850 affectionem
1472 3796 1537 3848 ﬁt
1568 3794 1798 3848 electio.
1842 3795 1986 3847 Nam

349 3892 559 3945 electio
584 3887 734 3941 nihil
759 3886 919 3940 aliud
943 3891 1031 3938 est
1055 3901 1231 3954 quam
1258 3900 1288 3937 e
1313 3884 1540 3938 duabus
1564 3883 1740 3937 rebus
1772 3899 1988 3953 propo-

345 3979 476 4034 sitis
500 3977 746 4031 alteram
770 3992 889 4045 prae
920 3974 1105 4027 altera
1136 3972 1412 4042 amplecti
1447 3976 1503 4025 et
1530 3972 1764 4041 eligere.
1799 3974 1987 4040 Atque

340 4069 488 4124 illud
511 4068 599 4121 vel
623 4084 692 4121 ex
714 4066 842 4137 ipsa
864 4064 1217 4135 etymologia
1236 4063 1612 4133 perspicuum
1633 4061 1989 4127 est,electio-

338 4174 477 4211 nem
501 4172 627 4209 esse
649 4154 963 4209 consilium
983 4168 1117 4206 cum
1137 4149 1559 4221 dijudicatione
1577 4154 1984 4218 coxuunctum.

340 4242 665 4316 Προαιρετὸν
715 4243 873 4296 enim
922 4248 1008 4295 est
1057 4240 1307 4294 alterum
1343 4256 1461 4309 pra:
1492 4239 1675 4293 altero
1709 4238 1980 4293 electum.

340 4336 522 4387 Nemo
550 4350 721 4403 porro
742 4330 1063 4401 quidquam
1089 4329 1353 4383 adhibito
1375 4328 1602 4399 judicio
1631 4328 1799 4382 alteri
1834 4346 1979 4398 prae-

336 4422 470 4485 fert,
495 4422 607 4475 nisi
628 4421 792 4490 prius
815 4420 1130 4473 consilium
1153 4418 1386 4481 inierit;
1411 4434 1519 4471 nec
1537 4433 1770 4471 rursum
1796 4417 1977 4487 eligit,

337 4509 452 4564 nisi
472 4508 1098 4580 priusjudicarit.Nam
1120 4507 1399 4576 quoniam
1416 4522 1533 4558 non
1549 4521 1617 4557 ea
1637 4504 1979 4573 omniaquae
2012 4529 2057 4591 D

336 4599 508 4654 nobis
536 4604 693 4653 recta
712 4605 768 4651 et
790 4597 1073 4667 praeclara
1092 4612 1219 4648 esse
1238 4593 1511 4647 videntur
1530 4593 1590 4645 in
1607 4610 1753 4662 opus
1773 4592 1982 4663 perdu-

332 4705 466 4742 cere
502 4687 829 4754 studemus,
864 4690 987 4739 tum
1022 4683 1275 4751 denique
1309 4681 1519 4734 electio
1554 4686 1610 4733 et
1641 4681 1979 4751 eligendum

332 4777 590 4831 efficitur
622 4775 681 4829 id
713 4773 871 4846 quod
902 4790 970 4826 ex
1020 4770 1267 4825 consilio
1302 4769 1667 4840 propositum
1700 4774 1807 4835 est,
1844 4786 1979 4824 cum

330 4865 757 4935 appetitionem
817 4861 1092 4917 comitem
1168 4857 1466 4912 asciverit.
1519 4858 1599 4910 Ex
1664 4874 1779 4927 quo
1838 4875 1981 4914 con-

329 4954 590 5009 cluditur
643 4951 997 5007 electionem
1056 4963 1186 5002 esse
1236 4946 1660 5016 appetitionem
1712 4964 1844 5002 cum
1875 4948 1975 5003 de-

329 5040 682 5097 liberatione
741 5039 1122 5110 conjunctam
1203 5052 1405 5091 earum
1464 5052 1663 5091 rerum
1723 5054 1853 5109 qua:
1911 5039 1971 5094 in

396 5276 471 5417 γε)
504 5274 668 5330 Conf.
703 5291 758 5344 p.
793 5275 886 5338 61,
922 5288 979 5325 n.
1014 5273 1101 5328 53.

419 5351 471 5403 9)
506 5346 751 5401 Malach.
786 5362 860 5404 ιγ,
894 5347 977 5417 2.Δ

419 5351 471 5403 9)
506 5346 751 5401 Malach.
786 5362 860 5404 ιγ,
894 5347 945 5396 2.

2098 3261 2304 3337 βουλῆς
2350 3264 2550 3334 κριθὲν,
2610 3261 2701 3315 καὶ
2752 3260 2967 3336 λέγεται
3024 3263 3240 3336 γνώμη·
3294 3262 3381 3317 ἐὰν
3427 3265 3530 3337 γάρ
3560 3264 3740 3337 κρίνῃ,

2091 3351 2180 3404 καὶ
2234 3353 2308 3423 μή
2360 3348 2577 3423 διατεθῇ
2629 3353 2781 3407 132
2834 3352 2971 3422 πρὸς
3028 3351 3089 3404 τὸ
3136 3352 3338 3423 κριθὶν,
3389 3352 3560 3425 ἤγουν
3609 3352 3747 3427 ἀγα-

2091 3442 2242 3513 πήσῃ
2277 3439 2427 3507 αὐτὸ,
2485 3438 2546 3494 οὐ
2608 3438 2820 3514 λέγεται
2877 3439 3096 3514 γνώμη.
3161 3441 3289 3496 Εἶτα
3325 3443 3456 3512 μετὰ
3488 3441 3591 3509 τήν
3624 3439 3748 3495 81i-

2091 3531 2256 3598 Θεσιν,
2312 3528 2513 3603 γίνεται
2572 3527 2915 3603 προαίρεσις,
2966 3530 3133 3603 ἤγουν
3196 3528 3450 3604 ἐπιλογή·
3486 3530 3752 3605 προαίρε-

2093 3638 2173 3679 σις
2207 3618 2309 3691 γὰρ
2362 3616 2470 3672 ἐστι
2536 3614 2635 3671 δόο
2692 3618 3065 3691 προκειμένων
3123 3619 3186 3672 τὸ
3244 3616 3296 3672 ἔν
3356 3617 3629 3689 αἱρεῖσθαι
3658 3619 3753 3674 καί

2092 3706 2404 3780 ἐκλέγεσθαι
2434 3710 2596 3761 τοῦτο
2623 3709 2728 3780 πρὸ
2774 3710 2871 3761 τοῦ
2922 3707 3124 3779 ἑτέρου.
3162 3708 3265 3763 Καὶ
3296 3710 3458 3761 τοῦτο
3491 3708 3750 3783 φανερόν,

2091 3796 2174 3849 δτι
2229 3795 2402 3871 βουλή
2455 3796 2564 3850 ἐστι
2616 3796 2729 3867 μετ’
2779 3795 3100 3871 ἐπικρίσεως
3130 3798 3164 3865 ἡ
3198 3797 3537 3870 προαίρεσις,
3568 3800 3660 3850 καί
3694 3796 3749 3868 ἐξ

2089 3883 2257 3953 αὐτῆς
2286 3887 2384 3951 τῆς
2437 3883 2817 3958 ἐτυμολογίας
2878 3885 3201 3959 προαιρετὸν
3261 3885 3364 3959 γὰρ
3395 3883 3507 3939 ἐστι
3535 3886 3599 3940 τὸ
3627 3884 3745 3940 ἓτε-

2090 3990 2184 4044 ρον
2215 3972 2321 4046 πρὸ
2350 3976 2446 4026 τοῦ
2478 3973 2661 4046 ἑτέρου
2721 3971 2933 4045 αἱρετόν
2994 3975 3131 4043 (11)·
3166 3970 3347 4034 οὐδεὶς
3376 3972 3432 4027 δὲ
3460 3973 3745 4046 προκρίνει

2086 4081 2138 4114 τι
2171 4062 2245 4132 μή
2283 4060 2738 4134 βουλευσάμενος,
2769 4058 2895 4115 οὐδὲ
2940 4066 3279 4134 προαιρεῖται
3312 4062 3388 4133 μὴ
3416 4063 3741 4134 προκρίνας·

2090 4145 2312 4217 Ἐπειδή
2345 4150 2447 4223 γὰρ
2510 4149 2571 4203 οὐ
2630 4148 2799 4204 πάντα
2845 4149 2911 4203 τὰ
2968 4147 3192 4219 δόξαντα
3233 4152 3366 4222 ἡμῖν
3399 4149 3453 4203 εὖ
3486 4148 3632 4224 ἔχειν
3666 4151 3742 4213 εἷς

2088 4231 2244 4310 ἔργον
2305 4237 2521 4311 ἀγαγεῖν
2579 4236 3035 4312 προθυμούμεθα,
3092 4237 3217 4292 τότε
3271 4238 3608 4313 προαίρεσις,
3651 4260 3743 4315 καὶ

2089 4325 2409 4398 προαιρετὸν
2463 4326 2668 4412 γίνεται
2722 4328 2785 4381 τὸ
2837 4326 3129 4412 προκριθὶν
3217 4325 3277 4381 έκ
3345 4334 3445 4396 τῆς
3504 4326 3740 4412 βουλῆς,

2091 4415 2214 4468 ὅταν
2275 4410 2561 4487 προσλάϐῃ
2633 4416 2732 4483 τὴν
2816 4411 3008 4490 ὄρεξιν.
3084 4414 3181 4469 Καὶ
3255 4413 3397 4471 οὕτω
3456 4410 3741 4491 συνάγεται

2089 4502 2404 4577 προαίρεσιν
2466 4504 2597 4557 εἶναι
2649 4500 2821 4576 ὄρεξιν
2888 4502 3247 4577 βουλευτικὴν
3304 4508 3414 4558 τῶν
3466 4504 3545 4581 ἐφ’
3578 4508 3737 4577 ἡμῖν·

2088 4595 2184 4645 τοῦ
2214 4592 2317 4667 γὰρ
2350 4592 2700 4667 προκιθέντος
2748 4592 2805 4647 ἐκ
2851 4613 2951 4660 της
3002 4591 3210 4667 βουλῆς
3263 4592 3520 4668 ἐφιέμεθα
3544 4615 3740 4667 προαι-

2091 4680 2367 4755 ρούπενοι.
2429 4686 2575 4735 Πᾶσα
2632 4682 2736 4756 γὰρ
2800 4680 2977 4756 βουλή
3034 4682 3279 4757 πράξεως
3336 4679 3491 4737 ἕνεκα
3528 4684 3619 4737 καί
3652 4683 3739 4738 διὰ

2087 4772 2299 4843 πρᾶξινο
2356 4770 2444 4826 γαῖ
2527 4770 2669 4825 οὕτω
2741 4772 2917 4840 πάσης
2981 4773 3075 4845 μὲν
3135 4772 3500 4846 προαιρέσεως
3560 4773 3731 4848 βουλή

2088 4863 2326 4935 ἡγεῖται,
2377 4860 2554 4931 πάσης
2611 4858 2668 4915 δὲ
2725 4858 2969 4935 πρᾶξεως
3026 4861 3365 4936 προαίρεσις.
3426 4862 3523 4916 Διὰ
3577 4868 3734 4917 τοῦτο

2088 4948 2149 5003 οὐ
2212 4949 2375 5022 μόνον
2434 4950 2490 5003 αἱ
2546 4950 2785 5023 πράξεις,
2845 4947 2991 5005 ἀλλᾶ
3045 4950 3135 5005 καὶ
3193 4951 3261 5005 τὰ
3301 4952 3440 5007 κατά
3469 4949 3731 5020 διάνοιαν,

2082 5040 2232 5093 ἅτινα
2303 5038 2399 5102 τὶς
2480 5039 2821 5115 προαιρέσεις
2903 5043 3233 5113 παριστῶσι,
3294 5040 3383 5095 καὶ
3442 5041 3727 5119 στεφάνου<

398 5412 506 5487 (10)
540 5419 777 5472 Lemma
808 5414 1124 5491 metri_c_um
1157 5413 1218 5491 i_n
1254 5416 1299 5468 A
1327 5431 1338 5467 :
1370 5414 1476 5480 Τὴν
1510 5417 1605 5491 τοῦ
1639 5412 1906 5491 Βαρλαάμ
1937 5438 1987 5491 φι

2098 5413 2261 5491 το-ςρίοιν
2298 5414 2416 5489 δρα.

397 5486 518 5569 (11⁷).
534 5492 749 5569 {Encas
794 5489 934 5569 "Gaz.
970 5486 1394 5569 Theophrasto,
1431 5504 1487 5557 p.
1527 5489 1644 5569 _3QI:
1694 5486 1987 5569 NoBc.&Y_al

2124 5486 2337 5569 ἀλόγῳ,
2360 5488 2571 5559 σώματι
2617 5488 2935 5569 χρώμενος,
2960 5486 3307 5560 αὐτοκράτωρ
3341 5487 3398 5544 δὲ
3424 5490 3725 5561 γενόμεννς,

324 5561 443 5637 κατ’
503 5558 737 5637 ἐξουσίαν
789 5555 905 5637 ἄνώ
936 5556 1035 5637 καὶ.
1057 5556 1205 5637 κάτω
1236 5551 1568 5637 μεταχώρεῖ,
1592 5551 2127 5637 ἔτερον-αἱρούμενος
2157 5551 2455 5631 προτέρου·’
2484 5551 2774 5634 τουτὲῐγάῥ
2806 5551 3138 5634 ητῖινϐρωπου¹
3164 5551 3480 5637 πφσαιρεοίς

326 5634 454 5689 Non
486 5627 776 5706 προτέρου,
807 5630 911 5685 sed
940 5628 1046 5702 πρὸ
1079 5627 1266 5702 ὶτέρου
1293 5627 1600 5685 commode
1633 5627 1871 5687 ethibet
1899 5627 1987 5688 col

2110 5633 2164 5685 4.
