3994 6150
283 289 392 346 997

1478 289 1650 346 ἮΤΔ
1688 292 2039 347 BABLAAM
2077 293 2169 347 ET
2204 293 2542 348 JOABAPH.

3552 291 3661 348 998

277 416 367 471 καὶ
399 412 656 476 κολάσεις
685 414 1056 487 προξενοῦσιν.
1113 414 1288 490 Ἀρχή
1347 412 1450 490 γὰρ
1511 415 1779 487 ἁμαρτίας
1829 417 1918 469 καὶ

2043 424 2236 473 nostra
2253 424 2544 490 potestate
2567 421 2694 474 sitae
2719 417 3093 474 sint.Etenim
3113 418 3172 473 id
3196 418 3351 488 quod
3375 436 3443 473 ex
3469 419 3666 475 consi-

283 503 697 577 δικαιοπραγίας
762 503 1044 578 προαίρσίς
1099 502 1238 556 ἐστιν
1300 503 1350 557 έν
1432 509 1549 564 τοῖς
1627 503 1707 578 ἐφ’
1779 507 1916 575 ἡμῖν

282 592 647 665 καταγομένη·
679 591 752 644 ὧν
783 592 883 666 γὰρ
934 592 988 645 αἱ
1045 589 1305 664 ἐνέργειαι
1367 588 1448 666 ἐφ’
1505 592 1664 662 ἡμῖν,
1715 588 1921 644 τούτων

280 681 372 736 καὶ
404 681 458 734 αἱ
491 679 708 751 πράξεις
741 679 796 732 αἱ
846 679 980 732 κατὰ
1034 680 1132 748 τήν
1193 677 1455 752 ἐνέργειαν
1514 677 1594 754 ἐφ’
1625 681 1778 749 ἡμῖν·
1840 679 1922 754 ἐφ’

284 772 421 842 ἡμῖν
456 765 513 822 δὲ
542 767 596 820 αἱ
622 767 757 820 κατά
785 769 884 835 τὴν
934 768 1126 838 ἀρετὴν
1182 767 1466 840 ἐνέργειαι,
1516 766 1594 843 ἐφ’
1639 769 1773 838 ἡμῖν
1822 768 1923 840 ἄρα

283 858 376 914 xui
405 858 458 911 αἱ
491 855 692 930 ἀρεταί·
724 855 926 930 κυρίως
957 857 1058 931 γὰρ
1109 855 1188 931 ἐφ’
1245 857 1380 927 ἡμῖν
1440 855 1548 908 ἐστι
1602 855 1668 909 τὰ
1715 855 1925 929 ψυχικά

288 948 464 1002 πάντα
491 946 579 1000 καὶ
613 946 733 1021 περί
764 945 836 998 ὧν
875 943 1271 1017 βουλευόμεθα.
1321 943 1508 1005 Οὕτως
1567 943 1921 1013 αὐτεξουσίως

291 1038 442 1094 133
479 1032 888 1109 βουλευομένων
921 1037 1024 1086 τῶν
1077 1033 1373 1107 ἀνθρώπων
1430 1033 1518 1085 καὶ
1569 1032 1924 1101 αὐτεξουσίως

289 1122 759 1199 προαιρουμένων,
789 1123 904 1184 καθ’
947 1120 1070 1174 ὅσον
1131 1121 1188 1174 ἄν
1247 1141 1328 1181 τις
1383 1123 1732 1194 προαιρῆται,
1793 1120 1927 1173 κατὰ

287 1217 540 1270 τοσοῦτον
569 1210 658 1264 καὶ
721 1211 936 1284 μετέχει
992 1213 1089 1264 τοῦ
1142 1209 1288 1273 θείου
1350 1209 1528 1270 Φωτὸς
1583 1208 1670 1262 καὶ
1729 1209 1926 1281 προκό-

287 1322 407 1357 πτει
454 1300 506 1355 ἐν
554 1305 670 1360 τοῖς
725 1305 824 1366 τῆς
883 1297 1208 1375 φιλοσοφίας
1263 1295 1675 1370 ἐπιτηδεύμασιο
1739 1294 1926 1373 διαφο-

290 1391 379 1466 ραὶ
411 1389 515 1464 γὰρ
547 1388 912 1461 προαιρέσεως
944 1387 1066 1442 εἶσί.
1123 1386 1224 1444 Καὶ
1277 1387 1514 1458 καθάπερ
1566 1386 1706 1446 τινὲς
1753 1384 1925 1459 πηγαὶ

291 1476 498 1533 ὑδάτων
531 1474 588 1529 ἐκ
611 1479 717 1529 τῶν
749 1481 849 1544 τῆς
897 1480 999 1548 γῆς
1051 1473 1296 1547 λαγόνων
1344 1473 1816 1545 ἀναπεμπόμεναι,
1851 1473 1927 1526 ἀἱ

293 1568 389 1641 μὶν
419 1563 755 1625 ἐπιπολαίως
813 1570 912 1631 τῆς
968 1569 1068 1638 γῆς
1124 1557 1497 1632 έκϐλύζουσιν,
1529 1563 1584 1615 αἱ
1617 1559 1673 1615 δὲ
1734 1561 1925 1635 μικρόν

288 1677 342 1709 τι
378 1654 692 1729 βαθύτερον,
725 1652 779 1705 αἱ
813 1649 868 1706 δὲ
900 1649 1017 1706 λίαν
1058 1652 1287 1724 βαθέως,
1318 1649 1523 1704 τούτων
1564 1647 1620 1704 δὲ
1647 1654 1754 1704 τῶν
1803 1647 1928 1703 ὑδά-

291 1764 399 1798 των
425 1743 492 1796 τὰ
520 1743 614 1814 μέν
647 1741 934 1815 προσεχῶς
968 1735 1296 1808 έκϐλύζοντα
1325 1738 1413 1792 καὶ
1443 1741 1511 1811 τῇ
1567 1737 1742 1813 γεύσει
1791 1738 1930 1812 γλυ-

295 1830 411 1900 κέα,
459 1831 527 1885 τὸ.
584 1827 640 1884 δὲ
702 1829 908 1903 βαθέως
969 1827 1297 1902 ἐξερχόμενα
1352 1825 1441 1879 καὶ
1501 1824 1932 1899 άλμυρίζονταῆ

296 1919 614 1996 θεαφίζοντα
645 1921 777 1991 (l2),
809 1918 898 1971 καὶ
928 1917 994 1970 τὰ
1049 1917 1142 1986 μέν
1202 1915 1447 1992 ἀφθόνως
1494 1911 1836 1985 έκδιδόμενα,
1868 1913 1934 1966 τὰ

295 2006 354 2064 δὲ
381 2009 517 2062 κατὰ
550 2008 741 2082 μικρὸν
777 2009 1053 2074 στάζοντα’
1088 2003 1260 2065 οὕτως
1302 2005 1391 2056 καὶ
1441 2001 1529 2057 ἐπὶ
1571 2007 1678 2056 τῶν
1729 2022 1931 2072 προαι-

294 2098 491 2174 ρέσεων
521 2096 652 2167 νόει,
681 2095 775 2156 τὰς
807 2095 899 2166 μὶν
940 2091 1164 2166 ταχείας
1224 2091 1358 2146 εἶναι
1412 2091 1501 2145 καὶ
1551 2088 1668 2143 λίαν
1731 2102 1932 2164 θερμο-

289 2188 477 2254 τάτας,
533 2184 628 2245 τὰς
687 2180 743 2237 δέ
803 2183 1014 2256 νωθρᾶς
1074 2179 1164 2234 καί
1221 2179 1435 2254 ψυχρὰς
1517 2178 1606 2232 καὶ
1681 2179 1774 2239 τὰς
1838 2179 1931 2250 μὶν

293 2274 442 2335 ὅλως
494 2273 580 2327 ἐπὶ
611 2271 678 2325 τὰ
735 2267 878 2324 καλᾶ
928 2270 1026 2335 τὴν
1089 2267 1263 2342 ῥοπὴν
1312 2265 1666 2337 κεκτημένας,
1724 2265 1818 2326 τὰς
1879 2262 1936 2318 δὲ

293 2361 432 2437 πρός
462 2362 524 2415 τὸ
557 2358 794 2415 ἐναντίον
826 2357 968 2432 πάσῃ
1029 2354 1250 2429 δυνάμει
1305 2353 1728 2416 ἀποκλινούσας.
1788 2354 1937 2408 Κατᾶ

293 2455 424 2526 γοῦν
451 2450 548 2510 τὰς
579 2448 752 2502 αὐτῶν
788 2445 1067 2516 διαθέσεις,
1124 2445 1216 2498 καὶ
1274 2444 1328 2497 αἱ
1386 2443 1522 2519 πρὸς
1571 2443 1666 2501 τὰς
1718 2441 1934 2512 πράξεις

299 2538 695 2601 ἀκολουθοῦσιν
729 2535 915 2611 ὁρμαί.

2027 507 2106 561 lio
2123 509 2504 577 praapositum
2523 508 2924 580 est,eligentes
2939 507 3482 578 appetimus.0mne
3497 509 3668 578 quip-

2029 612 2101 666 pe
2153 596 2470 649 consilium
2522 597 2772 650 actionis
2804 613 2983 650 causa
3013 601 3070 649 et
3101 603 3342 666 propter
3373 597 3666 649 actionem

2031 683 2364 752 suscipitur.
2394 686 2480 737 Ita
2509 684 2825 738 consilium
2855 685 3094 753 quidem
3123 684 3474 737 electionem
3501 690 3670 738 ante-

2033 771 2209 834 cedit,
2245 771 2449 825 electio
2473 781 2669 826 autem
2730 789 2967 826 omnem
3018 773 3331 826 actionem.
3385 772 3668 836 Quocirca

2035 877 2156 914 non
2181 862 2352 914 modo
2385 862 2667 927 actiones,
2711 863 2812 916 sed
2846 879 2914 916 ea
2945 863 3120 916 etiam
3153 879 3283 931 qua
3310 863 3508 916 animo
3541 863 3668 932 agi-

2036 953 2235 1002 tantur
2261 956 2414 1019 (quze
2439 952 2676 1020 quidem
2696 951 3013 1004 electiones
3033 950 3484 1019 exbibent),tum
3504 967 3673 1004 coro-

2035 1054 2163 1099 nas,
2199 1043 2322 1092 tum
2354 1055 2556 1108 poenas
2587 1045 2918 1093 accersunt.
2961 1040 3194 1092 Etenim
3227 1039 3434 1092 electio
3488 1040 3550 1091 in
3583 1039 3673 1093 his

2035 1126 2212 1179 rebus
2236 1143 2365 1196 quae
2389 1127 2448 1180 in
2481 1127 2723 1181 arbitrio
2746 1135 2948 1182 nostro
2983 1128 3108 1181 sitze
3130 1133 3267 1180 sunt
3284 1133 3676 1193 versans,tum

2036 1213 2280 1282 peccati,
2307 1215 2594 1284 tumjusti
2617 1216 2811 1284 operis
2836 1216 2994 1286 origo
3019 1221 3124 1268 est.
3142 1216 3282 1267 Nam
3309 1230 3558 1282 quarum
3582 1229 3674 1266 re-

2035 1318 2167 1355 rum
2192 1302 2502 1357 facultates
2531 1320 2711 1374 penes
2735 1322 2842 1358 nos
2875 1309 3032 1369 sunt,
3056 1305 3268 1356 harum
3296 1304 3472 1356 etiam
3495 1303 3673 1355 actio-

2037 1405 2143 1443 nes
2172 1389 2550 1446 facultatibus
2581 1399 2994 1446 consentaneze
3028 1408 3208 1462 penes
3234 1407 3338 1444 nos
3364 1391 3676 1454 sunt.Qua-

2037 1477 2304 1533 mobrem
2328 1497 2462 1534 cum
2480 1481 2788 1534 facultates
2807 1481 3003 1534 virtuti
3021 1484 3434 1534 consentaneae
3458 1479 3562 1532 inn
3585 1495 3679 1531 os-

2037 1572 2128 1621 tra
2149 1574 2436 1637 potestate
2469 1571 2608 1637 sint,
2639 1571 2696 1624 in
2722 1576 2924 1624 nostra
2943 1585 3177 1639 quoque
3197 1574 3483 1638 potestate
3500 1568 3680 1621 virtu-

2039 1660 2127 1708 tes
2160 1657 2277 1709 sint
2299 1674 2538 1712 necesse
2560 1659 2918 1728 est.Proprie
2940 1659 3098 1711 enim
3126 1658 3186 1710 in
3211 1656 3453 1710 arbitrio
3477 1661 3680 1709 nostro

1967 1781 2009 1842 Β
2041 1744 2378 1799 consistunt
2399 1763 2467 1800 ea
2490 1747 2690 1801 omnia
2715 1764 2844 1816 quin
2877 1747 3137 1800 animam
3169 1745 3485 1816 attingunt,
3520 1750 3578 1798 et
3609 1743 3679 1796 de

2043 1831 2257 1900 quibus
2288 1834 2706 1889 deliberamus.
2739 1835 2822 1889 Ad
2848 1836 3004 1888 hunc
3025 1834 3203 1898 igitur
3228 1832 3470 1887 modum
3497 1832 3680 1886 libere

2042 1921 2517 1976 consultantibus
2543 1923 2906 1988 hominibus,
2930 1939 2997 1977 ac
3019 1922 3356 1975 liberaitem
3379 1920 3678 1974 voluntate

2043 2008 2716 2082 eligentibus,quatenus
2739 2013 3032 2082 quispiam
3053 2011 3678 2081 eligit,hactenusquo-

2043 2114 2156 2166 que
2189 2098 2448 2154 divinam
2482 2101 2676 2156 lucem
2701 2102 2970 2171 percipit,
2998 2106 3174 2169 atque
3198 2099 3259 2152 in
3290 2098 3679 2168 phiIOSOphia}

2044 2185 2256 2240 studiis
2274 2205 2618 2259 progressus
2639 2189 2794 2243 facit.
2809 2189 2974 2242 Varia
2993 2189 3151 2241 enim
3171 2187 3526 2240 electionum
3546 2189 3684 2238 sunt

2043 2289 2278 2344 genera.
2309 2276 2377 2328 Et
2394 2275 2894 2346 quemadmodum
2919 2275 3158 2345 quidam
3181 2288 3467 2343 aquarum
3491 2272 3684 2327 fontes

2047 2377 2076 2415 e
2108 2368 2276 2416 terrae
2301 2364 2624 2418 visceribus
2643 2365 3051 2429 scaturientes,
3076 2363 3289 2432 partim
3312 2377 3341 2414 e
3371 2361 3684 2431 superficie

2047 2453 2218 2503 terras
2248 2452 2539 2517 oriuntur,
2574 2453 2788 2522 partim
2814 2453 3116 2521 aliquanto
3147 2449 3519 2520 profundius,
3546 2465 3679 2518 par-

2046 2535 2152 2588 tim
2187 2538 2687 2606 profundissime;
2731 2547 2904 2609 atque
2937 2541 3146 2592 harum
3176 2553 3463 2606 aquarum
3497 2537 3624 2589 aliae
3650 2551 3680 2588 e

295 2630 632 2702 propinquo
664 2631 945 2682 emanant
971 2629 1264 2696 gustuque
1296 2621 1498 2676 dulces
1532 2625 1687 2686 sunt,
1729 2619 1859 2675 alias
1891 2636 1960 2674 ex
1990 2621 2107 2676 imo
2139 2641 2204 2678 ac
2238 2626 2406 2680 salsa)
2435 2633 2535 2682 aut
2565 2627 2899 2697 sulphureas
2934 2631 3093 2686 sunt,
3125 2630 3299 2692 atque
3357 2623 3501 2676 item
3549 2623 3678 2676 aliae

299 2718 601 2773 uberrime
630 2716 952 2788 proﬂuunt,
985 2714 1115 2768 aliae
1142 2711 1430 2784 paulatim
1458 2710 1718 2774 stillant;
1752 2708 1960 2763 eodem
1993 2711 2164 2765 modo
2198 2713 2258 2767 in
2293 2715 2682 2771 electionibus
2714 2732 2947 2786 quoque
3001 2714 3209 2784 cogita,
3263 2711 3409 2766 alias
3459 2711 3681 2764 celeres

304 2823 372 2862 ac
400 2821 682 2877 perquam
711 2803 958 2858 fervidas
990 2817 1142 2865 esse,
1177 2801 1324 2856 alias
1355 2815 1563 2871 segnes
1595 2804 1653 2852 et
1689 2797 1949 2868 frigidas,
1983 2814 2050 2853 ac
2100 2817 2338 2858 rursum
2391 2806 2535 2860 alias
2588 2805 2660 2860 ad
2708 2805 2982 2858 virtutem
3040 2801 3284 2855 omnino
3334 2814 3682 2870 propensas,

301 2897 449 2952 alias
481 2895 552 2950 ad
583 2895 784 2948 vitium
817 2892 1093 2948 omnibus
1123 2890 1343 2945 viribus
1375 2889 1709 2944 inclinatas.
1740 2887 1920 2959 Igitur
1949 2889 2154 2959 quales
2186 2908 2389 2948 earum
2421 2896 2762 2950 affectiones
2789 2898 2947 2958 sunt,
2975 2892 3118 2947 tales
3143 2906 3377 2961 quoque
3410 2889 3484 2944 ad
3506 2905 3683 2960 agen-

299 2987 440 3041 dum
471 2984 726 3055 impetus
757 2987 1224 3052 consequuntur.

367 3076 534 3130 ΚΕΦ.
569 3072 657 3140 ιζ’.
701 3070 857 3144 Λέγει
913 3066 1284 3144 δέὸῚωάσαφ
1337 3067 1473 3142 πρὸς
1527 3065 1620 3119 τὸν
1677 3065 1924 3139 γέροντα.

2110 3077 2243 3129 (ΑΡ.
2278 3076 2419 3129 XVI.
2453 3107 2520 3115 —
2557 3075 2708 3128 Dixit
2737 3078 2935 3128 autem
2961 3071 3032 3126 ad
3101 3086 3304 3124 senem
3359 3067 3676 3136 Josaphat:

294 3161 443 3221 Είσίν
477 3157 684 3216 οὖνκαὶ
728 3155 902 3232 ἕτεροί
959 3177 1099 3218 τινες
1159 3158 1272 3226 (13)
1329 3159 1419 3208 νῦν
1478 3155 1529 3208 οἱ
1583 3153 1717 3209 κατὰ
1772 3159 1938 3206 ταῦτα

293 3249 653 3322 κηρύττοντες
687 3247 867 3322 ὥσπερ
919 3244 980 3299 σύ
1012 3272 1025 3312 δ
1057 3242 1093 3314 ἤ
1131 3245 1298 3316 μόνος
1344 3244 1395 3298 εἴ
1443 3246 1680 3316 σήμερον
1715 3243 1742 3296 ὁ
1772 3245 1938 3297 ταῦτα

293 3335 582 3406 διδάσκων,
612 3335 702 3390 καὶ
734 3333 906 3400 οὕτως
942 3333 1171 3406 μισητὸν
1231 3333 1323 3387 τὸν
1384 3332 1626 3404 παρόντα
1685 3332 1802 3406 βίον
1856 3327 1939 3384 δι-

290 3425 642 3498 ηλούμενοςς
692 3426 847 3481 134
901 3423 958 3476 Ὁ
1017 3419 1074 3475 δὲ
1125 3420 1442 3495 ἀποκριθεὶς
1500 3419 1662 3473 εἶπεν·
1725 3419 1811 3474 Ἐν
1866 3420 1936 3491 τῇ

288 3516 410 3578 καθ’
442 3514 585 3586 ὑμᾶς
614 3510 1014 3585 δυστυχεστάτη
1049 3509 1210 3584 χώρᾳ
1237 3507 1408 3581 ταύτῃ
1438 3503 1628 3560 οὐδένα
1657 3506 1934 3580 γινώσκω.

289 3602 356 3660 ⁸Η
413 3603 513 3677 γὰρ
568 3605 665 3655 τοῦ
724 3603 819 3654 σοῦ
875 3599 1078 3673 πατρὸς
1133 3596 1382 3671 τυραννὶς
1443 3596 1656 3669 μυρίοις
1713 3593 1939 3657 τούτους

295 3693 545 3756 θανάτοις
577 3683 890 3763 περιέϐαλε,
921 3686 1012 3741 καὶ
1071 3683 1223 3760 ἔργον
1283 3681 1429 3738 ἔθετο
1486 3683 1562 3756 μὴ
1592 3683 1654 3737 τὸ
1703 3680 1933 3736 σύνολον

295 3779 587 3842 ἀκούεσθαι
616 3778 667 3832 έν
703 3779 826 3848 ὑμῖν
885 3775 948 3829 τὸ
994 3777 1094 3839 τῆς
1152 3771 1476 3848 θεογνωσίας
1521 3773 1794 3847 κήρυγμα.
1846 3771 1934 3826 Ἑν

293 3874 492 3930 πάσαις
519 3867 576 3922 δὲ
611 3871 730 3929 ταῖς
782 3863 1005 3925 λοιπαῖς
1059 3860 1336 3935 γλώσσαις
1388 3857 1570 3931 ᾅδεται
1626 3862 1792 3913 ταῦτα
1847 3858 1936 3912 καὶ

290 3957 589 4028 δοξάζεται,
624 3958 707 4016 οἷς
772 3954 865 4026 μὶν
926 3951 1203 4025 ὀρθοτάτῳ
1265 3947 1438 4022 λόγῳ,
1495 3945 1688 4008 ἄλλοις
1747 3947 1804 4001 δέ
1855 3943 1938 4000 δι-

290 4047 698 4122 εστραμμένως,
756 4041 854 4098 τοῦ
909 4039 1182 4113 πολεμίου
1231 4043 1336 4093 τῶν
1398 4037 1679 4111 ἡμετέρων
1741 4041 1934 4112 ψυχῶν

292 4136 558 4194 ἰκκλίνειν
591 4133 784 4195 αὐτοὺς
816 4138 916 4200 τῆς
949 4129 1156 4194 εὐθείας
1184 4128 1563 4200 ποιησαμένου
1621 4126 1709 4181 καὶ
1764 4124 1934 4180 ἀλλο-

289 4226 470 4298 τρίαις
528 4221 1030 4296 καταμερισαμένου
1085 4216 1284 4290 δόξαις,
1361 4217 1448 4270 καὶ
1536 4215 1719 4291 ῥήσεις
1793 4214 1938 4277 τινὰς

288 4321 399 4372 τῶν
431 4318 656 4390 Γραφῶν
688 4310 874 4373 ἄλλως
902 4310 994 4363 καὶ
1025 4306 1087 4362 οὐ
1137 4305 1273 4361 κατὰ
1315 4306 1406 4359 τὸν
1454 4303 1760 4379 ἐγκείμενον
1811 4307 1933 4357 νοῦν

2045 3161 2270 3218 Suntne
2302 3165 2477 3219 etiam
2501 3164 2601 3218 alii
2626 3162 2920 3227 nonnulli,
2948 3160 3047 3231 qui
3074 3158 3279 3214 eadem
3303 3173 3432 3227 qua:
3456 3160 3518 3209 tu
3542 3171 3681 3225 prae-

2045 3250 2266 3319 dicent,
2301 3270 2375 3307 an
2408 3270 2539 3307 vero
2564 3258 2626 3306 tu
2657 3251 2944 3306 hodierno
2979 3249 3071 3303 die
3104 3247 3266 3302 solus
3298 3262 3360 3298 es
3411 3243 3512 3313 qui
3552 3243 3678 3296 haec

2045 3341 2241 3406 doces,
2265 3359 2332 3396 ac
2356 3348 2708 3413 praesentem
2735 3341 2910 3394 vitam
2937 3353 3119 3408 usque
3135 3335 3279 3390 adeo
3296 3331 3684 3387 aversandam

2045 3434 2221 3501 atque
2254 3431 2388 3486 odio
2421 3429 2829 3486 insectandam
2860 3443 2987 3482 esse
3019 3441 3224 3480 mones
3250 3422 3276 3476 ‘2
3335 3422 3438 3476 Ille
3487 3427 3687 3476 autem

2045 3519 2120 3574 ad
2151 3520 2308 3574 hunc
2342 3518 2582 3573 modum
2613 3514 2953 3587 respondit:
2983 3516 3047 3569 In
3079 3514 3186 3568 hac
3245 3515 3437 3565 vestra
3488 3508 3684 3563 infeli-

2045 3608 2285 3663 cissima
2323 3609 2560 3679 regione
2601 3606 2902 3660 neminem
2950 3603 3105 3657 novi.
3161 3603 3303 3654 Nam
3362 3598 3546 3668 patris
3598 3596 3680 3651 tui

2045 3698 2313 3768 tyrannis
2345 3698 2676 3751 innumeris
2709 3695 2912 3749 mortis
2942 3691 3256 3764 generibus
3290 3706 3388 3743 eos
3428 3687 3680 3742 mulcta-

2043 3787 2144 3853 vit,
2179 3786 2459 3856 deditque
2492 3800 2733 3855 operam
2765 3799 2837 3837 ne
2865 3797 3103 3852 prorsus
3134 3779 3288 3832 inter
3317 3793 3414 3830 vos
3469 3774 3678 3828 divina

2046 3875 2397 3947 cognitionis
2436 3872 2776 3945 praedicatio
2817 3870 3139 3926 audiretur.
3199 3864 3367 3936 Apud
3422 3863 3683 3932 reliquas

2046 3971 2242 4019 autem
2271 3964 2544 4018 nationes
2575 3963 2699 4016 haec
2730 3964 3042 4015 cantantur
3072 3973 3140 4011 ac
3179 3953 3574 4018 celebrantur,
3610 3950 3680 4003 ab

2047 4055 2179 4110 aliis
2211 4053 2450 4124 quidem
2480 4051 2812 4106 rectissima
2849 4048 3099 4108 ratione,
3161 4043 3230 4097 ab
3292 4041 3425 4096 aliis
3484 4043 3682 4092 autem

2045 4160 2338 4214 perverse,
2372 4141 2590 4212 quippe
2620 4157 2753 4194 cum
2775 4138 3104 4193 animarum
3133 4137 3470 4187 nostrarum
3496 4127 3681 4181 hostis

2046 4250 2146 4288 eos
2176 4249 2211 4286 a
2235 4238 2396 4286 recta
2425 4232 2514 4284 via
2540 4235 2902 4283 transversos
2928 4224 3131 4295 egerit,
3164 4227 3338 4290 atque
3373 4219 3432 4270 in
3457 4216 3681 4271 alienas

2047 4322 2356 4394 opiniones
2384 4317 2667 4375 diviserit.
2702 4330 2921 4384 eosque
2963 4312 3094 4365 loca
3150 4307 3419 4378 quaedam
3468 4303 3681 4357 divina;

294 4401 719 4480 μεθερμηνεύειν
781 4397 1114 4468 διδάξαντος.
1173 4394 1286 4452 Μία
1333 4391 1391 4449 δέ
1444 4393 1585 4448 ἐστιν
1619 4395 1654 4462 ὴ
1686 4391 1931 4463 ἀλήθεια,

2053 4390 2365 4479 scriptura;
2396 4407 2568 4461 aliter
2599 4421 2774 4475 quam
2805 4415 3120 4474 germanus
3153 4411 3362 4450 sensus
3391 4393 3560 4448 ferat.
3593 4390 3682 4444 in-

289 4498 326 4565 ἠ
360 4494 697 4568 κηρυχθεῖσα
724 4486 815 4544 διὰ
869 4491 979 4542 τῶν
1035 4482 1262 4557 ἐνδόξων
1315 4481 1639 4538 ἀποστόλων
1690 4481 1781 4535 καὶ
1829 4486 1936 4536 τῶν

289 4581 564 4658 θεέφόρων
602 4586 877 4654 Πατέρων,
907 4576 998 4630 καὶ
1055 4573 1108 4630 ἔν
1172 4576 1242 4645 τῇ
1295 4571 1567 4644 καθολικῇ
1627 4568 1942 4658 Ἐκκλμσίᾳ

286 4675 360 4746 τῇ
391 4657 496 4726 ἀπὸ
526 4671 770 4745 περάτων
801 4663 906 4727 ἕως
937 4664 1183 4739 περάτων
1229 4667 1332 4730 τῆς
1394 4657 1724 4733 οἰκουμένης
1775 4657 1940 4727 ἡλίου

289 4758 650 4838 φαιδρότερον
708 4756 1114 4828 διαλάμπουσα,
1189 4753 1362 4825 ἧσπερ
1438 4747 1544 4823 ἐγὼ
1603 4751 1770 4822 κῆρυξ
1851 4750 1938 4804 καὶ

292 4849 622 4910 διδάσκαλος
651 4844 958 4914 ἀπεστάλην
982 4863 1090 4900 σοι.

369 5047 501 5104 Elite
528 5043 586 5100 δέ
617 5046 646 5100 ὁ
673 5042 908 5117 Ἰωάσαφ
936 5038 1074 5115 πρὸς
1113 5034 1293 5091 αὐτόν’
1355 5028 1523 5090 Οὐδὲν
1584 5032 1675 5087 οὖν
1731 5033 1940 5089 τούτων

289 5139 320 5195 ὸ
356 5136 490 5210 Ξμίς
525 5132 806 5209 μεμάθηκε
833 5129 1012 5200 πατήρ
1044 5145 1058 5197 ;

2051 4496 2362 4569 terpretari
2392 4493 2675 4550 docuerit.
2712 4494 2998 4546 Caeterum
3030 4503 3147 4541 una
3176 4490 3264 4539 est
3283 4482 3517 4546 veritas,
3552 4495 3681 4549 qua)

2049 4588 2121 4644 ab
2145 4566 2487 4642 illustribus
2519 4581 2800 4654 apostolis
2831 4584 2889 4633 et
2919 4576 3130 4631 divinis
3160 4571 3430 4628 Patribus
3470 4566 3682 4639 praadi-

2050 4682 2178 4734 cata
2209 4681 2318 4744 est,
2353 4681 2410 4728 et
2439 4673 2501 4727 in
2533 4669 2843 4734 catholica,
2875 4673 3050 4736 atque
3081 4663 3152 4719 ab
3190 4658 3469 4716 extremis
3523 4655 3682 4744 orbis

2052 4766 2270 4822 ﬁnibus
2302 4743 2377 4819 ad
2407 4767 2700 4817 extremos
2732 4773 2918 4827 usque
2965 4756 3112 4808 fines
3160 4751 3375 4804 diffusa
3423 4743 3685 4799 Ecclesia

2049 4857 2172 4914 sole
2205 4851 2576 4926 splendidius
2606 4849 2783 4902 lucet.
2816 4847 3000 4910 Quam
3033 4839 3272 4912 quidem
3312 4852 3415 4908 ego
3462 4839 3528 4886 ut
3577 4829 3682 4885 tibi

2045 4946 2432 5019 praedicarem
2484 4956 2550 4994 ac
2578 4936 2894 5000 traderem,
2938 4932 3011 4986 ad
3041 4935 3096 4983 te
3127 4927 3344 5019 missus
3375 4938 3525 5019 sum.

2119 5034 2274 5090 Dixit
2298 5036 2494 5086 autem
2526 5026 2600 5082 ad
2631 5041 2766 5080 eum
2821 5019 3134 5089 Josaphat:
3185 5013 3420 5069 Nihilne
3468 5010 3685 5064 horum

2045 5131 2213 5200 pater
2242 5135 2410 5177 meus
2440 5129 2703 5186 unquam
2735 5107 2981 5165 didicit?

364 5264 476 5344 (1?)
502 5263 562 5329 C,
595 5258 702 5314 ε’ίτε
725 5256 1070 5344 ᾇφανίςοντα.
1104 5254 1242 5342 ῌοξ
1260 5251 1322 5340 C‘,
1355 5245 1714 5344 σεξ-Λάζοντα..
1741 5251 1931 5340 Partic

2043 5270 2059 5307 )
2092 5245 2353 5315 στάζοντα
2385 5243 2531 5298 mihi
2579 5238 2695 5294 loci
2728 5231 3058 5307 Sophoclei,
3109 5228 3306 5310 Ajacis
3335 5225 3528 5308 initio,
3561 5238 3683 5307 me-

2093 5314 2438 5344 tvunugxm
2503 5317 2560 5344 ιη
2598 5327 2712 5344 nun
2763 5308 2858 5344 nni
2914 5303 3150 5344 vnlnprp.
3207 5315 3366 5344 mnm
3419 5311 3680 5344 τυνγανει

287 5314 487 5393 moria
515 5314 867 5388 renovatdr:
899 5314 1056 5399 ;Aptt
1084 5324 1185 5399 γὰρ
1218 5314 1354 5399 ᾀνῆρ
1387 5315 1515 5372 ε’ίσω
1535 5314 1821 5399 τυγχάνει,
1852 5323 1931 5399 κά]

2043 5314 2226 5388 παίζων
2253 5314 2464 5397 ἱδρῶτειῖ
2503 5317 2565 5368 In
2597 5327 2727 5399 quo.
2763 5314 2862 5399 qui
2914 5314 3150 5399 voliiere

286 5371 432 5479 ξὶἓρα
461 5405 690 5472 natm;
724 5371 1590 5479 9bcons‘tantbm'huzjrus'verbi
1622 5371 1692 5447 ξιίό
1720 5371 2017 5479 ρᾶιῖιξείρίί
2051 5371 2569 5479 δοξξθιειιέηωτιὶοω
2603 5371 2762 5479 ιὲδιίε
2811 5371 3300 5479 "Exigi:
3337 5386 3405 5479 (ἓξ

288 5463 556 5542 refutati,
576 5463 697 5530 ’Νῦν
733 5471 778 5526 δ’
805 5472 1015 5545 ἀγροῖσι
1045 5463 1325 5541 τυγχάνεις
1358 5463 1610 5545 aliisque
1643 5463 1929 5545 exemplis

2046 5464 2278 5545 rilibus.

288 5535 493 5625 gisad
524 5535 650 5625 rem
677 5535 882 5625 facere
901 5535 1662 5625 atqu-etesselopportuni‘us
1695 5535 1742 5590 si
1772 5535 2363 5625 moneatur‘U-‘lxs‘ses

2763 5293 2862 5377 qui
2914 5293 3370 5370 voluﬁere'jungi
3419 5293 3680 5418 τυγχάνει

2811 5377 3056 5418 fnnrnnt
3096 5371 3286 5418 verbis
3337 5386 3405 5418 ex
3454 5369 3494 5418 Ε
3525 5369 3680 5418 ectra

3454 5369 3683 5420 Electra

2315 5438 2535 5524 Quibus
2567 5459 2624 5508 et
2642 5447 3050 5524 reponendum
3075 5443 3326 5524 videtur,
3347 5438 3530 5493 multo
3551 5450 3684 5524 Lina-

2423 5506 2760 5582 de'recente
2804 5518 2997 5590 Ajacis
3025 5517 3086 5590 in
3118 5506 3435 5590 tentorium
3468 5506 3680 5590 reditu,

288 5576 501 5680 ξῗάῗιέ
521 5576 2237 5690 ezgjighscddo;eqdifﬂudenti:descriptione,‘q‘ulai‘n‘bsi‘id‘ill’i
2260 5605 2491 5658 tantum
2515 5576 2878 5666 signiﬁcetur
2903 5587 3096 5658 Ajacis
3120 5590 3294 5655 caput
3301 5583 3426 5652 jam
3451 5576 3681 5631 sudare.

368 5690 486 5764 (13)
515 5681 782 5759 Α,’ἅλλοι
807 5681 966 5746 τινές.
