3994 6150
316 317 425 374 999

1829 306 2195 364 ADDBNDA.

3562 312 3699 369 1000

391 439 717 516 Respondit
740 456 921 496 senex
948 455 962 495 :
995 439 1309 512 Perspicue
1342 436 1604 510 quidem,
1663 437 1838 506 atque
1884 434 1953 488 ut

2139 430 2241 488 Καὶ
2272 452 2433 512 φησιν
2467 434 2495 489 6
2525 433 2722 511 γέρων
2753 436 2976 512 Τρανῶς
3017 434 3111 509 μὶν
3170 433 3260 490 καὶ
3311 434 3700 511 προσηκόντως

323 551 433 607 par
463 538 608 600 erat,
640 530 791 587 nihil
831 528 1055 585 didicit.
1116 528 1381 587 Occlusis
1437 529 1598 583 enim
1656 524 1953 592 sensibus,

322 624 545 680 bonum
576 621 649 677 de
691 618 983 674 industria
1041 618 1332 689 repudiat,
1393 622 1567 687 atque
1624 614 1686 669 in
1729 614 1954 670 malum

324 713 514 768 libera
537 709 717 765 animi
749 706 1090 762 inductione
1120 706 1470 778 prependet.

392 805 468 856 At
494 799 726 860 vellem.
759 796 956 866 inquit
981 795 1279 866 Josaphat,
1311 794 1411 849 ille
1445 808 1677 865 quoque
1701 790 1813 846 hac
1846 789 1952 845 do-

322 890 513 947 ctrina
541 887 922 942 imbueretur.

389 978 715 1050 Respondit
738 991 945 1031 senex:
969 976 1103 1029 Haec
1124 974 1279 1045 apud
1301 973 1570 1029 homines
1583 973 1953 1043 suntimpos-

321 1068 553 1133 sibilia;
587 1065 743 1137 apud
774 1066 957 1119 Deum
984 1068 1180 1118 autem
1211 1063 1363 1117 nihil
1393 1061 1660 1132 est'quod
1685 1061 1809 1116 ﬁeri
1834 1077 1955 1115 non

319 1160 509 1232 possit
529 1157 741 1227 (Matth.
766 1156 902 1225 xix).
928 1153 1150 1225 Ecquid
1173 1153 1330 1208 enim
1362 1153 1475 1208 scis
1496 1153 1837 1206 futurumne
1882 1151 1960 1204 sit

322 1253 390 1303 ut
408 1246 560 1319 patri
580 1252 680 1300 tuo
699 1244 948 1299 salutem
965 1242 1197 1308 afferas,
1224 1247 1398 1312 atque
1421 1239 1766 1296 admirando
1780 1238 1955 1293 modo

325 1336 510 1409 patris
527 1335 612 1390 tui
625 1339 793 1406 pater
803 1331 1042 1388 tandem
1053 1332 1279 1386 voceris
1290 1330 1318 1385 ?
1330 1333 1639 1385 Narratum
1655 1329 1812 1384 enim
1844 1327 1958 1382 mi-

322 1427 382 1482 hi
397 1430 692 1497 estregem
704 1422 1019 1493 quemdam
1033 1420 1452 1490 exstitisse,qui
1465 1418 1747 1489 praeclare
1760 1417 1958 1471 admo-

321 1515 461 1571 dum
474 1514 695 1586 regiam
708 1510 1232 1583 suamldignitatem
1245 1508 1467 1563 admini
1477 1506 1716 1573 strabat,
1726 1506 1960 1561 leniter-

324 1620 437 1676 que
450 1620 517 1658 ac
538 1600 769 1674 placide
790 1598 1072 1671 populum
1085 1597 1185 1668 qui
1208 1597 1392 1667 ipsius
1409 1596 1617 1650 ditioni
1645 1601 1823 1665 atque
1846 1595 1956 1648 im-

322 1692 484 1765 perio
511 1690 751 1746 suberat
770 1687 1076 1753 tractabat,
1100 1687 1162 1740 in
1192 1686 1302 1740 hac
1327 1690 1520 1740 autem
1548 1700 1668 1738 una
1698 1699 1761 1737 re
1793 1682 1955 1737 labe-

2061 517 2215 575 οὐδὲν
2245 522 2545 596 μεμάθηκε·
2598 523 2741 599 βόων
2797 526 2899 600 γὰρ
2940 524 3035 587 τὰς
3090 524 3386 597 αἰσθήσεις,
3416 525 3478 581 τὸ
3507 527 3698 603 ἀγαθὸν

2061 607 2196 663 ἑκὼν
2249 609 2310 665 οὐ
2368 610 2753 687 προσδέχεται,
2806 614 2941 688 πρὸς
2999 614 3063 669 τὸ
3118 613 3280 669 κακὸν
3312 614 3707 692 αὐτοπροαιρέ-

2057 720 2165 761 τως
2193 701 2293 768 τήν
2325 699 2498 776 ῥοπήν
2528 703 2886 775 κεκτημένος.

2130 786 2286 844 Ἀλλ’
2332 787 2554 863 ἤθελον,
2613 792 2776 869 φησὶν
2837 793 2865 846 6
2925 790 3180 870 Ἰωάσαφ,
3236 790 3481 848 κάκεῖνον
3536 799 3706 851 ταῦτα

2065 879 2359 948 μυηθῆναι.

2130 965 2192 1021 Ὁ
2224 963 2282 1020 δὲ
2340 967 2532 1042 γέρων·
2561 967 2635 1022 Τὰ
2690 969 2834 1042 παρᾶ
2889 968 3220 1043 ἀνθρώποις,
3254 970 3418 1039 εἶπεν,
3451 968 3710 1044 ἀδύνατα,

2060 1054 2205 1129 παρᾶ
2231 1060 2312 1128 τῷ
2342 1060 2457 1128 Θεῷ
2505 1058 2676 1111 πάντα
2709 1054 2904 1111 δυνατά
2961 1056 3072 1112 ἐστι
3130 1060 3264 1131 (14).
3297 1059 3359 1115 Τί
3416 1060 3517 1134 γὰρ
3550 1058 3705 1123 οἶδας

2062 1141 2107 1196 εἰ
2140 1142 2201 1197 σὺ
2228 1144 2418 1205 σώσεις
2466 1144 2558 1198 τὸν
2590 1143 2793 1218 πατέρα
2851 1165 2969 1212 σου,
3025 1144 3114 1199 καὶ
3171 1145 3360 1218 τρόπῳ
3418 1148 3704 1222 Θαυμασίῳ

2059 1234 2332 1306 γεννήτωρ
2361 1236 2459 1287 τοῦ
2490 1237 2584 1287 σοῦ
2615 1234 2980 1307 χρηματίσεις
3008 1235 3327 1309 γεννήτορος
3360 1237 3469 1309 (15)
3501 1255 3515 1304 ;
3548 1240 3700 1297 185

2059 1321 2300 1390 Ἀκήκοα
2346 1322 2449 1395 γὰρ
2513 1319 2737 1395 βασιλέα
2807 1321 2927 1376 τινὰ
2996 1323 3267 1398 γεγονέναι
3324 1324 3465 1379 πάνυ
3520 1330 3709 1390 καλῶς

2060 1409 2159 1477 τὴν
2213 1409 2404 1464 ἑαυτοῦ
2462 1410 2854 1482 οἷκονομοῦντα
2910 1405 3206 1467 ϐασιλείαν.
3256 1414 3444 1486 πράως
3498 1434 3557 1469 τε
3612 1413 3707 1469 καὶ

2060 1497 2240 1568 ἠπίως
2269 1502 2349 1570 τῷ
2408 1499 2496 1553 ὑπ’
2554 1499 2710 1554 αὐτὸν
2772 1499 3114 1575 κεχρημένον
3170 1499 3390 1572 λαῷ,έν
3420 1502 3601 1574 τούτῳ
3646 1500 3707 1559 δὲ

2064 1586 2210 1661 μόνῳ
2238 1587 2643 1664 σφαλλόμενοι,
2672 1593 2753 1662 τῷ
2785 1590 2861 1662 μή
2892 1588 3149 1644 πλουτεῖν
3180 1591 3274 1644 τὸν
3320 1598 3419 1659 τῆς
3466 1593 3709 1668 θεογνω-

2062 1674 2180 1738 σίας
2240 1677 2543 1754 φωτισμὸν,
2591 1676 2735 1733 ἀλλὰ
2788 1682 2855 1752 τῇ
2893 1679 3072 1754 πλάνῃ
3104 1683 3211 1733 τῶν
3272 1677 3519 1736 εἰδώλων
3575 1702 3712 1738 κατ-

320 1762 899 1849 batur.quoddivinaa
918 1773 1272 1846 cognitionis
1285 1773 1511 1827 lumine
1529 1776 1756 1828 careret
1782 1776 1953 1841 atque

2064 1764 2303 1841 ἔχεσθαι.
2340 1768 2475 1841 Εἶχε
2506 1763 2563 1820 δέ
2588 1787 2709 1821 τινα
2740 1762 3052 1839 σύμϐουλον
3086 1767 3279 1842 ἀγαθὸν
3306 1772 3395 1824 καὶ
3427 1770 3707 1834 παντοίως

321 1868 616 1923 idolorum
641 1866 803 1921 cultu
825 1864 1181 1920 constrictus
1204 1863 1668 1917 teneretur.Erat
1682 1866 1879 1916 autem
1903 1860 1953 1913 ei

2063 1854 2474 1927 κεκοσμημένον
2502 1858 2570 1929 τῇ
2607 1876 2666 1910 τε
2716 1856 2850 1929 πρὸς
2904 1856 2995 1909 τὸν
3059 1855 3185 1910 Θεὸν
3246 1853 3484 1930 εὐσεϐείᾳ
3512 1860 3602 1913 καὶ
3629 1864 3706 1935 τῇ

322 1957 543 2029 probus
567 1955 806 2026 quidam
831 1953 1205 2013 consiliarus,
1230 1967 1296 2006 ac
1320 1956 1443 2005 tum
1466 1966 1602 2022 erga
1624 1952 1809 2005 Deum
1832 1950 1959 2019 pie-

321 2050 461 2110 tate,
488 2050 613 2098 tum
644 2041 874 2097 caeteris
903 2041 1216 2095 virtutibus
1241 2039 1676 2102 ornatissimus,
1696 2038 1796 2108 qui
1824 2053 1958 2092 cum

318 2133 472 2201 regis
497 2147 695 2186 errore
717 2135 1049 2201 angeretur,
1084 2144 1338 2198 eumque
1372 2128 1726 2199 permoleste
1753 2126 1955 2194 ferret,

322 2226 498 2292 atque
519 2220 716 2290 ipsum
738 2220 847 2273 hoc
869 2216 1109 2272 nomine
1132 2232 1447 2287 coarguere
1470 2216 1530 2269 in
1555 2216 1755 2270 animo
1776 2214 1958 2269 habe-

320 2316 432 2373 ret,
456 2315 654 2364 tamen
676 2308 786 2362 hac
809 2305 881 2361 de
899 2322 1076 2361 causa
1106 2321 1234 2360 sese
1261 2304 1642 2374 reprimebat,
1675 2303 1833 2374 quod
1860 2319 1956 2357 ve-

320 2403 651 2464 reretur,ne
666 2401 723 2450 et
738 2395 851 2450 sibi
866 2400 923 2449 et
935 2394 1111 2449 sociis
1126 2394 1248 2448 suis
1262 2392 1585 2465 perniciem
1609 2396 1956 2460 accerseret,

324 2503 572 2557 eamque
601 2484 921 2540 utilitatem
947 2499 1075 2553 quae
1091 2498 1160 2536 ex
1182 2482 1308 2553 ipso
1324 2481 1395 2536 ad
1411 2481 1558 2536 alios
1571 2479 1961 2553 promanabat

318 2580 619 2646 amputare
627 2573 1052 2630 LOccasionem
1065 2574 1261 2626 autem
1273 2569 1661 2624 nihilominus
1675 2570 1960 2641 querebat

320 2680 435 2736 qua
464 2662 772 2719 commodo
805 2661 1001 2732 ipsum
1032 2659 1104 2714 ad
1135 2659 1357 2714 bonum
1390 2659 1778 2729 pertraheret.
1802 2658 1959 2713 Dixit

316 2754 495 2820 igitur
525 2757 697 2808 nocte
730 2749 981 2821 quadam
1015 2748 1090 2803 ad
1120 2764 1255 2803 eum
1285 2763 1423 2804 rex:
1449 2747 1769 2813 Adesdum,
1793 2764 1955 2820 egre-

317 2843 641 2909 diamur,ac
653 2840 758 2895 civi
771 2845 947 2894 tatem
960 2837 1558 2906 circumeamus,num
1569 2836 1717 2891 forte
1730 2836 1956 2906 aliquid

320 2931 478 3003 quod
500 2931 562 2985 in
587 2946 714 2985 rem
736 2928 999 2983 futurum
1016 2927 1091 2981 sit
1111 2926 1561 2998 perspiciamus.
1595 2927 1737 2980 Cum
1757 2931 1954 2980 autem

314 3020 403 3076 illi
423 3035 528 3091 per
549 3018 753 3074 urbem
785 3016 1255 3079 obambularent,
1282 3015 1431 3070 lucis
1457 3014 1835 3086 splendorem
1850 3031 1956 3085 per

314 3109 585 3164 foramen
619 3106 915 3179 quoddam
943 3105 1274 3161 radiantem
1331 3108 1624 3170 cernunt;
1676 3103 1769 3158 cui
1818 3120 1950 3158 cum

315 3197 518 3253 oculos
531 3193 1366 3268 adjecissent,subterraneum
1379 3192 1675 3264 quoddam
1696 3197 1954 3248 etcaver-

315 3302 527 3341 nosum
551 3283 916 3340 domicilium
932 3281 1437 3353 conspicantur,in
1464 3297 1579 3351 quo
1600 3280 1958 3352 praesidebat

314 3375 403 3429 vir
417 3373 659 3444 quidam
681 3378 943 3427 extrema
963 3372 1162 3442 inopia
1184 3370 1480 3435 laborans,
1504 3386 1571 3425 ac
1594 3369 1806 3424 vilibus
1826 3371 1958 3441 qui-

315 3462 567 3518 busdam
599 3465 657 3515 et
680 3460 890 3515 laceris
916 3460 1130 3531 pannis
1156 3458 1418 3514 indutus.
1460 3457 1703 3513 Astabat
1759 3464 1956 3514 autem

317 3552 504 3626 ipsius
523 3567 687 3616 uxor,
706 3551 908 3605 vinum
927 3549 1037 3620 ipsi
1060 3553 1413 3620 temperans.
1425 3548 1686 3617 Cumque
1702 3547 1826 3618 ipse
1851 3565 1955 3619 po-

317 3641 516 3699 culum
542 3639 817 3695 manibus
838 3636 1291 3711 accepisset,illa
1312 3653 1486 3692 suave
1507 3635 1804 3707 quoddam
1826 3653 1953 3692 car-

316 3747 452 3786 men
485 3728 1087 3799 canens,voluptatem
1106 3726 1217 3797 ipsi
1231 3724 1765 3787 aﬂ‘erebat,saltans
1782 3726 1953 3780 nimi-

314 3839 468 3889 rum,
502 3839 571 3877 ac
601 3820 879 3875 maritum
914 3817 1187 3873 laudibus
1224 3815 1538 3871 deliniens.
1580 3816 1700 3870 Rex
1752 3815 1952 3888 igiitur

314 3910 744 3983 aliquantisper
759 3909 885 3963 haec
902 3904 1621 3978 perspiciens,mirabatur
1640 3904 1796 3975 quod
1815 3922 1949 3960 cum

312 4005 478 4055 tanta
496 4004 751 4072 egestate
774 3998 1276 4070 premerentur,ut
1294 4010 1403 4048 nec
1425 3992 1634 4047 domus
1651 4008 1759 4047 nec
1774 3994 1948 4048 vestis

312 4089 458 4161 ipsis
479 4092 1043 4160 suppeteret,tamen
1056 4099 1242 4155 usque
1257 4081 1402 4137 adeo
1416 4081 1613 4136 laetam
1628 4086 1684 4135 et
1696 4081 1946 4137 hilarem

308 4178 488 4233 vitam
510 4177 1008 4246 ducerent.Atque
1030 4173 1104 4229 ad
1125 4171 1473 4245 primarium
1488 4187 1659 4225 suum
1679 4171 1949 4228 consilia-

310 4267 466 4323 rium
504 4266 597 4320 his
648 4264 841 4320 verbis
887 4264 1110 4318 utitur:
1144 4264 1186 4318 Ο
1217 4278 1342 4316 rem
1389 4260 1619 4325 miram,
1651 4276 1683 4313 o
1715 4261 1941 4316 amice!

309 4355 467 4429 quod
498 4354 741 4418 scilicet,
766 4369 874 4408 nec
903 4351 1071 4418 mihi,
1096 4367 1205 4406 nec
1230 4350 1357 4415 tibi,
1377 4349 1493 4403 vita
1513 4354 1942 4420 nostra.quam-

2064 1940 2235 2016 λοιπῇ
2266 1943 2408 2017 πάσῃ
2436 1942 2667 2019 ἐναρέτῳ
2699 1943 2877 2018 σοφίᾳ·
2912 1945 2994 2015 ὃς,
3027 1944 3334 2019 ἀχθόμενος
3377 1947 3465 2002 καὶ
3499 1945 3703 2024 δυσχε-

2066 2030 2260 2108 ραίνων
2294 2029 2382 2086 ἐπὶ
2436 2036 2505 2105 τῇ
2537 2030 2716 2104 πλάνῃ
2769 2036 2866 2087 τοῦ
2902 2032 3170 2108 βασιλέως
3214 2033 3304 2089 καὶ
3365 2034 3710 2111 βουλόμενος

2064 2119 2222 2175 αὐτὸν
2255 2119 2376 2193 περὶ
2433 2120 2628 2175 τούτου
2684 2118 2914 2197 ἐλέγξαι,
2947 2121 3312 2197 ἆνεχαιτίζετο
3366 2131 3466 2193 τῆς
3498 2127 3707 2201 ὁρμῆς,

2068 2207 2326 2273 δεδοικὼς
2354 2210 2430 2282 μὴ
2476 2213 2654 2264 κακῶν
2686 2210 2938 2284 πρόξενος
2966 2211 3139 2284 ἑαυτῷ
3166 2233 3225 2267 τε
3253 2213 3341 2267 καὶ
3393 2220 3510 2279 τοῖς
3538 2214 3711 2270 αὐτοῦ

2067 2297 2299 2372 ἑταίροις
2328 2297 2536 2373 γένοιτο
2566 2298 2656 2354 καὶ
2705 2301 2803 2369 τὴν
2836 2300 3132 2375 γινομένην
3165 2299 3234 2356 δι’
3265 2301 3429 2358 αὐτοῦ
3477 2302 3715 2361 πολλῶν

2066 2386 2332 2468 ὠφέλειαν
2388 2390 2750 2464 περικόψειεν.
2812 2391 3027 2461 Έζήτει
3071 2389 3128 2447 δὲ
3156 2391 3310 2466 ὅμως
3336 2394 3524 2469 καιρὸν
3557 2393 3714 2461 εὔθε-

2064 2499 2155 2532 τον
2185 2483 2284 2533 τοῦ
2317 2478 2536 2534 ἒλκῦσαι
2562 2480 2720 2535 αὐτὸν
2749 2480 2885 2553 πρὸς
2936 2481 2999 2535 τὸ
3059 2481 3280 2557 ἀγαθόν.
3319 2484 3495 2551 Φησὶν
3529 2484 3620 2540 οὗν
3651 2486 3708 2543 ἐν

2070 2572 2167 2640 μιᾷ
2194 2569 2341 2622 νυκτῖ
2375 2568 2512 2641 πρὸς
2539 2566 2695 2622 αὐτὸν
2728 2569 2756 2623 6
2790 2569 3061 2643 βασιλεύς’
3125 2575 3288 2645 Δεῦρο
3348 2570 3439 2643 δὴ,
3472 2573 3710 2645 ἐξέλθω-

2070 2675 2163 2727 μεν
2193 2653 2284 2709 καὶ
2342 2653 2867 2729 ἐμπεριπατήσωμεν
2917 2658 3016 2726 τὴν
3077 2657 3262 2732 πόλιν,
3297 2659 3348 2714 εἴ
3383 2661 3488 2716 πού
3517 2684 3569 2717 τι
3593 2668 3708 2719 τῶν

2065 2742 2421 2820 ὠφελούντων
2503 2749 2613 2817 (16)
2688 2744 2930 2819 ὀψόμεθα
2962 2790 2977 2804 .
3022 2748 3568 2824 Ἐμπεριπατούντων
3647 2750 3711 2809 δὲ

2064 2833 2237 2889 αὐτῶν
2267 2835 2362 2901 τήν
2396 2832 2582 2903 πόλιν,
2620 2831 2763 2888 εἶδον
2797 2835 2976 2912 φωτὸς
3006 2839 3178 2911 αὐγὴν
3212 2839 3316 2894 ἀπό
3372 2862 3522 2904 τινος
3576 2863 3709 2919 τρυ-

2066 2928 2265 2996 μαλιᾶς
2296 2920 2643 2998 λάμπουφαν·
2688 2916 2805 2990 καὶ,
2847 2921 3014 2997 ταύτῃ
3058 2925 3185 2989 τοὺς
3232 2925 3553 3002 ὀφθαλμοὺς
3587 2916 3707 2984 ἐλπι-

2062 3006 2339 3079 6αλόντες,
2402 3007 2692 3085 βλέπουσιν
2728 3009 2977 3086 ὐπόγειόν
3035 3034 3086 3067 τι
3146 3012 3413 3089 ἀντρῶδες
3470 3014 3702 3091 οἷίκημα,

2062 3100 2113 3155 έν
2173 3102 2218 3173 ᾧ
2273 3100 2668 3175 προὺκαθέζετο
2727 3100 2863 3173 ἀνήρ
2923 3100 3127 3177 ἐσχάτῃ
3179 3110 3351 3175 συζῶν
3405 3109 3559 3180 πενίᾳ
3611 3109 3708 3163 καὶ

2066 3187 2262 3255 εὐτελῆ
2314 3210 2433 3244 τινα
2490 3188 2864 3265 περικείμενος
2943 3189 3101 3266 ῥάκια
3133 3234 3146 3248 .
3206 3195 3504 3266 Παρίστατο
3558 3195 3613 3251 δὲ
3658 3200 3699 3267 ἡ

2063 3282 2199 3358 γυνή
2233 3280 2394 3337 αὐτοῦ
2443 3285 2587 3334 οἶνον
2647 3284 2888 3351 κιρνῶσα
2919 3283 3049 3355 (17).
3078 3283 3186 3338 Τοῦ
3243 3282 3299 3339 δὲ
3356 3285 3546 3358 ἀνδρὸς
3602 3289 3705 3358 τήν

2064 3368 2262 3424 κύλικα
2293 3367 2381 3423 ἐπὶ
2437 3374 2626 3444 χεῖρας
2682 3361 2971 3435 λαϐόντος,
3023 3368 3252 3447 λεγυρὸν
3306 3370 3507 3444 ᾅδουσα
3539 3374 3714 3449 μέλος

2066 3457 2266 3529 ἐκείνη,
2322 3455 2509 3531 τέρψιν
2563 3456 2712 3529 αὐτῷ
2772 3455 3001 3513 ἐνεποίει
3071 3460 3410 3536 ὀρχουμένη,
3464 3464 3556 3520 καὶ
3613 3465 3709 3522 τὸν

2063 3543 2231 3619 ἄνδρα
2258 3544 2556 3621 ἐγκωμίοις
2596 3543 3018 3622 καταθέλγουσα.
3080 3549 3149 3605 Ol.
3179 3552 3303 3626 περὶ
3331 3551 3421 3607 τὸν
3481 3553 3717 3629 βασιλέα

2059 3633 2262 3704 τοίνυν,
2294 3633 2379 3690 ἐπὶ
2441 3634 2583 3709 ὥραν
2645 3633 2834 3703 ίκανήν
2888 3640 3056 3691 ταῦτα
3111 3645 3516 3710 κατανοοῦντες,
3551 3642 3717 3699 έθαύ-

2065 3728 2231 3796 μαζον
2261 3722 2367 3791 ὅτι,
2397 3721 2619 3796 τοιαύτῃ
2674 3722 2988 3796 πιεζόμενοι
3055 3726 3213 3800 πενίᾳ
3245 3730 3317 3791 ὡς
3351 3732 3493 3803 μήτε
3553 3732 3714 3789 οἴκου

2060 3814 2306 3889 εὐπορεῖν
2335 3815 2461 3887 μήτ’
2487 3813 2733 3882 ἐσθῆτος,
2757 3813 2928 3878 οὕτως
2953 3817 3205 3891 εὐθύμως
3221 3821 3313 3876 τὸν
3342 3821 3461 3897 βίον
3488 3819 3711 3899 διῆγον

2058 3903 2157 3957 Καὶ
2188 3905 2341 3960 136
2386 3922 2548 3977 φησιν
2578 3902 2606 3956 6
2642 3901 2897 3977 βασιλεὺς
2942 3909 3021 3977 τῷ
3068 3904 3562 3984 πρωτοσυμὸοὐλῳ
3593 3916 3708 3986 (18)

2056 3991 2238 4047 αὐτοῦ·
2269 3992 2460 4045 Ὤτοῦ
2508 3988 2803 4063 θαύματος,
2863 3992 3007 4071 φίλε,
3066 3994 3152 4050 ὅτι
3203 3997 3327 4070 ἐμοί
3384 4019 3442 4054 τε
3491 4000 3584 4055 καὶ
3613 3988 3705 4057 σοὶ

2056 4081 2184 4139 οὐδὲ
2215 4080 2386 4144 οὕτως
2430 4080 2460 4134 6
2516 4079 2637 4143 καθ’
2689 4081 2838 4151 ἡμᾶς
2897 4102 3029 4136 ποτε
3071 4083 3232 4160 ἤρεσε
3292 4087 3430 4162 βίος,
3459 4089 3703 4165 τοσαύτῃ

2056 4171 2182 4245 δόξῃ
2207 4172 2298 4225 καὶ
2325 4173 2503 4246 τρυφῇ
2556 4188 2656 4242 περ
2719 4173 2825 4243 (19)
2884 4168 3235 4246 διαλάμπων,
3297 4177 3373 4239 ὡς
3405 4179 3438 4247 ἡ
3471 4178 3703 4249 εὐτελῆς

2053 4260 2186 4333 αὕτη
2219 4258 2307 4314 καὶ
2335 4256 2683 4332 ταλαίπωρος
2714 4258 2826 4326 ζωὴ
2875 4260 3098 4325 τούτους
3132 4260 3198 4333 δὴ
3250 4263 3378 4328 τοὺς
3429 4267 3703 4338 ἀνοήτους

2050 4349 2256 4427 τέρπει,
2288 4350 2374 4404 καὶ
2424 4347 2610 4419 ἡδύνει
2666 4348 2815 4413 λεῖος
2847 4351 3034 4415 αὐτοῖς
3064 4338 3153 4408 καὶ
3186 4357 3469 4430 προσηνὴς
3502 4357 3529 4411 6
3560 4377 3695 4431 τρα-

336 4445 388 4501 is
410 4445 631 4514 alioqui
654 4447 815 4498 tanta
835 4441 1022 4514 gloria
1048 4445 1104 4494 et
1124 4438 1352 4495 deliciis
1375 4443 1431 4491 et
1449 4437 1745 4508 voluptate
1767 4439 1944 4492 undi-

2063 4438 2156 4514 χὺς
2202 4439 2358 4500 οὗτος
2414 4438 2504 4493 καὶ
2580 4441 2901 4504 ἀπευκταῖος
2978 4440 3094 4516 βίος
3180 4444 3700 4522 καταφαινόμενοςε

306 4550 421 4606 que
453 4533 775 4601 collucens,
806 4547 993 4603 usque
1025 4529 1171 4585 adeo
1226 4542 1489 4597 unquam
1538 4526 1846 4596 placuerit,
1880 4533 1940 4582 ut

2063 4528 2320 4604 Εὐκαίρου
2371 4524 2427 4582 δὲ
2484 4525 2813 4603 δραξάμενος
2865 4530 2893 4584 6
2953 4519 3460 4607 πρωτοσόμϐουλος
3510 4534 3697 4611 ὣρας,

302 4623 433 4679 vilis
465 4623 591 4679 haec
621 4628 679 4679 et
703 4636 1037 4677 aerumnosa
1066 4619 1181 4672 vita
1209 4614 1488 4671 vecordes
1518 4615 1663 4668 istos
1686 4612 1942 4669 oblectat

305 4719 362 4769 et
382 4713 771 4779 exhilarat,ut
792 4728 945 4783 quae,
969 4706 1203 4764 tametsi
1224 4702 1446 4773 alioqui
1470 4717 1681 4772 aspera
1703 4706 1761 4755 et
1775 4718 1939 4757 aver-

303 4804 506 4868 sanda,
538 4801 731 4858 facilis
752 4800 896 4871 ipsis
919 4815 985 4854 ac
1010 4794 1229 4852 blanda
1247 4790 1942 4861 videatur.0pportunam

299 4896 498 4947 autem
528 4892 739 4948 horam
769 4894 979 4944 nactus
1009 4885 1285 4957 princeps
1309 4879 1409 4934 ille
1434 4877 1829 4948 consiliarius,
1852 4881 1941 4936 in-

2048 4613 2170 4693 ἔφη·
2206 4615 2386 4671 Ἀλλὰ
2444 4617 2529 4672 σοι
2559 4638 2640 4692 γε,
2675 4618 2923 4694 βασιλεῖ’),
2983 4624 3098 4682 πῶς
3122 4623 3158 4690 ἡ
3193 4620 3396 4679 τούτων
3453 4624 3697 4701 φαίνεται

2047 4705 2202 4781 βιοτή
2230 4724 2245 4772 ;
2277 4702 2521 4775 Πάντων,
2554 4706 2718 4781 φησὶν
2752 4709 2779 4762 6
2807 4705 3085 4782 βασιλεὺς,
3113 4710 3187 4764 ὧν
3222 4712 3445 4766 πώποτε
3479 4711 3695 4788 ἑώρακα

2043 4789 2341 4864 ἀηδεστάτῃ
2374 4793 2464 4847 καὶ
2522 4791 2953 4870 δυστυχεστάτη,
3016 4793 3286 4872 βδελυκτή
3319 4801 3493 4856 τεκαὶ
3547 4800 3692 4856 ἀπο-

2040 4881 2324 4957 τρόπαιος.
2357 4882 2486 4938 Τότε
2533 4881 2684 4958 λέγει
2718 4883 2858 4959 πρὸς
2912 4884 3074 4940 αὐτὸν
3107 4887 3134 4941 6
3165 4884 3679 4964 πρωτοσύμϐουλος

370 5063 686 5135 (lallare.
718 5075 777 5135 ξ,
808 5059 876 5110 2‘7
902 5071 915 5109 :
944 5052 1096 5135 Πριρᾲ
1125 5042 1748 5135 ᾇχθρώποιὶηάδύνατον,
1810 5047 1937 5105 ἀλλ’

2104 5054 2251 5127 παρὰ
2306 5057 2384 5125 τῷ
2435 5054 2575 5126 Οεῷ·
2608 5052 2782 5110 πάντα
2836 5056 2942 5132 γὰρ
3001 5053 3200 5113 δυνατά
3254 5058 3363 5114 ἐστι
3417 5061 3565 5134 παρᾶ
3612 5063 3692 5134 τῷ

299 5122 438 5204 Θεῷ.
465 5122 556 5204 ’012
600 5128 820 5185 similia
849 5125 1003 5204 apud
1032 5122 1250 5204 Μειὶὶι..
1267 5122 1505 5204 11:5,‘26.

401 5192 487 5272 15)
517 5203 759 5272 Lemma
785 5189 1100 5272 metricum
1130 5196 1193 5250 in
1222 5196 1304 5248 A:
1336 5192 1451 5259 Τὴν
1481 5192 1577 5244 τοῦ
1607 5189 1878 5267 Βαρλαάμ
1907 5214 1953 5271 πη

2063 5193 2240 5267 ητεὶαν
2269 5198 2358 5251 νῦν
2384 5192 2492 5254 Ἱδε.

401 5206 465 5259 15
517 5205 759 5257 Lemma
785 5205 1007 5253 metrici

401 5277 465 5330 16
514 5274 574 5332 C.
611 5267 1007 5341 ὀφειλομένων.

398 5350 461 5401 17
518 5346 564 5398 Α
595 5341 724 5397 sine
755 5339 925 5396 οἶνον.

393 5418 479 5485 18)
507 5416 764 5471 Joannes
797 5412 953 5485 Hier.
989 5412 1007 5459 Ἰ

398 5339 485 5401 171
518 5346 564 5398 Α
595 5339 724 5397 sine
755 5339 925 5396 οἶνον.

393 5404 480 5485 18)
507 5416 764 5471 Joannes
797 5412 953 5467 Hier.
989 5410 1117 5466 Vita
1143 5410 1348 5464 Joann.
1382 5408 1650 5461 Damasc.
1720 5445 1733 5459 .
1769 5407 1873 5462 245
1902 5425 1915 5465 :
1946 5408 1953 5427 ‘

393 5506 554 5531 nunc-
611 5481 1023 5531 ποοενειοίῖετο
1070 5471 1599 5531 ποωτοσύιιϐουλον.
1653 5422 1900 5531 Χίλάθῐιιῐ*

2063 5405 2104 5462 is
2132 5411 2239 5463 τῶν
2268 5414 2601 5483 Σαρακηνῶν
2663 5411 2935 5490 ἀρχηγὸς,
2991 5414 3083 5469 τὸν
3134 5416 3386 5486 Ἰωάννην
3447 5414 3690 5472 εἰσκαλε-

2063 5498 2173 5531 nen
2233 5478 2743 5531 ποωτοσυιιϐούλου
2802 5488 3161 5531 νρςηηηιῖριιρ
3220 5506 3468 5531 ςιπηιτιφ
3537 5487 3685 5531 amid

295 5471 1023 5560 odii‘ev'oc,__1tposxeipi§sto
1070 5471 1599 5560 πρωτοσύμᾷουλον.

293 5548 524 5631 Arabes
548 5548 855 5631 dignitati,
881 5548 1010 5627 qua
1041 5548 1131 5631 est
1156 5548 1633 5631 Επιὶν-ἀιοῃιαναί.
1672 5548 1783 5631 adi
1815 5552 2013 5631 Rgislg.
2042 5552 2117 5609 ad
2147 5548 2449 5631 constant.
2482 5548 3087 5631 PorphyregaCerim.

1768 5484 1915 5562 saw.

2063 5498 2186 5562 nell
2233 5478 2777 5562 πρωτοσυμϐοὐλόυη
2801 5478 3161 5562 respondere
3220 5478 3468 5545 summae
3537 5487 3689 5562 apud

3129 5576 3189 5632 p.
3220 5562 3323 5616 806
3356 5562 3448 5620 ed.
3480 5563 3549 5619 N.

366 5630 472 5706 (l9)
499 5632 566 5688 In
594 5618 650 5686 CV
672 5633 762 5686 est
792 5618 1221 5685 e'correctione
1251 5622 1580 5680 recentiore
1613 5618 1833 5696 καίπερ.
1868 5622 1982 5680 Sed
2008 5643 2109 5698 περ
2141 5624 2284 5682 alibi
2312 5625 2397 5683 sic
2427 5618 2742 5685 adhib‘etdr
2767 5618 2886 5686 :”cf.
2918 5646 2976 5703 p.
3013 5632 3111 5687 138
3129 5618 3197 5690 ‘et
3230 5634 3349 5691 140.
