3994 6150
304 328 439 385 1001

1471 321 1642 377 νιτλ
1678 321 2028 376 ΒΔΕΕΔΔΜ
2062 322 2157 376 ΕΤ
2190 319 2532 375 ΙΟΔΒΔΡΗ.

3560 322 3703 380 1002

301 452 483 520 Οὕτω,
539 448 667 511 οὗνς
696 445 754 505 εὗ
785 444 916 513 ἴσθι,
951 443 1196 523 βασιλεῦ,
1235 442 1325 499 καὶ
1372 440 1576 515 πολλῷ
1622 439 1943 517 χαλεπώτε-

2066 443 2226 514 quit:
2249 442 2330 496 Tu
2360 457 2520 510 vero,
2546 458 2579 497 o
2611 456 2734 513 rex,
2767 441 3102 514 cujusmodi
3133 443 3373 501 tandem
3389 446 3601 505 horum
3619 449 3706 507 vl-

303 559 397 617 ρος
422 540 452 595 6
480 538 600 603 καθ’
631 539 779 611 ἡμᾶς
838 533 1157 610 λελόγισται
1220 531 1338 609 βίος
1395 536 1512 595 τοῖς
1567 530 1829 593 ἆπόπταις
1859 530 1951 585 καὶ

307 629 536 704 μύσταις
589 633 690 697 τῆς
742 623 921 681 ἀϊδίου
979 621 1138 695 δόξης
1195 620 1406 692 ἰκείνης
1463 619 1554 675 καὶ
1610 623 1717 675 τῶν
1776 619 1951 674 πάντα

303 721 426 773 νοῦν
492 709 922 791 ὑπερϐαινόντων
979 713 1215 788 ἀγαθῶν*
1271 707 1327 766 αἰῖ
1354 730 1412 765 τε
1443 713 1632 785 χρυςῷ
1660 706 1952 765 καταστίλ-

307 801 501 863 ϐουσαι
534 803 704 861 οἰκίαι
760 803 851 858 καὶ
905 802 972 857 τά
1022 801 1252 875 λαμπρά
1305 803 1472 855 ταῦτα
1529 795 1815 872 ἐνδύματα,
1858 797 1950 853 καὶ

304 899 339 967 ἡ
370 894 542 964 λοιπὴ
598 897 697 950 τοῦ
755 882 879 970 βίου
931 888 1129 946 τούτου
1184 890 1386 968 τρυφὴ,
1441 881 1726 943 σκυϐάλων
1758 907 1817 942 τε
1859 887 1948 943 καὶ

304 986 530 1058 ἀμαρῶν
564 983 695 1038 εἰσιν
725 979 1023 1056 ἀηδὲστερα
1068 983 1191 1041 τοῖς
1249 976 1559 1055 ὀφθαλμοῖς
1585 980 1693 1033 τῶν
1726 970 1948 1031 εἷδότων

301 1074 369 1128 τά
397 1069 765 1148 ἀνεκδιήγητα
795 1068 976 1140 κάλλη
1007 1073 1117 1125 τῶν
1150 1065 1202 1122 ἐν
1236 1066 1489 1143 οὐρανοῖς
1514 1066 1946 1141 ἀχειροτεύκτων

306 1164 684 1236 σκηνωματῶν
741 1161 854 1234 (20)
888 1201 903 1226 ,
959 1164 1059 1228 τῆς
1117 1156 1442 1234 θεοΰφάντου
1492 1175 1552 1211 τε
1605 1152 1808 1224 στολῆς
1859 1155 1949 1209 καὶ

302 1255 408 1305 τῶν
462 1247 746 1327 ἀφθάρτων
830 1243 1179 1320 διαδημάτων
1216 1288 1232 1315 ,
1286 1243 1320 1298 ἃ
1375 1243 1672 1317 ἡτοίμασεν
1732 1242 1761 1298 6
1820 1243 1951 1305 Θεὸς

301 1344 419 1401 τοῖς
448 1337 722 1413 ἀγαπῶσιν
769 1334 928 1391 αὐτὸν
972 1336 1105 1409 (21),
1138 1336 1167 1389 6
1197 1334 1413 1390 πάντων
1466 1331 1814 1409 Δημιουργὸς
1858 1330 1949 1387 καὶ

304 1431 453 1489 ’187
519 1427 736 1502 Κύριος.
794 1428 895 1485 Ὅν
951 1425 1154 1502 τρόπον
1211 1426 1314 1502 γὰρ
1392 1423 1732 1495 ἀνοηταίνειν
1782 1424 1948 1496 ξὴμῖν

305 1516 456 1574 οῦτοι
504 1515 889 1593 ἐλογίσθησαν,
918 1513 1117 1588 πολλῷ
1154 1512 1319 1570 πλέον
1351 1515 1538 1586 ἡμεῖς,
1571 1512 1622 1567 οἱ
1652 1516 1731 1584 τῷ
1756 1506 1952 1584 κόσμῳ

301 1605 784 1687 περιπλανώμενοι
840 1607 931 1660 καὶ
991 1604 1441 1680 αὐταρεσκοῦντες
1498 1599 1550 1657 ἐν
1605 1605 1675 1676 τῇ
1755 1598 1951 1675 ψευδο-

2060 536 2180 586 tam
2203 547 2330 586 esse
2354 530 2699 587 existimas?
2722 530 3021 599 Omnium,
3057 532 3250 604 inquit
3281 534 3409 606 ille,
3432 554 3578 609 quas
3595 557 3705 598 un-

2059 636 2238 692 quam
2268 619 2536 687 viderim,
2568 618 3043 676 insuavissimam
3077 626 3133 677 et
3155 622 3577 696 miserrimam,
3604 616 3721 685 ex?

2060 710 2507 780 secrationeque
2539 708 2778 783 dignam
2809 714 2867 764 et
2896 710 3304 769 aversandam.
3337 715 3498 772 Tunc
3520 718 3602 773 ait
3632 718 3706 775 ad

2060 815 2195 853 eum
2225 798 2545 870 primarius
2591 797 2690 853 ille
2727 798 3106 855 consiliarius
3137 816 3150 855 :
3183 802 3270 857 Ad
3315 805 3592 862 eumdem
3622 809 3706 865 ita

2060 886 2322 955 modum,
2356 886 2503 942 mihi
2547 884 2743 953 crede,
2778 905 2811 942 ο
2842 904 2965 953 rex,
2999 906 3065 944 ac
3096 891 3283 946 multo
3315 892 3489 949 etiam
3538 912 3704 953 acer-

2059 977 2189 1032 bior
2217 977 2333 1030 vita
2362 982 2565 1030 nostra
2596 976 2667 1031 iis
2698 993 2831 1032 esse
2860 976 3113 1045 videtur,
3148 980 3246 1050 qui
3277 983 3702 1054 sempiternam

2058 1064 2223 1121 illam
2245 1064 2518 1137 gloriam,
2542 1080 2610 1120 ac
2632 1064 2787 1120 bona
2819 1065 2921 1121 illa
2943 1083 3073 1139 quae
3103 1085 3340 1125 omnem
3373 1077 3590 1130 mentis
3611 1094 3707 1132 ca.

2057 1159 2223 1226 ptum
2255 1158 2558 1225 superant,
2594 1154 3075 1226 contemplantur
3105 1161 3282 1230 atque
3314 1170 3702 1233 cognoscunt.

2060 1246 2247 1314 Atque
2278 1258 2421 1299 auro
2442 1243 2757 1299 rutilantes
2774 1244 2951 1314 aedes,
2975 1262 3042 1301 ac
3076 1246 3361 1317 praeclara
3383 1250 3506 1306 haec
3530 1252 3708 1308 indu-

2058 1337 2280 1401 menta,
2312 1338 2658 1403 caeteraeque
2690 1333 2819 1387 vitae
2851 1334 3102 1403 deliciae,
3136 1335 3207 1390 iis
3239 1338 3338 1408 qui
3379 1339 3709 1399 caelestium

2058 1420 2579 1477 tabernaculorum
2603 1438 2724 1477 non
2755 1439 2938 1478 manu
2959 1422 3270 1497 factorum,
3302 1428 3594 1500 vestisque
3616 1432 3710 1487 di-

2058 1509 2274 1564 vinitus
2288 1514 2575 1565 contextae
2586 1527 2671 1577 ,ac
2686 1510 3089 1567 diadematum
3104 1515 3498 1587 corruptionis
3512 1520 3709 1577 omnis

2062 1601 2417 1673 expertium,
2441 1618 2571 1673 quae
2602 1618 2801 1658 rerum
2835 1603 3103 1659 omnium
3135 1605 3492 1664 architectus
3513 1626 3579 1666 ac
3603 1610 3711 1666 Do-

306 1698 441 1772 μὲνῃ
467 1695 638 1772 ταύτῃ
700 1692 827 1768 δόξῃ
879 1691 970 1749 καὶ
1029 1693 1245 1769 ἀνοήτῳ
1299 1694 1501 1769 τρυφῇ,
1544 1691 1757 1767 θρήνων
1790 1688 1951 1762 ἐσμὲν

2066 1691 2259 1745 minus
2287 1689 2667 1763 diligentibus
2717 1707 2779 1746 se
2830 1693 3199 1764 praeparavit,
3248 1697 3606 1754 stercoribus
3652 1704 3711 1755 et

304 1784 445 1859 ἄξιοι
476 1784 568 1840 καὶ
600 1781 844 1859 δακρύων
876 1780 928 1837 ἐν
961 1778 1271 1860 ὀφθαλμοῖς
1319 1783 1428 1835 τῶν
1484 1777 1827 1854 γευσαμένων
1852 1784 1952 1846 τῆς

2066 1795 2227 1835 caeno
2242 1778 2545 1835 fetidiores
2560 1779 2645 1833 vid
2657 1784 2851 1835 entur.
2874 1781 2916 1851 (1
2939 1782 3065 1836 Cor.
3088 1785 3168 1853 ιι).
3195 1785 3707 1849 Quemadmodum

299 1872 642 1949 γλυκύτητος
672 1876 781 1929 τῶν
813 1872 1024 1945 ἀγαθῶν
1057 1867 1297 1925 ἐκείνων.

2066 1871 2221 1925 enim
2244 1870 2342 1926 isti
2364 1869 2590 1942 judicio
2613 1876 2817 1926 nostro
2857 1887 2925 1927 ac
2957 1875 3253 1929 sententia
3279 1874 3599 1947 desipiunt,
3629 1879 3713 1935 ita

312 1965 494 2020 etiam
526 1980 594 2020 ac
620 1963 806 2019 multo
824 1960 1032 2034 magis,
1057 1977 1166 2015 nos
1183 1960 1285 2031 qui
1307 1960 1368 2014 in
1389 1958 1612 2014 mundo
1634 1958 2001 2026 oberramus,
2021 1962 2197 2030 atque
2219 1959 2280 2014 in
2302 1958 2571 2014 mendaci
2595 1960 2704 2015 hac
2729 1959 2919 2032 glovia
2944 1961 3257 2033 stultisque
3280 1964 3510 2021 deliciis
3536 1967 3706 2023 nobis

308 2054 636 2127 placemus,
668 2054 728 2108 in
759 2068 966 2108 eorum
989 2051 1177 2108 oculis
1194 2050 1297 2121 qui
1318 2049 1613 2104 bonorum
1646 2048 1885 2103 illorum
1904 2046 2280 2103 dulcedinem
2298 2047 2703 2121 degustarunt,
2728 2048 2890 2104 luctu
2921 2050 3270 2123 etlacrymis
3293 2053 3453 2126 digni
3478 2071 3700 2110 sumus.

376 2144 438 2200 Ὀ
468 2139 525 2197 δὶ
558 2138 815 2218 βασιλεὺς
863 2137 1071 2194 τούτων
1132 2135 1385 2206 ἀκούσας,
1415 2134 1505 2191 καὶ
1536 2134 1706 2197 ἐννεὸς
1763 2139 1943 2210 ῶσπερ

307 2231 622 2307 γενόμενος,
654 2224 779 2308 ἔφη’
809 2226 962 2290 Τίνες
1015 2228 1105 2282 οὗν
1168 2224 1363 2282 ἐκεῖνοί
1418 2224 1551 2281 εἶσιν
1591 2226 1644 2279 οἱ
1672 2223 1946 2301 κρείττονα

316 2326 418 2390 τῆς
446 2320 565 2376 καθ’
614 2320 765 2392 ἡμᾶς
818 2313 1143 2390 κεκτημένοι
1199 2315 1384 2385 ζωῆνς
1444 2312 1665 2385 Πάντες,
1722 2311 1884 2385 φησὶν
1917 2313 1946 2368 6

305 2401 838 2485 πρωτοσόμϐουλος,
897 2404 949 2460 οὶ
1002 2403 1070 2460 τά
1126 2403 1319 2459 αἰώνια
1376 2402 1810 2480 προτιμήσαντες
1838 2404 1947 2456 τῶν

305 2495 678 2575 προσκαίρων.
714 2497 884 2560 Αὖθις
912 2494 1004 2549 οὗν
1037 2497 1135 2549 τοῦ
1195 2490 1466 2566 βασιλεως
1498 2491 1686 2565 μαθεῖν
1722 2494 1947 2561 ζητοῦν-

306 2607 400 2650 τος
430 2585 550 2642 τίνα
601 2585 669 2641 τά
726 2582 942 2653 αἰώνια,
1000 2580 1163 2660 φησὶν
1222 2582 1250 2636 6
1308 2581 1468 2655 ἀνήρ.
1525 2577 1781 2636 Βασιλεία
1836 2582 1946 2652 (22)

313 2672 651 2751 ἀδιάδοχος,
709 2675 799 2729 καὶ
859 2674 972 2743 ζωή
1035 2672 1112 2746 μὴ
1173 2668 1508 2743 ὑποκειμένη
1565 2669 1799 2741 θανάτῳ,
1856 2666 1947 2723 καὶ

316 2761 557 2826 πλοῦτος
606 2760 880 2836 μηδέποτε
939 2761 1293 2838 ὑφορώμενος
1336 2756 1538 2826 πενίαν,
1584 2757 1731 2833 χαρά
1771 2777 1831 2813 τε
1858 2757 1947 2811 καὶ

315 2850 620 2929 εὐφροσύνη
678 2850 854 2921 πάσης
909 2847 1186 2924 ἀμέτοχος
1234 2845 1412 2918 λύπης
1470 2845 1560 2902 καὶ
1615 2843 1949 2922 ἀχθηδόνος,

309 2941 401 2997 καί
462 2940 651 3016 εἰρήνη
711 2937 968 3010 διηνεκὴς
1027 2936 1279 3011 ἐλευθέρα
1332 2934 1508 3006 πάσης
1583 2932 1785 3011 ἔχθρας
1859 2933 1950 2989 καὶ

306 3030 647 3108 φιλονεικίας
676 3073 690 3086 .
744 3026 964 3086 Τούτων
1014 3026 1066 3081 οἱ
1117 3022 1532 3096 κπαξιωθέντες
1606 3022 1899 3081 ἀπολαύειν
1935 3066 1951 3094 ,

315 3107 596 3193 μακάριοι,
635 3115 920 3171 καὶτοῦτο
977 3111 1252 3176 πολλάκις
1299 3116 1429 3187 (23)⁹
1462 3107 1669 3169 ἄλυπον
1703 3110 1806 3187 γάρ
1861 3111 1951 3166 καὶ

2130 2137 2229 2192 His
2250 2141 2449 2192 autem
2488 2137 2681 2191 verbis
2708 2138 3018 2209 perculsus
3038 2156 3162 2206 rex,
3187 2141 3383 2212 inquit
3406 2159 3418 2196 :
3452 2143 3705 2207 Quinam

2058 2225 2238 2298 igitur
2285 2225 2375 2280 illi
2429 2230 2569 2281 sunt
2602 2226 2702 2297 qui
2751 2228 3227 2297 praestantiorem
3279 2229 3450 2286 nobis
3525 2232 3706 2288 vitam

2058 2315 2289 2387 agunt?
2318 2315 2533 2370 Omnes
2565 2315 2761 2387 inquit
2788 2315 2912 2383 ille,
2932 2317 3033 2387 qui
3065 2319 3429 2390 sempiterna
3457 2320 3699 2377 caducis

2060 2409 2119 2459 et
2131 2403 2439 2475 fragilibus
2456 2404 2868 2475 praetulerunt.
2895 2407 3159 2477 Cumque
3180 2424 3281 2462 rex
3296 2425 3530 2465 rursum
3545 2427 3702 2481 quae-

2058 2510 2198 2549 nam
2229 2494 2593 2565 sempiterna
2622 2493 2724 2550 illa
2752 2500 2952 2550 essent
2975 2497 3368 2566 quaesivisset;
3392 2501 3705 2572 respondit

2060 2583 2193 2637 ille:
2225 2583 2492 2654 Regnum
2523 2581 2596 2637 ab
2619 2584 2780 2637 omni
2796 2586 3171 2640 successione
3193 2586 3476 2655 alienum,
3498 2604 3567 2643 ac
3588 2591 3706 2645 vita

2062 2672 2238 2728 morti
2269 2671 2515 2727 minime
2538 2671 2815 2740 obnoxia,
2839 2678 2896 2727 et
2915 2689 3056 2743 opes
3086 2680 3408 2746 egestatem
3439 2693 3560 2733 non
3582 2694 3705 2733 me-

2064 2764 2316 2824 tuentes,
2350 2759 2494 2814 item
2526 2764 2583 2813 et
2602 2758 2915 2815 oblectatio
2939 2760 3010 2816 ab
3029 2762 3194 2816 omni
3219 2763 3500 2819 maestitia
3528 2770 3585 2821 et
3601 2765 3708 2822 do-

2060 2847 2186 2903 lore
2209 2846 2733 2919 sejuncta,paxque
2755 2853 3059 2920 perpetua,
3093 2855 3149 2903 et
3178 2850 3250 2905 ab
3273 2851 3433 2907 omni
3452 2852 3712 2908 inimici-

2065 2937 2145 2993 tia
2167 2941 2225 2992 et
2253 2937 2634 2992 contentione
2665 2936 2871 2993 libera.
2897 2939 2997 2994 His
3029 2937 3220 3010 bonis,
3254 2940 3470 3012 quibus
3497 2942 3713 2998 divini-
3742 2977 3751 2986 -

2066 3030 2159 3081 tus
2184 3025 2301 3081 frui
2333 3025 2663 3098 contigerit,
2702 3025 2961 3082 beatiilli
3006 3044 3073 3083 ac
3101 3045 3255 3102 saepe
3285 3029 3483 3098 beati;
3533 3031 3711 3087 vitam

2065 3115 2225 3171 enim
2257 3115 2422 3170 omni
2470 3114 2669 3169 labore
2716 3123 2775 3170 et
2798 3116 3078 3172 maestitia
3126 3134 3371 3174 vacuam
3420 3119 3482 3175 in
3536 3137 3712 3176 omne

313 3205 566 3284 ἅμοχθον
627 3207 884 3276 ζήσουσιν
939 3202 1017 3266 εἷς
1069 3200 1270 3264 αίῶνας
1330 3202 1476 3272 ζωὴν
1508 3247 1523 3271 ,
1574 3200 1787 3255 πάντων
1843 3205 1952 3255 τῶν

2071 3221 2257 3259 aevum
2289 3203 2526 3270 ducent,
2560 3204 2837 3260 omnibus
2868 3205 3033 3278 regni
3092 3206 3195 3262 Dei
3236 3207 3712 3279 jucunJitatib‘us

310 3294 488 3367 ἠδέων
518 3293 612 3351 καὶ
638 3296 882 3370 τερπνῶν
912 3297 1013 3363 τῆς
1058 3294 1156 3347 τοῦ
1210 3294 1346 3347 Θεοῦ
1407 3288 1685 3367 βασιλείας
1716 3288 1960 3364 ἀμογητὶ

312 3382 707 3454 ἀπολαύοντες,
752 3383 840 3439 καὶ
894 3385 975 3455 τῷ
1032 3382 1249 3457 Χριστῷ
1306 3378 1638 3450 ἀτελευτητα
1692 3373 1960 3453 συμϐασι-

312 3472 590 3535 λεύοντες.
646 3471 769 3529 Καί·
826 3470 922 3533 Τίς
981 3467 1127 3540 ἄξιος
1154 3469 1361 3524 τούτων
1406 3467 1727 3543 ἑπιτυχεῖνς
1778 3467 1964 3523 εῗπόν-

308 3579 406 3622 τος
461 3561 560 3613 τοῦ
622 3554 928 3633 βασιλεως,
986 3554 1190 3616 ἐκεῖνος
1243 3551 1589 3630 ἀπεκρίνατο·
1651 3553 1852 3614 Πάντες
1909 3554 1962 3607 οἱ

310 3654 415 3719 τῆς
474 3646 647 3703 ἐκεῖσε
703 3644 1018 3720 ἀπαγούσης
1074 3640 1205 3699 ὁδοῦ
1263 3640 1617 3718 δραξάμενον
1678 3639 1963 3704 ἀκώλυτος

307 3736 416 3813 γὰρ
448 3737 484 3806 ἡ
522 3731 735 3797 εἴσοδος
763 3738 881 3795 τοῖς
931 3730 1193 3803 θελήσασι
1254 3730 1419 3805 μόνον
1462 3731 1597 3805 (24).
1628 3731 1685 3785 Ὁ
1717 3727 1774 3785 δὶ
1808 3730 1957 3806 βασι-

310 3824 466 3889 λεύς’
498 3825 602 3881 Καὶ
633 3821 739 3894 τίς,
772 3821 959 3901 φησὶν,
993 3823 1029 3891 ἡ
1060 3820 1231 3876 ἰκεῖσε
1274 3818 1509 3898 φέρουσα
1551 3813 1739 3895 τρίϐος
1774 3842 1789 3888 ;
1822 3817 1963 3894 Πρὸς

309 3914 375 3969 ὃν
408 3908 512 3990 ἔφη
545 3912 573 3967 6
604 3909 864 3986 λαμπρὸς
897 3910 1053 3969 188
1081 3908 1181 3979 τὴν
1239 3908 1425 3985 ψυχὴν
1485 3906 1710 3969 ἐκεῖνος·
1770 3908 1849 3965 Τὸ
1879 3928 1963 3983 γι-

305 4003 539 4059 νώσκειν
598 3999 692 4056 τὸν
727 3998 893 4073 μόνον
953 3996 1208 4069 ἀληθινὸν
1263 3998 1419 4067 Θεὸν,
1447 3997 1538 4052 καὶ
1586 3998 1794 4067 Ἰησοῦν
1829 4001 1968 4069 Χρι-

306 4092 436 4149 στὸν
468 4094 578 4166 (25)
607 4092 702 4146 τὸν
739 4094 1015 4164 μονογενῆ
1047 4087 1215 4143 αὐτοῦ
1264 4087 1389 4142 Υἳὸν
1433 4084 1522 4141 καὶ
1570 4084 1632 4140 τὸ
1682 4083 1831 4160 ἅγιον
1875 4082 1966 4139 καὶ

312 4181 587 4253 ζωοποιὸν
622 4183 862 4251 Πνεῦμα.

381 4270 444 4327 Ὁ
470 4267 652 4325 τοίνυν
705 4265 984 4344 βασιλεὺς,
1044 4271 1147 4334 τῆς
1206 4260 1538 4339 ἀλουργίδος
1567 4262 1772 4317 σύνεσιν
1824 4258 1968 4338 ἔχων

305 4358 464 4432 ἀξίαν
493 4359 629 4432 (26),
657 4352 757 4433 ἔφη
808 4355 945 4429 πρὸς
1009 4352 1194 4409 αὐτόν·
1255 4352 1350 4407 Καὶ
1409 4351 1462 4407 τί
1507 4353 1570 4406 τὸ
1627 4348 1878 4407 κωλῦσάν
1912 4370 1967 4405 σε

314 4447 489 4522 μέχρι
516 4448 738 4502 τοῦ’νῦν
795 4445 872 4517 μὴ
905 4462 1171 4517 γνωρισαι
1206 4461 1301 4514 μοι
1360 4441 1483 4515 περὶ
1538 4440 1794 4509 τούτων;
1852 4441 1970 4498 Οὐκ

2064 3298 2122 3349 et
2149 3291 2599 3348 oblectamentis
2621 3293 2748 3348 sine
2773 3291 2897 3349 ullo
2928 3293 3129 3350 labore
3159 3294 3446 3365 fruentes,
3478 3315 3544 3354 ac
3576 3314 3713 3355 cum

2064 3381 2294 3437 Christo
2354 3380 2415 3435 in
2472 3385 2824 3454 perpetuum
2874 3388 3208 3456 regnentes.
3267 3388 3532 3458 Cumque
3614 3404 3715 3442 rex

2065 3469 2351 3526 dixisset:
2383 3469 2665 3535 Quisnam
2694 3471 2932 3529 tandem
2976 3471 3101 3529 haec
3146 3476 3429 3546 consequi
3478 3494 3716 3549 prome-

2066 3559 2296 3616 rebitur
2314 3559 2343 3614 ?
2370 3559 2678 3631 respondit
2708 3559 2828 3616 ille.
2862 3562 3080 3617 Omnes
3106 3563 3207 3634 qui
3240 3564 3416 3620 vitam
3446 3564 3587 3621 illuc
3613 3566 3721 3621 du-

2067 3654 2301 3704 centem
2331 3648 2729 3719 arripuerint;
2764 3649 2928 3704 aditu
2952 3651 3106 3705 enim
3139 3668 3315 3707 nemo
3350 3653 3719 3723 prohibetur,

2070 3736 2170 3807 qui
2203 3735 2378 3791 modo
2410 3735 2683 3791 voluerit.
2713 3737 2857 3792 Tum
2889 3754 3027 3792 rex:
3063 3741 3131 3793 Et
3161 3756 3458 3810 quasnam,
3495 3741 3719 3813 inquit,

2068 3830 2159 3880 est
2188 3824 2279 3879 via
2300 3823 2572 3894 quailluc
2590 3824 2746 3880 itur?
2767 3825 3095 3898 Respondit
3123 3826 3223 3882 ille
3248 3828 3518 3899 praeclari
3537 3829 3722 3885 animi

2069 3912 2195 3967 vir:
2237 3914 2600 3985 Cognoscere
2661 3913 2856 3969 solum
2914 3931 3118 3970 verum
3177 3918 3385 3982 DeUm,
3418 3923 3475 3972 et
3518 3920 3714 3974 Jesum

2069 4002 2366 4057 Christum
2398 4002 2771 4076 unigenitum
2802 4003 2992 4075 ipsius
3024 4003 3235 4072 illium,
3257 4010 3314 4060 et
3345 4012 3616 4061 sanctum
3649 4024 3717 4063 ac

2068 4091 2362 4146 vivificum
2395 4090 2680 4163 Spiritum
2720 4093 2903 4164 (Joan.
2935 4093 3095 4164 xvu).

2139 4269 2258 4323 Rex
2277 4268 2475 4340 igitur,
2495 4269 2658 4340 regia
2680 4285 2820 4325 sane
2835 4269 3151 4341 prudentia
3163 4272 3466 4344 praeditus,
3485 4274 3560 4330 ad
3583 4291 3717 4331 eum

2072 4358 2293 4427 inquit:
2313 4358 2381 4411 Et
2402 4357 2688 4428 quidnam
2712 4359 2999 4415 hactenus
3018 4364 3072 4416 te
3086 4361 3721 4434 probibuitquominus

2070 4446 2215 4500 mihi
2232 4445 2357 4502 haec
2376 4462 2701 4519 exponeres
2715 4448 2941 4521 ?.\'eque
2958 4450 3115 4505 enim
3134 4450 3259 4506 haec
3272 4453 3648 4509 cunctatione
3661 4470 3728 4509 ac

307 4528 596 4605 ἀναϐολῆς
622 4537 728 4607 γὰρ
784 4533 877 4587 καὶ
938 4531 1276 4606 ὑπερθὲσεως
1332 4527 1454 4601 ἄξιά
1486 4527 1763 4619 μοιᾼδοκεῖ
1791 4530 1952 4619 ὑπεὶρ·

2078 4534 2363 4591 dilatione
2394 4535 2542 4591 mihi
2566 4536 2743 4609 digna
2763 4552 2891 4593 esse
2919 4538 3213 4608 videntur,
3242 4540 3289 4595 si
3325 4541 3567 4613 quidem
3597 4559 3735 4598 vera

304 4643 433 4702 χειν
490 4626 679 4692 ταῦτα,
728 4621 779 4677 εἴ
806 4641 871 4696 γε
903 4617 1091 4689 ἀληθῆ
1146 4620 1423 4695 τυγχάνεισ
1485 4618 1531 4673 εί
1580 4615 1635 4673 δὲ
1683 4613 1952 4692 ἀμφιϐολι

2080 4624 2412 4689 sunt.Quod
2427 4624 2477 4680 si
2495 4624 2677 4682 dubia
2689 4632 2847 4697 sunt,
2871 4627 3079 4683 sedulo
3107 4634 3165 4684 et
3188 4636 3461 4685 accurate
3492 4630 3735 4687 investi—

302 4712 477 4784 ἐστιν,
509 4708 764 4785 ἐμπόνως
811 4708 895 4764 δεῖ
927 4713 1162 4780 ζητῆσαι
1193 4708 1389 4783 μέχρις
1439 4707 1568 4762 ὅτου
1612 4707 1676 4762 τὸ
1729 4705 1952 4784 ἀναμφί-

2081 4713 2341 4784 gandum
2366 4718 2472 4780 est,
2488 4714 2876 4787 quoadusque
2895 4733 2965 4773 ea
2984 4717 3133 4773 citra
3147 4718 3332 4774 ullam
3353 4719 3735 4793 ambiguitat-

305 4800 509 4858 λεκτον
556 4798 798 4874 εὕροιμι.
847 4796 964 4857 Οὔκ
1012 4794 1287 4870 ἀμελείᾳ,
1339 4794 1502 4881 φησὶν
1547 4794 1577 4849 6
1607 4795 1764 4870 ἀνὴρ,
1796 4794 1952 4879 ἢγρᾳ·

2084 4807 2201 4857 tem
2220 4818 2288 4856 ac
2299 4801 2733 4860 dubitationem
2751 4805 3279 4863 inveniamus.Non
3293 4808 3653 4881 negligentia
3676 4814 3733 4865 et

307 4889 483 4966 θυμία
525 4889 917 4965 συνεχόμενος,
964 4889 1091 4964 περί
1144 4883 1352 4943 τούτων
1407 4879 1629 4957 ὤκνησά
1657 4905 1742 4940 σοι
1767 4885 1952 4960 γνωρί-

2083 4890 2356 4947 socordia
2382 4891 2603 4948 factum
2635 4898 2746 4962 est,
2780 4894 2864 4950 ait
2892 4894 3014 4964 ille,
3046 4899 3114 4951 ut
3143 4896 3248 4951 tibi
3278 4879 3404 4953 haec
3436 4879 3731 4969 exponere

390 5054 511 5196 μθ)
538 5052 705 5111 Cant.
740 5070 798 5125 p.
833 5056 920 5118 17,
954 5068 1016 5107 n.
1049 5051 1138 5108 54.
1512 5086 1515 5089 ι
1564 5119 1585 5135 ἢ

531 5125 730 5205 {acob.
762 5140 807 5193 ι,
840 5126 907 5205 t2
933 5138 949 5177 :
980 5120 1226 5205 Λήψεται
1251 5119 1532 5205 στὲφανρν,
1563 5138 1622 5205 ον
1649 5116 1952 5205 ἐπηγγείλαη

2066 5119 2289 5205 ’Κύριος
2320 5127 2440 5205 τοῖς
2455 5122 2732 5197 ἀγαπῶσιν
2763 5125 2965 5183 αὐτόν..

391 5189 503 5268 (22)
534 5189 896 5268 Ιιεωῐῃαέει
924 5189 1239 5268 metricum
1270 5191 1332 5268 in
1355 5189 1562 5247 'codiCe
1591 5193 1638 5247 Α
1672 5207 1687 5246 :
1721 5189 1856 5268 Τίνα
1886 5190 1952 5246 τὰ

2066 5189 2185 5246 {md
2206 5192 2380 5268 ἀγαθά
2408 5189 2527 5264 ἄρα’.

539 5270 604 5335 Δ,
627 5264 718 5339 καὶ
747 5264 948 5339 τρὶςᾼτ.
980 5261 1073 5318 καὶ
1102 5258 1395 5326 πολλάκις·
1435 5278 1468 5318 e
1497 5261 1884 5319 correctione.

1014 5404 1156 5476 Αὕτη
1189 5398 1248 5457 δι
1276 5401 1414 5458 ἐστιν
1442 5404 1474 5473 ἡ
1507 5401 1723 5467 αῒώνιες
1756 5406 1892 5475 ζωὴ,
1918 5401 2008 5460 ’ίνα
2033 5405 2346 5480 γινώσκωσι
2386 5429 2442 5463 σε
2472 5409 2560 5463 τὸν
2599 5410 2758 5481 μόνον
2807 5404 3061 5480 ἀληθινὸν
3095 5410 3243 5480 Θεὸν,
3275 5411 3362 5466 καὶ
3397 5411 3454 5466 δν
3488 5413 3738 5469 ἀπεστει-

323 5476 435 5543 λας
469 5476 676 5550 Ἰησοῦν
709 5476 962 5552 Χριστόν.
1120 5546 1132 5563 ⁸

542 5548 823 5681 ἑοὶνυν
857 5548 886 5602 6
922 5544 1201 5623 βασιλευς,
1243 5544 1662 5622 βασιλικοτάτην
1715 5543 1861 5624 ἔχων
1917 5569 1952 5604 σ

2066 5564 2147 5603 τιν·
2198 5567 2326 5621 quae
2385 5552 2497 5607 fuit
2547 5553 2961 5625 interpretum,
2994 5554 3219 5627 Georgii
3250 5556 3617 5628 'l'rapezuntii
3673 5574 3741 5613 ac

378 5638 517 5690 ιιιιι.
543 5638 741 5681 ισοιιο.
3584 5654 3587 5657 η
3668 5650 3673 5658 .

618 5740 890 5806 Ρλτιςοι.
938 5735 1048 5799 Gn.
1094 5733 1304 5801 XCVI.

3379 5742 3458 5802 32
