3994 6150
390 244 530 302 1003

1911 246 2273 299 ᾹΟΟΒΝΟΑ.

3643 254 3759 310 1004

384 379 864 439 cunctarer,cum
888 387 1023 428 vera
1042 370 1163 426 sint
1180 374 1357 442 atque
1381 371 1452 425 ab
1476 370 1639 425 omni
1664 370 2017 426 dubitatione

2150 389 2259 437 σαι,
2294 369 2476 439 ἀληθῆ
2512 390 2611 443 περ
2650 369 2794 457 ,ὄντα
2843 371 2929 426 καὶ
2985 372 3160 440 πάντη
3212 372 3607 449 ἀναμφίλεκτα,
3636 375 3760 433 ἀλλά

383 470 644 531 remota;
668 480 869 519 verum
884 462 1043 534 quod
1065 461 1449 517 excellentem
1464 461 1666 532 gloriae
1680 466 1794 514 tuae
1814 463 2034 533 magni-

387 555 658 611 tudinem
692 569 946 619 vererer,
975 558 1151 622 atque
1183 551 1331 605 illud
1389 555 1738 617 metuerem,
1792 568 1866 605 ne
1926 551 2030 604 tibi

386 636 583 711 gravis
615 651 681 689 ac
702 633 988 688 molestus
1020 631 1537 695 essem.Quocirca
1561 630 1609 684 si
1642 630 1785 684 mihi
1809 630 2032 685 famulo

387 732 489 780 tuo
522 724 631 778 hoc
681 723 959 791 imperas,
990 725 1055 775 ut
1087 725 1141 774 te
1186 719 1256 773 de
1289 718 1382 771 his
1414 718 1590 772 rebus
1618 719 1678 772 in
1730 724 2032 788 posterum

386 813 793 873 submoneam,
829 809 1078 881 imperio
1133 813 1231 862 tuo
1265 807 1576 877 obsequar.
1637 807 1807 874 Sane,
1840 807 2035 877 inquit

382 921 506 969 rex,
540 919 659 957 non
692 899 950 956 interdiu
983 900 1197 965 solum,
1234 898 1335 952 sed
1369 899 1545 952 etiam
1596 898 1858 968 qualibet
1887 898 2033 952 hora

382 992 530 1048 mihi
558 991 769 1045 harum
788 1005 987 1044 rerum
1013 988 1363 1043 memoriam
1389 1003 1621 1041 renova.
1650 988 1847 1057 Neque
1873 987 2032 1040 enim

378 1081 747 1153 negligenter
769 1096 835 1134 ac
856 1077 1484 1150 perfunctorie,verum
1500 1092 1729 1131 summo
1754 1075 1947 1130 studio
1966 1092 2032 1129 ac

382 1172 611 1226 fervore
634 1170 727 1224 his
748 1167 925 1223 rebus
942 1166 1209 1222 animum
1234 1165 1543 1220 intendere
1562 1164 2030 1235 oportetAudivi

380 1260 582 1332 igitur,
606 1260 688 1314 ait
717 1257 1007 1323 Barlaam,
1033 1257 1192 1311 hunc
1215 1271 1412 1327 regem
1438 1254 1716 1326 deinceps
1739 1254 1834 1325 pie
1856 1271 1923 1309 ac
1945 1270 2033 1308 re-

380 1349 589 1423 ligiose
602 1348 779 1403 vitam
794 1345 1578 1416 instituisse,praasentisque
1592 1344 1721 1398 vitae
1736 1343 2029 1398 curriculo

381 1437 615 1511 placide
637 1453 703 1492 ac
723 1435 1044 1507 tranquille
1069 1435 1357 1501 confecto,
1388 1433 1809 1504 sempiternam
1834 1433 2031 1487 beatu-

383 1526 585 1582 dinem
606 1530 994 1581 consecutum
1022 1540 1171 1579 esse.
1197 1522 1590 1588 Quamobrem
1620 1522 1667 1576 si
1692 1520 1823 1591 quis
1852 1521 2029 1575 etiam

383 1622 612 1688 patrem
636 1620 803 1669 tuum
820 1614 891 1669 de
918 1614 1011 1667 his
1029 1612 1204 1668 rebus
1218 1611 1560 1683 tempestive
1576 1611 1892 1665 admoneat
1910 1610 2029 1664 for-

384 1706 559 1761 tassis
590 1704 884 1775 intelliget
907 1708 1083 1774 atque
1116 1702 1483 1772 exploratum
1517 1700 1759 1755 habebit
1789 1700 2025 1770 quantis

382 1795 555 1851 malis
586 1794 912 1867 implicitus
944 1797 1234 1855 teneatur,
1270 1796 1445 1861 atque
1477 1790 1548 1845 ab
1581 1791 1655 1844 iis
1688 1806 1815 1845 sese
1859 1806 2020 1843 aver-

382 1887 535 1945 tens,
570 1883 727 1954 quod
753 1882 975 1937 bonum
1002 1887 1091 1936 est
1120 1879 1513 1951 amplectatur
1538 1882 1608 1949 (Il
1640 1882 1757 1934 Pet.
1794 1880 1851 1949 ι).
1884 1880 2023 1934 Nam

379 1973 443 2029 in
473 1972 793 2045 praesentia
827 1971 1067 2041 quidem
1100 1987 1292 2025 caecus
1324 1974 1433 2037 est,
1468 1975 1525 2023 et
1556 1986 1735 2023 manu
1769 1974 2025 2033 tentans,

380 2066 447 2117 ut
475 2061 575 2131 qui
608 2076 742 2114 vero
772 2060 997 2115 lumine
1029 2076 1157 2114 sese
1181 2058 1421 2124 orbarit,
1448 2064 1624 2127 atque
1655 2057 1729 2112 ad
1756 2058 2028 2129 impieta-

383 2151 458 2203 tis
490 2148 766 2203 tenebras
797 2148 1197 2219 transfugerit.

455 2238 611 2293 Dixit
641 2242 840 2291 autem
898 2236 969 2290 ad
1024 2252 1158 2289 eum
1190 2234 1505 2305 Josaphat:
1540 2236 1619 2289 Dc
1671 2239 1835 2305 patre
1896 2252 2025 2289 meo

384 2327 541 2399 quod
576 2325 1140 2397 Dominusjusserit,
1176 2325 1295 2379 fiat.
1326 2326 1467 2379 Nam
1502 2325 1636 2394 ipsi,
1662 2324 1818 2379 velut
1849 2325 2024 2378 etiam

381 2418 488 2474 abs
518 2422 571 2472 te
605 2415 829 2470 dictum
856 2421 965 2482 est,
1001 2431 1069 2470 ea
1110 2414 1311 2469 omnia
1366 2412 1672 2484 possibilia
1703 2419 1860 2480 sunt,
1894 2430 2025 2484 quae

379 2506 539 2580 apud
567 2505 844 2560 homines
872 2502 1263 2575 impossibilia
1284 2519 1411 2557 esse
1438 2502 1725 2556 videntur.
1752 2504 1865 2575 Ego
1889 2519 2023 2557 vero

378 2612 486 2669 per
515 2593 765 2649 eximios
798 2609 863 2647 ac
898 2592 1227 2663 singulares
1260 2596 1391 2645 tuos
1440 2607 1766 2658 sermones,
1799 2591 2023 2645 vanita-

377 2687 454 2741 tis
484 2684 867 2757 preesentium
917 2699 1117 2737 rerum
1170 2688 1477 2753 pertmsus,
1529 2681 1599 2736 ab
1659 2681 1750 2735 his
1783 2681 2023 2751 quidem

378 2774 620 2830 omnino
678 2773 946 2829 animum
1004 2771 1298 2827 abducere
1343 2770 1640 2837 constitui,
1679 2787 1746 2825 ac
1806 2776 2020 2837 tecum,

380 2862 668 2936 quidquid
724 2862 868 2916 mibi
912 2862 1043 2915 vitae
1104 2866 1395 2932 superest,
1430 2860 1759 2925 traducere,
1792 2876 1864 2914 ne
1919 2877 2025 2931 per

374 2953 536 3010 ﬂuxa
567 2956 627 3007 et
653 2951 885 3024 fragilia
917 2950 1413 3022 sempiternorum
1447 2949 1737 3004 bonorum
1771 2954 1830 3003 et
1859 2951 2021 3003 omni

373 3042 618 3098 interitu
645 3041 978 3097 alienorum
1009 3039 1203 3096 fructu
1236 3039 1520 3095 excidam.

446 3147 773 3221 Respondit
803 3163 983 3202 senex
1012 3163 1024 3201 :
1058 3146 1114 3201 Si
1146 3146 1259 3200 hoc
1288 3145 1521 3211 feceris,
1554 3145 2017 3216 prudentissimo

375 3238 612 3295 cuidam
640 3236 863 3309 juveni,
897 3252 1073 3307 quem
1104 3235 1359 3306 c0piosis
1391 3242 1565 3306 atque
1599 3234 2021 3291 illustrissimis

373 3326 723 3400 parentibus
748 3330 955 3381 natum
989 3340 1116 3379 esse
1149 3323 1437 3390 intellexi,
1472 3323 1727 3378 similem
1780 3330 1833 3378 te
1866 3342 2018 3394 prae-

372 3416 562 3472 bebis.
596 3413 701 3469 Cui
734 3430 869 3467 eum
899 3418 1065 3484 pater
1116 3412 1333 3467 nobilis
1384 3412 1693 3482 cujusdam
1725 3417 1902 3483 atque
1955 3413 2016 3467 in

370 3504 582 3578 primis
639 3502 862 3574 copiosi
917 3502 1020 3555 viri
1071 3501 1254 3557 filiam
1310 3501 1525 3573 insigni
1573 3501 2015 3572 pulchritudine

372 3592 683 3667 prmditam
739 3591 1173 3664 despondisset,
1207 3608 1275 3645 ac
1307 3590 1378 3644 de
1431 3590 1772 3663 hujusmodi
1807 3592 2013 3645 matri-

363 3685 564 3741 monio
597 3701 734 3739 cum
768 3684 891 3739 ﬁlio
928 3699 1264 3738 sermonem
1297 3682 1715 3749 conseruisset,
1750 3682 2010 3752 quidque

362 3774 425 3830 in
462 3774 661 3830 animo
693 3773 942 3829 haberet
985 3772 1342 3843 exposuiset.
1373 3771 1497 3825 haac
1542 3776 1607 3825 ut
1638 3770 1737 3825 ille
1768 3771 2009 3840 audivit,

364 3864 535 3934 quasi
564 3863 857 3918 absonum
890 3860 1173 3933 quiddam
1204 3876 1271 3915 ac
1316 3866 1768 3932 praeposterum,
1801 3862 2011 3932 hujus-

364 3951 526 4009 modi
548 3968 674 4007 rem
700 3950 1026 4019 excutiens,
1042 3950 1249 4004 relicto
1265 3956 1429 4021 patre
1460 3949 2005 4022 profugit.Cumque

361 4042 475 4097 iter
503 4040 745 4109 faceret,
776 4040 934 4112 apud
974 4055 1177 4095 senem
1221 4038 1539 4110 quemdam
1566 4055 1910 4110 pauperem,
1945 4044 2009 4093 ut

359 4145 396 4184 a
425 4128 541 4183 diei
572 4134 718 4183 aestu
750 4144 879 4184 sese
909 4132 1225 4195 recrearet,
1250 4126 1504 4182 divertit.

430 4234 578 4290 Filia
606 4250 779 4306 porro
811 4234 969 4289 senis
999 4234 1162 4289 illius
1187 4250 1318 4306 qua:
1344 4235 1520 4290 unica
1548 4235 1635 4289 illi
1666 4235 1823 4308 virgo
1854 4240 2000 4303 erat,

356 4341 465 4396 pro
495 4322 723 4378 foribus
738 4322 972 4391 sedens,
997 4323 1270 4378 manibus
1285 4324 1659 4396 Operabatur,
1676 4341 1777 4379 ore
1804 4331 1999 4381 autem

354 4413 543 4470 Deum
575 4412 702 4468 sine
733 4411 857 4467 ulla
885 4412 1326 4469 intermissione
1354 4413 1652 4481 laudabat,
1687 4431 1755 4468 ex
1788 4414 1997 4469 intimo

354 4508 592 4577 pectore
617 4502 832 4574 gratias
855 4501 966 4574 ipsi
992 4518 1189 4572 agens.
1210 4504 1399 4575 Ipsius
1421 4509 1617 4558 autem
1642 4501 1877 4557 laudem
1903 4503 1998 4572 ju-

350 4592 515 4649 venis
534 4591 804 4659 audiens,
820 4592 928 4647 ait:
956 4592 1283 4660 Quodnam,
1307 4609 1339 4646 o
1353 4592 1746 4663 puella,tuum
1761 4590 1992 4645 institu-

350 4686 477 4738 tnm
511 4686 599 4738 est
620 4680 922 4753 7thuam
945 4680 1019 4735 ob
1046 4697 1309 4743 causam.
1336 4696 1471 4736 cum
1494 4680 1555 4734 in
1590 4684 1751 4734 tanta
1772 4678 1995 4733 vilitate

348 4776 408 4827 et
438 4772 638 4845 inOpia
668 4770 943 4837 verseris,
978 4775 1260 4840 tanquam
1298 4768 1372 4823 ob
1414 4768 1678 4840 ingentia
1706 4767 1995 4823 beneﬁcia

346 4868 607 4934 accepta,
624 4862 835 4917 horum
867 4865 1165 4915 auctorem
1188 4857 1361 4913 laude
1379 4858 1567 4913 efﬁcis
1588 4858 1615 4912 Ἰ
1643 4860 1774 4929 Ipsa
1794 4864 1993 4913 autem

346 4950 421 5005 ad
453 4966 587 5005 eum
608 4948 944 5020 respondit:
972 4950 1061 5003 An
1092 4947 1286 5001 nescis
1308 4946 1467 5017 quod
1489 4947 1991 5019 quemadmodum

348 5038 624 5108 exiguum
657 5037 1046 5109 pharmacum
1078 5052 1107 5090 e
1142 5036 1370 5107 magnis
1418 5035 1768 5107 plerumque
1822 5053 1987 5091 mor-

342 5126 437 5183 bis
469 5125 771 5181 hominem
803 5125 999 5197 eripit,
1032 5124 1240 5180 eodem
1270 5124 1446 5181 modo
1470 5125 1649 5181 etiam
1681 5125 1752 5181 ob
1778 5142 1989 5198 parvas

2144 457 2207 511 τὸ
2261 457 2528 533 ὑπερέχον
2586 455 2911 531 αἰδούμενος
2965 467 3066 528 τῆς
3125 466 3223 529 σῆς
3295 458 3472 534 δόξης,
3518 466 3591 536 μή
3642 485 3756 522 ποτε

2147 543 2524 621 ὀχληρότερός
2570 568 2653 601 σοι
2705 548 2946 625 φανείην.
2984 548 3049 604 Εἴ
3093 549 3185 603 οὗν
3216 552 3563 625 προστάσσεις
3588 558 3660 625 τῷ
3687 559 3750 627 σῷ

2144 634 2327 710 οἰκέτῃ
2387 636 2823 709 ὑπομιμνήσκειν
2878 658 2959 691 σοι
3020 637 3097 701 εἷς
3136 638 3197 692 τὸ
3227 636 3349 708 ἑξῆς
3400 641 3522 715 περὶ
3569 642 3751 698 τούτων

2141 729 2221 797 τῷ
2280 730 2357 796 σῷ
2422 723 2614 798 ἔσομαι
2699 731 3087 799 καθυπηρετῶν
3147 727 3526 801 προστάγματι
3560 773 3571 785 .
3631 732 3751 804 Ναὶ,

2142 815 2305 891 φησὶν
2336 816 2363 869 6
2400 812 2670 890 βασιλεύςο
2724 820 2800 887 μὴ
2852 817 2969 869 καθ’
3007 816 3214 890 ἡμέραν
3268 817 3457 888 μόνον,
3503 818 3637 874 ἀλλά
3676 822 3753 874 καὶ

2142 902 2221 973 ἐφ’
2279 904 2507 973 ἑκάστης
2565 902 2708 980 ὣρας
2785 905 2882 975 τήν
2963 906 3168 959 τούτων
3232 906 3458 977 μνήμην
3517 903 3752 977 διηνεκῶς

2140 991 2441 1062 ἀκακαίνιζε
2472 1011 2484 1023 ⁸
2520 992 2618 1046 οὐκ
2674 991 2893 1065 ἀμελῶς
2917 993 3021 1067 γάρ
3053 995 3165 1068 χρὴ
3197 993 3417 1055 τούτοις
3470 997 3753 1071 προσὲχειν,

2139 1079 2284 1135 ἀλλά
2332 1082 2421 1135 καὶ
2454 1080 2574 1135 λίαν
2632 1083 2847 1156 θερμῶς
2908 1082 2996 1136 καὶ
3056 1080 3386 1145 σπουδαίως.
3446 1083 3754 1158 ’Λκηκόαμεν

2141 1168 2251 1237 οὖν,
2296 1170 2459 1247 φησὶν
2494 1171 2521 1224 6
2554 1168 2837 1244 Βαρλαάμ,
2871 1166 3105 1232 εὐσεϐῶς
3156 1172 3245 1225 τὸν
3314 1170 3539 1246 βασιλέα
3590 1178 3754 1228 τοῦτον

2142 1264 2298 1327 ζῆσαι
2351 1258 2412 1314 τὸ
2472 1257 2615 1329 ἑξῆς,
2662 1258 2750 1313 καὶ
2804 1259 3111 1331 ἀκυμάντος
3169 1259 3259 1314 τὸν
3320 1261 3561 1334 παρόντα
3606 1258 3757 1314 διανύ-

2140 1369 2299 1401 σαντα
2348 1342 2490 1417 ϐίον,
2530 1350 2626 1416 τῆς
2660 1346 2972 1420 μελλούσης
3033 1349 3108 1419 μή
3166 1347 3464 1424 ἀποτυχεῖν
3524 1349 3757 1425 μακαριό-

2136 1458 2323 1507 τητος.
2376 1438 2439 1494 Εἰ
2498 1436 2673 1492 τοίνυν
2715 1438 2805 1491 καὶ
2857 1442 2938 1509 τῷ
2987 1440 3064 1509 σῷ
3118 1437 3283 1512 πατρὶ
3343 1438 3562 1493 τοιαῦτα
3614 1460 3686 1501 τις
3714 1438 3755 1492 ἐν

2142 1524 2441 1599 ἐπιτηδείῳ
2500 1528 2947 1601 προσυπομνησει
3006 1531 3199 1601 καιρῷ,
3254 1530 3412 1584 1³9
3460 1528 3598 1602 τάχα
3636 1548 3751 1581 συν-

2137 1617 2255 1685 ήσει
2282 1618 2371 1669 καὶ
2417 1615 2675 1691 γνώσεται
2708 1614 2856 1678 ὅσοις
2910 1614 3205 1690 συνὲσχέθη
3267 1621 3483 1683 κακοῖς,
3513 1616 3619 1685 καὶ,
3645 1616 3754 1671 τού-

2135 1724 2241 1758 των
2296 1704 2563 1772 ἐκκλίνας,
2623 1704 2891 1775 ἐκλὲξεται
2933 1706 2995 1758 τὸ
3025 1704 3251 1779 ἀγαθόν·
3312 1704 3428 1761 ἐπεὶ
3483 1706 3543 1759 τὸ
3597 1710 3753 1780 γενῦν

2132 1790 2259 1867 ἔχον
2293 1791 2500 1869 τυφλός
2531 1792 2665 1862 ἐστι,
2712 1794 3020 1865 μυωπάζων
3052 1798 3184 1868 {27),
3230 1798 3330 1849 τοῦ
3365 1793 3619 1865 ἀληθινοῦ
3656 1817 3751 1872 φω-

2129 1882 2223 1944 τὸς
2256 1882 2441 1937 ὶαυτὸν
2501 1881 2896 1957 ἀποστερήσας,
2946 1882 3273 1955 αὐτομολῶν
3325 1880 3382 1937 δὲ
3412 1884 3545 1956 πρὸς
3586 1885 3749 1951 τὸτῆς

2131 1966 2377 2034 ἀσεϐείας
2408 1973 2620 2033 σκότος.

2203 2240 2267 2293 Et
2364 2237 2417 2293 δε
2476 2240 2487 2255 ι
2536 2240 2576 2295 »Ι
2645 2237 2655 2253 ο
2901 2240 2913 2255 ι
3046 2238 3059 2257 ’
3172 2258 3183 2271 .
3298 2240 3310 2255 κ
3420 2240 3434 2256 κ
3576 2244 3598 2273 .-
3723 2242 3746 2268 τι

2252 2260 2332 2293 .πε
2398 2272 2420 2293 ς.
2469 2260 2495 2293 o
2584 2259 2768 2317 ωασαφ
2818 2259 2952 2315 προς
3003 2239 3161 2294 αυτόν
3235 2241 3322 2295 Τα
3381 2261 3473 2313 μεν
3515 2261 3603 2294 το)
3632 2238 3748 2311 ὲμο.)

2130 2328 2332 2399 πατρὸς
2390 2326 2577 2401 ἄγοιτο
2639 2327 2841 2402 Κύριος
2888 2330 2999 2401 (28)
3057 2326 3238 2391 καθὼς
3315 2327 3565 2384 κελεύει·
3624 2327 3744 2397 αὐτῷ

2127 2418 2249 2490 γὰρ,
2279 2416 2419 2470 καθά
2450 2413 2515 2485 δή
2548 2417 2634 2470 καὶ
2672 2418 2820 2478 εἶπας
2855 2422 2985 2488 (29),
3016 2418 3188 2472 πάντα
3235 2415 3440 2472 δυνατά
3485 2418 3744 2485 καθέστηκε

2128 2506 2195 2558 τά
2222 2506 2366 2578 παρὰ
2426 2506 2733 2581 ἀνθρώποις
2793 2504 3046 2561 ἀδύναταο
3105 2505 3211 2579 ἐγὼ
3277 2504 3355 2577 δὲ,
3408 2504 3493 2561 διά
3527 2511 3624 2561 τῶν
3654 2510 3739 2558 σῶν

2128 2589 2556 2668 ἀνυπερϐλήτων
2613 2594 2871 2670 ῥημάτων
2900 2638 2913 2663 ,
2963 2601 3062 2663 τῆς
3107 2599 3213 2649 τῶν
3276 2595 3556 2670 παρόντων
3606 2614 3739 2647 καταο

2128 2681 2287 2757 γνοὺς
2350 2682 2750 2755 ματαιότητος,
2808 2684 3110 2753 ἀποστῆναι
3173 2686 3277 2756 μὲν
3337 2684 3539 2739 τούτων
3591 2684 3737 2747 πάντη

2130 2768 2504 2845 διανενόημαι,
2537 2774 2627 2827 καὶ
2664 2774 2797 2845 μετά
2842 2778 2936 2826 σοῦ
2993 2774 3054 2827 τὸ
3112 2771 3318 2828 λοιπὸν
3366 2781 3466 2843 τῆς
3498 2779 3627 2842 ζωῆς
3656 2791 3738 2843 μου

2129 2858 2389 2933 διανύσαι,
2438 2861 2531 2917 ’ίνα
2592 2864 2667 2935 μὴ
2725 2860 2812 2917 διά
2868 2867 2975 2917 τῶν
3031 2863 3386 2939 προσκαίρων
3443 2862 3631 2920 τούτων
3665 2857 3736 2914 καὶ

2128 2946 2363 3023 ῥευστῶν
2421 2951 2519 3017 τῆς
2582 2954 2688 3003 τῶν
2767 2948 2999 3003 αἰωνίων
3074 2949 3165 3003 καὶ
3222 2948 3514 3028 ἀφθάρτων
3566 2948 3736 3003 ἐκπέσω

2133 3036 2485 3099 ἀπολαύσεως
2502 3079 2513 3096 .

2203 3146 2344 3220 [Ιρὸς
2402 3145 2458 3199 ὃν
2492 3145 2519 3199 6
2551 3145 2723 3220 γὲρων
2776 3144 3119 3221 ἀπεκρίνατο’
3172 3146 3232 3201 Εἰ
3293 3151 3454 3202 τοῦτο
3506 3146 3729 3215 ποιήσεις,

2126 3234 2320 3306 ὅμοιος
2354 3227 2446 3307 ἔσῃ
2486 3233 2745 3305 νεανίσκῳ
2773 3233 2879 3287 τ.νῖ
2929 3233 3358 3309 φρονιμωτάτῳ,
3392 3235 3510 3312 περὶ
3540 3232 3594 3289 οὗ
3621 3231 3729 3299 ἀκή-

2122 3344 2226 3377 κοα
2256 3322 2532 3378 πλουσίων
2591 3325 2863 3400 γεγονεναι
2918 3324 3007 3379 καὶ
3067 3323 3302 3396 ἐνδόξων
3362 3327 3574 3402 γονέων·
3606 3324 3731 3395 ᾧτινι

2123 3411 2151 3464 6
2206 3413 2385 3486 πατὴρ
2450 3412 2921 3485 μνηστευσάμενος
2978 3414 3076 3482 τήν
3138 3416 3411 3490 θυγατέρα
3465 3414 3598 3473 τινὸς
3639 3412 3727 3464 τῶν

2122 3500 2363 3577 εὐγενείᾳ
2392 3502 2479 3557 καὶ
2538 3502 2763 3576 πλοῦτῳ
2820 3500 3181 3580 διαφερόντων
3241 3503 3368 3560 λίαν
3401 3503 3727 3579 ὡραιοτάτην,

2117 3589 2654 3667 κοινολογησάμενος
2686 3590 2742 3647 δὲ
2771 3593 2908 3669 πρὸς
2937 3594 3025 3647 τὸν
3058 3591 3225 3648 παῖδα
3258 3595 3387 3671 περὶ
3418 3598 3506 3649 τοῦ
3551 3590 3727 3666 γάμου,

2116 3679 2206 3734 καὶ
2238 3680 2389 3743 ὅπως
2418 3682 2483 3750 ἦν
2517 3680 2663 3753 αὐτῷ
2724 3682 3076 3754 μελετώμενα
3132 3682 3484 3761 ἀπαγγείλας,
3531 3679 3727 3738 ἀκούσας

2116 3766 2340 3837 ἐκεῖνος,
2374 3770 2461 3824 καὶ
2520 3770 2595 3832 ὡς
2652 3769 2867 3846 ἀπηχὲς
2904 3792 2953 3825 τι
2996 3772 3086 3826 καὶ
3142 3773 3347 3828 ἄτοπον
3406 3769 3724 3839 ἀποσεισάμε-

2113 3879 2207 3920 νος
2238 3859 2299 3912 τὸ
2328 3864 2575 3933 πρᾶγμα,
2610 3859 2780 3937 φυγὰς
2832 3857 3012 3934 ᾤχετο
3070 3858 3391 3916 καταλιπὼν
3419 3861 3505 3915 τὸν
3532 3854 3722 3929 πατέρα.

2114 3949 2491 4022 Πορευόμενος
2524 3946 2581 4002 δὲ
2622 3947 2878 4017 ξενίζεται
2938 3948 2988 4002 ἐν
3024 3948 3168 4021 οἰκίᾳ
3221 3955 3462 4025 γηραιοῦ
3491 3968 3620 4008 τινος
3646 3944 3724 3997 πέ-

2112 4058 2295 4106 νητος,
2324 4041 2420 4091 τοῦ
2452 4036 2730 4099 καύσωνος
2761 4044 2861 4107 τῆς
2892 4037 3103 4113 ἡμέρας
3138 4038 3329 4093 ἑαυτὸν
3394 4034 3719 4092 διαναπαύων.

2180 4234 2341 4288 140
2371 4232 2436 4288 Ἠ
2469 4228 2526 4285 δὲ
2556 4232 2796 4306 θυγάτηρ
2846 4236 2943 4287 τοῦ
2996 4233 3247 4305 πένητος,
3298 4232 3582 4307 μονογενής
3610 4226 3717 4282 οὖσα

2106 4318 2194 4375 καὶ
2236 4320 2516 4394 παρθένος,
2570 4321 2906 4395 καθεζομένη
2966 4323 3072 4397 πρὸ
3126 4328 3233 4377 τῶν
3296 4327 3498 4391 θυρῶν,
3550 4315 3715 4393 εἰργά-

2109 4416 2226 4477 ζετο
2262 4410 2356 4482 μὶν
2403 4415 2523 4471 ταῖς
2582 4409 2763 4485 χερσὶ,
2820 4414 2899 4482 τῷ
2958 4408 3016 4465 δὲ
3076 4411 3305 4484 στόματι
3355 4412 3614 4486 ἀσιγήτως
3638 4403 3714 4458 τὸν

2106 4498 2233 4551 Θεὸν
2268 4494 2483 4572 εὐλόγει
2526 4497 2925 4573 εὐχαριστοῢσα
2985 4498 3131 4572 αὐτῷ
3188 4500 3247 4555 ἐκ
3306 4502 3505 4577 βαθέων
3536 4494 3711 4569 ψυχῆς⁶

2104 4589 2220 4641 Τῶν
2272 4586 2475 4655 ταύτης
2533 4584 2589 4641 δὲ
2619 4586 2801 4659 ὕμνων
2860 4587 3115 4657 ἀκούσας,
3149 4590 3177 4643 ὁ
3206 4588 3326 4651 νὲος
3508 4584 3569 4641 Τί
3616 4600 3710 4643 σου,

2100 4673 2273 4748 γύναι,
2327 4677 2389 4730 τὸ
2445 4673 2823 4749 ἐπιτήδευμας
2896 4677 3055 4753 χάριν
3112 4674 3170 4732 δὲ
3223 4678 3392 4747 τίνος,
3447 4674 3579 4730 οὕτω
3630 4684 3709 4737 περ

2103 4760 2233 4817 οὖσα
2267 4764 2492 4833 εὐτελὴς
2546 4764 2636 4819 καὶ
2666 4766 2894 4841 πτωχὴ,
2925 4765 2999 4828 ὡς
3032 4765 3117 4820 ἐπί
3180 4787 3289 4820 τισι
3351 4765 3597 4838 μεγάλοις
3623 4754 3708 4810 δω·

2102 4856 2339 4930 ρήμασιν
2397 4856 2761 4932 εὐχαριστεῖς,
2816 4857 2906 4911 τὸν
2972 4854 3180 4931 δοτῆρα
3241 4858 3523 4930 ὐμνοῦσας
3578 4851 3637 4904 Ἡ
3662 4841 3708 4897 δὲ

2099 4946 2234 5019 πρὸς
2294 4945 2450 5001 αὐτὸν
2509 4944 2831 5020 ἀπεκρίνατο
2866 4965 2878 4979 ·
2940 4947 3053 5001 Οὐκ
3110 4948 3264 5002 οἶσθα
3318 4944 3444 5014 ὅτι,
3500 4938 3703 5007 καθάπερ

2099 5034 2378 5111 φάρμακον
2437 5035 2629 5108 μικρὸν
2672 5035 2731 5089 ἐκ
2776 5034 3031 5110 μεγάλων
3082 5040 3407 5108 νοσημάτων
3464 5022 3702 5084 πολλάκις

2102 5122 2281 5200 ῥύεται
2314 5124 2405 5179 τὸν
2440 5124 2745 5199 ἄνθρωπον,
2767 5124 2909 5180 οὕτω
2940 5122 3007 5194 δή
3038 5125 3127 5180 καὶ
3159 5125 3222 5179 τὸ
3254 5123 3340 5180 ἐπὶ
3371 5126 3482 5181 τοῖς
3515 5112 3702 5190 μικροῖς

413 5356 527 5428 (27)
549 5358 669 5441 ξιτ.
701 5358 760 5441 ll
789 5356 969 5441 Epist.
992 5361 1123 5441 1,.9.
1160 5360 1407 5441 Lexincon
1439 5361 1753 5441 inmodice
1796 5362 1911 5441 _2i8
1937 5377 1969 5441 :_
2009 5359 2017 5414 1

2129 5355 2326 5441 Νάξῳ,
2384 5354 2697 5441 ὂφθξιζμιῶ.
2732 5360 3124 5441 (ξουιῃοηίρε
3155 5359 3253 5441 ,εά
3308 5355 3460 5414 Petri
3485 5352 3697 5409 locum:

345 5424 687 5505 Μίρωειτά-ζιινΔ
714 5424 771 5482 δὶ
797 5424 859 5505 τό
883 5424 1221 5505 τυφλώττειν
1255 5429 1485 5505 εἷ’ρηται,
1510 5431 1616 5486 ἀπὸ
1645 5436 1753 5487 τῶν
1790 5431 1894 5486 ὐπὸ
1913 5432 2012 5501 τήν
2042 5435 2144 5503 γῆν
2182 5432 2353 5503 μυῶν.
2387 5424 2605 5505 τύφλῶν
2641 5429 2716 5491 εἷς
2755 5430 2891 5484 ἅπαν
2917 5428 3333 5486 διατελούντων.

436 5500 527 5643 2εέ
559 5499 755 5560 Malim
784 5500 909 5575 ἄγοι
940 5499 974 5555 δ’
999 5506 1066 5559 Κ.

436 5573 504 5627 29
554 5571 637 5630 Cf.
665 5590 727 5643 ι).
764 5575 887 5643 134,
915 5590 1050 5632 cum

436 5571 524 5643 29)
554 5571 637 5630 Cf.
665 5590 727 5648 ρ.
764 5571 887 5647 ιθι,
915 5590 1050 5632 cum
1072 5590 1133 5632 n.
1171 5576 1253 5631 Η..
