3994 6150
325 308 466 386 i009

1495 333 1660 389 VITA
1701 315 2050 386 BARLAAM
2085 313 2180 381 ET
2213 325 2556 382 JOASAPH.

3586 309 3727 378 ΜΗΘ

322 474 441 510 σου·
473 453 737 531 γνώρισόν
796 477 888 529 μοι
941 453 1030 510 τόν
1083 477 1144 510 τε
1200 439 1440 510 πλοῦτον
1495 461 1595 524 τῆς
1654 451 1815 524 δόξης
1867 455 1964 506 τοῦ

2076 451 2356 522 gestiens,
2379 448 2483 503 abs
2503 451 2560 500 te
2581 448 2811 517 peto,ut
2829 449 2890 500 et
2914 433 3127 500 divinas
3157 440 3358 518 glo'rlzo
3381 441 3643 517 divitias,
3663 452 3723 502 et

325 546 459 597 Θεοῦ
489 543 579 598 καὶ
608 541 670 598 τὸ
705 540 1054 620 ὑπερϐάλλον
1080 551 1181 614 τῆς
1211 543 1375 599 αὐτοῦ
1408 541 1708 616 δυνάμεως.

315 703 318 706 γ
395 631 533 688 Eine
564 630 621 687 δὶ
649 633 788 706 πρὸς
846 633 1007 690 αὐτὸν
1068 635 1095 688 ὁ
1155 631 1442 706 Βαρλαάμ·
1475 637 1566 706 Τῷ
1596 635 1711 704 Θεῷ
1731 627 1967 704 εὔχομαι

325 717 526 791 διδάξει
580 741 636 775 σε
685 726 878 790 ταῦτα,
957 721 1048 778 καὶ
1117 729 1216 793 τῆν
1290 727 1491 797 γνῶσιν
1541 719 1965 777 τῶντοιούτων

323 807 550 864 ἐνθεῖναί
609 831 704 865 σου
759 816 827 885 τῇ
888 815 1063 888 ψυχῇ·
1124 812 1238 867 ἐπεὶ
1305 815 1450 887 παρᾶ
1507 811 1816 886 ἀνθρώποις
1871 809 1969 876 τήν

323 898 492 954 αὐτοῦ
524 901 791 974 Λεχθῆναι
849 899 1000 972 δόξαν
1049 903 1136 956 καὶ
1188 899 1414 974 δύναμιν
1443 901 1506 956 τὸ
1535 899 1783 974 παράπαν
1829 895 1966 953 ἀδύ-

320 1007 504 1057 νατον,
534 987 628 1042 κᾶν
662 991 826 1042 πᾶσαι
878 989 931 1043 αἱ
978 993 1086 1044 τῶν
1131 987 1248 1043 νυνὶ
1296 989 1387 1043 καὶ
1425 993 1532 1043 τῶν
1563 989 1785 1042 πώποτε
1813 1005 1970 1061 γενο-

324 1075 500 1148 μένων
555 1075 854 1152 ἀνθρώπων
911 1074 1156 1152 γλῶσσαι
1211 1073 1264 1131 ἓν
1323 1077 1598 1150 γένωνται.
1659 1076 1784 1130 Θεὸν
1843 1075 1963 1150 γάρ,

319 1164 481 1240 φησὶν
517 1165 544 1218 ὁ
578 1163 973 1240 εὐαγγελιστὴς
997 1165 1085 1220 καὶ
1108 1163 1369 1241 θεολόγος
1395 1168 1526 1238 (36),
1564 1162 1742 1224 οὐδεὶς
1764 1163 1968 1236 ἑώρακε

315 1253 558 1308 πώποτε·
588 1253 616 1307 ὁ
651 1257 953 1329 μονογενὴς
987 1255 1133 1326 Υἱὸς,
1193 1256 1220 1310 ὁ
1281 1249 1354 1308 ὥν
1410 1253 1486 1316 εἷς
1515 1255 1604 1308 τὸν
1631 1253 1842 1308 κόλπον
1868 1255 1964 1306 τοῦ

317 1342 552 1413 Πατρὸς,
610 1340 812 1404 ἐκεῖνος
869 1343 1186 1418 ἐξηγήσατο,
1263 1345 1374 1399 Τοῦ
1453 1340 1509 1397 δὲ
1582 1343 1817 1416 ἀοράτου
1873 1339 1962 1395 καὶ

315 1429 681 1505 ὗπεραπείρου
739 1433 838 1500 τήν
901 1429 1056 1504 δόξαν
1111 1432 1198 1487 καὶ
1275 1433 1374 1502 τήν
1425 1430 1820 1505 μεγαλωσύνην
1878 1429 1961 1490 τίς

315 1515 532 1592 ἰσχύσει
592 1521 740 1578 ’145
799 1523 1043 1594 γηγενῶν
1094 1516 1516 1590 καταλαϐέσθαι,
1579 1519 1623 1575 εἰ
1687 1521 1762 1593 μή
1813 1519 1858 1590 ᾧ
1898 1515 1961 1572 ἂν

311 1605 474 1668 αὐτὸς
533 1606 861 1682 ἀποκαλύψῃ
915 1611 1032 1662 καθ’
1093 1609 1219 1664 ὅσον
1283 1608 1563 1685 βούλεται,
1623 1611 1802 1682 ὥσπερ
1841 1611 1960 1668 τοῖς

311 1697 622 1770 προφήταις
647 1696 810 1751 αὐτοῦ
839 1695 930 1751 καὶ
963 1697 1294 1762 ἄποστόΛοις
1339 1697 1680 1771 ἀπεκάλυψεν
1707 1717 1722 1766 ;
1765 1697 1959 1768 Ἡμεῖς

315 1780 374 1838 δὲ
405 1782 464 1838 ἐκ
492 1787 588 1838 τοῦ
637 1784 988 1860 κηρύγματος
1047 1785 1220 1842 αὐτῶν
1281 1785 1370 1841 καὶ
1432 1787 1484 1857 ἐξ
1528 1785 1695 1856 αὐτῆς
1722 1791 1822 1854 τῆς
1852 1787 1958 1839 τῶν
1992 1825 2036 1889 Β

521 1875 540 1889 ..
737 1872 752 1889 ,
1185 1875 1200 1889 .
1269 1875 1286 1889 .
1493 1880 1518 1889 ..
1593 1877 1607 1889 .
1667 1879 1692 1889 ..
1869 1875 1924 1889 _.

314 1875 656 1948 πραγμάτων
686 1872 916 1952 φύσεως,
961 1896 1094 1930 κατα
1148 1875 1210 1930 τὸ
1268 1875 1552 1952 ἐγχωροῦν
1583 1877 1718 1946 ἡμῖν
1755 1875 1958 1947 μανθά-

315 1981 504 2034 νομεν.
563 1962 718 2038 Λέγει
773 1963 873 2039 γάρ
932 1965 966 2033 ἡ
1027 1967 1236 2040 Γραφήο
1305 1966 1372 2021 Οἱ
1432 1963 1648 2039 οὐρανοὶ
1709 1966 1820 2036 (3⁸7)
1879 1959 1961 2016 δι-

311 2054 572 2126 ηγοῦνται
607 2048 764 2121 δοξαν
805 2057 960 2122 Θεοῦ,
1011 2054 1234 2122 ποίησιν
1269 2051 1325 2108 δὲ
1371 2057 1572 2129 χειρῶν
1606 2052 1769 2108 αὐτοῦ
1801 2052 1960 2126 ἀναγ-

311 2137 506 2213 γὲλλει
549 2139 611 2194 τὸ
669 2137 968 2214 στερέωμω
1030 2141 1152 2197 Καὶ·
1232 2143 1316 2199 Τὰ
1374 2139 1574 2218 ἀόρατα
1632 2143 1744 2215 (38)
1797 2139 1961 2194 αὐτοῦ

309 2227 419 2284 ἀπὸ
468 2227 692 2292 κτίσεως
747 2228 960 2303 κόσμου
1013 2237 1130 2293 τοῖς
1183 2233 1455 2306 ποιήμασι
1511 2229 1778 2304 νοούμενα
1829 2239 1960 2294 καθ-

311 2326 522 2394 ορᾶται,
554 2321 588 2390 ἢ
619 2341 678 2376 τε
708 2319 884 2385 ἀΐδιος
913 2319 1078 2378 αὐτοῦ
1111 2319 1340 2398 δύναμις
1369 2323 1459 2377 καὶ
1493 2319 1708 2394 θεότης.

390 2590 638 2665 Καθάπερ
685 2589 786 2664 γὰρ
837 2611 942 2661 τις,
999 2589 1173 2646 οἰκίαν
1231 2587 1361 2646 ἰδὼν
1415 2589 1684 2665 λαμπρῶς
1737 2590 1826 2643 καὶ
1878 2587 1960 2643 ἐν·

316 2678 531 2752 τὲχνως
587 2679 1086 2749 κατεσκευασμένην
1139 2677 1176 2748 ἤ
1235 2683 1422 2741 σκεῦος
1495 2678 1704 2755 εὐφυῶς
1765 2698 1962 2752 συνηρ-

330 2761 619 2840 μοσμένον,
657 2771 748 2821 τὸν
799 2764 1092 2841 οἰκοδόμον
1153 2769 1188 2838 ἢ
1239 2769 1463 2823 τὲκτονα
1493 2766 1648 2832 εὐθὺς
1681 2767 1738 2822 ἂν
1773 2766 1961 2838 ἐννοή-

328 2876 426 2917 σας
460 2851 796 2928 θαυμάσειεν,
848 2857 990 2912 οὕτω
1039 2859 1151 2932 (39)
1197 2857 1371 2932 κάγὼ,
1419 2857 1479 2912 ἐκ
1529 2857 1604 2931 μὴ
1639 2853 1810 2912 ὄντων
1843 2853 1960 2910 δια-

320 2941 585 3008 πλασθεὶς
633 2945 720 3000 καὶ
769 2945 844 3009 είς
880 2947 944 3002 τὸ
993 2941 1049 3001 ’o'v
1099 2947 1418 3023 παραχθεὶς,
1453 2944 1498 3002 εί
1528 2945 1618 3001 καὶ
1669 2945 1761 3001 τὸν
1819 2944 1963 3001 πλά-

321 3053 454 3103 στην
485 3033 576 3088 καὶ
607 3035 856 3110 παροχὲα
904 3037 1184 3100 θεάσασθαι
1245 3034 1306 3091 οὗ
1362 3033 1682 3108 δεδύνημαι,
1730 3031 1855 3088 ἀλλ’
1903 3033 1962 3088 ἐκ

317 3128 420 3191 τῆς
450 3119 786 3197 εὖαρμόστου
840 3124 932 3179 καὶ
990 3125 1442 3198 Θαυμασιωτάτης
1496 3145 1604 3200 μου
1633 3125 1961 3192 κατασκευῆς

319 3209 400 3273 εἷς
451 3191 650 3284 γνωσιν
702 3209 875 3280 ἦλθον
931 3216 1030 3282 τῆς
1081 3191 1244 3269 αὐτοῦ
1297 3191 1510 3294 σοφίας,
1570 3213 1632 3268 οὐ
1688 3214 1806 3276 καθ’
1838 3211 1867 3266 8
1907 3191 1960 3268 τί
1990 3191 2031 3258 C

319 3296 488 3365 ἐστιν,
521 3297 666 3355 ἀλλά
713 3301 853 3355 καθά
905 3299 1200 3376 δεδύνημαι
1258 3308 1400 3358 νοεῖν
1460 3305 1592 3377 (40),
1627 3301 1706 3357 ὅτι
1741 3299 1839 3356 οὐκ
1869 3299 1962 3355 αὖα

320 3385 579 3460 τομάτως
635 3389 956 3464 παρήχθην,
1035 3391 1160 3447 οὐδὲ
1225 3391 1316 3470 ἀφ’
1391 3392 1589 3447 ἑαυτοῦ
1641 3391 1962 3468 γεγένημαι,

321 3472 454 3529 ἀλλ’
483 3472 644 3538 αὐτὸς
675 3470 877 3533 ἔπλασὲ
912 3499 979 3551 με
1025 3481 1202 3544 καθὼς
1249 3475 1568 3552 ἠϐουλήθη,
1599 3484 1814 3536 πάντων
1871 3479 1963 3553 μὶν

319 3563 728 3638 προκατάρχειν
787 3566 948 3636 τάξας
1003 3571 1112 3622 τῶν
1171 3568 1504 3642 κτισμάτων,
1563 3569 1724 3624 τινῶν
1777 3565 1834 3623 δι
1875 3567 1966 3622 καὶ

319 3649 659 3724 ἐλαττώσας,
728 3653 820 3707 καὶ
895 3651 1239 3731 συντριϐέντα
1291 3656 1454 3712 πάλιν
1513 3657 1780 3728 κρείττονι
1839 3655 1969 3710 ἀνα·-

320 3737 553 3793 καινίσει
581 3739 914 3811 ἀναπλάσας,
968 3744 1078 3799 εἶτα
1123 3745 1210 3798 καὶ
1267 3744 1540 3820 ὑπεξάγων
1590 3749 1698 3800 τῶν
1731 3745 1965 3800 ἐντεῦθεν

321 3829 408 3898 τῷ
435 3827 564 3900 θείῳ
593 3827 756 3884 αὐτοῦ
810 3833 1186 3908 προστάγματι
1243 3833 1331 3887 καὶ
1387 3835 1522 3908 πρὸς
1577 3830 1758 3909 ἑτέραν
1803 3853 1968 3907 μετα-

323 3915 497 3978 τιθεὶς
557 3916 746 3991 βιοτὴν
808 3918 1165 3991 ἀτελεύτητον
1221 3920 1312 3974 καί
1381 3921 1620 3990 αἰώνιον,
1679 3920 1730 3975 ἐν
1791 3919 1964 3976 οὐδενὶ

321 4003 532 4060 τούτων
563 4001 858 4080 δυναμένου
901 4029 1008 4082 μου
1060 4009 1402 4064 ἀνθίστασθαι
1450 4013 1516 4083 τῇ
1563 4009 1720 4084 ivx-31'
1745 4016 1844 4080 τῆς
1877 4009 1968 4065 αὖ·

321 4091 422 4146 τοῦ
479 4093 761 4167 προνοίας,
828 4097 966 4168 μήτε
1020 4119 1076 4152 τι
1145 4099 1489 4172 προστιθέναι
1557 4099 1773 4174 ἐμαυτῷ
1832 4101 1970 4172 μήτε

320 4183 480 4238 146
507 4181 772 4259 ὑφαιρεῖν,
827 4183 933 4240 εἶ’τε
987 4187 1106 4241 καθ’
1161 4186 1380 4257 ἡλικίαν
1436 4191 1542 4262 (41)
1598 4188 1704 4243 εἷ’τε
1747 4187 1880 4243 κατὰ
1907 4189 1969 4244 τὸ

320 4273 426 4337 τῆς
460 4277 680 4348 μορφῆς
712 4269 876 4342 εἶδος,
917 4275 1055 4346 μήτε
1091 4274 1159 4330 τὰ
1215 4274 1643 4350 πεπαλαιωμὲνα
1696 4297 1788 4351 μοι
1843 4278 1970 4331 ἀνα-

317 4357 584 4426 καινίζειν
635 4357 934 4434 ἐξισχύσαι,
999 4365 1140 4436 μήτε
1194 4365 1262 4420 τὰ
1319 4362 1678 4444 διεφθαρμένα
1741 4365 1972 4440 ἐπανορ-

323 4451 475 4512 θοῦν.
509 4445 704 4512 Οὐδεὶς
760 4450 863 4527 γάρ
920 4455 1028 4507 τῶν
1087 4453 1386 4530 ἀνθρώπων
1445 4455 1653 4512 τούτων
1697 4477 1749 4511 τι
1781 4453 1972 4532 ἴσχυσὲ

2079 540 2263 612 ipsius
2293 539 2572 610 potentia:
2603 535 3016 592 excellentiam
3043 535 3188 590 mihi
3217 534 3503 592 declares.

2151 629 2306 684 Dixit
2335 633 2532 684 autem
2571 627 2643 683 ad
2693 627 2886 698 ipsum
2919 625 3220 682 Barlaam:
3253 627 3439 681 Deum
3472 625 3720 698 supplex

2077 735 2214 792 rogo
2247 723 2312 774 ut
2337 720 2462 774 haec
2496 723 2549 772 te
2573 717 2800 785 doceat,
2823 721 2999 788 atque
3022 715 3366 788 hujusmodi
3397 731 3598 772 rerum
3620 733 3722 771 co-

2076 808 2400 880 gnitionem
2433 807 2631 863 animo
2657 811 2755 861 tuo
2781 807 3022 862 inserat.
3047 805 3536 877 Quandoquidem
3563 804 3720 878 apud

2079 898 2350 954 homines
2375 898 2558 970 ipsius
2580 897 2766 970 gloria
2789 913 2854 952 ac
2877 896 3143 968 potentia
3173 895 3339 951 nullo
3361 896 3536 952 modo
3558 913 3720 952 com-

2075 987 2392 1042 memorari
2407 986 2893 1058 potest,quamvis
2916 986 3092 1040 etiam
3112 1001 3318 1041 omnes
3334 986 3601 1042 omnium
3619 986 3720 1040 ho-

2073 1076 2453 1140 minum,tam
2477 1075 2577 1146 qui
2601 1091 2758 1130 nunc
2786 1081 2924 1130 sunt
2940 1090 3116 1146 quam
3135 1074 3236 1146 qui
3254 1074 3576 1146 aliquando
3597 1075 3720 1131 fue-

2073 1169 2231 1228 runt,
2265 1165 2480 1236 linguae
2511 1164 2574 1218 in
2605 1179 2791 1218 unum
2823 1169 3051 1219 coeant.
3087 1163 3273 1219 Deum
3305 1165 3485 1234 enim,
3520 1163 3716 1235 inquit

2073 1253 2430 1325 evangelista
2443 1257 2500 1307 et
2517 1253 3254 1326 theologus(Joan.I).nemo
3267 1254 3712 1325 viditunquam.

2071 1342 2421 1413 Unigenitus
2443 1341 2645 1410 Filius,
2672 1342 2771 1412 qui
2797 1347 2886 1398 est
2907 1342 2968 1397 in
2995 1341 3131 1398 sinu
3148 1343 3361 1408 Patris,
3387 1343 3512 1414 ipse
3543 1361 3715 1400 enar-

2071 1429 2385 1502 ravit.Ejus
2407 1446 2581 1501 porro
2604 1430 2704 1500 qui
2729 1429 3036 1486 oculorum
3059 1429 3330 1486 obtutum
3360 1431 3714 1505 fugit,atque

2071 1517 2400 1574 immensus
2432 1523 2538 1584 est,
2561 1519 2811 1592 gloriam
2835 1525 2894 1574 et
2912 1519 3450 1592 majestatem.quis
3473 1519 3714 1578 tandem

2069 1624 2274 1662 eorum
2324 1609 2422 1679 qui
2456 1625 2486 1662 e
2519 1613 2676 1664 terra
2721 1608 2981 1664 concreti
3031 1613 3188 1678 sunt,
3220 1610 3712 1682 comprehensam

2067 1696 2286 1752 habere
2311 1697 2628 1767 queat,nisi
2651 1697 2776 1769 ipse
2797 1697 3084 1754 arbitratu
3113 1715 3218 1753 suo
3249 1715 3380 1754 eam
3411 1700 3710 1771 patefece-

2065 1785 2162 1852 rit,
2197 1786 2696 1856 quemadmodum
2730 1787 2957 1842 scilicet
2985 1787 3291 1858 prophetis
3321 1789 3443 1843 suis
3475 1793 3534 1844 et
3561 1805 3709 1860 apo-

2066 1874 2231 1928 stolis
2263 1875 2587 1946 patefecit?
2637 1877 2763 1931 Non
2807 1881 3003 1931 autem
3052 1880 3177 1932 tum
3219 1893 3291 1933 ex
3321 1893 3524 1933 eorum
3553 1893 3706 1949 prae-

2065 1961 2383 2028 dicatione,
2415 1969 2540 2020 tum
2573 1981 2642 2020 ex
2695 1965 2825 2036 ipsa
2871 1981 3072 2020 rerum
3129 1971 3360 2033 natura,
3420 1972 3706 2038 quantam

2065 2051 2300 2123 assequi
2333 2053 2505 2108 nobis
2536 2053 2731 2120 datur,
2765 2071 2894 2110 eam
2925 2053 3334 2110 discimus.Ait
3362 2054 3522 2110 enim
3553 2053 3707 2110 Scri-

2064 2147 2274 2212 ptura:
2327 2143 2468 2198 Cceli
2514 2149 2795 2200 enarraut
2840 2143 3088 2216 gloriam
3128 2143 3254 2214 Dei,
3288 2149 3346 2199 et
3373 2157 3552 2215 opera
3581 2158 3711 2198 ma-

2065 2247 2249 2286 nuum
2281 2232 2407 2303 ejus
2439 2232 2757 2288 annuntiat
2785 2232 3230 2289 ﬁrmamentum
3263 2231 3712 2304 (Psal.xvm).Ac

2063 2337 2270 2375 rursus
2297 2337 2310 2376 :
2343 2320 2672 2377 Invisxbilia
2699 2321 2887 2394 ipsius
2918 2338 2952 2378 a
2981 2327 3253 2378 creatura
3281 2320 3625 2393 mundi,per
3649 2335 3719 2375 ea

2067 2425 2198 2480 quae
2231 2408 2384 2465 facta
2431 2415 2588 2478 sunt,
2640 2410 2947 2467 intellecta
2991 2411 3464 2483 conspiciuntur,
3498 2411 3718 2481 sempi-

2065 2503 2234 2552 terna
2257 2515 2492 2572 quoque
2517 2499 2704 2571 ipsius
2732 2501 2998 2571 potentia
3019 2507 3079 2556 et
3097 2500 3378 2556 divinitas
3399 2503 3648 2572 (RomJ).

2135 2587 2648 2651 Quemadmodum
2666 2589 2825 2644 enim
2845 2589 3140 2660 quispiam
3161 2589 3409 2644 domum
3430 2589 3714 2660 praeclare

2065 2673 2385 2746 acfsumma
2401 2683 2526 2732 arte
2541 2681 3073 2742 constructam,aut
3091 2675 3392 2732 vasculum
3413 2676 3715 2748 eleganter

2066 2772 2482 2820 concmnatum
2509 2765 2895 2837 perspiciens,
2927 2764 3312 2821 architectum
3345 2769 3448 2820 aut
3473 2763 3706 2821 fabrum

2067 2853 2266 2908 statim
2305 2854 2377 2909 ob
2407 2855 2674 2910 animum
2705 2853 2814 2910 sibi
2845 2855 3146 2927 proponit,
3175 2855 3260 2909 sic
3293 2854 3470 2910 etiam
3496 2869 3600 2925 ego
3631 2869 3704 2909 ex

2067 2941 2255 2998 nihilo
2287 2943 2538 3008 effictus,
2571 2949 2747 3014 atque
2779 2943 2839 2998 in
2871 2949 3065 2998 ortum
3095 2941 3435 3016 productus,
3470 2943 3702 2998 etiamsi

2065 3032 2333 3088 ﬁctorem
2365 3051 2430 3090 ac
2451 3033 2868 3105 productorem
2895 3049 3093 3090 meum
3121 3049 3365 3090 cernere
3388 3049 3706 3104 nequeam,

2065 3125 2264 3176 tamen
2280 3139 2346 3176 ex
2360 3123 2667 3194 aptissima
2680 3121 3054 3194 maximeque
3068 3122 3417 3178 admiranda
3429 3121 3546 3176 mei
3561 3126 3712 3177 strue

2073 3219 2235 3268 ctura
2251 3212 2324 3266 ad
2344 3213 2544 3284 sapien
2557 3213 2648 3267 tia:
2667 3213 2851 3284 ipsius
2864 3213 3258 3286 cognitionem
3271 3212 3404 3268 veni
3416 3227 3554 3278 ,non
3568 3226 3713 3282 qua-

2075 3307 2243 3356 tenus
2262 3301 2480 3368 est,sed
2499 3308 2791 3373 quatenus
2809 3301 3142 3373 intelligere
3159 3317 3555 3374 queomempe
3573 3299 3714 3372 quia

2073 3407 2192 3446 non
2217 3407 2354 3446 casu
2378 3407 2444 3446 ac
2475 3391 2718 3446 fortuito
2749 3390 3070 3464 productus
3101 3407 3251 3460 sum,
3277 3408 3387 3447 nec
3409 3408 3442 3447 a
3463 3406 3557 3446 me
3581 3390 3712 3462 ipso

2073 3481 2496 3544 exstitin’erum
2519 3481 2644 3553 ipse
2667 3483 2954 3537 arbitratu
2978 3499 3081 3537 suo
3103 3499 3198 3538 me
3221 3481 3480 3538 afﬁnxit:
3507 3481 3594 3537 sic
3617 3479 3712 3534 ni-

2071 3570 2288 3626 mirum
2307 3577 2477 3626 utme
2495 3588 2694 3626 rerum
2713 3571 2979 3626 omnium
2993 3571 3364 3628 conditarum
3377 3571 3710 3644 principem

2073 3659 2827 3730 constituerit.quibusdam
2842 3665 3038 3716 autem
3055 3660 3394 3715 inferiorem
3411 3658 3712 3723 fecerit,ac

2072 3749 2394 3804 contritum
2427 3749 2601 3803 etiam
2633 3749 2827 3803 divino
2843 3765 2946 3804 suo
2979 3747 3228 3819 imperio
3245 3763 3340 3803 me
3363 3763 3434 3803 ex
3453 3747 3562 3801 hac
3592 3743 3708 3802 vita

2073 3837 2430 3907 educcns,ad
2447 3837 2691 3892 alteram
2713 3837 2892 3893 vitam
2917 3837 3054 3892 finis
3076 3841 3378 3910 expertem
3403 3852 3471 3891 ac
3491 3833 3710 3906 sempi-

2075 3933 2302 3982 ternam
2329 3927 2660 3982 transferat.
2680 3926 2904 3992 Quibus
2927 3927 3203 3982 omnibus
3230 3926 3292 3982 in
3318 3923 3493 3981 rebus
3515 3923 3711 3996 provi-

2074 4015 2288 4071 dentiae
2330 4015 2513 4087 ipsius
2553 4015 2777 4071 viribus
2815 4015 3104 4072 obluctari
3142 4031 3394 4086 nequeo,
3419 4029 3529 4070 nec
3567 4011 3715 4069 mihi

2076 4104 2420 4176 quidquam,
2443 4105 2532 4160 vel
2565 4111 2853 4176 quantum
2886 4105 2958 4161 ad
2989 4111 3296 4172 staturam,
3317 4102 3409 4160 vel
3431 4107 3718 4174 quantum

2074 4195 2146 4249 ad
2169 4193 2372 4248 formae
2405 4195 2653 4264 figuram
2685 4194 2915 4260 attinet,
2939 4194 3198 4266 adjicere
3221 4199 3324 4250 aut
3345 4189 3717 4259 subtrahere,

2075 4299 2182 4337 nec
2205 4299 2272 4337 ea
2295 4299 2423 4352 qum
2447 4281 2506 4336 in
2533 4299 2626 4337 me
2649 4287 2934 4338 vetustate
2953 4282 3223 4339 confecta
3244 4285 3719 4351 sunt,renovare,

2074 4387 2183 4426 nec
2205 4387 2338 4442 quae
2367 4371 2721 4427 labefactata
2752 4377 2811 4426 et
2839 4377 3115 4444 corrupta
3147 4375 3304 4440 sunt,
3328 4373 3389 4427 in
3419 4371 3716 4444 integrum

2075 4461 2591 4532 restituereNeque
2606 4460 2766 4516 enim
2783 4461 3125 4518 mortalium
3137 4461 3297 4516 ullus
3309 4477 3572 4534 unquam
3586 4458 3719 4528 fuit,

323 4556 462 4592 ποτε
515 4537 964 4614 κατεργάσασθαι,
1049 4538 1174 4596 οῦτε
1262 4542 1539 4618 βασιλεὺς,
1606 4541 1728 4599 οὕτε
1781 4545 1964 4622 σοφὸς,

2081 4550 2180 4622 qui
2213 4551 2422 4605 horum
2451 4550 2776 4621 quidquam
2797 4551 3032 4608 efficere
3057 4556 3276 4622 posset,
3297 4567 3418 4608 non
3446 4566 3570 4619 rex,
3595 4565 3715 4604 non

326 4625 456 4683 οὔτε
483 4627 766 4700 πλούσιος,
799 4627 921 4688 οὔτε
970 4630 1254 4707 δυνάστης,
1305 4633 1428 4690 οὔτε
1454 4657 1537 4699 τις
1563 4635 1732 4699 ἄλλος
1760 4636 1966 4712 ἀνθρώ-

323 4739 459 4774 πινα
544 4721 944 4796 μετερχόμενος
1046 4723 1468 4800 ἐπιτηδεῦματα·
1570 4725 1762 4790 Οὐδεὶς
1841 4729 1965 4803 γὰρ,

324 4806 463 4885 φησί
497 4809 628 4881 (42),
665 4807 932 4886 βασιλέων
978 4811 1014 4882 ἤ
1053 4818 1158 4870 τῶν
1220 4813 1272 4869 ἐν
1328 4814 1627 4891 ὑπεροχαῖς
1654 4812 1820 4873 ὅντων
1856 4816 1970 4872 ἐτέ-

321 4913 423 4968 ραν
452 4891 580 4968 ἔσχε
608 4896 868 4970 γενέσεως
908 4898 1109 4976 ἀρχὴν,
1164 4901 1261 4976 μία
1308 4899 1365 4957 δὲ
1413 4905 1623 4960 πάντων
1655 4901 1866 4968 εἷ’σοδος
1895 4905 1969 4969 εἷς

319 4981 415 5035 τὸν
453 4981 599 5058 βίον,
629 4979 811 5054 ἔξοδός
838 5007 896 5042 τε
924 4985 1054 5062 ἴση..

401 5134 514 5274 (36)
543 5135 709 5192 Joan.
741 5153 780 5204 ι,
813 5140 903 5196 18.

423 5207 512 5274 37)
541 5208 692 5264 Psal.
729 5226 882 5274 xvm,

423 5207 512 5276 37)
541 5208 692 5264 Psal.
729 5226 882 5276 mu,
918 5214 966 5265 1.

403 5277 514 5350 (38)
545 5278 726 5350 Epist.
761 5281 835 5338 ad
865 5283 1032 5339 Rom.
1065 5299 1104 5349 ι,
1136 5285 1226 5342 20.

2077 4641 2334 4712 sapiens,
2355 4655 2476 4694 non
2508 4637 2690 4706 dives,
2714 4657 2834 4695 non
2865 4646 3096 4712 potens,
3121 4657 3242 4696 non
3273 4639 3532 4710 denique
3560 4636 3714 4694 alius

2077 4729 2370 4802 quispiam
2393 4729 2652 4784 humana
2671 4728 2867 4784 studia
2897 4735 3263 4785 consectans.
3291 4727 3498 4783 Nullus
3529 4725 3712 4794 enim,

2078 4818 2614 4890 inquitille.regum
2626 4823 2746 4882 ,aut
2762 4835 2965 4873 eorum
2980 4818 3078 4890 qui
3098 4818 3158 4872 in
3179 4815 3539 4873 sublimitate
3553 4819 3716 4885 sunt,

2079 4906 2239 4963 aliud
2261 4907 2469 4962 habuit
2491 4907 2811 4962 nativitatis
2833 4907 3258 4963 initium.Unus
3286 4905 3443 4962 enim
3471 4908 3562 4960 est
3590 4919 3718 4960 om-

2079 4995 2246 5051 nium
2277 4994 2550 5051 introitus
2573 4993 2647 5052 ad
2667 4994 2933 5064 vitam,et
2953 4995 3110 5052 idem
3131 4995 3322 5050 exitus
3343 4993 3497 5066 (Sap.
3530 4994 3648 5068 vn).

543 5347 780 5437 gemma
805 5354 947 5437 ΞΠέΛ
971 5370 986 5410 :
1015 5347 1156 5437 Ὅρα
1185 5352 1244 5409 ἐκ
1271 5351 1430 5410 τίνων
1462 5357 1536 5420 εἰς
1559 5359 1658 5428 τὴν
1686 5355 1782 5414 τοῦ
1812 5364 1944 5416 Θεοῦ
1971 5365 2170 5437 γνῶσιν
2199 5361 2288 5416 καὶ
2323 5357 2724 5437 μεγαλειότητα
2752 5360 3002 5436 ἀνάγεται
3031 5357 3335 5435 ἄνθρωπος.

544 5421 605 5496 ς,
633 5421 772 5496 καθά
802 5419 885 5477 δεῖ
915 5443 982 5496 με
1011 5419 1172 5496 νοεῖν,

397 5421 512 5560 (40)
544 5421 605 5486 C,
633 5421 772 5476 καθά
802 5421 885 5477 δεῖ
915 5443 982 5496 με
1011 5421 1172 5479 νοεῖν.
1615 5421 1625 5428 ’

397 5489 747 5581 iii—blattam
807 5511 880 5564 VI,
942 5499 1048 5554 27:
1099 5494 1193 5557 Τίς
1247 5493 1296 5570 ἐξ
1355 5495 1506 5574 ὑμῶν
1565 5505 1842 5578 μεριμνῶν
1903 5500 1964 5558 δῦ

2074 5523 2121 5558 αι
2178 5507 2490 5581 προσθεῖναι
2537 5499 2625 5556 ἐπὶ
2671 5501 2770 5570 τὴν
2797 5500 3022 5572 ἡλικίαν
3053 5502 3218 5560 αὐτοῦ
3247 5509 3432 5579 πῆχυν
3459 5500 3594 5571 Eva;
3626 5501 3714 5560 Cf.

317 5560 466 5630 Luc.
497 5577 598 5630 xu,
627 5563 716 5618 25.

397 5629 510 5712 (42)
542 5629 672 5710 Sap.
702 5635 918 5696 Salom.
951 5654 1047 5710 vn,
1079 5639 1132 5712 Β,
1163 5638 1216 5698 6.
