3994 6150
341 283 488 343 1017

1526 289 1698 344 νιτΑ
1735 287 2084 344 BARLAAH
2118 290 2212 346 ET
2245 290 2583 347 JOABAPH.

3591 286 3732 346 1018

343 402 492 472 ζωὴν
526 399 768 458 αἰώνιον.
799 399 866 456 τὰ
896 410 999 477 γὰρ
1030 400 1242 476 ὀψώνια
1269 403 1368 470 τῆς
1425 401 1692 478 ἁμαρτίας
1740 403 1981 473 θάνατος,

2106 407 2220 476 Dei,
2252 409 2368 463 vita
2396 414 2636 477 aeterna,
2669 409 2729 464 in
2759 409 2987 464 Christo
3046 410 3182 464 Jesu
3238 408 3485 464 Domino
3527 413 3728 462 nostro

335 490 405 545 τὸ
438 487 495 546 δὲ
525 503 773 566 χαρισμα
800 495 897 545 τοῦ
928 495 1061 546 Θεοῦ
1089 491 1201 560 ζωὴ
1233 489 1476 552 αῗώνιος.

417 580 550 636 Eius
602 577 660 635 δὲ
715 579 742 634 ὁ
803 581 1032 658 Ἰωάσαφ
1090 580 1226 654 πρὸς
1286 579 1464 636 αὐτόν.
1526 579 1776 656 Ἐπείπερ
1834 582 1868 649 ἠ
1927 579 1978 635 ἐν

341 669 504 745 σαρκὶ
533 668 645 738 ζωὴ
679 667 776 724 οὐκ
806 667 860 723 ἐν
895 670 1075 742 μέτρῳ
1134 672 1278 737 ζωῆς
1339 689 1420 722 σοι
1471 666 1809 743 λελόγισται,
1858 665 1983 723 οὐδὲ

345 757 442 813 τὸν
475 759 696 822 θάνατον
737 762 950 826 τοῦτον,
1009 757 1066 811 ὅν
1131 756 1440 835 ὑφίστανται
1499 760 1714 826 πάντες,
1760 755 1979 820 θάνατόν

344 867 433 902 σοι
465 845 776 921 λογίζεσθαι
809 848 946 921 χρή.

413 935 475 991 Ὁ
507 933 564 990 δὶ
594 936 769 1010 γέρων
820 934 1163 1011 ἆπεκρίνατο’
1223 931 1676 1012 Ἀναμιριλὲκτως
1721 934 1808 989 καὶ
1857 934 1981 1003 περὶ

336 1022 551 1078 τούτων
583 1023 765 1086 οὕτως
794 1021 935 1099 ἔχω,
970 1020 1232 1096 μηδόλως
1262 1024 1354 1078 τὸν
1386 1023 1714 1098 πρόσκαιρον
1765 1022 1981 1078 τουτονὶ

339 1113 574 1176 θάνατον
622 1111 863 1188 τρέμων,
926 1114 1065 1185 μήτε
1123 1113 1348 1176 θάνατον
1435 1110 1594 1166 αὐτὸν
1664 1111 1981 1186 τοπαράπαν

337 1200 661 1272 ἀποκαλῶν,
694 1198 747 1255 εἴ
772 1221 836 1276 γε
863 1201 963 1271 τὴν
998 1197 1120 1256 ὁδὸν
1150 1205 1257 1255 τῶν
1291 1199 1525 1256 ἐντολῶν
1558 1204 1654 1256 τοῦ
1698 1205 1831 1256 Θεοῦ
1885 1201 1980 1275 βα-

335 1286 560 1358 δίζοντά
594 1310 660 1362 με
693 1293 803 1362 (66)
851 1285 1160 1364 καταλάϐῃ,
1210 1284 1559 1366 διαϐατήριον
1594 1287 1650 1344 δέ
1683 1287 1894 1362 μᾶλλον
1925 1287 1984 1343 ἐκ

333 1379 570 1433 θανάτου
625 1377 759 1453 πρὸς
824 1379 969 1447 ζωὴν
1029 1378 1128 1446 τὴν
1183 1378 1466 1451 κρείττονα
1541 1376 1630 1432 καὶ
1715 1375 1982 1433 τελειοτέ-

339 1486 439 1542 ραν
471 1471 604 1540 (67),
647 1465 737 1521 καὶ
798 1465 850 1521 ἐν
908 1466 1127 1539 Χριστῷ
1182 1467 1562 1540 κρυπτομένην
1621 1467 1754 1538 (68),
1810 1467 1982 1540 ἧσπερ

340 1559 646 1619 ποθοῦντες
675 1560 886 1630 τυχεῖν,
920 1555 971 1608 οἱ
1003 1553 1146 1630 ’ὰγιοι
1176 1555 1314 1608 πάνυ
1343 1551 1410 1627 τῇ
1463 1552 1710 1628 παρούσῃ
1761 1549 1982 1627 ἐδυσχὲ-

342 1665 557 1719 ραινον.
593 1642 685 1698 Διό
740 1642 960 1721 φησινὸ
993 1639 1353 1704 Ἀπόστολος’
1417 1639 1655 1715 Οἴδαμεν
1713 1646 1818 1713 (69)
1876 1642 1984 1712 ὅτι,

341 1733 433 1828 ἐάν
468 1734 502 1828 η
535 1730 773 1828 ἐπιῖγειρς
826 1734 986 1802 ἡμῶν
1015 1729 1190 1828 ..οἰκία
1243 1735 1340 1828 τοῦ
1373 1731 1629 1828 ’σκήνους
1685 1729 1984 1828 κατα-λυθῇ,
2018 1763 2062 1828 Β

344 1818 652 1893 οἰκοδομὴν
710 1819 770 1874 ἐκ
821 1823 956 1874 Θεοῦ
1014 1817 1211 1896 ἔχομεν
1273 1817 1446 1874 οῗκίαν
1531 1818 1985 1895 ἀχειροποίητον,

341 1908 586 1978 αἰώνιον,
619 1906 818 1969 ἐντοῖς
855 1906 1134 1982 οὐρανοῖςο
1167 1907 1258 1961 καὶ
1312 1907 1412 1982 γὰρ
1469 1905 1519 1960 ἐν
1576 1905 1754 1978 τούτῳ
1810 1906 1988 1961 στενά-

344 2002 532 2069 ζομεν,
563 1997 626 2051 τὸ
655 1994 982 2068 οἰκητήριον
1013 1997 1174 2068 ἡμῶν
1205 1996 1268 2049 τὸ
1326 1994 1375 2066 ἐξ
1426 1993 1656 2070 ούρανοῦ
1703 1991 1988 2050 ἐπενδύσα-

345 2097 465 2151 σθαι
497 2084 905 2155 ἐπιποθοῦντες,
939 2081 986 2138 ε’ί
1016 2105 1078 2159 γε
1134 2085 1223 2138 καὶ
1273 2080 1642 2156 ἐνδυσάμενοι,
1677 2083 1740 2138 οὐ
1791 2083 1990 2160 γυμνοὶ

350 2173 775 2250 εὑρεθησόμεθα⁶
813 2176 965 2232 168
993 2175 1080 2227 καὶ
1127 2173 1229 2248 γὰρ
1280 2173 1332 2227 οἳ
1378 2167 1526 2234 ὄντες
1575 2169 1626 2226 ἐν
1671 2176 1749 2244 τῷ
1805 2173 1989 2242 σκήνει

349 2263 674 2336 στενάζομεν
713 2261 1084 2337 βαρούμενοι,
1114 2261 1196 2337 ἐφ’
1225 2261 1270 2332 ᾧ
1302 2260 1362 2314 ού
1395 2259 1621 2333 θέλομεν
1654 2257 1990 2333 ἐκδύσασθαι,

358 2351 488 2408 ἀλλ’
518 2348 926 2420 ἐπενδύσασθαι,
954 2350 1046 2404 ἳνα
1079 2353 1361 2422 καταποθῇ
1408 2347 1470 2402 τὸ
1504 2349 1698 2419 θνητὸν
1747 2349 1848 2403 ὑπὸ
1890 2355 1992 2417 τῆς

354 2447 523 2511 ζωῆς.
561 2440 656 2495 Καὶ
687 2437 875 2494 πάλιν
926 2435 1286 2510 Ταλαίπωρος
1345 2442 1452 2510 (70)
1510 2434 1615 2511 ἐγὼ
1673 2434 1988 2508 ἄνθρωποςί

352 2528 435 2592 τίς
471 2549 536 2602 με
567 2528 781 2605 ῥύσεται
808 2527 867 2582 ἐκ
893 2531 990 2582 τοῦ
1016 2529 1272 2600 σώματος
1325 2523 1420 2580 τοῦ
1477 2525 1703 2580 Θανάτου
1758 2523 1990 2596 τούτους

360 2618 465 2675 Καὶ
495 2615 975 2689 αὖθις.Ἐπιθυμῶ
1005 2620 1113 2686 (71)
1167 2612 1425 2684 ἀναλῦσαι
1483 2611 1573 2668 καὶ
1633 2612 1725 2667 σὺν
1777 2611 1994 2687 Χριστῷ

355 2707 516 2762 εἶναι.
548 2707 608 2762 '0
659 2701 715 2760 δὶ
771 2706 1092 2781 Προφήτης,
1145 2702 1282 2758 Πότε
1338 2706 1445 2774 ('72)
1497 2701 1633 2774 ἥξω,
1693 2701 1849 2775 φησὶ,
1905 2701 1993 2756 καὶ

362 2793 674 2871 ὀφθήσομαι
703 2795 780 2866 τῷ
810 2793 1088 2868 προσώπῳ
1117 2795 1212 2846 τοῦ
1244 2794 1416 2861 Θεοῦς
1449 2792 1570 2848 ’Ότι
1630 2787 1687 2844 δὲ
1731 2790 1818 2845 καὶ
1869 2787 1995 2863 ἐμοὶ

361 2884 442 2956 τῷ
470 2882 679 2938 πάντων
713 2881 1116 2958 ἐλαχιστοτέρῳ
1176 2878 1421 2943 οὐδόλως
1467 2881 1559 2936 τὸν
1609 2878 1860 2950 αἴσθητὸν
1909 2875 1998 2940 θά-

357 2992 518 3027 νατον
542 2969 838 3027 δεδοικέναι
873 2969 1040 3039 δοκεῖ,
1097 2966 1264 3040 ἔξεστί
1320 2990 1402 3024 σοι
1461 2971 1658 3043 γνῶναι
1713 2972 1812 3040 τῷ,
1871 2966 1996 3041 παρ’

359 3057 515 3115 ούδὶν
549 3059 771 3132 θὲμενόν
804 3081 869 3132 με
895 3061 994 3128 τήν
1019 3062 1116 3113 τοῦ
1165 3062 1259 3112 σοῦ
1317 3057 1517 3130 πατρὸς
1569 3054 1800 3125 ἀπειλὴν
1861 3058 1995 3128 (73),

359 3147 556 3218 ἀδεῶς,
589 3149 979 3225 παραγενέσθαι
1038 3147 1172 3220 πρὸς
1221 3146 1278 3200 σε
1332 3144 1540 3200 καὶτὸν
1594 3143 1860 3218 σωτήριόν
1912 3163 1998 3198 σοι

364 3239 720 3314 κατάγγεῖλαι
751 3237 935 3312 λόγον,
968 3230 1204 3308 ἀκριϐῶς
1262 3254 1361 3309 περ
1419 3230 1599 3288 εἰδότα
1649 3233 1742 3301 ὡς,
1793 3231 1836 3286 εί
1887 3229 2003 3286 ἔλθι

370 3326 516 3398 αύτῷ
573 3327 650 3390 εἷς
704 3329 900 3402 γνῶσιν
950 3327 1138 3393 ταῦτα,
1203 3323 1422 3398 μυρίοις
1484 3341 1573 3395 με,
1657 3320 1702 3376 εἰ
1760 3318 2004 3388 δυνατὸν,

368 3409 747 3471 καθυποϐαλεῖ
785 3412 1053 3477 θανάτοις.
1112 3411 1267 3468 Ἀλλ’
1325 3407 1510 3487 ἔγωγε,
1568 3410 1658 3465 τὸν
1715 3414 1814 3465 τοῦ
1871 3413 2005 3464 Θεοῦ

369 3501 535 3579 λόγον
568 3503 782 3559 πάντων
837 3501 1146 3578 προκρίνων
1206 3498 1295 3554 καὶ
1355 3497 1518 3554 αὐτοῦ
1574 3500 1757 3554 ποθῶν
1817 3497 2004 3553 ἐπιτυ-

370 3597 520 3668 χεῖν,
552 3591 677 3648 οὔτε
725 3594 996 3664 πτοοῦμαι
1051 3589 1142 3644 τὸν
1197 3588 1525 3664 πρόσκαιρον
1579 3589 1827 3659 θάνατον,
1883 3584 2005 3642 οὔτε

361 3689 468 3752 τῆς
517 3681 774 3750 τοιαύτης
823 3679 984 3734 αὐτὸν
1040 3676 1412 3752 προσηγορίας
1467 3674 1609 3747 ἄξιον
1669 3675 1813 3737 ὅλως
1873 3674 2005 3730 ἀπο-

362 3770 542 3840 καλῶ,
574 3773 644 3842 τῇ
675 3771 977 3841 Δεσποτικῇ
1008 3766 1330 3838 πειθόμενος
1365 3763 1580 3838 ἐντολῇ,
1637 3767 1704 3838 τῇ
1752 3764 2002 3838 λεγουσῃ.

365 3860 456 3928 Μὴ
489 3855 892 3937 φοϐεῖσθειςῑιίι)
922 3856 1027 3910 ἀπὸ
1082 3857 1189 3910 τῶν
1250 3852 1646 3909 ἀποκτενόντων
1703 3851 1766 3908 τὸ
1812 3856 2004 3937 σῶμα,

360 3949 462 4016 τήν
499 3934 555 4002 δὶ
593 3948 776 4021 ψυχήν
838 3946 912 4018 μὴ
971 3941 1281 4016 δυναμένων
1333 3941 1666 3997 ἀποκτεῖναν
1725 3934 2006 4018 φοϐήθητε

367 4033 426 4090 δὶ
459 4033 673 4108 μᾶλλον
699 4035 792 4090 τὸν
825 4031 1127 4106 δυνάμενον
1161 4029 1250 4087 καί
1299 4032 1485 4105 ψυχὴν
1533 4029 1623 4084 καὶ
1673 4033 1830 4102 σῶμα
1877 4030 2006 4084 ἀπο·

369 4123 524 4180 λέσαι
554 4123 607 4179 ἐν
639 4124 824 4200 γεὲννῃ
836 4165 850 4178 .

440 4217 615 4270 Ταῦτα
648 4212 744 4286 μὶν
794 4212 912 4280 οῦν,
966 4209 1128 4287 φησὶν
1183 4208 1212 4263 ὁ
1271 4208 1522 4284 ἰωάσαφ,
1578 4214 1678 4277 τῆς
1736 4206 2004 4278 ἀληθινῆς

371 4305 529 4376 ὑμῶν
586 4299 910 4379 φιλοσοφίας
961 4298 1030 4353 τὰ
1105 4297 1526 4372 κατορθώματα,
1606 4291 2007 4370 ὑπεραναϐεϐη-

363 4390 498 4446 κότα
527 4389 646 4446 λίαν
678 4389 776 4458 τὴν
807 4394 912 4442 των
940 4384 1145 4462 γηίνων
1175 4386 1329 4464 φύσιν
1385 4390 1492 4440 τῶν
1544 4381 2004 4447 δυσαποσπάστως

2093 496 2269 565 (Rom.
2300 497 2398 568 Vl).

2161 585 2316 640 Dixit
2344 592 2541 642 autem
2574 586 2648 642 ad
2697 603 2830 642 eum
2880 587 3195 659 Josaphat:
3242 583 3728 653 Quandoquidem

2089 674 2265 728 vitam
2299 691 2428 746 quae
2461 675 2521 729 in
2553 692 2727 731 carne
2762 675 3016 739 ducitur,
3077 676 3252 730 vitam
3303 691 3430 729 esse
3478 671 3722 728 minime

2091 779 2317 830 censes,
2350 781 2456 835 par
2485 770 2573 819 est
2603 765 2780 837 igitur
2808 771 2873 820 ut
2902 781 2974 820 ne
3004 771 3256 819 mortem
3289 762 3528 834 quidem
3569 761 3723 815 hanc

2091 867 2268 920 quam
2299 867 2503 906 omnes
2533 852 2788 906 subeunt
2815 857 3064 906 mortem
3096 867 3224 907 esse
3255 865 3519 905 censeas.

2161 939 2485 1010 Respondit
2515 957 2692 996 senex
2723 959 2735 996 :
2769 941 2902 995 Sine
2934 940 3056 995 ulla
3086 939 3450 995 dubitatione
3504 937 3574 991 de
3627 935 3720 990 his

2091 1028 2438 1098 quoque.ita
2467 1045 2699 1098 censeo,
2733 1029 2952 1100 quippe
2985 1029 3084 1099 qui
3123 1027 3539 1100 temporariam
3570 1025 3721 1080 hanc

2091 1121 2330 1170 mortem
2350 1116 2592 1172 minime
2605 1117 3164 1188 pertimescam,imo
3182 1134 3290 1172 nec
3304 1116 3546 1171 omnino
3561 1129 3721 1168 mor-

2093 1209 2210 1259 tem
2243 1220 2371 1259 eam
2411 1204 2724 1276 appellem,
2758 1205 2805 1260 si
2838 1205 3074 1277 quidem
3108 1222 3198 1260 me
3227 1221 3332 1276 per
3389 1202 3720 1257 divinorum

2093 1299 2521 1365 praeceptorum
2541 1293 2691 1348 viam
2719 1294 3090 1349 incedentem
3115 1290 3601 1366 arripuerit,quin
3622 1305 3721 1360 po-

2093 1383 2208 1437 tius
2240 1383 2552 1437 transitum
2585 1400 2619 1438 a
2635 1389 2821 1438 morte
2843 1383 2914 1438 ad
2936 1383 3406 1454 prmstantiorem
3426 1385 3482 1434 et
3498 1379 3722 1450 perfec-

2093 1471 2304 1525 tiorem
2337 1471 2511 1526 vitam
2545 1478 2720 1542 atque
2742 1470 2802 1525 in
2825 1471 3051 1526 Christo
3075 1469 3479 1526 absconditam
3498 1465 3719 1536 (Coloss.

2091 1559 2383 1630 1n).Cujus
2415 1560 2653 1631 quidem
2676 1560 3108 1632 consequendae
3130 1558 3450 1630 cupiditate
3471 1556 3724 1627 ﬂagran-

2095 1654 2180 1703 tes
2213 1650 2418 1720 optimi
2447 1649 2575 1716 viri,
2607 1656 2962 1721 prmsentem
2985 1651 3136 1705 hanc
3167 1649 3341 1704 vitam
3372 1644 3725 1718 permoleste

2094 1737 2380 1795 ferebant.
2416 1738 2576 1792 Unde
2610 1739 2787 1792 etiam
2814 1738 2896 1792 ait
2927 1737 3275 1809 Apostolus:
3309 1735 3534 1789 Scimus
3565 1732 3726 1787 enim

2095 1825 2376 1898 quoniam
2409 1827 2456 1879 si
2491 1827 2786 1882 terrestris
2816 1825 3027 1880 domus
3058 1831 3260 1880 nostra
3288 1823 3466 1894 hujus
3497 1820 3726 1876 habita-

2096 1915 2274 1969 tionis
2305 1914 2664 1982 dissolvitur,
2697 1913 3151 1970 aedificationem
3181 1929 3249 1967 ex
3274 1913 3390 1966 Deo
3415 1909 3724 1974 habemus,

2095 2001 2339 2058 domum
2370 2020 2488 2058 non
2520 2004 2936 2068 manufactam,
2967 2007 3247 2056 aatornam
3280 2000 3338 2054 in
3370 1999 3552 2054 oculis.
3585 1997 3729 2051 Nam

2096 2097 2154 2146 et
2174 2091 2235 2146 in
2255 2091 2363 2146 hoc
2385 2090 3280 2164 ingemiscimus,habitationem
3303 2093 3725 2153 nostram,quaa

2096 2180 2169 2235 de
2199 2179 2343 2234 cmlo
2375 2185 2481 2245 est,
2517 2178 2863 2251 superindui
2896 2179 3222 2249 cupientes,
3244 2177 3291 2231 si
3305 2182 3504 2230 tamen
3530 2169 3724 2225 vestiti

2098 2274 2289 2322 etnon
2305 2266 2447 2322 nudi
2466 2268 2836 2322 inveniamur
2853 2267 2922 2337 (ΙΙ
2945 2267 3049 2320 Cor
3077 2267 3300 2336 v).Nam
3323 2269 3382 2318 et
3401 2263 3500 2332 qui
3523 2274 3727 2314 sumus

2099 2357 2160 2410 in
2195 2355 2305 2410 hoc
2334 2355 2738 2421 tabernaculo,
2762 2353 3206 2426 ingemiscimus
3229 2351 3544 2424 gravati,eo
3573 2345 3730 2418 quod

2098 2444 2374 2499 nolumus
2406 2444 2834 2514 exspoliariari,
2877 2443 2978 2497 sed
3002 2459 3178 2513 super
3205 2440 3498 2506 vestiri,ut
3522 2437 3730 2492 absor-

2099 2533 2306 2587 beatur
2323 2531 2478 2602 quod
2497 2531 2746 2586 mortale
2771 2536 2859 2586 est
2877 2547 2911 2585 a
2939 2530 3074 2584 vita.
3096 2533 3175 2583 Ac
3196 2544 3431 2582 rursum
3456 2543 3468 2580 :
3497 2523 3730 2590 Infelix,

2099 2620 2312 2692 inquit,
2335 2636 2439 2691 ego
2467 2620 2801 2691 homo,quis
2824 2635 2917 2674 me
2937 2618 3215 2673 liberabit
3233 2617 3302 2671 de
3325 2631 3569 2685 corpore
3582 2629 3735 2666 mor-

2100 2709 2175 2763 tis
2196 2708 2375 2779 hujus
2401 2711 2577 2778 (Rom.
2608 2707 2739 2777 vn)?
2759 2709 2826 2761 Et
2856 2706 2971 2762 alio
2993 2707 3151 2760 loco:
3175 2703 3358 2774 Cupio
3382 2699 3642 2766 dissolvi,
3676 2704 3734 2753 et

2101 2813 2230 2852 esse
2251 2813 2383 2850 cum
2398 2797 2626 2850 Christo
2646 2796 3014 2867 (Philipi),Et
3035 2794 3321 2866 propheta
3337 2788 3735 2853 Jas'iszuan—

2100 2885 2174 2940 do
2196 2886 2448 2951 veniam,
2473 2891 2528 2939 et
2546 2885 2839 2957 apparebo
2867 2889 3001 2939 ante
3025 2881 3234 2937 faciem
3261 2881 3360 2935 Dei
3380 2877 3543 2950 (Psal.
3575 2879 3688 2947 XLI)
3710 2875 3738 2931 ‘2

2102 2975 2264 3040 Quod
2295 2982 2491 3031 autem
2517 2992 2620 3047 ego
2662 2991 2895 3046 quoque
2921 2973 3187 3030 omnium
3220 2971 3490 3024 infirmus
3520 2981 3734 3037 corpo-

2107 3081 2270 3118 ream
2295 3069 2543 3120 mortem
2566 3062 2732 3118 nullo
2764 3063 2938 3118 modo
2963 3062 3364 3117 extimescam.
3397 3058 3534 3111 hinc
3565 3055 3736 3110 facile

2110 3152 2214 3207 tibi
2238 3153 2568 3224 intelligere
2590 3150 2912 3222 licet,quod
2933 3150 3115 3222 patris
3133 3148 3215 3203 tui
3239 3147 3418 3202 minis
3435 3151 3736 3213 contemp-

2110 3241 2184 3296 tis
2207 3258 2272 3296 ac
2288 3259 2392 3312 pro
2420 3240 2607 3296 nihilo
2628 3237 3166 3311 habitis,intrepide
3189 3236 3261 3292 ad
3292 3241 3346 3290 te
3363 3232 3732 3297 accesserim,

2109 3335 2174 3384 ut
2203 3329 2565 3384 salutiferam
2595 3329 2924 3385 doctrinam
2956 3327 3060 3382 tibi
3090 3340 3479 3398 exponerem;
3505 3319 3737 3376 tametsi

2110 3417 2330 3488 alioqui
2356 3418 2890 3490 compertissimum
2923 3415 3201 3471 haberem
3232 3415 3355 3468 fore
3405 3416 3469 3466 ut
3516 3411 3564 3465 si
3613 3409 3737 3463 haec

2113 3507 2480 3578 rescisceret,
2505 3507 2796 3562 sexcentis
2827 3523 2942 3573 me,
2978 3505 3024 3561 si
3044 3504 3169 3560 fieri
3197 3507 3416 3576 posset,
3450 3497 3737 3556 mortibus

2111 3594 2393 3650 afﬁceret.
2415 3597 2624 3650 Verum
2647 3612 2750 3668 ego
2779 3593 2879 3650 Dei
2908 3609 3240 3649 sermonem
3267 3589 3541 3646 omnibus
3566 3586 3741 3641 rebus

2111 3684 2753 3754 anteponens,ipsoque
2775 3682 2888 3736 frui
2910 3683 3174 3753 cupiens,
3191 3697 3299 3736 nec
3322 3675 3739 3747 temporariam

2112 3771 2265 3827 hanc
2292 3778 2540 3826 mortem
2572 3772 3088 3843 perborresco,nec
3114 3786 3240 3824 eam
3269 3763 3610 3836 hujusmodi
3633 3778 3739 3814 uo-

2112 3859 2271 3914 mine
2301 3859 2716 3932 appellandam
2746 3860 2916 3927 duco,
2949 3856 3180 3914 Domini
3215 3855 3438 3911 scilicet
3462 3849 3739 3907 mandato

2112 3947 2526 4019 obtemperans
2553 3949 2803 4004 dicentis
2830 3965 2844 4004 :
2878 3948 3064 4004 Nolite
3094 3948 3299 4001 timere
3333 3959 3432 3998 eos
3463 3939 3561 4012 qui
3584 3935 3740 3993 occi-

2111 4036 2262 4091 dunt
2289 4053 2524 4108 corpus,
2556 4037 2825 4093 animum
2872 4043 3070 4093 autem
3120 4051 3238 4090 non
3285 4034 3535 4104 possunt
3584 4027 3742 4082 occi-

2112 4123 2286 4190 dere;
2327 4125 2430 4180 sed
2459 4125 2654 4197 potius
2684 4126 2886 4181 timete
2918 4141 3052 4180 eum
3084 4122 3183 4193 qui
3240 4124 3434 4192 potest
3480 4116 3740 4172 animam

2113 4217 2171 4268 et
2196 4229 2407 4284 corpus
2433 4213 2679 4284 perdere
2711 4213 2770 4268 in
2801 4214 3134 4285 gehennam
3165 4209 3380 4282 (Matth.
3405 4207 3482 4278 x).

2184 4303 2334 4368 Haec,
2370 4303 2563 4372 inquit
2588 4303 2891 4374 Josaphat,
2923 4319 3070 4357 verte
3101 4307 3308 4356 vestra)
3353 4293 3740 4370 philosophiae

2113 4391 2395 4460 prmclara
2413 4391 3074 4459 facinora,terrenorum
3097 4389 3405 4446 hominum
3428 4387 3527 4458 qui
3550 4402 3584 4439 a
3600 4400 3745 4454 prm-

363 4487 468 4550 τῆς
516 4477 800 4549 παρούσης
856 4474 1094 4550 ἐχόντων
1156 4479 1323 4542 ζωῆς·
1380 4473 1469 4528 καὶ
1529 4473 1786 4547 μακάριοι
1846 4474 1992 4546 ὑμεῖς

2112 4481 2262 4534 senti
2278 4481 2386 4536 hac
2401 4480 2515 4535 vita
2532 4481 2624 4535 vix
2644 4481 2815 4536 avelli
2838 4485 3382 4552 possunt,naturam
3406 4476 3576 4546 longe
3593 4470 3744 4526 mul-

372 4570 530 4626 154
553 4565 809 4634 τοιαύτης
866 4561 1123 4637 ἐχόμενοι
1183 4559 1566 4636 ἀνδρειοτάτης
1617 4561 1864 4637 γνώμης,
1896 4563 1995 4626 Τίς

366 4655 427 4711 δὶ
464 4676 559 4710 σου
614 4653 707 4708 καὶ
761 4655 868 4706 τῶν
924 4649 1015 4704 σὺν
1074 4649 1158 4704 σοὶ
1218 4649 1269 4703 ἐν
1324 4652 1393 4722 τῇ
1448 4648 1672 4724 τοιαύτῃ
1731 4650 1925 4724 ἐρήμῳ
1961 4653 1997 4721 ἡ

367 4743 658 4820 διατροφὴ,
689 4740 849 4805 πόθεν
877 4736 934 4794 δὲ
978 4740 1044 4793 τα
1095 4733 1366 4810 ἐνδύματα
1423 4737 1508 4792 καὶ
1566 4739 1804 4811 ποταπᾶ,
1859 4739 2002 4815 γνώ-

367 4832 515 4908 ρισόν
553 4852 646 4905 μοι
677 4825 1019 4905 φιλαλήθως.

438 5012 545 5082 (66)
575 5007 730 5082 Βοιαὶ,
764 5023 954 5082 οχνιιι,
988 5008 1090 5060 32:
1122 5002 1560 5082 :086v_évtok&iv
1593 5024 1688 5060 σου
1718 5003 1974 5080 ἔδραμον.

438 5078 549 5153 (67)
579 5079 860 5153 gf._Greg.
894 5079 1023 5153 N_a§.
1053 5083 1098 5153 _t.
1125 5078 1169 5140 Ι,
1200 5096 1259 5150 p.
1292 5080 1414 5153 315.

2113 4574 2354 4640 tumque
2371 4576 2654 4641 superant
2680 4573 2760 4625 Ac
2781 4587 2878 4626 vos
2898 4569 3053 4625 beati
3063 4569 3183 4640 ,vqui
3201 4567 3312 4624 hac
3335 4561 3744 4621 strenuissima

2109 4663 2306 4713 mente
2323 4658 2552 4729 praediti
2570 4659 2730 4714 estis.
2747 4660 2996 4724 Quinam
3010 4675 3184 4730 porro
3201 4657 3304 4711 tibi
3333 4671 3400 4710 ac
3423 4652 3598 4707 sociis
3623 4649 3738 4703 tuis

2111 4746 2170 4801 in
2184 4747 2525 4818 hujusmodi
2540 4748 2859 4804 solitudine
2872 4749 3058 4803 victus
3071 4747 3348 4816 sit,atque
3362 4743 3502 4797 item
3516 4737 3672 4794 unde
3686 4741 3744 4790 et

2111 4835 2441 4905 cujusmodi
2464 4837 2626 4892 vobis
2647 4843 2836 4893 vestes
2849 4841 3320 4909 suppetant,vere
3336 4829 3480 4887 mihi
3494 4843 3740 4899 expone.

582 5147 842 5231 Epistola
871 5147 944 5231 ad
969 5147 1364 5231 Dolosa—1153
1397 5165 1409 5206 :
1443 5147 1761 5210 Ἀπεθάνετε
1788 5147 1914 5222 γὰρ,
1946 5168 1992 5202 xc

2134 5151 2246 5220 ζωῆ
2281 5150 2430 5225 ὑμῶν
2489 5153 2781 5231 κέκρυπται
2837 5153 2928 5207 σὺν
2983 5157 3062 5224 τῷ
3121 5153 3342 5225 Χριστῷ
3387 5150 3438 5206 ἐν
3467 5153 3548 5225 τῷ
3600 5154 3733 5223 Θεῷ.

465 5218 554 5290 69)
583 5218 646 5275 Il“
660 5218 950 5292 Epist.gad
979 5220 1109 5276 Cor.
1142 5235 1193 5286 v,
1229 5221 1346 5275 1-4.

462 5289 548 5354 70)
579 5289 761 5363 Epist.
794 5289 869 5363 ad
898 5294 1065 5363 Rom.
1098 5306 1191 5354 vn,
1222 5292 1310 5346 24.

437 5355 552 5505 (71)
580 5355 761 5434 Epist.
795 5361 868 5418 ad
898 5361 1153 5434 Philipp.
1179 5378 1214 5432 1,
1248 5364 1315 5430 2g
1341 5378 1354 5418 :
1384 5361 1494 5430 Τήν
1526 5357 1813 5434 ἐπιθυμίαν
1846 5355 1991 5435 ἔχων

441 5437 534 5502 (72
577 5432 736 5505 Psal.
766 5447 878 5500 xm,
921 5435 974 5487 2.
1119 5504 1124 5505 γ

2129 5363 2191 5417 τὸ
2220 5363 2549 5425 ἀναλῦσαι...

441 5432 552 5502 (72)
577 5432 736 5489 Ρέειι.
766 5447 878 5500 xm,
921 5435 974 5487 2.

465 5502 557 5576 73)
586 5502 751 5561 Conf.
783 5518 957 5576 pagg.
981 5506 1071 5573 20,
1104 5504 1194 5573 21,
1225 5505 1317 5564 28.

465 5506 532 5560 73
586 5505 751 5561 Conf.
783 5518 950 5576 pagg.
981 5507 992 5557 1

441 5505 557 5656 (74)
583 5575 784 5634 Matth.
815 5590 874 5647 ι,
903 5575 992 5630 88.
