  <div class='ocr_page' id='page_1' title='image "/cluster/home/n/w/nwhite01/storage/ocr_20150623/96/mdp.39015008972211/526.png"; bbox 0 0 3994 6150; ppageno 0'>
   <div class='ocr_carea' id='block_1_1' title="bbox 289 319 425 379">
    <p class='ocr_par' dir='ltr' id='par_1_1' title="bbox 289 319 425 379">
     <span class='ocr_line' id='line_1_1' title="bbox 289 319 425 379; baseline -0.022 0"><span class='ocrx_word' id='word_1_1' title='bbox 289 319 425 379; x_wconf 76' lang='grc'><strong>1021</strong></span> 
     </span>
    </p>
   </div>
   <div class='ocr_carea' id='block_1_2' title="bbox 1463 324 2518 382">
    <p class='ocr_par' dir='ltr' id='par_1_2' title="bbox 1463 324 2518 382">
     <span class='ocr_line' id='line_1_2' title="bbox 1463 324 2518 382; baseline -0.002 -2"><span class='ocrx_word' id='word_1_2' title='bbox 1463 328 1635 382; x_wconf 77' lang='grc' dir='ltr'><strong>νΙΤΔ</strong></span> <span class='ocrx_word' id='word_1_3' title='bbox 1668 325 2018 381; x_wconf 62' lang='grc' dir='ltr'><strong>ΒΑΒΒΔΔΜ</strong></span> <span class='ocrx_word' id='word_1_4' title='bbox 2052 325 2146 380; x_wconf 76' lang='grc' dir='ltr'><strong>ΒΤ</strong></span> <span class='ocrx_word' id='word_1_5' title='bbox 2179 324 2518 378; x_wconf 71' lang='lat' dir='ltr'><strong>JOASAPH.</strong></span> 
     </span>
    </p>
   </div>
   <div class='ocr_carea' id='block_1_3' title="bbox 3533 330 3675 387">
    <p class='ocr_par' dir='ltr' id='par_1_3' title="bbox 3533 330 3675 387">
     <span class='ocr_line' id='line_1_3' title="bbox 3533 330 3675 387; baseline -0.014 0"><span class='ocrx_word' id='word_1_6' title='bbox 3533 330 3675 387; x_wconf 70' lang='lat'><strong>4022</strong></span> 
     </span>
    </p>
   </div>
   <div class='ocr_carea' id='block_1_4' title="bbox 287 442 1921 522">
    <p class='ocr_par' dir='ltr' id='par_1_4' title="bbox 287 442 1921 522">
     <span class='ocr_line' id='line_1_4' title="bbox 287 442 1921 522; baseline 0.001 -23"><span class='ocrx_word' id='word_1_7' title='bbox 287 442 512 514; x_wconf 74' lang='grc' dir='ltr'><strong>αλήθως</strong></span> <span class='ocrx_word' id='word_1_8' title='bbox 545 444 642 513; x_wconf 76' lang='grc' dir='ltr'><strong>τήν</strong></span> <span class='ocrx_word' id='word_1_9' title='bbox 673 449 780 499; x_wconf 79' lang='grc' dir='ltr'><strong>τῶν</strong></span> <span class='ocrx_word' id='word_1_10' title='bbox 808 442 1091 522; x_wconf 75' lang='grc' dir='ltr'><strong>παρόντων</strong></span> <span class='ocrx_word' id='word_1_11' title='bbox 1128 447 1463 519; x_wconf 81' lang='grc' dir='ltr'><strong>ματαιότητα</strong></span> <span class='ocrx_word' id='word_1_12' title='bbox 1508 449 1596 503; x_wconf 75' lang='grc' dir='ltr'><strong>καὶ</strong></span> <span class='ocrx_word' id='word_1_13' title='bbox 1649 445 1777 502; x_wconf 63' lang='grc' dir='ltr'><strong>οἵων</strong></span> <span class='ocrx_word' id='word_1_14' title='bbox 1826 467 1921 502; x_wconf 90' lang='grc' dir='ltr'><strong>κα-</strong></span> 
     </span>
    </p>
   </div>
   <div class='ocr_carea' id='block_1_5' title="bbox 2034 442 3672 522">
    <p class='ocr_par' dir='ltr' id='par_1_5' title="bbox 2039 447 3672 519">
     <span class='ocr_line' id='line_1_5' title="bbox 2039 447 3672 519; baseline 0.006 -17"><span class='ocrx_word' id='word_1_15' title='bbox 2039 447 2354 503; x_wconf 83' lang='lat' dir='ltr'><strong>vanitatem</strong></span> <span class='ocrx_word' id='word_1_16' title='bbox 2376 447 2792 514; x_wconf 79' lang='lat' dir='ltr'><strong>demonstravi,</strong></span> <span class='ocrx_word' id='word_1_17' title='bbox 2812 447 3167 519; x_wconf 79' lang='lat' dir='ltr'><strong>quantisque</strong></span> <span class='ocrx_word' id='word_1_18' title='bbox 3188 451 3362 507; x_wconf 85' lang='lat' dir='ltr'><strong>malis</strong></span> <span class='ocrx_word' id='word_1_19' title='bbox 3382 452 3477 508; x_wconf 91' lang='lat' dir='ltr'><strong>hic</strong></span> <span class='ocrx_word' id='word_1_20' title='bbox 3500 472 3672 512; x_wconf 86' lang='lat' dir='ltr'><strong>mun-</strong></span> 
     </span>
    </p>
   </div>
   <div class='ocr_carea' id='block_1_6' title="bbox 285 532 1930 609">
    <p class='ocr_par' dir='ltr' id='par_1_6' title="bbox 285 532 1930 609">
     <span class='ocr_line' id='line_1_6' title="bbox 285 532 1930 609; baseline 0.001 -21"><span class='ocrx_word' id='word_1_21' title='bbox 285 536 396 588; x_wconf 82' lang='grc' dir='ltr'><strong>κῶν</strong></span> <span class='ocrx_word' id='word_1_22' title='bbox 431 532 459 586; x_wconf 80' lang='grc' dir='ltr'>ὁ</span> <span class='ocrx_word' id='word_1_23' title='bbox 507 533 714 606; x_wconf 80' lang='grc' dir='ltr'><strong>κόσμος</strong></span> <span class='ocrx_word' id='word_1_24' title='bbox 766 533 942 608; x_wconf 89' lang='grc' dir='ltr'><strong>γέμει,</strong></span> <span class='ocrx_word' id='word_1_25' title='bbox 998 532 1261 609; x_wconf 77' lang='grc' dir='ltr'>χαλεπῶς</span> <span class='ocrx_word' id='word_1_26' title='bbox 1320 537 1537 591; x_wconf 86' lang='grc' dir='ltr'><strong>ἀπατῶν</strong></span> <span class='ocrx_word' id='word_1_27' title='bbox 1594 535 1721 599; x_wconf 75' lang='grc' dir='ltr'><strong>τοὺς</strong></span> <span class='ocrx_word' id='word_1_28' title='bbox 1783 536 1930 608; x_wconf 78' lang='grc' dir='ltr'><strong>αὖτῷ</strong></span> 
     </span>
    </p>
   </div>
   <div class='ocr_carea' id='block_1_7' title="bbox 285 619 1929 698">
    <p class='ocr_par' dir='ltr' id='par_1_7' title="bbox 285 619 1929 698">
     <span class='ocr_line' id='line_1_7' title="bbox 285 619 1929 698; baseline 0.001 -23"><span class='ocrx_word' id='word_1_29' title='bbox 285 619 648 692; x_wconf 67' lang='grc' dir='ltr'><strong>πειθομένους</strong></span> <span class='ocrx_word' id='word_1_30' title='bbox 678 620 768 675; x_wconf 85' lang='grc' dir='ltr'><strong>καὶ</strong></span> <span class='ocrx_word' id='word_1_31' title='bbox 799 621 1166 697; x_wconf 82' lang='grc' dir='ltr'><strong>πολυτρόπως</strong></span> <span class='ocrx_word' id='word_1_32' title='bbox 1211 623 1406 686; x_wconf 74' lang='grc' dir='ltr'><strong>αὐτοὺς</strong></span> <span class='ocrx_word' id='word_1_33' title='bbox 1440 621 1767 698; x_wconf 74' lang='grc' dir='ltr'><strong>παγιδεῦων.</strong></span> <span class='ocrx_word' id='word_1_34' title='bbox 1802 631 1929 678; x_wconf 68' lang='lat' dir='ltr'><strong>A0:-</strong></span> 
     </span>
    </p>
   </div>
   <div class='ocr_carea' id='block_1_8' title="bbox 283 707 1927 783">
    <p class='ocr_par' dir='ltr' id='par_1_8' title="bbox 283 707 1927 783">
     <span class='ocr_line' id='line_1_8' title="bbox 283 707 1927 783; baseline 0.001 -20"><span class='ocrx_word' id='word_1_35' title='bbox 283 709 385 763; x_wconf 83' lang='grc' dir='ltr'><strong>πὸν</strong></span> <span class='ocrx_word' id='word_1_36' title='bbox 418 707 747 783; x_wconf 73' lang='grc' dir='ltr'><strong>πορευθῆναί</strong></span> <span class='ocrx_word' id='word_1_37' title='bbox 775 730 840 782; x_wconf 84' lang='grc' dir='ltr'><strong>με</strong></span> <span class='ocrx_word' id='word_1_38' title='bbox 872 707 954 765; x_wconf 86' lang='grc' dir='ltr'><strong>δεῖ</strong></span> <span class='ocrx_word' id='word_1_39' title='bbox 1001 711 1117 775; x_wconf 78' lang='grc' dir='ltr'><strong>ὅθεν</strong></span> <span class='ocrx_word' id='word_1_40' title='bbox 1159 709 1422 781; x_wconf 75' lang='grc' dir='ltr'><strong>ἐλήλυθα.</strong></span> <span class='ocrx_word' id='word_1_41' title='bbox 1456 712 1559 769; x_wconf 80' lang='grc' dir='ltr'><strong>Καὶ</strong></span> <span class='ocrx_word' id='word_1_42' title='bbox 1611 715 1927 782; x_wconf 80' lang='grc' dir='ltr'><strong>τηνικαῦτα,</strong></span> 
     </span>
    </p>
   </div>
   <div class='ocr_carea' id='block_1_9' title="bbox 282 795 1928 875">
    <p class='ocr_par' dir='ltr' id='par_1_9' title="bbox 282 795 1928 875">
     <span class='ocr_line' id='line_1_9' title="bbox 282 795 1928 875; baseline 0.001 -24"><span class='ocrx_word' id='word_1_43' title='bbox 282 797 346 852; x_wconf 71' lang='grc' dir='ltr'><strong>τὸ</strong></span> <span class='ocrx_word' id='word_1_44' title='bbox 389 795 685 872; x_wconf 69' lang='grc' dir='ltr'><strong>ἀλλότριον</strong></span> <span class='ocrx_word' id='word_1_45' title='bbox 719 795 1052 872; x_wconf 67' lang='grc' dir='ltr'><strong>ἀποθέμενος</strong></span> <span class='ocrx_word' id='word_1_46' title='bbox 1110 803 1324 874; x_wconf 81' lang='grc' dir='ltr'><strong>σχῆμα,</strong></span> <span class='ocrx_word' id='word_1_47' title='bbox 1354 801 1417 855; x_wconf 82' lang='grc' dir='ltr'><strong>τὸ</strong></span> <span class='ocrx_word' id='word_1_48' title='bbox 1440 798 1584 855; x_wconf 84' lang='grc' dir='ltr'><strong>’ίδιον</strong></span> <span class='ocrx_word' id='word_1_49' title='bbox 1617 798 1808 875; x_wconf 78' lang='grc' dir='ltr'><strong>ἔσομαι</strong></span> <span class='ocrx_word' id='word_1_50' title='bbox 1841 800 1928 854; x_wconf 66' lang='lat' dir='ltr'><strong>ev-</strong></span> 
     </span>
    </p>
   </div>
   <div class='ocr_carea' id='block_1_10' title="bbox 287 879 604 955">
    <p class='ocr_par' dir='ltr' id='par_1_10' title="bbox 287 879 604 955">
     <span class='ocr_line' id='line_1_10' title="bbox 287 879 604 955; baseline -0.003 -18"><span class='ocrx_word' id='word_1_51' title='bbox 287 879 604 955; x_wconf 73' lang='grc' dir='ltr'><strong>δεδομένος.</strong></span> 
     </span>
    </p>
   </div>
   <div class='ocr_carea' id='block_1_11' title="bbox 356 970 1924 1053">
    <p class='ocr_par' dir='ltr' id='par_1_11' title="bbox 356 970 1924 1053">
     <span class='ocr_line' id='line_1_11' title="bbox 356 970 1924 1053; baseline 0.003 -27"><span class='ocrx_word' id='word_1_52' title='bbox 356 976 605 1026; x_wconf 81' lang='grc' dir='ltr'><strong>Δυσωπεῖ</strong></span> <span class='ocrx_word' id='word_1_53' title='bbox 657 970 838 1026; x_wconf 81' lang='grc' dir='ltr'><strong>τοίνυν</strong></span> <span class='ocrx_word' id='word_1_54' title='bbox 895 973 988 1028; x_wconf 85' lang='grc' dir='ltr'><strong>τὸν</strong></span> <span class='ocrx_word' id='word_1_55' title='bbox 1041 974 1265 1050; x_wconf 75' lang='grc' dir='ltr'><strong>γέροντα</strong></span> <span class='ocrx_word' id='word_1_56' title='bbox 1324 975 1353 1029; x_wconf 85' lang='grc' dir='ltr'><strong>ὁ</strong></span> <span class='ocrx_word' id='word_1_57' title='bbox 1412 977 1638 1053; x_wconf 74' lang='grc' dir='ltr'><strong>Ἰωάσαφ</strong></span> <span class='ocrx_word' id='word_1_58' title='bbox 1698 975 1924 1050; x_wconf 80' lang='grc' dir='ltr'><strong>ὀφθῆναι</strong></span> 
     </span>
    </p>
   </div>
   <div class='ocr_carea' id='block_1_12' title="bbox 283 1060 1928 1138">
    <p class='ocr_par' dir='ltr' id='par_1_12' title="bbox 283 1060 1928 1138">
     <span class='ocr_line' id='line_1_12' title="bbox 283 1060 1928 1138; baseline 0.001 -23"><span class='ocrx_word' id='word_1_59' title='bbox 283 1061 437 1133; x_wconf 80' lang='grc' dir='ltr'><strong>αὐτῷ</strong></span> <span class='ocrx_word' id='word_1_60' title='bbox 481 1065 564 1132; x_wconf 88' lang='grc' dir='ltr'>τῷ</span> <span class='ocrx_word' id='word_1_61' title='bbox 612 1063 829 1132; x_wconf 75' lang='grc' dir='ltr'><strong>συνήθει</strong></span> <span class='ocrx_word' id='word_1_62' title='bbox 886 1063 1055 1117; x_wconf 80' lang='grc' dir='ltr'><strong>αὐτοῦ</strong></span> <span class='ocrx_word' id='word_1_63' title='bbox 1111 1060 1388 1137; x_wconf 76' lang='grc' dir='ltr'><strong>ένδῦματι.</strong></span> <span class='ocrx_word' id='word_1_64' title='bbox 1440 1065 1630 1120; x_wconf 89' lang='grc' dir='ltr'>Τότεὸ</span> <span class='ocrx_word' id='word_1_65' title='bbox 1662 1063 1928 1138; x_wconf 83' lang='grc' dir='ltr'><strong>Βαρλαάμ</strong></span> 
     </span>
    </p>
   </div>
   <div class='ocr_carea' id='block_1_13' title="bbox 283 1145 1928 1224">
    <p class='ocr_par' dir='ltr' id='par_1_13' title="bbox 283 1145 1928 1224">
     <span class='ocr_line' id='line_1_13' title="bbox 283 1145 1928 1224; baseline 0.001 -20"><span class='ocrx_word' id='word_1_66' title='bbox 283 1145 718 1221; x_wconf 72' lang='grc' dir='ltr'><strong>ἀπεκδυσάμενος</strong></span> <span class='ocrx_word' id='word_1_67' title='bbox 769 1149 829 1212; x_wconf 78' lang='grc' dir='ltr'><strong>ὃς</strong></span> <span class='ocrx_word' id='word_1_68' title='bbox 877 1151 944 1218; x_wconf 85' lang='grc' dir='ltr'><strong>ἦν</strong></span> <span class='ocrx_word' id='word_1_69' title='bbox 977 1146 1274 1224; x_wconf 76' lang='grc' dir='ltr'><strong>περιὸεόλη</strong></span> <span class='ocrx_word' id='word_1_70' title='bbox 1289 1150 1450 1224; x_wconf 86' lang='grc' dir='ltr'><strong>μένος</strong></span> <span class='ocrx_word' id='word_1_71' title='bbox 1482 1153 1721 1224; x_wconf 76' lang='grc' dir='ltr'><strong>ἱμάτιον,</strong></span> <span class='ocrx_word' id='word_1_72' title='bbox 1755 1152 1928 1224; x_wconf 85' lang='grc' dir='ltr'><strong>θέαμα</strong></span> 
     </span>
    </p>
   </div>
   <div class='ocr_carea' id='block_1_14' title="bbox 285 1235 1928 1318">
    <p class='ocr_par' dir='ltr' id='par_1_14' title="bbox 285 1235 1928 1318">
     <span class='ocr_line' id='line_1_14' title="bbox 285 1235 1928 1318; baseline 0.002 -25"><span class='ocrx_word' id='word_1_73' title='bbox 285 1237 442 1309; x_wconf 79' lang='grc' dir='ltr'><strong>ὤφθη</strong></span> <span class='ocrx_word' id='word_1_74' title='bbox 476 1235 704 1316; x_wconf 74' lang='grc' dir='ltr'><strong>φοϐερὸν</strong></span> <span class='ocrx_word' id='word_1_75' title='bbox 760 1244 841 1313; x_wconf 81' lang='grc' dir='ltr'><strong>τῷ</strong></span> <span class='ocrx_word' id='word_1_76' title='bbox 899 1241 1154 1318; x_wconf 87' lang='grc' dir='ltr'><strong>Ἰωάσαφ.</strong></span> <span class='ocrx_word' id='word_1_77' title='bbox 1188 1243 1286 1298; x_wconf 84' lang='grc' dir='ltr'><strong>Ἦν</strong></span> <span class='ocrx_word' id='word_1_78' title='bbox 1331 1245 1435 1318; x_wconf 77' lang='grc' dir='ltr'><strong>γὰρ</strong></span> <span class='ocrx_word' id='word_1_79' title='bbox 1465 1244 1500 1312; x_wconf 76' lang='grc' dir='ltr'><strong>ἡ</strong></span> <span class='ocrx_word' id='word_1_80' title='bbox 1531 1246 1675 1296; x_wconf 84' lang='grc' dir='ltr'><strong>πᾶσα</strong></span> <span class='ocrx_word' id='word_1_81' title='bbox 1706 1243 1802 1315; x_wconf 75' lang='grc' dir='ltr'><strong>μὲν</strong></span> <span class='ocrx_word' id='word_1_82' title='bbox 1831 1244 1928 1310; x_wconf 72' lang='grc' dir='ltr'><strong>τῆς</strong></span> 
     </span>
    </p>
   </div>
   <div class='ocr_carea' id='block_1_15' title="bbox 285 1325 1927 1404">
    <p class='ocr_par' dir='ltr' id='par_1_15' title="bbox 285 1325 1927 1404">
     <span class='ocr_line' id='line_1_15' title="bbox 285 1325 1927 1404; baseline 0.002 -22"><span class='ocrx_word' id='word_1_83' title='bbox 285 1328 480 1402; x_wconf 83' lang='grc' dir='ltr'><strong>σαρκὸς</strong></span> <span class='ocrx_word' id='word_1_84' title='bbox 518 1326 748 1398; x_wconf 80' lang='grc' dir='ltr'><strong>ποιότης</strong></span> <span class='ocrx_word' id='word_1_85' title='bbox 797 1325 1238 1402; x_wconf 85' lang='grc' dir='ltr'><strong>δεδαπανημένη,</strong></span> <span class='ocrx_word' id='word_1_86' title='bbox 1297 1330 1746 1404; x_wconf 86' lang='grc' dir='ltr'><strong>μεμελανωμένον</strong></span> <span class='ocrx_word' id='word_1_87' title='bbox 1780 1327 1836 1384; x_wconf 74' lang='grc' dir='ltr'><strong>δὲ</strong></span> <span class='ocrx_word' id='word_1_88' title='bbox 1867 1331 1927 1385; x_wconf 88' lang='grc' dir='ltr'><strong>τὸ</strong></span> 
     </span>
    </p>
   </div>
   <div class='ocr_carea' id='block_1_16' title="bbox 284 1411 1923 1496">
    <p class='ocr_par' dir='ltr' id='par_1_16' title="bbox 284 1411 1923 1496">
     <span class='ocr_line' id='line_1_16' title="bbox 284 1411 1923 1496; baseline 0.002 -26"><span class='ocrx_word' id='word_1_89' title='bbox 284 1411 457 1492; x_wconf 86' lang='grc' dir='ltr'><strong>δέρμα</strong></span> <span class='ocrx_word' id='word_1_90' title='bbox 487 1416 546 1472; x_wconf 79' lang='grc' dir='ltr'><strong>ἐκ</strong></span> <span class='ocrx_word' id='word_1_91' title='bbox 572 1423 674 1486; x_wconf 84' lang='grc' dir='ltr'><strong>τῆς</strong></span> <span class='ocrx_word' id='word_1_92' title='bbox 703 1416 945 1487; x_wconf 76' lang='grc' dir='ltr'><strong>ἡλιακῆς</strong></span> <span class='ocrx_word' id='word_1_93' title='bbox 988 1418 1339 1496; x_wconf 87' lang='grc' dir='ltr'><strong>φιλογώσεως</strong></span> <span class='ocrx_word' id='word_1_94' title='bbox 1367 1419 1457 1474; x_wconf 81' lang='grc' dir='ltr'><strong>καὶ</strong></span> <span class='ocrx_word' id='word_1_95' title='bbox 1514 1418 1923 1493; x_wconf 86' lang='grc' dir='ltr'><strong>περιτεταμένον</strong></span> 
     </span>
    </p>
   </div>
   <div class='ocr_carea' id='block_1_17' title="bbox 280 1503 1926 1581">
    <p class='ocr_par' dir='ltr' id='par_1_17' title="bbox 280 1503 1926 1581">
     <span class='ocr_line' id='line_1_17' title="bbox 280 1503 1926 1581; baseline 0.002 -23"><span class='ocrx_word' id='word_1_96' title='bbox 280 1509 400 1566; x_wconf 82' lang='grc' dir='ltr'><strong>τοῖς</strong></span> <span class='ocrx_word' id='word_1_97' title='bbox 435 1503 664 1576; x_wconf 77' lang='grc' dir='ltr'><strong>ὀστέοις,</strong></span> <span class='ocrx_word' id='word_1_98' title='bbox 695 1503 769 1567; x_wconf 83' lang='grc' dir='ltr'><strong>ὡς</strong></span> <span class='ocrx_word' id='word_1_99' title='bbox 800 1503 853 1559; x_wconf 77' lang='grc' dir='ltr'><strong>εἷ’</strong></span> <span class='ocrx_word' id='word_1_100' title='bbox 875 1526 957 1568; x_wconf 88' lang='grc' dir='ltr'><strong>τις</strong></span> <span class='ocrx_word' id='word_1_101' title='bbox 981 1503 1142 1581; x_wconf 87' lang='grc' dir='ltr'><strong>δοράν</strong></span> <span class='ocrx_word' id='word_1_102' title='bbox 1173 1528 1292 1561; x_wconf 87' lang='grc' dir='ltr'><strong>τινα</strong></span> <span class='ocrx_word' id='word_1_103' title='bbox 1322 1507 1603 1581; x_wconf 78' lang='grc' dir='ltr'><strong>περιτείνει</strong></span> <span class='ocrx_word' id='word_1_104' title='bbox 1623 1507 1674 1561; x_wconf 85' lang='grc' dir='ltr'><strong>έν</strong></span> <span class='ocrx_word' id='word_1_105' title='bbox 1704 1507 1926 1570; x_wconf 81' lang='grc' dir='ltr'><strong>λεπτοῖς</strong></span> 
     </span>
    </p>
   </div>
   <div class='ocr_carea' id='block_1_18' title="bbox 281 1591 1924 1671">
    <p class='ocr_par' dir='ltr' id='par_1_18' title="bbox 281 1591 1924 1671">
     <span class='ocr_line' id='line_1_18' title="bbox 281 1591 1924 1671; baseline 0.002 -24"><span class='ocrx_word' id='word_1_106' title='bbox 281 1591 578 1666; x_wconf 72' lang='grc' dir='ltr'><strong>καλάμοις*</strong></span> <span class='ocrx_word' id='word_1_107' title='bbox 632 1591 881 1668; x_wconf 89' lang='grc' dir='ltr'><strong>τρίχινον</strong></span> <span class='ocrx_word' id='word_1_108' title='bbox 937 1591 996 1648; x_wconf 80' lang='grc' dir='ltr'><strong>δέ</strong></span> <span class='ocrx_word' id='word_1_109' title='bbox 1045 1613 1098 1649; x_wconf 90' lang='grc' dir='ltr'><strong>τι</strong></span> <span class='ocrx_word' id='word_1_110' title='bbox 1158 1593 1323 1670; x_wconf 81' lang='grc' dir='ltr'><strong>ῥάκος</strong></span> <span class='ocrx_word' id='word_1_111' title='bbox 1388 1595 1777 1671; x_wconf 75' lang='grc' dir='ltr'><strong>έῤῥικνωμένον</strong></span> <span class='ocrx_word' id='word_1_112' title='bbox 1835 1595 1924 1650; x_wconf 83' lang='grc' dir='ltr'><strong>καὶ</strong></span> 
     </span>
    </p>
   </div>
   <div class='ocr_carea' id='block_1_19' title="bbox 283 1679 1919 1762">
    <p class='ocr_par' dir='ltr' id='par_1_19' title="bbox 283 1679 1919 1762">
     <span class='ocr_line' id='line_1_19' title="bbox 283 1679 1919 1762; baseline 0.001 -25"><span class='ocrx_word' id='word_1_113' title='bbox 283 1679 408 1737; x_wconf 89' lang='grc' dir='ltr'><strong>λίαν</strong></span> <span class='ocrx_word' id='word_1_114' title='bbox 434 1681 611 1757; x_wconf 79' lang='grc' dir='ltr'><strong>τραχὺ</strong></span> <span class='ocrx_word' id='word_1_115' title='bbox 668 1683 1062 1758; x_wconf 83' lang='grc' dir='ltr'><strong>περιεζώννυτο</strong></span> <span class='ocrx_word' id='word_1_116' title='bbox 1092 1682 1142 1753; x_wconf 79' lang='grc' dir='ltr'><strong>ἐξ</strong></span> <span class='ocrx_word' id='word_1_117' title='bbox 1177 1681 1375 1762; x_wconf 74' lang='grc' dir='ltr'><strong>ὀσφύος</strong></span> <span class='ocrx_word' id='word_1_118' title='bbox 1435 1685 1600 1759; x_wconf 89' lang='grc' dir='ltr'><strong>μέχρι</strong></span> <span class='ocrx_word' id='word_1_119' title='bbox 1658 1683 1919 1758; x_wconf 75' lang='grc' dir='ltr'><strong>γονάτων·</strong></span> 
     </span>
    </p>
   </div>
   <div class='ocr_carea' id='block_1_20' title="bbox 286 1766 1925 1847">
    <p class='ocr_par' dir='ltr' id='par_1_20' title="bbox 286 1766 1925 1847">
     <span class='ocr_line' id='line_1_20' title="bbox 286 1766 1925 1847; baseline 0.002 -24"><span class='ocrx_word' id='word_1_120' title='bbox 286 1769 482 1842; x_wconf 76' lang='grc' dir='ltr'><strong>ὅμοιον</strong></span> <span class='ocrx_word' id='word_1_121' title='bbox 514 1766 572 1824; x_wconf 83' lang='grc' dir='ltr'><strong>δὶ</strong></span> <span class='ocrx_word' id='word_1_122' title='bbox 624 1770 820 1826; x_wconf 73' lang='grc' dir='ltr'><strong>τούτου</strong></span> <span class='ocrx_word' id='word_1_123' title='bbox 877 1768 1112 1826; x_wconf 86' lang='grc' dir='ltr'><strong>παλλίον</strong></span> <span class='ocrx_word' id='word_1_124' title='bbox 1169 1773 1283 1844; x_wconf 85' lang='grc'><strong>(83)</strong></span> <span class='ocrx_word' id='word_1_125' title='bbox 1337 1767 1734 1847; x_wconf 76' lang='grc' dir='ltr'><strong>περιεϐέϐλητο</strong></span> <span class='ocrx_word' id='word_1_126' title='bbox 1790 1773 1925 1827; x_wconf 89' lang='grc' dir='ltr'><strong>κατά</strong></span> 
     </span>
    </p>
   </div>
   <div class='ocr_carea' id='block_1_21' title="bbox 287 1852 617 1931">
    <p class='ocr_par' dir='ltr' id='par_1_21' title="bbox 287 1852 617 1931">
     <span class='ocr_line' id='line_1_21' title="bbox 287 1852 617 1931; baseline -0.009 -18"><span class='ocrx_word' id='word_1_127' title='bbox 287 1861 399 1913; x_wconf 90' lang='grc' dir='ltr'><strong>τῶν</strong></span> <span class='ocrx_word' id='word_1_128' title='bbox 427 1852 617 1931; x_wconf 80' lang='grc' dir='ltr'><strong>ὤμων.</strong></span> 
     </span>
    </p>
   </div>
   <div class='ocr_carea' id='block_1_22' title="bbox 360 1943 1927 2022">
    <p class='ocr_par' dir='ltr' id='par_1_22' title="bbox 360 1943 1927 2022">
     <span class='ocr_line' id='line_1_22' title="bbox 360 1943 1927 2022; baseline 0.001 -22"><span class='ocrx_word' id='word_1_129' title='bbox 360 1944 798 2021; x_wconf 84' lang='grc' dir='ltr'><strong>Ὑπερθαυμάσας</strong></span> <span class='ocrx_word' id='word_1_130' title='bbox 857 1943 915 2001; x_wconf 72' lang='grc' dir='ltr'><strong>δὲ</strong></span> <span class='ocrx_word' id='word_1_131' title='bbox 970 1949 998 2002; x_wconf 82' lang='grc' dir='ltr'><strong>ὁ</strong></span> <span class='ocrx_word' id='word_1_132' title='bbox 1057 1948 1289 2022; x_wconf 86' lang='grc' dir='ltr'><strong>Ἰωάσαφ</strong></span> <span class='ocrx_word' id='word_1_133' title='bbox 1345 1955 1446 2017; x_wconf 83' lang='grc' dir='ltr'><strong>τῆς</strong></span> <span class='ocrx_word' id='word_1_134' title='bbox 1499 1947 1741 2022; x_wconf 81' lang='grc' dir='ltr'><strong>σκληρᾶς</strong></span> <span class='ocrx_word' id='word_1_135' title='bbox 1793 1948 1927 2004; x_wconf 78' lang='grc' dir='ltr'><strong>ταύ-</strong></span> 
     </span>
    </p>
   </div>
   <div class='ocr_carea' id='block_1_23' title="bbox 284 2031 1924 2112">
    <p class='ocr_par' dir='ltr' id='par_1_23' title="bbox 284 2031 1924 2112">
     <span class='ocr_line' id='line_1_23' title="bbox 284 2031 1924 2112; baseline -0.001 -21"><span class='ocrx_word' id='word_1_136' title='bbox 284 2055 387 2106; x_wconf 79' lang='grc' dir='ltr'><strong>της</strong></span> <span class='ocrx_word' id='word_1_137' title='bbox 438 2031 713 2110; x_wconf 75' lang='grc' dir='ltr'><strong>διαγωγῆς</strong></span> <span class='ocrx_word' id='word_1_138' title='bbox 767 2035 832 2089; x_wconf 83' lang='grc' dir='ltr'><strong>τὸ</strong></span> <span class='ocrx_word' id='word_1_139' title='bbox 887 2033 1166 2106; x_wconf 72' lang='grc' dir='ltr'><strong>ἐπίπονον,</strong></span> <span class='ocrx_word' id='word_1_140' title='bbox 1225 2038 1316 2091; x_wconf 82' lang='grc' dir='ltr'><strong>καὶ</strong></span> <span class='ocrx_word' id='word_1_141' title='bbox 1371 2038 1434 2091; x_wconf 88' lang='grc' dir='ltr'><strong>τὸ</strong></span> <span class='ocrx_word' id='word_1_142' title='bbox 1486 2044 1586 2106; x_wconf 85' lang='grc' dir='ltr'><strong>τῆς</strong></span> <span class='ocrx_word' id='word_1_143' title='bbox 1643 2036 1924 2112; x_wconf 79' lang='grc' dir='ltr'><strong>καρτερίας</strong></span> 
     </span>
    </p>
   </div>
   <div class='ocr_carea' id='block_1_24' title="bbox 288 2116 1924 2201">
    <p class='ocr_par' dir='ltr' id='par_1_24' title="bbox 288 2116 1924 2201">
     <span class='ocr_line' id='line_1_24' title="bbox 288 2116 1924 2201; baseline 0.001 -25"><span class='ocrx_word' id='word_1_144' title='bbox 288 2116 634 2198; x_wconf 68' lang='grc' dir='ltr'><strong>ὑπερϐάλλον</strong></span> <span class='ocrx_word' id='word_1_145' title='bbox 688 2119 1016 2197; x_wconf 67' lang='grc' dir='ltr'><strong>ἐκπλαγεὶς,</strong></span> <span class='ocrx_word' id='word_1_146' title='bbox 1074 2120 1323 2200; x_wconf 80' lang='grc' dir='ltr'><strong>σφοδρῶς</strong></span> <span class='ocrx_word' id='word_1_147' title='bbox 1377 2121 1620 2198; x_wconf 79' lang='grc' dir='ltr'><strong>ἐδάκρυε,</strong></span> <span class='ocrx_word' id='word_1_148' title='bbox 1650 2123 1740 2179; x_wconf 78' lang='grc' dir='ltr'><strong>καὶ</strong></span> <span class='ocrx_word' id='word_1_149' title='bbox 1792 2145 1924 2201; x_wconf 88' lang='grc' dir='ltr'><strong>φησι</strong></span> 
     </span>
    </p>
   </div>
   <div class='ocr_carea' id='block_1_25' title="bbox 281 2208 1923 2288">
    <p class='ocr_par' dir='ltr' id='par_1_25' title="bbox 281 2208 1923 2288">
     <span class='ocr_line' id='line_1_25' title="bbox 281 2208 1923 2288; baseline 0.001 -22"><span class='ocrx_word' id='word_1_150' title='bbox 281 2209 420 2284; x_wconf 78' lang='grc' dir='ltr'><strong>πρὸς</strong></span> <span class='ocrx_word' id='word_1_151' title='bbox 463 2209 558 2266; x_wconf 81' lang='grc' dir='ltr'><strong>τὸν</strong></span> <span class='ocrx_word' id='word_1_152' title='bbox 613 2212 867 2286; x_wconf 82' lang='grc' dir='ltr'><strong>γέροντα·</strong></span> <span class='ocrx_word' id='word_1_153' title='bbox 915 2210 1066 2268; x_wconf 84' lang='grc' dir='ltr'><strong>Ἐπεί</strong></span> <span class='ocrx_word' id='word_1_154' title='bbox 1127 2233 1193 2284; x_wconf 86' lang='grc' dir='ltr'><strong>με</strong></span> <span class='ocrx_word' id='word_1_155' title='bbox 1220 2211 1322 2278; x_wconf 75' lang='grc' dir='ltr'><strong>τῆς</strong></span> <span class='ocrx_word' id='word_1_156' title='bbox 1347 2218 1544 2288; x_wconf 69' lang='grc' dir='ltr'><strong>πικρᾶς</strong></span> <span class='ocrx_word' id='word_1_157' title='bbox 1586 2216 1683 2267; x_wconf 74' lang='grc' dir='ltr'><strong>τοῦ</strong></span> <span class='ocrx_word' id='word_1_158' title='bbox 1739 2208 1923 2267; x_wconf 80' lang='grc' dir='ltr'><strong>διαϐό-</strong></span> 
     </span>
    </p>
   </div>
   <div class='ocr_carea' id='block_1_26' title="bbox 285 2295 1922 2374">
    <p class='ocr_par' dir='ltr' id='par_1_26' title="bbox 285 2295 1922 2374">
     <span class='ocr_line' id='line_1_26' title="bbox 285 2295 1922 2374; baseline 0 -18"><span class='ocrx_word' id='word_1_159' title='bbox 285 2298 389 2356; x_wconf 88' lang='grc' dir='ltr'><strong>λου</strong></span> <span class='ocrx_word' id='word_1_160' title='bbox 447 2295 702 2362; x_wconf 73' lang='grc' dir='ltr'><strong>δουλείας</strong></span> <span class='ocrx_word' id='word_1_161' title='bbox 775 2299 1134 2374; x_wconf 75' lang='grc' dir='ltr'><strong>έΑευθερῶσαι</strong></span> <span class='ocrx_word' id='word_1_162' title='bbox 1223 2299 1424 2372; x_wconf 74' lang='grc' dir='ltr'><strong>ἥκεις,</strong></span> <span class='ocrx_word' id='word_1_163' title='bbox 1481 2301 1640 2365; x_wconf 83' lang='grc' dir='ltr'><strong>τέλος</strong></span> <span class='ocrx_word' id='word_1_164' title='bbox 1705 2322 1800 2356; x_wconf 92' lang='grc' dir='ltr'><strong>σου</strong></span> <span class='ocrx_word' id='word_1_165' title='bbox 1853 2304 1922 2374; x_wconf 78' lang='grc' dir='ltr'><strong>τῇ</strong></span> 
     </span>
    </p>
   </div>
   <div class='ocr_carea' id='block_1_27' title="bbox 285 2388 1922 2469">
    <p class='ocr_par' dir='ltr' id='par_1_27' title="bbox 285 2388 1922 2469">
     <span class='ocr_line' id='line_1_27' title="bbox 285 2388 1922 2469; baseline 0.001 -26"><span class='ocrx_word' id='word_1_166' title='bbox 285 2388 562 2465; x_wconf 78' lang='grc' dir='ltr'><strong>εὐεργεσίᾳ</strong></span> <span class='ocrx_word' id='word_1_167' title='bbox 615 2389 818 2448; x_wconf 74' lang='grc' dir='ltr'><strong>ἇπιθεὶς</strong></span> <span class='ocrx_word' id='word_1_168' title='bbox 897 2389 1118 2466; x_wconf 67' lang='grc' dir='ltr'><strong>ἐξάγαγε</strong></span> <span class='ocrx_word' id='word_1_169' title='bbox 1187 2394 1301 2465; x_wconf 76' lang='grc'><strong>(84)</strong></span> <span class='ocrx_word' id='word_1_170' title='bbox 1356 2391 1415 2446; x_wconf 85' lang='grc' dir='ltr'><strong>ἐκ</strong></span> <span class='ocrx_word' id='word_1_171' title='bbox 1497 2389 1742 2469; x_wconf 85' lang='grc' dir='ltr'><strong>φυλακῆς</strong></span> <span class='ocrx_word' id='word_1_172' title='bbox 1821 2393 1922 2460; x_wconf 88' lang='grc' dir='ltr'><strong>τήν</strong></span> 
     </span>
    </p>
   </div>
   <div class='ocr_carea' id='block_1_28' title="bbox 283 2475 1922 2554">
    <p class='ocr_par' dir='ltr' id='par_1_28' title="bbox 283 2475 1922 2554">
     <span class='ocr_line' id='line_1_28' title="bbox 283 2475 1922 2554; baseline 0.002 -23"><span class='ocrx_word' id='word_1_173' title='bbox 283 2479 471 2552; x_wconf 75' lang='grc' dir='ltr'><strong>ψυγήν</strong></span> <span class='ocrx_word' id='word_1_174' title='bbox 528 2497 654 2551; x_wconf 90' lang='grc' dir='ltr'><strong>μου,</strong></span> <span class='ocrx_word' id='word_1_175' title='bbox 715 2482 861 2538; x_wconf 71' lang='grc'><strong>157</strong></span> <span class='ocrx_word' id='word_1_176' title='bbox 917 2479 1040 2550; x_wconf 82' lang='grc' dir='ltr'><strong>καὶ,</strong></span> <span class='ocrx_word' id='word_1_177' title='bbox 1096 2475 1429 2554; x_wconf 74' lang='grc' dir='ltr'><strong>παραλαϐών</strong></span> <span class='ocrx_word' id='word_1_178' title='bbox 1492 2500 1558 2552; x_wconf 88' lang='grc' dir='ltr'><strong>με</strong></span> <span class='ocrx_word' id='word_1_179' title='bbox 1615 2479 1748 2552; x_wconf 88' lang='grc' dir='ltr'><strong>μετά</strong></span> <span class='ocrx_word' id='word_1_180' title='bbox 1801 2484 1922 2550; x_wconf 73' lang='lat' dir='ltr'><strong>acii,</strong></span> 
     </span>
    </p>
   </div>
   <div class='ocr_carea' id='block_1_29' title="bbox 286 2565 1923 2643">
    <p class='ocr_par' dir='ltr' id='par_1_29' title="bbox 286 2565 1923 2643">
     <span class='ocr_line' id='line_1_29' title="bbox 286 2565 1923 2643; baseline 0.002 -24"><span class='ocrx_word' id='word_1_181' title='bbox 286 2565 502 2641; x_wconf 78' lang='grc' dir='ltr'><strong>ἄγωμεν</strong></span> <span class='ocrx_word' id='word_1_182' title='bbox 557 2566 814 2640; x_wconf 76' lang='grc' dir='ltr'><strong>έντεῦθεν,</strong></span> <span class='ocrx_word' id='word_1_183' title='bbox 867 2567 958 2621; x_wconf 81' lang='grc' dir='ltr'><strong>’ἱνα</strong></span> <span class='ocrx_word' id='word_1_184' title='bbox 999 2566 1186 2622; x_wconf 86' lang='grc' dir='ltr'><strong>τέλεον</strong></span> <span class='ocrx_word' id='word_1_185' title='bbox 1224 2565 1643 2643; x_wconf 85' lang='grc' dir='ltr'><strong>λελυτρωμένος</strong></span> <span class='ocrx_word' id='word_1_186' title='bbox 1669 2575 1770 2637; x_wconf 84' lang='grc' dir='ltr'><strong>τῆς</strong></span> <span class='ocrx_word' id='word_1_187' title='bbox 1827 2571 1923 2623; x_wconf 77' lang='grc' dir='ltr'><strong>τοῦ</strong></span> 
     </span>
    </p>
   </div>
   <div class='ocr_carea' id='block_1_30' title="bbox 281 2653 1922 2734">
    <p class='ocr_par' dir='ltr' id='par_1_30' title="bbox 281 2653 1922 2734">
     <span class='ocr_line' id='line_1_30' title="bbox 281 2653 1922 2734; baseline 0.002 -26"><span class='ocrx_word' id='word_1_188' title='bbox 281 2653 495 2727; x_wconf 85' lang='grc' dir='ltr'><strong>κόσμου</strong></span> <span class='ocrx_word' id='word_1_189' title='bbox 551 2656 760 2726; x_wconf 79' lang='grc' dir='ltr'><strong>ἀπάτης</strong></span> <span class='ocrx_word' id='word_1_190' title='bbox 829 2657 929 2724; x_wconf 70' lang='grc' dir='ltr'><strong>τὴν</strong></span> <span class='ocrx_word' id='word_1_191' title='bbox 987 2653 1254 2734; x_wconf 85' lang='grc' dir='ltr'><strong>σφραγῖδα</strong></span> <span class='ocrx_word' id='word_1_192' title='bbox 1309 2660 1602 2727; x_wconf 80' lang='grc' dir='ltr'><strong>τηνικαῦτα</strong></span> <span class='ocrx_word' id='word_1_193' title='bbox 1687 2654 1922 2729; x_wconf 81' lang='grc' dir='ltr'><strong>δέξωμαι</strong></span> 
     </span>
    </p>
   </div>
   <div class='ocr_carea' id='block_1_31' title="bbox 286 2742 1921 2819">
    <p class='ocr_par' dir='ltr' id='par_1_31' title="bbox 286 2742 1921 2819">
     <span class='ocr_line' id='line_1_31' title="bbox 286 2742 1921 2819; baseline 0.001 -22"><span class='ocrx_word' id='word_1_194' title='bbox 286 2746 385 2797; x_wconf 80' lang='grc' dir='ltr'><strong>τοῦ</strong></span> <span class='ocrx_word' id='word_1_195' title='bbox 443 2744 713 2815; x_wconf 85' lang='grc' dir='ltr'><strong>σωτηρίου</strong></span> <span class='ocrx_word' id='word_1_196' title='bbox 775 2743 1176 2819; x_wconf 78' lang='grc' dir='ltr'><strong>βαπτίσματος,</strong></span> <span class='ocrx_word' id='word_1_197' title='bbox 1223 2742 1313 2798; x_wconf 83' lang='grc' dir='ltr'>καί</span> <span class='ocrx_word' id='word_1_198' title='bbox 1365 2743 1628 2807; x_wconf 87' lang='grc' dir='ltr'><strong>κοινωνός</strong></span> <span class='ocrx_word' id='word_1_199' title='bbox 1685 2765 1772 2798; x_wconf 90' lang='grc' dir='ltr'><strong>σοι</strong></span> <span class='ocrx_word' id='word_1_200' title='bbox 1823 2747 1921 2812; x_wconf 74' lang='grc' dir='ltr'><strong>τῆς</strong></span> 
     </span>
    </p>
   </div>
   <div class='ocr_carea' id='block_1_32' title="bbox 290 2831 1925 2910">
    <p class='ocr_par' dir='ltr' id='par_1_32' title="bbox 290 2831 1925 2910">
     <span class='ocr_line' id='line_1_32' title="bbox 290 2831 1925 2910; baseline 0.002 -26"><span class='ocrx_word' id='word_1_201' title='bbox 290 2839 604 2903; x_wconf 82' lang='grc' dir='ltr'><strong>θαυμαστῆς</strong></span> <span class='ocrx_word' id='word_1_202' title='bbox 624 2831 822 2903; x_wconf 79' lang='grc' dir='ltr'><strong>ταύτης</strong></span> <span class='ocrx_word' id='word_1_203' title='bbox 851 2831 1174 2910; x_wconf 83' lang='grc' dir='ltr'><strong>φιλοσοφίας</strong></span> <span class='ocrx_word' id='word_1_204' title='bbox 1204 2833 1292 2887; x_wconf 77' lang='grc' dir='ltr'><strong>καὶ</strong></span> <span class='ocrx_word' id='word_1_205' title='bbox 1317 2833 1619 2910; x_wconf 81' lang='grc' dir='ltr'><strong>ὑπερφυοῦς</strong></span> <span class='ocrx_word' id='word_1_206' title='bbox 1647 2832 1925 2903; x_wconf 78' lang='grc' dir='ltr'><strong>ἀσκήσεως</strong></span> 
     </span>
    </p>
   </div>
   <div class='ocr_carea' id='block_1_33' title="bbox 289 2921 554 2996">
    <p class='ocr_par' dir='ltr' id='par_1_33' title="bbox 289 2921 554 2996">
     <span class='ocr_line' id='line_1_33' title="bbox 289 2921 554 2996; baseline 0.004 -22"><span class='ocrx_word' id='word_1_207' title='bbox 289 2921 554 2996; x_wconf 84' lang='grc' dir='ltr'><strong>γένωμαι.</strong></span> 
     </span>
    </p>
   </div>
   <div class='ocr_carea' id='block_1_34' title="bbox 350 3094 1916 3174">
    <p class='ocr_par' dir='ltr' id='par_1_34' title="bbox 350 3094 1916 3174">
     <span class='ocr_line' id='line_1_34' title="bbox 350 3094 1916 3174; baseline 0 -20"><span class='ocrx_word' id='word_1_208' title='bbox 350 3098 485 3161; x_wconf 56' lang='lat' dir='ltr'><strong>Eine</strong></span> <span class='ocrx_word' id='word_1_209' title='bbox 527 3096 584 3153; x_wconf 67' lang='grc' dir='ltr'><strong>δὲ</strong></span> <span class='ocrx_word' id='word_1_210' title='bbox 631 3096 895 3172; x_wconf 82' lang='grc' dir='ltr'><strong>Βαρλαάμ</strong></span> <span class='ocrx_word' id='word_1_211' title='bbox 945 3099 1079 3173; x_wconf 87' lang='grc' dir='ltr'><strong>πρὸς</strong></span> <span class='ocrx_word' id='word_1_212' title='bbox 1145 3098 1327 3154; x_wconf 76' lang='grc' dir='ltr'><strong>αὐτόν·</strong></span> <span class='ocrx_word' id='word_1_213' title='bbox 1389 3094 1598 3172; x_wconf 77' lang='grc' dir='ltr'><strong>Νεϐρὸν</strong></span> <span class='ocrx_word' id='word_1_214' title='bbox 1655 3097 1916 3174; x_wconf 77' lang='grc' dir='ltr'><strong>δορκάδος</strong></span> 
     </span>
    </p>
   </div>
   <div class='ocr_carea' id='block_1_35' title="bbox 274 3185 1198 3264">
    <p class='ocr_par' dir='ltr' id='par_1_35' title="bbox 274 3185 1198 3264">
     <span class='ocr_line' id='line_1_35' title="bbox 274 3185 1198 3264; baseline 0.005 -24"><span class='ocrx_word' id='word_1_215' title='bbox 274 3185 463 3264; x_wconf 70' lang='grc' dir='ltr'><strong>ἔτρεφέ</strong></span> <span class='ocrx_word' id='word_1_216' title='bbox 533 3207 617 3250; x_wconf 88' lang='grc' dir='ltr'><strong>τις</strong></span> <span class='ocrx_word' id='word_1_217' title='bbox 701 3191 806 3241; x_wconf 88' lang='grc' dir='ltr'><strong>τῶν</strong></span> <span class='ocrx_word' id='word_1_218' title='bbox 865 3186 1147 3242; x_wconf 85' lang='grc' dir='ltr'><strong>πλουσίων</strong></span> <span class='ocrx_word' id='word_1_219' title='bbox 1185 3230 1198 3246; x_wconf 94' lang='grc'><strong>.</strong></span> 
     </span>
    </p>
   </div>
   <div class='ocr_carea' id='block_1_36' title="bbox 272 3273 1916 3352">
    <p class='ocr_par' dir='ltr' id='par_1_36' title="bbox 272 3273 1916 3352">
     <span class='ocr_line' id='line_1_36' title="bbox 272 3273 1916 3352; baseline 0.004 -22"><span class='ocrx_word' id='word_1_220' title='bbox 272 3275 370 3337; x_wconf 82' lang='grc' dir='ltr'><strong>τάς</strong></span> <span class='ocrx_word' id='word_1_221' title='bbox 437 3273 678 3350; x_wconf 76' lang='grc' dir='ltr'><strong>ἐρήμους</strong></span> <span class='ocrx_word' id='word_1_222' title='bbox 746 3274 928 3330; x_wconf 83' lang='grc' dir='ltr'><strong>έπόθει</strong></span> <span class='ocrx_word' id='word_1_223' title='bbox 965 3321 980 3345; x_wconf 87' lang='grc'><strong>,</strong></span> <span class='ocrx_word' id='word_1_224' title='bbox 1047 3279 1117 3349; x_wconf 78' lang='grc' dir='ltr'><strong>τῇ</strong></span> <span class='ocrx_word' id='word_1_225' title='bbox 1175 3280 1376 3352; x_wconf 83' lang='grc' dir='ltr'><strong>φυσικῇ</strong></span> <span class='ocrx_word' id='word_1_226' title='bbox 1437 3275 1709 3349; x_wconf 76' lang='grc' dir='ltr'><strong>ἑλκομένη</strong></span> <span class='ocrx_word' id='word_1_227' title='bbox 1764 3273 1916 3346; x_wconf 70' lang='grc' dir='ltr'><strong>ἕξει.</strong></span> 
     </span>
    </p>
   </div>
   <div class='ocr_carea' id='block_1_37' title="bbox 277 3361 1918 3440">
    <p class='ocr_par' dir='ltr' id='par_1_37' title="bbox 277 3361 1918 3440">
     <span class='ocr_line' id='line_1_37' title="bbox 277 3361 1918 3440; baseline 0.001 -22"><span class='ocrx_word' id='word_1_228' title='bbox 277 3361 600 3434; x_wconf 81' lang='grc' dir='ltr'><strong>Ἐξελθοῦσα</strong></span> <span class='ocrx_word' id='word_1_229' title='bbox 625 3363 805 3419; x_wconf 80' lang='grc' dir='ltr'><strong>τοίνυν</strong></span> <span class='ocrx_word' id='word_1_230' title='bbox 843 3362 895 3418; x_wconf 79' lang='grc' dir='ltr'><strong>έν</strong></span> <span class='ocrx_word' id='word_1_231' title='bbox 927 3369 1046 3438; x_wconf 83' lang='grc' dir='ltr'><strong>μιᾷ,</strong></span> <span class='ocrx_word' id='word_1_232' title='bbox 1100 3364 1332 3440; x_wconf 85' lang='grc' dir='ltr'><strong>εὑρίσκει</strong></span> <span class='ocrx_word' id='word_1_233' title='bbox 1383 3364 1580 3439; x_wconf 78' lang='grc' dir='ltr'><strong>ἀγέλην</strong></span> <span class='ocrx_word' id='word_1_234' title='bbox 1639 3362 1918 3440; x_wconf 83' lang='grc' dir='ltr'><strong>δορκάδων</strong></span> 
     </span>
    </p>
   </div>
   <div class='ocr_carea' id='block_1_38' title="bbox 279 3450 1920 3529">
    <p class='ocr_par' dir='ltr' id='par_1_38' title="bbox 279 3450 1920 3529">
     <span class='ocr_line' id='line_1_38' title="bbox 279 3450 1920 3529; baseline -0.001 -23"><span class='ocrx_word' id='word_1_235' title='bbox 279 3450 632 3529; x_wconf 73' lang='grc' dir='ltr'><strong>βοσκομένων</strong></span> <span class='ocrx_word' id='word_1_236' title='bbox 683 3453 773 3507; x_wconf 83' lang='grc' dir='ltr'><strong>καὶ</strong></span> <span class='ocrx_word' id='word_1_237' title='bbox 822 3451 1061 3526; x_wconf 74' lang='grc' dir='ltr'><strong>ἐχόμενα</strong></span> <span class='ocrx_word' id='word_1_238' title='bbox 1117 3451 1326 3508; x_wconf 79' lang='grc' dir='ltr'><strong>τούτων</strong></span> <span class='ocrx_word' id='word_1_239' title='bbox 1382 3459 1635 3528; x_wconf 81' lang='grc' dir='ltr'><strong>περιῆγεν</strong></span> <span class='ocrx_word' id='word_1_240' title='bbox 1693 3450 1745 3507; x_wconf 83' lang='grc' dir='ltr'><strong>ἐν</strong></span> <span class='ocrx_word' id='word_1_241' title='bbox 1802 3457 1920 3515; x_wconf 85' lang='grc' dir='ltr'><strong>τοῖς</strong></span> 
     </span>
    </p>
   </div>
   <div class='ocr_carea' id='block_1_39' title="bbox 274 3537 1920 3618">
    <p class='ocr_par' dir='ltr' id='par_1_39' title="bbox 274 3537 1920 3618">
     <span class='ocr_line' id='line_1_39' title="bbox 274 3537 1920 3618; baseline -0.001 -23"><span class='ocrx_word' id='word_1_242' title='bbox 274 3537 488 3603; x_wconf 83' lang='grc' dir='ltr'><strong>πεδίοις</strong></span> <span class='ocrx_word' id='word_1_243' title='bbox 529 3544 628 3595; x_wconf 81' lang='grc' dir='ltr'><strong>τοῦ</strong></span> <span class='ocrx_word' id='word_1_244' title='bbox 685 3537 916 3614; x_wconf 77' lang='grc' dir='ltr'><strong>δρυμοῦ,</strong></span> <span class='ocrx_word' id='word_1_245' title='bbox 976 3539 1382 3618; x_wconf 84' lang='grc' dir='ltr'><strong>ὑποστρέφουσα</strong></span> <span class='ocrx_word' id='word_1_246' title='bbox 1414 3541 1507 3614; x_wconf 76' lang='grc' dir='ltr'><strong>μὲν</strong></span> <span class='ocrx_word' id='word_1_247' title='bbox 1563 3541 1626 3594; x_wconf 87' lang='grc' dir='ltr'><strong>τὸ</strong></span> <span class='ocrx_word' id='word_1_248' title='bbox 1663 3540 1800 3615; x_wconf 86' lang='grc' dir='ltr'><strong>πρὸς</strong></span> <span class='ocrx_word' id='word_1_249' title='bbox 1831 3537 1920 3593; x_wconf 79' lang='grc' dir='ltr'><strong>έσ-</strong></span> 
     </span>
    </p>
   </div>
   <div class='ocr_carea' id='block_1_40' title="bbox 272 3625 1917 3704">
    <p class='ocr_par' dir='ltr' id='par_1_40' title="bbox 272 3625 1917 3704">
     <span class='ocr_line' id='line_1_40' title="bbox 272 3625 1917 3704; baseline -0.002 -20"><span class='ocrx_word' id='word_1_250' title='bbox 272 3628 461 3702; x_wconf 87' lang='grc' dir='ltr'><strong>πέραν,</strong></span> <span class='ocrx_word' id='word_1_251' title='bbox 492 3629 604 3700; x_wconf 73' lang='grc' dir='ltr'><strong>ἅμα</strong></span> <span class='ocrx_word' id='word_1_252' title='bbox 644 3626 702 3682; x_wconf 69' lang='grc' dir='ltr'><strong>δὲ</strong></span> <span class='ocrx_word' id='word_1_253' title='bbox 752 3625 918 3702; x_wconf 79' lang='grc' dir='ltr'><strong>πρωΐ,</strong></span> <span class='ocrx_word' id='word_1_254' title='bbox 951 3631 1019 3701; x_wconf 82' lang='grc' dir='ltr'><strong>τῇ</strong></span> <span class='ocrx_word' id='word_1_255' title='bbox 1066 3633 1176 3684; x_wconf 86' lang='grc' dir='ltr'><strong>τῶν</strong></span> <span class='ocrx_word' id='word_1_256' title='bbox 1226 3627 1640 3704; x_wconf 78' lang='grc' dir='ltr'><strong>ὑπουργούντων</strong></span> <span class='ocrx_word' id='word_1_257' title='bbox 1669 3626 1917 3700; x_wconf 76' lang='grc' dir='ltr'><strong>ἀμελείᾳ,</strong></span> 
     </span>
    </p>
   </div>
   <div class='ocr_carea' id='block_1_41' title="bbox 273 3715 1918 3793">
    <p class='ocr_par' dir='ltr' id='par_1_41' title="bbox 273 3715 1918 3793">
     <span class='ocr_line' id='line_1_41' title="bbox 273 3715 1918 3793; baseline -0.001 -22"><span class='ocrx_word' id='word_1_258' title='bbox 273 3715 610 3792; x_wconf 73' lang='grc' dir='ltr'><strong>έξερχομένη</strong></span> <span class='ocrx_word' id='word_1_259' title='bbox 665 3717 756 3772; x_wconf 82' lang='grc' dir='ltr'><strong>καὶ</strong></span> <span class='ocrx_word' id='word_1_260' title='bbox 813 3722 929 3780; x_wconf 88' lang='grc' dir='ltr'><strong>τοῖς</strong></span> <span class='ocrx_word' id='word_1_261' title='bbox 985 3718 1192 3792; x_wconf 82' lang='grc' dir='ltr'><strong>ἂργίοις</strong></span> <span class='ocrx_word' id='word_1_262' title='bbox 1249 3716 1918 3793; x_wconf 82' lang='grc' dir='ltr'><strong>συναγελάζουσα.Ἐκεί-</strong></span> 
     </span>
    </p>
   </div>
   <div class='ocr_carea' id='block_1_42' title="bbox 274 3803 1918 3882">
    <p class='ocr_par' dir='ltr' id='par_1_42' title="bbox 274 3803 1918 3882">
     <span class='ocr_line' id='line_1_42' title="bbox 274 3803 1918 3882; baseline -0.001 -22"><span class='ocrx_word' id='word_1_263' title='bbox 274 3827 384 3861; x_wconf 78' lang='grc' dir='ltr'><strong>νων</strong></span> <span class='ocrx_word' id='word_1_264' title='bbox 443 3803 502 3860; x_wconf 75' lang='grc' dir='ltr'><strong>δὲ</strong></span> <span class='ocrx_word' id='word_1_265' title='bbox 539 3805 870 3882; x_wconf 73' lang='grc' dir='ltr'><strong>ποῤῥωτέρω</strong></span> <span class='ocrx_word' id='word_1_266' title='bbox 924 3807 1296 3878; x_wconf 82' lang='grc' dir='ltr'><strong>μεταθεμένων</strong></span> <span class='ocrx_word' id='word_1_267' title='bbox 1351 3807 1628 3878; x_wconf 82' lang='grc' dir='ltr'><strong>νέμεσθαι,</strong></span> <span class='ocrx_word' id='word_1_268' title='bbox 1685 3825 1918 3875; x_wconf 83' lang='grc' dir='ltr'><strong>συνηκο·</strong></span> 
     </span>
    </p>
   </div>
   <div class='ocr_carea' id='block_1_43' title="bbox 275 3891 1919 3967">
    <p class='ocr_par' dir='ltr' id='par_1_43' title="bbox 275 3891 1919 3967">
     <span class='ocr_line' id='line_1_43' title="bbox 275 3891 1919 3967; baseline -0.003 -17"><span class='ocrx_word' id='word_1_269' title='bbox 275 3892 516 3964; x_wconf 74' lang='grc' dir='ltr'><strong>λοόθησε</strong></span> <span class='ocrx_word' id='word_1_270' title='bbox 568 3894 659 3948; x_wconf 81' lang='grc' dir='ltr'><strong>καὶ</strong></span> <span class='ocrx_word' id='word_1_271' title='bbox 715 3895 877 3964; x_wconf 79' lang='grc' dir='ltr'><strong>αὐτή,</strong></span> <span class='ocrx_word' id='word_1_272' title='bbox 937 3894 1005 3950; x_wconf 78' lang='grc' dir='ltr'><strong>Οἱ</strong></span> <span class='ocrx_word' id='word_1_273' title='bbox 1058 3891 1116 3948; x_wconf 77' lang='grc' dir='ltr'><strong>δὲ</strong></span> <span class='ocrx_word' id='word_1_274' title='bbox 1160 3897 1255 3948; x_wconf 83' lang='grc' dir='ltr'><strong>τοῦ</strong></span> <span class='ocrx_word' id='word_1_275' title='bbox 1311 3891 1576 3947; x_wconf 85' lang='grc' dir='ltr'><strong>πλουσίου</strong></span> <span class='ocrx_word' id='word_1_276' title='bbox 1635 3891 1919 3967; x_wconf 85' lang='grc' dir='ltr'><strong>ὑπηρέται,</strong></span> 
     </span>
    </p>
   </div>
   <div class='ocr_carea' id='block_1_44' title="bbox 268 3978 1917 4060">
    <p class='ocr_par' dir='ltr' id='par_1_44' title="bbox 268 3978 1917 4060">
     <span class='ocr_line' id='line_1_44' title="bbox 268 3978 1917 4060; baseline 0 -24"><span class='ocrx_word' id='word_1_277' title='bbox 268 3986 436 4036; x_wconf 78' lang='grc' dir='ltr'><strong>τοῦτο</strong></span> <span class='ocrx_word' id='word_1_278' title='bbox 477 3980 817 4054; x_wconf 72' lang='grc' dir='ltr'><strong>οἶσθόμενοι,</strong></span> <span class='ocrx_word' id='word_1_279' title='bbox 849 3980 930 4060; x_wconf 80' lang='grc' dir='ltr'><strong>ἐφ’</strong></span> <span class='ocrx_word' id='word_1_280' title='bbox 981 3981 1166 4037; x_wconf 80' lang='grc' dir='ltr'><strong>ἳππων</strong></span> <span class='ocrx_word' id='word_1_281' title='bbox 1225 3978 1536 4050; x_wconf 77' lang='grc' dir='ltr'><strong>ἀναϐάντες,</strong></span> <span class='ocrx_word' id='word_1_282' title='bbox 1595 3980 1917 4052; x_wconf 81' lang='grc' dir='ltr'><strong>κατεδίωξαν</strong></span> 
     </span>
    </p>
   </div>
   <div class='ocr_carea' id='block_1_45' title="bbox 275 4062 1918 4140">
    <p class='ocr_par' dir='ltr' id='par_1_45' title="bbox 275 4062 1918 4140">
     <span class='ocr_line' id='line_1_45' title="bbox 275 4062 1918 4140; baseline 0.001 -22"><span class='ocrx_word' id='word_1_283' title='bbox 275 4062 456 4118; x_wconf 82' lang='grc' dir='ltr'><strong>ὀπίσω</strong></span> <span class='ocrx_word' id='word_1_284' title='bbox 485 4063 684 4137; x_wconf 81' lang='grc' dir='ltr'><strong>αὐτῶν,</strong></span> <span class='ocrx_word' id='word_1_285' title='bbox 715 4064 806 4119; x_wconf 82' lang='grc' dir='ltr'><strong>καὶ</strong></span> <span class='ocrx_word' id='word_1_286' title='bbox 858 4066 956 4134; x_wconf 80' lang='grc' dir='ltr'><strong>τήν</strong></span> <span class='ocrx_word' id='word_1_287' title='bbox 1025 4065 1117 4137; x_wconf 71' lang='grc' dir='ltr'><strong>μὲν</strong></span> <span class='ocrx_word' id='word_1_288' title='bbox 1151 4063 1292 4119; x_wconf 68' lang='grc' dir='ltr'><strong>ἱδίαν</strong></span> <span class='ocrx_word' id='word_1_289' title='bbox 1327 4062 1563 4140; x_wconf 85' lang='grc' dir='ltr'><strong>δορκάδα</strong></span> <span class='ocrx_word' id='word_1_290' title='bbox 1595 4067 1918 4139; x_wconf 80' lang='grc' dir='ltr'><strong>ζωγρήσαν-</strong></span> 
     </span>
    </p>
   </div>
   <div class='ocr_carea' id='block_1_46' title="bbox 269 4151 1920 4228">
    <p class='ocr_par' dir='ltr' id='par_1_46' title="bbox 269 4151 1920 4228">
     <span class='ocr_line' id='line_1_46' title="bbox 269 4151 1920 4228; baseline 0 -20"><span class='ocrx_word' id='word_1_291' title='bbox 269 4172 384 4223; x_wconf 80' lang='grc' dir='ltr'><strong>τες,</strong></span> <span class='ocrx_word' id='word_1_292' title='bbox 425 4153 516 4208; x_wconf 87' lang='grc' dir='ltr'><strong>καὶ</strong></span> <span class='ocrx_word' id='word_1_293' title='bbox 573 4151 1066 4228; x_wconf 80' lang='grc' dir='ltr'><strong>έπαναστρεψαντες</strong></span> <span class='ocrx_word' id='word_1_294' title='bbox 1118 4152 1328 4222; x_wconf 78' lang='grc' dir='ltr'><strong>οἷ’καδε,</strong></span> <span class='ocrx_word' id='word_1_295' title='bbox 1378 4152 1635 4221; x_wconf 84' lang='grc' dir='ltr'><strong>ἀπρόϊτον</strong></span> <span class='ocrx_word' id='word_1_296' title='bbox 1661 4158 1758 4208; x_wconf 79' lang='grc' dir='ltr'><strong>τοῦ</strong></span> <span class='ocrx_word' id='word_1_297' title='bbox 1800 4154 1920 4210; x_wconf 89' lang='grc' dir='ltr'><strong>λοι-</strong></span> 
     </span>
    </p>
   </div>
   <div class='ocr_carea' id='block_1_47' title="bbox 270 4234 1918 4318">
    <p class='ocr_par' dir='ltr' id='par_1_47' title="bbox 270 4234 1918 4318">
     <span class='ocr_line' id='line_1_47' title="bbox 270 4234 1918 4318; baseline 0 -22"><span class='ocrx_word' id='word_1_298' title='bbox 270 4245 382 4296; x_wconf 77' lang='grc' dir='ltr'>ποῦ</span> <span class='ocrx_word' id='word_1_299' title='bbox 411 4234 612 4305; x_wconf 69' lang='grc' dir='ltr'><strong>ἔθεντοο</strong></span> <span class='ocrx_word' id='word_1_300' title='bbox 646 4245 748 4307; x_wconf 80' lang='grc' dir='ltr'><strong>τῆς</strong></span> <span class='ocrx_word' id='word_1_301' title='bbox 784 4238 843 4295; x_wconf 72' lang='grc' dir='ltr'><strong>δὲ</strong></span> <span class='ocrx_word' id='word_1_302' title='bbox 897 4238 1104 4311; x_wconf 87' lang='grc' dir='ltr'><strong>λοιπῆς</strong></span> <span class='ocrx_word' id='word_1_303' title='bbox 1155 4240 1355 4318; x_wconf 73' lang='grc' dir='ltr'><strong>ἀγέλης</strong></span> <span class='ocrx_word' id='word_1_304' title='bbox 1385 4243 1482 4304; x_wconf 84' lang='grc' dir='ltr'><strong>τάς</strong></span> <span class='ocrx_word' id='word_1_305' title='bbox 1535 4241 1629 4315; x_wconf 77' lang='grc' dir='ltr'><strong>μὶν</strong></span> <span class='ocrx_word' id='word_1_306' title='bbox 1662 4241 1918 4297; x_wconf 80' lang='grc' dir='ltr'><strong>ἀπέκτει-</strong></span> 
     </span>
    </p>
   </div>
   <div class='ocr_carea' id='block_1_48' title="bbox 271 4326 1918 4399">
    <p class='ocr_par' dir='ltr' id='par_1_48' title="bbox 271 4326 1918 4399">
     <span class='ocr_line' id='line_1_48' title="bbox 271 4326 1918 4399; baseline 0 -14"><span class='ocrx_word' id='word_1_307' title='bbox 271 4350 392 4399; x_wconf 88' lang='grc' dir='ltr'><strong>ναν,</strong></span> <span class='ocrx_word' id='word_1_308' title='bbox 420 4330 515 4392; x_wconf 86' lang='grc' dir='ltr'><strong>τάς</strong></span> <span class='ocrx_word' id='word_1_309' title='bbox 554 4326 612 4385; x_wconf 77' lang='grc' dir='ltr'><strong>δὶ</strong></span> <span class='ocrx_word' id='word_1_310' title='bbox 665 4334 842 4392; x_wconf 84' lang='grc' dir='ltr'><strong>κακῶς</strong></span> <span class='ocrx_word' id='word_1_311' title='bbox 901 4327 1186 4393; x_wconf 88' lang='grc' dir='ltr'><strong>διέθεντον.</strong></span> <span class='ocrx_word' id='word_1_312' title='bbox 1241 4331 1342 4387; x_wconf 86' lang='grc' dir='ltr'><strong>Τὸν</strong></span> <span class='ocrx_word' id='word_1_313' title='bbox 1401 4330 1560 4385; x_wconf 79' lang='grc' dir='ltr'><strong>αὐτὸν</strong></span> <span class='ocrx_word' id='word_1_314' title='bbox 1593 4330 1659 4398; x_wconf 76' lang='grc' dir='ltr'><strong>δὴ</strong></span> <span class='ocrx_word' id='word_1_315' title='bbox 1716 4331 1918 4399; x_wconf 84' lang='grc' dir='ltr'><strong>τρόπον</strong></span> 
     </span>
    </p>
   </div>
   <div class='ocr_carea' id='block_1_49' title="bbox 273 4414 1922 4494">
    <p class='ocr_par' dir='ltr' id='par_1_49' title="bbox 273 4414 1922 4494">
     <span class='ocr_line' id='line_1_49' title="bbox 273 4414 1922 4494; baseline 0 -22"><span class='ocrx_word' id='word_1_316' title='bbox 273 4414 495 4473; x_wconf 81' lang='grc' dir='ltr'><strong>δέδοικα</strong></span> <span class='ocrx_word' id='word_1_317' title='bbox 532 4415 776 4492; x_wconf 81' lang='grc' dir='ltr'><strong>γενέσθαι</strong></span> <span class='ocrx_word' id='word_1_318' title='bbox 823 4417 914 4472; x_wconf 87' lang='grc' dir='ltr'><strong>καὶ</strong></span> <span class='ocrx_word' id='word_1_319' title='bbox 971 4416 1049 4494; x_wconf 79' lang='grc' dir='ltr'><strong>ἐφ’</strong></span> <span class='ocrx_word' id='word_1_320' title='bbox 1107 4420 1277 4488; x_wconf 77' lang='grc' dir='ltr'><strong>ἡμᾶς,</strong></span> <span class='ocrx_word' id='word_1_321' title='bbox 1337 4418 1386 4472; x_wconf 82' lang='grc' dir='ltr'><strong>εἷ’</strong></span> <span class='ocrx_word' id='word_1_322' title='bbox 1435 4416 1922 4488; x_wconf 75' lang='grc' dir='ltr'><strong>συνακολουθήσεις</strong></span> 
     </span>
    </p>
   </div>
   <div class='ocr_carea' id='block_1_50' title="bbox 2039 535 3669 608">
    <p class='ocr_par' dir='ltr' id='par_1_50' title="bbox 2039 535 3669 608">
     <span class='ocr_line' id='line_1_50' title="bbox 2039 535 3669 608; baseline 0.006 -19"><span class='ocrx_word' id='word_1_323' title='bbox 2039 535 2148 590; x_wconf 90' lang='lat' dir='ltr'><strong>dus</strong></span> <span class='ocrx_word' id='word_1_324' title='bbox 2180 542 2420 596; x_wconf 89' lang='lat' dir='ltr'><strong>scateat.</strong></span> <span class='ocrx_word' id='word_1_325' title='bbox 2455 553 2556 590; x_wconf 91' lang='lat' dir='ltr'><strong>eos</strong></span> <span class='ocrx_word' id='word_1_326' title='bbox 2606 536 2704 606; x_wconf 88' lang='lat' dir='ltr'><strong>qui</strong></span> <span class='ocrx_word' id='word_1_327' title='bbox 2735 536 2846 606; x_wconf 88' lang='lat' dir='ltr'><strong>ipsi</strong></span> <span class='ocrx_word' id='word_1_328' title='bbox 2873 536 3283 608; x_wconf 84' lang='lat' dir='ltr'><strong>obtemperant</strong></span> <span class='ocrx_word' id='word_1_329' title='bbox 3321 540 3382 595; x_wconf 93' lang='lat' dir='ltr'><strong>in</strong></span> <span class='ocrx_word' id='word_1_330' title='bbox 3402 541 3669 598; x_wconf 83' lang='lat' dir='ltr'><strong>fraudem</strong></span> 
     </span>
    </p>
   </div>
   <div class='ocr_carea' id='block_1_51' title="bbox 2038 624 3672 702">
    <p class='ocr_par' dir='ltr' id='par_1_51' title="bbox 2038 624 3672 702">
     <span class='ocr_line' id='line_1_51' title="bbox 2038 624 3672 702; baseline 0.006 -26"><span class='ocrx_word' id='word_1_331' title='bbox 2038 624 2348 689; x_wconf 86' lang='lat' dir='ltr'><strong>inducens,</strong></span> <span class='ocrx_word' id='word_1_332' title='bbox 2381 625 2674 695; x_wconf 87' lang='lat' dir='ltr'><strong>variisque</strong></span> <span class='ocrx_word' id='word_1_333' title='bbox 2707 624 2897 678; x_wconf 85' lang='lat' dir='ltr'><strong>modis</strong></span> <span class='ocrx_word' id='word_1_334' title='bbox 2927 625 3223 680; x_wconf 85' lang='lat' dir='ltr'><strong>irretiens.</strong></span> <span class='ocrx_word' id='word_1_335' title='bbox 3248 628 3537 700; x_wconf 85' lang='lat' dir='ltr'><strong>Deinceps</strong></span> <span class='ocrx_word' id='word_1_336' title='bbox 3568 631 3672 702; x_wconf 77' lang='lat' dir='ltr'><strong>lgi-</strong></span> 
     </span>
    </p>
   </div>
   <div class='ocr_carea' id='block_1_52' title="bbox 2036 712 3673 784">
    <p class='ocr_par' dir='ltr' id='par_1_52' title="bbox 2036 712 3673 784">
     <span class='ocr_line' id='line_1_52' title="bbox 2036 712 3673 784; baseline 0.005 -18"><span class='ocrx_word' id='word_1_337' title='bbox 2036 717 2252 778; x_wconf 54' lang='lat' dir='ltr'><strong>tur,.eo</strong></span> <span class='ocrx_word' id='word_1_338' title='bbox 2283 712 2440 767; x_wconf 90' lang='lat' dir='ltr'><strong>unde</strong></span> <span class='ocrx_word' id='word_1_339' title='bbox 2473 712 2588 767; x_wconf 91' lang='lat' dir='ltr'><strong>huc</strong></span> <span class='ocrx_word' id='word_1_340' title='bbox 2624 713 2776 775; x_wconf 86' lang='lat' dir='ltr'><strong>veni,</strong></span> <span class='ocrx_word' id='word_1_341' title='bbox 2830 714 3240 769; x_wconf 77' lang='lat' dir='ltr'><strong>revertendum</strong></span> <span class='ocrx_word' id='word_1_342' title='bbox 3288 723 3398 784; x_wconf 90' lang='lat' dir='ltr'><strong>est,</strong></span> <span class='ocrx_word' id='word_1_343' title='bbox 3431 733 3499 773; x_wconf 88' lang='lat' dir='ltr'><strong>ac</strong></span> <span class='ocrx_word' id='word_1_344' title='bbox 3546 725 3673 774; x_wconf 89' lang='lat' dir='ltr'><strong>tum</strong></span> 
     </span>
    </p>
   </div>
   <div class='ocr_carea' id='block_1_53' title="bbox 2036 801 3334 872">
    <p class='ocr_par' dir='ltr' id='par_1_53' title="bbox 2036 801 3334 872">
     <span class='ocr_line' id='line_1_53' title="bbox 2036 801 3334 872; baseline 0.004 -18"><span class='ocrx_word' id='word_1_345' title='bbox 2036 801 2231 856; x_wconf 90' lang='lat' dir='ltr'><strong>alieno</strong></span> <span class='ocrx_word' id='word_1_346' title='bbox 2264 801 2467 856; x_wconf 89' lang='lat' dir='ltr'><strong>habitu</strong></span> <span class='ocrx_word' id='word_1_347' title='bbox 2500 801 2787 872; x_wconf 90' lang='lat' dir='ltr'><strong>deposito,</strong></span> <span class='ocrx_word' id='word_1_348' title='bbox 2821 817 3020 856; x_wconf 90' lang='lat' dir='ltr'><strong>meum</strong></span> <span class='ocrx_word' id='word_1_349' title='bbox 3071 803 3334 858; x_wconf 81' lang='lat' dir='ltr'><strong>induam.</strong></span> 
     </span>
    </p>
   </div>
   <div class='ocr_carea' id='block_1_54' title="bbox 2109 979 3668 1053">
    <p class='ocr_par' dir='ltr' id='par_1_54' title="bbox 2109 979 3668 1053">
     <span class='ocr_line' id='line_1_54' title="bbox 2109 979 3668 1053; baseline 0.004 -21"><span class='ocrx_word' id='word_1_350' title='bbox 2109 979 2448 1034; x_wconf 88' lang='lat' dir='ltr'><strong>Obsecravit</strong></span> <span class='ocrx_word' id='word_1_351' title='bbox 2469 984 2667 1033; x_wconf 90' lang='lat' dir='ltr'><strong>autem</strong></span> <span class='ocrx_word' id='word_1_352' title='bbox 2693 995 2893 1034; x_wconf 88' lang='lat' dir='ltr'><strong>senem</strong></span> <span class='ocrx_word' id='word_1_353' title='bbox 2919 981 3216 1051; x_wconf 82' lang='lat' dir='ltr'><strong>Josaphat,</strong></span> <span class='ocrx_word' id='word_1_354' title='bbox 3230 985 3296 1036; x_wconf 90' lang='lat' dir='ltr'><strong>ut</strong></span> <span class='ocrx_word' id='word_1_355' title='bbox 3309 999 3369 1036; x_wconf 91' lang='lat' dir='ltr'><strong>se</strong></span> <span class='ocrx_word' id='word_1_356' title='bbox 3399 982 3510 1053; x_wconf 86' lang='lat' dir='ltr'><strong>ipsi</strong></span> <span class='ocrx_word' id='word_1_357' title='bbox 3535 1000 3668 1039; x_wconf 90' lang='lat' dir='ltr'><strong>cum</strong></span> 
     </span>
    </p>
   </div>
   <div class='ocr_carea' id='block_1_55' title="bbox 2035 1067 3673 1140">
    <p class='ocr_par' dir='ltr' id='par_1_55' title="bbox 2035 1067 3673 1140">
     <span class='ocr_line' id='line_1_55' title="bbox 2035 1067 3673 1140; baseline 0.004 -20"><span class='ocrx_word' id='word_1_358' title='bbox 2035 1072 2319 1122; x_wconf 88' lang='lat' dir='ltr'><strong>consueta</strong></span> <span class='ocrx_word' id='word_1_359' title='bbox 2349 1073 2505 1121; x_wconf 84' lang='lat' dir='ltr'><strong>veste</strong></span> <span class='ocrx_word' id='word_1_360' title='bbox 2525 1067 2878 1122; x_wconf 82' lang='lat' dir='ltr'><strong>ostenderet.</strong></span> <span class='ocrx_word' id='word_1_361' title='bbox 2904 1069 3047 1122; x_wconf 90' lang='lat' dir='ltr'><strong>Cum</strong></span> <span class='ocrx_word' id='word_1_362' title='bbox 3071 1069 3267 1140; x_wconf 85' lang='lat' dir='ltr'><strong>itaque</strong></span> <span class='ocrx_word' id='word_1_363' title='bbox 3291 1071 3558 1126; x_wconf 88' lang='lat' dir='ltr'><strong>Barlaam</strong></span> <span class='ocrx_word' id='word_1_364' title='bbox 3579 1087 3673 1126; x_wconf 86' lang='lat' dir='ltr'><strong>ve-</strong></span> 
     </span>
    </p>
   </div>
   <div class='ocr_carea' id='block_1_56' title="bbox 2035 1155 3668 1226">
    <p class='ocr_par' dir='ltr' id='par_1_56' title="bbox 2035 1155 3668 1226">
     <span class='ocr_line' id='line_1_56' title="bbox 2035 1155 3668 1226; baseline 0.003 -16"><span class='ocrx_word' id='word_1_365' title='bbox 2035 1160 2184 1210; x_wconf 88' lang='lat' dir='ltr'><strong>stem</strong></span> <span class='ocrx_word' id='word_1_366' title='bbox 2215 1171 2344 1209; x_wconf 89' lang='lat' dir='ltr'><strong>eam</strong></span> <span class='ocrx_word' id='word_1_367' title='bbox 2367 1171 2541 1225; x_wconf 90' lang='lat' dir='ltr'><strong>quam</strong></span> <span class='ocrx_word' id='word_1_368' title='bbox 2563 1155 2804 1226; x_wconf 81' lang='lat' dir='ltr'><strong>gerebat</strong></span> <span class='ocrx_word' id='word_1_369' title='bbox 2824 1156 3100 1225; x_wconf 84' lang='lat' dir='ltr'><strong>exuisset,</strong></span> <span class='ocrx_word' id='word_1_370' title='bbox 3125 1157 3487 1213; x_wconf 90' lang='lat' dir='ltr'><strong>horrendum</strong></span> <span class='ocrx_word' id='word_1_371' title='bbox 3507 1161 3668 1215; x_wconf 84' lang='lat' dir='ltr'><strong>.losa-</strong></span> 
     </span>
    </p>
   </div>
   <div class='ocr_carea' id='block_1_57' title="bbox 2033 1243 3668 1314">
    <p class='ocr_par' dir='ltr' id='par_1_57' title="bbox 2033 1243 3668 1314">
     <span class='ocr_line' id='line_1_57' title="bbox 2033 1243 3668 1314; baseline 0.003 -17"><span class='ocrx_word' id='word_1_372' title='bbox 2033 1243 2177 1314; x_wconf 90' lang='lat' dir='ltr'><strong>phat</strong></span> <span class='ocrx_word' id='word_1_373' title='bbox 2206 1243 2609 1314; x_wconf 81' lang='lat' dir='ltr'><strong>spectaculum</strong></span> <span class='ocrx_word' id='word_1_374' title='bbox 2632 1259 2762 1298; x_wconf 89' lang='lat' dir='ltr'><strong>sese</strong></span> <span class='ocrx_word' id='word_1_375' title='bbox 2785 1243 3018 1298; x_wconf 85' lang='lat' dir='ltr'><strong>obtulit.</strong></span> <span class='ocrx_word' id='word_1_376' title='bbox 3051 1245 3284 1300; x_wconf 86' lang='lat' dir='ltr'><strong>Etenim</strong></span> <span class='ocrx_word' id='word_1_377' title='bbox 3311 1251 3430 1301; x_wconf 88' lang='lat' dir='ltr'><strong>tota</strong></span> <span class='ocrx_word' id='word_1_378' title='bbox 3473 1248 3668 1302; x_wconf 84' lang='lat' dir='ltr'><strong>carnis</strong></span> 
     </span>
    </p>
   </div>
   <div class='ocr_carea' id='block_1_58' title="bbox 2033 1331 3672 1405">
    <p class='ocr_par' dir='ltr' id='par_1_58' title="bbox 2033 1331 3672 1405">
     <span class='ocr_line' id='line_1_58' title="bbox 2033 1331 3672 1405; baseline 0.003 -21"><span class='ocrx_word' id='word_1_379' title='bbox 2033 1331 2220 1402; x_wconf 88' lang='lat' dir='ltr'><strong>ipsius</strong></span> <span class='ocrx_word' id='word_1_380' title='bbox 2246 1331 2500 1402; x_wconf 83' lang='lat' dir='ltr'><strong>qualitas</strong></span> <span class='ocrx_word' id='word_1_381' title='bbox 2535 1331 2752 1403; x_wconf 84' lang='grc' dir='ltr'><strong>[πιότης</strong></span> <span class='ocrx_word' id='word_1_382' title='bbox 2779 1335 3012 1400; x_wconf 77' lang='lat' dir='ltr'><strong>fortasse</strong></span> <span class='ocrx_word' id='word_1_383' title='bbox 3035 1334 3340 1402; x_wconf 81' lang='lat' dir='ltr'><strong>legendum,</strong></span> <span class='ocrx_word' id='word_1_384' title='bbox 3368 1335 3430 1388; x_wconf 79' lang='lat' dir='ltr'><strong>id</strong></span> <span class='ocrx_word' id='word_1_385' title='bbox 3448 1342 3524 1389; x_wconf 70' lang='lat' dir='ltr'><strong>est</strong></span> <span class='ocrx_word' id='word_1_386' title='bbox 3546 1336 3672 1405; x_wconf 89' lang='lat' dir='ltr'><strong>pin-</strong></span> 
     </span>
    </p>
   </div>
   <div class='ocr_carea' id='block_1_59' title="bbox 2032 1418 3670 1493">
    <p class='ocr_par' dir='ltr' id='par_1_59' title="bbox 2032 1418 3670 1493">
     <span class='ocr_line' id='line_1_59' title="bbox 2032 1418 3670 1493; baseline 0.002 -21"><span class='ocrx_word' id='word_1_387' title='bbox 2032 1418 2239 1490; x_wconf 89' lang='lat' dir='ltr'><strong>guedo]</strong></span> <span class='ocrx_word' id='word_1_388' title='bbox 2261 1419 2573 1490; x_wconf 86' lang='lat' dir='ltr'><strong>absumpta</strong></span> <span class='ocrx_word' id='word_1_389' title='bbox 2599 1425 2742 1482; x_wconf 88' lang='lat' dir='ltr'><strong>erat.</strong></span> <span class='ocrx_word' id='word_1_390' title='bbox 2767 1437 2833 1474; x_wconf 92' lang='lat' dir='ltr'><strong>ac</strong></span> <span class='ocrx_word' id='word_1_391' title='bbox 2859 1420 3033 1490; x_wconf 88' lang='lat' dir='ltr'><strong>pellis</strong></span> <span class='ocrx_word' id='word_1_392' title='bbox 3057 1437 3126 1475; x_wconf 85' lang='lat' dir='ltr'><strong>ex</strong></span> <span class='ocrx_word' id='word_1_393' title='bbox 3156 1422 3300 1476; x_wconf 92' lang='lat' dir='ltr'><strong>solis</strong></span> <span class='ocrx_word' id='word_1_394' title='bbox 3323 1427 3469 1476; x_wconf 73' lang='lat' dir='ltr'><strong>mstu</strong></span> <span class='ocrx_word' id='word_1_395' title='bbox 3492 1427 3670 1493; x_wconf 88' lang='lat' dir='ltr'><strong>atque</strong></span> 
     </span>
    </p>
   </div>
   <div class='ocr_carea' id='block_1_60' title="bbox 2033 1507 3669 1580">
    <p class='ocr_par' dir='ltr' id='par_1_60' title="bbox 2033 1507 3669 1580">
     <span class='ocr_line' id='line_1_60' title="bbox 2033 1507 3669 1580; baseline 0.001 -18"><span class='ocrx_word' id='word_1_396' title='bbox 2033 1507 2243 1562; x_wconf 90' lang='lat' dir='ltr'><strong>ardore</strong></span> <span class='ocrx_word' id='word_1_397' title='bbox 2264 1507 2486 1562; x_wconf 88' lang='lat' dir='ltr'><strong>circum</strong></span> <span class='ocrx_word' id='word_1_398' title='bbox 2509 1524 2642 1562; x_wconf 89' lang='lat' dir='ltr'><strong>ossa</strong></span> <span class='ocrx_word' id='word_1_399' title='bbox 2664 1513 2834 1562; x_wconf 92' lang='lat' dir='ltr'><strong>tensa</strong></span> <span class='ocrx_word' id='word_1_400' title='bbox 2859 1514 3004 1574; x_wconf 90' lang='lat' dir='ltr'><strong>erat,</strong></span> <span class='ocrx_word' id='word_1_401' title='bbox 3029 1525 3148 1563; x_wconf 90' lang='lat' dir='ltr'><strong>non</strong></span> <span class='ocrx_word' id='word_1_402' title='bbox 3173 1525 3341 1563; x_wconf 90' lang='lat' dir='ltr'><strong>secus</strong></span> <span class='ocrx_word' id='word_1_403' title='bbox 3364 1525 3430 1564; x_wconf 93' lang='lat' dir='ltr'><strong>ac</strong></span> <span class='ocrx_word' id='word_1_404' title='bbox 3454 1510 3501 1563; x_wconf 92' lang='lat' dir='ltr'><strong>si</strong></span> <span class='ocrx_word' id='word_1_405' title='bbox 3537 1509 3669 1580; x_wconf 88' lang='lat' dir='ltr'><strong>quis</strong></span> 
     </span>
    </p>
   </div>
   <div class='ocr_carea' id='block_1_61' title="bbox 2032 1596 3668 1670">
    <p class='ocr_par' dir='ltr' id='par_1_61' title="bbox 2032 1596 3668 1670">
     <span class='ocr_line' id='line_1_61' title="bbox 2032 1596 3668 1670; baseline 0.002 -19"><span class='ocrx_word' id='word_1_406' title='bbox 2032 1596 2248 1667; x_wconf 87' lang='lat' dir='ltr'><strong>pellem</strong></span> <span class='ocrx_word' id='word_1_407' title='bbox 2267 1596 2582 1652; x_wconf 89' lang='lat' dir='ltr'><strong>subtilibus</strong></span> <span class='ocrx_word' id='word_1_408' title='bbox 2594 1597 2839 1652; x_wconf 81' lang='lat' dir='ltr'><strong>calamis</strong></span> <span class='ocrx_word' id='word_1_409' title='bbox 2864 1599 3231 1653; x_wconf 85' lang='lat' dir='ltr'><strong>tetendisset.</strong></span> <span class='ocrx_word' id='word_1_410' title='bbox 3248 1601 3480 1654; x_wconf 90' lang='lat' dir='ltr'><strong>Pannos</strong></span> <span class='ocrx_word' id='word_1_411' title='bbox 3492 1616 3668 1670; x_wconf 89' lang='lat' dir='ltr'><strong>porro</strong></span> 
     </span>
    </p>
   </div>
   <div class='ocr_carea' id='block_1_62' title="bbox 2033 1685 3670 1759">
    <p class='ocr_par' dir='ltr' id='par_1_62' title="bbox 2033 1685 3670 1759">
     <span class='ocr_line' id='line_1_62' title="bbox 2033 1685 3670 1759; baseline 0.002 -20"><span class='ocrx_word' id='word_1_412' title='bbox 2033 1699 2099 1739; x_wconf 87' lang='lat' dir='ltr'><strong>ac</strong></span> <span class='ocrx_word' id='word_1_413' title='bbox 2115 1702 2399 1756; x_wconf 88' lang='lat' dir='ltr'><strong>perquam</strong></span> <span class='ocrx_word' id='word_1_414' title='bbox 2426 1702 2633 1756; x_wconf 86' lang='lat' dir='ltr'><strong>aspero</strong></span> <span class='ocrx_word' id='word_1_415' title='bbox 2666 1685 2858 1740; x_wconf 91' lang='lat' dir='ltr'><strong>cilicio</strong></span> <span class='ocrx_word' id='word_1_416' title='bbox 2883 1702 2912 1740; x_wconf 91' lang='lat' dir='ltr'><strong>e</strong></span> <span class='ocrx_word' id='word_1_417' title='bbox 2939 1686 3156 1741; x_wconf 89' lang='lat' dir='ltr'><strong>lumbis</strong></span> <span class='ocrx_word' id='word_1_418' title='bbox 3177 1703 3365 1758; x_wconf 90' lang='lat' dir='ltr'><strong>usque</strong></span> <span class='ocrx_word' id='word_1_419' title='bbox 3387 1688 3459 1742; x_wconf 90' lang='lat' dir='ltr'><strong>ad</strong></span> <span class='ocrx_word' id='word_1_420' title='bbox 3476 1703 3670 1759; x_wconf 82' lang='lat' dir='ltr'><strong>genua</strong></span> 
     </span>
    </p>
   </div>
   <div class='ocr_carea' id='block_1_63' title="bbox 2033 1773 3556 1847">
    <p class='ocr_par' dir='ltr' id='par_1_63' title="bbox 2033 1773 3556 1847">
     <span class='ocr_line' id='line_1_63' title="bbox 2033 1773 3556 1847; baseline 0.002 -19"><span class='ocrx_word' id='word_1_421' title='bbox 2033 1773 2396 1845; x_wconf 81' lang='lat' dir='ltr'><strong>cingebatur,</strong></span> <span class='ocrx_word' id='word_1_422' title='bbox 2428 1773 2705 1845; x_wconf 91' lang='lat' dir='ltr'><strong>idemque</strong></span> <span class='ocrx_word' id='word_1_423' title='bbox 2735 1774 2981 1846; x_wconf 90' lang='lat' dir='ltr'><strong>pallium</strong></span> <span class='ocrx_word' id='word_1_424' title='bbox 3006 1775 3269 1830; x_wconf 90' lang='lat' dir='ltr'><strong>humeris</strong></span> <span class='ocrx_word' id='word_1_425' title='bbox 3301 1775 3556 1847; x_wconf 83' lang='lat' dir='ltr'><strong>gerebat.</strong></span> 
     </span>
    </p>
   </div>
   <div class='ocr_carea' id='block_1_64' title="bbox 2102 1949 3668 2023">
    <p class='ocr_par' dir='ltr' id='par_1_64' title="bbox 2102 1949 3668 2023">
     <span class='ocr_line' id='line_1_64' title="bbox 2102 1949 3668 2023; baseline 0.001 -19"><span class='ocrx_word' id='word_1_426' title='bbox 2102 1949 2440 2006; x_wconf 81' lang='lat' dir='ltr'><strong>Admiratus</strong></span> <span class='ocrx_word' id='word_1_427' title='bbox 2471 1951 2668 2020; x_wconf 89' lang='lat' dir='ltr'><strong>itaque</strong></span> <span class='ocrx_word' id='word_1_428' title='bbox 2688 1951 2968 2022; x_wconf 83' lang='lat' dir='ltr'><strong>Josaphat</strong></span> <span class='ocrx_word' id='word_1_429' title='bbox 2993 1951 3332 2023; x_wconf 87' lang='lat' dir='ltr'><strong>hujusmodi</strong></span> <span class='ocrx_word' id='word_1_430' title='bbox 3353 1952 3481 2007; x_wconf 66' lang='lat' dir='ltr'><strong>vitae</strong></span> <span class='ocrx_word' id='word_1_431' title='bbox 3503 1952 3668 2008; x_wconf 83' lang='lat' dir='ltr'><strong>duri-</strong></span> 
     </span>
    </p>
   </div>
   <div class='ocr_carea' id='block_1_65' title="bbox 2031 2038 3666 2112">
    <p class='ocr_par' dir='ltr' id='par_1_65' title="bbox 2031 2038 3666 2112">
     <span class='ocr_line' id='line_1_65' title="bbox 2031 2038 3666 2112; baseline 0.002 -21"><span class='ocrx_word' id='word_1_432' title='bbox 2031 2038 2174 2092; x_wconf 89' lang='lat' dir='ltr'><strong>tiam</strong></span> <span class='ocrx_word' id='word_1_433' title='bbox 2200 2039 2668 2110; x_wconf 85' lang='lat' dir='ltr'><strong>etasperitatem,</strong></span> <span class='ocrx_word' id='word_1_434' title='bbox 2685 2045 2861 2110; x_wconf 90' lang='lat' dir='ltr'><strong>atque</strong></span> <span class='ocrx_word' id='word_1_435' title='bbox 2884 2039 3191 2112; x_wconf 80' lang='lat' dir='ltr'><strong>exingenti</strong></span> <span class='ocrx_word' id='word_1_436' title='bbox 3214 2056 3283 2095; x_wconf 89' lang='lat' dir='ltr'><strong>ea</strong></span> <span class='ocrx_word' id='word_1_437' title='bbox 3304 2048 3362 2095; x_wconf 90' lang='lat' dir='ltr'><strong>et</strong></span> <span class='ocrx_word' id='word_1_438' title='bbox 3383 2040 3666 2112; x_wconf 88' lang='lat' dir='ltr'><strong>singulari</strong></span> 
     </span>
    </p>
   </div>
   <div class='ocr_carea' id='block_1_66' title="bbox 2030 2127 3663 2198">
    <p class='ocr_par' dir='ltr' id='par_1_66' title="bbox 2030 2127 3663 2198">
     <span class='ocr_line' id='line_1_66' title="bbox 2030 2127 3663 2198; baseline 0.002 -19"><span class='ocrx_word' id='word_1_439' title='bbox 2030 2127 2342 2182; x_wconf 85' lang='lat' dir='ltr'><strong>tolerantia</strong></span> <span class='ocrx_word' id='word_1_440' title='bbox 2383 2134 2622 2198; x_wconf 90' lang='lat' dir='ltr'><strong>stupore</strong></span> <span class='ocrx_word' id='word_1_441' title='bbox 2652 2128 2896 2182; x_wconf 69' lang='lat' dir='ltr'><strong>affectus</strong></span> <span class='ocrx_word' id='word_1_442' title='bbox 2939 2128 3248 2198; x_wconf 84' lang='lat' dir='ltr'><strong>ingemuit,</strong></span> <span class='ocrx_word' id='word_1_443' title='bbox 3289 2128 3663 2198; x_wconf 89' lang='lat' dir='ltr'><strong>profusisque</strong></span> 
     </span>
    </p>
   </div>
   <div class='ocr_carea' id='block_1_67' title="bbox 2028 2210 3663 2282">
    <p class='ocr_par' dir='ltr' id='par_1_67' title="bbox 2028 2210 3663 2282">
     <span class='ocr_line' id='line_1_67' title="bbox 2028 2210 3663 2282; baseline 0.001 -16"><span class='ocrx_word' id='word_1_444' title='bbox 2028 2210 2306 2282; x_wconf 83' lang='lat' dir='ltr'><strong>lacrymis</strong></span> <span class='ocrx_word' id='word_1_445' title='bbox 2335 2213 2409 2266; x_wconf 92' lang='lat' dir='ltr'><strong>ad</strong></span> <span class='ocrx_word' id='word_1_446' title='bbox 2459 2228 2660 2267; x_wconf 89' lang='lat' dir='ltr'><strong>senem</strong></span> <span class='ocrx_word' id='word_1_447' title='bbox 2692 2213 2776 2267; x_wconf 87' lang='lat' dir='ltr'><strong>ait</strong></span> <span class='ocrx_word' id='word_1_448' title='bbox 2801 2229 2814 2266; x_wconf 90' lang='lat'>:</span> <span class='ocrx_word' id='word_1_449' title='bbox 2865 2213 3150 2277; x_wconf 89' lang='lat' dir='ltr'><strong>Quoniam</strong></span> <span class='ocrx_word' id='word_1_450' title='bbox 3187 2229 3256 2267; x_wconf 92' lang='lat' dir='ltr'><strong>ea</strong></span> <span class='ocrx_word' id='word_1_451' title='bbox 3285 2212 3388 2266; x_wconf 84' lang='lat' dir='ltr'><strong>tibi</strong></span> <span class='ocrx_word' id='word_1_452' title='bbox 3419 2212 3534 2267; x_wconf 87' lang='lat' dir='ltr'><strong>huc</strong></span> <span class='ocrx_word' id='word_1_453' title='bbox 3565 2228 3663 2267; x_wconf 86' lang='lat' dir='ltr'><strong>ve-</strong></span> 
     </span>
    </p>
   </div>
   <div class='ocr_carea' id='block_1_68' title="bbox 2027 2299 3662 2366">
    <p class='ocr_par' dir='ltr' id='par_1_68' title="bbox 2027 2299 3662 2366">
     <span class='ocr_line' id='line_1_68' title="bbox 2027 2299 3662 2366; baseline 0.001 -13"><span class='ocrx_word' id='word_1_454' title='bbox 2027 2299 2230 2354; x_wconf 90' lang='lat' dir='ltr'><strong>niendi</strong></span> <span class='ocrx_word' id='word_1_455' title='bbox 2254 2317 2432 2356; x_wconf 89' lang='lat' dir='ltr'><strong>causa</strong></span> <span class='ocrx_word' id='word_1_456' title='bbox 2450 2300 2580 2366; x_wconf 84' lang='lat' dir='ltr'><strong>fuit,</strong></span> <span class='ocrx_word' id='word_1_457' title='bbox 2604 2307 2669 2354; x_wconf 89' lang='lat' dir='ltr'><strong>ut</strong></span> <span class='ocrx_word' id='word_1_458' title='bbox 2690 2317 2784 2356; x_wconf 91' lang='lat' dir='ltr'><strong>me</strong></span> <span class='ocrx_word' id='word_1_459' title='bbox 2815 2317 2884 2354; x_wconf 84' lang='lat' dir='ltr'><strong>ex</strong></span> <span class='ocrx_word' id='word_1_460' title='bbox 2915 2301 3127 2356; x_wconf 90' lang='lat' dir='ltr'><strong>acerba</strong></span> <span class='ocrx_word' id='word_1_461' title='bbox 3142 2300 3362 2355; x_wconf 89' lang='lat' dir='ltr'><strong>diaboli</strong></span> <span class='ocrx_word' id='word_1_462' title='bbox 3382 2301 3662 2355; x_wconf 87' lang='lat' dir='ltr'><strong>servitute</strong></span> 
     </span>
    </p>
   </div>
   <div class='ocr_carea' id='block_1_69' title="bbox 2027 2389 3664 2459">
    <p class='ocr_par' dir='ltr' id='par_1_69' title="bbox 2027 2389 3664 2459">
     <span class='ocr_line' id='line_1_69' title="bbox 2027 2389 3664 2459; baseline -0.001 -16"><span class='ocrx_word' id='word_1_463' title='bbox 2027 2391 2386 2454; x_wconf 83' lang='lat' dir='ltr'><strong>extraheres,</strong></span> <span class='ocrx_word' id='word_1_464' title='bbox 2415 2389 2704 2444; x_wconf 81' lang='lat' dir='ltr'><strong>beneﬂcio</strong></span> <span class='ocrx_word' id='word_1_465' title='bbox 2731 2395 2830 2443; x_wconf 91' lang='lat' dir='ltr'><strong>tuo</strong></span> <span class='ocrx_word' id='word_1_466' title='bbox 2853 2394 3177 2444; x_wconf 84' lang='lat' dir='ltr'><strong>extremam</strong></span> <span class='ocrx_word' id='word_1_467' title='bbox 3201 2405 3442 2444; x_wconf 86' lang='lat' dir='ltr'><strong>manum</strong></span> <span class='ocrx_word' id='word_1_468' title='bbox 3473 2389 3664 2459; x_wconf 90' lang='lat' dir='ltr'><strong>impo-</strong></span> 
     </span>
    </p>
   </div>
   <div class='ocr_carea' id='block_1_70' title="bbox 2027 2476 3662 2547">
    <p class='ocr_par' dir='ltr' id='par_1_70' title="bbox 2027 2476 3662 2547">
     <span class='ocr_line' id='line_1_70' title="bbox 2027 2476 3662 2547; baseline -0.001 -15"><span class='ocrx_word' id='word_1_469' title='bbox 2027 2493 2122 2541; x_wconf 82' lang='lat' dir='ltr'><strong>ne,</strong></span> <span class='ocrx_word' id='word_1_470' title='bbox 2155 2482 2331 2547; x_wconf 90' lang='lat' dir='ltr'><strong>atque</strong></span> <span class='ocrx_word' id='word_1_471' title='bbox 2361 2477 2622 2532; x_wconf 90' lang='lat' dir='ltr'><strong>animam</strong></span> <span class='ocrx_word' id='word_1_472' title='bbox 2653 2493 2846 2532; x_wconf 90' lang='lat' dir='ltr'><strong>meam</strong></span> <span class='ocrx_word' id='word_1_473' title='bbox 2871 2476 2942 2531; x_wconf 92' lang='lat' dir='ltr'><strong>de</strong></span> <span class='ocrx_word' id='word_1_474' title='bbox 2983 2478 3248 2532; x_wconf 72' lang='lat' dir='ltr'><strong>custodia</strong></span> <span class='ocrx_word' id='word_1_475' title='bbox 3295 2478 3442 2532; x_wconf 91' lang='lat' dir='ltr'><strong>educ</strong></span> <span class='ocrx_word' id='word_1_476' title='bbox 3490 2477 3662 2544; x_wconf 83' lang='lat' dir='ltr'><strong>(Psal.</strong></span> 
     </span>
    </p>
   </div>
   <div class='ocr_carea' id='block_1_71' title="bbox 2029 2563 3664 2633">
    <p class='ocr_par' dir='ltr' id='par_1_71' title="bbox 2029 2563 3664 2633">
     <span class='ocr_line' id='line_1_71' title="bbox 2029 2563 3664 2633; baseline -0.002 -13"><span class='ocrx_word' id='word_1_477' title='bbox 2029 2568 2262 2633; x_wconf 78' lang='lat' dir='ltr'><strong>cxu)ac</strong></span> <span class='ocrx_word' id='word_1_478' title='bbox 2292 2581 2386 2619; x_wconf 89' lang='lat' dir='ltr'><strong>me</strong></span> <span class='ocrx_word' id='word_1_479' title='bbox 2417 2565 2648 2620; x_wconf 84' lang='lat' dir='ltr'><strong>itineris</strong></span> <span class='ocrx_word' id='word_1_480' title='bbox 2692 2566 2776 2619; x_wconf 91' lang='lat' dir='ltr'><strong>tui</strong></span> <span class='ocrx_word' id='word_1_481' title='bbox 2824 2565 3048 2619; x_wconf 89' lang='lat' dir='ltr'><strong>socium</strong></span> <span class='ocrx_word' id='word_1_482' title='bbox 3088 2564 3327 2628; x_wconf 86' lang='lat' dir='ltr'><strong>adhibe,</strong></span> <span class='ocrx_word' id='word_1_483' title='bbox 3355 2570 3421 2618; x_wconf 91' lang='lat' dir='ltr'><strong>ut</strong></span> <span class='ocrx_word' id='word_1_484' title='bbox 3456 2563 3664 2618; x_wconf 91' lang='lat' dir='ltr'><strong>mundi</strong></span> 
     </span>
    </p>
   </div>
   <div class='ocr_carea' id='block_1_72' title="bbox 2027 2653 3665 2725">
    <p class='ocr_par' dir='ltr' id='par_1_72' title="bbox 2027 2653 3665 2725">
     <span class='ocr_line' id='line_1_72' title="bbox 2027 2653 3665 2725; baseline -0.001 -17"><span class='ocrx_word' id='word_1_485' title='bbox 2027 2655 2359 2724; x_wconf 89' lang='lat' dir='ltr'><strong>impostura</strong></span> <span class='ocrx_word' id='word_1_486' title='bbox 2387 2671 2628 2725; x_wconf 87' lang='lat' dir='ltr'><strong>prorsus</strong></span> <span class='ocrx_word' id='word_1_487' title='bbox 2657 2653 2960 2720; x_wconf 89' lang='lat' dir='ltr'><strong>liberatus,</strong></span> <span class='ocrx_word' id='word_1_488' title='bbox 2995 2660 3117 2706; x_wconf 91' lang='lat' dir='ltr'><strong>tum</strong></span> <span class='ocrx_word' id='word_1_489' title='bbox 3149 2653 3403 2722; x_wconf 88' lang='lat' dir='ltr'><strong>denique</strong></span> <span class='ocrx_word' id='word_1_490' title='bbox 3437 2654 3665 2706; x_wconf 89' lang='lat' dir='ltr'><strong>saluta-</strong></span> 
     </span>
    </p>
   </div>
   <div class='ocr_carea' id='block_1_73' title="bbox 2027 2738 3667 2814">
    <p class='ocr_par' dir='ltr' id='par_1_73' title="bbox 2027 2738 3667 2814">
     <span class='ocr_line' id='line_1_73' title="bbox 2027 2738 3667 2814; baseline -0.002 -18"><span class='ocrx_word' id='word_1_491' title='bbox 2027 2743 2108 2796; x_wconf 90' lang='lat' dir='ltr'><strong>ris</strong></span> <span class='ocrx_word' id='word_1_492' title='bbox 2139 2742 2416 2813; x_wconf 89' lang='lat' dir='ltr'><strong>baptismi</strong></span> <span class='ocrx_word' id='word_1_493' title='bbox 2444 2743 2703 2814; x_wconf 85' lang='lat' dir='ltr'><strong>sigillum</strong></span> <span class='ocrx_word' id='word_1_494' title='bbox 2735 2741 3041 2812; x_wconf 89' lang='lat' dir='ltr'><strong>accipiam,</strong></span> <span class='ocrx_word' id='word_1_495' title='bbox 3065 2740 3409 2810; x_wconf 89' lang='lat' dir='ltr'><strong>sociumque</strong></span> <span class='ocrx_word' id='word_1_496' title='bbox 3435 2753 3528 2793; x_wconf 89' lang='lat' dir='ltr'><strong>me</strong></span> <span class='ocrx_word' id='word_1_497' title='bbox 3561 2738 3667 2792; x_wconf 89' lang='lat' dir='ltr'><strong>tibi</strong></span> 
     </span>
    </p>
   </div>
   <div class='ocr_carea' id='block_1_74' title="bbox 2027 2827 3656 2900">
    <p class='ocr_par' dir='ltr' id='par_1_74' title="bbox 2027 2827 3656 2900">
     <span class='ocr_line' id='line_1_74' title="bbox 2027 2827 3656 2900; baseline -0.002 -16"><span class='ocrx_word' id='word_1_498' title='bbox 2027 2829 2382 2885; x_wconf 75' lang='lat' dir='ltr'><strong>admitandaa</strong></span> <span class='ocrx_word' id='word_1_499' title='bbox 2413 2831 2592 2900; x_wconf 80' lang='lat' dir='ltr'><strong>hujus</strong></span> <span class='ocrx_word' id='word_1_500' title='bbox 2622 2829 3009 2900; x_wconf 61' lang='lat' dir='ltr'><strong>philosophia;</strong></span> <span class='ocrx_word' id='word_1_501' title='bbox 3038 2835 3214 2899; x_wconf 89' lang='lat' dir='ltr'><strong>atque</strong></span> <span class='ocrx_word' id='word_1_502' title='bbox 3237 2827 3466 2882; x_wconf 62' lang='lat' dir='ltr'><strong>eximia)</strong></span> <span class='ocrx_word' id='word_1_503' title='bbox 3497 2842 3656 2882; x_wconf 81' lang='lat' dir='ltr'><strong>exer-</strong></span> 
     </span>
    </p>
   </div>
   <div class='ocr_carea' id='block_1_75' title="bbox 2030 2917 2670 2988">
    <p class='ocr_par' dir='ltr' id='par_1_75' title="bbox 2030 2917 2670 2988">
     <span class='ocr_line' id='line_1_75' title="bbox 2030 2917 2670 2988; baseline 0.002 -16"><span class='ocrx_word' id='word_1_504' title='bbox 2030 2918 2328 2973; x_wconf 89' lang='lat' dir='ltr'><strong>citationis</strong></span> <span class='ocrx_word' id='word_1_505' title='bbox 2353 2917 2670 2988; x_wconf 67' lang='lat' dir='ltr'><strong>praebeam.</strong></span> 
     </span>
    </p>
   </div>
   <div class='ocr_carea' id='block_1_76' title="bbox 2101 3094 3664 3166">
    <p class='ocr_par' dir='ltr' id='par_1_76' title="bbox 2101 3094 3664 3166">
     <span class='ocr_line' id='line_1_76' title="bbox 2101 3094 3664 3166; baseline -0.001 -17"><span class='ocrx_word' id='word_1_506' title='bbox 2101 3095 2256 3150; x_wconf 84' lang='lat' dir='ltr'><strong>Dixit</strong></span> <span class='ocrx_word' id='word_1_507' title='bbox 2283 3101 2480 3151; x_wconf 87' lang='lat' dir='ltr'><strong>autem</strong></span> <span class='ocrx_word' id='word_1_508' title='bbox 2503 3095 2574 3151; x_wconf 89' lang='lat' dir='ltr'><strong>ad</strong></span> <span class='ocrx_word' id='word_1_509' title='bbox 2597 3111 2731 3150; x_wconf 89' lang='lat' dir='ltr'><strong>eum</strong></span> <span class='ocrx_word' id='word_1_510' title='bbox 2754 3095 3022 3150; x_wconf 87' lang='lat' dir='ltr'><strong>Barlaam</strong></span> <span class='ocrx_word' id='word_1_511' title='bbox 3048 3110 3061 3149; x_wconf 89' lang='lat'>:</span> <span class='ocrx_word' id='word_1_512' title='bbox 3094 3094 3329 3166; x_wconf 72' lang='lat' dir='ltr'><strong>Capreas</strong></span> <span class='ocrx_word' id='word_1_513' title='bbox 3347 3094 3664 3149; x_wconf 89' lang='lat' dir='ltr'><strong>hinnulum</strong></span> 
     </span>
    </p>
   </div>
   <div class='ocr_carea' id='block_1_77' title="bbox 1280 3147 1921 3260">
    <p class='ocr_par' dir='ltr' id='par_1_77' title="bbox 1280 3147 1915 3260">
     <span class='ocr_line' id='line_1_77' title="bbox 1280 3147 1915 3260; baseline -0.005 -15"><span class='ocrx_word' id='word_1_514' title='bbox 1280 3147 1578 3260; x_wconf 45' lang='grc' dir='ltr'><strong>Δῦξῐιγθείσα</strong></span> <span class='ocrx_word' id='word_1_515' title='bbox 1650 3151 1730 3242; x_wconf 66' lang='grc' dir='ltr'><strong>δὶ⁸</strong></span> <span class='ocrx_word' id='word_1_516' title='bbox 1781 3147 1915 3257; x_wconf 67' lang='grc' dir='ltr'><strong>αὕτη</strong></span> 
     </span>
    </p>
   </div>
   <div class='ocr_carea' id='block_1_78' title="bbox 2034 3147 3663 3260">
    <p class='ocr_par' dir='ltr' id='par_1_78' title="bbox 2034 3147 3663 3256">
     <span class='ocr_line' id='line_1_78' title="bbox 2102 3147 3663 3166; baseline -0.001 -16"><span class='ocrx_word' id='word_1_517' title='bbox 2102 3147 2252 3150; x_wconf 68' lang='lat'>____-</span> <span class='ocrx_word' id='word_1_518' title='bbox 2287 3147 2480 3151; x_wconf 38' lang='lat' dir='ltr'><strong>ﬂ---&quot;</strong></span> <span class='ocrx_word' id='word_1_519' title='bbox 2506 3147 2574 3151; x_wconf 45' lang='grc' dir='ltr'><strong>π--</strong></span> <span class='ocrx_word' id='word_1_520' title='bbox 2606 3147 2620 3150; x_wconf 64' lang='lat'><strong>-</strong></span> <span class='ocrx_word' id='word_1_521' title='bbox 2758 3147 3059 3150; x_wconf 46' lang='grc' dir='ltr'><strong>ημηημ</strong></span> <span class='ocrx_word' id='word_1_522' title='bbox 3109 3147 3121 3149; x_wconf 17' lang='grc' dir='ltr'>ἡ</span> <span class='ocrx_word' id='word_1_523' title='bbox 3221 3147 3231 3148; x_wconf 59' lang='lat'><strong><em>,</em></strong></span> <span class='ocrx_word' id='word_1_524' title='bbox 3351 3147 3383 3148; x_wconf 50' lang='grc' dir='ltr'><em>η</em></span> 
     </span>
     <span class='ocr_line' id='line_1_79' title="bbox 2034 3184 3663 3256; baseline -0.001 -18"><span class='ocrx_word' id='word_1_525' title='bbox 2034 3184 2189 3239; x_wconf 89' lang='lat' dir='ltr'><strong>dives</strong></span> <span class='ocrx_word' id='word_1_526' title='bbox 2211 3185 2505 3256; x_wconf 89' lang='lat' dir='ltr'><strong>quispiam</strong></span> <span class='ocrx_word' id='word_1_527' title='bbox 2532 3184 2674 3238; x_wconf 92' lang='lat' dir='ltr'><strong>olim</strong></span> <span class='ocrx_word' id='word_1_528' title='bbox 2695 3184 2918 3240; x_wconf 87' lang='lat' dir='ltr'><strong>alebat:</strong></span> <span class='ocrx_word' id='word_1_529' title='bbox 2941 3201 3073 3239; x_wconf 90' lang='lat' dir='ltr'><strong>cum</strong></span> <span class='ocrx_word' id='word_1_530' title='bbox 3096 3184 3433 3255; x_wconf 88' lang='lat' dir='ltr'><strong>autemipse</strong></span> <span class='ocrx_word' id='word_1_531' title='bbox 3456 3184 3663 3238; x_wconf 81' lang='lat' dir='ltr'><strong>crevis-</strong></span> 
     </span>
    </p>
   </div>
   <div class='ocr_carea' id='block_1_79' title="bbox 2027 3272 3664 3344">
    <p class='ocr_par' dir='ltr' id='par_1_79' title="bbox 2027 3272 3664 3344">
     <span class='ocr_line' id='line_1_80' title="bbox 2027 3272 3664 3344; baseline 0 -17"><span class='ocrx_word' id='word_1_532' title='bbox 2027 3274 2616 3338; x_wconf 80' lang='lat' dir='ltr'><strong>set,naturaliatl‘ectu</strong></span> <span class='ocrx_word' id='word_1_533' title='bbox 2633 3279 2960 3344; x_wconf 88' lang='lat' dir='ltr'><strong>pertractus</strong></span> <span class='ocrx_word' id='word_1_534' title='bbox 2973 3272 3324 3328; x_wconf 85' lang='lat' dir='ltr'><strong>solitudines</strong></span> <span class='ocrx_word' id='word_1_535' title='bbox 3337 3272 3664 3343; x_wconf 82' lang='lat' dir='ltr'><strong>expetebat.</strong></span> 
     </span>
    </p>
   </div>
   <div class='ocr_carea' id='block_1_80' title="bbox 2027 3363 3670 3436">
    <p class='ocr_par' dir='ltr' id='par_1_80' title="bbox 2027 3363 3670 3436">
     <span class='ocr_line' id='line_1_81' title="bbox 2027 3363 3670 3436; baseline 0.002 -20"><span class='ocrx_word' id='word_1_536' title='bbox 2027 3363 2309 3434; x_wconf 89' lang='lat' dir='ltr'><strong>Egressus</strong></span> <span class='ocrx_word' id='word_1_537' title='bbox 2331 3364 2511 3436; x_wconf 87' lang='lat' dir='ltr'><strong>igitur</strong></span> <span class='ocrx_word' id='word_1_538' title='bbox 2529 3365 2785 3435; x_wconf 89' lang='lat' dir='ltr'><strong>quodam</strong></span> <span class='ocrx_word' id='word_1_539' title='bbox 2808 3364 2924 3432; x_wconf 91' lang='lat' dir='ltr'><strong>die,</strong></span> <span class='ocrx_word' id='word_1_540' title='bbox 2950 3379 3296 3436; x_wconf 89' lang='lat' dir='ltr'><strong>caprearum</strong></span> <span class='ocrx_word' id='word_1_541' title='bbox 3314 3379 3547 3436; x_wconf 83' lang='lat' dir='ltr'><strong>gregem</strong></span> <span class='ocrx_word' id='word_1_542' title='bbox 3573 3381 3670 3436; x_wconf 90' lang='lat' dir='ltr'><strong>pa-</strong></span> 
     </span>
    </p>
   </div>
   <div class='ocr_carea' id='block_1_81' title="bbox 2029 3451 3672 3523">
    <p class='ocr_par' dir='ltr' id='par_1_81' title="bbox 2029 3451 3672 3523">
     <span class='ocr_line' id='line_1_82' title="bbox 2029 3451 3672 3523; baseline 0.002 -19"><span class='ocrx_word' id='word_1_543' title='bbox 2029 3451 2144 3506; x_wconf 87' lang='lat' dir='ltr'><strong>stui</strong></span> <span class='ocrx_word' id='word_1_544' title='bbox 2175 3468 2415 3523; x_wconf 88' lang='lat' dir='ltr'><strong>operam</strong></span> <span class='ocrx_word' id='word_1_545' title='bbox 2449 3451 2690 3507; x_wconf 89' lang='lat' dir='ltr'><strong>dantem</strong></span> <span class='ocrx_word' id='word_1_546' title='bbox 2719 3452 2960 3518; x_wconf 89' lang='lat' dir='ltr'><strong>invenit,</strong></span> <span class='ocrx_word' id='word_1_547' title='bbox 2989 3457 3162 3523; x_wconf 89' lang='lat' dir='ltr'><strong>atque</strong></span> <span class='ocrx_word' id='word_1_548' title='bbox 3195 3452 3268 3507; x_wconf 87' lang='lat' dir='ltr'><strong>ad</strong></span> <span class='ocrx_word' id='word_1_549' title='bbox 3300 3469 3398 3507; x_wconf 91' lang='lat' dir='ltr'><strong>eas</strong></span> <span class='ocrx_word' id='word_1_550' title='bbox 3421 3469 3549 3507; x_wconf 88' lang='lat' dir='ltr'><strong>sese</strong></span> <span class='ocrx_word' id='word_1_551' title='bbox 3566 3454 3672 3508; x_wconf 91' lang='lat' dir='ltr'><strong>ad-</strong></span> 
     </span>
    </p>
   </div>
   <div class='ocr_carea' id='block_1_82' title="bbox 2021 3540 3668 3612">
    <p class='ocr_par' dir='ltr' id='par_1_82' title="bbox 2021 3540 3668 3612">
     <span class='ocr_line' id='line_1_83' title="bbox 2021 3540 3668 3612; baseline 0.002 -18"><span class='ocrx_word' id='word_1_552' title='bbox 2021 3540 2303 3612; x_wconf 87' lang='lat' dir='ltr'><strong>jungens,</strong></span> <span class='ocrx_word' id='word_1_553' title='bbox 2336 3557 2440 3612; x_wconf 91' lang='lat' dir='ltr'><strong>per</strong></span> <span class='ocrx_word' id='word_1_554' title='bbox 2490 3557 2658 3612; x_wconf 88' lang='lat' dir='ltr'><strong>agros</strong></span> <span class='ocrx_word' id='word_1_555' title='bbox 2689 3547 2749 3595; x_wconf 91' lang='lat' dir='ltr'><strong>et</strong></span> <span class='ocrx_word' id='word_1_556' title='bbox 2792 3556 3029 3611; x_wconf 90' lang='lat' dir='ltr'><strong>campos</strong></span> <span class='ocrx_word' id='word_1_557' title='bbox 3059 3540 3389 3607; x_wconf 84' lang='lat' dir='ltr'><strong>oberrabat,</strong></span> <span class='ocrx_word' id='word_1_558' title='bbox 3423 3557 3490 3596; x_wconf 87' lang='lat' dir='ltr'><strong>ac</strong></span> <span class='ocrx_word' id='word_1_559' title='bbox 3539 3558 3668 3597; x_wconf 90' lang='lat' dir='ltr'><strong>sero</strong></span> 
     </span>
    </p>
   </div>
   <div class='ocr_carea' id='block_1_83' title="bbox 2030 3628 3670 3697">
    <p class='ocr_par' dir='ltr' id='par_1_83' title="bbox 2030 3628 3670 3697">
     <span class='ocr_line' id='line_1_84' title="bbox 2030 3628 3670 3697; baseline 0.002 -16"><span class='ocrx_word' id='word_1_560' title='bbox 2030 3628 2270 3697; x_wconf 90' lang='lat' dir='ltr'><strong>quidem</strong></span> <span class='ocrx_word' id='word_1_561' title='bbox 2302 3629 2545 3684; x_wconf 91' lang='lat' dir='ltr'><strong>domum</strong></span> <span class='ocrx_word' id='word_1_562' title='bbox 2565 3645 2626 3684; x_wconf 90' lang='lat' dir='ltr'><strong>se</strong></span> <span class='ocrx_word' id='word_1_563' title='bbox 2647 3628 2942 3683; x_wconf 82' lang='lat' dir='ltr'><strong>referebat</strong></span> <span class='ocrx_word' id='word_1_564' title='bbox 2965 3645 2978 3695; x_wconf 89' lang='lat'><strong>;</strong></span> <span class='ocrx_word' id='word_1_565' title='bbox 3012 3644 3184 3684; x_wconf 90' lang='lat' dir='ltr'><strong>mane</strong></span> <span class='ocrx_word' id='word_1_566' title='bbox 3205 3634 3402 3684; x_wconf 88' lang='lat' dir='ltr'><strong>autem</strong></span> <span class='ocrx_word' id='word_1_567' title='bbox 3425 3629 3670 3684; x_wconf 80' lang='lat' dir='ltr'><strong>famulo-</strong></span> 
     </span>
    </p>
   </div>
   <div class='ocr_carea' id='block_1_84' title="bbox 2028 3717 3674 3789">
    <p class='ocr_par' dir='ltr' id='par_1_84' title="bbox 2028 3717 3674 3789">
     <span class='ocr_line' id='line_1_85' title="bbox 2028 3717 3674 3789; baseline 0.002 -19"><span class='ocrx_word' id='word_1_568' title='bbox 2028 3733 2161 3771; x_wconf 90' lang='lat' dir='ltr'><strong>rum</strong></span> <span class='ocrx_word' id='word_1_569' title='bbox 2181 3717 2538 3789; x_wconf 85' lang='lat' dir='ltr'><strong>negligentia</strong></span> <span class='ocrx_word' id='word_1_570' title='bbox 2560 3717 2717 3771; x_wconf 88' lang='lat' dir='ltr'><strong>foras</strong></span> <span class='ocrx_word' id='word_1_571' title='bbox 2736 3717 3162 3786; x_wconf 83' lang='lat' dir='ltr'><strong>egrediebatur,</strong></span> <span class='ocrx_word' id='word_1_572' title='bbox 3196 3724 3369 3787; x_wconf 88' lang='lat' dir='ltr'><strong>atque</strong></span> <span class='ocrx_word' id='word_1_573' title='bbox 3401 3735 3534 3772; x_wconf 92' lang='lat' dir='ltr'><strong>cum</strong></span> <span class='ocrx_word' id='word_1_574' title='bbox 3566 3719 3674 3775; x_wconf 86' lang='lat' dir='ltr'><strong>sil-</strong></span> 
     </span>
    </p>
   </div>
   <div class='ocr_carea' id='block_1_85' title="bbox 2030 3805 3675 3877">
    <p class='ocr_par' dir='ltr' id='par_1_85' title="bbox 2030 3805 3675 3877">
     <span class='ocr_line' id='line_1_86' title="bbox 2030 3805 3675 3877; baseline 0.001 -18"><span class='ocrx_word' id='word_1_575' title='bbox 2030 3806 2319 3860; x_wconf 86' lang='lat' dir='ltr'><strong>vestribus</strong></span> <span class='ocrx_word' id='word_1_576' title='bbox 2333 3805 2525 3875; x_wconf 89' lang='lat' dir='ltr'><strong>capris</strong></span> <span class='ocrx_word' id='word_1_577' title='bbox 2545 3820 2606 3859; x_wconf 89' lang='lat' dir='ltr'><strong>se</strong></span> <span class='ocrx_word' id='word_1_578' title='bbox 2620 3805 2990 3877; x_wconf 63' lang='lat' dir='ltr'><strong>aggregabat.</strong></span> <span class='ocrx_word' id='word_1_579' title='bbox 3013 3808 3192 3860; x_wconf 87' lang='lat' dir='ltr'><strong>Porro</strong></span> <span class='ocrx_word' id='word_1_580' title='bbox 3213 3821 3345 3860; x_wconf 89' lang='lat' dir='ltr'><strong>cum</strong></span> <span class='ocrx_word' id='word_1_581' title='bbox 3362 3806 3479 3860; x_wconf 69' lang='lat' dir='ltr'><strong>illm</strong></span> <span class='ocrx_word' id='word_1_582' title='bbox 3493 3806 3675 3876; x_wconf 90' lang='lat' dir='ltr'><strong>pabu-</strong></span> 
     </span>
    </p>
   </div>
   <div class='ocr_carea' id='block_1_86' title="bbox 2027 3890 3675 3963">
    <p class='ocr_par' dir='ltr' id='par_1_86' title="bbox 2027 3890 3675 3963">
     <span class='ocr_line' id='line_1_87' title="bbox 2027 3890 3675 3963; baseline -0.001 -17"><span class='ocrx_word' id='word_1_583' title='bbox 2027 3892 2212 3947; x_wconf 89' lang='lat' dir='ltr'><strong>latum</strong></span> <span class='ocrx_word' id='word_1_584' title='bbox 2233 3891 2464 3963; x_wconf 88' lang='lat' dir='ltr'><strong>longius</strong></span> <span class='ocrx_word' id='word_1_585' title='bbox 2487 3892 2936 3963; x_wconf 89' lang='lat' dir='ltr'><strong>processissent,</strong></span> <span class='ocrx_word' id='word_1_586' title='bbox 2961 3893 3086 3962; x_wconf 92' lang='lat' dir='ltr'><strong>ipse</strong></span> <span class='ocrx_word' id='word_1_587' title='bbox 3117 3908 3354 3962; x_wconf 91' lang='lat' dir='ltr'><strong>quoque</strong></span> <span class='ocrx_word' id='word_1_588' title='bbox 3375 3907 3474 3946; x_wconf 90' lang='lat' dir='ltr'><strong>eas</strong></span> <span class='ocrx_word' id='word_1_589' title='bbox 3495 3890 3675 3946; x_wconf 87' lang='lat' dir='ltr'><strong>comi-</strong></span> 
     </span>
    </p>
   </div>
   <div class='ocr_carea' id='block_1_87' title="bbox 2029 3979 3670 4051">
    <p class='ocr_par' dir='ltr' id='par_1_87' title="bbox 2029 3979 3670 4051">
     <span class='ocr_line' id='line_1_88' title="bbox 2029 3979 3670 4051; baseline -0.001 -15"><span class='ocrx_word' id='word_1_590' title='bbox 2029 3985 2186 4036; x_wconf 85' lang='lat' dir='ltr'><strong>tatus</strong></span> <span class='ocrx_word' id='word_1_591' title='bbox 2209 3986 2316 4036; x_wconf 87' lang='lat' dir='ltr'><strong>est.</strong></span> <span class='ocrx_word' id='word_1_592' title='bbox 2341 3983 2416 4035; x_wconf 81' lang='lat' dir='ltr'><strong>At</strong></span> <span class='ocrx_word' id='word_1_593' title='bbox 2439 3996 2570 4035; x_wconf 85' lang='lat' dir='ltr'><strong>vero</strong></span> <span class='ocrx_word' id='word_1_594' title='bbox 2592 3979 2961 4035; x_wconf 89' lang='lat' dir='ltr'><strong>divitisillius</strong></span> <span class='ocrx_word' id='word_1_595' title='bbox 2979 3980 3082 4034; x_wconf 87' lang='lat' dir='ltr'><strong>viri</strong></span> <span class='ocrx_word' id='word_1_596' title='bbox 3097 3980 3392 4040; x_wconf 83' lang='lat' dir='ltr'><strong>famuli.re</strong></span> <span class='ocrx_word' id='word_1_597' title='bbox 3415 3979 3670 4051; x_wconf 86' lang='lat' dir='ltr'><strong>cognita,</strong></span> 
     </span>
    </p>
   </div>
   <div class='ocr_carea' id='block_1_88' title="bbox 2031 4068 3667 4141">
    <p class='ocr_par' dir='ltr' id='par_1_88' title="bbox 2031 4068 3667 4141">
     <span class='ocr_line' id='line_1_89' title="bbox 2031 4068 3667 4141; baseline -0.003 -15"><span class='ocrx_word' id='word_1_598' title='bbox 2031 4071 2376 4126; x_wconf 87' lang='lat' dir='ltr'><strong>conscensis</strong></span> <span class='ocrx_word' id='word_1_599' title='bbox 2399 4069 2570 4140; x_wconf 92' lang='lat' dir='ltr'><strong>equis</strong></span> <span class='ocrx_word' id='word_1_600' title='bbox 2597 4084 2695 4124; x_wconf 93' lang='lat' dir='ltr'><strong>eas</strong></span> <span class='ocrx_word' id='word_1_601' title='bbox 2715 4086 2750 4124; x_wconf 87' lang='lat' dir='ltr'><strong>a</strong></span> <span class='ocrx_word' id='word_1_602' title='bbox 2770 4075 2930 4141; x_wconf 91' lang='lat' dir='ltr'><strong>tergo</strong></span> <span class='ocrx_word' id='word_1_603' title='bbox 2954 4068 3202 4123; x_wconf 85' lang='lat' dir='ltr'><strong>insecuti</strong></span> <span class='ocrx_word' id='word_1_604' title='bbox 3225 4074 3384 4134; x_wconf 88' lang='lat' dir='ltr'><strong>sunt,</strong></span> <span class='ocrx_word' id='word_1_605' title='bbox 3409 4084 3476 4122; x_wconf 89' lang='lat' dir='ltr'><strong>ac</strong></span> <span class='ocrx_word' id='word_1_606' title='bbox 3499 4084 3667 4122; x_wconf 91' lang='lat' dir='ltr'><strong>suam</strong></span> 
     </span>
    </p>
   </div>
   <div class='ocr_carea' id='block_1_89' title="bbox 2031 4156 3668 4230">
    <p class='ocr_par' dir='ltr' id='par_1_89' title="bbox 2031 4156 3668 4230">
     <span class='ocr_line' id='line_1_90' title="bbox 2031 4156 3668 4230; baseline -0.002 -17"><span class='ocrx_word' id='word_1_607' title='bbox 2031 4159 2272 4230; x_wconf 87' lang='lat' dir='ltr'><strong>quidem</strong></span> <span class='ocrx_word' id='word_1_608' title='bbox 2288 4173 2561 4229; x_wconf 89' lang='lat' dir='ltr'><strong>capream</strong></span> <span class='ocrx_word' id='word_1_609' title='bbox 2578 4157 2761 4212; x_wconf 84' lang='lat' dir='ltr'><strong>vivam</strong></span> <span class='ocrx_word' id='word_1_610' title='bbox 2774 4163 3027 4228; x_wconf 86' lang='lat' dir='ltr'><strong>captam.</strong></span> <span class='ocrx_word' id='word_1_611' title='bbox 3062 4157 3422 4226; x_wconf 88' lang='lat' dir='ltr'><strong>domumque</strong></span> <span class='ocrx_word' id='word_1_612' title='bbox 3453 4156 3668 4211; x_wconf 88' lang='lat' dir='ltr'><strong>reduc-</strong></span> 
     </span>
    </p>
   </div>
   <div class='ocr_carea' id='block_1_90' title="bbox 2030 4244 3667 4318">
    <p class='ocr_par' dir='ltr' id='par_1_90' title="bbox 2030 4244 3667 4318">
     <span class='ocr_line' id='line_1_91' title="bbox 2030 4244 3667 4318; baseline -0.001 -16"><span class='ocrx_word' id='word_1_613' title='bbox 2030 4253 2149 4302; x_wconf 86' lang='lat' dir='ltr'><strong>tam</strong></span> <span class='ocrx_word' id='word_1_614' title='bbox 2171 4247 2510 4318; x_wconf 88' lang='lat' dir='ltr'><strong>posthacita</strong></span> <span class='ocrx_word' id='word_1_615' title='bbox 2525 4251 2816 4300; x_wconf 88' lang='lat' dir='ltr'><strong>tenuerun</strong></span> <span class='ocrx_word' id='word_1_616' title='bbox 2827 4251 2938 4304; x_wconf 80' lang='lat' dir='ltr'><strong>t.ut</strong></span> <span class='ocrx_word' id='word_1_617' title='bbox 2953 4244 3100 4300; x_wconf 89' lang='lat' dir='ltr'><strong>nulli</strong></span> <span class='ocrx_word' id='word_1_618' title='bbox 3116 4245 3188 4299; x_wconf 92' lang='lat' dir='ltr'><strong>ad</strong></span> <span class='ocrx_word' id='word_1_619' title='bbox 3201 4260 3329 4299; x_wconf 90' lang='lat' dir='ltr'><strong>eam</strong></span> <span class='ocrx_word' id='word_1_620' title='bbox 3342 4244 3536 4300; x_wconf 86' lang='lat' dir='ltr'><strong>aditus</strong></span> <span class='ocrx_word' id='word_1_621' title='bbox 3556 4261 3667 4316; x_wconf 87' lang='lat' dir='ltr'><strong>pa-</strong></span> 
     </span>
    </p>
   </div>
   <div class='ocr_carea' id='block_1_91' title="bbox 2030 4333 3664 4405">
    <p class='ocr_par' dir='ltr' id='par_1_91' title="bbox 2030 4333 3664 4405">
     <span class='ocr_line' id='line_1_92' title="bbox 2030 4333 3664 4405; baseline -0.001 -15"><span class='ocrx_word' id='word_1_622' title='bbox 2030 4335 2503 4405; x_wconf 80' lang='lat' dir='ltr'><strong>teret;reliquum</strong></span> <span class='ocrx_word' id='word_1_623' title='bbox 2534 4339 2729 4388; x_wconf 90' lang='lat' dir='ltr'><strong>autem</strong></span> <span class='ocrx_word' id='word_1_624' title='bbox 2758 4349 2993 4405; x_wconf 88' lang='lat' dir='ltr'><strong>gregem</strong></span> <span class='ocrx_word' id='word_1_625' title='bbox 3023 4334 3236 4404; x_wconf 90' lang='lat' dir='ltr'><strong>partim</strong></span> <span class='ocrx_word' id='word_1_626' title='bbox 3275 4333 3664 4401; x_wconf 85' lang='lat' dir='ltr'><strong>trucidarunt,</strong></span> 
     </span>
    </p>
   </div>
   <div class='ocr_carea' id='block_1_92' title="bbox 2030 4421 3672 4495">
    <p class='ocr_par' dir='ltr' id='par_1_92' title="bbox 2030 4421 3672 4495">
     <span class='ocr_line' id='line_1_93' title="bbox 2030 4421 3672 4495; baseline -0.001 -18"><span class='ocrx_word' id='word_1_627' title='bbox 2030 4423 2244 4495; x_wconf 89' lang='lat' dir='ltr'><strong>partim</strong></span> <span class='ocrx_word' id='word_1_628' title='bbox 2271 4422 2426 4476; x_wconf 86' lang='lat' dir='ltr'><strong>male</strong></span> <span class='ocrx_word' id='word_1_629' title='bbox 2448 4421 2795 4477; x_wconf 89' lang='lat' dir='ltr'><strong>multarunt.</strong></span> <span class='ocrx_word' id='word_1_630' title='bbox 2811 4421 3028 4475; x_wconf 91' lang='lat' dir='ltr'><strong>Eodem</strong></span> <span class='ocrx_word' id='word_1_631' title='bbox 3041 4422 3217 4476; x_wconf 91' lang='lat' dir='ltr'><strong>modo</strong></span> <span class='ocrx_word' id='word_1_632' title='bbox 3233 4437 3305 4478; x_wconf 90' lang='lat' dir='ltr'><strong>ne</strong></span> <span class='ocrx_word' id='word_1_633' title='bbox 3328 4421 3498 4476; x_wconf 88' lang='lat' dir='ltr'><strong>nobis</strong></span> <span class='ocrx_word' id='word_1_634' title='bbox 3522 4422 3672 4476; x_wconf 91' lang='lat' dir='ltr'><strong>acci-</strong></span> 
     </span>
    </p>
   </div>
   <div class='ocr_carea' id='block_1_93' title="bbox 280 4499 1921 4582">
    <p class='ocr_par' dir='ltr' id='par_1_93' title="bbox 280 4505 1921 4580">
     <span class='ocr_line' id='line_1_94' title="bbox 280 4505 1921 4580; baseline 0.001 -21"><span class='ocrx_word' id='word_1_635' title='bbox 280 4523 400 4580; x_wconf 87' lang='grc' dir='ltr'><strong>μοι·</strong></span> <span class='ocrx_word' id='word_1_636' title='bbox 438 4507 649 4578; x_wconf 80' lang='grc' dir='ltr'><strong>μήποτε</strong></span> <span class='ocrx_word' id='word_1_637' title='bbox 677 4505 768 4560; x_wconf 85' lang='grc' dir='ltr'><strong>καὶ</strong></span> <span class='ocrx_word' id='word_1_638' title='bbox 807 4513 908 4574; x_wconf 82' lang='grc' dir='ltr'><strong>τῆς</strong></span> <span class='ocrx_word' id='word_1_639' title='bbox 968 4512 1066 4574; x_wconf 85' lang='grc' dir='ltr'><strong>σῆς</strong></span> <span class='ocrx_word' id='word_1_640' title='bbox 1124 4507 1480 4580; x_wconf 88' lang='grc' dir='ltr'><strong>ἀποστερηθῶ</strong></span> <span class='ocrx_word' id='word_1_641' title='bbox 1537 4507 1921 4577; x_wconf 77' lang='grc' dir='ltr'><strong>συνοικήσεως,</strong></span> 
     </span>
    </p>
   </div>
   <div class='ocr_carea' id='block_1_94' title="bbox 2034 4499 3671 4582">
    <p class='ocr_par' dir='ltr' id='par_1_94' title="bbox 2037 4509 3671 4582">
     <span class='ocr_line' id='line_1_95' title="bbox 2037 4509 3671 4582; baseline -0.001 -16"><span class='ocrx_word' id='word_1_642' title='bbox 2037 4512 2139 4566; x_wconf 91' lang='lat' dir='ltr'><strong>dat</strong></span> <span class='ocrx_word' id='word_1_643' title='bbox 2157 4509 2434 4570; x_wconf 88' lang='lat' dir='ltr'><strong>metuo.si</strong></span> <span class='ocrx_word' id='word_1_644' title='bbox 2459 4509 2603 4564; x_wconf 89' lang='lat' dir='ltr'><strong>mihi</strong></span> <span class='ocrx_word' id='word_1_645' title='bbox 2624 4514 2681 4563; x_wconf 89' lang='lat' dir='ltr'><strong>te</strong></span> <span class='ocrx_word' id='word_1_646' title='bbox 2701 4509 2980 4564; x_wconf 89' lang='lat' dir='ltr'><strong>comitem</strong></span> <span class='ocrx_word' id='word_1_647' title='bbox 3006 4509 3312 4582; x_wconf 85' lang='lat' dir='ltr'><strong>adjungas.</strong></span> <span class='ocrx_word' id='word_1_648' title='bbox 3339 4511 3455 4564; x_wconf 84' lang='lat' dir='ltr'><strong>Hoc</strong></span> <span class='ocrx_word' id='word_1_649' title='bbox 3474 4515 3581 4576; x_wconf 88' lang='lat' dir='ltr'><strong>est,</strong></span> <span class='ocrx_word' id='word_1_650' title='bbox 3597 4521 3671 4566; x_wconf 83' lang='lat' dir='ltr'><strong>ne</strong></span> 
     </span>
    </p>
   </div>
   <div class='ocr_carea' id='block_1_95' title="bbox 267 4594 1928 4673">
    <p class='ocr_par' dir='ltr' id='par_1_95' title="bbox 267 4594 1928 4673">
     <span class='ocr_line' id='line_1_96' title="bbox 267 4594 1928 4673; baseline 0 -23"><span class='ocrx_word' id='word_1_651' title='bbox 267 4596 362 4651; x_wconf 83' lang='grc' dir='ltr'><strong>καὶ</strong></span> <span class='ocrx_word' id='word_1_652' title='bbox 397 4599 574 4650; x_wconf 83' lang='grc' dir='ltr'><strong>κακῶν</strong></span> <span class='ocrx_word' id='word_1_653' title='bbox 603 4594 831 4651; x_wconf 87' lang='grc' dir='ltr'><strong>πολλῶν</strong></span> <span class='ocrx_word' id='word_1_654' title='bbox 863 4600 982 4658; x_wconf 82' lang='grc' dir='ltr'><strong>τοῖς</strong></span> <span class='ocrx_word' id='word_1_655' title='bbox 1035 4595 1270 4669; x_wconf 70' lang='grc' dir='ltr'><strong>ἑταίροις</strong></span> <span class='ocrx_word' id='word_1_656' title='bbox 1331 4617 1442 4669; x_wconf 89' lang='grc' dir='ltr'><strong>μου</strong></span> <span class='ocrx_word' id='word_1_657' title='bbox 1492 4595 1734 4673; x_wconf 87' lang='grc' dir='ltr'><strong>γένωμαι</strong></span> <span class='ocrx_word' id='word_1_658' title='bbox 1789 4596 1928 4671; x_wconf 89' lang='grc' dir='ltr'><strong>πρό-</strong></span> 
     </span>
    </p>
   </div>
   <div class='ocr_carea' id='block_1_96' title="bbox 271 4683 1924 4762">
    <p class='ocr_par' dir='ltr' id='par_1_96' title="bbox 271 4683 1924 4762">
     <span class='ocr_line' id='line_1_97' title="bbox 271 4683 1924 4762; baseline 0.001 -24"><span class='ocrx_word' id='word_1_659' title='bbox 271 4685 423 4756; x_wconf 80' lang='grc' dir='ltr'><strong>ξενος</strong></span> <span class='ocrx_word' id='word_1_660' title='bbox 451 4683 715 4758; x_wconf 83' lang='grc' dir='ltr'><strong>κρίματός</strong></span> <span class='ocrx_word' id='word_1_661' title='bbox 744 4705 804 4739; x_wconf 89' lang='grc' dir='ltr'><strong>τε</strong></span> <span class='ocrx_word' id='word_1_662' title='bbox 858 4683 1086 4739; x_wconf 76' lang='grc' dir='ltr'><strong>αἲωνίου</strong></span> <span class='ocrx_word' id='word_1_663' title='bbox 1111 4689 1190 4756; x_wconf 84' lang='grc' dir='ltr'><strong>τῷ</strong></span> <span class='ocrx_word' id='word_1_664' title='bbox 1247 4689 1327 4758; x_wconf 80' lang='grc' dir='ltr'><strong>σῷ</strong></span> <span class='ocrx_word' id='word_1_665' title='bbox 1383 4687 1689 4762; x_wconf 75' lang='grc' dir='ltr'><strong>γεννήτορι.</strong></span> <span class='ocrx_word' id='word_1_666' title='bbox 1748 4684 1924 4742; x_wconf 87' lang='grc' dir='ltr'><strong>Ἀλλά</strong></span> 
     </span>
    </p>
   </div>
   <div class='ocr_carea' id='block_1_97' title="bbox 269 4770 1922 4848">
    <p class='ocr_par' dir='ltr' id='par_1_97' title="bbox 269 4770 1922 4848">
     <span class='ocr_line' id='line_1_98' title="bbox 269 4770 1922 4848; baseline -0.001 -18"><span class='ocrx_word' id='word_1_667' title='bbox 269 4770 436 4830; x_wconf 77' lang='grc' dir='ltr'><strong>τοῦτό</strong></span> <span class='ocrx_word' id='word_1_668' title='bbox 469 4793 526 4828; x_wconf 90' lang='grc' dir='ltr'><strong>σε</strong></span> <span class='ocrx_word' id='word_1_669' title='bbox 558 4772 809 4848; x_wconf 82' lang='grc' dir='ltr'><strong>βούλεται</strong></span> <span class='ocrx_word' id='word_1_670' title='bbox 839 4773 868 4828; x_wconf 82' lang='grc' dir='ltr'><strong>δ</strong></span> <span class='ocrx_word' id='word_1_671' title='bbox 902 4771 1124 4846; x_wconf 77' lang='grc' dir='ltr'><strong>Κύριος,</strong></span> <span class='ocrx_word' id='word_1_672' title='bbox 1164 4770 1254 4826; x_wconf 77' lang='grc' dir='ltr'><strong>νῦν</strong></span> <span class='ocrx_word' id='word_1_673' title='bbox 1300 4773 1397 4845; x_wconf 71' lang='grc' dir='ltr'><strong>μὲν</strong></span> <span class='ocrx_word' id='word_1_674' title='bbox 1447 4775 1823 4843; x_wconf 79' lang='grc' dir='ltr'><strong>σημειωθῆναι</strong></span> <span class='ocrx_word' id='word_1_675' title='bbox 1851 4777 1922 4847; x_wconf 79' lang='grc' dir='ltr'><strong>τῇ</strong></span> 
     </span>
    </p>
   </div>
   <div class='ocr_carea' id='block_1_98' title="bbox 276 4859 1920 4940">
    <p class='ocr_par' dir='ltr' id='par_1_98' title="bbox 276 4859 1920 4940">
     <span class='ocr_line' id='line_1_99' title="bbox 276 4859 1920 4940; baseline -0.002 -23"><span class='ocrx_word' id='word_1_676' title='bbox 276 4859 537 4940; x_wconf 83' lang='grc' dir='ltr'><strong>σφραγῖδι</strong></span> <span class='ocrx_word' id='word_1_677' title='bbox 564 4865 662 4916; x_wconf 80' lang='grc' dir='ltr'><strong>τοῦ</strong></span> <span class='ocrx_word' id='word_1_678' title='bbox 694 4859 841 4926; x_wconf 80' lang='grc' dir='ltr'><strong>θείου</strong></span> <span class='ocrx_word' id='word_1_679' title='bbox 899 4862 1276 4936; x_wconf 84' lang='grc' dir='ltr'><strong>βαπτίσματος</strong></span> <span class='ocrx_word' id='word_1_680' title='bbox 1333 4864 1468 4934; x_wconf 86' lang='grc'><strong>(85),</strong></span> <span class='ocrx_word' id='word_1_681' title='bbox 1499 4861 1588 4916; x_wconf 82' lang='grc' dir='ltr'><strong>καὶ</strong></span> <span class='ocrx_word' id='word_1_682' title='bbox 1627 4862 1800 4934; x_wconf 88' lang='grc' dir='ltr'><strong>μένειν</strong></span> <span class='ocrx_word' id='word_1_683' title='bbox 1833 4859 1920 4915; x_wconf 80' lang='grc' dir='ltr'><strong>ἐπὶ</strong></span> 
     </span>
    </p>
   </div>
   <div class='ocr_carea' id='block_1_99' title="bbox 270 4943 1917 5026">
    <p class='ocr_par' dir='ltr' id='par_1_99' title="bbox 270 4943 1917 5026">
     <span class='ocr_line' id='line_1_100' title="bbox 270 4943 1917 5026; baseline -0.001 -23"><span class='ocrx_word' id='word_1_684' title='bbox 270 4951 486 5026; x_wconf 87' lang='grc' dir='ltr'><strong>χώρας,</strong></span> <span class='ocrx_word' id='word_1_685' title='bbox 538 4950 714 5020; x_wconf 86' lang='grc' dir='ltr'><strong>πάσης</strong></span> <span class='ocrx_word' id='word_1_686' title='bbox 768 4949 1130 5024; x_wconf 85' lang='grc' dir='ltr'><strong>ἀντεχόμενον</strong></span> <span class='ocrx_word' id='word_1_687' title='bbox 1188 4943 1458 5011; x_wconf 63' lang='grc' dir='ltr'><strong>εὐσεϐείας</strong></span> <span class='ocrx_word' id='word_1_688' title='bbox 1511 4948 1602 5004; x_wconf 83' lang='grc' dir='ltr'><strong>κάὶ</strong></span> <span class='ocrx_word' id='word_1_689' title='bbox 1657 4955 1756 5018; x_wconf 83' lang='grc' dir='ltr'><strong>τῆς</strong></span> <span class='ocrx_word' id='word_1_690' title='bbox 1809 4952 1917 5004; x_wconf 87' lang='grc' dir='ltr'><strong>τῶν</strong></span> 
     </span>
    </p>
   </div>
   <div class='ocr_carea' id='block_1_100' title="bbox 271 5034 1915 5114">
    <p class='ocr_par' dir='ltr' id='par_1_100' title="bbox 271 5034 1915 5114">
     <span class='ocr_line' id='line_1_101' title="bbox 271 5034 1915 5114; baseline -0.003 -19"><span class='ocrx_word' id='word_1_691' title='bbox 271 5039 510 5096; x_wconf 70' lang='grc' dir='ltr'><strong>ἐντολῶν</strong></span> <span class='ocrx_word' id='word_1_692' title='bbox 542 5043 644 5093; x_wconf 76' lang='grc' dir='ltr'><strong>τοῦ</strong></span> <span class='ocrx_word' id='word_1_693' title='bbox 673 5040 908 5114; x_wconf 72' lang='grc' dir='ltr'><strong>Χριστοῦ</strong></span> <span class='ocrx_word' id='word_1_694' title='bbox 935 5037 1202 5114; x_wconf 80' lang='grc' dir='ltr'><strong>ἐργασίας.</strong></span> <span class='ocrx_word' id='word_1_695' title='bbox 1263 5038 1427 5095; x_wconf 85' lang='grc' dir='ltr'><strong>Ἐπάν</strong></span> <span class='ocrx_word' id='word_1_696' title='bbox 1487 5039 1639 5095; x_wconf 70' lang='grc'><strong>158</strong></span> <span class='ocrx_word' id='word_1_697' title='bbox 1695 5034 1752 5091; x_wconf 76' lang='grc' dir='ltr'><strong>δὲ</strong></span> <span class='ocrx_word' id='word_1_698' title='bbox 1799 5034 1915 5109; x_wconf 83' lang='grc' dir='ltr'><strong>δῴη</strong></span> 
     </span>
    </p>
   </div>
   <div class='ocr_carea' id='block_1_101' title="bbox 275 5124 1920 5202">
    <p class='ocr_par' dir='ltr' id='par_1_101' title="bbox 275 5124 1920 5202">
     <span class='ocr_line' id='line_1_102' title="bbox 275 5124 1920 5202; baseline -0.002 -18"><span class='ocrx_word' id='word_1_699' title='bbox 275 5127 467 5200; x_wconf 84' lang='grc' dir='ltr'><strong>καιρὸν</strong></span> <span class='ocrx_word' id='word_1_700' title='bbox 500 5128 771 5182; x_wconf 82' lang='grc' dir='ltr'><strong>ὁπάντων</strong></span> <span class='ocrx_word' id='word_1_701' title='bbox 827 5124 996 5202; x_wconf 86' lang='grc' dir='ltr'><strong>δοτήρ</strong></span> <span class='ocrx_word' id='word_1_702' title='bbox 1053 5130 1161 5181; x_wconf 89' lang='grc' dir='ltr'><strong>τῶν</strong></span> <span class='ocrx_word' id='word_1_703' title='bbox 1210 5127 1418 5198; x_wconf 86' lang='grc' dir='ltr'><strong>καλῶν,</strong></span> <span class='ocrx_word' id='word_1_704' title='bbox 1475 5129 1772 5197; x_wconf 75' lang='grc' dir='ltr'><strong>τηνικαῦτα</strong></span> <span class='ocrx_word' id='word_1_705' title='bbox 1829 5129 1920 5180; x_wconf 78' lang='grc' dir='ltr'><strong>καὶ</strong></span> 
     </span>
    </p>
   </div>
   <div class='ocr_carea' id='block_1_102' title="bbox 274 5212 1918 5292">
    <p class='ocr_par' dir='ltr' id='par_1_102' title="bbox 274 5212 1918 5292">
     <span class='ocr_line' id='line_1_103' title="bbox 274 5212 1918 5292; baseline -0.002 -20"><span class='ocrx_word' id='word_1_706' title='bbox 274 5215 474 5290; x_wconf 74' lang='grc' dir='ltr'><strong>ἓλεύσῃ</strong></span> <span class='ocrx_word' id='word_1_707' title='bbox 505 5216 640 5292; x_wconf 87' lang='grc' dir='ltr'><strong>πρὸς</strong></span> <span class='ocrx_word' id='word_1_708' title='bbox 693 5219 862 5289; x_wconf 71' lang='grc' dir='ltr'><strong>ἡμᾶς,</strong></span> <span class='ocrx_word' id='word_1_709' title='bbox 915 5216 1004 5271; x_wconf 86' lang='grc' dir='ltr'><strong>καὶ</strong></span> <span class='ocrx_word' id='word_1_710' title='bbox 1042 5216 1106 5270; x_wconf 88' lang='grc' dir='ltr'><strong>τὸ</strong></span> <span class='ocrx_word' id='word_1_711' title='bbox 1139 5212 1443 5272; x_wconf 71' lang='grc' dir='ltr'><strong>ὑπόλοιπον</strong></span> <span class='ocrx_word' id='word_1_712' title='bbox 1475 5219 1578 5282; x_wconf 81' lang='grc' dir='ltr'><strong>τῆς</strong></span> <span class='ocrx_word' id='word_1_713' title='bbox 1633 5215 1918 5291; x_wconf 80' lang='grc' dir='ltr'><strong>παρούσης</strong></span> 
     </span>
    </p>
   </div>
   <div class='ocr_carea' id='block_1_103' title="bbox 2037 4595 3672 4669">
    <p class='ocr_par' dir='ltr' id='par_1_103' title="bbox 2037 4595 3672 4669">
     <span class='ocr_line' id='line_1_104' title="bbox 2037 4595 3672 4669; baseline -0.001 -17"><span class='ocrx_word' id='word_1_714' title='bbox 2037 4605 2092 4652; x_wconf 89' lang='lat' dir='ltr'><strong>et</strong></span> <span class='ocrx_word' id='word_1_715' title='bbox 2117 4604 2236 4664; x_wconf 90' lang='lat' dir='ltr'><strong>tuo,</strong></span> <span class='ocrx_word' id='word_1_716' title='bbox 2260 4595 2647 4652; x_wconf 90' lang='lat' dir='ltr'><strong>contubernio</strong></span> <span class='ocrx_word' id='word_1_717' title='bbox 2687 4597 2902 4667; x_wconf 88' lang='lat' dir='ltr'><strong>priver.</strong></span> <span class='ocrx_word' id='word_1_718' title='bbox 2927 4602 2986 4650; x_wconf 89' lang='lat' dir='ltr'><strong>et</strong></span> <span class='ocrx_word' id='word_1_719' title='bbox 3026 4596 3294 4669; x_wconf 89' lang='lat' dir='ltr'><strong>ingentes</strong></span> <span class='ocrx_word' id='word_1_720' title='bbox 3325 4597 3502 4652; x_wconf 90' lang='lat' dir='ltr'><strong>sociis</strong></span> <span class='ocrx_word' id='word_1_721' title='bbox 3523 4597 3672 4651; x_wconf 88' lang='lat' dir='ltr'><strong>meis</strong></span> 
     </span>
    </p>
   </div>
   <div class='ocr_carea' id='block_1_104' title="bbox 2029 4685 3671 4756">
    <p class='ocr_par' dir='ltr' id='par_1_104' title="bbox 2029 4685 3671 4756">
     <span class='ocr_line' id='line_1_105' title="bbox 2029 4685 3671 4756; baseline -0.002 -15"><span class='ocrx_word' id='word_1_722' title='bbox 2029 4685 2416 4754; x_wconf 86' lang='lat' dir='ltr'><strong>calamitates,</strong></span> <span class='ocrx_word' id='word_1_723' title='bbox 2432 4701 2498 4740; x_wconf 91' lang='lat' dir='ltr'><strong>ac</strong></span> <span class='ocrx_word' id='word_1_724' title='bbox 2515 4685 2936 4756; x_wconf 90' lang='lat' dir='ltr'><strong>sempiternam</strong></span> <span class='ocrx_word' id='word_1_725' title='bbox 2953 4685 3102 4756; x_wconf 90' lang='lat' dir='ltr'><strong>patri</strong></span> <span class='ocrx_word' id='word_1_726' title='bbox 3117 4692 3215 4740; x_wconf 92' lang='lat' dir='ltr'><strong>tuo</strong></span> <span class='ocrx_word' id='word_1_727' title='bbox 3229 4685 3671 4739; x_wconf 90' lang='lat' dir='ltr'><strong>condemnatio-</strong></span> 
     </span>
    </p>
   </div>
   <div class='ocr_carea' id='block_1_105' title="bbox 2029 4771 3668 4842">
    <p class='ocr_par' dir='ltr' id='par_1_105' title="bbox 2029 4771 3668 4842">
     <span class='ocr_line' id='line_1_106' title="bbox 2029 4771 3668 4842; baseline -0.002 -14"><span class='ocrx_word' id='word_1_728' title='bbox 2029 4790 2169 4829; x_wconf 89' lang='lat' dir='ltr'><strong>nem</strong></span> <span class='ocrx_word' id='word_1_729' title='bbox 2185 4789 2504 4829; x_wconf 87' lang='lat' dir='ltr'><strong>accersam.</strong></span> <span class='ocrx_word' id='word_1_730' title='bbox 2522 4771 2659 4826; x_wconf 88' lang='lat' dir='ltr'><strong>Vult</strong></span> <span class='ocrx_word' id='word_1_731' title='bbox 2672 4772 2870 4842; x_wconf 88' lang='lat' dir='ltr'><strong>itaque</strong></span> <span class='ocrx_word' id='word_1_732' title='bbox 2890 4779 2944 4827; x_wconf 90' lang='lat' dir='ltr'><strong>te</strong></span> <span class='ocrx_word' id='word_1_733' title='bbox 2961 4773 3242 4827; x_wconf 91' lang='lat' dir='ltr'><strong>Dominus</strong></span> <span class='ocrx_word' id='word_1_734' title='bbox 3254 4788 3413 4826; x_wconf 92' lang='lat' dir='ltr'><strong>nunc</strong></span> <span class='ocrx_word' id='word_1_735' title='bbox 3427 4771 3668 4841; x_wconf 91' lang='lat' dir='ltr'><strong>quidem</strong></span> 
     </span>
    </p>
   </div>
   <div class='ocr_carea' id='block_1_106' title="bbox 2029 4859 3672 4932">
    <p class='ocr_par' dir='ltr' id='par_1_106' title="bbox 2029 4859 3672 4932">
     <span class='ocr_line' id='line_1_107' title="bbox 2029 4859 3672 4932; baseline -0.002 -15"><span class='ocrx_word' id='word_1_736' title='bbox 2029 4862 2208 4917; x_wconf 91' lang='lat' dir='ltr'><strong>divini</strong></span> <span class='ocrx_word' id='word_1_737' title='bbox 2231 4860 2509 4932; x_wconf 89' lang='lat' dir='ltr'><strong>baptismi</strong></span> <span class='ocrx_word' id='word_1_738' title='bbox 2529 4859 2721 4932; x_wconf 88' lang='lat' dir='ltr'><strong>sigillo</strong></span> <span class='ocrx_word' id='word_1_739' title='bbox 2744 4861 3100 4932; x_wconf 81' lang='lat' dir='ltr'><strong>consignari.</strong></span> <span class='ocrx_word' id='word_1_740' title='bbox 3122 4867 3298 4930; x_wconf 86' lang='lat' dir='ltr'><strong>atque</strong></span> <span class='ocrx_word' id='word_1_741' title='bbox 3315 4859 3408 4914; x_wconf 90' lang='lat' dir='ltr'><strong>hic</strong></span> <span class='ocrx_word' id='word_1_742' title='bbox 3422 4875 3672 4914; x_wconf 90' lang='lat' dir='ltr'><strong>manen-</strong></span> 
     </span>
    </p>
   </div>
   <div class='ocr_carea' id='block_1_107' title="bbox 2029 4947 3671 5021">
    <p class='ocr_par' dir='ltr' id='par_1_107' title="bbox 2029 4947 3671 5021">
     <span class='ocr_line' id='line_1_108' title="bbox 2029 4947 3671 5021; baseline -0.002 -17"><span class='ocrx_word' id='word_1_743' title='bbox 2029 4954 2147 5005; x_wconf 90' lang='lat' dir='ltr'><strong>tem</strong></span> <span class='ocrx_word' id='word_1_744' title='bbox 2167 4949 2330 5004; x_wconf 89' lang='lat' dir='ltr'><strong>omni</strong></span> <span class='ocrx_word' id='word_1_745' title='bbox 2348 4948 2585 5020; x_wconf 87' lang='lat' dir='ltr'><strong>pietatis</strong></span> <span class='ocrx_word' id='word_1_746' title='bbox 2596 4948 2800 5021; x_wconf 89' lang='lat' dir='ltr'><strong>generi</strong></span> <span class='ocrx_word' id='word_1_747' title='bbox 2814 4949 3076 5010; x_wconf 81' lang='lat' dir='ltr'><strong>studere.</strong></span> <span class='ocrx_word' id='word_1_748' title='bbox 3099 4948 3525 5020; x_wconf 68' lang='lat' dir='ltr'><strong>praeceptisque</strong></span> <span class='ocrx_word' id='word_1_749' title='bbox 3548 4947 3671 5002; x_wconf 92' lang='lat' dir='ltr'><strong>suis</strong></span> 
     </span>
    </p>
   </div>
   <div class='ocr_carea' id='block_1_108' title="bbox 2027 5037 3676 5110">
    <p class='ocr_par' dir='ltr' id='par_1_108' title="bbox 2027 5037 3676 5110">
     <span class='ocr_line' id='line_1_109' title="bbox 2027 5037 3676 5110; baseline -0.002 -16"><span class='ocrx_word' id='word_1_750' title='bbox 2027 5055 2270 5110; x_wconf 90' lang='lat' dir='ltr'><strong>operam</strong></span> <span class='ocrx_word' id='word_1_751' title='bbox 2291 5037 2452 5093; x_wconf 90' lang='lat' dir='ltr'><strong>dare.</strong></span> <span class='ocrx_word' id='word_1_752' title='bbox 2503 5039 2891 5109; x_wconf 89' lang='lat' dir='ltr'><strong>Posteaquam</strong></span> <span class='ocrx_word' id='word_1_753' title='bbox 2939 5042 3135 5093; x_wconf 89' lang='lat' dir='ltr'><strong>autem</strong></span> <span class='ocrx_word' id='word_1_754' title='bbox 3180 5037 3345 5093; x_wconf 88' lang='lat' dir='ltr'><strong>illius</strong></span> <span class='ocrx_word' id='word_1_755' title='bbox 3383 5037 3676 5092; x_wconf 89' lang='lat' dir='ltr'><strong>bonorum</strong></span> 
     </span>
    </p>
   </div>
   <div class='ocr_carea' id='block_1_109' title="bbox 2028 5126 3678 5196">
    <p class='ocr_par' dir='ltr' id='par_1_109' title="bbox 2028 5126 3678 5196">
     <span class='ocr_line' id='line_1_110' title="bbox 2028 5126 3678 5196; baseline -0.001 -14"><span class='ocrx_word' id='word_1_756' title='bbox 2028 5128 2294 5182; x_wconf 87' lang='lat' dir='ltr'><strong>omnium</strong></span> <span class='ocrx_word' id='word_1_757' title='bbox 2315 5126 2538 5183; x_wconf 90' lang='lat' dir='ltr'><strong>datoris</strong></span> <span class='ocrx_word' id='word_1_758' title='bbox 2562 5145 2804 5184; x_wconf 88' lang='lat' dir='ltr'><strong>munere</strong></span> <span class='ocrx_word' id='word_1_759' title='bbox 2831 5128 3065 5184; x_wconf 87' lang='lat' dir='ltr'><strong>occasio</strong></span> <span class='ocrx_word' id='word_1_760' title='bbox 3089 5144 3216 5183; x_wconf 89' lang='lat' dir='ltr'><strong>sese</strong></span> <span class='ocrx_word' id='word_1_761' title='bbox 3235 5127 3536 5196; x_wconf 89' lang='lat' dir='ltr'><strong>obtulerit,</strong></span> <span class='ocrx_word' id='word_1_762' title='bbox 3553 5134 3678 5181; x_wconf 87' lang='lat' dir='ltr'><strong>tum</strong></span> 
     </span>
    </p>
   </div>
   <div class='ocr_carea' id='block_1_110' title="bbox 2027 5217 3678 5290">
    <p class='ocr_par' dir='ltr' id='par_1_110' title="bbox 2027 5217 3678 5290">
     <span class='ocr_line' id='line_1_111' title="bbox 2027 5217 3678 5290; baseline -0.001 -18"><span class='ocrx_word' id='word_1_763' title='bbox 2027 5217 2267 5272; x_wconf 88' lang='lat' dir='ltr'><strong>demum</strong></span> <span class='ocrx_word' id='word_1_764' title='bbox 2289 5223 2349 5272; x_wconf 82' lang='lat' dir='ltr'><strong>et</strong></span> <span class='ocrx_word' id='word_1_765' title='bbox 2369 5217 2441 5272; x_wconf 88' lang='lat' dir='ltr'><strong>ad</strong></span> <span class='ocrx_word' id='word_1_766' title='bbox 2456 5235 2565 5273; x_wconf 86' lang='lat' dir='ltr'><strong>nos</strong></span> <span class='ocrx_word' id='word_1_767' title='bbox 2589 5219 2814 5285; x_wconf 88' lang='lat' dir='ltr'><strong>venies,</strong></span> <span class='ocrx_word' id='word_1_768' title='bbox 2838 5225 2896 5272; x_wconf 91' lang='lat' dir='ltr'><strong>et</strong></span> <span class='ocrx_word' id='word_1_769' title='bbox 2913 5235 3020 5289; x_wconf 90' lang='lat' dir='ltr'><strong>per</strong></span> <span class='ocrx_word' id='word_1_770' title='bbox 3041 5218 3338 5290; x_wconf 88' lang='lat' dir='ltr'><strong>reliquum</strong></span> <span class='ocrx_word' id='word_1_771' title='bbox 3362 5234 3539 5274; x_wconf 90' lang='lat' dir='ltr'><strong>omne</strong></span> <span class='ocrx_word' id='word_1_772' title='bbox 3565 5218 3678 5271; x_wconf 88' lang='lat' dir='ltr'><strong>hu-</strong></span> 
     </span>
    </p>
   </div>
   <div class='ocr_carea' id='block_1_111' title="bbox 347 5337 1921 5418">
    <p class='ocr_par' dir='ltr' id='par_1_111' title="bbox 347 5337 1921 5418">
     <span class='ocr_line' id='line_1_112' title="bbox 347 5337 1921 5418; baseline -0.003 -22"><span class='ocrx_word' id='word_1_773' title='bbox 347 5342 460 5414; x_wconf 90' lang='lat'><strong>(83)</strong></span> <span class='ocrx_word' id='word_1_774' title='bbox 493 5341 830 5418; x_wconf 73' lang='lat' dir='ltr'><strong>Latinorum</strong></span> <span class='ocrx_word' id='word_1_775' title='bbox 852 5341 1110 5413; x_wconf 79' lang='lat' dir='ltr'><strong>pallium.</strong></span> <span class='ocrx_word' id='word_1_776' title='bbox 1145 5343 1414 5398; x_wconf 79' lang='lat' dir='ltr'><strong>Moschus</strong></span> <span class='ocrx_word' id='word_1_777' title='bbox 1445 5344 1617 5398; x_wconf 88' lang='lat' dir='ltr'><strong>Prato</strong></span> <span class='ocrx_word' id='word_1_778' title='bbox 1646 5357 1699 5398; x_wconf 83' lang='grc' dir='ltr'><strong>ο.</strong></span> <span class='ocrx_word' id='word_1_779' title='bbox 1733 5343 1799 5396; x_wconf 85' lang='grc'><strong>76</strong></span> <span class='ocrx_word' id='word_1_780' title='bbox 1829 5357 1842 5396; x_wconf 90' lang='lat'>:</span> <span class='ocrx_word' id='word_1_781' title='bbox 1878 5337 1921 5394; x_wconf 75' lang='grc' dir='ltr'><strong>εἰ</strong></span> 
     </span>
    </p>
   </div>
   <div class='ocr_carea' id='block_1_112' title="bbox 2034 5337 3668 5418">
    <p class='ocr_par' dir='ltr' id='par_1_112' title="bbox 2084 5337 3668 5418">
     <span class='ocr_line' id='line_1_113' title="bbox 2084 5337 3668 5418; baseline -0.001 -23"><span class='ocrx_word' id='word_1_782' title='bbox 2084 5359 2205 5395; x_wconf 87' lang='grc' dir='ltr'><strong>τινα</strong></span> <span class='ocrx_word' id='word_1_783' title='bbox 2239 5340 2550 5416; x_wconf 80' lang='grc' dir='ltr'><strong>μοναχὸν...</strong></span> <span class='ocrx_word' id='word_1_784' title='bbox 2614 5337 2781 5412; x_wconf 73' lang='grc' dir='ltr'><strong>μηδὲν</strong></span> <span class='ocrx_word' id='word_1_785' title='bbox 2815 5337 3008 5414; x_wconf 80' lang='grc' dir='ltr'><strong>ἔχοντα</strong></span> <span class='ocrx_word' id='word_1_786' title='bbox 3046 5339 3194 5411; x_wconf 73' lang='grc' dir='ltr'><strong>πλὴν</strong></span> <span class='ocrx_word' id='word_1_787' title='bbox 3227 5338 3513 5418; x_wconf 88' lang='grc' dir='ltr'><strong>στιχαρίου</strong></span> <span class='ocrx_word' id='word_1_788' title='bbox 3541 5360 3668 5416; x_wconf 87' lang='grc' dir='ltr'><strong>τρι-</strong></span> 
     </span>
    </p>
   </div>
   <div class='ocr_carea' id='block_1_113' title="bbox 269 5411 838 5492">
    <p class='ocr_par' dir='ltr' id='par_1_113' title="bbox 269 5411 838 5492">
     <span class='ocr_line' id='line_1_114' title="bbox 269 5411 838 5492; baseline -0.002 -24"><span class='ocrx_word' id='word_1_789' title='bbox 269 5411 555 5492; x_wconf 26' lang='grc' dir='ltr'><strong>χίνουῖκαί</strong></span> <span class='ocrx_word' id='word_1_790' title='bbox 578 5411 838 5492; x_wconf 75' lang='grc' dir='ltr'><strong>παλλίου.</strong></span> 
     </span>
    </p>
   </div>
   <div class='ocr_carea' id='block_1_114' title="bbox 347 5485 928 5555">
    <p class='ocr_par' dir='ltr' id='par_1_114' title="bbox 347 5485 928 5555">
     <span class='ocr_line' id='line_1_115' title="bbox 347 5485 928 5555; baseline 0.003 -17"><span class='ocrx_word' id='word_1_791' title='bbox 347 5485 462 5555; x_wconf 75' lang='grc'><strong>(84)</strong></span> <span class='ocrx_word' id='word_1_792' title='bbox 496 5485 648 5541; x_wconf 87' lang='lat' dir='ltr'><strong>Psal.</strong></span> <span class='ocrx_word' id='word_1_793' title='bbox 690 5501 836 5553; x_wconf 79' lang='lat' dir='ltr'><strong>cm,</strong></span> <span class='ocrx_word' id='word_1_794' title='bbox 869 5489 928 5540; x_wconf 69' lang='lat' dir='ltr'><strong>7o</strong></span> 
     </span>
    </p>
   </div>
   <div class='ocr_carea' id='block_1_115' title="bbox 353 5552 1921 5638">
    <p class='ocr_par' dir='ltr' id='par_1_115' title="bbox 353 5552 1921 5638">
     <span class='ocr_line' id='line_1_116' title="bbox 353 5552 1921 5638; baseline 0.001 -30"><span class='ocrx_word' id='word_1_795' title='bbox 494 5556 555 5623; x_wconf 91' lang='lat' dir='ltr'><strong>C,</strong></span> <span class='ocrx_word' id='word_1_796' title='bbox 590 5552 907 5638; x_wconf 52' lang='lat' dir='ltr'><strong>gzppay,_1o§</strong></span> <span class='ocrx_word' id='word_1_797' title='bbox 937 5554 1089 5638; x_wconf 69' lang='grc' dir='ltr'><strong>ἁγίου</strong></span> <span class='ocrx_word' id='word_1_798' title='bbox 1111 5553 1844 5638; x_wconf 45' lang='grc' dir='ltr'><strong>ΔΠνεῦματος.-ἓξηζιιί-ειξιιιει</strong></span> 
     </span>
    </p>
   </div>
   <div class='ocr_carea' id='block_1_116' title="bbox 2034 5552 3666 5638">
    <p class='ocr_par' dir='ltr' id='par_1_116' title="bbox 2055 5552 3666 5638">
     <span class='ocr_line' id='line_1_117' title="bbox 2055 5552 3666 5638; baseline -0.001 -28"><span class='ocrx_word' id='word_1_799' title='bbox 2055 5555 2197 5638; x_wconf 70' lang='lat' dir='ltr'><strong>olim</strong></span> <span class='ocrx_word' id='word_1_800' title='bbox 2227 5552 2456 5638; x_wconf 56' lang='grc' dir='ltr'><strong>σφραγὶς</strong></span> <span class='ocrx_word' id='word_1_801' title='bbox 2515 5553 2714 5638; x_wconf 67' lang='lat' dir='ltr'><strong>dictus</strong></span> <span class='ocrx_word' id='word_1_802' title='bbox 2729 5568 2745 5609; x_wconf 88' lang='lat'><strong>:</strong></span> <span class='ocrx_word' id='word_1_803' title='bbox 2768 5554 2919 5638; x_wconf 53' lang='lat' dir='ltr'><strong>lide</strong></span> <span class='ocrx_word' id='word_1_804' title='bbox 2949 5555 3180 5628; x_wconf 84' lang='lat' dir='ltr'><strong>Segaar.</strong></span> <span class='ocrx_word' id='word_1_805' title='bbox 3212 5556 3286 5613; x_wconf 90' lang='lat' dir='ltr'><strong>ad</strong></span> <span class='ocrx_word' id='word_1_806' title='bbox 3316 5556 3498 5614; x_wconf 88' lang='lat' dir='ltr'><strong>Clem.</strong></span> <span class='ocrx_word' id='word_1_807' title='bbox 3529 5554 3666 5610; x_wconf 84' lang='lat' dir='ltr'><strong>Ale-</strong></span> 
     </span>
    </p>
   </div>
   <div class='ocr_carea' id='block_1_117' title="bbox 269 5625 2187 5703">
    <p class='ocr_par' dir='ltr' id='par_1_117' title="bbox 269 5625 2187 5703">
     <span class='ocr_line' id='line_1_118' title="bbox 269 5625 2187 5703; baseline -0.002 -16"><span class='ocrx_word' id='word_1_808' title='bbox 269 5625 486 5695; x_wconf 51' lang='grc' dir='ltr'><strong>κολιᾶν.</strong></span> <span class='ocrx_word' id='word_1_809' title='bbox 526 5649 554 5679; x_wconf 82' lang='grc'>‹‹</span> <span class='ocrx_word' id='word_1_810' title='bbox 588 5625 727 5698; x_wconf 75' lang='lat' dir='ltr'><strong>Quis</strong></span> <span class='ocrx_word' id='word_1_811' title='bbox 742 5625 913 5685; x_wconf 80' lang='lat' dir='ltr'><strong>dives</strong></span> <span class='ocrx_word' id='word_1_812' title='bbox 946 5625 1202 5686; x_wconf 71' lang='lat' dir='ltr'><strong>salvetur</strong></span> <span class='ocrx_word' id='word_1_813' title='bbox 1232 5625 1274 5680; x_wconf 57' lang='lat' dir='ltr'><strong>1i</strong></span> <span class='ocrx_word' id='word_1_814' title='bbox 1290 5643 1429 5703; x_wconf 79' lang='lat' dir='ltr'><strong>pag.</strong></span> <span class='ocrx_word' id='word_1_815' title='bbox 1463 5629 1569 5683; x_wconf 81' lang='lat'><strong>380</strong></span> <span class='ocrx_word' id='word_1_816' title='bbox 1589 5625 1816 5686; x_wconf 82' lang='lat' dir='ltr'><strong>Fabric.</strong></span> <span class='ocrx_word' id='word_1_817' title='bbox 1850 5626 1924 5683; x_wconf 83' lang='lat' dir='ltr'><strong>ad</strong></span> <span class='ocrx_word' id='word_1_818' title='bbox 1957 5626 2187 5683; x_wconf 85' lang='lat' dir='ltr'><strong>Pseudo</strong></span> 
     </span>
    </p>
   </div>
   <div class='ocr_carea' id='block_1_118' title="bbox 2309 5625 2891 5699">
    <p class='ocr_par' dir='ltr' id='par_1_118' title="bbox 2309 5625 2891 5699">
     <span class='ocr_line' id='line_1_119' title="bbox 2309 5625 2891 5699; baseline 0.005 -17"><span class='ocrx_word' id='word_1_819' title='bbox 2309 5625 2490 5693; x_wconf 80' lang='lat' dir='ltr'><strong>diam,</strong></span> <span class='ocrx_word' id='word_1_820' title='bbox 2520 5641 2579 5699; x_wconf 86' lang='lat' dir='ltr'><strong>p.</strong></span> <span class='ocrx_word' id='word_1_821' title='bbox 2611 5627 2736 5694; x_wconf 85' lang='lat'><strong>537,</strong></span> <span class='ocrx_word' id='word_1_822' title='bbox 2767 5625 2891 5686; x_wconf 88' lang='lat'><strong>700.</strong></span> 
     </span>
    </p>
   </div>
  </div>
