3994 6150
324 260 461 318 1023

1826 250 2168 304 ADDENDA
2181 284 2192 298 .

3568 252 3711 309 1024

312 384 483 455 jusce
495 384 623 438 vitm
639 386 870 453 tempus
891 382 1202 437 nobiseum
1223 381 1417 453 deges.
1435 381 1514 434 Ac
1538 376 1767 433 Domini
1786 374 1954 431 beni-

2081 376 2211 439 ζωῆς
2244 369 2518 440 ἀλλήλοις
2551 372 2993 445 συνοικήσαιμεν.
3046 369 3290 437 Πέποιθα
3320 370 3375 429 δὶ
3405 376 3484 444 τῷ
3530 376 3710 447 Κυρίῳ

318 473 537 544 gnitate
553 472 734 527 fretus
749 471 1208 541 haudquaquam
1227 469 1428 524 dubito
1444 468 1587 538 quin
1602 468 1662 521 in
1677 466 1873 520 futura
1885 464 1961 516 vi—

319 566 375 615 ta
401 561 483 615 ita
513 561 969 632 conjungamur,
999 565 1063 613 ut
1092 574 1397 628 nunquam
1428 554 1958 625 divellipossimus.

390 650 670 719 Josaphat
685 655 882 703 autem
897 648 1175 718 laerymis
1188 663 1422 701 rursum
1437 642 1959 715 perfusus,ad.eum

322 737 405 790 ait
424 753 436 790 :
453 737 507 789 Si
525 736 771 791 Domino
788 737 867 790 ita
880 737 1283 806 placet,ipsius
1296 735 1562 789 voluntas
1578 734 1696 787 ﬁat.
1720 731 1959 795 Quocir-

324 842 390 879 ca
416 840 547 879 cum
577 825 772 878 divino
797 824 1148 894 baptismate
1168 840 1259 877 me
1282 822 1628 885 initiaveris,
1652 820 1959 889 pecunias-

324 930 437 982 que
471 930 503 966 a
544 928 635 965 me
669 919 727 965 et
756 918 965 977 vestes,
1001 917 1119 967 tam
1161 912 1233 966 ad
1268 917 1430 965 tuum
1462 926 1639 980 quam
1683 909 1753 963 ad
1786 906 1957 961 soda-

320 1001 468 1055 lium
498 1006 732 1055 tuorum
756 1002 971 1055 victum
994 1017 1059 1055 ac
1082 1001 1356 1055 vestitum
1376 997 1696 1069 acceperis,
1728 997 1789 1049 in
1820 995 1961 1049 reli—

319 1090 497 1161 giosas
526 1090 965 1144 exercitationis
992 1089 1209 1150 locum.
1237 1089 1449 1144 divina;
1496 1087 1657 1158 pacis
1684 1083 1956 1156 praesidio

323 1184 545 1249 septus,
574 1177 825 1232 abscede
852 1196 865 1242 ;
891 1195 1137 1247 meaque
1166 1195 1342 1233 causa
1366 1177 1491 1231 sine
1514 1176 1636 1230 ulla
1662 1174 1956 1228 intermis-

324 1266 488 1321 sione
516 1267 696 1320 Deum
748 1283 906 1338 rogo,
933 1274 997 1321 ut
1027 1284 1098 1322 ne
1134 1284 1234 1337 spe
1275 1283 1407 1321 mea
1456 1264 1723 1329 frustrer,
1758 1278 1958 1316 verum

324 1355 513 1425 primo
546 1370 779 1424 quoque
830 1360 1090 1425 tempore
1121 1354 1195 1409 ad
1227 1360 1280 1408 te
1312 1354 1637 1425 pervenire,
1672 1357 1847 1421 atque
1898 1351 1957 1403 in

326 1443 444 1498 alta
472 1442 666 1512 quiete
700 1443 1013 1497 utilitatem
1048 1460 1113 1497 ex
1144 1449 1195 1497 te
1232 1444 1531 1513 percipere
1555 1440 1795 1512 possim.

398 1531 663 1586 Barlaam
685 1537 881 1585 autem
905 1532 986 1585 ait
1008 1550 1020 1586 :
1042 1532 1190 1595 Quin
1214 1532 1423 1585 Christi
1443 1530 1681 1601 quidem
1701 1527 1958 1599 sigillum

324 1619 577 1689 accipias
592 1619 740 1673 nihil
756 1626 843 1674 est
859 1620 1013 1689 quod
1028 1620 1356 1690 prohibeat.
1368 1622 1554 1683 Quare
1570 1617 1957 1687 teipsumjam

2066 458 2153 511 καὶ
2211 459 2262 512 ἐν
2320 462 2387 532 τῇ
2463 459 2740 533 μελλούσῃ
2824 458 3067 537 διαγωγῇ
3129 459 3481 523 ἀδιαστάτους

2072 566 2224 603 ειναι.

2140 634 2305 698 Αὖθις
2340 633 2395 689 δὲ
2418 637 2445 689 ὁ
2479 638 2712 714 Ἰωάσαφ
2745 635 2987 713 δακρύων
3044 640 3172 717 φησὶ
3235 640 3373 710 πρὸς
3428 640 3609 696 αὐτόν·
3648 623 3708 699 εἰ

2066 725 2143 792 τῷ
2175 722 2356 797 Κυρίῳ
2383 729 2549 778 ταῦτα
2580 722 2749 794 δοκεῖ,
2780 727 2841 781 τὸ
2873 728 3088 801 θὲλῃμα
3118 728 3281 783 αὐτοῦ
3309 730 3541 803 γενέσθω
3572 734 3708 803 (86).

2069 809 2378 874 Τελειώσας
2408 812 2503 866 οῦν
2532 834 2597 886 με
2650 812 2841 870 λοιπὸν
2902 822 2981 888 τῷ
3036 818 3163 890 θείῳ
3213 818 3565 893 βαπτίσματι,
3614 821 3704 875 καὶ

2070 893 2252 952 λαϐὼν
2284 902 2410 973 παρ’
2450 900 2587 973 ἐμοῦ
2647 905 2910 977 χρήματα
2939 904 3027 958 καὶ
3077 906 3269 977 ἱμάτια
3300 906 3376 969 εἷς
3410 905 3706 979 διατροφήν

2068 987 2156 1039 καὶ
2193 987 2449 1065 ἀμφίασιν
2510 995 2605 1044 σοῦ
2658 1012 2717 1045 τε
2769 993 2858 1047 καὶ
2914 998 3020 1047 τῶν
3082 995 3308 1070 ἑταίρων
3362 1017 3475 1065 σον,
3506 993 3710 1060 ἄπελθε

2069 1073 2143 1136 εἰς
2170 1076 2261 1129 τὸν
2294 1077 2460 1132 τόπον
2490 1086 2589 1149 τῆς
2622 1081 2899 1151 ἀσκήσεώς
2950 1104 3065 1151 σου,
3096 1088 3164 1157 τῇ
3193 1089 3290 1139 τοῦ
3338 1089 3470 1140 Θεοῦ
3519 1085 3709 1161 εἰρήνῃ

2070 1164 2497 1238 φρουρούμενος.
2562 1172 2747 1241 Κάμοῦ
2808 1173 2883 1243 μή
2943 1168 3179 1246 διαλπῃς
3245 1174 3706 1248 ὑπερευχόμενος,

2067 1250 2153 1305 ἳνα
2187 1254 2262 1324 μὴ
2298 1253 2580 1329 ἐκπέσοιμι
2612 1264 2709 1326 τῆς
2768 1258 2991 1324 ἐλπίδος
3047 1282 3173 1333 μου,
3202 1260 3347 1316 ἀλλὰ
3402 1264 3591 1317 θᾶττον
3626 1262 3706 1317 ἶσ-

2071 1346 2224 1415 χύσω
2274 1338 2595 1398 καταλαϐεῖν
2633 1366 2685 1400 σε
2712 1347 2802 1401 καὶ
2862 1347 2911 1402 ἐν
2962 1350 3169 1423 ἡσυχίᾳ
3198 1350 3385 1425 βαθείᾳ
3432 1357 3532 1420 τῆς
3564 1352 3711 1425 παρὰ

2070 1431 2164 1485 σοῦ
2195 1430 2486 1487 ἀπολαύειν
2521 1434 2804 1511 ὡφελείας.

2138 1520 2198 1575 Ὁ
2235 1518 2289 1575 δὲ
2318 1522 2583 1597 Βαρλαάμ
2640 1520 2763 1599 ἔφη·
2806 1530 2915 1596 Τήν
2975 1531 3068 1601 μὶν
3125 1534 3226 1584 τοῦ
3254 1532 3488 1598 Χριστοῦ
3519 1552 3577 1586 σε
3607 1530 3709 1586 λα-

2070 1604 2180 1662 ϐεῖν
2216 1609 2479 1686 σφραγίδα
2514 1614 2575 1668 τὸ
2623 1614 2839 1671 κωλύον
2887 1614 3058 1673 οὐδὲν.
3118 1618 3446 1695 Εὐτρέπισον
3507 1617 3704 1674 λοιπὸν

3561 465 3711 534 ἡμᾶς

323 1708 564 1774 adorna,
599 1724 666 1763 ac
691 1708 807 1761 Deo
831 1708 1072 1778 juvante
1105 1708 1449 1763 Christianae
1476 1707 1612 1761 ildei
1640 1705 1823 1760 sacris
1847 1704 1955 1757 iiii-

2081 1698 2317 1752 ιεαυτὸν·
2375 1700 2464 1754 καὶ
2499 1744 2514 1771 ,
2570 1706 2665 1757 τοῦ
2723 1706 2929 1777 Κυρίου
2986 1712 3369 1783 συνεργοῦντος
3406 1752 3420 1776 ,
3475 1707 3705 1763 τελειω-

327 1796 584 1851 tiaberis.
622 1798 699 1850 De
731 1797 803 1850 iis
833 1803 1029 1851 autem
1054 1798 1341 1867 pecuniis,
1376 1814 1522 1866 quas
1555 1802 1608 1849 te
1643 1801 1761 1848 tum
1788 1793 1954 1859 mihi,

326 1890 447 1940 tum
472 1884 771 1939 sodalibus
789 1885 936 1939 meis
954 1885 1229 1940 daturum
1249 1885 1443 1939 dixisti
1460 1884 1559 1954 qui
1581 1883 1815 1938 tandem
1832 1881 1957 1936 fieri

326 1980 527 2043 posset
552 1978 617 2027 ut
651 1980 710 2027 tu
730 1973 827 2043 qui
854 1990 1076 2044 pauper
1107 1991 1190 2040 es,
1223 1973 1499 2027 divitibus
1521 1972 1959 2041 eleemosynam

328 2061 675 2131 impertias?
724 2062 1026 2131 Siquidem
1076 2062 1319 2116 divitum
1352 2068 1441 2115 est
1483 2061 1555 2115 de
1604 2059 1962 2131 pauperibus

326 2146 476 2203 bene
510 2151 869 2216 mereri,non
891 2156 1087 2205 autem
1110 2156 1315 2205 contra
1339 2166 1663 2220 pauperum
1696 2148 1768 2203 de
1800 2149 1960 2202 locu-

326 2237 586 2307 pletibus
599 2238 1092 2309 etcopiosis.Nam
1113 2238 1402 2293 sodalium
1417 2238 1681 2292 omnium
1696 2253 1961 2292 meorum

325 2332 659 2396 postremus
672 2326 881 2396 opibus
903 2327 1145 2381 omnino
1164 2332 1219 2381 te
1243 2332 1500 2397 superat.
1518 2328 1730 2381 Verum
1752 2326 1963 2380 divinis

331 2412 810 2468 miserationibus
834 2414 1036 2480 fretus,
1071 2416 1180 2468 hoc
1199 2414 1345 2468 mihi
1370 2414 1717 2485 persuadeo,
1753 2419 1807 2469 te
1838 2430 1967 2484 pro-

330 2502 563 2572 pediem
586 2503 1116 2574 locupletissimum
1137 2504 1281 2558 fore.
1297 2503 1460 2568 Quod
1476 2519 1608 2559 cum
1631 2503 1963 2573 contigerit,

333 2590 577 2645 minime
606 2592 680 2646 ad
716 2591 1083 2663 largiendum
1112 2599 1420 2664 promptus
1443 2608 1507 2647 ac
1530 2590 1803 2662 proclivis
1829 2590 1963 2644 eris.

401 2679 556 2733 Dixit
575 2686 771 2734 autem
785 2680 858 2735 ad
874 2698 1008 2736 eum
1021 2682 1300 2752 Josaphat
1315 2698 1327 2735 :
1344 2683 1580 2751 Expone
1593 2680 1966 2749 mihi,qumso

330 2786 585 2839 quonam
601 2776 767 2839 pacto
783 2769 1071 2825 sodalium
1089 2776 1322 2825 tuorum
1336 2776 1634 2825 extremus
1646 2769 1855 2839 opibus
1874 2784 1969 2821 me

331 2858 668 2925 antecellat,
701 2876 833 2913 cum
869 2860 1042 2930 paulo
1062 2866 1198 2915 ante
1223 2866 1282 2914 tu
1313 2876 1413 2914 eos
1441 2860 1499 2913 in
1532 2875 1744 2929 magna
1770 2856 1970 2927 inopia

332 2946 519 3000 vivere
534 2952 708 3017 atque
723 2954 985 3003 extrema
999 2954 1342 3019 paupertate
1365 2948 1691 3003 conflictari
1725 2946 1964 3000 dixeris.

2067 1787 2221 1859 θήσῃ.
2262 1787 2386 1862 ΙΙερὶ
2419 1790 2490 1842 ὢν
2527 1788 2583 1845 δὲ
2617 1795 2769 1853 εἴπας
2799 1792 3103 1868 χρημάτων
3133 1802 3250 1857 τοῖς
3304 1797 3542 1871 ἑταίροις
3597 1817 3704 1870 μου

2064 1882 2359 1949 παρασχεῖν
2397 1921 2411 1946 ,
2464 1883 2579 1940 πῶς
2631 1876 2780 1936 ἔσται
2835 1886 3015 1955 τοῦτο,
3078 1885 3135 1939 σὶ
3186 1886 3277 1940 τὸν
3334 1884 3540 1955 πένητα
3588 1892 3706 1947 τοῖς

2065 1963 2355 2027 πλουσίοις
2390 1966 2762 2041 ἐλεημοσύνην
2815 1968 3020 2026 διδόναι
3046 1990 3060 2041 ;
3112 1974 3175 2028 Οἱ
3205 1972 3460 2029 πλούσιοι
3491 1976 3593 2048 γάρ
3624 1974 3701 2029 ἀεὶ

2065 2054 2191 2114 τοὺς
2250 2057 2479 2125 πένητας
2535 2058 2899 2133 εὐεργετοῦσιν
2935 2103 2948 2129 ,
2986 2061 3071 2119 ,οὐ
3127 2063 3235 2135 μὴν
3289 2060 3346 2117 δὲ
3398 2063 3451 2117 οἱ
3507 2060 3703 2137 ἄποροι

2065 2142 2192 2207 τοὺς
2224 2143 2506 2218 εὐπόρους.
2540 2147 2599 2203 Ὁ
2645 2149 2747 2223 γὰρ
2780 2146 3009 2223 ἔσχατος
3069 2150 3280 2206 πάντων
3334 2156 3443 2206 τῶν
3476 2151 3701 2225 ἑταίρων

2073 2252 2176 2304 μου
2203 2232 2609 2308 πλουσιώτερός
2640 2256 2735 2291 σου
2765 2238 3103 2312 ἀσυγκρίτως
3150 2242 3499 2310 καθέστηκεν.
3535 2239 3705 2298 Ἀλλά

2069 2321 2303 2375 πέποιθα
2342 2320 2416 2383 εἰς
2473 2322 2597 2381 τοὺς
2656 2324 2975 2402 οἷκτιρμοὺς
3028 2326 3124 2383 τοῦ
3155 2334 3288 2383 Θεοῦ
3342 2330 3431 2384 καὶ
3492 2329 3550 2383 σὲ
3582 2330 3703 2383 δσον

2072 2406 2224 2463 οὔπω
2286 2410 2773 2483 ὑπερπλουτῆσαι’
2833 2416 2920 2470 καὶ
2981 2416 3079 2472 οὐκ
3134 2416 3495 2491 εὖμετάδοτος
3550 2438 3702 2489 τηνι-

2069 2503 2237 2553 καῦτα
2266 2497 2377 2573 ἔσῃ.

2141 2678 2272 2733 Εἶπε
2329 2674 2386 2731 δὲ
2439 2678 2466 2732 ὁ
2526 2678 2753 2755 Ἰωάσιφ
2809 2682 2945 2756 πρὸς
3000 2682 3183 2737 αὐτόν·
3248 2682 3557 2761 Σαφήνισόν
3620 2705 3709 2757 μοι

2072 2767 2160 2819 τὸν
2195 2762 2386 2840 λόγον,
2424 2773 2541 2831 πῶς
2576 2770 2603 2823 ὁ
2636 2770 2848 2825 πάντων
2905 2769 3131 2846 ἔσχατος
3160 2777 3268 2827 τῶν
3327 2776 3434 2826 σῶν
3485 2772 3708 2846 ἑταίρων

2079 2853 2386 2923 ὑπὲρκειταί
2448 2876 2550 2927 μου
2605 2861 2682 2928 τῷ
2738 2855 2963 2930 ’πλούτῳ
3023 2859 3221 2934 οὕσπερ
3296 2857 3484 2933 πολλῇ
3542 2865 3704 2934 συζῇν

2075 2944 2227 2999 I59
2264 2942 2613 3018 ἀκτημοσύνῃ
2662 2951 2751 3000 καί
2784 2944 2987 3021 ἐσχάτῃ
3044 2946 3505 3022 ταλαιπωρεῖσθαι
3561 2971 3710 3004 πτω-

331 3036 621 3100 Quidnam
652 3036 792 3091 item
821 3037 1308 3107 sit,quamobrem
1330 3054 1487 3092 nunc
1520 3053 1610 3091 me
1644 3051 1959 3105 pauperem

2081 3029 2200 3102 χείᾳ
2230 3032 2333 3104 πρὸ
2369 3037 2565 3106 μικροῦ
2620 3032 2801 3108 ἔλεγες
2830 3040 2945 3097 πῶς
2979 3034 3037 3091 δὲ
3093 3041 3183 3091 νῦν
3242 3038 3335 3110 μὶν
3394 3036 3591 3107 πὲνητά
3642 3059 3709 3110 με

329 3125 611 3196 appelles,
644 3141 778 3180 cum
809 3132 1006 3181 autem
1038 3126 1421 3197 amplissimis
1448 3126 1657 3196 opibus
1685 3125 1963 3196 praeditus

329 3213 515 3281 fuero,
566 3214 812 3269 minime
861 3215 1170 3271 liberalem
1211 3216 1333 3270 fore
1366 3216 1549 3279 dicas,
1581 3215 1678 3285 qui
1709 3231 1867 3269 nunc
1898 3213 1972 3267 ad

336 3301 713 3375 largiendum
740 3312 1047 3375 promptus
1078 3322 1143 3360 ac
1175 3322 1505 3375 propensus
1537 3320 1687 3359 sum.

416 3391 740 3462 Respondit
769 3393 1068 3449 Barlaam:
1099 3396 1221 3449 Non
1246 3409 1343 3448 eos
1392 3397 1734 3464 paupertate
1756 3393 1971 3447 conﬂi-

343 3481 485 3535 ctari
502 3480 643 3549 dixi,
661 3481 760 3535 sed
778 3481 1141 3537 inexhaustis
1155 3483 1349 3553 potius
1366 3482 1576 3552 opibus
1592 3482 1973 3537 ilorere.Nam

340 3569 549 3640 opibus
564 3586 703 3641 opes
716 3587 949 3641 semper
960 3570 1417 3643 adjungere,nec
1439 3571 1817 3641 cupiditatem
1844 3576 1976 3625 tan-

341 3673 515 3729 quam
530 3658 696 3715 freno
711 3676 1001 3729 coercere,
1015 3678 1216 3715 verum
1232 3661 1357 3715 sine
1378 3660 1501 3715 ulla
1518 3661 1783 3716 satietate
1807 3661 1978 3732 plura

343 3752 643 3817 appetere,
677 3754 954 3803 extremae
995 3749 1359 3819 paupertatis
1399 3754 1809 3821 argumentum
1867 3752 1974 3803 est.

340 3837 553 3891 Contra
566 3837 665 3907 qui
681 3838 1173 3907 sempiternarum
1192 3855 1380 3892 rerum
1397 3838 1713 3908 cupiditate
1729 3854 1980 3907 praesen-

346 3923 427 3977 tia
442 3924 643 3978 omnia
658 3931 1050 3979 contemnunt
1069 3942 1253 3995 eaque
1266 3943 1370 3996 pro
1387 3926 1745 3980 stercoribus
1758 3926 1981 3980 ducunt

350 4016 414 4065 ut
433 4012 729 4066 Christum
757 4013 947 4067 solum
984 4013 1287 4067 lucrentur
1312 4014 1541 4082 (Philip.
1573 4014 1677 4083 ιιι),
1701 4014 1978 4084 omnique

349 4100 619 4156 ciborum
642 4108 702 4157 et
729 4101 1213 4157 indumentorum
1233 4120 1475 4158 excussa
1505 4108 1680 4173 atque
1712 4104 1770 4158 in
1796 4105 1978 4158 Deum

346 4190 613 4259 projecta
653 4207 813 4255 cura,
843 4193 1131 4262 majorem
1163 4208 1230 4246 ex
1262 4192 1461 4263 inopia
1492 4193 1847 4263 voluptatem
1883 4209 1979 4247 ca-

351 4277 525 4348 piunt
546 4295 726 4348 quam
751 4280 1025 4349 quisnam
1048 4298 1247 4337 eorum
1276 4282 1375 4351 qui
1417 4282 1619 4337 mundi
1653 4300 1851 4338 amore
1873 4283 1981 4337 ila-

2078 3116 2392 3188 ἀποκαλεῖς,
2426 3122 2549 3174 ὅταν
2601 3118 2657 3175 δὲ
2713 3122 3144 3198 ὐπερπλουτνςσω
3203 3124 3301 3179 οὐκ
3358 3124 3706 3198 εὐμετάδοτον

2074 3208 2311 3282 γενέσθαι
2384 3206 2557 3284 λὲγεις
2610 3209 2704 3264 τὸν
2750 3210 3106 3283 εὐμετάδοτον
3156 3217 3246 3267 νῦν
3297 3214 3706 3284 καθεστηκότας

2147 3388 2207 3443 Ὁ
2268 3384 2324 3440 δὲ
2383 3385 2642 3461 Βαρλαᾶμ
2696 3388 3040 3461 ἀπεκρίνατο·
3077 3388 3153 3447 Οὒ
3186 3392 3432 3466 πτωχείᾳ
3488 3391 3710 3454 τούτους

2078 3468 2208 3552 ἔφην
2240 3473 2725 3549 ταλαιπωρεῖσθαι,
2760 3475 2904 3531 ἀλλᾶ
2952 3476 3178 3551 πλούτῳ
3206 3484 3379 3553 κομᾷν
3440 3481 3711 3553 ἀκενώτῳ.

2076 3565 2145 3618 Τὸ
2174 3566 2273 3638 γὰρ
2308 3564 2385 3619 ἀεὶ
2443 3570 2558 3626 τοῖς
2606 3567 2855 3639 χρήμασι
2912 3567 3251 3640 προστιθέναι
3309 3570 3594 3644 χρήματα,
3625 3570 3714 3623 καὶ

2084 3653 2158 3725 μὴ
2216 3660 2315 3721 τῆς
2365 3655 2542 3727 ὁρμῆς
2602 3653 2977 3729 χαλινοῦσθαι,
3033 3655 3178 3713 ἀλλὰ
3233 3657 3322 3712 καὶ
3379 3656 3708 3732 πλειοτέρων

2081 3741 2383 3816 ἀκορέστως
2439 3741 2765 3816 ὀρέγεσθαι,
2818 3748 2978 3799 τοῦτο
3037 3745 3221 3800 πενίας
3278 3744 3512 3820 ἐσχάτης
3578 3746 3706 3801 ἐστί.

2077 3829 2204 3891 τοὺς
2243 3827 2299 3884 δὲ
2349 3835 2454 3885 τῶν
2489 3828 2767 3905 παρόντων
2826 3831 2919 3905 μὲν
2986 3831 3335 3906 ὑπεριδόντας
3392 3834 3549 3906 πόθῳ
3604 3839 3706 3888 τῶν

2080 3916 2335 3985 αἰωνίων,
2368 3917 2455 3972 καὶ
2505 3915 2747 3973 σκύϐαλα
2802 3924 2966 3975 ταῦτα
3024 3923 3424 3995 ἡγησαμίνους,
3467 3924 3558 3977 ’ἱνα
3588 3928 3719 3997 Χρι-

2080 4008 2170 4061 τὸν
2209 4008 2375 4079 μόνον
2426 4005 2733 4082 κερδήσωσι
2783 4012 2919 4083 (87),
2972 4016 3141 4064 πᾶσαν
3177 4010 3235 4065 δὲ
3267 4011 3573 4085 βρωμάτων
3627 4011 3717 4065 καὶ

2082 4094 2389 4169 ἐνδυμάτων
2478 4096 2845 4169 ἀποθεμένους
2932 4097 3192 4173 μέριμναν
3252 4100 3339 4153 καὶ
3399 4104 3477 4172 τῷ
3531 4099 3719 4174 Κυρίῳ

2080 4183 2277 4254 ταύτην
2338 4183 2751 4259 ἐπιρῥίψαντας,
2809 4185 3257 4261 εὐφραινομένους
3314 4184 3373 4241 δὲ
3420 4191 3488 4260 τῇ
3547 4187 3717 4256 ἀκτη-

2084 4272 2217 4343 σίᾳ,
2278 4274 2353 4334 ὡς
2411 4272 2508 4327 ούκ
2561 4271 2620 4328 ἄν
2676 4279 2758 4335 τῖς
2806 4278 2914 4328 τῶν
2970 4272 3321 4349 φιλοκόσμων
3393 4274 3712 4353 εὖφρανθείη

346 4372 539 4437 grant,
563 4382 632 4421 ex
661 4383 841 4437 opum
876 4370 1335 4439 etpecuniarum
1367 4370 1730 4426 abundantia
1750 4371 1966 4441 capiat;

2085 4360 2309 4434 πλούτῳ
2366 4362 2454 4415 καὶ
2485 4364 2732 4437 χρήμασι
2796 4362 3020 4438 βρίθων,
3071 4364 3158 4418 καὶ
3201 4366 3291 4418 τὸ)
3346 4369 3585 4419 πλοῦτον
3616 4371 3714 4433 τῆς

347 4454 566 4526 quique
583 4456 977 4527 amplissimas
994 4458 1271 4513 virtutum
1290 4458 1521 4513 divitias
1544 4459 1653 4513 sibi
1679 4475 1977 4529 aggresse-

348 4546 510 4611 runt,
534 4549 707 4615 atque
730 4545 1152 4601 immortalium
1184 4546 1476 4600 bonorum
1505 4563 1603 4616 spe
1632 4563 1757 4600 sese
1788 4546 1977 4614 alunt,

353 4627 465 4687 hos
487 4647 590 4704 ego
623 4634 842 4704 optimo
868 4634 1003 4705 jure
1033 4639 1085 4687 te
1116 4638 1291 4702 atque
1338 4632 1484 4686 adeo
1517 4633 1715 4701 quovis
1745 4638 1977 4687 terreno

347 4722 916 4793 regelocupletiores
931 4720 1373 4783 dixerim.Quod
1394 4720 1585 4783 si,Deo
1603 4719 1702 4773 tibi
1725 4720 1974 4786 favente,

351 4815 406 4865 te
430 4827 666 4882 quoque
689 4807 1383 4883 spiritualeshujusmodi
1405 4808 1637 4863 divitias
1656 4809 1974 4881 arripueris

346 4916 446 4955 eas
461 4918 690 4956 summo
712 4900 903 4955 studio
926 4916 992 4954 ac
1013 4899 1317 4969 diligentia
1338 4898 1612 4968 servabis,
1628 4916 1695 4954 ac
1719 4918 1971 4972 semper,

344 4989 654 5058 etquidem
668 4990 902 5057 merito,
930 5004 1142 5059 augere
1159 4986 1381 5058 cupies,
1397 5004 1505 5043 nec
1527 4987 1709 5043 ullam
1732 4990 1973 5045 omnino

344 5092 546 5131 earum
560 5083 785 5147 partem
800 5076 1103 5131 effundere
1126 5074 1467 5130 sustinebis.
1493 5078 1633 5131 Nam
1656 5076 1717 5132 in
1739 5078 1849 5133 hoc
1870 5079 1969 5133 de-

338 5179 502 5219 mum
516 5180 664 5219 veras
678 5165 893 5220 divitia;
907 5164 1032 5220 sitae
1046 5164 1420 5219 sunt.Earum
1439 5169 1634 5220 autem
1652 5184 1827 5237 opum
1839 5186 1970 5239 qum

340 5251 654 5309 insensum
678 5253 917 5322 cadunt,
949 5251 1135 5308 moles
1178 5251 1531 5308 detrimento
1562 5256 1755 5325 potius
1794 5274 1969 5327 quam

408 5548 495 5622 (87

2088 4452 2281 4525 ἀρετῆς
2333 4451 2581 4516 ἀφθόνως
2636 4451 2848 4513 ἑαυτοῖς
2907 4452 3330 4529 συναγηοχότας,
3387 4458 3507 4518 ταῖς
3537 4453 3717 4509 ἐλπίσι

2086 4560 2143 4594 τε
2196 4543 2304 4593 τῶν
2358 4538 2725 4609 ἀτελευτήτων
2782 4541 3145 4618 τρεφομένους
3202 4542 3435 4617 ἀγαθῶν,
3496 4541 3720 4602 εἰκότως

2086 4628 2524 4703 πλουσιωτέρους
2556 4650 2650 4683 σου
2678 4631 2765 4683 καὶ
2800 4631 2975 4701 πάσης
3004 4637 3102 4701 τῆς
3146 4630 3379 4705 ἐπιγείου
3440 4631 3719 4706 βασιλείας

2084 4718 2395 4790 καλέσαιμι.
2438 4720 2548 4773 Τοῦ
2604 4715 2659 4772 δὲ
2707 4722 2838 4773 Θεοῦ
2898 4719 3275 4795 συνεργοῦντός
3333 4740 3440 4787 σοι,
3473 4718 3716 4792 ἐπίλῆψῃ

2085 4806 2172 4861 καὶ
2204 4806 2360 4868 αὐτὸς
2395 4813 2490 4876 τῆς
2526 4806 2780 4877 τοιαύτης
2832 4816 3200 4880 πνευματικῆς
3256 4808 3590 4881 περιουσίας,
3616 4806 3710 4876 ἥν-

2082 4914 2182 4969 περ
2214 4894 2265 4950 ὲν
2297 4892 2564 4971 ἀσφαλείᾳ
2590 4900 2771 4969 τηρῶν
2828 4898 2917 4950 καὶ
2973 4900 3069 4951 τοῦ
3100 4895 3346 4958 πλείονος
3381 4897 3459 4950 ἀεὶ
3492 4893 3711 4956 δικαίως

2081 4983 2383 5060 ἐφιέμενος,
2424 4984 2524 5038 οὐκ
2578 4980 2637 5037 ἂν
2694 4981 2978 5054 θελήσειάς
3032 5005 3083 5040 τι
3141 4982 3337 5051 ταύτης
3392 4986 3706 5038 κατακενοῦιι

2080 5071 2245 5136 ὅλως.
2301 5070 2445 5141 Αὕτη
2504 5070 2603 5147 γάρ
2653 5071 2792 5126 ἐστιν
2848 5071 3060 5142 ἀληθὴς
3112 5072 3412 5148 περιουσίαο
3465 5073 3493 5126 ὁ
3535 5069 3592 5126 δὲ
3616 5074 3709 5125 τοῦ

2081 5160 2339 5231 αἰσθητοῦ
2376 5160 2622 5217 πλούτου
2655 5160 2820 5237 ὅγκος
2854 5160 3078 5236 βλάψειε
3111 5161 3325 5236 μᾶλλον
3373 5161 3499 5224 τοὺς
3548 5160 3707 5216 αὐτοῦ

2079 5252 2337 5332 φίλους-ἢ
2394 5251 2742 5330 ὠφελήσειεν.
2805 5246 3047 5317 Εἰκότως
3103 5251 3193 5308 οῦν
3252 5251 3435 5311 πενίαν
3474 5250 3703 5327 ἐσχάτην

407 5478 518 5621 (86γ
546 5477 749 5533 Matth.
782 5493 857 5543 γι,
892 5478 956 5532 10
983 5494 1183 5559 ςαινι,
1217 5480 1314 5534 42ε
1350 5479 1636 5549 Γενηθήτω
1664 5479 1725 5535 τὸ
1758 5479 1975 5555 θέλημά
2001 5501 2121 5541 σου.

408 5548 495 5621 (87
557 5548 738 5621 Epist.
770 5548 841 5605 ad
872 5549 1129 5621 Philipp.
1159 5566 1238 5619 ιιι,
1270 5551 1302 5601 8
1329 5565 1342 5605 ι
1371 5549 1634 5621 Ἠγοῦμαι
1660 5551 1877 5621 (πάντα)
1908 5547 2115 5611 σκύϐαλ

557 5548 738 5622 Epist.
770 5548 841 5605 ad
872 5549 1129 5622 Philipp.
1159 5547 1238 5619 ιιι,
1270 5551 1302 5601 8
1329 5565 1342 5605 :
1371 5547 1634 5630 Ἠγοῦμαι
1660 5547 1966 5631 (πάνταγσκ

2081 5552 2153 5611 λα
2183 5548 2339 5627 εἶναι,
2367 5550 2455 5609 ’ίνο
2485 5551 2713 5634 Χριστὸν
2746 5549 3018 5635 κερδήσω.
