3994 6150
279 279 420 338 1025

1432 286 1600 339 νιΤΑ
1640 287 1988 345 BABLAAH
2025 293 2118 345 ΒΤ
2152 291 2490 350 JOASAPH.

3521 296 3663 354 1020

271 409 466 460 τοῦτον
517 403 842 472 άπεκάλεσα,
889 405 1048 481 ὅνπερ
1108 405 1160 460 οἱ
1218 405 1431 482 ἐρασταὶ
1491 411 1600 463 τῶν
1647 407 1947 485 οὐρανίων,

2063 417 2336 472 ommodo
2357 419 2579 475 amicos
2597 436 2733 476 suos
2755 419 3036 476 aﬂecerit.
3070 422 3259 486 Quare
3295 438 3415 477 non
3462 423 3567 481 abs
3597 443 3664 482 re

276 497 488 572 ἀγαθῶν
516 492 687 565 πάντη
744 493 1186 570 ἆπαρνησάμενοι
1241 490 1435 571 ἔφυγον
1486 497 1578 552 ἀπ’
1624 499 1815 570 αὐτοῦ,
1846 501 1922 562 ὡς

277 587 434 644 160
466 582 651 662 φεύγει
681 604 764 642 τις
812 583 916 638 ἀπὸ
975 578 1172 661 ὄφεως.
1229 584 1294 639 Εἰ
1354 582 1430 654 δὲ,
1491 587 1550 641 δν
1606 585 1919 644 ἀπέκτειναν

277 675 475 752 ἐχθρὸν
505 673 741 734 καὶτοῖς
763 671 890 728 ποσὶ
929 675 1293 744 συνεπέτησαν
1353 676 1405 728 οἱ
1460 677 1785 748 συνασκηταί
1818 699 1922 752 μου

275 765 1026 838 καὶσυστρατιῶται,τοῦτον
1062 761 1212 827 αὖθις
1257 768 1432 833 ζῶντα
1477 767 1622 840 παρὰ
1677 771 1772 821 σοῦ
1824 765 1921 823 λα-

278 848 389 908 ϐὼν
443 851 626 913 αὐτοῖς
684 849 984 925 ἀπενέγκω,
1041 849 1130 906 καὶ
1189 853 1448 927 πρόξενος
1520 855 1782 928 πολέμων
1832 858 1922 911 καὶ

274 946 465 1006 παθῶν
497 943 766 1017 γὲνωμαι,
797 935 989 1013 ἔσομαι
1031 940 1215 1004 αὐτοῖς
1247 942 1461 1004 πάντως
1494 940 1724 1019 ἄγγελος
1751 965 1922 1017 πονη-

280 1033 392 1109 ρός·
427 1031 560 1107 ὅπερ
597 1031 674 1104 μὴ
704 1029 915 1104 γένοιτό
949 1051 1043 1102 μοι
1074 1051 1321 1101 ποιησαι.

352 1303 433 1358 Τὰ
461 1298 594 1354 αὐτὰ
645 1296 702 1352 δὲ
769 1319 864 1372 μοι
921 1299 1031 1354 νόει
1089 1299 1177 1355 καὶ
1233 1301 1358 1376 περὶ
1415 1299 1743 1374 ἐνδυμάτων.
1797 1305 1928 1365 Τοῖς

281 1389 384 1467 γάρ
429 1384 889 1460 ἆπεκδυσαμένοις
935 1388 1033 1456 τὴν
1083 1392 1182 1452 τῆς
1237 1387 1606 1460 παλαιότητος
1659 1401 1927 1469 καταφθο-

285 1478 381 1552 ρὰν
413 1475 506 1531 καὶ
534 1475 596 1529 τὸ
625 1481 725 1544 τῆς
753 1482 1036 1550 παρακοῆς
1064 1469 1288 1548 ἔνδυμα,
1321 1476 1445 1532 ὅσον
1497 1477 1562 1532 τὸ
1611 1476 1693 1532 ἐπ’
1725 1478 1928 1549 αὐτοῖς,

284 1564 668 1637 ἀποθεμένοις,
728 1563 817 1617 τὸν
877 1564 1108 1638 Χριστὸν
1175 1562 1234 1619 δὲ
1290 1565 1364 1630 ὡς
1409 1566 1626 1638 ἱμάτιον
1660 1565 1932 1640 σωτηρίου

280 1655 371 1710 καὶ
439 1657 655 1728 χιτῶνα
705 1651 1042 1728 εὐφροσύνης
1101 1650 1494 1727 ἐνδεδυμένοις,
1552 1659 1670 1717 πῶς
1741 1654 1933 1716 αὐτοὺς

284 1741 451 1799 πάλιν
480 1741 608 1804 τοὺς
643 1739 1002 1818 δερματίνους
1035 1743 1373 1820 ἀμφιᾶσαιμι
1433 1748 1670 1818 χιτῶνας
1725 1745 1814 1798 καὶ
1869 1745 1933 1798 τὸ

286 1839 388 1902 τῆς
419 1830 687 1906 αἰσχύνης
720 1832 1090 1906 περιθήσομαι
1147 1826 1499 1904 περιϐόλαιυν
1531 1851 1545 1901 ς
1600 1831 1779 1889 ,Αλλά
1809 1831 1932 1895 τοὺς

293 1922 388 1995 μὲν
419 1919 586 1994 ἐμοὺς
631 1919 882 1995 ἑταίρους
944 1917 1177 1992 μηδενὸς
1232 1924 1339 1974 τῶν
1396 1920 1661 1976 τοιούτων
1720 1918 1932 1977 ἐπιδεο-

295 2011 486 2084 μὲνους
541 2007 842 2085 γινώσκων,
898 2013 966 2082 τῇ
1049 2014 1149 2078 τῆς
1197 2007 1407 2085 ἐρήμου
1447 2007 1505 2064 δὲ
1564 2009 1932 2084 ἀρκουμένους

292 2100 516 2171 ἀσκήσει
545 2106 637 2153 καὶ
685 2099 893 2174 τρυφήν
949 2096 1146 2168 ταύτην
1202 2096 1594 2173 λογιζομένους
1636 2097 1936 2169 ἀληθεστά·

289 2210 415 2258 την,
442 2187 510 2242 τὰ
541 2189 804 2263 χρήματα
849 2186 941 2241 καὶ
999 2186 1214 2260 ἱμάτια,
1274 2189 1408 2260 ἅπερ
1464 2186 1680 2248 τούτοις
1753 2186 1936 2262 ἔλεγες

290 2281 620 2353 παρασχεῖν,
668 2280 786 2337 τοῖς
834 2275 1030 2344 πένησι
1087 2271 1390 2347 διανείμας,
1450 2276 1717 2350 θησαυρὸν
1769 2277 1941 2348 ἑαυτῷ

294 2367 372 2428 εἷς
400 2366 464 2421 τὸ
511 2361 718 2438 μὲλλον
778 2361 977 2418 ἃσυλον
1036 2363 1390 2439 θησαύρισον,
1436 2365 1528 2420 τὸν
1584 2364 1713 2420 Θεὸν
1770 2366 1941 2436 ἑαυτῷ

295 2461 420 2520 ταῖς
477 2452 693 2510 ἐκείνων
751 2452 939 2515 εὐχαῖς
996 2451 1279 2527 ἐπίκουρον
1336 2454 1580 2526 Θὲμενος·
1640 2449 1782 2507 οὕτω
1838 2453 1940 2529 γὰρ

305 2545 519 2620 μᾶλλον
552 2547 794 2618 συνεργῷ
823 2546 901 2614 τῷ
932 2540 1160 2614 πλούτῳ
1190 2543 1326 2615 πρὸς
1361 2543 1429 2597 τὰ
1484 2539 1626 2596 καλὰ
1683 2543 1940 2616 χρήσαιο.

302 2635 437 2693 Εἶτα
467 2631 555 2688 καὶ
577 2634 675 2702 τήν
708 2628 1020 2686 πανοπλίαν
1077 2635 1178 2685 τοῦ
1233 2629 1547 2703 πνεύματος
1605 2626 1946 2704 περιϐαΑΑό-

306 2743 496 2797 μενος,
526 2720 615 2776 καὶ
644 2721 742 2790 τήν
779 2721 874 2794 μὲν
909 2720 1074 2796 ὀσφὺν
1104 2719 1156 2774 ἐν
1196 2717 1427 2790 ἀληθείᾳ
1485 2717 1943 2794 περιζωσάμενος,

307 2808 668 2884 ἐνδυσάμενος
701 2807 757 2865 δί
785 2809 877 2865 καὶ
905 2809 998 2864 τὸν
1044 2815 1143 2878 τῆς
1177 2805 1526 2878 δικαιοσύνης
1575 2808 1813 2882 θώρακα,
1844 2828 1946 2862 πε-

311 2898 596 2974 ριθέμενός
629 2899 803 2954 τεκαὶ
857 2900 958 2967 τὴν
1015 2895 1438 2975 περικεφαλαίαν
1497 2900 1593 2951 τοῦ
1652 2895 1947 2970 σωτηρίου,

304 2988 549 3050 καὶτοὺς
580 2985 748 3050 πόδας
774 2986 826 3043 ἐν
860 2987 1146 3060 ἑτοιμασίᾳ
1171 2991 1268 3041 τοῦ
1324 2983 1662 3061 Εὐαγγελίου
1719 2988 1817 3053 τῆς
1876 2984 1949 3039 εί·

309 3080 485 3154 ρήνης
527 3074 965 3150 ὑποδησάμενος,
1023 3076 1158 3150 μετά
1213 3073 1402 3150 χεῖράς
1460 3095 1518 3129 τε
1563 3075 1653 3129 τὸν
1706 3081 1806 3143 τῆς
1859 3073 1952 3128 πί-

2032 521 2130 560 eas
2162 513 2484 562 extremam
2511 515 2916 580 paupertatem
2946 509 3254 581 appellavi,
3290 527 3436 582 quas
3466 514 3666 570 caeles-

2034 595 2179 649 tium
2203 595 2492 652 bonorum
2541 605 2855 658 amatores.
2885 599 3060 653 rebus
3107 599 3383 654 omnibus
3415 602 3664 658 remisso

2032 684 2264 752 nuntio,
2288 684 2368 740 ita
2389 686 2711 759 fugiunt,ut
2739 687 3035 758 quispiam
3066 692 3403 758 serpentem
3433 689 3664 761 fugit.Si

2032 789 2168 828 vero
2192 790 2325 829 eum
2357 775 2790 846 hostem,quem
2821 777 2936 831 mei
2969 777 3080 847 piae
3111 778 3546 833 exercitationis
3569 796 3666 833 so-

2034 862 2106 916 cii
2140 868 2198 917 et
2228 865 2662 920 commilitones
2685 865 2813 936 jam
2845 865 3293 934 obtruncarunt,
3326 883 3392 922 ac
3416 868 3666 938 pedibus

2033 947 2469 1021 proculcarunt,
2502 953 2692 1008 vivum
2713 970 2918 1008 rursus
2940 953 3043 1008 abs
3075 958 3131 1008 te
3151 960 3458 1025 acceptum
3481 956 3554 1010 ad
3575 956 3666 1028 ip-

2035 1056 2130 1093 sos
2149 1039 2854 1114 detulero,bellorumque
2874 1057 2939 1097 ac
2960 1042 3472 1113 perturbationum
3495 1061 3673 1102 causa

2035 1128 2178 1199 ipsis
2195 1129 2629 1200 fuero,prorsus
2649 1131 2793 1201 ipsis
2816 1130 3099 1185 exitiosus
3120 1131 3364 1186 nuntius
3378 1133 3670 1197 ero.Quod

2035 1217 2275 1287 quidem
2303 1219 2456 1273 absit
2484 1225 2550 1274 ut
2576 1220 2806 1276 faciam.

2108 1306 2269 1363 Idem
2295 1312 2492 1362 autem
2515 1308 2586 1363 de
2618 1309 2985 1364 indumentis
3037 1309 3214 1363 etiam
3258 1308 3554 1380 intelligas
3574 1326 3673 1363 ve-

2038 1396 2162 1451 lim.
2197 1399 2340 1452 Nam
2361 1414 2462 1452 eos
2493 1399 2593 1468 qui
2623 1399 2930 1453 vetustatis
2962 1397 3157 1452 labem
3198 1397 3669 1468 etcorruptelam

2039 1491 2347 1554 exuerunt,
2369 1492 2544 1557 atque
2576 1486 2993 1542 inobedientiaa
3023 1491 3265 1553 vestem,
3294 1491 3579 1557 quantum
3610 1484 3674 1543 in

2040 1575 2184 1646 ipsis
2206 1576 2336 1641 fuit,
2381 1576 2806 1647 deposuerunt,
2840 1575 3135 1630 Christum
3164 1580 3360 1631 autem
3392 1581 3673 1648 tanquam

2038 1651 2453 1719 vestimentum
2469 1664 3087 1736 salutaris,etpallium
3103 1664 3320 1719 laetitiae
3334 1664 3681 1733 induerunt;

2042 1769 2302 1823 quonam
2325 1754 2561 1808 tandem
2586 1752 2758 1808 modo
2798 1770 3012 1808 rursus
3042 1752 3309 1824 pelliceis
3341 1753 3556 1808 tunicis
3588 1754 3683 1808 in-

2041 1841 2577 1914 duerem,ipsisque
2600 1843 2939 1914 ignominiaa
2958 1842 3242 1896 amictum
3267 1842 3636 1913 imponerem

2041 1931 2190 1994 Quin
2205 1930 2562 2001 potius,cum
2578 1931 2807 1986 sodales
2825 1935 3085 1996 meos,ut
3101 1930 3200 2000 qui
3215 1930 3312 2001 pia
3333 1935 3391 1984 et
3408 1930 3684 2003 religiosa

2045 2017 2386 2073 solitudinis
2413 2019 2830 2074 exercitatione
2861 2018 3126 2074 contenti
3160 2018 3554 2088 sint,eamque
3577 2034 3682 2089 pro

2044 2106 2368 2160 verissimis
2401 2107 2629 2161 deliciis
2663 2107 3092 2174 ducant,nullis
3117 2106 3359 2161 omnino
3393 2103 3687 2176 ejusmodi

2043 2193 2218 2248 rebus
2251 2193 2513 2266 indigere
2545 2201 2912 2266 compertum
2941 2193 3486 2265 habeam,pecuniis
3512 2197 3569 2247 et
3591 2209 3690 2248 ve-

2047 2283 2411 2352 stibusquas
2446 2288 2500 2337 te
2531 2283 2678 2354 ipsis
2706 2283 2984 2338 daturum
3015 2283 3276 2339 dicebas.
3306 2283 3368 2336 in
3397 2297 3688 2352 pauperes

2048 2370 2495 2438 distributis,fac
2523 2372 2626 2426 tibi
2659 2371 2951 2443 ejusmodi
2984 2373 3326 2427 thesaurum
3344 2371 3404 2424 in
3425 2369 3690 2426 futurum

2047 2461 2460 2530 recondas,qui
2494 2461 2658 2516 nullo
2694 2461 2867 2516 modo
2911 2461 3126 2533 surripi
3158 2461 3553 2532 possit,Deum
3578 2459 3693 2516 sci-

2053 2549 2193 2603 licet
2223 2548 2284 2601 in
2315 2548 2442 2619 ipso
2472 2564 2580 2618 per
2608 2549 2845 2602 illorum
2895 2565 3101 2619 preces
3146 2548 3564 2619 opitulatorem
3589 2545 3694 2601 tibi

2053 2637 2500 2707 adjungensﬁic
2531 2637 2689 2691 enim
2709 2639 2821 2690 hoe
2839 2636 3313 2708 consequeris,ut
3335 2651 3475 2705 opes
3496 2633 3569 2689 ad
3587 2651 3693 2705 op-

2054 2727 2199 2780 tima
2230 2741 2478 2795 quasque
2511 2725 2613 2778 tibi
2646 2724 2990 2794 adjumento
3017 2725 3155 2778 sint.
3184 2725 3262 2777 Ac
3287 2722 3522 2788 deinde,
3557 2740 3690 2777 cum

2056 2815 2306 2886 Spiritus
2329 2819 2684 2868 armaturam
2709 2814 3093 2884 acceperiset
3114 2812 3348 2867 lumbos
3371 2813 3431 2867 in
3455 2813 3694 2867 veritate

2057 2900 2512 2962 succinxeris.ac
2534 2902 2779 2972 justitias
2807 2901 3052 2956 loricam
3084 2899 3372 2965 indueris,
3402 2905 3460 2955 et
3488 2900 3695 2955 salutis

2058 2992 2284 3064 galeam
2305 2992 2480 3063 capiti
2511 2996 2608 3047 tuo
2632 2991 3008 3061 imposueris,
3044 2996 3100 3045 et
3121 2989 3377 3061 pedesin
3396 2988 3693 3060 Evangelii

2059 3082 2222 3152 pacis
2243 3081 2734 3152 praeparationem
2766 3079 3067 3136 calcearis.
3091 3078 3346 3148 ﬁdeique
3369 3082 3600 3131 scutum
3631 3092 3700 3131 ac

309 3189 481 3229 στεως
512 3161 798 3222 ἀναλαϐὼν
831 3167 1043 3241 θυρεὸν,
1087 3165 1176 3220 καὶ
1201 3166 1300 3234 τήν
1354 3169 1450 3220 τοῦ
1507 3163 1815 3237 πνεύματος
1849 3163 1947 3236 μά-

2063 3169 2311 3240 Spiritus
2343 3169 2623 3240 gladium,
2657 3168 2815 3238 quod
2847 3174 2936 3222 est
2975 3166 3218 3222 verbum
3264 3165 3388 3232 Dei,
3419 3164 3696 3219 manibus

309 3277 530 3333 χαιραν,
565 3256 599 3326 ἢ
634 3255 745 3311 ἐστι
781 3255 1088 3330 ῥῆμαθεοῦ
1145 3256 1280 3327 (88),
1339 3253 1431 3308 καὶ
1490 3255 1748 3308 πάντοθεν
1802 3256 1944 3310 161

310 3345 508 3422 ἄριστα
588 3343 979 3408 καθοπλισθεὶς
1062 3341 1151 3397 καὶ
1236 3341 1728 3419 περιφραξάμενος,
1815 3341 1956 3396 οὕτω

310 3435 594 3498 πεποιθὼς
625 3433 762 3507 πρὸς
790 3432 878 3486 τὸν
937 3432 1073 3486 κατὰ
1101 3439 1200 3501 τῆς
1261 3426 1504 3493 ἀσεϐείας
1559 3428 1739 3500 ἔξελθε
1791 3428 1960 3484 πόλε-

315 3546 442 3599 μον,
475 3523 548 3584 ὡς
578 3520 663 3590 ἂν,
694 3519 894 3590 ταύτην
925 3519 1349 3595 τροπωσάμενος
1378 3519 1468 3573 καὶ
1513 3518 1604 3572 τὸν
1637 3519 1806 3587 αὐτῆς
1864 3517 1959 3593 ἆρ-

313 3613 494 3688 χηγὸν
529 3605 792 3666 διάϐολον
824 3607 901 3670 εἰς
932 3615 1035 3682 γῆν
1082 3601 1454 3683 καταρράϐας,
1507 3611 1624 3668 τοῖς
1679 3613 1777 3675 τῆς
1808 3605 1960 3675 νίκης

315 3701 601 3778 στεφάνοις
621 3700 951 3772 κοσμηθήσῃ
997 3697 1057 3752 ἐκ
1107 3704 1210 3767 τῆς
1266 3702 1581 3771 ζωαρχικῆς
1639 3693 1811 3766 δεξιᾶς
1869 3700 1964 3750 τοῦ

317 3791 618 3846 Δεσπότου.

390 3880 555 3934 ΚΕΦ.
585 3878 684 3935 ΙΘ’.
715 3880 841 3938 Τοῖς
867 3874 1143 3938 τοιούτοις
1193 3874 1282 3928 οὖν
1341 3871 1572 3946 δόγμασι
1623 3877 1711 3927 καὶ
1775 3871 1966 3948 λόγοις

315 3968 615 4040 σωτηρίοις
640 3967 960 4040 κατηχήσας
993 3964 1020 4017 ὁ
1078 3962 1347 4037 Βαρλαᾶμ
1399 3962 1491 4016 τὸν
1544 3965 1640 4014 τοῦ
1699 3959 1966 4036 βασιλέως

316 4057 438 4112 υἱὸν
493 4053 583 4111 καί
636 4055 774 4128 πρὸς
823 4053 884 4108 τὸ
943 4057 1085 4116 θεῖον
1140 4050 1422 4126 βάπτισμα
1469 4049 1803 4124 εὐτρεπίσας,
1871 4071 1966 4120 νη-

313 4144 521 4202 στεύειν
552 4144 730 4200 τεκαὶ
765 4143 1017 4217 εὔχεσθαι
1068 4137 1468 4212 ἐντειλάμενος,
1525 4138 1660 4193 κατὰ
1712 4139 1775 4193 τὸ
1828 4137 1970 4205 ἔθος,

319 4232 618 4313 ἐφ’ἱκανᾶς
675 4231 906 4306 ἡμέρας,
960 4229 1020 4284 οὐ
1080 4227 1291 4284 διὲλιπε
1347 4228 1627 4302 συχνάζων
1684 4227 1820 4301 πρὸς
1877 4227 1971 4281 αύ-

317 4325 443 4392 τὸν,
495 4324 586 4378 καὶ
641 4325 811 4376 πᾶσαν
867 4317 1200 4396 δογματικήν
1257 4317 1443 4390 φωνην
1496 4322 1597 4384 τῆς
1679 4313 1972 4388 ὁρθοδόξου

321 4411 561 4473 πίστεως
591 4407 923 4466 ἐκδιδάσκων
951 4406 1130 4462 καὶτὸ
1187 4410 1329 4468 θεῖον
1389 4402 1724 4478 Εὖαγγὲλιον
1770 4405 1970 4479 ὑπαγο-

2063 3259 2389 3329 sumpseris
2417 3259 2628 3328 (Ephes.
2655 3259 2935 3327 v1),atque
2967 3255 3229 3325 undique
3251 3261 3305 3309 te
3337 3253 3707 3325 praestantis-

2063 3347 2232 3403 simis
2254 3346 2435 3402 armis
2456 3347 2808 3401 instruxeris
2828 3362 2892 3400 ac
2911 3343 3346 3405 muniveris,ita
3369 3342 3608 3398 demum
3633 3342 3704 3396 fl-

2065 3437 2226 3492 denti
2259 3437 2458 3491 animo
2486 3436 2558 3490 ad
2579 3436 2803 3490 bellum
2851 3451 2984 3489 cum
3008 3433 3309 3504 impietate
3331 3431 3708 3486 committen-

2066 3524 2207 3580 dum
2239 3524 2538 3597 egredere.
2571 3530 2636 3578 ut
2665 3541 2733 3578 ea
2765 3524 2823 3577 in
2857 3522 3054 3595 fugam
3087 3538 3270 3588 versa,
3324 3526 3498 3590 atque
3521 3519 3706 3591 ipsius

2069 3612 2217 3666 duce
2249 3612 2484 3667 diabolo
2531 3613 2592 3666 in
2623 3617 2842 3666 terram
2891 3610 3083 3672 alliso,
3144 3625 3179 3664 a
3226 3607 3430 3662 dextra
3474 3605 3707 3661 Domini

2069 3716 2252 3755 manu
2283 3717 2413 3770 qum
2434 3700 2564 3753 vitas
2594 3699 2955 3770 principium
2982 3698 3172 3762 affert,
3206 3696 3506 3749 victricem
3537 3697 3708 3746 core-

2069 3805 2208 3842 nam
2239 3787 2642 3857 consequaris.

2141 3877 2270 3930 CAP.
2288 3877 2430 3929 XIX.
2455 3905 2520 3914 —
2541 3876 2685 3928 Cum
2705 3874 2971 3929 Barlaam
2989 3869 3331 3944 hujusmodi
3347 3866 3630 3922 doctrinis
3645 3882 3712 3920 ac

2073 3964 2395 4019 salutiferis
2417 3963 2792 4018 sermonibus
2813 3962 2970 4034 regis
2989 3961 3176 4015 ﬁlium
3199 3957 3722 4026 imbuisset,atquev

2075 4053 2146 4107 ad
2169 4052 2431 4106 divinum
2448 4052 2811 4123 baptismum
2828 4052 3237 4121 praeparasset,
3280 4046 3472 4116 eique.
3495 4049 3561 4098 ut
3581 4059 3717 4099 con-

2077 4145 2328 4199 suetudo
2351 4144 2483 4211 fert,
2516 4143 2590 4198 ad
2613 4145 2844 4213 aliquot
2882 4142 3008 4197 dies
3033 4141 3310 4212 jejunare
3337 4153 3404 4192 ac
3443 4135 3716 4208 precibus

2079 4233 2422 4286 incumbere
2455 4233 2854 4303 praecepisset,
2893 4229 2966 4284 ad
3000 4245 3132 4283 eum
3175 4226 3380 4282 crebro
3434 4224 3719 4279 ventitare

2079 4338 2199 4376 non
2221 4321 2552 4382 desinebat,
2580 4326 2754 4390 atque
2797 4318 2996 4373 omnia
3028 4315 3365 4372 orthodoxa
3420 4312 3557 4368 fidei
3615 4311 3725 4366 do-

2079 4414 2274 4481 gmata
2320 4408 2431 4480 ipsi
2467 4407 2755 4477 tradebat,
2788 4407 3173 4476 divinumque
3209 4401 3589 4474 Evangelium
3621 4417 3724 4455 ex-

327 4501 500 4578 ρεύων
534 4500 704 4571 αὐτῷ,
757 4499 892 4572 πρὸς
953 4492 1010 4550 δὲ
1059 4494 1149 4549 καὶ
1205 4494 1300 4555 τὰς
1359 4491 1726 4554 ἀποστολικάς
1777 4513 1941 4568 παραι

2081 4498 2358 4570 ponebat,
2389 4514 2457 4552 ac
2487 4503 2774 4568 preeterea
2810 4495 3163 4567 apostolicas
3195 4490 3726 4578 cohortationespet

317 4591 494 4652 νέσεις
523 4589 609 4643 καὶ
666 4589 760 4649 τὰς
818 4584 1161 4662 προφητικάς
1219 4582 1405 4658 ῥήσεις
1461 4580 1796 4657 ἑρμηνεύων·
1851 4593 1971 4644 θεο-

322 4674 702 4750 δίδακτοςγᾶρ
750 4671 822 4728 ὢν
881 4674 908 4727 ὁ
968 4673 1102 4746 ἀνὴρ
1158 4675 1328 4724 πᾶσαν
1387 4667 1476 4724 ἐπὶ
1534 4668 1802 4742 στόματος
1863 4676 1968 4724 Ilot-

321 4766 486 4823 λαιάν
518 4786 575 4819 τε
626 4764 716 4818 καὶ
775 4763 980 4831 Καινὴν
1038 4760 1254 4838 Γραφὴν
1311 4755 1487 4833 ἔφερε,
1542 4757 1653 4827 καὶ,
1711 4762 1789 4830 τῷ
1843 4759 1969 4832 θείῳ

320 4854 652 4928 κινούμενος
741 4851 1029 4924 Πνεύματι,
1108 4847 1368 4925 ἐφώτισεν
1453 4845 1611 4901 αὐτὸν
1683 4847 1820 4919 πρὸς
1873 4850 1971 4916 τήν

325 4944 512 5013 ἀληθῆ
546 4939 890 5017 θεογνωσίαν.
925 4941 1012 4996 Ἐν
1073 4938 1208 5010 αὐτῇ
1261 4933 1317 4991 δὲ
1371 4939 1439 5008 τῇ
1492 4935 1677 5010 ἡμέρᾳ
1735 4935 1823 4990 ὅτε
1873 4939 1972 5010 βα-

325 5038 620 5100 πτισθῆναι
678 5028 902 5104 ἔμελλε,
958 5025 1227 5082 διδάσκων
1299 5025 1485 5092 αὐτὸν,
1569 5022 1768 5098 ἔλεγεν·
1830 5022 1970 5081 Ἰδοὺ

324 5124 430 5192 τήν
455 5125 553 5176 τοῦ
609 5124 850 5195 Χριστοῦ
906 5117 1096 5192 ἐπείγῃ
1151 5110 1339 5170 λαϐεῖν
1401 5110 1690 5192 σφραγῖδα,
1747 5113 1837 5168 καὶ
1893 5121 1972 5188 τῷ

2080 4587 2504 4658 prophetarum
2525 4586 2653 4641 loca
2668 4587 2797 4657 ipsa
2813 4582 3338 4656 explanabat.Nam
3361 4585 3494 4635 cum
3519 4578 3602 4631 vir
3623 4576 3723 4631 ille

2082 4676 2360 4731 divinitus
2373 4674 2589 4730 tradita
2605 4674 2876 4730 doctrina
2891 4673 3407 4746 polleret,omnem
3431 4673 3551 4722 tam
3566 4670 3726 4720 vete-

2079 4766 2161 4820 ris
2185 4781 2361 4837 quam
2385 4765 2517 4819 novi
2537 4763 3261 4835 Testameutiscripturam
3280 4755 3726 4814 memoriterre-

2095 4853 2330 4908 citabat.
2376 4854 2638 4925 Cumque
2657 4853 2850 4908 divino
2872 4852 3090 4924 Spiritu
3129 4848 3408 4904 incitatus
3449 4845 3725 4909 ferretur,

2090 4941 2526 4997 adolescentem
2557 4958 2706 4997 verse
2732 4941 2832 4996 Dei
2853 4940 3078 4996 notitiae
3099 4938 3230 4993 luce
3253 4931 3724 4991 collustravit.Eo

2081 5036 2278 5086 autem
2305 5031 2398 5085 die
2428 5049 2544 5102 quo
2575 5030 2957 5104 baptizandus
2989 5033 3132 5096 erat,
3165 5023 3416 5082 docendi
3439 5036 3617 5080 causa
3636 5019 3730 5076 his

2087 5120 2161 5175 ad
2195 5137 2330 5176 eum
2361 5120 2552 5178 verbis
2573 5121 2849 5180 utebatur
2873 5137 2888 5175 :
2910 5122 2996 5177 En
3025 5116 3239 5174 Christi
3279 5113 3540 5188 sigillum
3575 5109 3735 5167 acci-

409 5311 523 5382 (88)
551 5311 738 5382 Epist:
769 5309 851 5382 ad_
874 5307 1087 5382 Ephes.
1120 5307 1314 5382 νιηιιξ,
1340 5320 1436 5382 sq.
1456 5319 1486 5382 ,ι
1513 5296 1840 5382 Ἀναλᾴϐετε
1862 5304 1947 5382 .τή

2059 5304 2318 5382 ανοπλίαν
2372 5311 2469 5362 τοῦ
2521 5312 2740 5382 Θεοῦηη
2782 5313 2942 5382 στῆτε
3001 5301 3090 5382 οὖν
3137 5301 3575 5382 περιζωσάμενοι
3629 5298 3729 5382 τὴν

450 5381 461 5396 ‘
509 5381 513 5382 ⁷
549 5381 563 5401 τ

337 5382 510 5459 ρσφὺν
544 5382 572 5436 ὑ

623 5384 698 5435 ὧν
723 5378 774 5434 ὲν
828 5367 1080 5450 ἀληθείᾳ,
1135 5367 1223 5429 καὶ
1277 5367 1748 5450 ἐνδυσάμενοι-τῲ
1805 5367 2024 5450 θώρακα
2079 5383 2185 5450 τῆς
2227 5375 2598 5448 δικαιοσύνης,
2657 5376 2747 5433 καὶ
2805 5367 3220 5450 ὑποδησάμενοι’
3259 5367 3388 5450 τοὺ-ς
3422 5367 3615 5450 ’πόδας
3677 5367 3729 5450 ἐν

334 5439 626 5524 ἒτόιμα-σίᾳ
653 5455 751 5524 τού
781 5439 1122 5524 Εὐᾳίγελίου
1179 5452 1280 5513 τῆς
1337 5439 1586 5524 είρήνης,
1632 5443 1748 5524 ἐπίῃ
1769 5439 1926 5524 πᾶσίν
1975 5439 2341 5524 ἀναλαϐόντες
2371 5451 2462 5504 τὸν
2495 5439 2680 5524 θυρεὸν
2712 5455 2810 5518 τῆς
2842 5439 3098 5524 πίστεως,
3127 5447 3199 5524 in_
3241 5448 3285 5524 ᾼ
3314 5439 3723 5524 glossatornad

334 5513 668 5580 πανόπλίάψ
701 5522 763 5594 τὸ
787 5513 1002 5594 ίμάτιὶρν
1031 5523 1140 5575 τῶν
1177 5513 1464 5594 μοναχῶνξ
1489 5513 1563 5594 ad
1592 5516 2050 5594 περιζωσάμενος
2082 5521 2185 5594 τᾷν-
2206 5519 2514 5594 λ-ὧρονοᾷειά
2539 5513 2778 5594 adipaan
2807 5515 3160 5594 ro~£py86av
3183 5517 3279 5590 (cf.
3310 5513 3350 5572 ᾗ
3373 5516 3470 5581 Ill,
3490 5532 3548 5586 Ρ.
3584 5513 3730 5580 13ης

335 5597 414 5654 ad
444 5583 883 5671 περικεφαλαίαν
919 5592 982 5646 τὸ
1012 5583 1360 5646 κουκόύλιονἶ
1396 5587 1469 5646 ad
1495 5583 1939 5662 ὑποδησάμενοςι
1967 5583 2322 5652 τὰιίσάνδαλάο
2356 5592 2430 5648 ad
2459 5583 2666 5668 θυρεόν·
2689 5591 2780 5646 τὸν
2802 5583 3095 5646 ἀνάλαϐον.
