3994 6150
282 309 416 372 1033

1441 309 1614 364 νιτΑ
1649 307 2000 364 BARLAAM
2036 312 2128 366 ET
2151 312 2497 368 JOASAPH.

3535 312 3672 372 1034

276 436 323 494 ἐν
349 437 632 513 διαφόροις
661 432 908 496 σονόδοις
945 427 1326 505 βεϐαιωθεῖσα,
1371 429 1462 486 καὶ
1517 433 1587 504 τῇ
1643 428 1904 503 καθολικῇ

2027 434 2194 500 ﬁdes,
2210 441 2425 507 praeter
2437 453 2566 493 eam
2585 453 2714 508 quae
2733 435 2802 492 ab
2818 435 3104 507 apostolis
3121 435 3462 506 praedicata,
3491 444 3668 510 atque

275 525 568 597 Ἐκκλησία
601 519 963 600 βεϐαιωθεῖσα
993 524 1128 596 (16).

350 619 530 671 Ταῦτα
586 611 756 668 εῗπὼν
807 613 834 666 ὁ
892 609 1181 687 Βαρλαάμ,
1237 610 1328 664 καὶ
1383 609 1446 662 τὸ
1519 613 1619 677 τῆς
1685 607 1920 669 πίστεως

282 699 558 778 σύμϐολον
587 703 652 756 τὸ
683 701 890 764 ἐκτεθὶν
924 700 976 754 ἐν
1006 702 1075 772 τῇ
1106 699 1242 753 κατὰ
1299 697 1528 755 Νίκαιαν
1580 694 1788 768 συνόδῳ
1837 693 1922 750 δι-

282 791 440 860 δαξας
468 793 561 846 τὸν
591 795 688 845 τοῦ
727 787 998 864 βασιλέως
1057 787 1200 854 υἱὸν,
1258 781 1536 840 ἐϐάπτισεν
1593 785 1750 840 αὐτὸν
1812 788 1920 858 (17)

274 881 358 942 εἷς
383 881 448 936 τὸ
477 876 650 954 ὄνομα
675 877 773 934 τοῦ
805 877 1038 952 Πατρὸς,
1067 877 1155 930 καὶ
1186 879 1284 930 τοῦ
1315 875 1464 943 Υἱοῦ,
1495 877 1586 929 καὶ
1614 877 1710 928 τοῦ
1761 872 1918 947 ἁγίου

274 967 590 1042 ΙῙνεόματος
622 967 695 1029 εἷς
735 967 833 1035 τὴν
867 959 1263 1038 κολυμϐήθραν
1297 966 1394 1018 τοῦ
1453 960 1646 1024 ὕδατος
1695 962 1793 1030 τὴν
1827 961 1916 1014 οὗ·

277 1079 367 1114 σαν
399 1058 453 1114 ἐν
482 1061 560 1128 τῷ
589 1054 903 1132 παραδείσῳ
941 1050 1125 1110 αὐτοῦ.
1189 1052 1288 1106 Καὶ
1341 1051 1510 1120 ἦλθεν
1560 1050 1643 1106 ἐπ’
1691 1049 1849 1105 αὐτὸν
1879 1052 1914 1119 ἠ

276 1151 436 1223 χάρις
463 1151 562 1202 τοῦ
589 1145 750 1221 ἁγίου
810 1143 1138 1216 Πνεύματος.
1203 1137 1546 1204 Ἐπανελθὼν
1599 1137 1656 1194 δὲ
1702 1140 1778 1201 εἰς
1822 1141 1914 1194 τὸν

273 1237 440 1292 αὐτοῦ
469 1239 723 1303 κοιτῶνα,
755 1235 846 1290 καὶ
896 1235 994 1302 τήν
1049 1232 1196 1304 ἱερὰν
1255 1228 1567 1292 ἐπιτελέσας
1629 1250 1914 1305 μυσταγω-

271 1326 392 1401 γίαν
422 1331 524 1394 τῆς
579 1322 915 1396 ἀναιμάκτου
975 1318 1180 1385 θυσίας.
1245 1315 1543 1392 μετέδωκεν
1601 1319 1750 1389 αὐτῷ
1805 1323 1913 1372 τῶν

267 1415 550 1489 ἆχράντων
571 1415 671 1468 τοῦ
704 1414 944 1485 Χριστοῦ
993 1407 1330 1483 μυστηρίων,
1385 1408 1536 1464 168
1596 1407 1685 1462 καὶ
1739 1407 1914 1482 ἠγαλ-

265 1501 488 1558 λιάσατο
521 1503 634 1574 (18)
663 1503 745 1572 τῷ
775 1497 1070 1570 Πνεύματι,
1105 1494 1258 1567 δόξαν
1293 1495 1628 1568 ἀναπέμπων
1690 1500 1912 1569 Χριστῷ

268 1597 346 1665 τῷ
372 1595 512 1664 Θεῷ.

333 1683 470 1737 Eine
497 1677 556 1734 δὲ
583 1679 724 1753 πρὸς
757 1677 914 1732 αὐτὸν
949 1676 976 1731 ὁ
1011 1673 1274 1752 Βαρλαάμ
1295 1677 1424 1748 (19)·
1453 1671 1774 1748 Εὐλογητὸς
1798 1676 1912 1748 (20)

2026 539 2060 578 a
2085 523 2296 579 divinis
2319 527 2592 581 Patribus
2614 527 2674 580 in
2701 525 2876 580 variis
2898 524 3168 579 conciliis
3191 525 3541 582 conﬁrmata
3562 533 3666 582 est.

2097 614 2228 668 Haec
2279 631 2410 670 cum
2460 615 2704 670 dixisset
2761 615 3054 682 Barlaam,
3103 619 3282 684 atque
3335 615 3484 670 illud
3531 616 3666 671 ﬁdei

2025 702 2382 772 symbolum,
2415 705 2655 775 quodin
2687 705 2923 758 Nicaeno
2977 703 3230 758 concilio
3278 705 3502 760 editum
3559 710 3668 772 est,

2024 792 2178 864 regis
2209 793 2331 848 ﬁlio
2360 795 2748 864 exposuisset,
2783 793 2844 847 in
2875 793 3118 847 nomine
3153 794 3345 849 Patris
3368 799 3426 848 et
3455 795 3586 850 Filii
3615 801 3672 849 et

2027 880 2276 950 Spiritus
2303 884 2512 948 sancti,
2549 899 2686 938 eum
2720 883 2780 936 in
2813 883 3042 953 piscina
3069 899 3200 952 quae
3229 883 3290 936 in
3321 883 3507 954 ipsius
3531 884 3670 938 hor—

2025 973 2084 1023 to
2111 975 2240 1025 erat
2267 970 2598 1041 baptizavit,
2649 987 2717 1026 ac
2767 987 2946 1042 super
2992 987 3125 1024 eum
3177 971 3426 1041 Spiritus
3478 973 3664 1028 sancti

2023 1059 2212 1129 gratia
2241 1059 2414 1112 venit.
2451 1061 2714 1130 Cumque
2746 1059 2820 1114 ad
2853 1059 3040 1130 ipsius
3071 1059 3408 1114 cubiculum
3452 1062 3666 1116 rediis-

2025 1151 2132 1213 set,
2165 1151 2342 1217 atque
2375 1147 2668 1202 incruenti
2703 1149 2974 1202 sacriﬁcii
3039 1163 3270 1202 sacrum
3321 1151 3662 1220 peregisset,

2023 1235 2404 1292 immaculata
2433 1237 2648 1291 Christi
2685 1237 2964 1308 mysteria
2995 1237 3106 1307 ipsi
3133 1237 3471 1308 impertivit.
3525 1241 3668 1292 Pos-

2024 1328 2234 1394 teaque
2273 1325 2373 1379 ille
2433 1325 2645 1397 spiritu
2706 1325 3056 1392 exsultabat,
3117 1326 3416 1381 Christum
3479 1329 3662 1381 Deum

2020 1413 2194 1470 laude
2225 1419 2401 1485 atque
2432 1415 2618 1486 gloria
2649 1416 2936 1470 afﬁciens.

2089 1592 2245 1646 Dixit
2273 1595 2468 1648 autém
2501 1595 2574 1651 ad
2609 1611 2743 1649 eum
2775 1593 3042 1649 Barlaam
3069 1610 3080 1647 :
3109 1593 3460 1648 Benedictus
3485 1596 3656 1660 Deus,

2017 1685 2078 1734 et
2105 1682 2278 1736 Pater
2306 1683 2536 1737 Domini
2569 1684 2756 1738 nostri
2803 1683 2938 1738 Jesu
2987 1682 3223 1750 Christi,
3272 1685 3370 1754 qui
3419 1701 3523 1754 pro
3577 1684 3662 1738 in-

266 1770 294 1824 ὁ
339 1768 471 1831 Θεὸς
527 1767 615 1822 καὶ
675 1767 860 1836 Πατὴρ
917 1767 1014 1819 τοῦ
1065 1763 1268 1839 Κυρίου
1324 1765 1484 1834 ἡμῶν
1541 1765 1722 1832 Ἰησοῦ
1780 1768 1904 1836 Χρι-

2018 1769 2176 1839 genti
2205 1786 2310 1825 sua
2339 1771 2746 1826 misericordia
2775 1771 3140 1841 regeneravit
3171 1771 3232 1824 in
3265 1776 3320 1825 te
3374 1787 3536 1842 spem
3570 1772 3656 1825 vi-

265 1862 414 1929 στοῦ,
452 1857 480 1911 ὁ
511 1857 648 1912 κατὰ
682 1855 747 1911 τὸ
803 1853 948 1909 πολὺ
1003 1852 1155 1914 ἔλεος
1209 1851 1373 1906 αὐτοῦ
1431 1851 1794 1926 ἀναγεννήσας
1851 1873 1906 1906 σε

263 1944 338 2009 εἷς
399 1943 593 2002 ἐλπίδα
655 1948 853 2012 ζῶσαν,
911 1941 987 2004 εἷς
1043 1938 1420 2016 κληρονομίαν
1490 1936 1758 2015 ἄφθαρτον
1817 1938 1905 1994 καὶ

269 2035 550 2109 ἀμίαντον,
582 2032 1029 2107 καίάτιάραντον,
1083 2030 1460 2105 τετηρημένην
1519 2027 1570 2082 ἐν
1630 2028 1902 2104 οὐρανοῖς,

265 2121 316 2179 ἐν
345 2125 570 2198 Χριστῷ
613 2123 793 2191 Ἰησοῦ
849 2124 928 2191 τῷ
987 2117 1172 2193 Κυρίῴ
1229 2120 1386 2190 ἡμῶν
1449 2114 1538 2171 διὰ
1594 2117 1906 2188 Πνεόματος

269 2212 447 2287 ἁγίου.
510 2212 764 2286 Σήμερον
815 2209 916 2284 γάρ
974 2205 1358 2281 ἐλευθερωθεὶς
1414 2205 1520 2260 ἀπὸ
1575 2207 1674 2274 τῆς
1727 2207 1899 2278 ἁμαρ-

261 2297 745 2370 τίας,ἐδουλώθης
773 2301 854 2370 τῷ
893 2301 1009 2368 Θεῷ
1067 2297 1204 2368 (21),
1261 2295 1352 2349 τὸν
1405 2289 1695 2371 ἀρραϐῶνα
1750 2291 1902 2367 δεξά-

262 2410 422 2464 μενος
452 2395 550 2458 τῆς
574 2385 798 2442 αἰωνίου
833 2391 998 2455 ζωῆς,
1056 2383 1168 2454 καὶ,
1224 2383 1288 2438 τὸ
1334 2381 1526 2444 σκότος
1579 2381 1896 2438 ἀπολιπὼν·

260 2483 374 2556 φῶς
427 2475 660 2533 ἐνεδύσω
733 2479 869 2549 (22),
953 2474 1268 2548 καταταγεὶς
1350 2473 1426 2536 εἷς
1506 2473 1603 2539 τὴν
1685 2471 1897 2536 ἐλευθε-

259 2570 375 2646 ρίαν
409 2574 520 2640 (23)
548 2571 647 2638 τῆς
681 2567 844 2638 δόξης
873 2571 984 2622 τῶν
1014 2571 1217 2622 τέκνων
1249 2569 1344 2620 τοῦ
1373 2569 1526 2621 Θεοῦ·
1559 2569 1713 2620 ’Όσοι
1769 2564 1893 2639 γὰρ.

255 2659 420 2732 φησὶν
480 2659 613 2731 (24),
667 2651 864 2712 ἔλαϐον
920 2655 1102 2724 αὐτὸν,
1161 2650 1357 2710 ἔδωκεν
1417 2653 1598 2715 αὐτοῖς
1661 2653 1898 2724 ἐξουσίαν

251 2747 417 2802 τέκνα
438 2751 572 2802 Θεοῦ
602 2747 1010 2822 γενέσθαι,τοῖς
1069 2743 1408 2799 πιστεύουσιν
1468 2741 1546 2804 εἷς
1601 2741 1664 2797 τι)
1723 2737 1896 2815 ὄνομα

257 2837 448 2891 αὐτοῦ’
495 2835 633 2890 ὥστε
687 2838 798 2907 (25)
857 2833 1038 2889 οὗκέτι
1089 2832 1135 2886 εἶ
1188 2829 1410 2901 δοῦλος,
1461 2830 1589 2886 ἀλλ’
1639 2831 1756 2894 υἱὸς
1805 2831 1894 2886 καὶ

255 2923 608 2999 κληρονόμος
645 2928 778 2978 Θεοῦ
838 2920 927 2978 διὰ
980 2923 1160 2992 Ἰησοῦ
1217 2925 1452 2994 Χριστοῦ
1509 2918 1561 2974 ἐν
1622 2919 1894 2992 Πνεόματι

250 3011 413 3088 ἁγίῳ.
449 3013 564 3080 Διὸ,
615 3011 880 3088 ἀγαπητὶ,
939 3007 1244 3065 σπούδασον
1303 3005 1532 3070 άσπιλος
1587 3007 1676 3062 καὶ
1735 3007 1894 3062 ἀπώ-

255 3121 430 3174 μητος
457 3099 930 3175 αὐτῷἱεὺρεθῆναι
986 3101 1114 3170 (26),
1178 3095 1534 3172 ἐργαζόμενος
1589 3096 1651 3150 τὸ
1697 3095 1894 3170 ἀγαθὸν

248 3188 338 3245 ἐπὶ
369 3193 448 3261 τῷ
478 3190 718 3264 θεμελίῳ
747 3195 846 3258 τῆς
877 3191 1138 3251 πίστεως*
1201 3185 1382 3248 πίστις
1413 3187 1525 3260 (2⁸1)
1555 3187 1659 3261 γὰρ
1719 3187 1894 3260 χωρὶς

249 3275 430 3354 ἔργων
461 3278 624 3353 νεκρά
671 3277 836 3346 ἐστιν,
885 3275 1063 3352 ὥσπερ
1121 3277 1211 3330 καὶ
1269 3269 1397 3351 ἔργα
1447 3271 1578 3348 δίχα
1632 3274 1888 3344 πίστεως,

245 3367 433 3429 καθώς
488 3368 578 3422 καὶ
635 3368 904 3442 πρότερον
968 3366 1250 3438 μέμνημαι
1307 3362 1554 3434 λαλήσας
1615 3383 1699 3417 σοι
1757 3365 1892 3436 (28).

245 3457 628 3530 Ἀποθέμενος
688 3455 780 3511 οὗν
831 3457 984 3513 169
1048 3453 1243 3510 λοιπὸν
1298 3458 1469 3508 πᾶσαν
1536 3452 1748 3521 κακίαν,
1805 3454 1892 3508 καὶ

237 3545 422 3602 πάντα
449 3546 516 3602 τὰ
563 3544 698 3622 ἔργα
753 3549 850 3599 τοῦ
903 3544 1142 3599 παλαιοῦ
1197 3543 1482 3616 ἀνθρώπου
1544 3543 1778 3614 μισήσας
1831 3542 1897 3597 τὰ

238 3637 582 3715 φθειρόμενα
637 3635 774 3692 κατὰ
827 3635 926 3698 τάς
983 3633 1273 3707 ἐπιθυμίας
1331 3640 1430 3702 τῆς
1478 3633 1690 3703 ἀπάτης
1757 3635 1896 3706 (2),

237 3726 322 3789 ὡς
353 3725 739 3800 ἀρτιγέννητον
775 3721 973 3800 βρέφος
1003 3722 1067 3778 τὸ
1099 3721 1326 3797 λογικὸν
1375 3721 1463 3774 καὶ
1515 3716 1713 3776 ἄδολον
1756 3719 1900 3795 γάλα

231 3818 356 3869 τῶν
387 3813 596 3888 ἀρετῶν
645 3811 984 3881 ἐπιπόθησον
1043 3815 1212 3878 πιεῖν,
1273 3807 1359 3863 ἵνα
1419 3807 1469 3863 ἐν
1527 3807 1674 3880 αὐτῷ
1731 3809 1898 3880 αὐξη-

235 3903 350 3974 θῇς
373 3905 505 3973 (30),
545 3901 636 3956 καὶ
666 3901 870 3980 φθάσῃς
900 3901 976 3962 εἷς
1008 3901 1106 3968 τήν
1149 3897 1434 3974 ἐπίγνωσιν
1491 3901 1599 3952 τῶν
1659 3897 1895 3953 ἐντολῶν

229 3994 344 4047 τοῦ
374 3990 504 4044 Υἱοῦ
530 3994 628 4044 τοῦ
659 3993 816 4062 Θεοῦ,
848 3989 925 4053 εἷς
954 3986 1122 4060 ἄνδρα
1151 3985 1378 4056 τέλειον,
1411 3986 1486 4049 εἷς
1520 3988 1712 4061 μὲτρον
1769 3985 1900 4056 ἡλι-

230 4079 368 4141 κίας
399 4083 498 4133 τοῦ
528 4075 909 4153 πληρώματος
967 4081 1064 4132 τοῦ
1123 4078 1382 4151 Χριστοῦ,
1448 4073 1642 4146 μηκέτι
1699 4075 1896 4143 νήπιος

236 4163 323 4224 ὥν
383 4171 503 4232 ταῖς
559 4167 736 4244 φρεσὶ,
795 4163 1268 4239 κλυδωνιζόμενος
1326 4163 1416 4218 καὶ
1474 4163 1900 4241 περιφερόμενος

2017 1874 2165 1926 vam,
2201 1859 2262 1913 in
2297 1859 2704 1914 hmreditatem
2736 1859 3272 1930 incorruptibilem,
3305 1866 3364 1914 et
3394 1861 3659 1916 inconta-

2013 1947 2323 2016 minatam,
2381 1955 2438 2004 et
2493 1949 3070 2016 immarcescibilem,
3129 1955 3532 2004 conservatam
3593 1950 3652 2003 in

2013 2037 2176 2092 cmlis
2209 2039 2268 2092 in
2300 2037 2528 2092 Christo
2559 2039 2693 2092 Iesu
2723 2038 2969 2092 Domino
3003 2043 3203 2092 nostro
3234 2055 3340 2108 per
3370 2038 3652 2108 Spiritum

2014 2131 2282 2180 sanctum
2314 2127 2364 2196 (Ι
2389 2127 2503 2181 Pet.
2539 2126 2597 2196 ι).
2633 2125 2924 2180 Hodierno
2958 2126 3114 2180 enim
3140 2126 3234 2180 die
3265 2142 3300 2180 a
3328 2129 3568 2196 peccato
3591 2126 3656 2178 li-

2009 2214 2271 2282 beratus,
2319 2219 2558 2285 accepto
2619 2215 2996 2285 sempiternae
3037 2215 3168 2268 vitae
3215 2214 3481 2285 pignore,
3533 2215 3648 2268 Deo

2008 2303 2378 2374 mancipatus
2407 2319 2490 2367 es,
2525 2319 2592 2358 ac
2623 2303 2846 2358 relictis
2877 2302 3138 2356 tenebris
3167 2301 3372 2357 lumen
3404 2301 3648 2356 induisti

2007 2391 2317 2462 adoptatus
2349 2391 2408 2445 in
2440 2391 2780 2446 libertatem
2806 2391 3006 2462 gloria:
3037 2391 3292 2444 ﬁliorum
3321 2390 3452 2444 Dei:
3479 2393 3652 2455 Quot-

2008 2486 2152 2550 quot
2171 2479 2353 2542 enim,
2387 2480 2582 2549 inquit
2611 2479 2732 2544 ille,
2767 2485 3121 2549 receperunt
3151 2485 3309 2543 eum,
3345 2479 3507 2532 dedit
3564 2480 3648 2534 eis

2005 2573 2357 2640 potestatem
2389 2567 2544 2620 ﬁlios
2575 2567 2676 2621 Dei
2709 2568 2856 2632 ﬁeri,
2893 2567 2987 2621 his
3019 2568 3116 2636 qui
3149 2567 3398 2621 credunt
3445 2568 3506 2620 in
3539 2585 3645 2621 no-

2005 2657 2164 2712 mine
2197 2655 2325 2726 ejus
2355 2656 2533 2724 (Joan.
2569 2657 2627 2724 1).
2660 2657 2862 2724 Itaque
2893 2671 3012 2708 non
3037 2655 3166 2724 jam
3199 2671 3398 2708 servus
3433 2671 3515 2722 es,
3541 2656 3642 2710 sed

2005 2746 2164 2801 ﬁlius
2195 2749 2254 2799 et
2279 2745 2468 2798 haeres
2500 2743 2623 2810 Dei,
2659 2759 2766 2814 per
2783 2742 3082 2796 Christum
3107 2743 3168 2798 in
3195 2743 3413 2814 Spiritu
3439 2749 3640 2798 sancto

2005 2836 2146 2902 (Gal.
2179 2835 2278 2904 ιν).
2298 2834 2602 2898 Quocirca,
2628 2831 2997 2898 charissime,
3021 2831 3080 2886 id
3106 2832 3276 2887 stude
3299 2837 3363 2886 ut
3383 2833 3643 2888 mundus

2006 2929 2064 2977 et
2093 2922 2509 2977 immaculatus
2539 2922 2651 2992 ipsi
2684 2920 3029 2988 inveniaris,
3065 2937 3244 2992 supra
3275 2921 3412 2976 ﬁdei
3433 2921 3647 2976 funda-

2005 3017 2274 3066 mentum
2307 3011 2490 3082 proba
2520 3027 2699 3080 opera
2729 3015 3058 3064 exstruens.
3091 3009 3262 3064 Fides
3307 3011 3468 3064 enim
3520 3011 3647 3065 sine

2007 3100 2286 3172 operibus
2315 3104 2549 3154 mortua
2580 3105 2686 3167 est,
2719 3098 3222 3169 quemadmodum
3245 3104 3302 3152 et
3322 3115 3502 3170 opera
3523 3099 3650 3154 sine

2009 3189 2124 3244 ﬁde
2162 3189 2232 3260 (II
2265 3195 2411 3244 Patr.
2445 3204 2506 3242 ιιι
2538 3205 2551 3255 ;
2584 3190 2700 3242 Jac.
2735 3187 2818 3256 ιι).
2855 3189 3066 3258 Atque,
3100 3191 3166 3240 ut
3187 3187 3312 3258 jam
3359 3187 3522 3258 prius
3553 3203 3648 3242 me

2009 3277 2082 3333 ad
2111 3281 2164 3332 te
2197 3277 2394 3331 dicere
2425 3276 2693 3342 memini,
2726 3276 2998 3348 deposita
3021 3276 3147 3348 jam
3179 3276 3340 3329 omni
3399 3276 3648 3343 malitia,

2007 3367 2337 3437 veterisque
2369 3365 2648 3430 hominis,
2683 3365 2783 3436 qui
2816 3364 3142 3420 secundum
3175 3365 3394 3420 erroris
3417 3365 3652 3422 deside-

2006 3457 2095 3511 ria
2123 3455 2524 3526 corrumpitur
2545 3455 2760 3526 (Ephcs.
2793 3455 2888 3525 1v),
2913 3454 3191 3526 Operibus
3218 3455 3496 3510 omnibus
3517 3455 3652 3510 odio

2007 3547 2244 3614 habitis,
2282 3550 2565 3616 tanquam
2600 3545 2780 3600 modo
2804 3545 3038 3616 genitus
3061 3545 3277 3612 infans,
3303 3545 3652 3600 rationabile

2008 3639 2066 3690 et
2095 3635 2222 3690 sine
2243 3634 2379 3688 dolo
2402 3635 2682 3688 virtutum
2702 3634 2792 3688 lac
2820 3649 3027 3705 sugere
3057 3633 3410 3704 concupisce
3438 3635 3486 3703 (Ι
3501 3636 3649 3687 Petr.

2007 3725 2088 3795 ιι),
2121 3725 2278 3778 utin
2311 3741 2378 3778 eo
2411 3740 2666 3786 crescas,
2725 3729 2903 3794 atque
2953 3723 3027 3778 ad
3080 3723 3499 3779 mandatorum
3549 3723 3650 3776 Dei

2007 3813 2404 3886 cognitionem
2429 3812 2740 3884 pervenias
2771 3813 2832 3866 in
2858 3813 3044 3866 virum
3065 3812 3390 3884 perfectum
3411 3813 3473 3866 in
3491 3827 3654 3866 men-

2009 3917 2208 3956 suram
2241 3902 2429 3954 zetatis
2482 3899 2876 3971 plenitudinis
2923 3900 3140 3955 Christi
3187 3901 3397 3970 (Ephes.
3449 3901 3557 3971 1v);
3589 3905 3657 3953 ut

2007 4007 2125 4045 non
2152 3991 2278 4062 jam
2313 3991 2394 4045 sis
2423 3989 2700 4060 parvulus
2761 3989 3056 4054 sensibus,
3112 3989 3454 4044 vitiosarum
3487 3989 3656 4043 affec-

2009 4080 2241 4134 tionum
2273 4079 2553 4134 ﬂuctibus
2583 4096 2651 4134 ac
2679 4084 3029 4150 tempestate
3052 4079 3312 4150 jactatus
3365 4083 3424 4133 et
3469 4077 3655 4132 circu-

2010 4174 2258 4232 mactus,
2293 4184 2494 4222 verum
2537 4167 2768 4222 malitia
2811 4168 3055 4238 quidem
3109 4167 3388 4238 parvulus
3428 4167 3532 4234 sis,
3577 4166 3650 4222 ad

318 4293 433 4366 (16)
465 4292 752 4366 Displicet
773 4290 1056 4366 repetitio
1083 4289 1244 4344 verbi
1279 4281 1534 4366 βεϐαιωθ.
1565 4289 1878 4366 Usussum

2017 4307 2084 4366 co
2117 4289 2316 4366 codice
2343 4292 2421 4366 C_;
2455 4305 2600 4366 num
2629 4290 2996 4366 hgec__ultim_a
3021 4289 3213 4366 verba,
3241 4287 3330 4366 καὶ
3353 4291 3495 4366 τῇᾼκ.
3526 4288 3646 4344 Ἐκ-

233 4358 870 4449 κλςησίᾳυβεξαιωθεῖσα,
901 4379 1022 4417 non
1053 4358 1288 4416 exstant
1315 4359 1376 4414 in
1406 4358 1536 4414 cod.
1571 4361 1636 4413 A.
1671 4359 1895 4431 Billyus

2016 4379 2018 4384 τ
2043 4362 2250 4416 donnée
2277 4364 2314 4414 αἱ
2338 4361 2557 4430 l’Egh‘se
2585 4361 2917 4430 catholique.
2949 4362 3253 4416 Invenitne
3279 4358 3514 4431 δοθεῖσα,
3539 4380 3644 4414 πα-

230 4433 544 4514 ραδρρεῖὲτα
567 4435 594 4489 ‘?

317 4497 436 4580 (Π)
467 4507 710 4580 Lemma
739 4505 1052 4580 metricum
1085 4505 1148 4559 in
1186 4505 1232 4558 Α
1259 4519 1273 4558 :
1308 4497 1542 4574 Ἰωᾶσαφ
1575 4498 1796 4554 ἐνταῦθα
1831 4498 1904 4574 βάι

2016 4522 2109 4574 ιμα
2143 4499 2330 4576 βλέπε.

347 4579 438 4650 ιδ)
467 4579 602 4650 Luc.
638 4593 694 4640 κ,
727 4577 816 4650 ει.

350 4640 440 4714 19)
471 4649 710 4704 Lemma
740 4649 803 4702 in
835 4649 903 4702 Α.
937 4643 1094 4718 Εὐχῆ
1131 4645 1265 4717 μετὰ
1290 4642 1354 4698 τὸ
1388 4640 1689 4717 βάπτισμα.

320 4717 444 4794 (20)
473 4721 630 4794 ξθιιι.
665 4722 689 4774 Ι
721 4719 904 4794 Epist.
939 4735 976 4784 ι,
1012 4717 1064 4784 3,
1094 4720 1150 4794 5-.

317 4781 440 4862 (21)
473 4793 654 4862 Epist.
689 4781 971 4862 addiom.
994 4781 1064 4854 Vl,
1087 4791 1196 4862 22:
1231 4785 1360 4862 Νυνὶ
1391 4781 1450 4839 δὲ
1478 4783 1900 4862 ἐλευθερῳθὲν-τε

2016 4787 2066 4841 τὸ
2095 4793 2195 4862 τῆς
2229 4786 2528 4862 άμαρτίας,
2548 4783 2917 4862 δουλωθέντες
2947 4783 3006 4862 δε
3035 4789 3327 4862 ’τῷ-Θεῷ...

347 4854 438 4932 22)
468 4854 650 4934 Epist.
675 4861 758 4934 ad
792 4863 958 4934 Iiom.
989 4877 1110 4923 xm,
1145 4859 1210 4912 12
1236 4874 1249 4912 :
1284 4857 1639 4934 Ἀποβώμεθα
1671 4854 1760 4910 οῦν
1791 4859 1858 4911 τὰ
1887 4857 1904 4912 ἒ

2016 4854 2414 4926 ποῦ-σκότους,
2445 4859 2534 4912 καὶ
2565 4855 2918 4930 ἐνδυσώμεθα
2946 4857 3012 4912 τὰ
3038 4854 3184 4912 ὅπλα
3211 4854 3310 4911 τοῦ
3339 4855 3539 4934 φῶτός.

347 4865 438 4932 22)
468 4865 650 4934 Epist.
685 4865 758 4917 ad
792 4865 958 4916 Rom.
989 4877 1110 4923 xm,
1145 4865 1249 4912 12:
1285 4865 1462 4919 Ἀποθι

319 4865 438 5072 (23)
469 4933 734 5005 Epistola
762 4931 839 4987 ad
867 4933 1186 4996 Romanos,
1224 4945 1345 4998 vm,
1377 4930 1462 4984 21.

353 5007 448 5069 24)
477 5005 644 5060 Joan.
677 5021 718 5068 ι,
753 5004 838 5059 12.

353 5007 448 5069 24)
477 5004 644 5060 Joan.
677 5021 718 5068 ι,
753 5004 838 5059 12.

323 5077 440 5146 (25)
472 5077 656 5146 Epist.
690 5073 766 5130 ad
796 5073 919 5146 Gal.
956 5090 1028 5140 ιν,
1061 5077 1112 5146 7.

313 5139 439 5217 (26)
464 5139 618 5201 Petr.
651 5147 698 5202 ΙΙ
725 5145 907 5216 Epist.
941 5139 1021 5211 ιιι,
1057 5145 1122 5200 14
1147 5161 1159 5197 :
1195 5140 1311 5210 Διὸ,
1337 5139 1636 5214 ἀγαπητοὶ,
1666 5143 1834 5195 ταῦτα
1863 5163 1898 5194 π

2016 5139 2294 5210 Βοκῶντες,
2355 5139 2692 5198 σπουδάσατε
2738 5141 2962 5199 ἃσπιλοι
3011 5141 3102 5196 καὶ
3151 5141 3450 5215 ἀμώμητοι
3509 5140 3656 5211 αὗτῷ

235 5217 563 5292 εὑρεθῆναι.

319 5287 442 5362 (27)
471 5287 668 5362 Iacob.
699 5289 883 5362 πλεο.

318 5359 442 5430 (28)
474 5359 642 5416 Gonf.
676 5360 857 5430 p287,
880 5373 950 5430 in.
985 5359 1074 5412 66.

467 5425 760 5528 Epistqag
791 5425 1432 5528 Ephes.‘iv,)22’.ACf.np.
1469 5427 1591 5492 151,
1623 5443 1684 5512 n.
1717 5431 1770 5508 2.

313 5497 438 5570 (30)
467 5497 622 5572 Ρνέιῐν.
649 5501 672 5554 Ι
703 5497 982 5572 Epist-tau,
1017 5502 1065 5572 1,
1097 5503 1130 5552 2
1155 5515 1168 5572 ξ
1204 5497 1564 5572 Ἀποθέμενοι
1597 5497 1692 5572 οῦν
1724 5501 1904 5572 πᾶσαν.

2018 5497 2164 5572 κίαν,

2221 5500 2312 5584 καὶ
2343 5496 2784 5584 κποὶψιειιιηδόλόν,
2839 5498 2931 5584 una}
2993 5495 3325 5584 ὁποξρίσεξς,
3377 5494 3491 5584 καὶ..
3525 5491 3654 5582 φθό-

227 5563 722 5644 νουςζκαέπάσας
749 5563 1106 5644 ς(Ψῑῢιλαλιδινς,
1139 5567 1214 5632 ὡς
1245 5563 1604 5644 ἀρτιγέννητα
1644 5568 1822 5644 βρέφη
1855 5569 1917 5624 τὸ
1949 5566 2176 5644 λογικὸν
2233 5567 2435 5624 ἄδολον
2495 5567 2640 5644 γάλα
2691 5563 3080 5638 ἐπίποθήσατε,
3111 5563 3205 5621 τίνα
3251 5563 3321 5620 ἐν’
3357 5567 3504 5636 αὖτῷ
3537 5563 3656 5616 ἀὑ-

239 5638 460 5721 ξηθῆτε
489 5641 568 5706 εἰς
596 5638 893 5714 σωτηρίαν.

533 5761 798 5826 ΡΑτιιοι..
849 5760 958 5821 Gn.
1004 5757 1211 5822 XCVI.

3298 5753 3376 5814 33
