3994 6150
307 343 451 401 1037

1478 343 1649 397 Vl’l‘A
1686 337 2039 396 BABLAAM
2069 337 2165 392 ΕΤ
2197 335 2541 391 ΙΟΔΒΔΡΗ.

3573 339 3712 399 1038

303 469 578 546 στεφάνων
608 468 645 538 ἢ
691 470 974 543 τιμωριῶν
1034 465 1286 542 πρόξενοι
1350 465 1613 541 γίνονταιο
1668 468 1789 525 ταῖς
1843 482 1950 517 κα-

2065 462 2426 534 ignoramus,
2461 460 2619 532 quod
2639 461 3145 533 quemadmodum
3174 464 3373 521 fumus
3417 484 3579 539 apes,
3597 486 3709 526 eo-

308 559 502 634 θαραῖς
533 553 592 612 δὲ
620 552 866 630 καρδίαις
909 553 1132 610 ἐνοικεῖν
1191 554 1285 611 τὸν
1343 553 1582 631 Χριστὸν
1645 547 1756 625 ἅμα
1784 549 1955 625 Ηατρὶ

307 646 399 702 καὶ
460 644 595 720 ἁγίῳ
654 643 924 718 Πνεῦματι
976 641 1311 718 ἐπιστάμεθα
1343 687 1357 702 .
1411 644 1503 706 Ὦς
1573 640 1621 697 δ’
1677 641 1742 697 αὗ
1793 638 1957 696 πάλιν

312 737 519 796 καπνὸς
579 734 881 811 μελίσσας,
941 733 1084 791 οὕτω
1138 734 1269 800 τοὺς
1326 732 1603 809 πονηροὺς
1657 730 1961 809 λογισμοὺς

314 822 594 881 ἔκδιώκειν
638 825 799 897 ἡμῶν
875 824 975 894 τὴν
1045 827 1141 879 τοῦ
1198 822 1342 889 θείου
1427 821 1737 896 Πνεύματος
1792 821 1954 896 χάριν

319 913 731 988 μεμαθήκαμεν.
770 911 862 967 Διὸ
893 909 1171 985 ἐπιμελῶς
1214 913 1351 988 πρὸς
1378 915 1537 967 τοῦτο
1568 906 1737 986 ἔχων,
1786 909 1959 965 πάντα

318 1001 681 1079 διαλογισμὸν
740 1001 1035 1077 ἱμπαθείας
1094 1000 1402 1077 ἀπαλείψας
1456 1008 1555 1072 τῆς
1612 1000 1820 1076 ψυχῆς,
1860 1000 1957 1062 τὰς

316 1092 568 1169 ἀρίστους
625 1090 958 1166 ἐμφνότευσον
1015 1089 1226 1154 ἐνναίας
1261 1135 1275 1160 ,
1322 1091 1447 1146 ναὸν
1510 1090 1728 1145 σεαυτὸν
1787 1091 1960 1143 ποιῶν

310 1185 410 1238 τοῦ
439 1180 594 1257 ἁγίου
635 1179 968 1254 Πνεῦματος.
1003 1181 1098 1238 Ἐκ
1124 1184 1233 1236 τῶν
1289 1176 1662 1257 διαλογισμῶν
1716 1177 1817 1255 γὰρ
1868 1175 1957 1232 καὶ

315 1270 456 1347 πρὸς
485 1268 583 1332 τας
611 1270 729 1325 κατ’
778 1267 1046 1346 ἐνέργειαν
1106 1268 1325 1346 πράξεις
1381 1267 1680 1344 ἐρχόμεθαο
1738 1265 1828 1320 καὶ
1857 1269 1961 1319 πᾶν

312 1357 476 1437 ἔργον
508 1404 525 1430 ,
581 1358 687 1414 ἀπὸ
744 1356 950 1423 ἐννοίας
1030 1357 1119 1413 καὶ
1178 1356 1524 1430 ἐνθυμήσεως
1596 1355 1908 1433 προκόπτον
1942 1397 1956 1424 ,

2064 551 2200 606 dem
2213 549 2389 606 modo
2402 566 2596 622 pravae
2610 550 2995 624 cogitationes
3012 552 3449 625 diviniSpiritus
3462 559 3714 630 gratiam

2065 657 2100 697 a
2121 639 2295 696 nobis
2321 639 2682 712 prapellunt.
2715 640 3109 705 Quamobrem
3153 660 3386 699 summo
3427 645 3622 703 studio
3649 648 3711 704 in

2064 729 2177 785 hoc
2191 729 2416 783 enitere
2437 733 2522 793 ut,
2554 726 2717 782 omni
2737 728 2946 783 vitiosa
2994 729 3347 802 cogitatione
3392 748 3481 799 ex,
3511 734 3711 790 animo

2065 823 2165 873 tuo
2192 817 2483 873 exstincta
2512 821 2569 871 et
2599 815 2813 883 deleta,
2847 818 3103 889 optimas
3116 836 3383 892 quasque
3406 823 3715 895 cogitatio-

2067 923 2173 963 nes
2195 907 2257 961 in
2283 922 2353 962 ea
2382 905 2630 974 inseras,
2665 905 3074 978 templumque
3107 908 3357 980 Spiritus
3380 912 3568 968 sancti
3599 913 3707 967 tei-

2066 1012 2241 1069 psum
2272 995 2516 1051 efﬁcias.
2575 995 2877 1066 Siquidem
2936 1013 3042 1067 per
3080 998 3467 1071 cogitationes
3498 1001 3574 1056 ad
3611 1018 3709 1058 ac-

2067 1085 2259 1141 tiones
2292 1085 2451 1156 ipsas
2480 1085 2788 1152 venimus;
2822 1090 3000 1156 atque
3032 1102 3208 1143 omne
3243 1104 3391 1160 opus
3427 1106 3462 1144 a
3493 1092 3713 1164 cogita-

2068 1176 2229 1230 tione
2245 1174 2548 1245 animique
2562 1174 2879 1247 agitatione
2897 1175 3303 1248 progrediens,
3330 1194 3572 1249 parvum
3594 1181 3711 1251 pri-

2067 1279 2164 1319 mo
2194 1263 2434 1318 inittum
2473 1262 2699 1335 arripii,
2730 1280 2799 1319 ac
2843 1262 3059 1320 deinde
3090 1265 3280 1321 tacitis
3324 1266 3709 1324 incrementis

2068 1368 2411 1425 augescens,
2445 1352 2655 1425 ingens
2686 1351 2759 1408 ad
2790 1357 3118 1409 extremum
3144 1354 3420 1412 efficitur.

317 1452 515 1524 μικρᾶς
547 1442 974 1522 ἐπιλαμϐάνεται
1005 1445 1206 1524 ἀρχῆς,
1238 1448 1356 1502 εἶτα
1380 1451 1501 1509 ταῖς
1531 1447 1668 1502 κατᾶ
1700 1442 1894 1518 μικρὸν
1916 1440 2198 1516 αὖξήσεσιν
2230 1439 2308 1502 εἷς
2344 1440 2558 1515 μεγάλα
2585 1437 2904 1514 καταλήγει.

383 1538 482 1595 Διά
528 1537 689 1594 τοῦτο
758 1533 900 1610 μηδὲ
950 1533 1097 1599 ὅλως
1170 1555 1266 1591 σου
1329 1536 1602 1612 κυριεῦσαι
1677 1534 1954 1604 συνήθειαν

2135 1531 2219 1587 Ob
2251 1546 2381 1587 eam
2411 1530 3041 1597 causam,nullomodo
3065 1536 3338 1606 permitte
3351 1543 3413 1592 ut
3437 1538 3710 1610 improba

310 1626 470 1702 ἐάσῃς
515 1628 709 1701 κακὴν,
731 1623 879 1681 ἀλλὰ
928 1629 1119 1701 νεαρᾶς
1151 1622 1230 1680 ἔτι
1268 1621 1454 1696 οὔσης,
1511 1618 1658 1697 ἔξελὲ
1705 1643 1803 1678 σου
1852 1628 1954 1691 τῆς

307 1714 535 1794 καρδίας
565 1717 665 1787 τήν
696 1715 940 1792 πονηρὰν
983 1714 1154 1792 ῥίζαν,
1199 1715 1291 1769 ἳνα
1353 1714 1454 1788 μή,
1485 1712 1747 1792 ἐμφυεῖσα
1775 1711 1866 1767 καὶ
1900 1710 1951 1766 ἐν

312 1810 395 1880 τῷ
455 1805 604 1882 βάθει
658 1805 755 1867 τὰς
811 1802 963 1881 ῥίζας
1016 1801 1321 1876 ὲμπήξασα,
1374 1800 1578 1878 χρόνου
1633 1801 1725 1857 καὶ
1779 1799 1955 1855 κόπου

316 1894 489 1971 δεηθῇ
539 1898 636 1951 τοῦ
693 1893 1074 1972 ἐκριζωθῆναι.
1131 1893 1228 1948 Διὰ
1279 1895 1441 1948 τοῦτο
1497 1892 1600 1966 γὰρ
1628 1891 1802 1946 ἆεὶτὰ
1834 1888 1956 1963 μεί-

317 1992 443 2057 ζονα
469 1987 579 2042 τῶν
608 1981 1017 2059 ἁμαρτημάτων
1055 1979 1424 2058 ἰπεισὲρχεται
1485 1982 1613 2055 ἡμῖν
1668 1979 1759 2035 καὶ
1788 1998 1955 2034 κατα-

314 2072 616 2131 δυναστεῦει
671 2076 778 2128 τῶν
837 2069 1117 2147 ἡμετέρων
1174 2073 1388 2145 ψυχῶν,
1441 2067 1524 2125 ὅτι
1579 2069 1647 2124 τὰ
1692 2065 1954 2122 ἐλάττονα

310 2169 466 2225 172
498 2162 759 2221 δοκοῦντα
790 2165 924 2219 εἶναι
952 2206 966 2233 ,
996 2163 1107 2217 οῖον
1148 2161 1472 2234 ἐνθυμήσεις
1498 2160 1761 2233 πονηραὶ,
1795 2156 1951 2235 λόγοι

308 2257 593 2332 ἀπρεπεῖς,
647 2251 866 2328 ὁμιλίαι
913 2251 1095 2323 κακαὶ,
1128 2257 1231 2321 τῆς
1286 2249 1673 2327 προσηκούσης
1731 2246 1793 2303 οὐ
1820 2268 1951 2322 τυγ-

312 2345 469 2422 χάνει
528 2341 889 2418 διορθώσεως.
947 2342 1151 2414 Ὠσπερ
1198 2340 1302 2415 γὰρ
1343 2337 1394 2394 ἐν
1442 2342 1560 2401 τοῖς
1620 2337 1864 2409 σώμασιν
1899 2336 1951 2391 οἱ

315 2436 525 2507 μικρῶν
563 2430 1069 2508 καταφρανήσαντες
1099 2428 1423 2504 τραυμάτων
1481 2422 1776 2498 σηπεδόνας
1807 2423 1952 2480 πολ-

313 2520 470 2583 λάκις
526 2519 616 2575 καὶ
671 2517 896 2583 θάνατον
953 2518 1166 2582 ἑαυτοῖς
1220 2516 1606 2593 προεξὲνησαν,
1664 2512 1806 2570 οὕτω
1856 2514 1946 2569 καὶ

306 2613 417 2665 τῶν
448 2611 664 2684 ψυχῶν,
697 2607 749 2662 οἱ
789 2609 897 2661 τῶν
929 2608 1141 2679 μικρῶν
1195 2605 1565 2680 ὑπερορῶντες
1617 2606 1801 2667 παθῶν
1861 2601 1951 2657 καὶ

313 2696 725 2773 ἁμαρτημάτων
761 2740 775 2765 ,
832 2696 898 2748 τα
963 2693 1184 2766 μείζονα
1240 2692 1600 2768 ἐπεισάγουσισ
1658 2692 1778 2755 καθ’
1828 2689 1953 2746 ὅσον

317 2783 377 2839 δὲ
403 2785 471 2839 τὲ
511 2784 730 2857 μείζονα
786 2781 1156 2857 ἐπεισέρχεται
1214 2782 1416 2852 αὐτοῖς,
1449 2780 1501 2835 ἐν
1552 2774 1653 2851 ἔξει
1684 2778 1948 2854 γινομένη

314 2874 353 2961 ἡ
379 2873 532 2948 ψυχή
564 2877 903 2947 καταφρονεῖ.
948 2865 1176 2939 ’Λσεῦὴς
1205 2869 1356 2961 γᾶιρ,⁸
1380 2866 1539 2961 φησῖν
1561 2958 1570 2961 Δ
1591 2869 1724 2961 (46),
1778 2866 1949 2961 ama»
1983 2895 2027 2961 C

312 2960 390 3025 εἰς
423 2962 587 3038 βάθος
638 2965 821 3016 κακῶν
878 2963 1220 3036 καταξρονεῖ,
1272 2957 1362 3014 καὶ
1420 2958 1615 3015 λοιπὸν
1670 2956 1849 3030 ὥσπερ
1889 2957 1949 3019 ὗς

307 3045 798 3124 ὴκυλινδοῦμενος
859 3043 1114 3125 βορϐόρῳ
1168 3044 1350 3118 ἣδεται
1409 3048 1541 3121 (4-7),
1595 3045 1737 3102 οὕτω
1792 3045 1881 3102 καὶ
1914 3048 1948 3116 ἡ

308 3140 464 3214 ψυχὴ
496 3136 703 3210 ἆκείνη,
743 3142 864 3200 ταῖς
915 3142 1107 3199 κακαῖς
1161 3135 1464 3208 συνηθείαις
1512 3140 1949 3212 καταχωσθεῖσα,

311 3227 440 3284 οὗδὶ
469 3227 720 3299 αἴσθησιν
773 3221 1041 3301 λαμϐάνει
1095 3232 1196 3297 τῆς
1239 3231 1351 3282 τῶν
1383 3227 1789 3302 ἁμαρτημάτων
1822 3221 1952 3280 δυσ-

312 3313 503 3386 ωδίας,
533 3315 682 3373 ἀλλὰ
709 3315 956 3392 τέρπεται
1017 3313 1232 3390 μᾶλλον
1266 3315 1455 3378 αὐταῖς
1484 3314 1572 3370 καὶ
1617 3312 1949 3386 ἐνηδύνεται,

310 3405 390 3469 ὡς
449 3406 649 3483 ἑγαθοῦ
703 3425 851 3468 τινος
906 3411 1008 3475 τῆς
1064 3404 1251 3467 κακίας
1308 3402 1669 3481 ἆντεχομὲνη’
1700 3399 1797 3458 κᾶν
1854 3403 1954 3478 ὀψὲ

304 3491 376 3565 δή
409 3515 546 3552 ποτε
574 3492 902 3550 ἆνανεύουσα
932 3492 1010 3558 εἷς
1038 3491 1285 3565 αἴσθησιν
1335 3489 1489 3568 ἔλθῃ,
1546 3490 1704 3565 κόπῳ
1753 3489 1954 3564 πολλῷ

304 3582 399 3639 καὶ
436 3580 628 3657 ἱδρῶτι
685 3579 1087 3659 ἐλευθεροῦται,
1147 3583 1231 3645 οἷς
1259 3582 1372 3655 (48)
1402 3579 1642 3637 ἐθελοντὶ
1697 3576 1953 3636 κατεδού-

306 3670 497 3728 λευσεν
532 3671 727 3742 δαυτην
757 3670 828 3739 τῆ
858 3674 1073 3745 πονηρᾷ
1101 3670 1376 3742 συνηθείᾳ.

380 3937 483 3993 Διὰ
574 3941 737 3994 τοῦτο
811 3935 956 4011 πάσῃ
1002 3933 1227 4009 δυνάμει
1289 3932 1558 4011 μᾶκρυνον
1609 3934 1797 3990 ἑαυτὸν
1848 3935 1954 3991 ἀπὸ

306 4027 486 4097 πάσης
515 4025 718 4088 ἑννοίας
774 4024 865 4081 καὶ
923 4025 1274 4098 ἐνθυμήσεως
1328 4028 1571 4098 πονηρᾶς
1628 4023 1719 4078 καὶ
1773 4023 1953 4093 πάσης

303 4113 590 4188 ἑμπαθοῦς
646 4111 951 4185 συνηθείας⁹
1015 4110 1229 4186 μᾶλλον
1288 4109 1346 4166 δὲ
1398 4116 1518 4174 ταῖς
1567 4111 1783 4188 ἀρεταῖς
1816 4106 1957 4180 ξ’θιζε

301 4204 494 4260 ἑαυτὸν
523 4203 616 4258 καὶ
669 4202 721 4258 ἐν
759 4196 863 4276 ἔξει
914 4208 1018 4272 τῆς
1070 4201 1280 4257 τούτων
1340 4204 1502 4277 γενοῦ
1554 4198 1828 4276 ἐργασίας.
1887 4199 1952 4256 Εἰ

2065 1622 2429 1678 consuetudo
2444 1621 2549 1677 tibi
2567 1622 2911 1678 dominetur
2932 1642 2946 1691 ;
2962 1640 3164 1680 verum
3187 1626 3375 1683 donec
3395 1645 3603 1686 recens
3616 1638 3708 1689 est

2064 1727 2300 1783 parvam
2314 1711 2574 1767 radicem
2588 1727 2619 1766 e
2641 1716 2878 1783 pectore
2893 1717 2991 1768 tuo
3009 1713 3222 1782 evelle;
3242 1732 3317 1772 ne
3332 1717 3551 1791 alioqui
3568 1738 3703 1778 cum

2062 1800 2392 1872 pullularit,
2415 1815 2483 1856 ac
2513 1799 2742 1857 radices
2763 1817 2900 1857 suas
2920 1802 3036 1857 alte
3054 1804 3336 1874 inﬁxerit,
3358 1814 3564 1880 postea
3584 1826 3707 1869 non

2063 1889 2179 1945 nisi
2203 1889 2378 1963 longo
2397 1895 2684 1962 tempore,
2702 1905 2769 1946 ac
2792 1906 3004 1962 magno
3026 1906 3161 1948 cum
3175 1894 3377 1953 labore
3394 1902 3703 1973 exstirpari

2063 1980 2267 2050 possit.
2300 1978 2384 2036 Ob
2416 1979 2476 2035 id
2502 1981 2663 2036 enim
2686 1982 2914 2053 majora
2940 1989 3181 2053 peccata
3210 1986 3477 2056 quotidie
3494 1990 3567 2045 ad
3594 2007 3702 2047 nos

2062 2068 2287 2123 aditum
2316 2069 2558 2139 habent,
2581 2074 2759 2141 atque
2781 2071 2843 2125 in
2875 2070 3106 2127 animas
3124 2078 3357 2129 nostras
3381 2077 3699 2149 imperium

2060 2156 2353 2224 obtinent,
2387 2159 2670 2229 quoniam
2700 2159 2773 2213 iis
2805 2176 2938 2229 qna)
2974 2162 3209 2216 minoro
3242 2180 3371 2219 esse
3401 2164 3698 2238 videntur,

2058 2247 2171 2302 hoc
2199 2251 2290 2302 est
2318 2247 2603 2319 improbis
2626 2249 3100 2321 cogitationibus,
3122 2251 3454 2310 inhonestis
3475 2273 3701 2315 sermo-

2060 2336 2270 2405 nibus,
2304 2337 2598 2409 malisque
2629 2337 2942 2411 colloquiis
2982 2347 3381 2400 consentanea
3412 2349 3698 2405 correctio

2060 2426 2308 2481 minime
2331 2426 2916 2484 adhibetur.Utenim
2935 2429 2993 2483 in
3030 2432 3375 2503 corporibus
3399 2437 3499 2506 qui
3523 2454 3703 2509 parva

2059 2512 2302 2568 vulnera
2317 2513 2621 2586 negligunt
2633 2516 2859 2570 saniem
2878 2516 3224 2588 plerumque
3239 2536 3307 2575 ac
3320 2528 3569 2578 mortem
3589 2526 3701 2581 sibi

2061 2601 2205 2672 ipsis
2222 2606 2553 2668 accersunt,
2566 2601 2639 2657 ad
2653 2602 2927 2657 eumdem
2943 2605 3181 2660 modum
3206 2609 3383 2663 etiam
3406 2611 3465 2664 in
3486 2612 3700 2669 animis

2063 2691 2172 2746 hoc
2190 2706 2301 2746 usu
2318 2690 2496 2757 venit,
2528 2696 2595 2745 ut
2623 2691 2725 2761 qui
2747 2690 2996 2747 minima
3017 2694 3155 2749 vitia
3176 2709 3243 2750 ac
3266 2703 3507 2767 peccata
3526 2701 3701 2756 nihili

2061 2778 3346 2851 pendunt,graviorasibiinvehant.Quatenus
3360 2793 3557 2842 autem
3571 2805 3702 2862 gra-

2061 2868 2221 2923 viora
2250 2871 2491 2939 peccata
2520 2866 2666 2937 ipsis
2706 2866 3078 2936 oboriuntur,
3127 2878 3427 2930 contracto
3458 2876 3701 2934 tandem

2062 2956 2268 3013 habitu
2282 2957 2479 3012 anima
2500 2955 2561 3010 in
2579 2961 2982 3028 contemptum
3005 2959 3178 3015 cadit.
3204 2962 3425 3035 Impius
3444 2966 3601 3023 enim
3616 2968 3702 3024 in-

2058 3049 2187 3119 quit
2234 3047 2360 3117 llle,
2410 3064 2547 3103 cum
2578 3047 2639 3101 in
2671 3048 3030 3119 profundum
3091 3054 3339 3122 venerit,
3374 3060 3705 3114 contemnit

2056 3138 2241 3209 (Prov.
2266 3137 2384 3207 vn).
2418 3139 2499 3191 Ac
2541 3136 2843 3208 deinceps,
2876 3144 2942 3193 ut
2993 3155 3094 3196 sus
3124 3143 3185 3197 in
3231 3159 3397 3200 caeno
3450 3146 3700 3203 volutari

2057 3225 2367 3299 gaudet(U
2392 3228 2569 3281 Peter.
2604 3226 2691 3297 ιι),
2724 3226 2808 3282 sic
2827 3229 3003 3285 etiam
3019 3230 3341 3289 auimailla
3356 3251 3704 3305 pravmcon-

2059 3313 2361 3370 suetudini
2392 3314 2776 3382 immersa,ne
2797 3323 3171 3387 peccatorum
3195 3322 3435 3392 quidem
3454 3324 3703 3383 fetorem

2060 3403 2259 3471 sentit,
2292 3418 2493 3458 verum
2523 3403 2722 3475 potius
2738 3404 2884 3477 ipsis
2898 3407 3115 3479 gaudet
3149 3415 3207 3465 et
3228 3410 3577 3483 oblectatur,
3608 3416 3703 3471 vi-

2058 3492 2326 3563 tiumque
2356 3492 2547 3548 instar
2565 3492 2705 3548 boni
2729 3493 3062 3566 cujuspiam
3093 3500 3422 3559 arctissime
3463 3505 3703 3561 retinet.

2059 3582 2248 3652 Atque
2267 3585 2333 3636 ut
2361 3581 2539 3636 etiam
2579 3580 2922 3655 aliquando,
2943 3592 3178 3658 recepta
3218 3591 3449 3646 meliori
3481 3598 3700 3663 mente,

2060 3667 2353 3723 scelerum
2385 3683 2627 3723 suorum
2658 3684 2839 3724 sensu
2864 3670 3177 3742 afficiatur,
3210 3691 3332 3731 non
3355 3682 3553 3735 tamen
3575 3680 3702 3738 sine

2060 3770 2272 3825 magno
2304 3752 2504 3810 labore
2526 3770 2595 3810 ac
2627 3754 2843 3812 sudore
2862 3773 2897 3813 a
2925 3775 3103 3830 prava
3132 3766 3582 3836 consuetudine,
3606 3768 3699 3824 cui

2060 3842 2216 3898 ultro
2238 3858 2306 3897 ac
2328 3847 2537 3913 sponte
2569 3859 2631 3899 se
2662 3844 2722 3900 in
2748 3846 3091 3904 servitutem
3111 3850 3358 3922 addixit,
3390 3853 3699 3915 liberatur.

2061 3932 2347 3998 Quocirca
2361 3932 2638 3989 omnibus
2658 3933 2882 3991 viribus
2896 3937 2970 3992 ab
2994 3940 3155 3994 omni
3173 3941 3332 3997 mala
3346 3943 3701 4017 cogitatione

2061 4027 2238 4094 atque
2255 4022 2417 4077 omni
2430 4021 2640 4079 vitiosa
2650 4026 3082 4083 consuetudine
3097 4033 3151 4085 te
3164 4047 3489 4092 remove,ac
3506 4036 3702 4106 potius

2063 4111 2374 4167 virtutibus
2387 4127 2682 4181 assuesce,
2707 4129 2925 4185 easque
2942 4115 3025 4171 ita
3045 4116 3174 4173 cole
3203 4124 3379 4193 atque
3394 4138 3621 4193 exerce,
3639 4128 3707 4179 ut

2064 4217 2268 4256 earum
2288 4200 2528 4255 habitus
2542 4200 2647 4255 tibi
2665 4208 3212 4274 comparebunNam
3226 4209 3274 4264 si
3288 4211 3532 4281 paulum
3545 4212 3707 4270 labo-

304 4294 410 4367 γαρ
441 4292 636 4368 μικρὸν
696 4261 1063 4354 κοτίιάσειςιεν
1111 4288 1290 4353 αὐτοῖς
1323 4261 1414 4345 καὶ
1441 4288 1498 4345 ἐν
1558 4261 1660 4360 ἕξει
1706 4261 1951 4365 γενέσθαι

2063 4288 2147 4344 ris
2177 4288 2239 4342 in
2266 4287 2410 4373 ipsis
2429 4289 2784 4360 susceperis,
2819 4296 2998 4363 atque
3029 4310 3233 4351 earum
3264 4261 3533 4356 h‘abitum
3560 4317 3707 4357 con-

308 4380 558 4457 ἰσχύσεις
592 4427 606 4454 ,
665 4380 886 4437 ἆκόπως
945 4376 1139 4435 λοιπὸν
1210 4381 1280 4453 τῇ
1334 4382 1433 4435 τοῦ
1490 4381 1625 4434 Θεοῦ
1680 4376 1955 4453 συνεργείᾳ

307 4469 628 4546 προκόψεις.
659 4470 727 4527 Ἦ
753 4469 855 4545 γὰρ
883 4466 991 4541 ἕξις
1037 4473 1138 4538 τῆς
1193 4466 1389 4543 ἀρετῆς
1442 4470 1512 4542 τῇ
1570 4463 1725 4541 ψυχῇ
1778 4485 1955 4520 ποιω-

308 4563 484 4628 θεῖσα,
517 4558 593 4622 ὡς
624 4558 717 4615 ἅτε
749 4558 980 4632 φυσικὴν
1012 4555 1321 4633 συγγὲνειαν
1350 4555 1489 4632 πρὸς
1532 4553 1701 4625 αὐτὴν
1754 4552 1957 4630 ἔχουσα

306 4648 402 4704 καὶ
459 4647 551 4703 τὸν
601 4648 730 4703 Θεὸν
788 4647 1044 4721 συνεργὸν
1099 4645 1406 4718 κεκτημένη
1436 4688 1450 4714 ,
1508 4638 1957 4717 δυσμετάϐλητος

303 4733 513 4813 γίνεται
568 4738 721 4793 178
776 4734 868 4791 καὶ
935 4734 1055 4792 λίαν
1109 4732 1486 4811 ἀσφαλεστάτη
1518 4777 1532 4803 ,
1590 4732 1771 4795 καθὼς
1829 4734 1957 4807 ὁρᾷς

312 4823 399 4880 ὅτι
429 4826 465 4894 ἡ
498 4822 717 4899 ἀνδρεία
773 4823 863 4880 καὶ
920 4824 1201 4902 φρόνησις,
1261 4821 1583 4900 σωφροσύνη
1640 4842 1701 4877 τε
1748 4821 1840 4877 καὶ
1875 4819 1959 4877 δι-

310 4912 571 4983 καιοσύνη
602 4914 715 4987 (49)
753 4907 1196 4986 δυσμετάϐλητάί
1252 4911 1407 4981 εἰσιν,
1466 4905 1600 4982 ἕξεις
1655 4910 1808 4965 οῦσαι
1855 4917 1956 4979 τῆς

313 5005 505 5078 ψυχῆς
530 5002 621 5058 καὶ
677 5002 968 5073 ποιότητες
1020 5000 1109 5057 καὶ
1153 5000 1424 5076 ἂνιργεται
1472 4997 1565 5061 διὰ
1612 5000 1811 5076 βάθους
1864 5019 1957 5054 κε-

316 5095 653 5167 χωρηκυῖαι.
688 5090 754 5149 Εί
785 5091 889 5165 γὰρ
921 5091 987 5146 τὰ
1025 5089 1169 5162 πάθη
1224 5095 1327 5160 τῆς
1379 5088 1589 5157 κακίας,
1648 5087 1710 5143 οὗ
1763 5088 1961 5166 φυσικὰ

311 5183 450 5253 ἡμῖν
482 5177 632 5250 ὅντα,
691 5177 820 5236 ἀλλ’
849 5178 1042 5252 ἔξωθεν
1101 5176 1502 5246 ἐπεισελθόντα,
1552 5176 1714 5247 ἡνίκα
1771 5176 1823 5232 ἐν
1856 5172 1958 5251 ἔξει

282 5267 595 5345 ογένωνται,
626 5263 1049 5341 δυσμετάϐλητα
1084 5267 1213 5337 εἱσι,
1241 5266 1397 5340 πόσῳ
1431 5263 1670 5340 ,μᾶλλον
1701 5268 1737 5335 ἡ
1768 5265 1958 5339 ἀρετή,

387 5396 500 5463 (46)
530 5393 806 5449 Proverb.
838 5409 992 5459 xvm,
1025 5395 1078 5449 3.

390 5465 503 5533 (47)
533 5464 699 5522 Conf.
731 5466 902 5533 p.88,
933 5481 993 5519 n.
1026 5465 1115 5522 69.

391 5482 503 5533 ui)
533 5482 699 5522 uom.
775 5505 791 5519 .

391 5536 499 5607 (48)
530 5536 591 5602 c,
623 5535 696 5588 ὧν
730 5482 809 5591 ἕρ

316 5613 591 5664 tumance.

2065 4377 2334 4447 traxeris,
2366 4381 2590 4449 postea,
2626 4379 2742 4434 Deo
2765 4379 3032 4451 juvante,
3053 4384 3201 4441 citra
3230 4385 3496 4446 laborem
3516 4390 3708 4446 ullum

2066 4466 2360 4539 proﬁcies.
2393 4465 2699 4538 Siquidem
2730 4468 2963 4525 virtutis
2992 4471 3232 4531 habitus
3257 4477 3472 4534 animae
3494 4478 3709 4535 insitus

2064 4560 2269 4628 utpote
2284 4554 2620 4612 naturalem
2634 4573 2769 4613 cum
2784 4574 2855 4615 ea
2865 4563 3277 4634 cognationem
3298 4566 3544 4634 habens,
3564 4568 3709 4625 Dei-

2066 4661 2180 4716 que
2206 4661 2316 4716 Ope
2329 4644 2591 4716 adjutus,
2624 4646 2717 4701 vix
2734 4649 2982 4705 omnino
3005 4654 3394 4711 mutationem
3407 4656 3591 4712 ullam
3614 4673 3711 4712 re-

2068 4735 2229 4805 cipit,
2263 4738 2440 4805 atque
2471 4734 2533 4789 in
2561 4734 2773 4806 primis
2811 4737 3018 4795 firmus
3067 4746 3176 4810 est,
3210 4745 3708 4814 quemadmodum

2066 4822 2228 4878 vides
2255 4821 2669 4879 fortitudinem
2696 4828 2758 4879 et
2785 4826 3184 4900 prudentiam,
3224 4832 3710 4903 temperantiam-

2068 4927 2182 4983 que
2213 4911 2353 4966 item
2384 4927 2452 4966 ac
2465 4911 2784 4983 justitiam,
2816 4915 2909 4971 vix
2933 4918 3175 4975 omnino
3200 4921 3588 4979 mutationem
3617 4922 3710 4978 ul~

2065 5000 2188 5056 lam
2230 4998 2567 5066 admittere,
2604 5006 2921 5073 propterea
2949 5006 3107 5076 quod
3139 5007 3349 5063 animas
3388 5008 3625 5065 habitus
3654 5015 3715 5066 et

2071 5088 2388 5161 qualitates
2419 5092 2479 5144 et
2503 5091 2875 5161 operationes
2917 5094 3053 5164 sint,
3088 5111 3219 5151 eam
3249 5099 3490 5168 penitus
3528 5076 3726 5172 pene?

2071 5179 2467 5232 trantes.Nam
2482 5192 2617 5234 eum
2631 5179 2753 5235 vitii
2768 5180 3271 5255 ail‘ectiones,quae
3288 5187 3461 5244 nobis
3473 5204 3592 5244 non
3610 5204 3715 5243 na-

2073 5265 2314 5332 turales,
2331 5264 2433 5320 sed
2446 5265 2631 5322 adven
2642 5267 2784 5324 titiee
2798 5274 3349 5345 sunt.posteaquam
3362 5274 3434 5330 ad
3448 5276 3717 5333 habitum

813 5551 885 5591 ne
916 5533 1013 5596 οἷς.
1030 5534 1254 5608 Bil‘lyus
1279 5533 1429 5591 bene
1454 5550 1466 5590 :
1493 5551 1643 5607 pour
1679 5533 1863 5591 s'estre
1890 5534 2350 5590 volontairement
2378 5533 2644 5589 soubmise
2670 5538 2705 5590 ἀ
2735 5536 2789 5591 la
2817 5540 3091 5595 servitude
3119 5539 3185 5595 de
3213 5543 3494 5597 mauvaise
3524 5557 3724 5596 accou-

391 5678 507 5753 (49)
546 5678 787 5737 Lemma
813 5677 876 5735 in
916 5679 964 5735 A
990 5695 1003 5733 :
1034 5674 1350 5751 Σημείωσαι
1378 5674 1518 5740 τίνες
1545 5676 1602 5732 αἱ
1635 5673 1869 5756 μεγάλαι
1897 5674 2148 5754 τεσσαρες
2176 5673 2381 5753 ἄρεταί.
