3994 6150
311 272 449 330 1039

1837 272 2203 326 ΔΟΟΕΝΒΔ.

3555 296 3673 351 1040

304 400 704 475 pervenerint,
754 400 847 454 vix
896 398 1140 453 omnino
1190 397 1473 453 dimoveri
1515 396 1766 468 possint,
1809 396 1950 466 quid

2071 397 2152 449 καί
2186 402 2424 474 φυσικῶς
2481 400 2617 472 ἡμῖν
2672 401 3064 478 ἐμφυτευθεῖσα
3125 403 3227 460 ὑπὸ
3284 412 3381 463 τοῦ
3428 418 3674 491 Δημιουρ-

307 492 503 547 afferri
535 494 751 562 potest,
787 489 931 559 quin
962 488 1166 553 virtus,
1208 503 1338 557 quas
1371 492 1429 540 et
1468 486 1817 541 naturaliter
1847 502 1953 539 no-

306 580 401 635 bis
435 595 724 635 asummo
760 577 861 632 illo
920 581 1164 647 parente
1216 580 1275 629 et
1304 576 1578 630 effectore
1634 575 1812 628 insita
1843 579 1950 639 est,

308 670 615 741 ipsiusque
647 683 755 739 ope
788 672 845 721 et
875 665 1218 736 adjumento
1251 664 1481 728 nititur,
1516 663 1564 718 si
1599 662 1769 718 nobis
1801 679 1951 717 non-

310 759 465 814 nihil
494 755 899 812 laborantibus
930 770 1036 825 per
1064 753 1333 808 habitum
1367 753 1427 807 in
1477 752 1677 807 anima
1726 752 1954 806 radices

311 850 513 923 egerit,
549 847 732 902 multo
765 846 962 900 minus
994 846 1292 900 immutari
1326 844 1550 915 queat?

382 958 512 1013 Cu.
546 952 924 1009 XX.—Unde
946 952 1125 1007 etiam
1144 952 1285 1006 mihi
1302 952 1544 1022 quidam
1565 952 1751 1022 ipsius
1765 950 1957 1006 cultor

309 1063 437 1103 rem
459 1043 801 1116 hujusmodi
818 1042 1102 1097 narravit:
1126 1042 1291 1107 Cum,
1320 1041 1956 1111 inquit,ﬁrmissimum

312 1137 524 1191 divina:
538 1132 1056 1204 contemplationis
1071 1130 1337 1185 habitum
1353 1131 1499 1185 mihi
1519 1146 1957 1201 comparassem

312 1226 617 1298 ipsiusque
634 1222 1016 1278 meditatione
1029 1221 1231 1275 anima
1243 1236 1375 1276 mea
1390 1221 1572 1275 tincta
1598 1220 1878 1291 esset,huj
1890 1236 1956 1273 us

310 1316 398 1370 rei
437 1313 768 1386 periculum
800 1311 1119 1382 aliquando
1168 1309 1362 1365 facere
1391 1310 1658 1381 cupiens,
1694 1315 1957 1363 mentem

310 1420 505 1461 meam
524 1404 605 1458 ita
617 1401 974 1467 continui,ut
993 1417 1121 1454 eam
1141 1416 1243 1471 pro
1260 1416 1365 1454 suo
1397 1416 1561 1454 more
1586 1398 1955 1453 meditationi

314 1510 443 1550 sese
467 1492 787 1563 adjungere
810 1489 1058 1544 minime
1110 1489 1397 1545 sinerem.
1430 1488 1594 1553 Quod
1623 1487 1864 1558 quidem
1895 1487 1954 1541 id

313 1600 441 1639 eam
464 1596 723 1653 peraagre
737 1596 803 1635 ac
820 1578 1177 1651 permoleste
1199 1577 1353 1632 ferre
1376 1576 1666 1643 intellexi,
1686 1582 1863 1646 atque
1882 1575 1956 1630 ad

312 1690 442 1729 eam
456 1673 741 1727 effrenata
761 1669 1014 1741 quadam
1036 1669 1355 1739 cupiditate
1377 1684 1713 1740 properare,
1741 1683 1850 1721 nec
1881 1666 1953 1720 ad

2061 489 2163 559 γοῦ
2194 486 2284 541 καὶ
2316 486 2475 542 αὐτὸν
2522 489 2807 565 ἐπίκουρον
2856 490 3078 567 ἔχουσα,
3131 494 3203 566 εἷ’,
3261 501 3441 574 μικρὸν
3495 486 3668 577 ἀγωνι-

2063 575 2524 665 σαμένωνιὴμῶν,
2582 578 2633 634 ἐν
2688 576 2791 651 ἕξει
2850 580 3056 657 ῥιζωθῇ
3103 587 3172 658 τῇ
3229 575 3669 665 ψ’ὗχῇ,δυσιαετοὶ-

2069 656 2277 733 ϐλητος
2309 660 2455 721 ἔσται
2490 686 2503 736 ;

2136 951 2300 1005 ΚΕΦ.
2361 952 2439 1007 Κ’.
2500 954 2658 1016 ’Ὁθεν
2714 976 2808 1026 μοι
2863 956 3064 1027 ταύτης
3119 957 3347 1032 ἐργάτης
3399 957 3676 1036 διηγήσατό

2063 1055 2164 1106 τις,
2198 1036 2280 1091 ὅτι
2312 1040 2461 1096 Μετὰ
2507 1042 2570 1095 τὸ
2624 1039 3026 1115 προσλαϐέσθαι
3089 1066 3155 1117 με
3210 1048 3307 1115 τὴν
3368 1049 3503 1102 θείαν
3558 1062 3678 1115 θεω-

2066 1124 2181 1199 ρίαν
2241 1125 2291 1180 ἐν
2352 1126 2452 1198 ἔξει
2537 1125 2860 1206 βεϐαιοτάτη
2942 1132 3032 1188 καὶ
3089 1138 3157 1207 τῇ
3216 1135 3415 1206 ταύτης
3502 1138 3680 1211 μελέτῃ

2063 1213 2375 1283 ποιιυῆῆναι
2404 1218 2506 1286 τὴν
2537 1220 2743 1293 ψυχὴν,
2782 1218 3068 1294 βουληθείς
3100 1243 3231 1277 ποτε
3282 1223 3570 1301 ἀπόπειραν
3601 1229 3683 1283 αὐ-

2063 1309 2161 1371 τῆς
2190 1307 2538 1375 ποιήσασθαι,
2570 1310 2837 1383 κατέσχον
2881 1310 2972 1363 τὸν
3033 1315 3156 1365 νοῦν
3216 1333 3343 1385 μου,
3382 1316 3456 1385 μὴ
3487 1336 3683 1392 συγχω-

2067 1394 2235 1466 ρήσας
2291 1399 2359 1469 τῇ
2416 1397 2532 1450 κατ’
2586 1392 2708 1461 ἔθος
2767 1395 3045 1454 ἐπιϐαλεῖν
3113 1400 3334 1474 μελέτη·
3394 1405 3480 1458 καὶ
3541 1404 3684 1480 ἔγνων

2065 1480 2224 1537 αὐτὸν
2269 1483 2569 1557 ἀνιώμενον
2627 1487 2717 1541 καὶ
2776 1485 3146 1566 δυσφοροῦντα
3203 1491 3295 1545 καὶ
3353 1492 3486 1565 πρὸς
3540 1494 3686 1563 αὐτὴν

2065 1569 2283 1645 ἀσχὲτῳ
2332 1572 2683 1648 ἐπειγόμενον
2739 1578 2911 1649 πόθῳ,
2975 1575 3241 1650 μηδόλως
3273 1578 3330 1634 δὲ
3374 1583 3509 1654 πρὸς
3556 1581 3691 1637 ἐναν-

2066 1658 2180 1713 τίαν
2239 1664 2361 1717 τινὰ
2417 1661 2710 1737 ἐνθύμησιν
2764 1666 3057 1721 ἀποκλίναι
3111 1668 3398 1743 ἰσχύοντα·
3457 1670 3611 1740 ἡνίκα
3645 1670 3695 1727 δὲ

314 1760 672 1818 contrariam
701 1759 885 1814 ullam
926 1758 1340 1829 cogitationem
1381 1757 1504 1811 ullo
1533 1755 1708 1810 modo
1732 1755 1953 1809 inﬂecti

2071 1750 2261 1823 μικρὸν
2318 1749 2550 1807 ἐνέδωκα
2603 1754 2695 1815 τὰς
2752 1755 2964 1827 ἡμίας,
3026 1755 3352 1831 ὁξυδρόμως
3409 1760 3559 1822 εὐθὺς
3613 1761 3694 1814 ἆν-

310 1867 505 1923 posse.
526 1852 599 1905 At
618 1865 751 1903 cum
776 1847 1037 1903 habenas
1059 1848 1169 1918 ipsi
1195 1846 1470 1901 nonnihil
1493 1844 1952 1916 permississem,

314 1939 511 1993 statim
538 1936 611 1991 ad
634 1935 892 1990 studium
917 1951 1089 1989 suum
1112 1941 1171 1989 et
1187 1950 1427 2005 operam
1445 1933 1754 1988 celerrimo
1778 1949 1955 1986 cursu

310 2027 613 2083 ferebatur
635 2042 647 2091 ;
683 2024 1066 2094 exstabatque
1090 2024 1148 2077 id
1171 2023 1328 2093 quod
1346 2023 1429 2078 ait
1449 2023 1741 2093 Propheta
1764 2042 1779 2084 ς
1802 2023 1954 2086 Que-

311 2114 696 2171 madmodum
709 2112 1005 2166 desiderat
1021 2128 1223 2165 cervus
1238 2112 1310 2165 ad
1332 2110 1524 2165 fontes
1543 2126 1853 2179 aquarum,
1876 2110 1957 2163 ita

311 2202 613 2259 desiderat
632 2201 831 2256 anima
856 2216 988 2255 mea
1018 2200 1090 2254 ad
1112 2201 1367 2259 te.Deus.
1393 2199 1582 2253 Sitivit
1602 2198 1799 2252 anima
1824 2214 1958 2253 mea

311 2294 386 2349 ad
409 2295 594 2348 Deum
615 2291 839 2345 fontem
860 2290 1054 2344 vivum
1074 2289 1237 2359 (Psal.
1263 2289 1396 2360 XLI).
1420 2291 1500 2342 Ex
1523 2288 1613 2342 his
1636 2288 1813 2359 igitur
1828 2305 1957 2342 om-

308 2383 487 2439 nibus
509 2381 977 2435 demonstratum
1001 2384 1090 2433 est
1112 2378 1172 2432 in
1197 2377 1367 2431 nobis
1389 2378 1500 2432 hoc
1519 2377 1696 2431 situm
1719 2393 1868 2444 esse,
1893 2383 1958 2431 ut

308 2472 585 2527 virtutem
634 2469 1061 2541 adipiscamur:
1096 2468 1273 2538 idque
1299 2467 1485 2522 nostri
1511 2466 1736 2521 arbitrii
1762 2483 1827 2521 ac
1852 2483 1951 2537 po-

309 2561 541 2618 testatis
572 2575 724 2626 esse,
747 2574 954 2613 eamne
982 2557 1282 2629 ampleeti,
1315 2573 1389 2611 an
1421 2562 1629 2611 contra
1648 2561 1955 2626 peccatum

312 2651 427 2723 ipsi
440 2648 733 2705 anteferre
755 2647 1024 2702 velimus.
1043 2648 1113 2701 Et
1142 2645 1383 2717 quidem
1406 2645 1445 2699 ii
1470 2646 1569 2715 qui
1585 2645 1721 2699 vitio
1745 2645 1807 2698 in
1829 2661 1953 2699 ser-

310 2741 555 2795 vitutem
579 2755 641 2793 se
661 2737 1036 2803 addixerunt,
1060 2751 1211 2807 aegre
1234 2735 1305 2789 ab
1330 2751 1398 2789 eo
1421 2734 1684 2788 abstrahi
1706 2737 1957 2803 possunt

314 2826 816 2901 quemadmodum
848 2842 883 2881 a
910 2841 1005 2879 me
1037 2824 1311 2895 superius
1342 2823 1565 2878 dictum
1597 2829 1704 2878 est.

383 2937 464 2991 Tu
490 2952 646 3002 vero,
681 2934 781 3005 qui
813 2950 919 3004 per
937 2932 1167 2986 viscera
1186 2928 1611 2986 misericordias
1635 2929 1733 2984 Dei
1766 2928 1954 2983 nostri

312 3042 380 3082 eo
413 3024 700 3079 liberatus
722 3038 805 3086 es,
830 3037 895 3076 ac
918 3036 1024 3091 per
1048 3019 1292 3091 spiritus
1315 3018 1497 3073 divini
1520 3018 1766 3090 gratiam
1786 3017 1952 3072 Chri-

2072 1834 2273 1912 έδραμε
2331 1839 2467 1914 πρὸς
2520 1842 2618 1909 τὴν
2692 1843 2882 1899 ἑαυτοῦ
2936 1843 3210 1919 ἐργασίαν,
3270 1849 3412 1911 καθοὶ
3468 1870 3619 1923 φησιν
3670 1851 3694 1905 ὁ

2071 1930 2383 2005 Προφήτης·
2444 1932 2536 1983 "Ov
2593 1927 2792 2005 τρόπον
2854 1931 3103 1997 ἐπιποθεῖ
3150 1938 3184 2004 ἡ
3223 1932 3428 2014 ἔλαφος
3486 1937 3567 1992 ἐπὶ
3619 1939 3699 2000 τὰς

2069 2019 2251 2091 πηγὰς
2304 2022 2410 2072 τῶν
2472 2016 2706 2088 ὑδάτων,
2764 2018 2938 2084 οὕτως
2997 2023 3254 2079 ἐπιποθεῖ
3311 2027 3346 2095 ἡ
3400 2029 3548 2101 ψυχή
3608 2049 3699 2099 μου

2069 2107 2203 2179 πρὸς
2234 2107 2325 2160 τὸν
2359 2107 2511 2177 Θεὸν,
2550 2109 2640 2162 τὸν
2702 2108 2955 2186 ἲσχυρὸν,
3010 2111 3101 2166 τὸν
3159 2118 3339 2181 ζῶντα
3372 2118 3507 2187 (50).
3555 2118 3701 2172 Ἀπο-

2071 2190 2333 2249 δὲδεικται
2367 2196 2457 2249 οῦν
2490 2194 2548 2251 ἐκ
2600 2198 2814 2253 πάντων
2873 2200 3102 2271 τούτων,
3135 2202 3213 2265 ὡς
3274 2202 3358 2280 ἐφ’
3388 2206 3521 2271 ἡμῖν
3578 2202 3697 2259 ἐστιν

2068 2287 2103 2353 ἡ
2135 2290 2323 2352 κτῆσις
2352 2287 2451 2353 τῆς
2482 2285 2698 2360 ἀρετῆς,
2748 2289 2837 2343 καὶ
2897 2290 3062 2361 ἡμεῖς
3117 2290 3332 2362 ταύτης
3382 2291 3559 2369 κύριοι
3588 2305 3702 2357 καθ-

2069 2374 2388 2445 εστήκαμεν·
2447 2372 2553 2429 εἴτε
2611 2375 2913 2449 Θελήσομεν
2972 2378 3135 2448 αὐτῆς
3194 2381 3511 2452 ἀνθέξεσθαι
3546 2427 3559 2451 ,
3610 2380 3698 2437 εἴτε

2066 2463 2165 2530 τήν
2218 2462 2484 2537 ἁμαρτίαν
2544 2471 2853 2541 προκρῖναι.
2915 2468 2981 2524 Οἱ
3042 2469 3135 2541 μὶν
3193 2470 3293 2523 οὖν
3359 2468 3702 2535 δουλωθέντες

2068 2554 2222 2607 174
2256 2556 2321 2625 τῇ
2374 2553 2533 2624 κακίᾳ
2590 2551 3052 2619 δυσαποσπάστως
3110 2557 3287 2628 αὐτῆς
3346 2556 3703 2635 ἕχουσι,καθᾶ

2068 2636 2134 2708 δὴ
2169 2636 2463 2713 προλαϐὼν
2487 2644 2658 2699 εἶπον.

2138 2924 2212 2979 Σὺ
2248 2923 2303 2979 δὲ
2335 2927 2527 2980 λοιπὸν
2588 2925 2971 2999 ἐλευθερωθεὶς
3028 2930 3237 3001 ταύτης
3290 2929 3383 2987 διὰ
3436 2932 3703 3008 σπλάγχνα

2066 3011 2253 3075 ἐλέους
2284 3019 2417 3069 Θεοῦ
2447 3017 2609 3088 ἡμῶν
2638 3020 2769 3089 (Eii),
2799 3016 2891 3071 καὶ
2938 3018 3028 3072 τὸν
3078 3020 3323 3093 Χριστὸν
3381 3018 3705 3095 ἐνδεδυμένος

310 3120 466 3171 stum
490 3110 858 3175 induisti,fac
884 3115 941 3164 te
968 3115 1152 3163 totum
1176 3108 1249 3163 ad
1270 3107 1586 3163 Dominum
1612 3106 1953 3173 transferas,

2071 3106 2134 3176 τῇ
2164 3108 2259 3157 τοῦ
2310 3103 2451 3158 θείου
2512 3103 2825 3177 Πνεύματος
2881 3107 3086 3181 χάριτι,
3150 3108 3294 3164 ὅλον
3356 3110 3574 3164 σεαυτὸν
3623 3129 3704 3181 με·

306 3222 418 3260 nec
443 3202 665 3257 vitiosis
690 3198 1362 3269 aﬂ'ectionibusjanuam
1386 3197 1506 3251 ullo
1532 3196 1705 3250 modo
1727 3197 1957 3267 aperias

308 3309 511 3348 verum
523 3291 785 3346 animam
807 3294 967 3342 tuam
986 3287 1149 3342 suavi
1166 3287 1448 3340 virtutum
1463 3286 1642 3339 odore
1666 3302 1733 3339 ac
1759 3285 1961 3356 splen-

312 3381 455 3436 dore
476 3383 1069 3444 coornatam,sanctee
1084 3376 1386 3430 Trinitatis
1412 3374 1699 3445 templum
1724 3374 1955 3442 reddas,

314 3475 491 3540 atque
523 3467 585 3521 in
616 3466 802 3538 ipsius
834 3463 1334 3535 contemplatione
1360 3478 1565 3516 omnes
1601 3462 1814 3516 mentis
1847 3468 1959 3516 tuaa

314 3556 626 3613 facultates
640 3571 878 3625 ccupes.
909 3554 1049 3607 Nam
1075 3568 1207 3607 cum
1234 3552 1282 3605 is
1296 3551 1394 3622 qui
1412 3567 1543 3604 cum
1566 3555 1798 3605 terreno
1825 3567 1959 3623 rege

318 3646 478 3718 degit
497 3650 673 3715 atque
697 3642 1056 3712 colloquitur
1071 3640 1276 3695 beatus
1291 3640 1363 3694 ab
1386 3640 1662 3694 omnibus
1682 3638 1962 3710 praedice-

322 3742 550 3791 turnon
574 3738 663 3788 est
685 3732 930 3786 dubium
945 3729 1151 3800 quinis
1174 3730 1265 3783 cui
1289 3729 1486 3783 divino
1500 3728 1789 3783 beneﬁcio
1817 3745 1959 3784 con-

316 3825 445 3896 tigit
465 3829 530 3878 ut
548 3827 747 3877 mente
766 3821 1021 3876 cumDeo
1035 3819 1960 3890 colloquatur,consuetudinem-

312 3929 427 3984 que
442 3928 575 3966 cum
590 3927 657 3965 eo
671 3908 1061 3964 habeatomni
1075 3906 1442 3962 beatitudine
1456 3907 1955 3972 cumuletur.Quaa

309 4018 445 4056 cum
476 4001 557 4055 ita
586 3999 725 4062 sint,
751 4014 886 4052 eum
938 4012 1171 4067 semper
1203 3995 1275 4050 ob
1304 3995 1506 4049 oculos
1533 3996 1636 4049 tibi
1668 4012 1951 4066 propone,

306 4095 481 4160 atque
505 4104 639 4143 cum
663 4087 790 4158 ipso
816 4085 1177 4155 colloquere.
1214 4085 1478 4148 Quanam
1506 4088 1703 4138 autem
1726 4084 1953 4138 ratione

306 4194 441 4234 cum
456 4178 573 4231 Deo
593 4174 949 4245 colloqueris
966 4174 993 4228 ?
1010 4173 1297 4228 Nimirum
1314 4190 1419 4245 per
1439 4173 1763 4228 orationem
1789 4173 1955 4228 etob-

304 4265 697 4322 secrationem
710 4264 968 4318 adDeum
985 4262 1722 4334 appropinquansNamqui
1737 4262 1951 4317 arden-

304 4355 534 4410 tissimo
557 4351 850 4407 desiderio
870 4368 935 4406 ac
957 4356 1202 4423 purgato
1226 4358 1462 4423 pectore
1485 4356 1633 4414 orat,
1670 4357 1843 4421 atque
1877 4352 1948 4405 ab

302 4442 580 4498 omnibus
611 4440 786 4495 rebus
808 4457 877 4495 ex
896 4440 1144 4494 materia
1170 4439 1464 4493 concretis
1497 4444 1553 4493 et
1576 4438 1943 4493 terrenisab-

301 4531 707 4596 ductamente,
724 4534 1003 4599 tanquam
1023 4543 1220 4582 coram
1236 4528 1353 4581 Deo
1365 4531 1611 4594 astat,ac
1631 4543 1765 4580 cum
1779 4532 1942 4580 metu

369 4826 474 4894 (50)
505 4821 661 4878 Psal.
694 4835 818 4894 χιι,
843 4821 893 4886 1,
934 4819 995 4869 2.·

364 4890 477 4963 (51)
508 4895 643 4948 Luc.
686 4907 726 4956 ι,
759 4890 846 4943 ‘78.

364 4904 477 5034 ίξὲἔ

2068 3196 2221 3258 τάθες
2252 3193 2339 3248 ἐπὶ
2389 3195 2480 3249 τὸν
2535 3195 2758 3265 Κύριον,
2792 3198 2879 3251 καὶ
2944 3195 3213 3269 μηδόλως
3249 3195 3330 3255 ἔτι
3383 3207 3502 3262 τοῖς
3544 3202 3705 3263 πάθεσι

2069 3282 2228 3359 θύραν
2265 3282 2477 3354 ἀνοίξης
2505 3286 2638 3357 (52)·
2673 3284 2819 3339 ἀλλὰ
2859 3290 2927 3359 τῇ
2961 3283 3161 3358 εὐωδίᾳ
3225 3291 3321 3343 καὶ
3384 3289 3711 3365 λαμπρότητι

2068 3376 2175 3426 τῶν
2208 3372 2409 3447 ἀρετῶν
2461 3375 2745 3445 κοσμήσας
2800 3394 2895 3428 σου
2952 3377 3053 3445 τήν
3112 3379 3336 3452 ψυχήν,
3391 3380 3519 3433 ναὸν
3569 3376 3711 3444 αὐτήν

2070 3460 2297 3530 ποίησον
2330 3468 2427 3529 τῆς
2463 3460 2619 3535 ἁγίας
2670 3459 2904 3536 Τριάδος
2965 3466 3098 3533 (53),
3131 3468 3204 3537 τῇ
3266 3465 3479 3536 ταύτης
3540 3463 3717 3537 θεωρία

2069 3548 2239 3611 πάσας
2274 3570 2368 3603 σου
2397 3550 2494 3612 τὰς
2544 3553 2640 3603 τοῦ
2701 3551 2825 3613 νοὸς
2883 3548 3140 3624 δυνάμεις
3203 3552 3633 3629 ἀπασχολήσας.
3664 3550 3717 3609 El

2066 3638 2167 3713 γὰρ
2200 3637 2415 3712 βασιλεῖ
2443 3659 2527 3701 τις
2581 3637 2803 3715 ἐπιγείῳ
2851 3637 3151 3715 συνδιάγων
3185 3642 3282 3697 καὶ
3337 3642 3719 3716 διαλεγόμενος

2071 3728 2400 3802 μακαριστὸς
2456 3733 2583 3782 πᾶσι
2636 3725 2924 3798 δείκνυται,
2975 3729 3003 3783 ὁ
3060 3734 3178 3801 Θεῷ
3243 3730 3596 3806 διαλέγεσθαι
3642 3729 3718 3783 καὶ

2068 3822 2293 3870 συνεῖναι
2352 3821 2431 3888 τῷ
2486 3818 2574 3871 νοῒ
2632 3818 3026 3887 καταξιωθείς,
3086 3819 3275 3891 πόσης
3356 3819 3711 3876 ἀπολαύσεται

2070 3907 2509 3980 μακαριότητος;
2568 3905 2739 3962 Αὐτὸν
2796 3905 2891 3961 οὖν
2954 3906 3284 3982 ἐνοπτρίζου
3348 3910 3601 3978 πάντοτε,
3636 3907 3710 3963 καὶ

2065 3992 2212 4065 ἀύτῷ
2256 3994 2606 4068 προσομίλει.
2668 3996 2791 4054 Πῶς
2851 3992 2908 4048 δὲ
2964 3995 3423 4070 προσομιλήσεις
3483 3998 3719 4069 Θεῷ;Τῇ

2065 4079 2154 4137 διὰ
2179 4086 2491 4157 προσευχῆς
2534 4083 2623 4138 καὶ
2658 4081 2895 4153 δεήσεως
2945 4085 3081 4157 πρὸς
3130 4084 3305 4141 αὐτὸν
3358 4087 3639 4163 ἐγγύτητι.
3668 4086 3718 4140 Ὁ

2060 4172 2161 4245 γὰρ
2192 4171 2345 4243 πόθῳ
2376 4171 2693 4245 θερμοτάτῳ
2735 4172 2821 4226 καὶ
2877 4171 3074 4249 καρδίᾳ
3118 4178 3525 4252 κεκαθαρμένη
3558 4195 3719 4248 προσ-

2062 4261 2362 4334 ευχόμενος
2398 4264 2525 4331 (54),
2558 4263 2771 4315 πάντων
2820 4262 2911 4334 μὲν
2960 4267 3070 4317 τῶν
3122 4262 3345 4318 ὑλικῶν
3398 4266 3492 4320 καὶ
3527 4283 3719 4339 χαμαι-

2062 4348 2245 4418 ζήλων
2278 4348 2547 4423 μακρῦνας
2596 4351 2685 4405 τὸν
2742 4355 2889 4422 νοῦν,
2948 4351 3023 4415 ὡς
3078 4350 3324 4417 ἐνώπιος
3386 4350 3448 4409 δὲ
3509 4350 3709 4421 ἐνωπίῳ

2060 4439 2455 4511 παριστάμενος
2486 4445 2565 4512 τῷ
2604 4447 2719 4513 Θεῳ
2749 4446 2881 4513 (55),
2935 4438 3088 4517 φόϐῳ
3116 4462 3173 4495 τε
3228 4444 3326 4498 καὶ
3393 4446 3591 4519 τρόμῳ
3637 4440 3719 4498 τὰς

2060 4523 2270 4595 δεήσεις
2330 4526 2475 4600 αὐτῷ
2532 4532 2681 4587 175
2743 4549 3057 4604 προσαγων,
3119 4532 3146 4585 ὁ
3208 4537 3480 4595 τοιοῦτος
3549 4528 3721 4605 ὁμιλεῖ

510 4946 1024 5040 Ᾰοῐηᾼροξμαιν,
1057 4959 1123 5040 βξ]
1151 4971 1163 5007 :
1196 4954 1437 5040 ’:va§en
1469 4954 1587 5011 τοῖς
1617 4946 1785 5015 ἔθνεσι
1834 4954 1954 5040 ’θόρε

2071 4957 2318 5040 πίστεως.
2352 4962 2588 5040 Iljlpist.
2650 4963 2754 5040 ad_
2780 4964 2907 5018 Cor.
2969 4981 3081 5040 im,
3114 4968 3145 5019 9
3174 4981 3189 5019 :
3248 4965 3412 5040 Θύρα
3463 4967 3567 5039 γάρ
3605 4982 3707 5040 ,μοι

292 5024 495 5109 ἀνέῳγε
529 5024 761 5109 μεγάλή.
791 5025 1261 5109 Ἰξοιιὲίιιαζὶιιιιᾱε
1289 5024 1599 5109 proficere,
1635 5026 1875 5109 cum‘sit
1903 5024 2058 5109 apud
2117 5031 2335 5109 nlultos
2396 5024 2502 5109 illa
2547 5035 2887 5109 metaphora
2935 5024 3225 5109 obvija,_et
3272 5024 3488 5093 verbis.
3537 5024 3704 5092 etiam

292 5095 681 5183 sim-ilioribus
707 5095 880 5183 {vide
915 5098 1169 5152 Palairet
1198 5102 1255 5177 et
1289 5095 1562 5183 Valcke‘n.
1597 5096 1669 5151 ad
1700 5101 1826 5183 A‘ct.
1856 5116 1868 5164 ;
1901 5095 2111 5183 Rhoer:
2148 5103 2280 5183 Fer._
2310 5121 2369 5183 ρ..
2403 5106 2501 5158 153
2529 5124 2543 5170 ;
2586 5095 3028 5183 S_chelhorn.‘in
3061 5106 3224 5183 Bibl._
3251 5110 3538 5183 Theolog.
3573 5126 3620 5163 ν.
3651 5124 3701 5178 p.

290 5176 420 5261 856.¹
448 5173 645 5261 Potuit
673 5176 732 5253 et
760 5168 1254 5261 vulgaremsequi
1286 5165 1771 5261 usumﬁl‘qqq‘en’di
1798 5185 1810 5233 ;
1844 5186 1981 5224 nam
2014 5170 2154 5225 talia
2184 5165 2326 5261 puto
2358 5174 2443 5261 in,
2466 5165 2735 5232 omnium
2793 5195 2893 5233 ore
2925 5178 3108 5233 fuisse
3138 5178 3327 5245 olim,
3371 5189 3442 5236 ut
3473 5165 3531 5236 et
3562 5165 3704 5235 nunc

290 5244 764 5327 sunt.~Georg_ius
795 5238 1041 5327 Lapitha
1070 5238 1583 5327 ineditusvv,‘680‘:
1612 5239 1954 5327 ςράμξαταρ

2071 5238 2575 5327 ισπεῦαζετούτους
2636 5254 2921 5327 ξανθανειν
2976 5253 3223 5323 πρῶτοψ
3288 5238 3571 5327 Μέγιστον
3602 5250 3703 5327 φῶς

286 5315 489 5391 γὰρητῇ
517 5305 673 5391 ⁸ιξάῦχῖᾕ
693 5305 1294 5391 ᾖ-τούτωνᾷέἷπιστηιμη,
1328 5305 1431 5362 Καὶ
1463 5306 1599 5381 πρὸς
1625 5305 1900 5380 λειμῶνας
1929 5305 2183 5386 λογικοὺς
2212 5305 2486 5388 ἀνοίγνυσι
2515 5305 2612 5385 τὴν
2636 5305 2831 5391 θύραν.

362 5383 476 5453 ’53)
507 5383 664 5442 cm.
702 5385 800 5449 ΙΙΙ,
833 5399 889 5452 p.
924 5384 1047 5444 471,
1082 5398 1140 5435 n.
1164 5383 1218 5436 6.

359 5390 472 5526 £54)
504 5457 564 5523 C,
596 5450 1063 5526 προσερχόμενος.
1096 5453 1218 5507 Elec

383 5449 564 5540 54)_C,
596 5449 1063 5545 ῖτρνοσιρχξόμενο...
1096 5452 1316 5507 Electio
1349 5455 1439 5506 est
1468 5449 1665 5504 dubia.
1697 5452 1953 5507 Joannes

2071 5472 2186 5525 rys.
2221 5473 2277 5527 p.
2312 5460 2378 5511 70
2428 5460 2713 5532 Raphel.:
2774 5461 3063 5538 Ηροσὲρχῃ
3092 5464 3174 5532 τῷ
3240 5469 3371 5538 Θεῷ
3437 5457 3698 5541 βασιλείαν

289 5527 533 5601 οὐρανῶν
562 5527 795 5580 αἰτῶν...

364 5588 476 5673 (55)
506 5599 641 5656 Luc.
675 5616 715 5667 I,
752 5599 815 5653 l9
849 5612 861 5651 :
896 5588 1140 5671 Γαϐριὴλ
1173 5594 1201 5649 ὁ
1233 5590 1585 5670 παρεστηκὼς
1610 5589 1840 5647 ἐνώπιον
1874 5598 1968 5649 τοῦ
2000 5598 2152 5655 Θεοῦ,
