3994 6150
339 296 344 302 -
376 257 512 316 1047

1911 263 2281 322 ADDENDA.

3605 286 3721 344 tota

375 388 699 459 datumque
732 386 844 458 ipsi
876 387 1100 455 datum,
1129 387 1429 459 latamque
1456 388 1518 442 in
1554 404 1711 453 eum,
1736 387 1809 443 ob
1838 387 2017 442 viola-

2138 385 2358 487 ἐντολιην
2390 390 2480 445 καὶ
2534 392 2633 461 τὴν
2686 392 2889 487 ταύτης
2947 393 3271 474 παράϐασιν,
3329 403 3416 458 καὶ
3445 406 3537 475 τὴν
3566 407 3723 487 ἐπὶτῇ

376 482 501 531 tum
515 476 774 532 edictum
792 493 826 532 a
842 482 1107 532 creatore
1134 478 1490 532 sententiam
1518 478 2020 532 commemoravit.

374 567 666 636 Deinceps
694 565 853 621 bona
884 582 952 620 ea
982 566 1525 638 recensuit,quibus
1548 567 1905 638 nos,rejecto
1934 567 2022 639 ip-

374 657 500 710 sius
530 655 1075 723 mandato,nosmet
1092 655 1472 711 exclusimus.
1506 658 1636 711 Mox
1659 672 1863 712 earum
1883 674 2021 712 mo-

372 744 685 799 lestiarum
719 745 1089 801 mentionem
1121 744 1418 816 fecit,quaa
1450 750 1765 816 postquam
1796 745 1868 800 ab
1900 745 2022 800 illis

376 833 553 887 bonis
568 832 1136 897 excidimus,misere
1150 850 1259 888 nos
1290 834 1801 889 invaserunt.Tum
1825 839 2021 889 autem

372 938 447 976 ea
478 939 608 992 qua)
639 920 713 976 ad
743 921 1169 994 benignitatem
1187 927 1246 977 et
1274 939 1534 978 amorem
1558 939 1694 995 erga
1714 922 2022 978 hominum

375 1027 561 1082 genus
588 1009 968 1082 pertinebant
998 1010 1546 1082 subjunxit,nempe
1565 1026 1822 1081 quonam
1845 1009 2020 1064 modo

374 1115 644 1154 summus
675 1098 776 1153 ille
809 1098 1005 1169 opifex
1056 1098 1265 1154 salutis
1295 1104 1511 1153 nostra:
1554 1115 1757 1153 curam
1788 1114 2020 1170 gerens,

373 1188 688 1259 magistros
718 1205 785 1243 ac
831 1188 1149 1259 prophetas
1203 1188 1503 1260 Unigeniti
1547 1187 2019 1243 incarnationem

370 1276 763 1348 praedicantes
796 1276 1273 1332 miserit.Deinde
1315 1278 1493 1332 etiam
1540 1277 1726 1347 ipsius
1774 1277 2023 1331 descen-

373 1382 526 1434 sum,
547 1365 1039 1431 incarnationem,
1064 1366 1375 1432 beneﬁcia,
1404 1364 1713 1432 miracula,
1740 1365 2020 1420 tolerata-

374 1470 489 1525 que
507 1471 612 1525 pro
632 1453 802 1509 nobis
823 1453 1266 1526 ingratitudinis
1285 1454 1423 1510 vitio
1446 1453 1857 1509 laborantibus
1880 1470 2018 1524 sup-

371 1542 1535 1615 plicia,crucem,lanceam,voluntariam
1556 1548 1902 1612 mortem,ac
1916 1542 2020 1596 de-

373 1633 554 1704 nique
568 1638 830 1688 nostram
848 1633 909 1688 in
924 1633 1221 1706 integrum
1246 1633 1687 1688 restitutionem
1709 1637 1767 1687 et
1786 1648 2018 1687 revoca-

2132 472 2433 550 παραϐάσει
2489 484 2585 536 τοῦ
2642 479 2948 548 πλάσαντος
3008 485 3320 557 καταδίκην.
3379 494 3507 549 Εἶτα
3531 472 3725 570 καθεξἦὲ

2128 564 2193 658 τὰ
2224 565 2839 658 ἀγαθάλάπηριθμιῖτο,
2897 573 2969 629 ὧν
3015 576 3367 648 ἀθετήσαντες
3410 582 3505 651 τήν
3531 564 3725 658 ἐντολήν

2129 652 2351 746 ἑαυτοὺς
2409 655 2818 734 ἀπεκλείσαμεν·
2891 663 2980 718 καὶ
3055 667 3201 723 181
3291 666 3439 733 αὖθις
3488 652 3724 746 ἐμέμνητο

2126 741 2551 832 τῶνΔλυπηρῶν,
2585 748 2686 803 ὅσα
2727 750 2862 822 μετά
2905 751 3005 820 τὴν
3054 750 3274 809 ἐκείνων
3304 741 3593 832 ἀποτυχίαν
3615 741 3728 818 κατ-

2128 825 2317 925 ἑλαϐεν
2368 833 2570 925 ἀθλίως
2627 838 2796 910 ἡμᾶς.
2858 839 2979 895 Ἐπὶ
3034 840 3248 904 τούτοις
3302 844 3370 898 τά
3555 847 3724 925 φιλαν-

2128 920 2370 991 θρωπίας
2427 920 2647 998 ἐπῆγεν,
2706 926 2873 995 ὅπως,
2922 934 3022 998 τῆς
3076 929 3345 1001 ἡμετερας
3400 920 3723 1009 φροντίζωνὸ

2128 1012 2477 1087 Δημιουργὸς
2536 1015 2826 1087 σωτηρίας,
2909 1015 3270 1082 διδασκάλους
3340 1022 3607 1081 ἀπέστειλε
3650 1029 3723 1082 καὶ

2125 1098 2409 1172 προφήτας
2455 1099 2554 1169 τήν
2606 1104 2702 1156 τοῦ
2758 1104 3103 1180 Μονογενοῢς
3155 1105 3515 1181 κηρύττοντας
3542 1110 3728 1186 σάρκω-

2125 1202 2225 1238 σιν’
2258 1182 2461 1256 ἔπειτα,
2519 1188 2607 1244 καὶ
2657 1191 2758 1260 τήν
2811 1190 3016 1249 ἐκείνου
3072 1193 3328 1268 κάθοδον,
3365 1200 3461 1269 τήν
3492 1182 3728 1277 ἑνανὸρώ-

2124 1293 2309 1344 πησιν,
2355 1275 2450 1338 τὰς
2506 1276 2825 1354 εὐεργεσίας,
2898 1284 2964 1337 τὰ
3039 1283 3311 1359 Θαύματα,
3368 1289 3454 1342 καὶ
3506 1289 3569 1343 τά
3616 1275 3725 1365 ύπὶρ

2124 1362 2284 1451 ημῶν
2313 1367 2420 1418 τῶν
2452 1364 2765 1442 ἀχαρίστων
2821 1372 3139 1445 παθήματα,
3199 1374 3291 1429 τὸν
3351 1378 3588 1451 σταυρὸν,

2125 1445 2366 1524 λόγχην,
2396 1453 2485 1508 τὸν
2518 1454 2761 1511 ἑκούσιον
2818 1458 3064 1523 θάνατον’
3121 1458 3305 1533 τέλος,
3335 1464 3434 1533 τὴν
3463 1445 3730 1540 ἐπανόρθω-

2125 1558 2205 1630 σιν
2238 1540 2422 1613 ἡμῶν,
2449 1542 2547 1612 τὴν
2579 1543 2900 1619 ἀνάκλησιν,
2930 1549 3030 1617 τὴν
3088 1548 3166 1612 εἰς
3220 1552 3284 1605 τὸ
3327 1557 3538 1626 πρῶτον
3563 1553 3724 1630 ἀγαθὸν

2122 1624 2408 1683 ἐπάνοδονο
2443 1630 2577 1704 μετά
2621 1637 2809 1706 ταῦτα,
2863 1637 2965 1705 τήν
3022 1635 3394 1713 ἐκδεχομένην
3425 1638 3547 1704 τοὺς
3581 1640 3730 1714 ἀξίους

373 1723 804 1793 tionem,atque
820 1722 893 1777 ad
924 1723 1183 1794 primum
1195 1722 1420 1778 bonum
1436 1722 1715 1789 reditum;
1731 1737 1797 1776 ac
1814 1726 2022 1791 postea

2138 1720 2233 1770 τῶν
2284 1716 2526 1793 οὐρανῶν
2585 1721 2881 1795 βασιλείαν,
2936 1726 3035 1794 τὴν
3090 1726 3458 1803 ἀποκειμένην
3487 1735 3594 1793 τοῖς
3619 1730 3728 1808 φαύ-

375 1811 656 1866 οωιθτιιω
688 1811 1124 1884 regnum,quod
1152 1812 1425 1867 homines
1459 1828 1526 1867 eo
1557 1811 1767 1883 dignos
1798 1814 2020 1878 manet,

375 1901 749 1957 reconditum
764 1900 1049 1972 improbis
1063 1900 1389 1956 cruciatum
1403 1900 1597 1973 ignem
1612 1916 1921 1971 nunquam
1935 1914 2027 1954 ex-

380 1990 1144 2063 stinguendum,perpetuas
1157 1989 1450 2057 tenebras,
1470 1988 1866 2044 immortalem
1884 2005 2020 2043 ver-

380 2095 561 2146 mem,
587 2084 947 2149 caeterasque
971 2095 1178 2133 omnes
1199 2093 1423 2149 poenas,
1446 2094 1591 2148 quas
1612 2079 1651 2131 ii
1676 2077 1776 2147 qui
1797 2076 2023 2147 peccati

376 2165 657 2221 servitute
684 2183 745 2220 se
779 2167 1289 2235 constrinxerunt,
1315 2165 1427 2220 sibi
1453 2166 1596 2236 ipsis
1618 2168 2022 2236 aggesserunt.

380 2255 512 2309 Haac
531 2271 667 2309 cum
699 2254 964 2310 oratione
984 2259 1334 2325 prosecutus
1361 2258 1613 2321 esset,ac
1633 2252 1740 2307 sub
1765 2252 1944 2307 ﬁnem
1963 2252 2024 2306 in

381 2342 714 2399 doctrinam
727 2342 801 2398 ad
814 2359 1010 2398 mores
1024 2341 1468 2398 accomodatam
1491 2340 1771 2412 delapsus
1792 2340 2023 2408 fuisset,

385 2431 692 2502 multaque
732 2430 805 2487 de
836 2433 969 2486 vitae
1005 2432 1258 2503 puritate
1289 2431 1465 2485 verba
1491 2430 2024 2501 fecisset,prazsen-

378 2521 645 2592 tiumque
659 2538 859 2576 rerum
876 2521 1007 2575 vani
1018 2525 1194 2575 tatem
1210 2519 1910 2589 damnasset.eorumque
1924 2517 2023 2589 qui

379 2608 471 2663 his
486 2614 639 2664 totos
655 2626 717 2664 se
738 2609 1043 2664 adducunt
1066 2608 1367 2664 miseriam
1390 2608 1773 2681 coarguisset,
1797 2607 2023 2662 oratio-

380 2714 514 2753 nem
548 2698 787 2755 tandem
818 2699 1159 2771 precatione
1181 2698 1494 2765 conclusit,
1528 2713 1563 2752 a
1594 2699 1709 2753 Deo
1740 2698 2023 2753 nimirum

380 2788 493 2859 ipsi
508 2791 741 2843 ﬁrmam
756 2792 1069 2843 etconstan
1081 2793 1194 2842 tem
1208 2786 1546 2842 orthodoxa:
1560 2786 1698 2841 ﬁdei
1712 2787 2029 2842 confessio-

2132 1802 2252 1894 λοις
2285 1806 2534 1881 βάσανον,
2582 1809 2644 1865 τὸ
2706 1813 2782 1885 μὴ
2841 1808 3199 1889 σϐεννύμενον
3230 1802 3362 1892 πῦρ,
3391 1819 3453 1873 τὸ
3483 1820 3555 1891 μὴ
3583 1802 3728 1894 λῆγον

2133 1893 2343 1967 σκότος,
2400 1895 2494 1952 τὸν
2547 1898 2804 1963 ἀθάνατον
2859 1902 3143 1976 σκώληκα,
3206 1906 3298 1961 καὶ
3345 1906 3474 1977 ὅσην
3503 1893 3729 1978 ἄλληνοί

2131 1989 2229 2052 τῆς
2286 1984 2551 2059 ἁμαρτίας
2610 1985 2798 2044 δοῦλοι
2844 1991 3068 2047 κόλασιν
3123 1993 3343 2057 ἑαυτοῖς
3395 1994 3728 2071 ἐθησαύρισαν.

2131 2073 2312 2128 Ταῦτα
2363 2070 2648 2147 διεξελθὼν
2719 2078 2810 2133 καὶ
2868 2079 2943 2143 εἷς
3016 2083 3215 2153 ἠθικὴν
3271 2080 3606 2140 διδασκαλίαν
3653 2084 3727 2139 τὸν

2133 2157 2300 2248 λόγοι
2331 2160 2569 2233 τελέσας,
2603 2164 2789 2222 πολλά
2830 2189 2891 2223 τε
2931 2171 3052 2245 περὶ
3101 2171 3473 2247 καθαρότητος
3503 2171 3610 2248 βίου
3636 2169 3731 2226 δια-

2134 2244 2372 2322 λεχθεὶς,
2420 2252 2510 2306 καὶ
2555 2260 2654 2324 τῆν
2709 2260 2817 2311 τῶν
2870 2244 3149 2334 παρόντων
3212 2244 3567 2334 ματαιότητος
3594 2278 3727 2315 κατα-

2134 2337 2315 2413 γνοὺς,
2345 2342 2444 2410 τήν
2475 2339 2777 2415 ἀθλιότητά
2801 2366 2861 2401 τε
2907 2352 3015 2402 τῶν
3070 2349 3295 2412 τούτοις
3324 2345 3727 2423 προστετηκότων

2135 2423 2429 2504 διελέγξας,
2488 2430 2564 2494 εἷς
2634 2432 2802 2509 εὐχὴν
2875 2435 3157 2508 κατέληξε.
3221 2439 3322 2493 Καὶ
3379 2438 3723 2514 ἀπερίτρεπτον

2135 2514 2280 2588 αύτῷ
2310 2516 2666 2592 ἐπευξάμενος
2693 2522 2782 2576 καὶ
2820 2521 3016 2590 ἀκλινῆ
3061 2525 3162 2595 τήν
3211 2525 3510 2602 ὁμολογίαν
3538 2533 3627 2596 τῆς
3652 2525 3728 2599 ὀρ·

2137 2603 2362 2679 θοδόξου
2393 2608 2644 2680 πίστεως,
2696 2612 3066 2684 ἀνεπίληπτόν
3109 2636 3169 2671 τε
3214 2618 3306 2672 τὸν
3340 2615 3456 2693 βίον
3485 2616 3567 2672 καὶ
3593 2626 3728 2679 καθα-

2136 2695 2379 2771 ρωτάτην
2410 2699 2508 2767 τήν
2540 2698 2845 2772 πολιτείαν,
2878 2703 2905 2757 ὁ
2939 2704 3057 2776 μὲν,
3085 2702 3248 2767 τέλος
3279 2705 3481 2768 ἐπιθεὶς
3507 2708 3570 2779 τῇ
3599 2703 3731 2777 εὐχῇ,

2135 2785 2273 2858 πρὸς
2305 2786 2402 2855 την
2437 2786 2605 2857 ξενίαν
2632 2786 2780 2852 αὖθις
2813 2790 2999 2864 ἀπῄει.

382 2892 521 2931 nem
551 2877 845 2947 vitamque
878 2877 949 2932 ab
982 2877 1145 2931 omni
1176 2875 1660 2948 reprehensionis
1700 2881 1841 2931 nota
1885 2876 2235 2944 immunem,
2269 2892 2334 2931 ac
2364 2878 2744 2947 purissimam
2776 2882 3043 2938 muneris
3075 2884 3165 2938 sui
3199 2884 3728 2940 administrationem

385 2972 615 3039 optans.
648 2969 729 3022 Ac
758 2973 966 3039 postea
993 2966 1319 3039 precationi
1353 2966 1470 3020 ﬁne
1501 2966 1799 3038 imposito,
1827 2966 1902 3021 ad
1931 2966 2258 3038 hospitium
2286 2983 2458 3021 suum
2489 2984 2695 3024 rursus
2727 2987 2787 3026 se
2813 2973 3054 3043 recepit.

456 3057 627 3129 Regis
645 3061 842 3111 autem
862 3056 1043 3124 ﬁlius,
1063 3056 1248 3111 accito
1262 3054 1695 3126 Zardane,quid
1717 3055 1899 3110 animi
1923 3055 2023 3110 ha-
2056 3054 2100 3122 C

382 3145 549 3201 beret
568 3144 937 3217 periclitans,
960 3142 1386 3198 dixitzAudiisti
1410 3160 1540 3214 qua:
1566 3142 1710 3197 mihi
1735 3141 1935 3197 tabula
1947 3141 2026 3197 is-

391 3240 447 3290 te
479 3235 715 3303 dixerit,
747 3250 841 3288 me
873 3232 1147 3288 videlicet
1175 3233 1340 3287 inani
1372 3249 1476 3287 suo
1509 3231 1819 3287 verborum
1852 3231 2028 3286 leno-

391 3328 547 3381 cinio
578 3328 639 3380 in
668 3325 938 3381 fraudem
961 3324 1242 3380 inducere
1275 3323 1904 3395 studens,acjucunda
1920 3323 2028 3378 hac

387 3414 782 3470 oblectatione
814 3420 872 3468 et
896 3414 1234 3469 amoenitate
1266 3413 1517 3484 privare,
1550 3416 1726 3482 atque
1759 3410 1832 3467 ad
1862 3428 2028 3483 pere-

387 3502 650 3577 griniDei
664 3502 887 3558 cultum
907 3502 1241 3558 traducere?
1252 3502 1476 3556 Zardan
1491 3500 2029 3568 autem,Quidnam,

389 3592 719 3665 inquit,tibi
751 3593 944 3647 visum
977 3598 1124 3659 est,o
1156 3590 1575 3659 rex,famulum
1596 3595 1762 3645 tuum
1777 3588 2034 3644 tentare?

391 3685 775 3754 Perspectum
805 3682 965 3737 enim
997 3680 1186 3737 habeo
1202 3680 1313 3734 viri
1331 3683 1852 3750 sermonespectus
1866 3682 2033 3733 tuum

391 3773 680 3830 altissime
695 3772 1205 3844 penetrasse.Nam
1222 3770 1337 3825 nisi
1362 3769 1444 3824 ita
1465 3774 1639 3837 esset,
1666 3784 1787 3822 non
1800 3772 1916 3822 tam
1939 3766 2033 3821 lu-

392 3863 603 3918 benter
621 3878 688 3917 ac
718 3866 1002 3932 perpetuo
1034 3876 1169 3914 cum
1200 3876 1268 3914 eo
1300 3874 1603 3914 sermones
1634 3857 1932 3911 miscercs.
1967 3856 2038 3909 Et

395 3950 637 4022 quidem
686 3966 797 4004 nos
843 3948 1180 4003 istiusmodi
1212 3946 1698 4019 prmdicationem
1729 3943 2033 4015 haudqua-

395 4056 572 4112 quam
600 4039 1184 4112 ignoramus.Verum
1209 4051 1279 4090 ex
1301 4052 1415 4106 quo
1435 4039 1697 4106 tempore
1718 4039 1886 4105 pater
1905 4038 2037 4088 tuus

394 4129 824 4185 atrocissimam
856 4127 1134 4182 adversus
1157 4124 1521 4179 Christianos
1563 4122 2037 4195 persecutionem

396 4217 782 4286 excitavit,illi
797 4218 935 4272 hinc
948 4215 1175 4287 expulsi
1192 4230 1298 4270 sun
1311 4220 1532 4285 t,atque
1545 4213 1810 4284 ipsorum
1830 4211 2039 4283 prmdi-

397 4307 547 4364 catio
562 4304 1033 4370 conticuit.Quod
1049 4305 1095 4359 si
1113 4303 1216 4358 tibi
1237 4303 1448 4375 dogma
1459 4303 1570 4358 hoc
1582 4301 2041 4372 arridet,ipsius-

398 4412 512 4466 que
534 4393 811 4449 duritiem
835 4397 893 4446 et
915 4391 1177 4446 laborem
1198 4390 1395 4446 subire
1416 4396 1607 4462 potes,
1622 4389 1745 4445 faue
1760 4396 1881 4444 tum
1895 4405 2029 4444 sane

2148 4383 2310 4439 αὐτοῦ
2355 4384 2444 4439 καὶ
2492 4383 2750 4440 ἐπίπονον
2797 4381 3144 4455 ἀναδέξασθαι
3214 4385 3445 4460 ἶσχύεις,

398 4501 465 4540 ac
478 4483 617 4539 felix
633 4483 709 4538 sit
722 4481 780 4537 id
794 4481 950 4552 quod
964 4481 1160 4536 animo
1178 4485 1276 4534 tuo
1296 4479 1657 4550 insedit.Ego
1680 4482 1877 4532 autem
1896 4476 2038 4546 quid

399 4572 639 4630 tandem
659 4572 1000 4642 faciani,qui
1023 4568 1363 4641 hujusmodi
1388 4567 1666 4622 duritiem
1687 4583 1761 4621 ne
1778 4566 2038 4620 adversis

400 4661 641 4734 quidem
655 4661 841 4715 oculis
857 4660 1072 4714 intueri
1087 4674 1424 4729 possum,ac
1436 4657 1587 4727 regis
1600 4660 1759 4709 metu
1773 4655 2040 4709 animum

401 4750 705 4806 doloribus
758 4756 933 4820 atque
982 4746 1401 4803 acerbitatibus
1431 4745 1779 4800 distractum
1803 4742 1991 4798 habeo
2012 4743 2039 4798 ?

399 4841 663 4905 Quanam
674 4839 831 4910 apud
845 4853 978 4892 eum
995 4835 1369 4891 excusatione
1384 4831 1643 4904 utar,qui
1659 4832 1842 4903 ipsius
1857 4832 2038 4903 impe-

398 4929 489 4983 ria
517 4928 768 5000 neglexi,
802 4932 980 4997 atque
1010 4925 1147 4979 huic
1179 4923 1301 4976 viro
1332 4922 1403 4977 ad
1434 4926 1489 4976 te
1521 4921 1745 4976 aditum
1765 4920 2039 4993 permisi?

470 5104 624 5158 Dixit
666 5109 862 5158 autem
894 5102 964 5157 ad
994 5117 1128 5156 eum
1159 5100 1313 5176 regis
1337 5099 1531 5154 ﬁlius:
1563 5099 1850 5170 Equidem
1882 5098 2034 5153 nihil

398 5192 560 5248 aliud
589 5192 747 5263 quod
780 5191 1001 5261 ingenti
1024 5195 1137 5245 tum
1166 5205 1303 5260 erga
1323 5205 1416 5243 me
1437 5187 1862 5242 benevolentiae
1889 5187 2033 5242 satis

395 5281 620 5354 praemii
652 5282 890 5336 afferret
912 5277 1373 5350 agnoscens,hac
1393 5293 1578 5331 unum
1607 5276 1895 5332 beneﬁcio
1932 5280 2031 5331 tuo

2210 3053 2270 3109 Ὀ
2303 3050 2360 3106 δὲ
2409 3058 2508 3109 τοῦ
2570 3054 2837 3129 βασιλέως
2897 3058 3038 3126 υἱὸς,
3094 3059 3189 3116 τὸν
3246 3058 3451 3137 Ζαρδάν
3476 3054 3732 3136 προσκαλε·

2136 3142 2367 3214 σάμενος
2420 3143 2511 3197 καὶ
2567 3145 2665 3213 τὴν
2746 3144 2908 3200 αὐτοῦ
2981 3147 3276 3221 γυμνάζων
3336 3147 3584 3217 διάθεσιν,
3634 3143 3727 3220 ἔφη·

2136 3230 2405 3293 Ἤκουσας
2436 3231 2601 3286 ὁποῖά
2634 3253 2728 3306 μοι
2775 3236 2803 3289 ὁ
2842 3234 3230 3312 σπερμολόγος
3257 3238 3415 3301 οὗτος
3446 3234 3726 3310 διαλέγεται,

2136 3316 2407 3388 ἀπατῆσαί
2439 3341 2506 3392 με
2552 3327 2670 3384 ταῖς
2728 3329 2909 3386 κεναῖς
2967 3324 3131 3381 αὐτοῦ
3189 3326 3600 3401 πιθανολογίαις
3641 3339 3734 3376 πει-

2137 3408 2381 3484 ρώμενος
2434 3408 2522 3463 καὶ
2580 3409 2944 3488 ἀποστερῆσαι
2994 3421 3095 3484 τῆς
3152 3422 3390 3492 τερπνῆς
3445 3413 3627 3483 ταύτης
3663 3407 3734 3463 εὖ·

2139 3498 2409 3574 φροσύνης
2439 3498 2529 3552 καὶ
2560 3497 2938 3571 ἀπολαύσεως,
2986 3502 3075 3556 καὶ
3131 3499 3269 3577 ξένῳ
3299 3503 3577 3579 λατρεῦσαι
3603 3500 3730 3568 Θεῷς

2139 3588 2292 3645 182
2320 3592 2377 3644 Ὁ
2413 3584 2470 3642 δὲ
2496 3584 2721 3664 Ζαρδάν·
2779 3591 2841 3645 Τί
2901 3611 2986 3645 σοι
3033 3588 3237 3664 ἔδοξεν,
3287 3589 3414 3671 ἔφη,
3452 3590 3495 3645 ὦ
3522 3585 3728 3665 βασιλιῦν

2139 3676 2408 3752 πειράζειν
2445 3696 2512 3749 με
2539 3677 2630 3732 τὸν
2664 3678 2754 3732 σὸν
2806 3677 3060 3749 οἶκὲτηνς
3110 3677 3249 3737 Οἶδα
3293 3680 3429 3736 κατά
3475 3677 3621 3753 βάτὸς
3644 3672 3733 3728 εἶδ’·

2141 3762 2293 3819 δῦναί
2323 3785 2417 3819 σου
2447 3768 2515 3838 τῇ
2544 3762 2740 3840 καρδίᾳ
2792 3770 2918 3829 τοὺς
2975 3765 3175 3843 λόγους
3230 3771 3329 3824 τοῦ
3374 3764 3575 3842 ἀνδρός·
3607 3759 3728 3832 εἷμή

2140 3852 2243 3927 γὰρ
2274 3856 2437 3907 τοῦτο
2467 3853 2555 3923 ἦν,
2588 3853 2687 3908 οὐκ
2716 3854 2774 3908 ἅν
2828 3855 2975 3927 αύτῴ
3004 3852 3180 3925 ἡδέως
3207 3877 3268 3912 τε
3296 3855 3386 3911 καὶ
3413 3850 3731 3910 ἀδιαλείπτως

2142 3938 2393 4011 ὡμίλεις.
2435 3939 2541 3995 Καὶ
2595 3961 2656 4017 γε
2711 3942 2876 4014 ἡμεῖς
2938 3941 3037 3997 οὐκ
3089 3941 3390 4017 ἀγνοοῦμεν
3417 3940 3558 3997 τουτὶ
3581 3936 3635 3991 τὸ
3658 3932 3735 4001 κή-

2144 4047 2345 4103 ρυγμα·
2381 4025 2506 4083 ἀλλ’
2536 4027 2586 4102 ἐξ
2618 4029 2746 4084 ὅτου
2802 4030 2830 4084 ὀ
2882 4030 2973 4092 σὸς
3030 4031 3205 4100 πατὴν
3241 4029 3486 4106 διωγμὸν
3511 4017 3730 4106 ἄσπονδον

2141 4118 2275 4173 κατά
2328 4122 2434 4174 τῶν
2492 4120 2824 4192 Χριστιανῶν
2882 4119 3177 4196 ἐξήγειρεν,
3228 4104 3570 4192 ἀπηλάθησαν
3609 4104 3730 4196 αὐτοί

2142 4211 2248 4262 τῶν
2282 4206 2541 4278 ἐντεῦθεν,
2572 4205 2664 4262 καὶ
2720 4192 2940 4282 ἐσίγησε
2991 4192 3076 4263 τὰ.
3112 4211 3372 4284 κήρυγμα
3407 4206 3590 4263 αὐτῶν.
3618 4192 3733 4254 Είδὶ

2143 4300 2234 4350 νῦν
2265 4295 2483 4370 ἀρεστόν
2518 4317 2602 4352 σοι
2648 4297 2711 4351 τὸ
2768 4293 2946 4371 δόγμα
3000 4297 3270 4377 κατεφάνη
3319 4295 3411 4353 καὶ
3447 4295 3507 4350 τὸ
3537 4284 3729 4360 σκληρὸν

3491 4385 3730 4439 κατευθυνο

2149 4471 2265 4543 θείη
2296 4492 2391 4526 σου
2420 4471 2487 4527 τά
2516 4470 2799 4546 θελήματα
2846 4475 2956 4544 (76)
3008 4472 3085 4535 εἷς
3131 4473 3195 4528 τὸ
3250 4455 3463 4548 ἀγαθόν.
3520 4465 3642 4539 Ἐγὼ

2146 4560 2197 4614 τί
2228 4562 2466 4631 ποιήσω,
2495 4561 2633 4636 πρὸς
2683 4561 2776 4635 μὲν
2835 4561 2934 4629 τήν
2986 4560 3242 4633 τοιαύτην
3272 4559 3605 4635 σκληρότητα
3630 4541 3732 4622 μηδ’

2149 4645 2593 4725 άντοφθαλμῆσαι
2626 4646 2940 4723 δυνάμενος,
2991 4654 3071 4722 τῷ
3113 4647 3171 4704 δὲ
3200 4644 3356 4726 φόϐῳ
3382 4650 3476 4703 τοῦ
3507 4637 3729 4726 βασιλέως

2146 4741 2244 4809 τὴν
2276 4716 2460 4812 (ξιυχὴήν
2492 4716 2558 4792 γὲν
2606 4716 2816 4800 ὀδύνα-ις
2861 4716 2949 4792 καί
2996 4716 3264 4812 ἀλγηδόδι
3298 4716 3727 4812 μεριζόμενοςῖτί

2145 4826 2565 4902 ἀπολογήσομαι
2616 4827 2782 4899 αὐτῷ,
2836 4826 3057 4899 ἀμελῶς
3124 4832 3240 4888 τοῖς
3298 4826 3461 4881 αὐτοῦ
3512 4809 3729 4875 διατεθεὶς

2144 4919 2545 4994 προστάγμασι,
2603 4914 2693 4971 καί
2746 4919 2824 4988 τῷ
2879 4912 3031 4991 ἀνδρὶ
3082 4914 3261 4988 τούτῳ
3289 4920 3389 4983 τῆς
3418 4910 3546 4983 πρὸς
3573 4902 3621 4959 δὶ
3645 4916 3726 4954 πα-

2145 5007 2475 5082 ραχωρήσας
2497 5000 2708 5059 εἰσόδου
2733 5024 2747 5073 ;
3258 5087 3264 5089 Α
3476 5086 3484 5089 Α
3509 5084 3518 5089 _
3609 5078 3655 5089 ,η
3697 5071 3709 5089 ,

2213 5078 2356 5171 ίἚοη
2391 5093 2447 5150 δὲ
2489 5094 2628 5169 πρός
2679 5092 2836 5149 αὐτὸν
2891 5094 2920 5148 ὁ
2969 5097 3067 5148 τοῦ
3127 5087 3392 5169 βασιλέως
3441 5084 3565 5146 υἱός
3609 5078 3721 5171 ἘῙὼ

2145 5186 2263 5258 μὲν,
2437 5159 2657 5252 πολλῆς
2711 5203 2808 5238 σου
2849 5183 2984 5259 πρὸς
3033 5201 3100 5255 με
3127 5159 3543 5254 ἐὐγνωμοσύνης
3586 5159 3721 5259 μηδι-ἰ

2146 5244 2271 5347 μίαν
2328 5244 2506 5343 άλλην
2567 5244 2712 5342 ἀξίαν
2763 5244 3003 5345 ἀμοιζήν
3033 5244 3375 5345 ’γινώδκωλῃ
3426 5261 3607 5328 ταύτην
3652 5244 3722 5302 καὶ

471 5535 676 5609 (76)7A,
709 5551 826 5585 κατ.
862 5547 957 5609 σου
1083 5518 1411 5609 διαϐήματα·
1450 5542 1580 5597 qua:
1612 5529 1752 5609 sunt
1777 5525 1961 5609 petita
1991 5541 2029 5609 ei

2138 5522 2284 5609 almo
2311 5539 2325 5578 :
2356 5522 2561 5609 confer
2587 5526 2632 5583 t.
2661 5523 2762 5592 IIl,
2789 5538 2849 5595 p.
2881 5524 2969 5578 52.
3004 5520 3176 5578 Malui
3205 5518 3511 5576 lectionem
3539 5497 3717 5566 codiCiS

402 5592 728 5687 C,\Scilic'et
755 5619 876 5660 non
905 5599 1215 5658 videbatur
1231 5592 1611 5656 'Psalmo'rum
1641 5592 1880 5654 imitatio
1910 5596 1972 5653 in
2002 5593 2324 5653 Zardanem
2353 5592 2585 5654 cadere.
