3994 6150
320 231 462 290 1053

1497 239 1667 295 νιτΑ
1703 240 2054 297 ΒΔΒΒΔΔΜ
2089 242 2181 296 ΒΤ
2214 239 2554 298 ῙΟΔΒΔΡΗ.

3571 231 3710 289 1054

323 360 436 410 τῶν
464 359 567 411 τοῦ
589 353 802 430 κόσμου
831 356 1020 414 καλῶν
1051 360 1381 429 τηλικοῦτον
1411 359 1683 438 εὐφράνοι,
1716 362 1789 423 ὡς
1845 363 1962 425 Θεὸς

2083 366 2262 420 ﬁnem
2275 365 2488 420 faciat?
2506 368 2586 420 Ac
2603 378 2862 426 rursum,
2881 361 3181 433 quodnam
3201 364 3290 414 est
3309 359 3487 430 hujus
3499 358 3705 414 mundi

325 442 491 505 αὐτὸς
549 442 756 507 ἐκεῖνος
812 448 928 510 τοῖς
989 446 1296 521 ἀγαπήσασι
1357 449 1752 524 χαριζόμενοςς
1807 451 1970 524 οῦπερ

321 533 388 588 τὸ
419 530 632 595 κάλλος
665 534 760 607 μὲν
807 535 1029 613 ἃφατον,
1089 533 1370 591 δυναστεία
1427 535 1484 592 δὲ
1541 535 1758 612 ἄμαχος
1812 540 1900 593 καὶ
1934 540 1968 606 ἡ

332 618 462 694 δόξα
489 618 686 686 ἀίδιος·
722 623 889 699 οὗπερ
923 625 990 680 τὰ
1042 625 1234 698 ἀγαθὰ,
1286 625 1353 680 τὰ
1395 631 1510 688 τοῖς
1570 626 1734 681 αὐτοῦ
1791 626 1972 700 φίλοις

320 709 682 784 ἀποκείμενα.
767 712 982 768 πάντων
1066 718 1173 768 τῶν
1261 715 1554 790 ὁρωμένων
1638 714 1971 792 ἀσυγκρίτως

330 799 612 875 ὑπερέχει,
647 797 682 853 ἅ
710 798 994 876 ὀφθαλμὸς
1025 800 1124 857 οὐκ
1153 800 1279 874 εἶδε,
1331 804 1418 858 καὶ
1470 804 1561 864 οῦς
1609 804 1710 858 οὐκ
1749 802 1970 872 ἢκουσε,

319 887 415 943 καὶ
473 886 562 943 ἐπὶ
614 886 837 964 καρδίαν
893 890 1182 964 ἀνθρώπου
1266 889 1363 946 οὐκ
1446 887 1603 962 ἀνίϐη
1676 895 1808 965 (88)·
1895 892 1968 945 ὧν

324 975 685 1052 κληρονόμος
711 974 1114 1053 ἀναδειχθείης,
1144 982 1213 1052 τῇ
1242 983 1337 1034 τοῦ
1381 983 1515 1034 Θεοῦ
1564 978 1969 1056 φρουρούμενος

327 1067 694 1140 κραταιοτάτῃ
727 1067 895 1141 χειρί.

397 1333 544 1388 187
581 1332 641 1388 Ὀ
671 1328 726 1386 δὲ
756 1335 852 1386 τοῦ
904 1332 1174 1408 βασιλέως
1233 1335 1374 1402 υίὸς,
1429 1331 1651 1407 δάκρυσι
1705 1352 1966 1409 συγκεχυ-

327 1418 491 1492 μένος
519 1421 653 1492 (89),
683 1420 874 1489 ἠνιᾶτο
903 1422 994 1475 καὶ
1025 1420 1304 1497 ἤσχαλλε,
1337 1419 1701 1499 φιλοστόργου
1728 1421 1968 1495 ιΙΙατοὸς

321 1509 414 1564 καὶ
443 1505 773 1563 διδασκάλου
831 1509 1050 1584 ἀρίστου
1111 1509 1511 1587 ἀπολειφθῆναι
1573 1511 1650 1584 μή
1701 1509 1971 1585 ἀνεχόμε-

323 1617 437 1660 νος.
471 1595 576 1652 Καὶ
605 1597 687 1660 τίς
720 1616 835 1669 μοι,
895 1597 1081 1670 φησὶν,
1113 1594 1158 1651 ὦ
1191 1599 1385 1673 Πάτερ,
1433 1599 1532 1666 τήν
1586 1599 1684 1667 σὴν
1738 1596 1970 1670 πληρώ-

2078 452 2323 521 bonum,
2355 453 2510 524 quod
2545 457 2706 508 tanta
2735 451 2999 507 animum
3028 449 3324 519 voluptate
3373 447 3709 517 perfundat,

2077 547 2141 595 ut
2173 543 2324 596 Deus
2355 558 2416 596 se
2441 542 2634 613 ipsum
2666 541 2737 595 iis
2768 556 2802 594 a
2855 539 3070 610 quibus
3123 536 3388 608 diligitur
3435 534 3702 588 donans:

2075 631 2246 701 cujus
2277 635 2334 684 et
2379 629 2754 701 pulchritudo
2807 644 3081 682 sermone
3131 625 3290 680 omni
3335 621 3712 694 praistantior

2077 722 2185 784 est,
2219 722 2277 772 et
2305 718 2570 788 potentia
2598 716 2831 781 invicta,
2881 722 2939 769 et
2983 714 3170 784 gloria
3218 711 3604 782 sempiterna,
3652 713 3708 762 et

2075 806 2244 876 cujus
2276 805 2430 860 bona
2461 823 2528 860 ea
2558 821 2686 876 quae:
2718 805 2902 876 ipsius
2932 804 3156 858 amicos
3203 804 3466 865 manent,
3512 796 3712 852 omnia

2075 909 2205 964 quae
2243 895 2430 949 oculis
2481 897 2804 949 cernuntur
2851 889 3396 962 incomparabiliter
3447 885 3710 942 antecel-

2075 982 2240 1036 lunt:
2275 999 2405 1052 qua:
2437 982 2644 1037 oculus
2673 998 2791 1036 non
2824 980 2985 1047 vidit,
3011 994 3121 1033 nec
3152 977 3311 1032 auris
3333 975 3576 1041 audivit,
3599 990 3708 1028 nec

2075 1070 2137 1124 in
2167 1085 2269 1124 cor
2286 1070 2544 1124 hominis
2575 1069 2972 1125 ascenderunt
3000 1069 3047 1128 «Ι
3073 1065 3292 1136 Cornu)?
3323 1065 3580 1129 Quorum
3597 1061 3707 1116 uti-

2075 1173 2215 1213 nam
2247 1157 2353 1212 tibi
2384 1157 2796 1213 robustissima
2826 1157 2926 1212 Dei
2957 1171 3137 1210 manu
3170 1158 3335 1223 septo
3365 1168 3432 1206 ac
3477 1151 3706 1204 munito

2073 1246 2371 1301 hazredem
2404 1262 2533 1302 esse
2563 1246 2864 1317 contingat
2891 1244 2903 1298 l

2143 1335 2314 1406 Regis
2332 1340 2528 1390 autem
2562 1335 2720 1389 ﬁlius
2743 1333 3019 1405 lacrymis
3045 1330 3338 1403 perfusus,
3363 1326 3710 1399 angebatur,

2073 1439 2138 1478 ac
2171 1438 2402 1478 summa
2423 1423 2695 1478 molestia
2721 1421 3109 1488 afﬁciebatur,
3135 1418 3317 1488 utqui
3338 1417 3410 1472 ab
3433 1414 3712 1470 amantis-

2072 1511 2222 1565 simo
2236 1517 2399 1582 patre
2421 1528 2487 1567 ac
2518 1509 3006 1582 praestantissimo
3026 1508 3306 1579 magistro
3325 1503 3580 1574 relinqui
3597 1503 3708 1557 mi-

2071 1600 2230 1655 nime
2263 1601 2598 1656 sustineret.
2632 1602 2700 1654 Et
2739 1599 3036 1670 quisnam,
3088 1595 3415 1667 inquiebat,
3447 1609 3479 1647 ο
3512 1595 3703 1657 Pater,

325 1702 408 1736 σει
464 1682 646 1755 τάξιν,
709 1685 812 1740 ὑπὸ
863 1683 968 1738 τίνι
1030 1682 1087 1739 δὲ
1139 1683 1250 1760 ἐγὼ
1307 1683 1542 1758 τοιούτῳ
1597 1685 1816 1757 ποιμένι
1872 1684 1962 1738 καὶ

2075 1693 2203 1743 tuas
2225 1695 2420 1760 partes
2449 1688 2744 1760 explebit?
2765 1693 2865 1742 aut
2895 1703 3071 1758 quem
3096 1685 3332 1740 tandem
3366 1679 3706 1753 hujusmodi

327 1767 521 1846 ὁδηγῷ
577 1775 820 1847 ψυχικῆς
881 1771 1155 1844 σωτηρίας
1211 1776 1552 1848 γενήσομαι;
1611 1773 1662 1828 τί
1718 1777 1812 1827 τοῦ
1871 1777 1964 1827 σοῦ

330 1857 678 1932 παραμύθιον
709 1861 1012 1934 ποιήσομαι
1043 1860 1254 1930 πόθους
1285 1859 1403 1916 ἰδοὺ
1434 1862 1538 1936 γὰρ
1588 1859 1684 1934 ἐμὲ
1713 1861 1818 1916 ⁸τὸν
1863 1880 1965 1914 πο-

337 1947 501 2020 νηρὸν
549 1944 748 2003 δοῦλον
804 1947 894 2002 καὶ
953 1949 1261 2020 ἀποστάτην
1294 1954 1370 2021 τῷ
1429 1953 1546 2021 Θεῷ
1602 1950 1963 2024 προσήγαγες,

329 2036 423 2092 καὶ
456 2037 532 2102 εἷς
561 2039 681 2093 υἱοῦ
709 2039 800 2094 καὶ
857 2040 1209 2114 κληρονόμου
1262 2039 1593 2111 κατέστησας
1647 2040 1816 2110 τάξιν,
1875 2041 1963 2094 καὶ

324 2126 423 2182 τὸν
484 2125 820 2182 ἀπολωλότα
871 2128 958 2182 καὶ
1021 2126 1374 2204 όρειάλωτον,
1432 2130 1523 2183 τὸν
1576 2129 1731 2183 παντὶ
1789 2127 1964 2203 θηρίῳ

327 2212 550 2288 ἕτοιμον
588 2216 664 2277 εἷς
703 2216 892 2290 βορὰν,
924 2215 1212 2288 ἐζήτησας,
1244 2217 1333 2271 καὶ
1361 2222 1478 2279 τοῖς
1531 2215 1786 2272 ἀπλανέσι
1833 2237 1965 2271 κατ-

327 2304 518 2375 ἐμιξας
549 2307 683 2358 Θεοῦ
714 2297 1032 2378 προϐάτοιςο
1080 2305 1171 2358 καὶ
1221 2299 1422 2377 ἕδειξάς
1484 2325 1576 2377 μοι
1638 2305 1737 2373 τήν
1785 2303 1962 2360 ἐπίτο-

329 2411 432 2464 μον
462 2398 564 2462 τῆς
615 2391 874 2462 ἀληθείας
934 2390 1081 2463 ὁδὸν,
1142 2392 1410 2468 ἐξαγαγὼν
1469 2413 1534 2466 με
1587 2397 1684 2447 τοῦ
1740 2392 1962 2456 σκότους

325 2478 419 2534 καὶ
465 2486 567 2549 τῆς
625 2485 777 2544 σκιᾶς
832 2485 928 2535 τοῦ
988 2479 1237 2550 θανάτου,
1294 2481 1407 2551 καὶ,
1457 2481 1583 2542 τοὺς
1632 2478 1803 2544 πόδας
1860 2503 1964 2554 μου

333 2568 792 2644 μεταγαγὼν
827 2568 885 2624 ἐκ
929 2575 1030 2638 τῆς
1087 2568 1384 2643 ὀλισθηρᾶς
1441 2568 1532 2624 καί
1589 2569 1964 2648 θανατηφόρου

327 2657 419 2712 καὶ
452 2655 827 2728 σκολιωτάτης
855 2658 942 2712 καὶ
973 2657 1272 2730 καμπύλης
1323 2659 1569 2733 ἀτραποῦ
1616 2659 1746 2731 (91),
1801 2659 1966 2734 μεγά-

333 2743 448 2799 λων
479 2746 570 2800 καὶ
617 2745 923 2818 θαυμασίων
986 2767 1082 2819 μοι
1137 2745 1364 2820 γέγονας
1419 2746 1672 2820 πρόξενος
1729 2747 1962 2821 ἀγαθῶν,

333 2841 425 2890 καὶ
456 2836 530 2889 ὧν
563 2831 742 2899 οὐδείς
762 2835 1060 2910 ἐξαρκέσειε
1104 2835 1268 2912 λόγος
1320 2836 1383 2890 τὸ
1443 2835 1706 2912 ὑπερέχον
1766 2833 1963 2912 διηγή-

332 2933 543 2988 σασθαι.
581 2922 846 2998 Μεγάλων
875 2923 965 2979 καὶ
1015 2923 1174 2988 αὐτὸς
1235 2924 1364 2998 ὑπὲρ
1425 2923 1561 2998 ἐμοῦ
1614 2928 1709 2980 τοῦ
1769 2929 1964 3000 μικροῦ

331 3011 630 3085 μετάσχοις
659 3016 757 3066 τοῦ
787 3012 919 3067 Θεοῦ
960 3009 1201 3087 δωρεῶν’
1262 3012 1353 3068 καὶ
1400 3019 1500 3083 τῆς
1550 3012 1685 3086 ἐμῆς
1742 3013 1966 3088 εὐχαρι-

327 3097 477 3160 στίας
531 3099 806 3174 ὑστέρημα
861 3099 1152 3174 πληρώσαι
1207 3099 1426 3177 Κύριος,
1486 3101 1515 3155 ὁ
1576 3101 1738 3174 μόνος
1797 3106 1960 3156 νικῶν

325 3191 444 3241 ταῖς
472 3191 580 3241 τῶν
613 3185 830 3262 δωρεῶν
862 3187 1162 3244 ἀντιδόσεσι
1195 3188 1322 3250 τοὺς
1351 3189 1510 3244 αὐτὸν
1546 3191 1879 3265 ἀγαπῶντας.

399 3278 454 3325 '0
485 3271 542 3330 δὶ
594 3274 883 3350 Βαρλαάμ,
937 3279 1037 3342 τῆς
1098 3273 1407 3350 θρηνῳδίας
1454 3277 1611 3332 αὐτὸν
1665 3277 1960 3346 ἐκκόπτων,

329 3361 552 3424 ἀναστὰς
581 3361 661 3426 εἷς
691 3363 863 3438 εὐχὴν
886 3362 1099 3436 ἲστατο,
1129 3363 1241 3433 καὶ,
1271 3365 1350 3419 τὼ
1381 3370 1535 3439 χεῖρε
1581 3365 1657 3427 εἰς
1704 3364 1962 3440 οὐρανοὺς

329 3445 536 3523 διάρας⁶
563 3450 627 3507 ⁸0
656 3452 806 3523 Θεὸς,
839 3446 1008 3527 ἔκεγε,
1038 3453 1125 3506 καὶ
1179 3453 1364 3526 Πατήρ
1407 3455 1504 3507 τοῦ
1552 3451 1750 3528 Κυρίου
1800 3453 1960 3524 ἡμῶν

328 3538 513 3608 Ἰησοῦ
568 3537 821 3614 Χριστοῦ,
882 3539 910 3593 ὁ
961 3539 1197 3616 φωτίσας
1253 3540 1319 3592 τά
1381 3537 1507 3614 πρὶν
1587 3539 1960 3613 ἐσκοτισμένα,

330 3627 486 3684 188
515 3627 601 3680 καῖ
634 3629 733 3695 τήν
764 3629 961 3702 ὁρατήν
998 3626 1198 3698 ταύτην
1251 3627 1341 3682 καὶ
1395 3626 1620 3702 ἀόρατον
1678 3629 1844 3682 κτίσιν
1905 3628 1965 3684 ἐκ

330 3719 426 3771 τοῦ
488 3717 564 3788 μή
626 3711 781 3778 ὄντος
853 3717 1198 3791 παραγαγὼν,
1261 3717 1288 3771 ὁ
1338 3717 1400 3771 τὸ
1467 3717 1557 3771 σὸν
1645 3717 1964 3792 ἐπιστρέψας

329 3805 560 3876 πλάσμα
589 3806 700 3877 (92)
728 3804 818 3859 καὶ
863 3805 937 3878 μὴ
998 3803 1153 3866 ἐάσας
1208 3805 1354 3877 ἡμᾶς
1414 3804 1590 3859 ὀπίσω
1643 3811 1742 3875 τῆς
1793 3807 1963 3883 ἀφρο-

331 3891 498 3963 σύνης
527 3895 686 3964 ἡμῶν
723 3893 1066 3968 πορεύεσθαι,
1127 3893 1551 3968 εὐχαριποῦμέν
1604 3914 1711 3962 σοι,
1759 3895 1847 3949 καὶ
1893 3898 1962 3969 τῇ

333 3984 403 4054 σῇ
428 3979 588 4058 σοφίᾳ
612 3982 698 4036 καὶ
728 3979 950 4053 δυνάμει
1007 3985 1086 4053 τῷ
1147 3981 1324 4056 Κυρίῳ
1378 3983 1536 4054 ἡμῶν
1594 3983 1776 4052 Ἱησοῦ
1832 3985 1965 4056 Χρι-

332 4073 466 4142 στῷ,
501 4067 570 4124 δι’
601 4069 662 4124 οὗ
691 4069 938 4133 καὶτοὺς
995 4068 1193 4132 αἰῶνας
1253 4068 1530 4139 ἐποίησας,
1589 4069 1850 4133 πεσόντας
1905 4091 1966 4126 τε

331 4160 483 4231 ἡμᾶς
511 4157 821 4229 ἀνέστησας,
853 4159 942 4212 καὶ
1000 4156 1505 4232 πεπλημμεληκόσι
1556 4159 1650 4221 τάς
1703 4159 1966 4234 ἁμαρτίας

331 4243 973 4322 ἀφῆκας,’πλανηθέντας
1034 4245 1388 4322 ἐπανήγαγες,
1431 4246 1968 4322 αἰχμαλωτισθέντας

332 4333 649 4410 ἐλυτρώσω,
713 4330 1036 4406 τεθνηκότας
1117 4333 1458 4406 ἐζωποίησας
1512 4340 1592 4407 τῷ
1644 4335 1813 4409 τιμίῳ
1867 4340 1966 4391 τοῦ

335 4424 465 4478 Υἱοῦ
489 4443 586 4478 σου
623 4423 712 4478 καὶ
769 4427 1081 4496 Δεσπετικῷ
1135 4422 1344 4496 αἶ’ματι.
1401 4424 1470 4478 Σὲ
1527 4422 1616 4478 οῦν
1669 4422 1966 4479 ἐπικαλοῦ-
1999 4409 2041 4472 D

335 4531 456 4586 μαι,
483 4511 572 4566 καὶ
603 4511 694 4567 τὸν
731 4515 996 4586 μονογενῆ
1030 4532 1125 4566 σου
1155 4512 1303 4584 Υἱὸν,
1332 4511 1420 4567 καὶ
1445 4512 1508 4568 τὸ
1559 4511 1819 4588 πανάγιόν
1868 4533 1964 4567 σου

332 4603 568 4673 Πνεῦμα·
603 4595 754 4654 ἔπιδε
779 4599 866 4654 ἐπὶ
906 4601 968 4654 τὸ
1024 4597 1242 4676 λογικόν
1303 4621 1398 4656 σου
1453 4596 1722 4676 πρόϐατον
1778 4605 1961 4669 τοῦτο,

328 4689 394 4744 τὸ
423 4685 724 4764 προσελθὸν
757 4685 827 4742 δι’
868 4687 1004 4760 ἐμοῦ
1057 4692 1152 4743 τοῦ
1207 4687 1428 4759 ἀναξίου
1475 4689 1550 4751 εἷς
1608 4691 1790 4753 θυσίαν
1850 4711 1959 4760 σοι,

331 4777 424 4833 καὶ
465 4775 682 4852 ἁγίασον
740 4774 905 4832 αὐτοῦ
960 4777 1059 4846 τὴν
1112 4777 1295 4851 ψυχὴν
1347 4779 1416 4850 τῇ
1475 4780 1541 4850 σῇ
1597 4774 1816 4850 δυνάμει
1869 4778 1960 4833 καὶ

329 4866 539 4942 χάριτι·
574 4863 852 4938 ἐπίσκεψαι
899 4866 998 4934 τήν
1051 4863 1294 4938 ἄμπελον
1356 4863 1555 4935 ταύτην
1611 4866 1708 4934 τήν
1770 4886 1959 4930 φυτευ-

424 5030 510 5100 88)
539 5028 703 5084 Conf.
733 5045 790 5099 p.
824 5030 999 5100 60,_n.
1031 5031 1120 5083 47.

2071 1783 2366 1847 pastorem
2384 1794 2451 1832 ac
2463 1777 2672 1831 ducem
2687 1776 2967 1846 consequi
2992 1780 3194 1846 potero
3206 1773 3234 1827 ?
3247 1778 3306 1827 et
3326 1785 3583 1842 quonam
3606 1785 3700 1822 so-

2070 1865 2212 1920 latio
2225 1865 2583 1921 desiderium
2597 1865 2680 1920 tui
2695 1863 3070 1919 lenibo‘?Ecce
3084 1863 3240 1917 enim
3257 1877 3351 1915 me
3366 1856 3700 1929 improbum

2072 1970 2137 2008 ac
2151 1955 2434 2010 rebellem
2452 1971 2681 2010 servum
2694 1954 2767 2010 ad
2790 1955 2972 2008 Deum
2988 1950 3306 2017 adduxisti,
3321 1955 3495 2019 atque
3508 1948 3570 2000 in
3588 1945 3696 2000 ﬁlii

2072 2048 2131 2097 et
2159 2043 2410 2099 haaredis
2427 2043 2613 2099 classe
2644 2040 2968 2109 collocasti,
3000 2057 3067 2095 ac
3096 2056 3191 2094 me
3212 2037 3508 2110 perditum
3525 2039 3702 2104 atque

2071 2133 2346 2187 omnibus
2377 2132 2580 2186 bestiis
2611 2130 2871 2202 praedam
2903 2129 3234 2200 expositum
3261 2123 3612 2195 exquisiisti,
3645 2126 3704 2174 et

2069 2237 2210 2276 cum
2243 2221 2316 2275 iis
2345 2220 2448 2275 Dei
2480 2219 2685 2274 ovibus
2716 2235 2847 2290 quas
2876 2218 3124 2273 minime
3154 2215 3568 2270 aberraverant
3599 2227 3699 2265 co-

2068 2310 2284 2382 pulasti
2299 2310 2750 2380 (Luc.xv),atque
2763 2304 3266 2378 compendiariam
3278 2301 3538 2358 veritatis
3551 2299 3702 2354 viam

2069 2399 2216 2454 mihi
2248 2399 2664 2454 demonstrasti
2687 2396 2834 2467 (Psal
2881 2397 3104 2460 Lxxxv),
3129 2407 3339 2462 meque
3353 2390 3425 2445 de
3443 2388 3702 2444 tenebris

2071 2494 2130 2543 et
2158 2486 2367 2542 umbra
2387 2487 2596 2541 mortis
2625 2485 2875 2539 eduxisti
2901 2484 3079 2553 (Luca:
3102 2482 3164 2550 l),
3188 2497 3255 2536 ac
3277 2478 3460 2551 pedes
3486 2493 3648 2532 meos
3671 2492 3702 2530 e

2073 2576 2301 2632 lubrica
2313 2580 2372 2629 et
2389 2574 2636 2628 exitiosa
2647 2590 2714 2628 ac
2728 2587 2999 2643 perversa
3012 2576 3071 2623 et
3082 2584 3256 2623 curva
3272 2567 3362 2621 via
3376 2564 3674 2620 extraxisti
3685 2603 3698 2616 .

2073 2667 2275 2737 Magna
2295 2669 2354 2719 et
2371 2661 2722 2718 admiranda
2746 2660 2932 2715 mihia
2961 2666 3013 2713 te
3035 2658 3192 2712 bona
3215 2661 3344 2710 orta
3363 2658 3702 2722 sunt,atque

2072 2753 2458 2826 ejusmodi,ut
2474 2750 2830 2822 singularem
2845 2763 3048 2802 eorum
3060 2743 3527 2816 magnitudinem
3540 2740 3708 2795 nulla

2073 2843 2258 2897 oratio
2277 2839 2557 2909 consequi
2573 2836 3126 2909 possit.Magnor11m
3141 2832 3318 2904 igitur
3330 2831 3454 2901 ipse
3469 2844 3702 2900 quoque

2072 2948 2177 3002 pro
2195 2947 2290 2984 me
2306 2930 2511 3001 exiguo
2535 2925 2894 2982 homunculo
2920 2923 3106 2994 ipsius
3137 2919 3562 2975 beneﬁciorum
3584 2916 3701 2971 uti-

2073 3035 2212 3074 nam
2236 3018 2316 3073 sis
2334 3017 2626 3090 particeps
2643 3014 2655 3069 ι
2672 3020 2846 3086 atque
2861 3013 2919 3068 id
2937 3011 3095 3083 quod
3117 3026 3263 3065 mea;
3275 3008 3594 3081 gratiarum
3611 3023 3700 3063 ac-

2073 3107 2219 3162 tioni
2233 3104 2641 3176 deestexpleat
2659 3101 3069 3171 Dominus,qui
3093 3098 3256 3154 solus
3274 3096 3700 3152 beneficiorum

2070 3195 2356 3250 relatione
2376 3209 2475 3248 eos
2489 3193 2588 3264 qui
2604 3192 2788 3264 ipsius
2810 3205 3010 3246 amore
3032 3187 3260 3260 praediti
3284 3191 3422 3241 sunt
3443 3189 3700 3255 superat.

2143 3283 2408 3338 Barlaam
2439 3288 2656 3348 autem,
2680 3281 2867 3352 ipsius
2892 3276 3347 3334 lamentationes
3367 3279 3703 3345 amputans,

2073 3371 2347 3438 surrexit,
2377 3377 2552 3441 atque
2580 3369 2652 3425 ad
2683 3368 2971 3425 orandum
3003 3383 3064 3422 se
3095 3363 3474 3436 comparavit,
3502 3362 3703 3417 mani-

2070 3457 2369 3529 busquein
2397 3459 2608 3514 cmlum
2631 3456 2999 3522 sublatis,his
3022 3454 3213 3510 verbis
3234 3469 3376 3509 usus
3407 3455 3527 3506 est:
3549 3451 3702 3504 Deus

2071 3549 2314 3602 etPater
2326 3546 2556 3601 Domini
2569 3545 2752 3600 nostri
2775 3546 2800 3599 J
2808 3559 2910 3598 esu
2923 3543 3160 3610 Christi,
3175 3559 3274 3612 qui
3299 3558 3366 3596 ea
3387 3557 3516 3610 qum
3541 3538 3704 3609 prius

2073 3637 2332 3691 tenebris
2355 3635 2606 3691 obducta
2637 3640 2823 3701 erant,
2857 3634 2987 3688 luce
3017 3632 3350 3704 perfudisti,
3402 3635 3576 3698 atque
3609 3644 3703 3682 res

2073 3741 2279 3779 omnes
2301 3723 2588 3788 conditas,
2618 3728 2736 3778 tam
2764 3738 2894 3793 qum
2916 3725 3154 3792 aspectu
3173 3719 3509 3773 sentiuntur
3528 3730 3705 3786 quam

2074 3829 2204 3884 qua:
2225 3813 2298 3868 ab
2325 3811 2630 3867 oculorum
2653 3827 2831 3866 sensu
2856 3815 3096 3864 remotaa
3117 3813 3351 3875 sunt,ex
3372 3803 3558 3860 nihilo
3576 3817 3708 3874 pro-
3745 3808 3754 3815 '

2074 3900 2418 3971 duxisti,qui
2437 3900 2783 3972 ﬁgmentum
2801 3905 2963 3954 tuum
2982 3895 3318 3953 convertisti
3333 3909 3440 3949 nec
3453 3908 3559 3948 nos
3575 3895 3708 3963 post

2073 3988 2480 4061 insipientiam
2506 3994 2769 4043 nostram
2800 3987 2961 4042 abire
2985 3984 3329 4057 permisisti,
3357 3981 3574 4055 gratias
3599 3978 3704 4034 tibi

2073 4078 2322 4149 agimus,
2347 4094 2414 4133 ac
2443 4083 2558 4132 tum
2580 4077 2856 4148 potentias
2893 4081 2951 4129 et
2980 4073 3308 4144 sapientiai,
3332 4071 3444 4125 hoc
3473 4074 3563 4124 est
3592 4070 3702 4123 Do-

2074 4166 2238 4220 mino
2253 4171 2454 4220 nostro
2465 4167 2492 4220 J
2497 4182 2599 4220 esu
2617 4165 2984 4236 Christo,per
2995 4178 3170 4234 quem
3185 4161 3362 4216 etiam
3377 4158 3592 4215 smcula
3611 4157 3704 4212 fe-

2075 4253 2370 4323 cisti(Heb.
2397 4253 2457 4324 l),
2479 4269 2706 4323 nosque
2729 4252 3036 4324 prolapsos
3060 4257 3114 4306 et
3129 4252 3398 4321 jacentes
3415 4246 3705 4312 excitasti,

2077 4349 2134 4396 et
2151 4341 2634 4412 delinquentibus
2657 4348 2895 4412 peccata
2913 4339 3420 4398 remisisti.errore
3432 4339 3705 4408 vagantes

2071 4429 2382 4498 reduxisti,
2405 4430 2664 4501 captivos
2688 4429 3014 4490 redemisti,
3039 4433 3225 4484 morte
3250 4427 3569 4481 exstinctos
3602 4437 3708 4493 per

2073 4518 2201 4572 Filii
2235 4519 2317 4573 tui
2349 4535 2416 4574 ac
2447 4519 2679 4574 Domini
2714 4519 2897 4575 nostri
2920 4519 3244 4590 pretiosum
3265 4513 3614 4585 sanguinem
3632 4509 3706 4566 ad

2072 4608 2246 4662 vitam
2292 4609 2598 4664 revocasti.
2647 4609 2722 4663 Te
2761 4608 2941 4680 igitur
2968 4607 3193 4673 invoco,
3225 4609 3400 4674 atque
3431 4599 3704 4672 unigeni-

2072 4702 2196 4752 tum
2215 4697 2426 4751 Filium
2452 4701 2638 4766 tuum,
2663 4701 2720 4751 et
2742 4695 3181 4750 sanctissimum
3206 4696 3371 4746 tuum
3398 4687 3701 4759 Spiritum.

2071 4785 2316 4856 Respice
2347 4785 2409 4840 in
2440 4785 2668 4840 ratione
2696 4783 3003 4855 praeditam
3033 4782 3185 4836 hanc
3219 4794 3404 4844 ovem,
3438 4792 3568 4846 quas
3599 4790 3703 4844 per

2069 4871 2484 4944 meindignum
2514 4873 2816 4928 hominem
2839 4871 2912 4925 ad
2943 4870 3125 4925 altare
3145 4874 3307 4923 tuum
3340 4863 3584 4934 accedit,
3617 4867 3702 4919 at-

425 5095 511 5169 89)
544 5102 678 5174 Pag.
713 5095 802 5167 2—4,
838 5103 890 5167 1,
921 5095 1142 5172 δάκρυσι
1176 5095 1599 5174 συγκεχυμένοις
1629 5097 1834 5169 scripsi
1872 5115 1942 5154 οι

2075 5102 2102 5169 ί,
2161 5117 2296 5158 cum
2347 5108 2503 5159 esset
2558 5104 2620 5161 in
2679 5106 2744 5170 Α,
2807 5098 2856 5158 δ.
2919 5098 3300 5171 συνεχόμενος.
3359 5099 3446 5154 lbi
3503 5099 3707 5155 malim

328 5188 564 5243 συγκεχυ
572 5170 664 5240 μέν
673 5187 749 5230 ος.

394 5190 515 5314 iiii

505 5237 751 5333 {Luc},
784 5239 1200 5333 ἹθεὶἘξτιφᾶναι
1230 5242 1348 5333 τοῖς
1374 5237 1625 5333 ἐννὲκότει
1655 5238 1744 5292 καὶ
1777 5243 1900 5326 σκιᾷ
1929 5239 2550 5333 θαγάτουηκαθημένοις,
2603 5247 2701 5298 τοῦ
2759 5244 3071 5305 κατευθῦναι
3131 5238 3256 5302 τοὺς
3313 5237 3483 5303 πόδας
3538 5241 3698 5311 ἡμῶν

330 5309 565 5384 εἷς’ὁδὸν
588 5309 828 5384 εἰρήνης.
863 5311 1016 5384 Psal.
1047 5309 1287 5384 bxxxvn,
1321 5314 1390 5368 6:
1423 5310 1508 5366 ’Ev
1539 5314 1839 5370 σκοτεινοῖς
1867 5312 1956 5365 καὶ

2075 5317 2194 5384 σκιᾷ
2226 5309 2474 5378 θανάτου.

402 5385 510 5454 (9i)
542 5377 841 5454 Glossema
869 5381 937 5454 in
950 5385 1030 5454 7A,
1053 5377 1203 5435 ὁδοῦ.

402 5451 518 5526 (92)
546 5452 890 5532 Dracontius
919 5453 1193 5532 Hexaem,
1209 5453 1326 5532 109
1351 5467 1364 5506 :
1399 5475 1438 5532 (ε
1460 5453 1875 5532 His__Dominus
1905 5455 2140 5526 pietatis
2169 5474 2344 5532 opem
2371 5457 2694 5513 subducere
2726 5473 2848 5512 non
2867 5455 3009 5525 vult,
3033 5455 3327 5529 Projicere
3349 5470 3458 5511 nec
3475 5451 3704 5525 plasma

335 5521 509 5590 suum
541 5522 665 5580 vult
686 5522 959 5580 conditor
985 5523 1110 5581 mvi.
1144 5544 1173 5574 ››
1203 5521 1286 5580 Cf.
1319 5540 1377 5598 p.
1412 5524 1442 5578 3
1473 5529 1532 5579 et
1556 5525 1643 5580 51.
