1997 3075
190 114 259 142 1055

945 112 1127 140 ADDENDA.

1818 111 1880 138 1056

190 184 246 211 que
263 174 355 210 ipsius
371 173 502 201 animam
517 182 570 209 per
584 174 721 200 virtutem
735 182 769 200 ac
781 174 905 209 gratiam
922 175 1001 201 tuam

1065 174 1149 203 θεῖσαν
1166 170 1210 198 διὰ
1221 174 1269 198 τοῦ
1284 170 1364 208 ἁγίου
1388 181 1436 198 σου
1465 169 1634 206 Ilva-59110:,
1662 169 1711 197 καὶ
1735 168 1781 200 So:
1803 170 1878 205 αὐτὴν

189 219 353 247 sanctiﬁca.
371 218 462 245 Visita
477 218 593 245 vineam
609 218 685 245 hanc
701 217 784 252 (Psal.
800 222 923 250 Lxxxxx),
941 226 1006 252 quae

190 271 244 299 per
254 263 394 298 Spiritum
408 265 541 289 sanctum
554 264 635 289 tuum
647 262 779 297 plantata
788 264 842 295 est,
854 264 941 296 atque
953 262 1008 288 hoc

194 308 220 334 ei
234 307 281 340 da,
292 310 325 334 ut
333 306 457 341 justitiaa
468 306 594 333 fructum
605 306 689 338 ferat;
699 306 857 333 corrobora
868 314 946 338 eum,
957 313 1010 340 pa-

193 354 274 378 ctum
290 353 372 377 tuum
388 351 419 377 in
435 350 498 385 ipso
519 350 716 382 confirmans;
745 357 778 376 ac
800 358 853 385 per
873 349 943 376 boni
968 349 1009 376 tui

193 395 319 430 Spiritus
335 394 510 429 sapientiam
537 402 603 421 eum
629 402 645 421 a
665 394 774 421 diaboli
796 393 898 420 fraude
920 396 1008 428 atque

194 439 358 473 impostura
371 438 461 473 eripe.
472 439 546 465 Doce
559 446 625 465 eum
634 438 730 465 facere
740 437 919 464 voluntatem
930 440 1010 464 tuam

193 483 278 518 (Psal.
295 483 389 517 COLll),
406 485 435 509 et
449 482 591 509 auxilium
608 485 691 509 tuum
715 482 751 509 ab
777 490 810 509 eo
836 490 872 508 ne
895 482 1011 509 auferas

193 527 278 562 (Psal.
290 527 325 562 ι).
345 527 438 561 Atque
452 529 481 553 et
495 526 550 561 ipsi
566 529 595 553 et
608 526 680 553 mihi
698 534 779 553 servo
795 526 903 558 inutili,
920 525 1012 552 bono-

1061 219 1269 253 καρποφορῆσαι
1299 215 1401 252 καρπὸν
1436 213 1620 249 δικαιοσύνης·
1668 213 1813 251 ἐνίσχυσον
1839 216 1879 242 αὖ·

1061 261 1117 295 τὸν,
1135 257 1249 296 βεϐαιῶν
1268 259 1293 286 ἐν
1308 259 1440 294 αὐτῷτὴν
1473 257 1603 293 διαθήκην
1636 268 1700 292 σου,
1727 257 1772 284 καὶ
1799 258 1879 293 ἐξελοῦ

1062 304 1111 337 τῆς
1128 303 1233 338 ἀπάτης
1248 305 1296 330 τοῦ
1313 300 1453 331 διαϐόλου.
1469 304 1503 339 τῇ
1531 302 1613 338 σοφίᾳ
1638 304 1690 329 τοῦ
1717 302 1817 338 ἀγαθοῦ
1840 313 1879 330 σον

1064 347 1218 383 Ιῐνεύματος
1234 346 1338 383 δίδαξον
1353 346 1431 374 αὐτὸν
1446 349 1533 374 ποιεῖν
1559 346 1590 373 τὸ
1614 345 1732 382 Θέλημά
1756 356 1803 373 σου
1822 347 1878 383 (93),

1063 390 1171 425 καὶτήν
1190 391 1317 428 βοήθειάν
1331 401 1380 418 σου
1411 391 1449 427 μὴ
1474 390 1576 427 ἀφέλῃς
1605 390 1656 416 ἀπ’
1685 390 1782 424 αὐτοῦ,
1810 391 1878 426 ἀξιῶν

1065 436 1111 463 σὺν
1127 435 1189 471 ἐμοὶ
1213 438 1252 471 τῷ
1281 435 1384 472 ἀχρείῳ
1413 445 1460 461 σου
1490 434 1581 469 οἷκὲτη
1612 436 1672 461 τῶν
1704 432 1878 469 ἀτελευτήτων

1066 490 1113 506 σου
1130 480 1235 516 ἀγαθῶν
1264 478 1438 516 κληρονόμον
1466 478 1598 515 γενέσθαι,
1630 479 1675 505 ὅτι
1704 477 1850 515 εὖΛογητὸς
1861 480 1880 507 εί

1065 523 1110 551 καὶ
1126 522 1317 559 ὃεόοξασμένος
1332 523 1370 552 εἲς
1385 524 1448 553 τοὺς
1464 522 1572 553 αῗῶνας.
1591 523 1694 558 Ἀμήν.

193 579 299 598 norum
314 573 433 597 tuorum
450 578 514 605 quas
531 570 619 597 linem
636 570 781 603 nesciunt,
798 569 1001 597 haereditatem
1017 569 1158 603 consequi
1174 568 1318 596 beneﬁcio
1334 570 1384 595 tuo
1399 568 1560 603 contingat.
1582 568 1737 600 Quoniam
1753 567 1878 595 benedic-

193 618 242 642 tus
258 623 289 641 es
304 617 333 642 et
347 614 492 649 gloriosus
508 614 537 641 in
554 614 670 641 saecula.
688 615 781 641 Amen
795 615 875 642 (Dan.
894 614 945 648 ιιι).

229 658 372 686 Absoluta
387 661 484 686 autem
500 659 643 691 oratione,
661 667 828 693 conversus,
845 658 1010 693 ipsumjam

196 703 322 730 coalestis
331 702 425 729 Patris
432 702 526 729 ﬁlium
534 703 719 730 exosculatus
728 705 947 738 est,pacemque
954 701 1010 737 ipsi

195 755 229 774 ac
241 747 450 782 sempiternam
462 747 587 774 salutem
599 750 783 782 precatus,ex
796 746 864 773 aula
875 746 1010 780 excessit,

194 791 339 826 limusque
353 790 435 824 abiit,
451 791 558 826 gratias
570 791 628 817 Deo
639 799 738 826 agens,
751 791 835 826 cujus
847 790 944 817 favore
956 791 1012 817 iter

194 835 251 870 ipsi
267 843 301 862 ex
317 835 408 862 animi
425 835 573 862 sententia
587 839 778 863 successerat.

230 879 296 906 CAP.
313 880 397 906 XXII.
411 895 442 900 —
459 880 598 915 Josaphat
613 883 722 914 autem,
738 882 930 914 posteaquam
942 879 1013 906 exiit

196 923 340 957 Barlaam,
357 923 493 958 precibus
508 932 573 951 sese
584 924 674 957 dedit,
691 923 960 959 calentissimisque
973 923 1012 950 la-

197 968 304 1002 crymis
315 967 443 1002 profusis
459 967 494 994 ad
510 968 589 994 hunc
600 968 720 995 modum
734 968 849 995 locutus
864 970 924 995 est:
936 968 1012 994 Deus

198 1012 229 1038 in
236 1011 415 1046 adjutorium
424 1019 522 1038 meum
529 1012 786 1043 intende,Domine
794 1012 829 1038 ad
845 1011 1012 1046 adjuvandu

197 1063 244 1082 me
260 1055 368 1082 festina
383 1056 465 1089 (Psal.
481 1059 566 1085 Lx1x).
583 1056 726 1087 Quoniam
738 1056 790 1082 tibi
801 1055 959 1082 derelictus
969 1058 1013 1082 est

198 1107 309 1134 pauper
321 1107 326 1125 :
343 1099 476 1134 orphano
490 1102 522 1126 tu
538 1100 595 1126 eris
611 1099 728 1134 adjutor
742 1100 827 1134 (Psal.
840 1099 1012 1135 ix).Respice

198 1143 227 1169 in
244 1151 300 1173 me.
319 1146 347 1169 et
362 1143 501 1170 miserere
516 1144 573 1170 mei
589 1144 674 1178 (Psal.
694 1144 805 1178 Lxxxv),
831 1144 880 1179 qui
910 1152 1012 1171 omnes

196 1195 239 1214 VlS
255 1187 350 1214 salvos
366 1187 441 1219 ﬁeri,
459 1190 487 1215 et
502 1187 539 1214 ad
554 1188 735 1223 agnitionem
760 1188 891 1215 veritatis
914 1188 1012 1215 venire

197 1231 237 1266 (II
250 1232 317 1258 Tim.
335 1233 362 1262 ι).
381 1232 466 1258 Serva
481 1240 539 1265 me,
555 1240 666 1267 quaso,
692 1232 845 1267 indignum
869 1232 940 1259 licet
960 1232 1012 1259 lio-

197 1275 382 1306 munculum.
411 1279 498 1310 atque
528 1276 696 1310 corrobora,
727 1279 759 1303 ut
783 1277 813 1303 in
843 1279 1013 1303 sanctorum

196 1320 401 1347 mandatorum
416 1323 534 1347 tuorum
550 1321 597 1348 via
611 1321 771 1348 ambulem.
802 1321 945 1353 Quoniam
961 1329 1012 1357 ego

195 1364 353 1391 imbecillis
368 1372 402 1391 ac
418 1365 508 1392 miser
523 1373 599 1397 sum,
612 1373 667 1393 nec
683 1365 719 1392 iis
742 1365 863 1399 viribus,
887 1368 920 1392 ut
942 1365 1012 1392 boni

198 1408 359 1443 quidquam
374 1409 469 1436 facere
482 1409 603 1444 possim.
634 1411 674 1436 Tu
698 1418 765 1437 vero
790 1410 915 1436 salutem
940 1409 1012 1436 milii

197 1453 302 1480 afferre
318 1456 409 1488 potes,
422 1453 471 1488 qui
483 1454 593 1485 omnia,
605 1456 662 1480 tam
670 1462 735 1488 qum
747 1454 839 1481 oculis
850 1456 1013 1481 cernuntur

1099 655 1215 686 Τελέσας
1230 655 1259 683 δὲ
1274 657 1322 690 τήν
1345 656 1431 693 εὐχὴν
1461 656 1507 683 καὶ
1533 655 1726 694 ἐπιστραφεὶς,
1752 656 1878 689 κατησπά-

1065 710 1127 726 σατο
1141 701 1216 728 189
1239 700 1269 727 τὸ
1298 700 1390 727 τεκνον
1419 698 1473 734 ’ἤδη
1503 702 1550 726 τοῦ
1578 699 1748 736 ἐπουρανίου
1776 699 1878 734 Πατρός,

1065 743 1226 780 Εἲρήνηντε
1241 743 1314 779 αὐτῷ
1325 743 1502 779 ἐπευξάμενος
1528 744 1572 771 καὶ
1603 743 1746 781 σωτηρίαν
1769 742 1876 777 αἰώνιον,

1065 786 1162 822 ἐξῆλθε
1177 790 1224 815 τοῦ
1238 787 1383 822 παλατίου,
1400 788 1443 815 καὶ
1461 788 1543 825 ἀπῄει
1572 788 1683 825 χαίρων
1709 788 1755 815 καὶ
1780 787 1878 824 εὐχαρι-

1066 834 1133 858 στῶν
1148 834 1186 867 τῷ
1196 834 1311 868 Θεῷ,τῷ
1326 831 1488 859 εὐοδώσαντι
1499 833 1548 866 τὴν
1562 830 1626 859 ὁδὸν
1641 831 1727 859 αὐτοῦ
1734 831 1772 862 εἰς
1781 830 1876 869 ἀγαθόν.

1099 878 1180 904 ΚΕΦ.
1197 878 1255 904 ΚΒ“.
1272 878 1300 903 Ὁ
1328 877 1444 915 Ἰωάσαφ
1473 875 1512 912 δὲ,
1540 878 1608 913 μετὰ
1640 877 1674 904 τὸ
1702 875 1815 912 ἐξελθεῖν
1839 876 1876 902 τὸν

1065 919 1207 957 Βαρλαὰμ,
1225 920 1295 958 εὐχῇ
1312 921 1404 948 ἑαυτὸν
1430 919 1522 948 ἐδίδου
1546 921 1590 948 καὶ
1618 920 1738 958 δάκρυσι
1759 920 1876 957 θερμοτά-

1063 974 1132 997 τοις,
1147 965 1192 991 καὶ
1207 963 1308 1001 ἔλεγειν
1325 965 1355 993 Ὁ
1371 965 1447 999 Θεὸς,
1463 964 1502 995 εἷς
1515 965 1565 998 τὴν
1583 965 1718 1002 βοήθειαν
1748 975 1797 1000 μου
1818 964 1877 1000 πρό-

1065 1017 1128 1045 σχες
1146 1010 1211 1044 (94).
1229 1008 1318 1046 Κύριε,
1336 1008 1374 1039 εὶς
1387 1009 1418 1036 τὸ
1449 1009 1583 1046 βοηθῆσαί
1613 1019 1667 1045 μοι
1698 1008 1817 1042 σπεῦσον,
1841 1008 1874 1035 ὅτι

1064 1064 1106 1080 σοι
1136 1052 1374 1089 ἐγκαταλέλειπται
1404 1054 1418 1080 ὁ
1451 1054 1576 1091 πτωχὸς,
1606 1054 1724 1093 ὀρφανῷ
1767 1053 1796 1080 σὺ
1816 1054 1874 1087 ἦσθα

1066 1097 1168 1134 βοηθός
1184 1098 1251 1132 (95)·
1268 1094 1416 1134 ἐπίϐλεψον
1433 1097 1474 1124 ἐπ’
1487 1098 1535 1133 ἐμὲ
1550 1098 1595 1125 καὶ
1624 1097 1744 1132 ἐλέησόν
1766 1108 1797 1134 με
1818 1098 1871 1133 (96),

1065 1141 1079 1167 ὁ
1094 1140 1194 1171 πάντας
1209 1141 1294 1168 θέλων
1312 1145 1432 1176 σωθῆναι
1454 1142 1500 1169 καὶ
1525 1142 1563 1173 είς
1585 1141 1736 1179 ἐπίγνωσιν
1760 1141 1871 1176 ἀληθείας

1064 1184 1152 1216 ἐλθεῖν
1167 1187 1234 1222 (97),
1251 1185 1335 1212 σῶσόν
1363 1196 1395 1222 με
1421 1185 1465 1213 καὶ
1493 1185 1678 1223 ἐνίσχυσόνμε
1706 1186 1752 1213 τὸν
1780 1185 1870 1219 ἀνάξιον

1063 1231 1111 1256 τοῦ
1126 1230 1290 1265 πορευθῆναι
1304 1230 1353 1263 τὴν
1371 1228 1433 1257 ὁδὸν
1446 1231 1499 1257 τῶν
1517 1230 1597 1267 ἁγίων
1617 1241 1670 1257 σου
1696 1229 1818 1262 ἐντολῶν,
1836 1227 1869 1255 ὅτι

1064 1273 1117 1310 ἐγὼ
1145 1274 1191 1309 μὲν
1219 1274 1333 1308 ἀσθενὴς
1357 1274 1401 1301 καὶ
1429 1273 1606 1311 ταλαίπωρος
1637 1275 1684 1302 καὶ
1715 1277 1821 1308 ποιῆσαι
1846 1271 1869 1299 τι)

1064 1317 1162 1355 ἀγαθὸν
1173 1318 1227 1355 οὐχ
1240 1318 1343 1349 ἱκανός·
1360 1318 1391 1345 σὺ
1408 1317 1436 1346 δὲ
1449 1319 1544 1353 σώζειν
1562 1329 1595 1355 με
1622 1318 1750 1354 δυνατὸς,
1765 1319 1778 1345 ὁ
1800 1318 1870 1344 πάντα

1063 1362 1096 1389 τὰ
1111 1362 1194 1398 ὁρατὰ
1208 1362 1251 1389 καὶ
1267 1362 1301 1389 τὰ
1316 1362 1415 1399 ἀόρατα
1430 1366 1584 1400 συγκρατῶν
1607 1363 1657 1390 καὶ
1685 1363 1812 1399 συνέχων.
1834 1361 1868 1394 Μὴ

1065 1406 1143 1442 ἐάσῃς
1161 1416 1193 1442 με
1208 1406 1295 1433 ὀπίσω
1310 1408 1363 1433 τῶν
1385 1406 1547 1442 θελημάτων
1561 1410 1610 1441 τῆς
1638 1407 1739 1445 σαρκὸς
1757 1408 1808 1433 τῶν
1828 1415 1868 1432 πο-

1065 1452 1155 1487 νηρῶν
1172 1450 1345 1487 πορεύεσθαι·
1364 1449 1437 1478 ἀλλὰ
1451 1450 1482 1478 τὸ
1498 1452 1544 1478 σὸν
1561 1450 1672 1488 δίδαξον
1697 1453 1782 1478 ποιεῖν
1805 1449 1871 1482 θελη-

197 1504 285 1531 quam
302 1505 366 1531 quas
382 1497 462 1524 cerni
476 1501 639 1532 nequeunt,
652 1498 786 1525 contines
797 1501 884 1533 atque
896 1506 1008 1525 conser-

1069 1496 1185 1530 p.1(98),
1200 1493 1244 1521 καί
1260 1495 1427 1531 συντήρησόν
1443 1506 1477 1531 με
1497 1495 1536 1526 εἷς
1558 1507 1608 1530 την
1634 1496 1748 1523 αἰώνιόν
1771 1505 1813 1521 σου
1834 1492 1868 1519 καί

195 1548 254 1568 vas.
271 1542 310 1567 Ne
326 1549 372 1568 me
387 1543 454 1576 post
470 1541 618 1577 improbas
634 1542 731 1569 carnis
751 1550 824 1569 meae
845 1542 1010 1569 voluntates

195 1584 274 1611 abire
291 1585 354 1612 sine
367 1595 374 1618 ;
386 1593 485 1612 verum
496 1586 567 1613 doce
578 1594 624 1613 me
632 1586 727 1613 facere
739 1586 918 1614 voluntatem
931 1589 1011 1613 tuam

196 1628 278 1663 (Psal.
290 1629 384 1663 exul),
395 1629 519 1664 atquein
532 1630 743 1664 sempiternam
754 1638 786 1657 ac
797 1630 913 1657 beatam
922 1630 1010 1657 vitam

196 1680 244 1698 me
261 1680 409 1700 conserva.
428 1673 449 1700 Ο
466 1675 560 1705 Pater,
577 1676 606 1701 et
620 1674 685 1707 Fili,
706 1677 735 1701 et
754 1674 850 1701 divine
873 1675 1010 1710 Spiritus,

196 1716 468 1749 consubstantialis,
483 1725 516 1744 ac
531 1717 684 1745 divisionis
699 1726 803 1753 expers
814 1718 965 1748 Divinitas.
983 1721 1010 1745 te

194 1760 307 1793 invoco,
328 1763 355 1787 te
370 1761 462 1796 gloria
477 1761 584 1789 afficto.
601 1763 637 1789 Te
654 1762 732 1789 enim
753 1762 854 1789 laudat
867 1762 1010 1797 quidquid

194 1807 326 1832 creatum
342 1807 396 1837 est,
412 1814 445 1832 ac
459 1807 486 1833 te
501 1806 594 1842 gloria
609 1806 966 1834 afﬁciuntintellectuales
977 1815 1010 1834 ac

193 1857 315 1884 corpore
331 1852 467 1877 vacantes
482 1850 604 1877 virtutes
619 1851 649 1877 in
665 1851 783 1878 smcula.
798 1852 902 1878 Amen.

229 1893 372 1928 Deinceps
379 1893 468 1929 igitur
475 1902 563 1928 quam
571 1893 795 1929 diligentissime
808 1895 937 1930 seipsum
945 1903 1011 1922 conv

195 1938 338 1969 servabat.
351 1941 439 1973 atque
449 1939 489 1966 ita
499 1939 697 1974 comparabat,
710 1942 743 1966 ut
753 1942 782 1967 et
792 1940 899 1967 anima:
911 1942 1010 1967 etcor-

193 1982 273 2017 poris
288 1982 445 2017 puritatem
456 1983 633 2018 acquireret,
646 1986 734 2018 atque
746 1983 775 2010 in
786 1984 1011 2017 continentia,et

195 2026 388 2059 orationibus,
404 2026 727 2062 obsecrationibusque.
746 2036 798 2062 per
812 2030 907 2055 totum
915 2028 1009 2055 noctis

194 2070 372 2097 curriculum
383 2079 447 2098 sese
457 2072 693 2107 prorogantibus,
705 2072 793 2099 vitam
806 2072 1009 2100 duceretﬁam

194 2121 260 2141 cum
276 2114 449 2150 plerumque
462 2115 568 2143 diurno
580 2118 721 2151 tempore,
730 2119 791 2144 tum
801 2116 837 2143 ob
847 2125 948 2144 eorum
959 2117 1008 2152 qui

1065 1538 1197 1576 μακαρίαν
1225 1540 1308 1574 ζωήν.
1338 1541 1370 1566 Ὢ
1407 1540 1503 1576 Πάτερ,
1543 1540 1588 1567 καὶ
1628 1541 1690 1573 Υἱὲ,
1733 1539 1776 1567 καὶ
1812 1539 1866 1564 θεῖον

1063 1586 1179 1619 Πνεῦμα,
1195 1584 1212 1617 ἡ
1229 1583 1375 1619 ὁμοούσιος
1391 1584 1436 1611 καὶ
1459 1583 1610 1622 ἀδιαίρετος
1638 1585 1750 1619 Θεότης,
1776 1584 1802 1610 σὲ
1820 1582 1864 1608 ἑπι-

1062 1627 1200 1662 καλοῦμαι
1215 1627 1260 1655 καὶ
1276 1628 1304 1654 σὲ
1320 1627 1434 1662 ’δοξάζω-
1452 1629 1480 1655 σέ
1506 1628 1555 1665 γὰρ
1585 1630 1669 1665 ὑμνεῖ
1692 1632 1762 1656 πειτα
1786 1626 1865 1658 κτίσις,

1061 1671 1105 1698 καὶ
1122 1672 1151 1698 σε
1173 1670 1363 1708 δοξολογοῦσιν
1391 1673 1419 1699 αἱ
1443 1673 1534 1710 νοεραὶ
1564 1675 1618 1700 τῶν
1651 1673 1797 1710 ἀσωμάτων
1821 1670 1865 1706 (99)

1063 1714 1188 1751 δυνάμεις
1203 1715 1240 1746 εἷς
1255 1715 1318 1748 τοὺς
1333 1717 1442 1747 αἰῶνας.
1460 1718 1558 1753 Ἀμήν.

1097 1895 1206 1923 Ἐκτοτε
1235 1894 1280 1922 οὗν
1309 1896 1381 1931 πάσῃ
1412 1895 1521 1934 φυλακῇ
1547 1895 1639 1933 ἐτήρει
1668 1895 1769 1929 ἑαυτὸν,
1795 1893 1862 1920 καθα-

1062 1938 1257 1976 ρότηταῲυχῆς
1272 1949 1301 1966 τε
1315 1938 1359 1966 καὶ
1376 1940 1507 1976 σώματος
1533 1939 1620 1976 ἐαυτῷ
1642 1938 1861 1978 περιποιούμενος,

1061 1982 1202 2020 ἐγκρατείᾳ
1215 1993 1244 2010 τε
1260 1985 1350 2017 συζῶν
1366 1983 1409 2010 καὶ
1437 1987 1603 2021 προσευχαῖς
1629 1984 1785 2012 ὁλονύκτοις
1799 1979 1861 2009 190

1060 2027 1105 2053 καὶ
1134 2025 1266 2061 δεήσεσιν.
1297 2027 1417 2064 Ἡμέρας
1448 2028 1495 2063 μὲν
1529 2028 1579 2065 γὰρ
1608 2027 1743 2058 πολλάκις
1768 2033 1860 2060 περικο-

1060 2070 1205 2106 πτόμενος,
1220 2073 1253 2107 τῇ
1270 2081 1299 2098 τε
1324 2073 1378 2098 τῶν
1402 2071 1534 2099 συνόντων
1561 2071 1633 2107 αὐτῷ
1659 2069 1793 2104 συναυλίᾳ,
1817 2065 1860 2093 ἔσθ’

1060 2114 1104 2141 ὅτε
1119 2114 1164 2141 καὶ
1178 2116 1212 2151 τῇ
1228 2117 1276 2141 τοῦ
1294 2114 1429 2152 βασιλέως
1449 2116 1517 2153 πρὸς
1542 2115 1622 2143 αὐτὸν
1649 2114 1778 2150 ἐπιδημίᾳ
1798 2112 1813 2146 ἢ
1831 2119 1858 2145 ττι

194 2157 310 2185 terdum
323 2158 359 2185 ob
371 2159 446 2194 regis
457 2159 494 2186 ad
505 2168 570 2187 eum
581 2168 743 2192 accessum,
755 2164 805 2188 aut
816 2161 961 2196 quodipse
973 2161 1008 2188 ab

1065 2158 1144 2185 αὐτοῦ
1160 2158 1197 2188 εἷς
1220 2157 1319 2186 ἐκεῖνον
1351 2159 1525 2195 μετακλήσει,
1556 2161 1573 2194 ἡ
1600 2160 1645 2195 νὺξ
1675 2160 1745 2194 αὖτῷ
1766 2156 1795 2184 τά
1818 2156 1857 2201 τῆς

195 2210 229 2229 eo
239 2202 393 2234 acciretur,
404 2211 468 2230 sese
479 2204 653 2239 interrumpi
665 2204 846 2238 videret,nox
859 2205 1007 2240 ipsi,quod

194 2246 366 2280 dieideerat,
384 2247 547 2283 supplebat,
562 2251 595 2284 ut
621 2248 670 2283 qui
684 2248 714 2275 in
727 2249 862 2283 precibus
874 2251 902 2275 et
917 2249 1008 2284 lacry-

194 2290 252 2317 mis
262 2290 299 2317 ad
312 2290 474 2318 diluculum
486 2300 579 2327 usque
591 2295 691 2325 staret,
703 2301 736 2319 ac
748 2292 796 2319 Dei
809 2300 894 2327 opem
906 2292 1009 2327 implo-

192 2336 280 2361 raret.
300 2335 381 2362 Unde
397 2335 484 2362 etiam
500 2336 672 2370 prophetica
687 2335 738 2362 illa
752 2344 804 2362 vox
820 2335 851 2362 in
868 2336 931 2370 ipso
951 2336 1007 2362 im-

194 2378 331 2413 plebatur
344 2386 350 2405 :
365 2380 396 2405 In
413 2379 548 2406 noctibus
565 2379 696 2406 extollite
711 2387 817 2406 manus
842 2382 953 2407 vestras
978 2380 1007 2406 in

194 2425 304 2456 sancta,
322 2425 350 2449 et
365 2422 530 2450 benedicite
546 2423 701 2449 Dominum
719 2423 907 2458 (Psal.chui).

231 2484 283 2523 (953)
300 2485 383 2523 P_sa_l._
394 2493 477 2523 CXLII!
493 2487 539 2512 l0:
553 2482 661 2519 Δίόαξόν
677 2495 710 2520 με
723 2486 872 2523 τοξοποιεῖν
888 2486 918 2513 τὸ
931 2486 1039 2523 θέλημά
1053 2497 1135 2515 σου...
1159 2487 1190 2514 τὸ
1214 2488 1319 2523 πνεῦμά
1344 2498 1390 2514 σου
1412 2488 1443 2515 τὸ
1466 2489 1563 2523 ἀγαθὸν

231 2498 283 2519 μω)
300 2498 375 2511 Γδειι.
394 2498 477 2516 μλωι,
493 2498 539 2512 1U.
553 2498 661 2519 ιλιυαςυν
677 2498 710 2520 με
723 2498 771 2512 του
786 2498 872 2512 ποιειν
888 2498 918 2513 το
931 2498 1039 2522 υΞΛημΞ
1053 2498 1135 2515 σου...
1159 2498 1190 2514 το
1214 2498 1319 2523 πνευμα
1344 2498 1390 2514 σου
1412 2499 1443 2515 το
1466 2499 1483 2515 α

193 2517 288 2560 εὐεξία.
300 2520 364 2560 Qui.
376 2520 454 2547 hunc
470 2520 567 2560 locum
587 2524 707 2548 noverat
722 2521 836 2557 Billius,
852 2530 911 2549 non
927 2522 1040 2558 debuit,
1055 2532 1122 2551 cum
1135 2524 1336 2558 Trapezuntio,
1349 2498 1501 2560 jungere‘g

240 2555 285 2586 94)
300 2554 377 2581 Psal.
389 2563 463 2586 thx,
482 2557 505 2582 l.

240 2590 282 2617 95)
300 2589 376 2616 Psal.
392 2598 431 2623 ιχ,
448 2591 489 2618 14.

229 2624 284 2659 (96)
300 2624 377 2652 Psal.
394 2633 494 2655 Lxxxv.
512 2628 553 2654 16.

1062 2203 1165 2239 ἡμέρας
1195 2202 1350 2239 ἀνεπλήρου
1378 2204 1560 2240 ὑστερήματα,
1589 2203 1615 2230 ἐν
1640 2204 1733 2241 εὐχαῖς
1759 2200 1799 2228 καὶ
1820 2195 1856 2224 δέ’

1062 2256 1139 2283 κρυσι
1158 2247 1239 2283 μέχρι
1273 2246 1458 2285 διαφαῦματος
1483 2247 1629 2284 ἱσταμένου
1652 2246 1732 2275 αὐτοῦ
1757 2243 1796 2272 καί
1818 2241 1855 2268 τὸν

1063 2291 1126 2318 Θεὸν
1169 2290 1399 2328 ἐπικαλουμένου·
1437 2292 1494 2320 ὅθεν
1523 2292 1555 2319 τὸ
1583 2291 1748 2331 προφητικὸν
1785 2288 1854 2315 ἐκεῖνο

1064 2334 1137 2372 ῥῆμα
1156 2336 1192 2371 (l)
1213 2335 1253 2362 ἐπ’
1282 2336 1361 2363 αὐτὸν
1390 2336 1555 2374 ἐπληροῦτο.
1585 2338 1629 2366 Ἐν
1645 2330 1715 2367 νταῖς
1741 2333 1789 2367 νυξὶ
1815 2330 1853 2357 ἐπ’

1062 2379 1142 2416 ἁρατε
1156 2379 1203 2410 τὰς
1219 2382 1312 2417 χεῖρας
1336 2380 1411 2417 ὑμῶν
1439 2380 1477 2412 εἷς
1508 2381 1538 2409 τὰ
1566 2381 1639 2419 ἅγια,
1667 2380 1710 2408 καὶ
1737 2376 1852 2413 εὐλογεῖτε

1061 2424 1107 2451 τὸν
1122 2424 1232 2462 Κύριον.

1587 2487 1714 2525 ὁδηγήσει
1738 2493 1767 2520 με
1786 2481 1808 2509 έν

1504 2523 1582 2559 ξελοῦ
1596 2526 1630 2561 τῇ
1646 2522 1753 2560 σοφίᾳ...

229 2660 285 2699 (9:)
298 2660 414 2699 l__Epist.
432 2661 467 2687 ad
482 2662 560 2699 Tim.
572 2671 600 2696 ιι,
616 2663 642 2689 4.
660 2663 742 2690 Unde
759 2665 839 2690 tanta
851 2664 991 2699 Joasapho
1007 2665 1257 2692 Testamentorum
1274 2665 1379 2693 notitia
1393 2665 1475 2693 valde
1492 2665 1592 2693 miror.

229 2695 283 2730 (98)
298 2695 339 2722 Cf.
357 2704 445 2731 supra
457 2699 518 2724 not.
532 2698 576 2725 93.

227 2731 281 2767 (99)
296 2731 376 2759 Conf.
394 2739 423 2767 p.
438 2733 465 2765 5,
481 2740 510 2761 ιι.
527 2734 571 2761 24.

228 2766 266 2807 tl)
281 2767 357 2796 Psal.
375 2766 487 2804 cixvm,
501 2770 527 2797 2.
