3994 6150
271 301 416 356 1057

1441 317 1607 369 VITA
1644 317 1994 371 BARLAAM
2029 319 2122 370 ΕΤ
2156 318 2491 374 JOASAPH.

3523 344 3658 402 1058

327 425 389 482 Ὀ
421 423 478 480 δέ
506 425 719 503 Ζαρδάν
777 428 980 494 ἐκεῖνος
1035 433 1134 502 τήν
1192 433 1449 505 τοιαύτην
1509 436 1674 490 αὐτοῦ
1723 435 1874 490 αἷσθό

476 511 500 531 ἢ
692 517 706 533 \
875 519 887 533 ἱ
957 521 968 533 \
1001 519 1013 533 1
1231 520 1248 533 \
1355 523 1366 533 ι
1727 523 1737 533 ι

2088 439 2312 495 Zardan
2336 448 2531 499 autem
2555 446 2816 516 ille,cum
2844 451 3182 525 hujusmodi
3208 461 3393 533 ipsius
3410 469 3541 526 vitae
3553 490 3650 529 ra-

256 533 415 586 μενος
472 511 744 590 διαγωγὴν
801 519 890 573 καὶ
951 519 1127 591 λύπης
1185 520 1562 595 πληούμενος,
1615 523 1901 598 μερίμναις

251 622 313 656 τε
343 600 542 665 δειναῖς
585 606 685 674 τὴν
716 610 902 683 ψυχὴν
939 607 1308 683 βαλλόμενος,
1342 611 1441 666 οὐκ
1490 614 1633 688 εἶχεν
1668 612 1698 666 ὅ
1726 635 1777 667 τι
1810 612 1902 668 καὶ

253 689 488 766 δρᾶσειε’
520 694 700 758 τέλος.
757 701 826 771 τῇ
887 699 1008 770 ἀνίᾳ
1055 702 1468 772 καταπονηθεὶς,
1502 703 1577 766 εἷς
1634 704 1722 758 τὸν
1777 705 1902 758 έαυ-

249 784 350 834 τοῦ
407 779 762 855 ἀπεδήμησεν
827 786 1005 856 οἶκον,
1057 787 1350 864 ἀῤῥωστεῖν
1406 792 1898 867 προσποιούμενος,

246 868 340 930 Ὠς
388 867 464 930 εἴς
520 875 721 944 γνῶσιν
779 877 858 945 τῷ
917 873 1136 950 βασιλεῖ
1191 882 1352 934 τοῦτο
1411 878 1694 951 ἐληλύθει,
1727 878 1897 935 ἄλλον

251 957 349 1030 μὲν
418 959 532 1013 ἀντ’
584 959 747 1015 αὐτοῦ
801 966 909 1018 τῶν
970 967 1306 1022 πιστοτάτων
1372 975 1764 1042 καθυπηρετεῖν
1819 975 1900 1042 τῷ

247 1046 356 1116 υἱῷ
412 1042 800 1116 ἐξαπέστειλεν·
861 1052 1025 1116 αὐτὸς
1081 1051 1158 1123 δὲ,
1218 1062 1319 1125 τῆς
1374 1060 1471 1112 τοῦ
1519 1055 1723 1132 Ζαρδάν
1779 1057 1899 1112 ἐπι-

252 1136 596 1210 μελούμενος
631 1141 837 1214 ὑγείας,
875 1142 1055 1218 ἰατρὸν
1087 1145 1231 1216 αύτῷ
1285 1146 1487 1220 πέμπει
1521 1145 1893 1222 δοκιμώτατον

244 1225 338 1280 καὶ
371 1226 658 1303 φροντίδος
700 1231 782 1285 ’ὁτι
814 1231 1036 1298 πολλῆς
1069 1235 1213 1308 ἀξιοῖ
1241 1245 1656 1310 θεραπευθῆναι.

318 1315 378 1370 Ὁ
409 1311 466 1369 δὲ
496 1316 700 1390 ἱατρὸς,
733 1317 848 1372 ἐπεὶ
888 1319 967 1392 τῷ
1025 1321 1239 1397 βασιλεῖ
1295 1325 1451 1386 οὗτος
1500 1329 1894 1402 κεχαρισμένος

216 1404 337 1472 ἦν,
371 1403 651 1477 ἐπιμελῶς
706 1407 1058 1483 ἐπεσκέψατο,
1100 1414 1215 1482 καὶ,
1274 1413 1466 1484 ἄριστα
1523 1413 1775 1492 διαγνοὺς
1829 1420 1896 1474 τὰ

237 1493 360 1547 κατ’
390 1491 573 1563 αὐτὸν,
600 1499 678 1566 τῷ
714 1497 932 1570 βασιλεῖ
963 1501 1152 1555 θᾶττον
1213 1502 1565 1578 ἀναγγέλλει,
1596 1507 1670 1568 ὡς
1729 1507 1892 1582 Ἐγὼ,

241 1582 400 1660 φησί,
434 1582 653 1646 οὐδενὸς
709 1590 1017 1660 νοσήματος
1059 1590 1228 1646 αἶετιον
1285 1592 1336 1648 ἐν
1393 1599 1472 1667 τῷ
1505 1596 1774 1672 ἀνθρώπῳ
1805 1599 1892 1653 εύ-

240 1677 354 1743 ρεῖν
384 1670 704 1747 δεδύνημαι·
750 1671 888 1732 ἔνθεν
949 1700 1035 1734 τοι
1090 1682 1179 1736 καὶ
1239 1680 1636 1758 ὑπολαμϐάνω,
1689 1687 1894 1760 ἀθυμίᾳ

2014 528 2235 583 tionem
2258 531 2667 604 intellexisset,
2694 556 3040 615 summaque
3065 549 3202 604 inde
3221 557 3500 613 maestitia
3519 561 3616 616 afﬁ
3630 593 3649 604 -

2012 622 2663 695 ceretur,gravibusque
2687 631 2869 685 animi
2894 635 3050 690 curis
3077 648 3486 712 vexaretur,ne
3510 651 3650 719 quid

2008 704 2229 761 faceret
2270 708 2534 779 haberet,
2569 715 2640 769 ad
2675 725 3000 778 extremum
3034 742 3284 784 maerore
3312 704 3652 806 oppressus,

2011 794 2287 851 simulato
2313 800 2610 869 morbo,in
2635 822 2770 861 suas
2784 809 2940 866 aedes
2954 794 3440 885 concessit.Qu.o.d
3465 831 3527 879 ut
3551 843 3656 882 rex

2009 887 2318 955 comperit,
2347 888 2527 944 alium
2558 896 2874 962 quemdam
2907 916 2978 954 ex
3007 903 3123 971 his,
3157 924 3303 976 quos
3329 910 3649 972 fidissimos

2007 971 2281 1038 habebat,
2309 977 2488 1032 misit-
2515 982 2957 1052 quiipsiusloco
2976 991 3096 1046 filio
3122 971 3487 1056 ministraret
3516 1003 3645 1076 Ipse

2007 1065 2206 1116 autem
2228 1065 3077 1134 valetudinisZardaniscuram
3090 1065 3644 1153 gerens,celeberri-

2005 1166 2167 1205 mum
2187 1151 2256 1205 ad
2283 1170 2417 1208 eum
2450 1157 2744 1215 medicum
2773 1163 2970 1231 mittit,
2995 1183 3246 1241 eumque
3269 1180 3334 1227 ut
3351 1194 3641 1235 summam

2006 1239 2078 1292 ad
2104 1240 2290 1310 ipsius
2305 1244 2669 1301 curationem
2692 1239 3640 1338 sollicitudinem'adhibeatrogat.

2075 1328 2334 1383 Medicus
2352 1331 2548 1402 igitur,
2574 1338 2852 1405 quoniam
2869 1357 3001 1395 cum
3013 1345 3132 1416 regi
3147 1354 3376 1417 gratum
3391 1358 3449 1406 et
3472 1328 3640 1409 acce-

2005 1420 2172 1486 ptum
2195 1433 2324 1472 esse
2346 1422 2970 1492 perspiciebat,sedulo
2995 1448 3132 1488 eum
3155 1434 3641 1498 invisebat.Cum-

2007 1521 2119 1574 que
2143 1505 2328 1576 ipsius
2344 1513 2558 1564 statum
2571 1521 2842 1570 accurate
2855 1519 3437 1600 considerasset,regi
3451 1531 3645 1586 confe-

2005 1592 2140 1646 stim
2173 1594 2472 1662 indicavit,
2507 1616 2569 1653 se
2601 1601 2750 1655 nihil
2782 1605 2936 1674 quod
2988 1613 3262 1666 morbum
3294 1592 3413 1684 ipsi
3434 1633 3633 1674 accer-

2003 1687 2158 1736 seret
2179 1683 2239 1737 in
2263 1700 2328 1738 co
2357 1689 2617 1756 reperire
2648 1693 2940 1762 potuisse;
2965 1714 3032 1752 ac
3052 1701 3303 1768 proinde
3326 1704 3406 1760 ita
3433 1707 3632 1762 existi-

239 1763 472 1832 τινὶτήν
519 1768 704 1842 ψυχήν
770 1766 1061 1842 βληθέντα,
1122 1777 1314 1828 τοῦτον
1378 1775 1798 1848 μαλακισθῆναι.
1827 1780 1875 1835 Ἕ

247 1851 298 1876 δὶ
340 1854 488 1876 οηκνῖ
512 1854 545 1876 ,‘
723 1856 736 1876 Ι
905 1861 918 1876 Ί
1009 1861 1022 1876 Ι
1211 1869 1234 1876 ι..
1339 1865 1352 1876 ο
1461 1866 1471 1876 ι
1661 1869 1674 1876 -
1737 1868 1773 1876 ,ι
1834 1863 1861 1876 Δ

2001 1785 2162 1824 mare
2190 1788 2323 1826 eum
2356 1774 2552 1845 aliquo
2585 1780 2765 1834 animi
2791 1799 3038 1839 maerore
3071 1790 3347 1846 allectum
3381 1794 3441 1848 in
3479 1812 3635 1850 mor-

2000 1856 2131 1876 LM
2167 1859 2176 1867 .
2205 1875 2211 1876 ί
2491 1866 2528 1876 η
2716 1874 2721 1876 .
2853 1871 2865 1876 -
2900 1872 2907 1876 .
3072 1874 3080 1876 -

244 1851 302 1908 δὲ
339 1854 612 1928 βασιλεὺς,
645 1856 849 1912 τούτων
894 1861 1124 1924 ἀκούσας
1169 1869 1277 1918 τῶν
1327 1865 1607 1940 ῥημάτων,
1655 1863 1891 1923 ὑπέλαϐε

244 1944 454 2018 βαρέως
507 1947 656 2018 αύτῴ
709 1949 800 2003 τὸν
835 1951 950 2004 υἱὸν
986 1949 1319 2025 διατεθῆναι,
1350 1956 1439 2010 καὶ
1483 1957 1678 2013 τούτου
1725 1960 1887 2034 χάριν

239 2029 553 2102 λυπηθέντα
587 2037 746 2091 αύτὸν
782 2038 1162 2115 ύπεχωρῆσαι.
1227 2045 1426 2100 Μαθεῖν
1489 2043 1545 2100 δὲ
1571 2047 1634 2101 τὸ
1665 2053 1889 2122 πρᾶγμα

234 2120 555 2186 ἀκολούθως
612 2125 972 2200 βουλόμενος,
1007 2126 1294 2201 δεδήλωκε
1342 2138 1427 2205 τῷ
1475 2132 1699 2210 Ζαρδάν,
1733 2120 1878 2193 191

235 2211 314 2273 ὡς
359 2209 561 2286 Αὔριον
619 2215 934 2286 ἐΛεύσομαι,
996 2221 1152 2296 φησί,
1213 2223 1481 2296 θεωρῆσαί
1544 2245 1621 2294 σε,
1677 2227 1766 2278 καὶ
1818 2226 1886 2280 τά

230 2308 337 2372 τῆς
367 2300 745 2377 ἐπισυμϐἀσης
775 2328 860 2362 σοι
891 2306 1183 2384 διαγνῶναι
1215 2312 1540 2388 ἀρῥωστίας.

307 2481 369 2536 Ὁ
398 2479 604 2555 Ζαρδάν
648 2480 725 2551 δὲ,
759 2484 962 2556 ταύτης
1017 2488 1250 2551 ἀκούσας
1306 2498 1406 2561 τῆς
1459 2494 1737 2569 ἀγγελίας,
1770 2497 1882 2567 ἅμα

231 2567 383 2642 πρωΐ
435 2566 911 2646 περιϐαλλόμενος
968 2575 1132 2631 αὐτοῦ
1181 2579 1244 2632 τὸ
1301 2579 1544 2652 ἱμάτιον,
1595 2583 1880 2658 πορεύεται

227 2659 368 2731 πρὸς
397 2679 492 2712 τον
528 2660 772 2735 βασιλέα.
806 2664 908 2718 Καὶ
968 2663 1224 2720 εἷσελθὼν
1281 2669 1676 2742 προσεκύνησεν
1733 2674 1879 2745 αὐτῷ

229 2743 320 2799 ἐπὶ
376 2753 475 2816 τῆς
520 2751 731 2821 γῆς.⁹0
771 2748 829 2806 δὲ
889 2750 1168 2828 βασιλεὺς,
1224 2755 1304 2825 Τί,
1355 2759 1511 2835 φησὶ,
1565 2743 1876 2832 παρεϐιάσω

231 2834 420 2889 ἑαυτὸν
479 2839 916 2911 παραγενέσθαις
975 2841 1135 2904 αὐτὸς
1171 2843 1270 2920 γάρ
1321 2834 1524 2913 ἤθελον
1585 2846 1874 2922 ἐπισκέψα-

230 2922 355 2978 σθαί
384 2943 462 2993 σε,
494 2926 582 2979 καὶ
609 2931 735 2981 πᾶσι
790 2929 1051 3004 γνωρίσαι
1106 2933 1209 3000 τήν
1238 2933 1376 3007 πρὸς
1432 2931 1491 2990 σέ
1522 2957 1626 3008 μου
1661 2938 1869 3014 φιλίαν.

223 3014 290 3068 Ὀ
346 3010 404 3067 δὲ
455 3012 771 3091 ἀντέιίιιησεν⁸
827 3017 888 3074 Ἡ
949 3017 1080 3091 ἐμή,
1141 3020 1364 3096 βασιλεῖ’)
1397 3066 1412 3092 ,
1472 3010 1714 3088 ἀσθένεια
1768 3027 1874 3081 οὐκ

227 3098 337 3154 ἔστι
384 3106 492 3157 τῶν
546 3106 791 3174 συνήθων
853 3105 1164 3180 ἀνθρώποις
1217 3110 1581 3186 ἀῤῥωστειῶν·
1633 3112 1758 3170 ἀλλ’
1812 3116 1871 3170 ἐκ

1999 1856 2138 1911 bum
2163 1859 2462 1916 incidisse.
2489 1866 2608 1920 Rex
2629 1874 2825 1922 autem
2853 1871 2943 1925 his
2968 1874 3156 1930 verbis
3179 1879 3535 1948 auditis,hoc
3549 1901 3638 1939 ar-

1996 1942 2245 2000 bitratus
2278 1954 2366 2002 est
2400 1966 2534 2005 eum
2566 1969 2598 2006 a
2630 1955 2750 2010 ﬁlio
2781 1960 3047 2028 asperius
3078 1971 3384 2036 acceptum
3428 1969 3633 2040 fuisse,

1996 2038 2172 2103 atque
2204 2036 2311 2090 hac
2343 2037 2414 2092 de
2460 2056 2637 2096 causa
2682 2052 2964 2117 concepto
2998 2067 3245 2108 mmrore
3292 2059 3629 2115 recessisse.

1995 2121 2283 2186 Quidnam
2315 2132 2512 2182 autem
2543 2129 2603 2182 id
2651 2137 2807 2187 esset
2836 2135 3116 2209 deinceps
3163 2142 3310 2197 scire
3359 2147 3630 2216 cupiens,

1993 2209 2237 2264 Zardani
2264 2229 2324 2267 se
2346 2229 2500 2282 eum,
2525 2223 2589 2270 ut
2609 2218 2798 2273 oborti
2832 2224 3018 2278 morbi
3054 2243 3291 2284 causam
3323 2231 3618 2306 intellige-

1990 2303 2101 2364 ret,
2149 2301 2406 2356 crastino
2440 2303 2533 2358 die
2561 2304 2888 2364 invisurum
2923 2312 3292 2384 significavit.

2057 2487 2281 2542 Zardan
2304 2495 2501 2546 autem
2533 2493 2709 2565 hujus
2729 2498 3004 2567 promissi
3028 2504 3245 2558 certior
3263 2505 3471 2572 factus,
3507 2515 3621 2564 sta-

1989 2573 2093 2627 tim
2116 2580 2180 2628 ut
2200 2575 2429 2643 diluxit,
2449 2580 2813 2639 indumentis
2837 2589 3193 2658 acceptis,ad
3218 2608 3413 2660 regem
3437 2598 3620 2666 proﬁ-

1986 2661 2508 2736 ciscitur,eumque
2533 2669 2710 2722 simul
2735 2677 2911 2742 atque
2934 2674 3256 2746 ingressus,
3273 2680 3437 2735 humi
3461 2699 3624 2753 pros-

1985 2755 2171 2805 tratus
2201 2753 2482 2809 adoravit.
2517 2758 2636 2812 Rex
2663 2764 2896 2814 autem:
2923 2762 3095 2831 Quid,
3128 2765 3341 2836 inquit,
3377 2769 3481 2823 tibi
3506 2770 3621 2825 vim

1984 2839 2252 2907 attulisti,
2279 2847 2344 2896 ut
2371 2843 2445 2897 ad
2479 2860 2570 2899 me
2601 2846 2913 2904 accederes
2935 2850 2961 2904 ?
2981 2853 3122 2906 Nam
3157 2853 3280 2924 ipse
3313 2856 3385 2910 ad
3413 2862 3467 2912 te
3491 2875 3624 2928 pro-

1983 2926 2188 2995 ﬁcisci,
2213 2945 2528 3002 meumque
2548 2949 2683 3005 erga
2704 2939 2759 2989 te
2782 2951 3045 2992 amorem
3066 2941 3341 2998 omnibus
3362 2943 3622 3002 declara-

1981 3029 2043 3068 re
2069 3014 2129 3069 in
2142 3016 2338 3072 animo
2360 3019 2782 3076 habebamJlle
2805 3030 3000 3079 autem
3023 3029 3331 3098 respondit
3356 3034 3617 3088 :Morbns

1980 3119 2166 3168 meus,
2192 3122 2225 3159 0
2249 3123 2372 3173 rex,
2395 3124 2515 3162 non
2547 3126 2616 3162 ex
2639 3127 2841 3165 eorum
2873 3129 3120 3170 numero
3155 3122 3243 3170 est
3272 3119 3486 3188 quibus
3509 3122 3614 3176 ho-

227 3187 478 3264 λυπηρᾶς
527 3191 617 3246 καὶ
677 3173 1017 3269 ἐμμερίμνου
1073 3173 1410 3274 ψυχῆςυτῆς
1465 3200 1686 3276 καρδίας
1743 3201 1867 3258 ὁδυο

1987 3192 2174 3247 mines
2205 3194 2472 3250 laborare
2505 3197 2714 3259 solent,
2740 3216 2938 3256 verum
2965 3219 3032 3256 ex
3058 3205 3239 3259 animi
3263 3209 3541 3265 mmstitia
3561 3217 3619 3266 et

221 3279 495 3350 νωμένης,
558 3279 910 3354 συνωδυνήθη
969 3286 1031 3339 τὸ
1089 3290 1268 3359 σῶμα.
1313 3289 1624 3366 Ἀφροσύνη
1687 3289 1743 3346 δέ
1777 3314 1873 3366 μοι

216 3370 284 3438 ἦν
320 3367 490 3433 οὕτως
525 3367 741 3447 ἔχωντά
773 3394 839 3446 με
873 3376 948 3447 μή
994 3372 1266 3440 δουΛικῶς
1294 3379 1432 3452 πρὸς
1458 3381 1521 3434 τὸ
1554 3382 1642 3436 σὸν
1697 3403 1872 3458 παρα-

218 3458 464 3532 γενέσθαι
523 3461 744 3533 κράτος,
803 3461 948 3517 ἀλλά
997 3465 1096 3533 τήν
1131 3467 1227 3533 σήν
1293 3465 1570 3540 βασιλείαν
1629 3476 1873 3544 προσμέ-

219 3566 330 3601 νειν
362 3544 466 3610 ἓως
500 3547 635 3620 ἐμοῦ
665 3553 760 3604 τοῦ
812 3549 1024 3606 οἰκέτου
1085 3554 1370 3623 σκυλῆναι.
1428 3558 1538 3612 Τοῦ
1601 3560 1868 3634 βασιλέως

223 3636 316 3690 οὗν
375 3639 780 3710 πυνθανομένου
837 3639 918 3702 τίς
1039 3649 1137 3710 τῆς
1191 3643 1424 3716 ἀθυμίας
1479 3645 1642 3701 αύτοῦ
1699 3648 1866 3720 αἰτία,

223 3718 519 3778 ὑπολαϐὼν
550 3725 578 3778 ὁ
610 3723 836 3798 Ζαρδάν,
887 3729 1064 3803 Μέγας
1115 3729 1236 3803 ἐμοὶ
1295 3729 1559 3804 κίνδυνος,
1614 3731 1736 3812 ἔφη·
1779 3738 1868 3792 καὶ

223 3809 479 3886 μεγάλων
523 3811 629 3888 ἐγὼ
684 3821 966 3889 τιμωριῶν
999 3817 1171 3891 ἄξιος,
1229 3817 1454 3874 πολλῶν
1519 3820 1575 3876 δέ
1627 3809 1864 3887 θανάτων

216 3895 416 3976 ἔνοχος
469 3903 794 3973 καθέστηκα,
827 3903 910 3960 ὅτι
971 3911 1065 3961 σοῦ
1119 3912 1236 3970 τοῖς
1267 3911 1668 3984 προστάγμαςιν
1728 3915 1865 3987 ἀμε-

215 3987 334 4050 λῶς
367 3986 631 4054 διατεθεὶς
689 3991 841 4055 ἀνίας
873 4015 956 4049 σοι
1015 3993 1234 4065 πολλῆς
1267 3996 1391 4052 ὅσον
1424 3996 1638 4054 οὐδέπω
1669 3986 1863 4077 πρόξε-

211 4099 313 4140 νος
338 4079 552 4154 γέγονα.

277 4343 444 4408 Αὖθις
478 4343 533 4401 δὲ
564 4348 592 4402 ὁ
627 4346 902 4422 βασιλεὺς,
939 4351 1037 4405 Καὶ
1095 4352 1212 4407 τίνα
1275 4353 1336 4408 σὺ
1399 4355 1655 4428 ἀμέλειαν
1713 4357 1856 4432 ἡμέ-

207 4430 429 4503 ληκας;
473 4433 660 4511 ἤρετο·
722 4436 775 4492 τί
810 4435 868 4492 δὲ
896 4439 958 4493 τὸ
989 4442 1244 4516 περιέχον
1309 4464 1366 4498 σε
1423 4441 1543 4508 δέος
1579 4466 1592 4516 ;
1645 4430 1856 4522 Ἐν-τῇ

1979 3283 2271 3339 anxietate
2294 3285 2468 3340 corde
2487 3286 2547 3340 in
2571 3287 2834 3343 dolorem
2859 3291 3130 3363 prolapso
3154 3311 3364 3366 corpus
3383 3315 3617 3369 quoque

1978 3371 2295 3427 condoluit.
2327 3375 2615 3430 Amentiae
2640 3393 2813 3447 porro
2839 3379 2984 3433 mihi
3008 3379 3341 3438 ducendum
3365 3393 3540 3455 esset,
3568 3389 3616 3443 si

1977 3476 2108 3514 cum
2129 3461 2210 3516 ita
2235 3478 2326 3516 me
2351 3463 2652 3532 haberem,
2683 3483 2800 3521 non
2823 3473 2887 3521 ut
2907 3485 3138 3524 servum
3156 3471 3423 3542 decet,ad
3442 3482 3498 3531 te
3521 3493 3614 3532 ac-

1976 3549 2247 3604 cederem
2272 3568 2286 3616 ;
2311 3568 2512 3606 verum
2530 3558 2594 3607 ut
2617 3554 2773 3625 regia
2791 3561 2889 3610 tua
2910 3558 3190 3628 majestas
3210 3561 3282 3615 ad
3307 3578 3401 3617 me
3423 3563 3610 3620 famu-

1974 3635 2093 3691 lum
2109 3639 2351 3694 veniens
2365 3657 2492 3695 sese
2505 3641 2792 3713 fatigaret,
2803 3652 3221 3715 exspectarem.
3250 3651 3581 3707 Percontan
3597 3683 3612 3693 -

1974 3729 2029 3780 te
2044 3733 2238 3781 autem
2255 3745 2387 3783 reee
2402 3729 2687 3799 quidnam
2702 3747 2837 3785 eum
2862 3732 2924 3786 in
2951 3734 3107 3789 hunc
3133 3753 3444 3792 maerorem
3469 3757 3581 3795 con
3599 3769 3614 3782 -

1963 3814 3610 3897 jecisset,respondensZardanzMagnum.inquit.pericu-

1971 3902 2093 3958 lum
2118 3905 2262 3958 mihi
2286 3905 2610 3976 impendet,
2629 3910 2976 3980 magnisque
3004 3913 3308 3984 suppliciis
3326 3930 3392 3970 ac
3407 3915 3609 3971 multis

1969 3993 2176 4047 mortis
2189 3994 2506 4065 generibus
2520 3995 2762 4068 dignum
2774 4014 2869 4053 me
2883 4003 3442 4072 agnosco,quoniam
3455 4022 3610 4076 prai-

1968 4081 2153 4152 ceptis
2196 4083 2311 4136 tuis
2360 4083 2727 4156 negligenter
2756 4087 3136 4158 obsequendo
3167 4090 3464 4162 ingentem
3497 4093 3603 4148 tibi

1957 4169 2085 4240 jam
2106 4170 2354 4242 jamque
2387 4189 2700 4228 maerorem
2731 4177 3030 4230 accersivi.

2034 4351 2289 4404 Rursum
2311 4352 2509 4404 autem
2529 4365 2599 4404 ex
2622 4367 2690 4405 eo
2713 4358 3014 4422 quaarente
3037 4370 3173 4424 rege
3196 4373 3470 4427 quaenam
3492 4360 3602 4415 hu-

1955 4436 2220 4508 jusmodi
2243 4437 2600 4509 negligentia
2623 4441 2867 4506 esset,in
2889 4443 3603 4518 quamincidisset,quod-

204 4522 332 4598 περὶ
362 4523 455 4578 τὸν
487 4523 672 4598 κύριόν
705 4547 810 4599 μου
839 4527 930 4582 τὸν
974 4529 1089 4584 υἱὸν
1151 4552 1246 4586 σου
1303 4529 1549 4607 ἀκριϐείᾳ
1574 4537 1853 4608 ἡμέληκα,

1987 4541 2078 4596 [ue
2091 4524 2419 4595 periculum
2437 4525 2586 4580 illud
2608 4527 2669 4582 in
2692 4545 2806 4599 quo
2830 4534 3195 4587 versatur:In
3218 4535 3484 4592 custodia
3506 4537 3607 4593 do-

207 4608 338 4690 ἔφη.
397 4616 643 4689 Πονηρὸς
701 4617 804 4692 γὰρ
862 4616 1146 4694 ἄνθρωπος
1200 4621 1287 4676 καὶ
1319 4622 1452 4696 γόης
1485 4624 1656 4679 ἐλθὼν
1717 4627 1858 4698 ὡμί-

208 4712 379 4771 Αησεν
410 4701 556 4775 αὐτῷ
585 4703 651 4758 τά
677 4710 778 4774 τῆς
834 4706 1120 4781 θρησκείας
1173 4713 1281 4763 τῶν
1336 4715 1694 4784 Χριστιανῶν.
1728 4716 1856 4770 Εἶτα

207 4785 484 4863 διηγεῖται
515 4793 650 4846 κατά
685 4794 849 4868 μέρος
907 4800 983 4867 τῷ
1033 4794 1251 4870 βασιλεῖ
1277 4799 1343 4852 τὰ
1373 4798 1682 4870 λαληθέντα
1711 4805 1856 4878 ποιρά

201 4881 307 4934 τοῦ
361 4880 615 4954 γέροντος
652 4883 789 4958 πρὸς
845 4883 936 4938 τὸν
999 4885 1113 4939 υἱὸν
1173 4886 1362 4951 αὐτοῦ,
1402 4889 1491 4941 καὶ
1544 4892 1662 4960 μεθ’
1721 4890 1852 4961 ὅσης

200 4964 406 5036 ἡδονῆς
437 4966 640 5032 ἐκεῖνος
673 4972 762 5026 τὸν
793 4971 960 5047 λόγον
1010 4971 1244 5044 ἐδέξατο,
1277 4978 1430 5033 192
1487 4976 1575 5030 καὶ
1609 4980 1683 5039 ὡς
1716 4977 1850 5042 ὅλος

197 5059 300 5110 τοῦ
349 5057 582 5132 Χριστοῦ
639 5060 846 5136 γεγόνει
1073 5061 1305 5136 Πρὸςδέ
1356 5067 1442 5120 καὶ
1503 5067 1603 5135 τὴν
1652 5065 1850 5137 κλῆσιν

197 5140 408 5213 ἐδήΛου
462 5150 560 5200 τοῦ
617 5147 920 5222 γέροντος,
985 5149 1251 5226 Βαρλααμ
1317 5157 1508 5208 τοῦτον
1567 5153 1849 5220 καλεῖσθαι

195 5229 394 5286 εἰπών.
439 5235 702 5304 Ἀκηκόει
756 5236 858 5312 γὰρ
916 5237 1004 5291 καὶ
1064 5240 1325 5313 πρότερον
1386 5241 1414 5294 ὁ
1477 5239 1729 5314 βασιλεὺς
1783 5246 1852 5298 τὰ

192 5319 324 5394 περὶ
369 5324 466 5375 τοῦ
551 5321 815 5397 Βαρλαᾶμ
896 5325 986 5380 καὶ
1044 5333 1146 5397 τῆς
1207 5328 1510 5404 ἀκροτάτης
1569 5331 1847 5401 ἀσκήσεως

190 5406 388 5464 αὐτοῦ.
420 5413 506 5470 Ὡς
534 5407 579 5464 δ’
612 5410 688 5472 εἲς
719 5413 882 5474 ἀκοάς
914 5417 1080 5468 ταῦτα
1119 5412 1256 5483 ἦλθε
1283 5420 1364 5486 τῷ
1399 5413 1635 5490 βασιλεῖ,
1665 5416 1848 5492 κλόνῳ

187 5492 355 5557 εὐθὺς
393 5494 454 5550 ἐκ
508 5504 607 5566 τῆς
665 5501 1066 5574 περιπεσούσης
1115 5501 1262 5575 αύτῷ
1291 5503 1525 5576 ἀθυμίας
1561 5504 1845 5579 βάλλεται,

1965 4614 2112 4668 mini
2138 4614 2253 4668 mei
2278 4613 2384 4668 ﬁlii
2408 4614 2513 4680 tui,
2538 4615 2752 4686 inquit,
2789 4619 3186 4693 negligentem
3234 4639 3328 4678 me
3351 4625 3599 4695 praebui.

1963 4703 2274 4775 Improbus
2287 4703 2446 4758 enim
2463 4704 2703 4775 quidam
2719 4723 2785 4762 ac
2799 4710 3191 4782 praestigiator
3203 4712 3601 4784 ingressus,de

1963 4792 2307 4848 Christianae
2338 4792 2642 4864 religionis
2673 4793 2943 4852 doctrina
2968 4799 3042 4853 ad
3071 4816 3206 4854 eum
3238 4801 3413 4857 verba
3439 4803 3598 4858 fecit.

1963 4884 2287 4952 Posteaque
2299 4883 2598 4954 regi,quos
2614 4884 2687 4938 ad
2700 4885 2887 4955 ipsius
2902 4888 3089 4942 filium
3105 4905 3283 4944 senex
3295 4907 3600 4948 sermones

1961 4971 2266 5026 habuisset
2288 4971 2589 5042 sigillatim
2607 4975 3304 5049 exposuit.quantamque
3318 4980 3419 5035 ille
3435 4998 3502 5036 ex
3516 4983 3604 5054 ip-

1965 5061 2042 5115 sis
2057 5060 2412 5129 voluptatem
2436 5061 2708 5131 cepisset,
2735 5064 3009 5135 quodque
3032 5082 3272 5136 prorsus
3290 5069 3520 5125 Christo
3537 5089 3598 5127 se

1959 5148 2301 5205 addixisset.
2335 5148 2486 5212 Quin
2509 5150 2688 5205 etiam
2720 5153 2879 5207 senis
2904 5169 3122 5209 nomen
3151 5156 3263 5226 ipsi
3295 5158 3596 5228 indicavit,

1961 5238 2224 5293 Barlaam
2248 5237 2443 5307 ipsum
2465 5241 2794 5311 nuncupari
2816 5241 3192 5299 dicens.Nam
3216 5247 3394 5302 etiam
3424 5255 3601 5305 antea

1957 5345 2059 5382 rex
2081 5327 2152 5381 de
2172 5325 2460 5390 Barlaam,
2483 5343 2549 5382 ac
2576 5344 2806 5384 summa
2822 5330 3113 5402 religiosa)
3136 5333 3324 5404 ipsius
3347 5337 3476 5392 vitae
3499 5353 3563 5392 as
3582 5367 3596 5377 -

1956 5417 2226 5490 peritate,
2256 5413 2443 5469 multa
2461 5415 2764 5471 auditione
2796 5425 3123 5490 acceperat.
3152 5423 3223 5476 Ut
3253 5430 3449 5479 autem
3471 5426 3597 5480 haec

1957 5507 2029 5564 ad
2047 5504 2198 5578 regis
2221 5519 2395 5558 aures
2417 5511 2830 5576 pervenerunt,
2841 5511 3038 5563 tantus
3060 5508 3342 5566 eimoeror
3353 5513 3593 5569 obortus

265 5620 342 5692 (2)
373 5621 435 5688 C,
461 5618 714 5697 ἐγεγόνει.
749 5626 828 5682 De
860 5628 1158 5705 augmenti
1191 5631 1515 5689 amissione
1545 5632 1701 5690 infra
1731 5633 2052 5694 notabitur.
