3994 6150
271 295 410 352 1061

1437 307 1606 360 νιΤΔ
1646 306 1991 361 ΒΔΒΙιΔΔΠ
2027 309 2122 360 ΕΤ
2154 308 2489 363 JOASAPH.

3518 313 3658 374 1063

267 425 427 512 194
454 421 641 476 Ἔνθεν
669 442 758 476 τοι
820 424 910 478 καὶ
963 424 1058 480 τὸν
1114 426 1386 512 ,Βαρλαᾶμ
1437 425 1668 503 ἔναγχος
1719 422 1902 501 μαθὼν

2031 431 2214 488 nixus.
2245 432 2528 498 Quocirca
2559 451 2691 491 cum
2723 437 3096 494 Barlaamnm
3127 455 3318 512 nuper
3338 445 3656 505 recessisse

270 511 660 585 ὑποχωρῆσαι,
693 512 1059 586 χειρώσασθαι
1109 511 1352 570 ἔσπευδε.
1410 517 1617 591 Λόχοις
1673 517 1763 571 οὗν
1816 517 1910 571 καῒ

269 597 538 674 λοχαγοῖς
567 603 675 653 τῶν
711 598 964 670 διεξόδων
997 602 1090 664 τας
1144 603 1368 667 πλείους
1417 603 1732 679 διειλθφὼς,
1783 607 1910 679 μίαν

268 685 329 742 δὲ
364 692 471 742 τῶν
531 683 696 754 ὁδῶν,
751 689 816 757 ἢν
871 695 1054 745 πασῶν
1118 692 1329 764 μᾶλλον
1392 694 1665 771 ὑφωρᾶτο,
1723 696 1908 767 αὐτὸς,

270 775 464 840 ἵπποις
517 771 733 846 ἐπιϐὰς,
789 778 888 832 ἁνά
941 779 1138 854 κράτος
1199 778 1410 855 ἐδίωκε,
1471 779 1905 858 προκαταλαϐεῖν

268 864 520 920 αὐτὸνὲκ
548 865 747 926 παντὸς
795 867 1002 941 τρόπου
1053 865 1459 942 διανοούμενος.
1511 873 1596 926 Ἐν
1647 871 1804 934 ὅλαις
1854 870 1911 927 δὲ

266 950 321 1026 ἕξ
353 952 584 1027 ἡμέραις
634 956 926 1024 κοπιάσας,
981 956 1156 1030 μάτην
1203 958 1698 1035 τεταλαιπωρήκει.
1752 964 1905 1031 Εἶτα,

266 1042 430 1104 αὐτὸς
466 1042 563 1114 μὲν
593 1040 648 1097 ἔν
678 1062 786 1098 τινι
837 1048 945 1099 τῶν
1001 1046 1300 1120 βασιλικῶν
1346 1047 1627 1105 παλατίων
1686 1048 1738 1104 έν
1794 1054 1911 1114 τοῖς

267 1131 458 1206 ἀγροῖς
523 1129 852 1204 διακειμένῳ
908 1136 1264 1208 προσμείνας,
1321 1140 1411 1192 τὸν
1474 1139 1716 1212 Ἀραχὴν
1779 1138 1911 1211 μετὰ

265 1219 482 1274 ἱππέων
542 1219 641 1275 οὐκ
695 1219 898 1295 ὀλίγων
956 1219 1058 1287 ἕως
1113 1226 1285 1295 αὐτῆς
1333 1232 1433 1295 τῆς
1524 1224 1909 1301 Σενααρίτιδος

268 1307 484 1380 ἐρήμου
509 1307 596 1364 έπί
632 1311 856 1381 ζήτησιν
899 1311 1185 1369 ἀπέστειλε
1239 1319 1333 1369 τοῦ
1393 1314 1678 1392 Βαρλαάμ.
1737 1323 1907 1371 Κατα-

271 1392 463 1452 λαϐὼν
494 1395 552 1453 δὶ
582 1398 782 1462 ἐκεῖνος
812 1402 903 1456 τὸν
934 1402 1127 1470 τόπον,
1158 1405 1362 1466 πάντας
1419 1405 1547 1468 τοὺς
1596 1408 1909 1482 περιοίκους

270 1483 569 1562 διετάραξε·
601 1487 691 1542 καὶ
725 1486 898 1544 τῶνδε
953 1493 1028 1562 μή
1085 1493 1378 1567 ἑωρακέναι
1424 1495 1559 1548 ποτὶ
1593 1495 1688 1549 τὸν
1745 1491 1912 1568 ἄνδρα

275 1570 762 1650 βιϐαιωσαμένων,
811 1575 900 1632 ἐπὶ
941 1579 1037 1641 τὰς
1087 1579 1328 1655 ἐρήμους
1361 1581 1388 1636 6
1417 1578 1603 1658 ἅρχων
1650 1582 1777 1646 τοὺς
1827 1582 1912 1638 εὖ·

274 1659 453 1722 σεϐεῖς
485 1665 762 1738 θηρεύσων
794 1664 958 1739 ἐξήει.
992 1668 1142 1723 Πολύ
1180 1690 1240 1723 τε
1280 1677 1380 1739 τῆς
1429 1669 1640 1746 ἐρήμου
1690 1669 1909 1726 διοδεύ-

2016 522 2563 592 comperisset.eum
2581 527 3084 597 comprehendere
3107 528 3658 604 festinabatJtaque

2019 609 2306 664 militibus
2338 627 2404 665 ac
2435 613 2880 670 centurionibus
2921 617 3140 685 missis,
3160 619 3352 674 varios
3382 620 3664 680 itinerum

2019 698 2206 753 exitus
2227 701 2549 770 occupavit,
2575 718 2642 756 ea
2659 709 2856 758 autem
2878 704 2970 760 via
2983 721 3160 775 quam
3179 723 3249 761 ex
3267 709 3543 765 omnibus
3566 727 3666 766 su-

2019 786 2368 856 spectiorem
2382 788 2788 861 habebat,ipse
2800 794 3143 848 conscensis
3157 794 3485 865 equis,cum
3499 798 3664 854 omni

2017 875 2317 932 celeritate
2340 879 2824 949 persequebatur,
2849 887 3025 952 atque
3047 884 3208 937 omni
3240 884 3468 941 ratione
3499 904 3657 942 asse-

2019 965 2116 1035 qui
2142 966 2768 1037 cogitabaLCaeterum,
2794 986 2927 1024 cum
2955 987 3052 1025 sex
3075 977 3226 1026 totos
3249 973 3374 1027 dies
3399 976 3662 1032 inanila-

2017 1053 2156 1107 bore
2190 1069 2319 1108 sese
2347 1054 2670 1127 fatigasset.
2705 1058 2830 1127 ipse
2864 1057 3104 1128 quidem
3131 1059 3193 1113 in
3225 1062 3383 1132 regio
3404 1062 3661 1133 quodam

2018 1143 2422 1214 palatio,quod
2439 1145 2561 1199 ruri
2586 1146 2764 1200 situm
2789 1151 2934 1213 erat,
2950 1153 3237 1203 remanet.
3263 1151 3531 1206 Arachen
3553 1169 3662 1208 au-

2020 1236 2136 1286 tem
2161 1248 2295 1286 cum
2318 1232 2617 1302 equitibus
2639 1234 2794 1288 haud
2815 1236 3016 1305 paucis
3034 1235 3106 1290 ad
3123 1237 3308 1307 ipsam
3325 1254 3512 1308 usque
3527 1239 3665 1295 Sen-

2018 1320 2369 1375 naaritidem
2383 1321 2762 1377 solitudinem
2781 1324 3168 1393 conquirendi
3181 1325 3471 1380 Barlaami
3486 1343 3664 1383 causa

2018 1410 2198 1464 misit.
2223 1410 2328 1474 Qui
2353 1428 2485 1466 cum
2509 1412 2582 1466 ad
2601 1429 2736 1467 eum
2758 1412 2953 1467 locum
2985 1415 3370 1484 pervenisset,
3393 1416 3660 1472 omnium

2018 1499 2349 1553 incolarum
2373 1500 2604 1555 animos
2624 1501 3009 1573 perturbavit;
3030 1506 3205 1572 atque
3219 1519 3352 1558 cum
3367 1504 3659 1560 illivirum

2019 1603 2154 1642 eum
2186 1605 2221 1643 a
2250 1605 2310 1642 se
2341 1589 2528 1644 visum
2563 1606 2690 1644 esse
2723 1595 3058 1659 negassent,
3084 1592 3143 1644 in
3168 1591 3571 1660 solitudinem,
3595 1596 3664 1648 ut

2020 1676 2148 1746 pios
2165 1677 2317 1731 viros
2336 1683 2803 1745 venaretur,sese
2819 1678 3086 1734 contulit.
3111 1681 3373 1750 Cumque
3389 1680 3664 1736 solitudi-

275 1773 374 1816 σας
401 1756 477 1826 (6)
520 1751 814 1827 διάστημα,
875 1753 975 1828 ὅρη
1033 1778 1091 1812 τε
1146 1757 1559 1832 περικυκλώσας
1611 1759 1701 1815 καὶ
1759 1761 1910 1834 ἀτρι-

281 1838 315 1861 β
347 1848 371 1858 υ
506 1844 516 1860 1
860 1849 885 1861 ιι
928 1844 942 1861 1
1168 1846 1181 1861 \
1247 1844 1270 1861 κ
1345 1842 1404 1861 οι
1736 1849 1749 1861 ι
1849 1854 1874 1861 ..

2031 1780 2160 1819 nem
2183 1765 2350 1820 illam
2380 1783 2594 1838 magna
2624 1783 2691 1821 ex
2723 1772 2888 1838 parte
2919 1773 3308 1839 peragrasset,
3334 1785 3400 1824 ac
3429 1775 3664 1825 montes

279 1838 397 1904 ϐεῖς
449 1844 727 1918 φάραγγας
786 1844 1043 1913 πεζεύσας
1095 1846 1185 1900 καὶ
1243 1842 1556 1920 δυσϐάτους,
1619 1849 1760 1920 ματα
1809 1854 1914 1905 τῶν

279 1932 375 1988 σὺν
427 1931 575 2005 αὐτῷ
627 1929 815 2008 ὄχλων
872 1933 1181 2009 άκρώμειάν
1239 1956 1358 1990 τινα
1413 1933 1755 2007 καταλαϐὼν,
1829 1938 1918 1992 καὶ

280 2024 434 2080 195
470 2021 595 2082 στὰς
623 2021 706 2076 ἐπ’
740 2020 926 2091 αὐτῆς,
983 2024 1083 2097 ὁρᾷ
1138 2025 1272 2078 κατᾶ
1327 2026 1428 2093 τὴν
1491 2026 1758 2100 ὑπώρειαν
1818 2026 1920 2104 φά-

282 2111 459 2186 λαγγα
506 2109 781 2184 ἐρημιτῶν
841 2117 1266 2186 περςπατοῦσαν.
1322 2113 1424 2169 Καὶ
1483 2113 1636 2176 εὐθὺς
1689 2119 1768 2186 τῷ
1823 2119 1920 2170 τοῦ

285 2199 559 2275 ἄρχοντος
640 2201 1016 2274 προστάγματι
1094 2203 1284 2263 πάντες
1327 2201 1409 2256 ἐπ’
1465 2201 1659 2263 αὐτοὺς
1710 2204 1918 2258 θέουσιν

282 2287 562 2358 ἀπνευστὶ,
594 2286 764 2350 ἄλλος
797 2285 968 2343 ἄλλον
999 2294 1114 2351 τοῖς
1151 2287 1378 2365 δρόμοις
1437 2290 1630 2366 φθάσαι
1680 2291 1920 2368 φιλονει-

279 2379 518 2438 κοῦντες·
549 2376 641 2431 καὶ
698 2379 1008 2450 φθάσαντες,
1066 2378 1466 2454 περιεχύθησαν
1527 2378 1709 2442 αὐτοῖς
1767 2379 1923 2444 κύνες

277 2465 409 2521 ὡσεὶ
439 2463 645 2520 πολλοὶ
675 2464 711 2534 ἤ
744 2465 906 2540 θηρία
961 2467 1172 2541 πονηρά
1223 2487 1346 2521 τινα
1395 2467 1484 2522 καὶ
1543 2469 1917 2542 μισάνθρωπα.

276 2556 376 2610 Καὶ
408 2559 663 2628 κρατοῦσι
692 2553 821 2616 τοὺς
849 2551 1044 2630 ἄνδρας
1073 2553 1152 2627 τῷ
1200 2576 1259 2610 τε
1302 2554 1432 2610 εἶ’δει
1487 2557 1575 2610 καὶ
1634 2560 1701 2630 τῇ
1757 2577 1918 2611 κατα-

277 2645 454 2698 στάσει
489 2642 874 2716 σεμνοτάτους,
903 2644 991 2698 καὶ
1026 2643 1092 2697 τὰ
1118 2645 1404 2717 σήμαντρα
1461 2647 1534 2716 (7)
1584 2647 1682 2708 τῆς
1726 2643 1925 2719 έρημι-

277 2737 384 2800 κῆς
410 2731 784 2793 καταστάσεως
838 2730 925 2786 ἐπὶ
972 2735 1080 2786 τῶν
1135 2732 1444 2803 προσώπων
1503 2733 1785 2808 φέροντας·
1835 2731 1924 2787 καὶ

281 2819 511 2880 τούτους
545 2821 789 2894 σύροντες
837 2823 915 2891 τῷ
963 2821 1191 2894 ἃρχοντι
1241 2820 1606 2892 παρέστησαν,
1657 2819 1722 2874 ού
1763 2822 1925 2896 θορυ-

283 2905 549 2978 ϐηθέντας
581 2907 748 2978 ὅλως,
795 2908 892 2962 οὐκ
952 2907 1158 2983 ἀγεννές
1213 2929 1264 2963 τι
1323 2908 1411 2963 καὶ
1471 2909 1787 2982 σκυθρωπὸν
1846 2910 1928 2964 έν-

276 2995 688 3069 δειξαμένουςῆ
737 2998 1156 3074 φθεγξαμένους.
1211 2998 1272 3054 Ὀ
1331 2994 1389 3052 δὲ
1437 2996 1688 3073 προάγων
1747 2997 1923 3052 αὐτῶν

273 3087 366 3140 καὶ
393 3086 560 3141 οἱονεὶ
619 3086 1034 3161 καθηγούμενος
1091 3087 1270 3161 πήραν
1330 3081 1587 3154 έϐάσταζε
1643 3086 1918 3161 τριχίνην,

280 3176 484 3249 μεστὴν
552 3173 825 3249 λειψάνων
906 3172 1446 3250 προεκδημησάντων
1522 3179 1678 3230 τινῶν
1757 3174 1918 3249 ἁγίων

278 3263 558 3338 Πατέρων.

352 3532 710 3602 Κατανοήσας
744 3529 801 3586 δέ
832 3531 1028 3593 αὐτοὺς
1060 3533 1087 3587 ὁ
1115 3533 1384 3607 Ἀραχὴς,
1419 3531 1491 3593 ὡς
1523 3530 1622 3586 οὐκ
1680 3529 1788 3586 εἶδε
1833 3531 1923 3585 τὸν

277 3619 858 3697 Βαρλαᾶμ(έγίνωσκε
904 3618 1004 3696 γάρ
1057 3619 1261 3693 αὐτὸν),
1315 3619 1588 3694 συνεχύθη
1638 3623 1707 3692 τῇ
1757 3617 1922 3693 λύπῃ.

280 3710 432 3787 λέγει
464 3708 520 3766 δὲ
551 3711 686 3784 πρὸς
745 3708 961 3771 αὐτούς’
1008 3713 1118 3764 Ποῦ
1165 3707 1308 3764 ἐστιν
1342 3709 1370 3762 6
1402 3708 1644 3763 ἄπατεὼν
1700 3708 1925 3776 ἐκεῖνος,

282 3801 314 3855 6
344 3799 439 3854 τὸν
471 3799 586 3853 υἱὸν
615 3796 899 3868 πλανήσας
927 3801 1023 3852 τοῦ
1067 3795 1374 3873 βασιλέως;
1405 3801 1462 3854 '0
1495 3794 1552 3851 δὲ
1601 3799 1701 3867 τήν
1751 3798 1931 3869 πήραν

288 3887 569 3965 βαστάζων
618 3885 972 3962 ἀπεκρίνατοο
1041 3885 1155 3943 Οὐκ
1204 3883 1344 3941 ἔστιν
1401 3885 1605 3940 ἐκεῖνος
1663 3885 1714 3940 έν
1768 3888 1925 3959 ἡμῖν’

294 3976 436 4050 μηδὶ
482 3977 732 4053 γένοιτοί
793 3974 973 4050 φεύγει
1030 3975 1132 4049 γὰρ
1190 3977 1336 4047 ἡμᾶς
1390 3978 1459 4049 τῇ
1515 3978 1611 4029 τοῦ
1697 3976 1930 4050 Χριστοῦ

289 4063 629 4137 διωκόμενος
657 4065 864 4140 χάριτι.
896 4065 984 4120 Ἐν
1040 4065 1167 4136 ὑμῖν
1225 4061 1284 4118 δὲ
1339 4063 1431 4125 τὰς
1489 4063 1728 4134 οἰκήσεις
1790 4059 1928 4138 ἔχει*

288 4157 352 4212 Ὀ
382 4150 567 4230 ἅρχων
600 4148 722 4232 ἔφη·
776 4152 1067 4214 Γινώσκεις
1115 4149 1205 4207 οῦν
1255 4151 1461 4222 αὐτόν,
1524 4153 1651 4221 Ναὶ,
1711 4153 1873 4230 φησὶν
1905 4153 1932 4207 ὁ

290 4241 586 4319 ἐρημίτήςο
623 4239 740 4298 οἶδα
767 4241 859 4296 τὸν
902 4242 1188 4296 ἀπατεῶνα
1236 4238 1534 4315 λεγόμενον
1563 4244 1663 4314 (8),
1693 4241 1750 4302 ὅς
1790 4239 1932 4296 ἐστιν

285 4333 316 4386 6
349 4327 629 4400 διάϐολος,
665 4332 694 4383 6
728 4331 888 4403 μέσον
925 4330 1076 4402 ὑμῶν
1120 4334 1392 4384 κατοικῶν
1451 4330 1541 4384 καὶ
1592 4331 1719 4404 παρ’
1780 4331 1930 4402 ὑμῶν

288 4419 690 4494 λατρευόμενός
718 4439 776 4473 τε
805 4418 895 4473 καὶ
946 4419 1401 4494 θεραπευόμενος.
1435 4419 1497 4475 Ὀ
1528 4416 1714 4494 ἄρχων
1763 4416 1930 4493 λέγει·

2024 1853 2633 1924 cinxisset.vallesque
2648 1854 2932 1925 quasdam
2949 1856 3192 1910 minime
3207 1857 3277 1909 tri
3287 1861 3664 1924 tas,etacces-

2026 1958 2092 1997 su
2119 1941 2415 2009 difﬁciles,
2439 1959 2572 1997 cum
2597 1959 2664 1998 ea
2685 1943 2997 1998 hominum
3046 1960 3227 1999 manu
3250 1961 3428 2014 quam
3459 1963 3660 2003 secum

2025 2031 2302 2094 habebat,
2343 2031 2596 2102 pedibus
2628 2032 3001 2103 pervasisset,
3035 2033 3104 2086 ad
3129 2033 3425 2088 tumulum
3456 2051 3666 2104 quem—

2027 2118 2160 2173 dam
2194 2118 2582 2189 profectus,in
2610 2119 2981 2192 ejusfastigio
3007 2120 3387 2175 eremitarum
3407 2126 3664 2178 turmam

2026 2207 2498 2262 inambulantem
2530 2208 2750 2274 cernit;
2785 2207 3072 2277 nullaque
3098 2207 3448 2279 interposita
3476 2226 3664 2280 mora,

2026 2311 2125 2350 eos
2147 2296 2221 2351 ad
2244 2311 2305 2349 se
2327 2295 2538 2350 adduci
2549 2294 2960 2366 jubet.Milites
2985 2296 3185 2365 itaque
3209 2296 3520 2351 celerrimo
3534 2314 3669 2352 cur-

2027 2401 2115 2451 su,
2142 2390 2318 2454 atque
2339 2384 2440 2438 alii
2459 2383 2607 2439 alios
2630 2390 2993 2439 antevertere
3011 2384 3666 2455 contendentes,tumu-

2026 2472 2150 2526 lum
2173 2477 2399 2542 petunt.
2425 2474 2622 2542 quue
2646 2489 2779 2526 cum
2806 2473 3233 2542 pervenissent,
3259 2473 3666 2528 circumdede-

2026 2565 2166 2614 runt
2195 2576 2294 2614 eos
2322 2563 2600 2629 tanquam
2625 2575 2800 2613 canes
2823 2559 2992 2613 multi
3019 2560 3186 2629 (Psal.
3233 2563 3374 2631 xxi),
3407 2566 3508 2616 aut
3539 2567 3667 2616 tan-

2029 2665 2204 2718 quam
2225 2646 2519 2717 pestiferas
2542 2647 2811 2716 quasdam
2835 2652 2894 2700 et
2918 2647 3465 2713 humanesbelluaa;
3491 2653 3666 2718 atque

2029 2737 2188 2808 ipsos
2221 2741 2342 2790 tum
2365 2735 2482 2790 oris
2507 2735 2722 2806 specie,
2748 2740 2871 2789 tum
2894 2735 3098 2789 habitu
3129 2735 3670 2801 venerandos,soli-

2034 2825 2313 2895 tarizeque
2347 2823 2785 2878 exercitationis
2835 2830 3006 2878 notas
3061 2824 3123 2878 in
3177 2824 3341 2878 vultu
3389 2823 3670 2892 ferentcs,

2031 2911 2560 2984 comprehendunt,
2591 2918 2971 2984 raptatosque
3006 2914 3219 2968 Arachi
3250 2913 3552 2981 exhibent,
3586 2913 3670 2968 sic

2034 3003 2231 3058 animo
2251 3007 2639 3073 comparatos,
2672 3008 2736 3055 ut
2757 3018 2865 3056 nec
2887 3002 3008 3056 ullo
3033 3002 3206 3056 modo
3249 3002 3675 3072 perturbaren-

2039 3097 2150 3157 lur,
2175 3106 2282 3144 nec
2306 3090 2576 3162 ignavum
2592 3089 2817 3159 aliquid
2833 3106 2898 3145 ac
2918 3091 3084 3145 triste
3098 3090 3187 3143 vel
3208 3107 3328 3160 prae
3349 3106 3409 3145 se
3428 3091 3671 3159 ferrent,

2030 3179 2118 3234 vel
2152 3179 2560 3249 loquerentur.
2594 3179 2701 3242 Qui
2734 3185 2930 3233 autem
2958 3179 3119 3249 ipsos
3150 3195 3358 3233 omnes
3383 3183 3669 3249 tanquam

2029 3269 2276 3322 antistes
2307 3266 2573 3338 praaibat,
2599 3282 2668 3320 ex
2700 3267 2892 3321 cilicio
2924 3272 3257 3323 contextam
3276 3283 3503 3338 peram,
3527 3283 3671 3338 quo-

2030 3355 2302 3410 rumdam
2335 3360 2671 3410 sanctorum
2704 3357 2963 3423 Patrum,
2997 3356 3096 3426 qui
3129 3373 3198 3410 ex
3227 3357 3337 3411 hac
3384 3355 3502 3411 vita
3547 3355 3675 3410 dis-

2033 3449 2352 3511 cesserant,
2383 3444 2651 3514 reliquiis
2683 3444 3008 3499 confertam
3039 3445 3325 3518 gestabat.

2103 3535 2444 3606 Conspectis
2482 3539 2680 3589 autem
2713 3535 2858 3605 ipsis
2889 3535 3170 3604 Araches,
3205 3540 3270 3590 ut
3299 3535 3676 3592 Barlaamnm

2036 3623 2281 3677 minime
2299 3623 2443 3677 vidit
2464 3624 2622 3693 (nam
2647 3640 2781 3677 eum
2806 3624 2994 3693 norat)
3016 3640 3266 3679 mcerore
3291 3625 3676 3680 conturbatus

2036 3715 2142 3777 est,
2163 3717 2338 3781 atque
2353 3710 2425 3764 ad
2449 3727 2549 3765 eos
2571 3710 2751 3765 dixit:
2784 3709 3031 3765 Ubinam
3049 3711 3436 3782 estimpostor
3451 3712 3552 3766 ille
3575 3712 3677 3783 qui

2036 3801 2188 3872 regis
2211 3800 2400 3854 ﬁlium
2425 3799 2485 3853 in
2509 3815 2766 3854 errorem
2783 3799 3055 3855 induxit?
3070 3802 3124 3853 Is
3146 3805 3344 3854 autem
3363 3800 3460 3871 qui
3475 3816 3679 3872 peram

2037 3889 2303 3961 gestabat
2319 3887 2626 3959 respondit
2652 3903 2663 3940 :
2690 3890 2814 3943 Non
2839 3893 2930 3943 est
2948 3887 3050 3943 ille
3075 3889 3230 3942 inter
3251 3905 3378 3954 nos,
3405 3887 3560 3944 absit
3578 3888 3680 3958 (si-

2039 3977 2299 4048 quidem,
2321 3976 2536 4030 Christi
2558 3977 2746 4048 gratia
2763 3976 2990 4048 pulsus,
3017 3993 3050 4031 a
3072 3976 3242 4031 nobis
3262 3977 3452 4049 fugit),
3480 3993 3681 4032 verum

2039 4065 2193 4137 apud
2211 4082 2310 4119 vos
2334 4064 2705 4119 domicilium
2739 4064 2934 4118 habet.
2961 4065 3106 4118 Eum
3132 4081 3289 4136 ergo,
3321 4064 3516 4135 inquit
3544 4063 3682 4133 dux,

2039 4154 2196 4209 nosti
2210 4153 2439 4213 ?Certe.
2455 4153 2649 4223 inquit
2670 4153 2936 4222 eremita,
2963 4169 3095 4207 eum
3113 4153 3212 4223 qui
3228 4153 3518 4224 impostor
3537 4153 3687 4208 dici-

2039 4249 2136 4298 tur
2151 4243 2301 4307 novi,
2326 4242 2436 4296 hoc
2455 4246 2542 4296 est
2559 4241 2880 4307 diabolum,
2909 4243 3007 4313 qui
3025 4242 3084 4296 in
3100 4242 3294 4296 medio
3314 4241 3490 4297 vestri
3512 4241 3687 4298 habi-

2040 4336 2144 4398 tat,
2173 4335 2347 4401 atque
2371 4345 2405 4384 a
2425 4329 2588 4384 vobis
2631 4328 2911 4384 adoratur
2942 4335 3000 4384 et
3030 4329 3260 4385 colitur.
3294 4331 3397 4385 Hic
3424 4329 3540 4385 dux
3565 4347 3578 4384 :
3607 4331 3684 4385 De

2043 4419 2309 4474 Barlaam
2336 4435 2440 4491 ego
2467 4435 2690 4489 quzero,
2715 4418 2907 4490 deque
2931 4435 3000 4473 eo
3031 4418 3422 4491 percontabar
3439 4419 3686 4475 ubinam

285 4511 418 4584 Περὶ
447 4509 544 4564 τοῦ
576 4507 842 4582 Βαρλαᾶμ
866 4505 972 4583 ἐγὼ
1001 4507 1102 4576 τὴν
1135 4508 1362 4577 ζήτησιν
1413 4501 1552 4582 ἔχω,
1600 4508 1689 4562 καὶ
1733 4512 1920 4562 τοῦτον

2042 4513 2213 4563 esset.
2239 4507 2556 4562 Monachus
2579 4513 2777 4562 autem
2801 4523 2812 4560 :
2844 4509 2959 4562 Cur
2981 4508 3180 4580 igitur,
3208 4507 3422 4579 inquit,
3456 4525 3688 4580 praepo-

287 4597 509 4672 ἠρόμην
552 4618 610 4651 σε
660 4601 845 4670 μαθεῖν
904 4599 1009 4649 ποῦ
1062 4593 1225 4650 ἔστιν·
1269 4598 1502 4653 196⁸0
1555 4593 1612 4651 δὲ
1669 4596 1930 4673 μοναχός⁸

285 4685 394 4742 Καὶ
419 4682 513 4739 ’ίνα
539 4683 616 4752 τί,
656 4683 842 4759 φησὶν,
901 4680 1274 4752 ἀλληνάλλως
1319 4681 1616 4755 έλάλησας,
1666 4685 1789 4759 περὶ
1837 4688 1933 4739 τοῦ

285 4773 659 4843 ἀπατήσαντος
685 4771 777 4827 τὸν
809 4771 926 4826 υἱὸν
957 4776 1052 4826 τοῦ
1086 4771 1354 4847 βασιλέως
1386 4773 1483 4842 τὴν
1519 4777 1704 4827 πεῦσιν
1760 4793 1934 4846 προσ-

287 4862 546 4940 αγαγὼν;
580 4861 626 4917 εἰ
651 4862 754 4938 γάρ
785 4861 878 4916 τὸν
928 4859 1192 4936 Βαρλαᾶιμ
1239 4859 1468 4929 έζήτείς,
1522 4858 1630 4915 ἔδει
1686 4883 1744 4915 σε
1799 4863 1930 4916 πάν-

285 4975 397 5016 τως
427 4951 616 5007 εῗπεῖν·
673 4954 786 5006 Ποῦ
845 4947 986 5004 ἔστιν
1020 4950 1048 5004 ὁ
1079 4947 1139 5004 ἐκ
1190 4951 1292 5013 τῆς
1342 4949 1559 5017 πλάνης
1612 4947 1935 5024 ἐπιστρέψας

287 5042 374 5097 καὶ
439 5039 616 5102 σώσας
676 5039 768 5093 τὸν
832 5041 928 5093 τοῦ
992 5035 1261 5112 βασιλέως
1313 5035 1470 5106 υἱόν;
1536 5037 1776 5100 Ἐκεῖνος
1829 5038 1931 5112 γὰρ

2045 4603 2196 4652 stere
2211 4597 2443 4652 locutus
2456 4613 2517 4652 es
2540 4596 2611 4652 de
2629 4613 2696 4651 eo
2712 4596 2811 4667 qui
2829 4597 2983 4670 regis
2998 4597 3121 4653 {ilio
3137 4598 3528 4669 imposturam
3544 4596 3685 4652 fecit

2042 4703 2135 4742 me
2154 4685 2564 4759 interrogans?
2582 4687 2726 4740 Nam
2750 4685 2799 4739 si
2823 4685 3192 4741 Barlaamnm
3216 4685 3544 4757 quwrebas,
3560 4701 3688 4740 orn-

2043 4776 2184 4832 nino
2207 4776 2289 4832 ita
2305 4775 2467 4846 loqui
2490 4775 2830 4847 oportebat:
2867 4775 3114 4832 Ubinam
3146 4775 3247 4831 ille
3279 4780 3368 4829 est
3397 4774 3497 4845 qui
3529 4773 3684 4844 regis

2044 4866 2234 4920 filium
2253 4864 2324 4920 ab
2349 4880 2544 4919 errore
2570 4864 2633 4918 in
2655 4864 2807 4919 viam
2825 4863 3081 4930 reduxit,
3107 4881 3173 4919 ac
3199 4862 3386 4918 salute
3409 4860 3686 4916 donavit?

2043 4955 2187 5008 Nam
2202 4952 2302 5007 ille
2315 4951 2497 5008 frater
2510 4957 2712 5007 noster
2726 4959 2836 5020 est,
2858 4968 2924 5008 ac
2939 4952 3227 5024 religiosae
3247 4948 3687 5006 exercitationis

2046 5041 2258 5096 socius.
2287 5039 2452 5095 Multi
2476 5045 2673 5095 autem
2691 5041 2818 5112 jam
2845 5041 2969 5096 dies
2995 5046 3283 5097 suntcum
3303 5055 3438 5094 eum
3460 5053 3579 5094 non
3602 5037 3690 5092 vi-

362 5193 438 5265 (6)
478 5195 524 5248 A
555 5193 682 5265 sine
704 5191 1152 5265 _prmpositione,
1184 5186 1424 5252 ὁδεύσας.
1459 5189 1689 5265 Psellus
1715 5191 1920 5265 Deda!

2031 5209 2078 5246 [ι.
2113 5208 2224 5264 pag
2277 5193 2382 5247 54:
2414 5188 2615 5265 κλόνον
2646 5189 2707 5265 ού
2742 5189 3288 5265 μέτριον-ἐργάζεναι.
3322 5190 3407 5245 Ibi
3451 5189 3688 5265 plenius

291 5259 1072 5337 οοᾶεχᾹ310,ἆπεργάζεται.
1120 5265 1343 5318 Rursus
1400 5277 1530 5333 pag.
1593 5264 1697 5318 57:
1758 5262 1865 5317 Τὸν

2031 5259 2132 5316 vti
2175 5259 2350 5336 νεκρῷ
2407 5259 2792 5337 παραπλήσιον
2845 5259 3153 5335 έργάζέτέαι·
3214 5279 3421 5318 rursus
3454 5259 3682 5331 _codex,

288 5331 642 5408 ἀπεργάζεται
655 5377 666 5389 .

362 5400 530 5474 (7)'C,
561 5400 866 5477 σήμανδρα.

364 5474 1152 5549 (8)_C,_yew)6pewiov._lllorum
1182 5475 1628 5549 participiorum
1653 5475 2154 5549 permutationem
2185 5476 2349 5549 attigi
2382 5475 2454 5531 ad
2488 5476 2669 5549 Nicet.
2689 5493 2761 5549 _p.
2798 5479 2918 5549 152.
2953 5474 3145 5548 Lydus
3176 5476 3255 5549 De
3287 5478 3398 5529 ost.
3431 5477 3465 5527 2
3495 5489 3553 5544 p.
3607 5475 3683 5530 2:

287 5543 511 5621 Ἱππεὺς
539 5543 598 5602 δὶ
619 5543 726 5621 ᾇρα
754 5549 818 5614 ἦν
849 5546 912 5600 τὸ
940 5543 1230 5620 γενόμενόν
1265 5543 1477 5621 σχῆμα.
1503 5543 1876 5619 Conjectura,
1909 5567 1920 5601 ι

2031 5569 2038 5601 ι
2070 5547 2182 5604 fuit
2211 5543 2642 5620 ibi'proposita,
2689 5543 3012 5621 λεγόμενον,
3040 5547 3389 5618 neutiquam
3419 5543 3548 5600 esSe
3579 5558 3686 5600 ne-

293 5619 555 5677 cessaria
581 5619 833 5676 videtur.
