3994 6150
354 280 502 344 1069

1524 279 1698 334 VITA
1732 273 2087 342 BARLAAH
2121 273 2218 328 ΕΤ
2249 273 2576 330 ῙΟΑΒΔΡΗ

3628 283 3654 340 1
3663 283 3773 342 070

355 403 502 462 ἀλλά
529 402 597 460 τὰ
625 402 773 480 παρά
799 407 899 460 τοῦ
954 405 1229 462 Δεσπότου
1276 405 1438 478 ἡμῶν
1498 402 1586 457 καὶ
1658 403 1791 456 Θεοῦ
1855 416 2039 462 κεκειη

2152 442 2156 452 .
2187 401 2241 452 te
2261 396 2571 470 jubentur,
2596 416 2629 454 0
2661 416 2784 470 rex,
2817 401 3033 468 facere,
3063 401 3312 459 minime
3344 422 3378 460 a
3409 406 3587 465 nobis
3617 409 3776 466 indi-

355 493 646 567 λευσμένα,
677 494 735 556 ὃς
765 493 1089 572 σωφροσύνη
1125 497 1274 566 ἡμᾶς
1319 490 1621 548 ἐκδιδάσκει
1669 493 1768 544 τοῦ
1816 490 2004 542 πασῶν

355 588 462 638 τῶν
490 580 707 654 ἡδονῶν
765 585 919 642 202
979 583 1069 638 καὶ
1128 583 1431 656 ἐπιθυμιῶν
1487 584 1723 656 κρατεῖν,
1778 577 1868 632 καὶ
1919 575 2013 630 ἀν-

358 670 537 748 δρείαν
572 672 836 745 ἐξασκεῖν,
868 670 1009 729 ὥστε
1051 672 1227 728 πάντα
1255 673 1420 728 πόνον
1479 672 1568 726 καὶ
1629 674 1803 725 πᾶσαν
1833 666 2013 722 κάκω-

357 783 438 818 σιν
495 761 627 836 ύπὶρ
697 769 797 832 τῆς
870 759 1218 833 δικαιοσύνης
1303 757 1596 835 ὑπομένειν
1632 803 1646 818 .
1697 763 1834 816 Ὅσα
1886 758 2013 831 γοῦν

356 850 566 922 ἐπάξεις
595 852 732 924 ἡμῖν
769 851 900 926 ὑπὶρ
931 858 1032 921 τῆς
1086 845 1361 913 εὐσεϐείας
1395 848 1542 906 δεινᾶ
1593 847 1807 923 μᾶλλον
1867 845 2016 920 εὐερ-

354 941 627 1015 γετήσεις.
686 937 836 996 Ποίει
893 939 986 995 οὗν
1037 941 1066 996 ’ὀ
1111 938 1320 1016 βουλει·
1382 942 1546 1012 ἡμεῖς
1602 939 1706 1012 γὰρ
1763 935 1864 1007 ἔξω
1920 937 2016 989 τοῦ

356 1031 698 1099 καθήκοντος
729 1027 925 1101 πρᾶξαί
980 1050 1034 1084 τι
1094 1029 1194 1084 οὐκ
1249 1028 1570 1102 ἀνεξόμεθα,
1602 1023 1726 1082 οὐδὲ
1782 1021 2022 1098 ἁμαρτίᾳ

357 1116 582 1180 ὶαυτοὺς
640 1114 994 1190 ἐκδώσομεν.
1058 1119 1153 1187 Μὴ
1403 1117 1600 1191 μικρὰν
1654 1114 1758 1190 γάρ
1816 1110 2018 1192 ταύτην

359 1205 590 1280 νομίσῃς
647 1206 953 1280 ἁμαρτίαν,
1004 1207 1050 1262 εἰ
1100 1207 1194 1263 τὸν
1240 1190 1650 1283 συναγωνιστὴν
1711 1205 1871 1275 ἡμῶν
1929 1190 2022 1256 καὶ

361 1295 766 1370 συστρατιώτην
797 1294 875 1358 είς
903 1297 998 1359 τὰς
1054 1299 1147 1359 σας
1211 1293 1572 1372 προδώσομεν
1605 1297 1819 1369 χεῖρας.
1856 1289 2021 1346 Ἀλλ’

364 1383 426 1438 οὐ
451 1384 551 1458 γὰρ
578 1381 674 1458 γελ
692 1383 839 1445 άσεις
896 1385 1014 1448 καθ’
1069 1385 1233 1459 ήμῶν
1292 1384 1381 1439 τὸν
1412 1382 1630 1460 γέλωτα
1683 1385 1899 1446 τοῦτον,
1929 1379 2024 1433 κᾶν

371 1471 588 1547 μυρίοις
647 1474 795 1544 ἡμᾶς
822 1467 1125 1547 περιϐάλῃς
1184 1476 1297 1546 (22)
1357 1473 1631 1536 θανάτοις·
1685 1469 1788 1542 οὐχ
1849 1466 2026 1528 οὕτως

369 1561 473 1636 γὰρ
505 1561 669 1634 ἡμεῖς
721 1557 996 1636 ἄνανδροι,
1030 1562 1105 1623 ὡς
1130 1557 1287 1636 φόϐῳ
1330 1565 1438 1616 τῶν
1486 1564 1593 1614 σῶν
1645 1559 1889 1635 βασάνων
1922 1558 2024 1626 τήν

368 1651 639 1724 ἡμετέραν
668 1648 967 1724 προδοῦναι
997 1648 1348 1730 φιλοσοφίαν,
1389 1651 1477 1705 καὶ
1529 1648 1741 1720 ἀνάξιόν
1793 1669 1844 1702 τι
1895 1644 2028 1720 δρᾶ-

2122 492 2282 542 ctum
2306 488 2528 555 est,sed
2555 506 2686 560 quae
2719 491 3014 546 aDomino
3046 498 3250 547 nostro
3285 493 3575 565 imperata
3606 505 3775 568 sunt;

2126 577 2226 648 qui
2257 594 2366 633 nos
2391 580 2799 650 temperantiae
2820 580 3263 654 studere,atque
3281 599 3490 640 omnes
3511 586 3773 658 volupta-

2129 671 2216 720 tes
2247 671 2303 720 et
2331 668 2685 739 cupiditates
2705 669 2765 723 in
2790 675 3081 741 potestate
3099 672 3776 736 tenere,fortitudinem-

2129 772 2243 826 que
2265 756 2555 824 colere,ac
2587 757 2852 813 laborem
2876 776 3114 815 omnem
3148 767 3206 815 et
3229 761 3616 820 afﬂictionem
3642 767 3778 836 jus-

2130 845 2272 900 titiae
2294 862 2471 902 causa
2495 848 2788 904 sustinere
2802 848 3124 916 docet.Quo
3138 851 3314 924 igitur
3327 853 3593 925 graviora
3605 856 3776 912 nobis

2129 934 2367 1006 pietatis
2391 952 2569 993 causa
2590 937 2747 992 mala
2768 939 3065 1006 intuleris,
3086 957 3153 996 eo
3176 943 3496 1011 praeclarus
3514 943 3585 999 de
3604 945 3776 1001 nobis

2130 1025 2380 1080 meritus
2403 1025 2606 1081 fueris.
2641 1027 2925 1092 Quocirca
2947 1029 3236 1100 quidquid
3258 1031 3423 1086 lubet
3441 1033 3554 1100 fac;
3583 1051 3778 1106 neque

2133 1113 2292 1168 euim
2307 1116 2746 1171 committemus
2760 1117 3059 1188 utaliquid
3075 1118 3234 1189 quod
3247 1127 3449 1176 arecto
3465 1122 3784 1179 abhorreat

2131 1203 2513 1264 faciamus.ac
2536 1211 2775 1276 peccato
2799 1224 2907 1262 nos
2930 1207 3295 1264 addicamus.
3328 1211 3443 1264 Nec
3475 1212 3632 1266 enim
3655 1213 3783 1270 leva

2135 1293 2246 1348 hoc
2279 1294 2471 1349 scelus
2505 1310 2632 1349 esse
2658 1297 2906 1366 putes,si
2933 1297 3379 1353 colluctatorem
3397 1317 3464 1355 ac
3486 1301 3780 1357 commili-

2134 1387 2334 1438 tonem
2359 1388 2629 1439 nostrum
2654 1385 2759 1438 tibi
2782 1385 2842 1440 in
2866 1402 3078 1442 manus
3102 1387 3648 1445 tradamus.Verum
3669 1392 3782 1447 hoc

2135 1473 2376 1527 nomine
2404 1473 2651 1529 minime
2682 1492 2791 1530 nos
2831 1475 3126 1542 irridebis,
3152 1479 3418 1548 quamvis
3443 1479 3618 1534 etiam
3651 1497 3781 1535 sex-

2139 1568 2340 1617 centas
2358 1569 2578 1617 mortes
2595 1564 2767 1618 nobis
2784 1564 3230 1636 inferas.Neque
3249 1568 3410 1622 enim
3427 1568 3572 1624 adeo
3591 1569 3783 1641 ignavi

2140 1657 2438 1715 sumus,ut
2463 1657 2891 1708 tormentorum
2910 1660 3144 1710 tuorum
3163 1662 3322 1710 metu
3340 1657 3781 1730 philosophiam

372 1760 460 1795 σαι
513 1744 615 1809 τῆς
663 1737 809 1803 θείας
864 1741 1210 1813 νομοθεσίας.
1272 1739 1414 1816 Πρὸς
1471 1743 1638 1794 ταῦτα
1691 1743 1820 1804 πᾶν,
1870 1735 1917 1790 εἴ
1970 1755 2023 1789 τι

2152 1746 2400 1796 nostram
2425 1741 2771 1813 prodamus,
2795 1748 2972 1813 atque
3005 1743 3231 1815 aliquid
3252 1747 3449 1802 divina
3471 1746 3598 1819 lege
3623 1747 3782 1802 indi-

371 1827 680 1904 γινώσκεις,
741 1829 1076 1905 ἀμυντήριον
1137 1828 1414 1904 εὐτρέπιζε
1471 1824 1715 1905 ὄργανον
1749 1829 1886 1899 ἡμῖν
1917 1823 2021 1899 γὰρ

2152 1847 2315 1903 gnum
2347 1836 2778 1903 perpetremus.
2805 1832 3096 1888 Adversus
3120 1834 3245 1890 haec
3268 1851 3638 1907 quaecunque
3660 1842 3783 1892 tor-

370 1918 433 1973 τὸ
467 1917 558 1990 ζῇν
593 1916 833 1993 Χριστός
865 1916 998 1988 ἐστι,
1029 1917 1118 1975 καὶ
1146 1918 1210 1972 τὸ
1252 1922 1426 1982 θανεῖν
1460 1917 1592 1992 ὑπὲρ
1623 1915 1788 1970 αὐτοῦ
1834 1911 2024 1988 κέρδος

374 2003 594 2083 ἄριστον
627 2009 759 2081 (23).

450 2188 574 2243 Έπὶ
622 2185 838 2248 τούτοις
893 2190 1051 2259 θυμῷ
1107 2186 1370 2264 ἐξαφθείς,
1431 2186 1459 2240 ὁ
1517 2187 1728 2259 κρατῶν
1780 2179 2027 2237 ἐκέλευσε

376 2276 472 2338 τὰς
543 2277 638 2348 μὶν
726 2274 1022 2350 θεολόγους
1104 2276 1282 2332 αὐτῶν
1373 2273 1672 2342 ἐκκοπῆναι
1755 2271 2025 2346 γλώσσας,

380 2365 740 2439 ἐξορυχθῆναι
790 2363 847 2419 δὶ
898 2364 1028 2426 τοὺς
1080 2363 1402 2440 ὀφθαλμοὺς
1437 2407 1452 2431 ,
1509 2363 1701 2438 χεῖράς
1779 2381 1836 2416 τε
1888 2361 2030 2433 ὁμοῦ

386 2456 777 2528 ἀποτμηθῆναι
806 2453 896 2508 καὶ
944 2452 1134 2516 πόδας.
1167 2456 1282 2524 Τῆς
1315 2451 1361 2509 δ’
1391 2452 1712 2529 ἀποφάσεως
1763 2448 2030 2520 δοθείσης,

385 2547 440 2600 οἱ
487 2545 580 2618 μὲν
628 2542 954 2598 ὑπασπισταὶ
1003 2541 1349 2619 περιστάντες
1377 2543 1565 2603 αὐτοῖς
1615 2539 1703 2596 καὶ
1737 2537 2030 2616 δορυφόροι

392 2633 793 2710 μισανθρώπως
851 2632 941 2686 καὶ
1002 2634 1251 2703 ἀνηλεῶς
1309 2629 1750 2706 ἠκρωτηρίαζον·
1798 2627 1888 2682 καὶ
1938 2626 2032 2686 τὰς

389 2726 543 2782 29³
578 2723 670 2794 μὶν
722 2719 979 2796 γλώσσας
1035 2719 1356 2795 ὀγκινίσκοις
1404 2722 1512 2774 τῶν
1568 2719 1849 2791 στομάτων
1889 2715 2034 2786 ἐξελ-

391 2817 663 2883 κύσαντες,
723 2807 1025 2884 θημιωδῶς
1081 2809 1404 2881 ἀπέτεμνον,
1454 2806 1581 2869 τοὺς
1635 2805 1954 2882 ὀφθαλμοὺς
1980 2801 2036 2860 δὲ

393 2896 639 2974 σιδηροῖς
682 2897 980 2971 ἐξώρυττον
1031 2894 1228 2970 ὄνυξιν,
1262 2891 1665 2972 ἀρθρεμὸόλοις
1699 2893 1756 2949 δέ
1787 2893 2038 2968 ὀργάνοις

388 2990 482 3052 τάς
512 2993 703 3064 χεῖρας
747 2986 920 3044 αὐτῶν
976 2987 1065 3041 καὶ
1122 2985 1252 3048 τοὺς
1309 2984 1480 3048 πόδας
1539 2983 1914 3059 ἐξαρθροῦντες
1946 2984 2037 3037 ἀν·

389 3079 634 3152 έτεμνον.
668 3078 735 3134 Οἱ
794 3074 851 3132 δὲ
902 3077 1161 3151 μακάριοι
1219 3074 1414 3131 ἔκεῖνοι
1471 3073 1562 3129 καὶ
1620 3071 1914 3146 αῗδήμονες
1945 3071 2036 3127 καὶ

389 3172 625 3242 γενναῖοι
655 3168 747 3221 τὸν
781 3163 1071 3241 λογισμὸν,
1117 3165 1190 3227 ὡς
1219 3165 1356 3240 πρὸς
1397 3163 1632 3240 εὐωχίαν
1681 3162 2040 3236 καλούμενοι,

395 3255 658 3330 ἀνδρείως
686 3257 1074 3331 προσήρχοντο
1100 3260 1219 3316 ταῖς
1255 3255 1531 3330 βασάνοις,
1555 3251 1843 3324 ἀλλήλους
1870 3272 2043 3325 παρα-

399 3349 658 3421 θήγοντες
681 3344 770 3400 καὶ
828 3344 964 3420 πρὸς
993 3345 1084 3400 τὸν
1118 3341 1208 3399 διὰ
1260 3344 1490 3418 Χριττὸν
1551 3342 1772 3398 θάνατον
1827 3337 2047 3419 ἀφόϐως

402 3439 740 3511 χωροῦντες.

475 3525 561 3580 Ἐν
591 3521 828 3584 τιούτοις
877 3519 968 3576 οὖν
1024 3518 1336 3578 πολυειδέσι
1393 3520 1686 3594 τιμωρίαις
1739 3520 1834 3583 τὰς
1865 3539 2052 3593 καρτε-

396 3612 553 3688 ρικᾶις
605 3611 783 3667 αὐτῶν
833 3611 1013 3686 ψυχὰς
1064 3615 1144 3682 τῷ
1201 3611 1384 3686 Κυρίῳ
1440 3611 1733 3686 παρέθεντο
1807 3610 1858 3664 οἱ
1911 3607 2050 3683 ἱεροί

393 3700 648 3771 ἀσκηταὶ,
682 3696 1046 3755 ἑπτακαίδεκα
1074 3699 1167 3754 τὸν
1210 3699 1440 3774 ἀριθμὸν
1472 3697 1772 3759 τελοῦντες.
1806 3696 2048 3768 Ὁμολοο

393 3789 683 3867 γουμένως
719 3789 812 3844 οὗν
843 3787 1193 3863 αὐτοκράτωρ
1226 3787 1339 3842 ἐστὶ
1390 3791 1500 3842 τῶν
1532 3793 1717 3851 παθῶν
1752 3788 1779 3841 ὁ
1824 3782 2051 3851 εὐσεϐὴς

394 3879 684 3954 λογισμὸς,
714 3877 952 3952 καθάπερ
983 3897 1066 3939 τις
1094 3881 1202 3932 τῶν
1239 3876 1346 3952 οὐχ
1376 3875 1657 3950 ἡμετέρων
1691 3873 1882 3953 ἔφησεν
1913 3879 2047 3949 (24),

397 3967 596 4030 ἄθλους
655 3965 1016 4043 διηγούμενος
1093 3959 1400 4040 πρεσϐύτου
1459 3965 1646 4040 ἱερέως
1697 3965 1786 4021 καὶ
1839 3963 2050 4021 παίδων

399 4056 537 4113 ἔτινὰ
566 4055 658 4111 σὺν
706 4055 976 4132 ὁμόφρονι
1010 4055 1204 4129 μητρὶ,
1258 4058 1355 4109 τοῦ
1412 4055 1671 4128 πατρῴου
1731 4052 2050 4129 ὑπεραθλη-

406 4147 608 4201 σάντων
639 4147 842 4218 νήμου,
887 4145 960 4199 ὧν
991 4151 1090 4214 τῆς
1149 4143 1433 4218 καρτερίας
1491 4145 1581 4199 καὶ
1637 4143 2054 4220 μεγαλοψυχίας

406 4235 561 4292 οὐδὲν
594 4234 997 4310 καθυστέρησαν
1044 4236 1097 4290 οἱ
1146 4235 1438 4305 θαυμάσιοι
1493 4235 1642 4288 οὗτοι
1701 4235 1936 4310 Πατέρες
1963 4233 2052 4289 καὶ

404 4331 506 4395 τῆς
536 4321 646 4380 ἅνω
679 4323 1044 4398 Ἰερουσαλὴμ
1073 4327 1297 4377 ποΛῖται
1328 4322 1416 4378 καὶ
1455 4319 1824 4398 κληρονόμοι,

2131 1925 2469 1975 mentorum
2495 1921 2892 1978 instrumenta
2913 1923 3168 1987 nosti,ea
3190 1925 3469 1995 expedias
3493 1925 3650 1982 licet.
3670 1928 3783 1982 No-

2132 2009 2226 2064 bis
2258 2010 2477 2081 quique
2511 2010 2700 2065 vivere
2732 2011 3000 2066 Christus
3032 2017 3144 2080 est,
3195 2029 3261 2067 ac
3309 2013 3460 2069 mori
3492 2020 3783 2086 prmstan-

2135 2099 2433 2154 tissimum
2465 2099 2697 2154 lucrum
2727 2101 2958 2170 (Philip.
2991 2101 3050 2173 ι).

2209 2190 2290 2244 Ob
2312 2190 2656 2261 hujusmodi
2674 2190 2849 2246 verba
2862 2209 2963 2246 rex
2977 2191 3173 2247 furore
3188 2193 3784 2259 inflammatus,theo-

2138 2279 2300 2352 logas
2315 2296 2517 2334 eorum
2541 2280 2772 2352 linguas
2786 2281 3079 2352 amputari
3094 2282 3616 2354 jubet,oculosque
3634 2285 3783 2352 erui,

2141 2385 2473 2440 manusque
2506 2368 2685 2424 simul
2715 2387 2782 2426 ac
2813 2370 2993 2441 pedes
3024 2372 3310 2426 truncari.
3336 2373 3461 2436 Qua
3491 2374 3791 2428 sententia

2142 2456 2790 2526 pronuntiata,lictores
2821 2463 2880 2512 et
2901 2458 3187 2512 satellites
3209 2459 3663 2515 circumstantes
3696 2461 3788 2515 in-

2143 2545 2400 2599 humane
2426 2561 2493 2599 ac
2520 2544 2842 2599 crudeliter
2863 2545 3024 2616 ipsos
3063 2546 3514 2602 demutilabant.
3559 2552 3639 2603 Ac
3672 2549 3792 2604 lin-

2145 2649 2286 2705 guas
2309 2632 2550 2703 quidem
2579 2649 2782 2687 eorum
2807 2634 3041 2688 uncinis
3059 2651 3128 2689 ex
3142 2652 3240 2689 ore
3265 2640 3555 2690 extractas
3575 2636 3792 2692 bellui-

2146 2738 2224 2776 na
2253 2721 2506 2792 quadam
2522 2720 2752 2776 feritate
2771 2721 3219 2791 abscindebant,
3241 2723 3443 2778 oculos
3463 2729 3660 2779 autem
3679 2724 3798 2780 fer-

2147 2811 2264 2866 reis
2286 2810 2581 2883 unguibus
2620 2809 2925 2873 eruebant,
2971 2828 3038 2867 ac
3078 2812 3336 2882 denique
3380 2813 3795 2870 instrumentis

2148 2899 2505 2972 quibusdam
2528 2917 2734 2955 eorum
2752 2917 2964 2955 manus
2988 2917 3056 2956 ac
3073 2901 3254 2971 pedes
3276 2901 3568 2969 luxantes,
3584 2921 3798 2976 ampu-

2150 2990 2441 3046 tabantzat
2453 2989 2608 3044 beati
2632 2989 2720 3043 illi
2742 3006 2808 3045 ac
2821 2989 3143 3045 venerandi
3167 2995 3225 3046 et
3243 2992 3798 3062 generosiviri,tan-

2071 3122 2116 3190 α
2153 3096 2332 3151 quam
2354 3079 2427 3133 ad
2447 3078 2650 3150 epulas
2665 3079 3121 3142 vocati,strenuo
3139 3085 3195 3133 et
3217 3079 3353 3134 forti
3371 3082 3570 3136 animo
3583 3081 3657 3136 ad
3672 3098 3798 3140 cru-

2163 3168 2340 3190 -:_L___
2395 3167 2752 3190 _---.I-L....L
2826 3169 3045 3190 ___A_-:_
3117 3169 3615 3190 -_L-_Ann!-_:l_un
3676 3187 3793 3190 κερ-

2155 3168 2344 3224 ciatus
2393 3167 2771 3230 accedebant,
2825 3169 3048 3223 mutuis
3111 3169 3619 3225 cohortationibus
3669 3187 3798 3228 sese

2156 3263 2639 3328 acuentes,atque
2670 3257 2743 3313 ad
2775 3263 3026 3313 mortem
3048 3274 3153 3330 pro
3175 3258 3405 3314 Christo
3428 3259 3798 3316 subeundam

2156 3347 2290 3402 forti
2333 3352 2509 3418 atque
2541 3345 2836 3418 intrepido
2869 3347 3066 3402 animo
3098 3353 3431 3420 pergentes.

2228 3528 2295 3581 In
2315 3524 2662 3597 hujusmodi
2685 3525 2859 3581 variis
2885 3526 3196 3597 suppliciis
3218 3529 3576 3584 sacrosancti
3598 3545 3806 3584 mona-

2160 3615 2275 3682 chi,
2309 3631 2560 3670 numero
2595 3613 2798 3669 decem
2832 3619 2889 3669 et
2910 3620 3158 3684 septem,
3183 3615 3364 3669 fortes
3392 3631 3460 3671 ac
3493 3617 3809 3672 tolerantia

2160 3703 2438 3774 praeditas
2462 3702 2693 3756 animas
2725 3718 2862 3756 suas
2896 3702 3144 3757 Domino
3176 3703 3693 3759 commendarunt.
3727 3707 3809 3762 Ex

2163 3808 2277 3862 quo
2296 3791 2609 3862 perspicue
2626 3796 2860 3846 constat
2876 3793 3144 3845 animum
3161 3792 3379 3863 pietate
3398 3791 3711 3862 praaditum
3731 3795 3809 3847 vi-

2163 3880 2330 3934 tiosis
2361 3879 2773 3936 affectionibus
2803 3881 3119 3953 imperare,
3149 3880 3648 3951 quemadmodum
3684 3883 3810 3952 qui-

2163 3970 2299 4025 dam
2317 3986 2352 4025 a
2368 3969 2588 4026 nostris
2605 3970 2859 4026 decretis
2875 3971 3108 4026 alienus
3127 3971 3812 4043 prodidit(Josephus),se-

2163 4059 2255 4114 nis
2270 4059 2592 4116 sacerdotis
2605 4076 2672 4114 ac
2690 4065 2914 4132 septem
2933 4060 3191 4115 ﬁliorum
3209 4060 3540 4116 certamina
3556 4077 3813 4118 comme-

2163 4148 2532 4220 morans,qui
2565 4148 2684 4204 dna
2713 4165 2845 4204 cum
2870 4154 3059 4204 matre
3090 4149 3218 4220 pari
3245 4149 3488 4204 omnino
3514 4152 3811 4208 sententia

2164 4238 2411 4309 praedita
2422 4254 2526 4308 pro
2541 4238 2745 4308 patriae
2762 4238 2906 4310 legis
2929 4238 3274 4294 defensione
3289 4238 3811 4306 dimicarunt.Qui-

2164 4327 2277 4382 bus
2304 4327 2619 4383 tolerantia
2641 4332 2700 4382 et
2721 4327 2906 4383 animi
2928 4328 3335 4400 magnitudine
3355 4328 3542 4384 nihilo
3569 4329 3815 4385 inferio-

2165 4432 2260 4470 res
2284 4416 2345 4470 hi
2379 4415 2578 4470 eximii
2610 4416 2809 4472 Patres
2860 4433 2927 4472 ac
2967 4433 3240 4488 supernae
3282 4417 3610 4474 Jerusalem
3660 4419 3816 4473 cives

2092 4492 2139 4558 D
2171 4506 2543 4562 exstiterunt.

2250 4597 2381 4652 CAP.
2410 4596 2600 4652 XXIV.
2633 4625 2700 4637 -
2732 4596 2833 4651 His
2865 4595 3042 4670 igitur
3090 4597 3188 4669 pia
3235 4601 3425 4651 morte
3475 4595 3821 4667 perfunctis,

2179 4703 2282 4740 rex
2300 4686 2372 4742 ad
2395 4685 2744 4757 primarium
2768 4686 3153 4740 consiliarum
3173 4702 3344 4740 suum
3368 4685 3637 4740 Arachen
3655 4683 3823 4740 dixit:

2181 4776 2471 4842 Quoniam
2494 4776 2660 4848 prius
2682 4775 3000 4830 consilium
3023 4775 3272 4830 minime
3295 4774 3599 4839 successit,
3626 4774 3696 4828 ad
3720 4790 3825 4844 po-

2183 4866 2398 4920 sterius
2423 4865 2685 4922 animam
2707 4865 2923 4936 adjice,
2955 4881 3021 4919 ac
3053 4864 3378 4919 Nachorem
3400 4863 3826 4919 accersendum

487 4597 652 4652 ΚΕΦ.
703 4594 819 4649 ΚΔ’.
878 4591 1100 4649 Τούτων
1150 4590 1240 4646 οὖν
1299 4585 1532 4653 εὐσεϐῶς
1587 4589 2000 4662 τελειωθέντων,
2040 4592 2068 4646 ὁ

424 4681 678 4762 βασιλεὺς
733 4686 814 4754 τῷ
872 4674 1364 4754 πρωτοσυμόούλῳ
1420 4673 1599 4756 ἔλεγεν
1660 4680 1874 4756 ’Δραχῇ
1931 4681 2068 4755 πρὸς

415 4777 518 4845 τήν
547 4773 796 4848 δευτέραν
830 4767 1141 4844 ἀποϐλέψαι
1173 4769 1406 4844 βουλὴν,
1435 4774 1532 4825 τοῦ
1562 4771 1782 4844 πρώτου
1832 4769 2068 4845 διαμαρ-

419 4865 634 4933 τόντας,
676 4862 767 4918 καὶ
818 4863 910 4917 τὸν
968 4860 1175 4935 Ναχὼρ
1230 4858 1431 4914 ἐκεῖνον
1490 4857 1978 4932 προσκαλέσασθαι.
2010 4863 2072 4920 Ὁ

505 5043 616 5114 (21)
647 5039 974 5117 Ο-εἱιιειμὴ.
996 5038 1263 5117 _Basilius
1310 5039 1490 5117 Erato.
1545 5054 1595 5092 c.
1627 5037 1732 5117 $4:
1766 5034 2005 5117 πλούτος

2164 5044 2266 5117 γὰρ
2299 5039 2370 5096 δι’
2416 5041 2610 5114 ἀρετὴν
2667 5039 2982 5115 ἐνυπάρχων
3027 5041 3217 5100 κακίας
3275 5036 3508 5112 μᾶλλον,
3556 5037 3683 5094 ἀλλ’
3733 5038 3832 5096 οὐκ

439 5106 652 5187 ἀρετῆς,
689 5106 968 5187 ὑπηρέτῃς
994 5107 1155 5187 ἐστίνζ
1188 5109 1552 5187 Restituatur
1570 5107 1659 5187 μὴ
1688 5113 1826 5187 ante
1849 5106 1940 5187 δι’,
1964 5131 1994 5168 e
2015 5131 2039 5170 c

2153 5106 2218 5172 c'e
2238 5106 2378 5170 '2991
2413 5106 2478 5187 Α.

510 5173 720 5258 (22.⁵)Ἶᾼ,
752 5173 1176 5258 1523651152536.
1211 5173 1547 5258 nspt6alﬁc._
1570 5173 1824 5258 Basilius
1858 5173 2039 5258 Prae.

2214 5191 2272 5240 11
2303 5202 2339 5258 ε,
2379 5185 2544 5244 Νίκας
2575 5203 2658 5238 σοι
2711 5184 2802 5258 καὶ
2827 5182 3060 5258 τρόπαια
3088 5183 3204 5238 κατ’
3234 5182 3472 5258 ,ἐχθρῶν
3530 5183 3651 5238 τότε
3697 5202 3839 5256 παρ-

447 5249 548 5330 ἑξέι
580 5249 730 5323 Θεὸς.
766 5249 965 5330 ὁτὲὁταγ
989 5249 1445 5330 ,αὐτὸς-τρόπαια
1465 5249 1732 5330 καζνίκας
1781 5254 2190 5330 στήσας-(ἱππ)
2244 5257 2471 5330 στήσῃς,
2503 5261 2678 5330 ut_est
2706 5256 2791 5330 in_
2826 5249 2954 5330 c'od.
2997 5259 3142 5330 _‘2991
3181 5257 3247 5327 Α)
3279 5249 3415 5330 ἐξιῥά
3468 5259 3576 5310 τῶν
3615 5249 3842 5330 παθῶν,

443 5321 607 5403 Idem
637 5345 688 5383 ο.
718 5321 829 5403 ’17⁸2
861 5321 1231 5403 Μελέτηνλούν
1273 5325 1470 5403 ποιοῦ·
1503 5325 1632 5403 τῶν³
1670 5321 1934 5403 τοιούτων
1996 5321 2293 5403 ὠφελίμων
2324 5321 2531 5403 λόγων,
2563 5326 2668 5403 ’ἳνα
2712 5325 2838 5403 τοὺς
2871 5326 2922 5397 ἐξ
2952 5325 3124 5403 αὐτῶν
3187 5321 3425 5401 καρποὺς
3449 5328 3698 5403 τρυφήοῃ
3754 5323 3844 5403 καὶ

444 5396 630 5458 καλῶς
657 5399 757 5473 τῂν
795 5389 1072 5473 βασιλείαν
1104 5392 1421 5473 διοικήσεις·
1457 5391 1912 5473 ἰωᾳαδιοικήσῃς,
1944 5416 2039 5473 c_u_[

2153 5389 2344 5473 edice,
2405 5389 2529 5471 qui.
2562 5399 2715 5454 bene
2745 5389 2922 5455 habet
2948 5389 3352 5473 τρυφήσῃςξθῐ,
3384 5389 3621 5456 οωῖδδο
3657 5389 3846 5452 τοιού-

443 5490 572 5536 των,
606 5464 768 5544 addit
795 5464 1141 5544 post_l_6_7c_oy
1178 5464 1680 5544 opportuneib'lov
1711 5485 1808 5544 σου
1834 5464 1929 5544 ῖςὸν
1966 5470 2039 5544 pic

517 5543 631 5618 (.23).
661 5536 856 5618 Ερίεῑι.
878 5539 951 5596 ad
982 5536 1313 5618 Philippi},
1336 5541 1408 5618 .2}
1437 5553 1452 5593 ε
1481 5536 1643 5618 Ὲιιρῖ
1675 5536 1776 5610 γὰρ
1807 5539 1870 5618 τ,ὸ
1899 5536 1994 5613 ξῆν
2010 5544 2039 5618 _1

2152 5544 2280 5618 ῐτὸς,
2311 5541 2400 5618 καὶ
2427 5541 2493 5618 τρ
2523 5539 2808 5618 ἀπο-θανεῖν
2842 5539 3053 5617 κέρδος.

524 5609 638 5686 (24)
664 5609 951 5683 Josephus
981 5609 1230 5678 scilicet,
1254 5609 1449 5666 indice
1481 5609 2104 5680 Billio,cOnferendus
2133 5609 2286 5674 libro
2315 5617 2396 5672 De
2427 5612 2679 5674 Maccab.
2712 5629 2842 5691 cap.
2877 5609 2928 5672 1’.
