3994 6150
313 243 448 302 1071

1844 247 2208 303 ΔΟΒΕΝΟΔ.

3549 265 3666 322 10⁸72

311 359 473 428 cura.
508 369 766 427 Araches
791 369 1354 442 igitur,intempesta
1382 376 1552 425 nocte
1577 370 1648 426 ad
1672 370 1801 442 ejus
1824 387 1944 442 spe-

2073 375 2203 444 γοῦν
2267 375 2510 448 Ἀραχής
2565 376 2715 432 νυκτὶ
2775 376 2963 452 βαθείᾳ
3015 377 3077 431 τὸ
3123 376 3324 434 ἐκείνου
3379 382 3662 444 καταλαϐὼν

309 459 550 517 luncam
575 477 638 516 se
661 460 931 524 contulit,
967 458 1263 530 siquidem
1283 461 1345 514 in
1377 460 1699 515 solitudine
1731 461 1956 516 habita-

309 549 790 617 bat,divinationi
805 565 1044 620 operam
1064 549 1176 604 dan
1187 551 1502 620 s.Cumque
1519 551 1629 621 ipsi
1645 551 1961 605 consilium

309 640 371 696 id
391 656 568 695 omne
591 639 752 711 quod
774 638 1074 709 cepissent
1095 639 1666 695 declarassetsimul
1683 648 1858 712 atque
1874 643 1959 696 di-

313 730 484 796 luxit,
518 729 588 784 ad
615 745 814 800 regem
848 744 908 782 se
942 728 1182 799 recepit.
1217 731 1290 782 At
1321 734 1442 783 tum
1467 731 1732 800 quaesitis
1755 749 1959 786 rursus

309 818 578 889 equis,ad
594 818 1062 890 investigandum
1083 819 1448 874 Barlaamum
1464 836 1593 875 sese
1606 821 1768 876 abire
1784 823 1958 877 simu-

309 907 468 964 lavit.
493 909 638 962 Cum
670 913 864 962 autem
901 909 1166 972 exitsset.
1197 925 1262 964 ac
1295 910 1426 965 loca
1457 911 1724 966 solitaria
1755 915 1954 984 perlu-

314 998 742 1064 straret,virum
766 1013 951 1051 unum
978 1014 1046 1051 ex
1069 998 1342 1069 voragine
1367 999 1620 1070 quadam
1647 1002 1954 1073 egredien-

310 1092 428 1140 tem
446 1085 753 1157 conspicit.
787 1088 971 1151 Quem
994 1102 1128 1141 cum
1155 1089 1429 1158 persequi
1446 1089 1747 1159 jussisset,
1767 1091 1955 1162 ipsius

303 1177 555 1232 comites
579 1191 707 1231 eam
731 1175 1093 1230 celeritatem
1118 1176 1520 1232 adhibuerunt
1544 1185 1607 1232 ut
1649 1180 1955 1236 hominem

305 1266 638 1336 arriperent
669 1281 923 1336 eumque
955 1266 1028 1320 ad
1063 1267 1258 1337 ipsum
1287 1267 1664 1322 adducerent.
1709 1271 1785 1324 De
1837 1288 1952 1341 quo

300 1370 438 1410 cum
453 1355 731 1426 quisnam
747 1359 922 1423 esset,
949 1371 1246 1426 quamque
1263 1355 1612 1428 religionem
1631 1358 1870 1426 coleret,
1897 1363 1952 1412 et

305 1459 564 1514 quonam
596 1442 840 1498 nomine
884 1448 1211 1510 vocaretur,
1248 1444 1635 1514 quaesivisset.
1671 1446 1950 1500 Christia-

303 1547 448 1586 num
463 1531 564 1586 ille
579 1547 640 1586 se
657 1547 785 1586 esse
804 1531 1107 1603 professus
1131 1539 1238 1594 est,
1274 1533 1764 1604 Barlaamumque
1796 1551 1950 1589 nun-

301 1621 504 1692 cupari
534 1621 1062 1692 (quemadmodum
1084 1622 1440 1677 videlicetab
1457 1623 1600 1694 ipsis
1623 1625 1949 1679 instructus

296 1709 511 1781 fuerat)
531 1726 646 1781 quo
662 1710 904 1765 nomine
918 1709 1132 1783 gaudio
1149 1711 1707 1781 perfususAraches,
1731 1719 1795 1767 ut
1809 1715 1946 1783 qui-
1979 1739 2028 1805 B

299 1798 431 1854 dem
448 1816 568 1870 praa
583 1816 645 1854 se
657 1799 909 1867 ferebat,
936 1805 1176 1870 accepto
1201 1817 1290 1866 eo,
1310 1801 1751 1872 quamprimum
1767 1803 1838 1856 ad
1852 1819 1948 1857 re-

298 1905 429 1961 gem
444 1889 776 1953 revertitur,
802 1889 973 1959 eique
990 1889 1185 1959 ipsum
1199 1889 1456 1944 exhibet.
1482 1891 1694 1961 Aitque
1715 1909 1815 1946 rex
1843 1908 1945 1946 au-

298 1976 598 2033 dientibus
620 1977 694 2032 iis
720 1977 818 2048 qui
835 1978 1136 2033 astabant:
1159 1980 1318 2032 Tunc
1334 1995 1393 2033 es
1411 1979 1510 2034 ille
1525 1980 1812 2035 daamonis
1833 1981 1944 2035 ad-

303 2067 582 2120 minister
592 2067 999 2122 Barlaam?llle
1011 2073 1207 2121 autem
1221 2068 1545 2138 respondit:
1559 2069 1655 2122 hei
1669 2069 1950 2124 adminis-

305 2160 396 2210 ter
408 2171 635 2222 sum,ac
647 2171 767 2209 non
782 2155 1537 2225 daemonum,quamobrem
1551 2174 1584 2210 n
1597 2174 1625 2210 e
1640 2174 1733 2212 me
1748 2160 1945 2212 convi-

304 2244 412 2299 ciis
431 2243 714 2299 incessas.
744 2243 1038 2299 Plurimas
1054 2245 1213 2298 enim
1238 2245 1382 2299 mihi
1403 2247 1619 2318 gratias
1641 2263 1810 2318 agere
1835 2248 1944 2302 de-

305 2333 721 2405 bes,quoniam
740 2333 929 2388 filium
949 2338 1114 2388 tuum
1131 2351 1330 2390 errore
1344 2341 1519 2405 atque
1533 2336 1862 2407 impostura
1875 2337 1944 2391 li-

296 2410 567 2477 beratum
580 2421 653 2477 ad
666 2422 770 2477 Dei
783 2422 1002 2477 cultum
1018 2423 1443 2494 erudivi,atque
1457 2441 1589 2479 cum
1603 2443 1739 2480 vero
1755 2428 1868 2481 Deo
1883 2427 1944 2482 in

297 2509 548 2585 gratiam
567 2511 876 2566 reductum
893 2513 1054 2566 omni
1071 2512 1305 2566 virtutis
1319 2530 1532 2584 genere
1546 2514 1945 2570 institui.Rur-

299 2616 429 2655 sum
451 2604 648 2655 autem
672 2617 772 2655 rex
789 2601 923 2655 irati
942 2601 1125 2656 animi
1145 2601 1401 2672 speciem
1426 2602 1942 2673 praeferensdixit:

295 2690 409 2744 Par
429 2705 576 2744 sane
599 2694 726 2744 erat
747 2694 831 2754 ut,
867 2689 970 2744 tibi
1014 2691 1305 2745 sermonis
1332 2692 1527 2746 omnis
1550 2709 1617 2747 ac
1642 2693 1944 2748 defensio-

295 2776 392 2832 nis
421 2777 700 2832 facultate
731 2778 1000 2849 praecisa,
1043 2779 1172 2834 sine
1218 2779 1342 2834 ulla
1389 2781 1853 2852 interrogatione
1889 2789 1941 2837 te

293 2872 484 2922 morte
504 2867 839 2922 multarem.
863 2869 1076 2922 Verum
1091 2885 1197 2939 pro
1220 2884 1352 2923 mea
1376 2870 1743 2925 humanitate
1765 2872 1938 2926 tanti-

292 2971 430 3026 sper
444 2959 500 3008 te
520 2953 665 3018 fero,
694 2973 1003 3028 quousque
1027 2957 1099 3012 ad
1130 2962 1357 3012 certum
1394 2958 1552 3013 diem
1592 2960 1662 3015 de
1703 2965 1757 3014 te
1780 2978 1942 3031 quas-

291 3043 549 3100 stionem
581 3044 869 3101 habuero.
904 3048 983 3101 Ac
1015 3045 1308 3116 siquidem
1343 3048 1491 3102 mihi
1523 3049 1940 3121 obtemperan-

283 3131 425 3188 dum
440 3133 942 3200 duxeris,veniam
959 3133 1374 3202 obtinebis;sin
1390 3137 1937 3209 minus.pessimam

285 3227 541 3277 mortem
573 3228 841 3294 oppetes.
877 3224 1012 3278 Haec
1048 3223 1302 3287 locutus,
1333 3227 1544 3280 Arachi
1578 3244 1713 3282 eum
1739 3229 1939 3296 tradit,

288 3309 657 3381 mandatque
687 3317 754 3365 ut
784 3328 919 3366 eum
947 3329 1125 3382 quam
1151 3312 1604 3385 diligentissime
1627 3317 1937 3373 custodiat.

363 3399 656 3454 Postridie
674 3405 871 3454 autem
891 3400 1057 3455 illinc
1079 3401 1148 3456 ad
1169 3402 1454 3472 palatium
1479 3421 1648 3458 suum
1672 3423 1940 3462 reversus

299 3490 676 3559 est.Repente
694 3489 874 3561 igitur
895 3497 1131 3562 captum
1152 3507 1280 3546 esse
1301 3493 1671 3548 Barlaamum
1702 3512 1938 3551 rumore

283 3575 604 3638 ferebatur,
621 3577 767 3631 adeo
791 3583 856 3631 ut
878 3577 1002 3649 ipse
1021 3595 1257 3649 quoque
1281 3581 1434 3652 regis
1456 3581 1614 3636 filius
1631 3583 1740 3638 hac
1755 3600 1816 3637 re
1838 3601 1934 3639 au-

282 3665 410 3721 dita
430 3667 777 3739 gravissimo
809 3668 994 3722 animi
1025 3668 1228 3724 dolore
1281 3671 1635 3737 afﬁceretur,
1670 3690 1778 3727 nec
1815 3675 1935 3728 ullo

285 3755 461 3810 modo
491 3756 769 3826 lacrymis
790 3756 1085 3811 moderari
1101 3763 1522 3829 posset,verum
1539 3762 1855 3833 gemitibus
1869 3780 1935 3818 ac

287 3844 548 3900 luctibus
582 3846 764 3900 Deum
796 3846 1155 3906 obsecraret.
1187 3847 1501 3918 ipsumque
1532 3854 1597 3904 ut
1619 3852 1933 3923 seniopem

286 3932 473 3987 ferret
502 3933 916 3989 obtestaretur.
953 3936 1067 3989 Nec
1088 3951 1222 3989 vero
1255 3934 1560 3991 lubentem
1584 3956 1718 3993 eum
1742 3940 1933 3995 bonus

285 4017 386 4074 ille
419 4022 572 4076 Deus
594 4020 898 4092 despexit;
924 4020 1214 4093 benignus
1237 4023 1395 4076 enim
1419 4030 1508 4077 est
1525 4025 1598 4077 iis
1621 4026 1721 4095 qui
1747 4027 1932 4097 ipsius

280 4124 456 4179 opem
485 4109 546 4163 in
571 4109 666 4163 die
686 4109 1087 4164 tribulationis
1107 4118 1470 4183 exspectant,
1491 4119 1666 4184 atque
1691 4131 1789 4170 eos
1831 4117 1930 4186 qui

280 4195 472 4267 ipsius
494 4203 655 4251 metu
685 4198 915 4268 praediti
948 4204 1088 4254 sunt
1116 4201 1400 4272 agnoscit.
1437 4203 1598 4258 Unde
1631 4204 1808 4260 etiam
1832 4205 1929 4277 ju-

2073 463 2342 534 σπήλαιον
2370 466 2484 540 (τὰς
2505 467 2746 542 ἐρήμους
2787 468 2888 542 γάρ
2921 462 3071 539 ᾤκει,
3103 474 3373 538 μαντικῶς
3412 471 3666 545 σχολάζων

2070 551 2333 626 τέχναις),
2364 553 2453 608 καὶ
2485 552 2658 608 πάντα
2705 552 2852 626 αὐτῷ
2905 552 2970 607 τὰ
3033 548 3422 627 βεϐουλευμένα
3470 564 3665 637 σαφηνί-

2074 661 2190 710 σας,
2226 641 2363 716 πρὸς
2413 643 2502 696 τὸν
2553 641 2778 718 βασιλέα
2835 643 2947 715 ἅμα
3000 639 3148 717 πρωΐ
3205 644 3554 718 ἐπανέρχεται,
3586 651 3666 705 Καὶ

2071 726 2139 798 δὴ
2169 731 2356 793 ἱππεῖς
2412 731 2560 804 αὐτῷ
2615 733 2766 793 αὖθις
2827 732 3084 801 ζητήσας,
3143 729 3230 784 ἐπὶ
3287 734 3431 790 ποι
3482 732 3665 809 ἔρευναν

2067 823 2162 873 τοῦ
2197 819 2466 896 Βαρλαᾶμ
2513 820 2820 895 έξέρχεσθαι
2881 825 3280 894 προσεποιεῖτο.
3317 820 3593 894 Ἐξελθόντι
3621 824 3668 882 δὲ

2066 909 2151 962 καὶ
2205 909 2300 970 τὰς
2350 909 2591 984 ἐρήμους
2649 910 3105 984 έμπεριπατοῦντι
3155 911 3339 979 ὁρᾶται
3393 910 3526 984 αύτῷ
3553 913 3666 990 ἀνὴρ

2064 1020 2146 1061 τις
2180 999 2239 1054 ἐκ
2291 1001 2569 1074 φάραγγός
2606 1020 2753 1061 τινος
2801 998 3176 1073 ἐξερχόμενος.
3211 1000 3323 1054 Τοῦ
3353 995 3408 1052 δὲ
3433 999 3668 1055 καταδιώ-

2061 1107 2174 1140 κειν
2208 1087 2365 1142 αὐτὸν
2412 1087 2791 1158 κελεύσαντος,
2851 1087 3106 1160 φθάνουσι
3134 1086 3198 1140 τὸ
3227 1086 3395 1161 τάχος
3449 1093 3567 1162 (25),
3594 1091 3669 1144 καὶ

2064 1171 2429 1239 συλλαϐόντες
2461 1177 2599 1252 πρός
2644 1175 2802 1230 αὐτὸν
2837 1173 3046 1250 ἄγουσι,
3079 1179 3186 1230 Τοῦ
3219 1173 3276 1230 δὶ
3303 1177 3670 1249 πυνθανομένου

2061 1265 2141 1329 τίς
2186 1287 2243 1320 τε
2301 1264 2384 1336 εἷή
2439 1266 2528 1320 καὶ
2583 1264 2743 1326 ποίας
2803 1263 3096 1340 θρησκείας
3153 1266 3187 1333 ἢ
3243 1263 3297 1318 τί
3343 1264 3671 1338 καλούμενος,

2062 1355 2380 1429 Χριστιανὸν
2434 1354 2527 1427 μὲν
2588 1354 2788 1415 ἐκεῖνος
2849 1352 3034 1408 ἑαυτὸν
3087 1350 3403 1420 ἀπεκάλεσε,
3435 1352 3672 1426 Βαρλαδιμ

2063 1439 2118 1496 δὲ
2163 1443 2434 1516 ὠνόμασε,
2489 1445 2730 1519 καθάπερ
2791 1439 3092 1497 δεδίδακτο.
3147 1444 3330 1514 Χαρᾶς
3360 1439 3416 1496 δὲ
3441 1440 3672 1512 πλησθεὶς

2061 1533 2088 1586 ὁ
2139 1533 2401 1606 Ἀραχής,
2462 1533 2536 1595 ὡς
2587 1530 2843 1601 ἐδείκνυε,
2898 1532 3168 1608 τάχιστα,
3223 1535 3412 1585 τοῦτον
3468 1527 3670 1599 λαϐὼν,

2058 1622 2197 1692 πρὸς
2251 1623 2341 1676 τὸν
2403 1620 2628 1696 βασιλέα
2684 1620 3081 1695 ἐπανέρχεται·
3169 1619 3260 1673 καὶ
3333 1616 3398 1687 δή
3459 1619 3672 1692 μηνύσας

2059 1710 2378 1784 παρίστησιν
2411 1711 2592 1765 αὐτόν.
2645 1710 2738 1763 Καὶ
2799 1729 2960 1785 φησιν
2985 1710 3013 1763 ὁ
3049 1706 3306 1784 βασιλεὺς
3339 1707 3412 1769 είς
3463 1707 3669 1778 ἐπήκοον

2057 1801 2275 1854 πάντων
2304 1805 2412 1854 τῶν
2453 1805 2563 1869 (26)
2608 1799 3042 1874 παρισταμένων
3080 1797 3153 1852 Σὺ
3186 1800 3237 1853 εἴ
3263 1799 3291 1852 ὁ
3319 1801 3414 1852 τοῦ
3443 1795 3669 1868 δαίμονος

2057 1888 2292 1963 ἐργάτης
2344 1889 2655 1962 Βαρλαάμς
2714 1888 2776 1943 Ὁ
2807 1885 2864 1941 δὲ
2895 1883 3208 1964 ἀντέφησενο
3273 1890 3375 1941 Τοῦ
3423 1883 3547 1940 Θεοῦ
3597 1884 3670 1959 ἐρ-

2055 1977 2225 2052 γάτης
2273 1976 2412 2049 εἰμί,
2442 1977 2531 2031 καὶ
2566 1975 2626 2030 ού
2680 1979 2788 2030 τῶν
2856 1973 3150 2046 δαιμόνων.
3185 1975 3283 2044 Μὴ
3316 1974 3406 2029 οὖν
3458 1993 3520 2046 με
3570 1972 3668 2027 λοι-

2057 2063 2224 2138 δόρει.
2281 2064 2503 2127 Πολλὰς
2532 2066 2632 2140 γάρ
2677 2085 2772 2137 μοι
2823 2062 3118 2138 ὁμολογεῖν
3148 2063 3380 2138 χάριτας
3412 2062 3666 2139 ὀφειλέτης

2055 2155 2124 2221 εἴ,
2159 2151 2240 2206 ὅτι
2269 2153 2378 2206 τὸν·
2425 2152 2538 2206 υἱόν
2573 2173 2668 2206 σου
2724 2147 2992 2206 θεοσεϐεἳν
3047 2148 3283 2221 ἐδίδαξα,
3314 2147 3485 2219 πᾶσης
3513 2146 3666 2203 ἀπαλ-

2056 2241 2218 2316 λάξας
2277 2244 2486 2312 ἀπάτης
2542 2242 2632 2296 καὶ
2687 2246 2769 2313 τῷ
2821 2243 2968 2300 205
3027 2239 3280 2312 ἀληθινῷ
3360 2237 3666 2307 καταλλάξας

2055 2335 2190 2402 Θεῷ,
2224 2331 2312 2384 καὶ
2343 2336 2513 2384 πᾶσαν
2571 2327 2863 2392 παιδεύσας
2895 2328 3090 2404 ἀρετῆς
3141 2326 3313 2396 ἰδέαν,
3364 2328 3525 2390 Αὖθις
3570 2323 3665 2380 δὲὸ

2059 2418 2312 2494 βασιλεὺς
2347 2465 2361 2488 ,
2419 2419 2770 2493 ὀργιζόμενος
2827 2418 3044 2492 ὥσπερ,
3105 2413 3231 2494 ἔφη·
3285 2414 3432 2473 Ἒδει
3486 2417 3572 2488 μέν
3621 2434 3669 2467 σε

2058 2505 2197 2581 μηδὲ
2229 2506 2400 2583 λόγου
2436 2509 2498 2562 τὸ
2545 2507 2795 2581 παράπαν
2845 2507 3162 2577 ἀξιώσαντα,
3198 2505 3235 2575 ἢ
3266 2506 3432 2561 τόπον
3489 2503 3672 2559 ἀπολο-

2053 2597 2176 2670 γίας
2237 2594 2441 2667 δόντα,
2500 2593 2627 2650 ἀλλ’
2687 2597 3038 2671 ἀνερωτητως
3071 2641 3085 2667 ,
3141 2600 3482 2658 θανατῶσαι.
3539 2589 3672 2648 Ἀλλ’

2054 2686 2322 2760 ἀνέχομαί
2378 2706 2472 2740 σου
2527 2689 2624 2740 τοῦ
2679 2685 2952 2760 θράσους,
2993 2691 3096 2752 τῆς
3152 2683 3540 2757 προσηκούσης
3594 2698 3670 2751 μοι

2049 2772 2224 2830 ἕνεκεν
2285 2775 2718 2852 φιλανθρωπίας,
2772 2773 2876 2835 ἓως
2933 2776 3102 2839 τακτῆ
3135 2774 3325 2849 ἡμέρᾳ
3379 2771 3592 2844 ἐξετάσω
3615 2766 3671 2821 τὰ

2049 2866 2173 2939 περὶ
2222 2865 2336 2921 σοῦ.
2401 2865 2497 2920 Καὶ
2529 2909 2542 2932 ,
2595 2864 2639 2919 εἰ
2697 2864 2791 2937 μὲν
2855 2863 3136 2933 πεισθείης
3191 2885 3315 2936 μοι,
3369 2860 3671 2936 συγγνώμη(

2051 2954 2344 3029 ἀξιωθήσῃ·
2377 2954 2422 3009 εἰ
2456 2952 2512 3009 δὲ
2547 2956 2646 3027 μή,
2678 2957 2860 3015 κακῶς
2907 2953 3112 3026 ἀπολῇ.
3147 2951 3344 3014 Οὕτως
3401 2949 3577 3014 εἰπὼν,
3603 2948 3667 3016 τῷ

2050 3043 2264 3119 Ἀραχῇ
2320 3049 2513 3099 τοῦτον
2573 3040 2934 3117 παραδίδωσι,
2989 3039 3280 3116 φυλάττειν
3343 3033 3668 3116 ἀκριϐέστατα

2052 3131 2452 3206 ἐντειλάμενος.

2115 3405 2195 3476 Τῇ
2247 3399 2304 3455 δὲ
2352 3399 2606 3476 ἐπαύριον
2662 3399 2942 3472 ἀναζεύξας
2987 3399 3210 3468 ἐκεῖθεν,
3248 3397 3386 3472 πρὸς
3432 3395 3493 3450 τὸ
3542 3388 3664 3446 ’ίδιον

2045 3491 2283 3547 ἐπάνεισι
2333 3489 2603 3545 παλάτιον
2641 3533 2654 3545 .
2715 3488 2816 3546 Καὶ
2876 3487 3161 3558 ἐξηκούετο
3205 3487 3538 3562 κρατηθῆναι
3589 3480 3664 3533 τὸν

2044 3583 2342 3660 Βαρλαᾶμ,
2394 3581 2531 3637 ὥστε
2584 3582 2674 3636 καὶ
2730 3582 2822 3636 τὸν
2887 3579 3154 3655 βασιλέως
3213 3577 3512 3633 ἀκούσαντα
3564 3568 3663 3626 υἱόν

2044 3658 2232 3734 δεινῶς
2262 3673 2360 3739 τήν
2390 3672 2574 3745 ψυχὴν
2608 3669 2867 3743 ἀλγῆσαι,
2889 3669 2976 3722 καὶ
3013 3665 3282 3740 μηδόλως
3309 3670 3418 3720 τῶν
3443 3658 3662 3735 δακρύων

2042 3763 2305 3838 ἐγκρατῆς
2362 3757 2614 3814 δύνασθαι
2673 3761 2826 3813 εἶναι.
2881 3761 3215 3830 Στεναγμοῖς
3250 3752 3309 3810 δὲ
3346 3753 3435 3808 καὶ
3465 3751 3665 3838 θρήνοις

2039 3851 2129 3904 τὸν
2164 3849 2290 3903 Θεὸν
2320 3846 2603 3914 ἐδυσώπει,
2635 3847 2725 3900 καὶ
2783 3845 2858 3908 εἷς
2891 3846 3143 3920 βοήθειαν
3173 3843 3338 3899 αὐτὸν
3372 3837 3661 3897 ἐπεκαλεῖτο

2039 3943 2134 3992 τοῦ
2163 3939 2436 4013 γέροντος.
2489 3933 2567 3990 Ού
2620 3932 2868 4009 παρεῖδεν
2929 3934 3020 3987 οὗν
3079 3932 3240 3986 αύνὸν
3291 3923 3660 4004 ὀδυρόμενονό

2041 4011 2275 4100 ἀγαθός’
2325 4025 2566 4100 χρηστὸς
2621 4024 2721 4098 γάρ
2782 4022 2893 4077 ἐστι
2966 4027 3082 4083 τοῖς
3157 4022 3518 4093 ὑπομένουσιν
3573 4011 3660 4110 αύ-

2035 4118 2126 4170 τὸν
2161 4120 2269 4186 (27)
2301 4114 2354 4168 ἐν
2398 4111 2579 4186 ἡμέρᾳ
2635 4111 2872 4186 θλίψεως
2903 4115 3035 4183 (28),
3068 4109 3159 4164 καὶ
3216 4110 3498 4186 γινώσκων
3552 4109 3661 4156 τους

2037 4199 2470 4275 εὐλαϐουμένους
2516 4201 2700 4256 αὐτόν·
2762 4201 2820 4262 ’ὸς
2849 4200 2938 4254 καὶ
2990 4204 3068 4270 τῷ
3125 4198 3232 4271 νέῳ
3285 4196 3358 4252 δι’
3411 4197 3659 4270 ὁραματοξ

274 4284 406 4339 veni
421 4301 529 4355 per
540 4292 898 4341 nocturnum
914 4288 1105 4342 visnm
1124 4290 1328 4344 omnia
1345 4290 1929 4367 declarat,rohurque

2056 4298 2343 4369 νυκτερινοῦ
2400 4291 2572 4346 πάντα
2601 4288 2877 4365 γνωρίζεί,
2908 4289 2997 4343 καὶ
3021 4287 3182 4363 ἰσχὺν
3214 4289 3367 4358 αὐτῷ
3423 4282 3656 4346 ἐντίθησι,

271 4373 382 4444 ipsi
398 4372 766 4446 addit,atque
781 4375 855 4430 ad
875 4375 1110 4446 pietatis
1127 4385 1428 4434 certamen
1443 4398 1576 4434 eum
1593 4384 1922 4439 conﬁrmat.

2056 4387 2121 4440 ιαὶ
2187 4384 2262 4444 εἷς
2322 4382 2411 4436 τὸν
2464 4387 2564 4450 τῆς
2643 4373 2911 4440 εὐσεϐείας
2995 4377 3399 4453 παραοαρῥύνει
3457 4374 3658 4447 ἀγῶνα.

272 4463 453 4533 Expei
466 4464 875 4536 rectusitaque
889 4481 990 4520 cor
1005 4482 1179 4521 suum
1203 4467 1378 4538 paulo
1402 4474 1538 4523 ante
1553 4473 1832 4527 minstitia
1861 4491 1928 4529 ac

2056 4476 2298 4546 Εξυπνος
2330 4468 2387 4524 δὲ
2429 4470 2735 4545 γενόμενος,
2793 4469 2970 4543 χάρᾶς
2999 4487 3057 4521 τε
3085 4465 3277 4540 πλήρη
3331 4464 3418 4518 καὶ
3453 4462 3658 4535 θάρσους

341 4588 454 4669 (2,5)
478 4590 542 4669 β»
572 4589 766 4669 τεῖχος.
801 4592 960 4669 Nptaa
991 4591 1390 4669 formularum
1412 4589 1603 4669 τάχφς,
1629 4591 1944 4669 ὅρον-τάχος

2072 4597 2250 4669 τάχει.
2276 4597 2671 4669 Minusobvim
2696 4591 3247 4669 tiXOc_ei:15_TtiXOC.
3280 4592 3480 4669 minus
3503 4585 3656 4669 eﬁ‘ifm}

272 4651 711 4742 ὠνία-ἐντείχᾷ
743 4660 872 4730 τινί,
907 4679 1036 4742 qua:
1069 4669 1162 4742 est
1187 4651 1457 4742 inﬂatae
1480 4651 1623 4742 ἓξὲξ
1659 4651 1944 4742 Ἀλλῇἓρά

2056 4651 2401 4742 ιττῗπέᾶγμα
2433 4651 2551 4720 obvii
2582 4670 2740 4738 τάχει
2770 4651 2904 4718 ςξιν-ί.
2939 4665 3050 4742 _Sed
3099 4651 3276 4742 quam
3309 4664 3482 4742 friget
3528 4651 3656 4742 illud

265 4728 374 4782 τινί
404 4731 416 4785 Ι
451 4728 873 4812 Malim-locum
904 4728 987 4812 sic
1017 4733 1166 4812 strui
1199 4750 1211 4786 :
1243 4728 1368 4786 ἀλλ’
1401 4733 1622 4803 ἀρκτέον
1654 4736 1760 4789 τινὶ
1787 4739 1849 4790 τὸ
1879 4728 1944 4810 πρ

2056 4761 2104 4793 ια
2153 4728 2246 4793 σὺν
2293 4728 2473 4812 axe...
2529 4728 2824 4812 Noverunt
2853 4738 2972 4812 qui
3004 4728 3655 4812 poetas_legunt'quam

269 4819 486 4880 smpea
514 4803 1263 4880 loquen_tertz<.de‘se_ipso
1296 4801 1635 4880 usurpetur.
1677 4810 1742 4863 In
1783 4801 1944 4880 Ajac'c

2056 4830 2216 4868 lOl‘llS
2261 4813 2333 4868 de
2370 4801 2441 4866 se
2470 4829 2520 4863 ν.
2554 4814 2694 4866 24-οε
2731 4807 2849 4880 ὥρα
2873 4801 2973 4880 τιν’
3004 4801 3113 4880 ἤδη
3165 4801 3653 4880 κάρανκαλύμμηασι

267 4869 612 4954 κρυψάμενρν
644 4871 846 4954 ποδοῖν.
868 4871 1081 4954 κλοπάν
1111 4869 1335 4954 ἀρέσθαι.
1387 4869 1513 4954 vide
1546 4877 1623 4954 ibi
1675 4869 1929 4937 Brunvck.

2058 4901 2128 4940 ax
2171 4884 2242 4939 de
2274 4901 2335 4938 se
2367 4901 2415 4936 ν.
2450 4884 2552 4936 396
2579 4899 2591 4936 :
2628 4885 2740 4954 quoi
2767 4869 2849 4954 τις
2893 4877 2986 4954 οὖν
3234 4869 3304 4934 Et
3352 4869 3534 4952 habet.
3565 4869 3654 4947 SQ-

266 4941 508 5028 plloclés
539 4942 590 4997 ἐν
622 4941 1112 5028 τᾶχει“ίζ)ί(1.]95;
1143 4941 1367 5001 Dixerit
1396 4948 1573 5028 igitur
1597 4948 1817 5021 ἀρκτέον
1847 4953 1944 5006 τινῖ

2061 4955 2234 5028 axde
2262 4971 2328 5028 se
2354 4972 2430 5028 ;_«
2463 4953 2638 5008 alicni
2672 4941 3217 5028 est‘incipiendum,
3251 4972 3276 4999 »ι
3314 4965 3436 5028 pro.
3471 4967 3497 4992 ‹‹
3522 4941 3654 5028 inci:

266 5013 550 5094 piendum
583 5022 673 5068 est
696 5013 869 5094 mihi.
906 5038 933 5063 »
966 5016 1251 5094 Prodesse
1282 5013 1501 5094 poterit
1530 5013 1654 5075 haec
1685 5013 2157 5094 observatioualii
2220 5013 2488 5094 ejusdem
2539 5023 2833 5094 tragoedias
2888 5013 3037 5079 loco.
3073 5013 3334 5094 Minerva:
3375 5018 3651 5094 Ajapem‘e

264 5083 757 5166 tentorip‘equat
779 5103 1004 5166 ;_que‘m
1037 5088 1134 5166 qui
1167 5083 1378 5166 met'uit
1420 5091 1673 5166 lesses.
1705 5093 1771 5166 Τί
1803 5091 1944 5166 δρᾷς,

2056 5096 2195 5150 λθάνα
2228 5083 2358 5163 ,νειίῐ
2394 5114 2445 5150 v.
2493 5099 2594 5149 74:
2630 5083 2915 5166 Μηδαμῶς
2963 5095 3050 5166 σφ’
3083 5091 3181 5162 ἔξω
3211 5089 3394 5166 κςὶλὶ-ιζ
3416 5083 3502 5152 Μὴ
3533 5083 3652 5166 τῖὲδῖ

454 5151 584 5236 ἀλλ’
615 5151 1029 5236 ἔνδον-ἀρκείτιιυ
1055 5151 1258 5228 μένων.
1291 5161 1677 5230 Imperativus
1707 5151 1944 5236 ἀρκεῖτό

2056 5186 2074 5222 ι
2108 5174 2196 5223 est
2227 5151 2468 5222 omnino
2500 5151 2742 5221 nitidus.
2779 5151 3212 5236 Glossa,‘quam
3243 5163 3357 5236 legi
3382 5162 3441 5236 in
3471 5151 3650 5236 Codice

263 5227 406 5280 2812
435 5228 504 5292 Α,
531 5225 756 5312 ,ἀρκετόν
791 5225 923 5312 ἐστι,
962 5225 1275 5312 αάλνρῐξδεῃ
1319 5225 1412 5286 me
1466 5232 1690 5312 ducere
1728 5225 1944 5312 videtur

2056 5241 2388 5312 :ripturam.
2430 5237 2855 5312 scilicetiﬁdpae‘i
2883 5225 3008 5312 ,τῳλ
3054 5225 3086 5287 ἶ
3121 5225 3595 5312 αιίουί’”δαςὶς“ς5ῑν
3625 5241 3646 5312 ’ξ

261 5314 369 5422 ριέο
403 5319 430 5347 ‹‹
465 5296 610 5353 mihi
643 5299 787 5354 satis
819 5305 926 5354 est.
963 5321 987 5351 ι
1020 5301 1184 5365 Quod
1213 5301 1447 5373 Ulysses
1479 5321 1615 5361 mox
1653 5307 1866 5365 iisdem
1914 5311 1944 5364 fi

266 5389 308 5422 ιι
337 5387 464 5422 νειν.

2056 5329 2099 5368 Le
2128 5296 2330 5366 Averbis
2376 5310 2550 5366 iterat
2583 5327 2596 5365 :
2649 5296 2808 5381 Ἐμοὶ
2843 5306 2937 5381 μὶν
2960 5296 3127 5382 ’ἀρκεῖ
3151 5309 3341 5362 τοῦτον
3395 5300 3446 5355 ἐν
3477 5296 3649 5367 δόμοις

337 5387 464 5426 νειν.

309 5389 464 5426 ενειν.

263 5389 308 5440 μ
333 5441 448 5512 (26)
477 5442 526 5496 Α
557 5440 686 5498 sine
709 5443 839 5496 τῶν.
876 5443 916 5497 C
947 5443 1078 5499 sine
1108 5441 1343 5504 πάντων,

335 5513 451 5583 (27)
481 5512 636 5570 Psal.
669 5531 846 5583 cxmv,
875 5518 928 5571 9.

337 5583 445 5655 (28)
473 5583 639 5641 Conf.
669 5585 818 5658 psal.
848 5603 966 5659 xix,
993 5592 1041 5643 1.
