3994 6150
335 324 478 398 {0‘17

1501 344 1670 398 VITA
1707 324 2057 395 nutum
2091 328 2187 392 ET
2219 339 2564 394 JOASAPH.

3546 302 3569 349 7
3592 320 3733 394 1678

330 464 526 526 σκότος
558 461 832 541 ἐξέφυγον,
863 467 942 536 τῷ
973 465 1113 543 φωτὶ
1142 461 1535 541 προσδραμών·
1568 463 1657 520 καὶ
1695 464 1797 534 τὴν
1828 459 1971 516 πλά-

2089 460 2316 517 inﬁcias
2343 461 2570 518 iverim.
2598 462 2879 519 Tenebris
2904 461 3063 518 enim
3084 461 3221 535 fuga
3250 459 3497 533 relictis,
3531 463 3604 519 ad
3638 463 3733 520 lu-

325 574 427 624 νην
459 549 751 623 ἀπέλιπον,
780 557 850 629 τῇ
882 552 1112 627 ἀληθείᾳ
1142 553 1463 618 οἷ’κειωθείς·
1497 554 1609 627 καὶ,
1642 557 1758 617 τοῖς
1784 549 1978 625 δσίμο-

2086 567 2214 607 cem
2237 552 2486 621 accurri,
2511 568 2579 607 ac
2608 552 2814 608 relicto
2844 567 3042 607 errore
3066 551 3139 607 ad
3159 550 3469 607 veritatem
3497 567 3592 607 me
3615 551 3728 607 ad-

328 663 411 696 cnv
470 645 626 701 210
671 643 1103 717 ἀποταξάμενος,
1162 645 1382 720 Χριστῷ
1439 642 1808 716 συνεταξάμην
1843 642 1978 715 (40),

2089 641 2283 712 iunxi;
2316 643 2646 713 nuntioque
2679 640 3050 697 daemonibus
3098 641 3370 708 remisso,
3404 639 3478 696 ad
3511 641 3728 698 Christi

330 734 412 803 τῷ
440 736 537 787 τοῦ
567 735 701 787 Θεοῦ
749 734 837 788 καὶ
887 735 1096 809 Πατρὸς
1142 734 1254 806 Υἱῷ
1302 733 1391 789 καὶ
1439 734 1623 807 Λόγῳ,
1678 733 1738 787 οὗ
1767 736 1845 803 τῷ
1879 730 1983 806 ῥή-

336 840 465 894 ματι
486 823 751 896 παρήχθη
783 819 846 876 τό
874 827 978 877 πᾶν
1009 820 1068 877 ἔκ
1102 823 1178 895 μή
1203 819 1392 895 ὅντων,
1420 820 1480 884 ὅς
1501 821 1613 891 καὶ,
1643 822 1736 877 τὸν
1768 818 1983 895 ἅνθρω-

328 931 433 965 πον
466 908 524 965 ἐκ
553 911 688 986 χοὸς
721 907 1042 979 διαπλάσας,
1097 912 1330 981 ζωτικὴν
1380 909 1674 987 ἐνεφύσησε
1703 910 1896 979 πνοὴν,
1929 907 1981 963 ἐν

331 995 648 1075 παραδείσῳ
701 1020 759 1055 τε
816 1002 931 1074 (41)
1013 1006 1117 1070 τῆς
1173 1007 1383 1079 τρυφῆς
1446 997 1593 1055 ἔθετο
1653 996 1978 1068 διαιτᾶσθαι,

330 1083 648 1163 παραϐάντα
704 1086 761 1144 δὲ
832 1090 929 1158 τὴν
990 1088 1218 1159 ἐντολὴν
1266 1089 1431 1145 αὐτοῦ
1486 1088 1575 1144 καὶ
1630 1093 1712 1161 τῷ
1769 1086 1981 1160 θανάτῳ

336 1175 597 1234 ὑπόδικον
628 1178 937 1252 γενόμενον,
984 1182 1054 1254 τῇ
1111 1179 1322 1253 ἐξουσίᾳ
1343 1200 1402 1235 τε
1430 1183 1531 1235 τοῦ
1563 1176 1741 1234 δεινοῦ
1769 1199 1977 1252 κοσμο·

331 1265 606 1341 κράτορος
637 1268 750 1341 (42)
800 1265 1130 1342 ὑπαχθέντα,
1192 1269 1291 1323 οὐκ
1342 1269 1543 1339 ἀπέστη
1604 1270 1773 1324 πάντα
1802 1271 1976 1323 ποιῶν

332 1357 473 1430 πρὸς
525 1356 627 1426 τήν
685 1355 918 1433 ἀρχαίαν
981 1356 1320 1433 βουλόμενος
1378 1358 1735 1435 ἐπαναγαγεῖν
1788 1360 1975 1433 τιμήν.

336 1446 432 1501 Διὸ
489 1443 652 1509 αὐτὸς
706 1445 734 1500 6
790 1446 970 1517 πάσης
1024 1454 1125 1518 τῆς
1177 1449 1402 1511 κτίσεως
1455 1450 1712 1520 ποιητὴς,
1761 1448 1979 1504 καὶτοῦ

335 1536 609 1607 ἡμετέρου
665 1533 851 1611 γένους
913 1534 1269 1611 δημιουργός,
1325 1540 1609 1615 ἅνθρωπος
1667 1539 1877 1613 ἐγένετο
1909 1537 1980 1593 δι’

340 1626 492 1695 ἡμᾶς
544 1622 635 1679 καὶ
694 1623 780 1679 ἐπὶ
837 1631 937 1701 γῆς
983 1624 1153 1681 ἐλθὼν
1207 1626 1267 1683 ἐκ
1327 1629 1596 1703 Παρθένου
1653 1628 1804 1704 ἁγίας
1862 1634 1978 1691 τοῖς

339 1711 650 1789 ἀνθρώποις
714 1716 1155 1793 συνανεστρὲφετο
1237 1719 1370 1787 (43),
1430 1717 1519 1772 καὶ
1611 1719 1742 1794 ὑπὲρ
1818 1719 1980 1791 ἡμῶν

2085 730 2327 787 ordines
2349 749 2442 787 me
2466 730 2821 802 contuli,qui
2842 730 2943 785 Dei
2967 729 3158 785 Patris
3180 730 3361 785 Filius
3383 746 3451 786 ac
3475 729 3732 786 Verbum

2087 829 2196 891 est,
2220 824 2507 896 cujusque
2537 822 2714 879 verbo
2746 823 2948 879 omnia
2973 840 3041 878 ex
3081 821 3269 877 nihilo
3291 822 3351 877 in
3375 828 3572 879 ortum
3595 839 3734 896 pro-

2085 912 2264 968 ducta
2286 920 2443 983 sunt,
2476 914 2695 985 quique
2735 913 2929 969 efficto
2965 930 2994 968 e
3038 917 3198 968 terra
3223 912 3464 968 homine
3492 912 3733 969 vitalem

2084 1003 2198 1075 ipsi
2217 1003 2490 1074 spiritum
2510 1002 3119 1073 insufflavit,eumque
3143 1002 3205 1057 in
3229 1001 3551 1074 voluptatis
3567 1019 3738 1075 para-

2086 1091 2306 1155 diso.ut
2326 1093 2448 1147 illic
2470 1090 3333 1165 degeret,collocavit.Cumque
3356 1091 3543 1162 ipsius
3564 1108 3731 1148 man-

2084 1179 2286 1235 datum
2326 1181 2623 1248 violasset,
2676 1179 2970 1251 mortique
3018 1178 3267 1252 proinde
3317 1178 3638 1235 obnoxium
3670 1198 3732 1235 se

2082 1270 2644 1341 reddidisset,atque
2661 1270 2943 1326 horrendi
2963 1267 3164 1325 mundi
3182 1267 3467 1341 principis
3480 1274 3736 1340 potesta-

2084 1361 2124 1415 ti
2151 1360 2521 1432 subjecisset,
2546 1378 2666 1416 non
2692 1366 2889 1416 tamen
2911 1359 3111 1415 omnia
3130 1359 3323 1414 facere
3345 1357 3592 1427 destitit,
3618 1375 3734 1431 quo

2085 1466 2222 1506 eum
2245 1449 2316 1505 ad
2340 1450 2651 1522 pristinam
2686 1448 3034 1523 dignitatem
3058 1449 3470 1504 revocaret.Ac
3492 1452 3730 1520 propte-

2082 1556 2184 1594 rea
2206 1538 2305 1594 ille
2329 1556 2530 1594 rerum
2564 1540 2832 1595 omnium
2865 1538 3239 1594 conditarum
3269 1536 3530 1604 effector,
3555 1552 3737 1609 gene-

2083 1628 2286 1700 risque
2307 1630 2496 1684 nostri
2520 1629 2900 1697 architectus,
2927 1632 3133 1684 nostra
3152 1642 3330 1683 causa
3355 1626 3533 1681 homo
3557 1626 3737 1682 effec-

2084 1722 2177 1773 tus
2201 1724 2308 1786 est,
2325 1725 2501 1790 atque
2522 1719 2585 1774 in
2610 1724 2824 1774 terram
2847 1717 3113 1784 veniens,
3139 1721 3197 1771 et
3217 1732 3247 1771 e
3270 1720 3475 1772 sancta
3496 1714 3732 1787 Virgine

334 1806 443 1858 τῶν
496 1801 826 1879 ἀγνωμόνων
887 1805 1111 1861 οἱκετῶν
1172 1807 1199 1861 6
1258 1806 1532 1878 Δεσπότης
1590 1806 1814 1871 θάνατον
1850 1828 1974 1862 κατα

2089 1824 2359 1877 nascens,
2409 1825 2544 1864 cum
2590 1807 2933 1863 hominibus
2982 1804 3475 1862 consuetudinem
3522 1801 3734 1859 habuit

335 1889 551 1963 εδὲξατο
604 1893 692 1947 καὶ
750 1892 972 1950 θάνατον
1035 1895 1127 1951 τὸν
1212 1893 1301 1951 διὰ
1353 1899 1585 1973 σταυροῦ
1637 1897 1769 1970 (44),
1824 1896 1974 1960 ’ὁπως

333 1980 473 2057 λυθῇ
503 1988 604 2052 τῆς
650 1981 913 2057 ἁμαρτίας
961 1984 996 2053 ἠ
1046 1985 1317 2060 τυραννὶς,
1367 1983 1515 2047 ὅπως
1544 1988 1579 2055 ἡ
1613 1984 1848 2061 προτέρα
1876 2005 1976 2040 κα-

330 2068 525 2142 ταδίκη
558 2070 835 2147 ἀναιρεθῇ,
865 2071 1014 2135 ὅπως
1053 2072 1307 2151 ἀνοιγῶσι
1360 2071 1525 2128 πάλιν
1557 2075 1694 2146 ἡμῖν
1723 2075 1777 2129 αἱ
1809 2075 1976 2147 οὐρα-

333 2166 430 2217 νοῦ
457 2159 649 2221 πύλαι.
710 2168 855 2218 Ἐκεῖ
906 2163 1006 2241 γὰρ
1063 2166 1163 2234 τήν
1222 2164 1375 2241 φύσιν
1431 2165 1590 2238 ἡμῶν
1623 2165 1856 2240 ἀνήγαγε
1885 2163 1974 2220 καὶ

333 2248 423 2305 ἐπὶ
456 2249 649 2325 θρόνου
693 2247 853 2324 δόξης
908 2251 1176 2320 κεκάθικε,
1224 2251 1499 2328 βασιλείαν
1530 2273 1588 2308 τε
1615 2254 1715 2322 τὴν
1747 2252 1974 2309 ἀτελεύ-

330 2360 496 2410 τητον
530 2336 842 2412 ἐδωρήσατο
876 2343 1020 2398 211
1057 2346 1173 2405 τοῖς
1219 2339 1375 2397 αὐτὸν
1407 2342 1659 2417 ἀγαπῶσι
1686 2342 1777 2397 καὶ
1808 2343 1979 2417 ἀγαθά

335 2429 404 2485 τά
427 2428 708 2504 κρείττονα
737 2431 825 2485 καὶ
857 2428 1029 2506 λόγου
1076 2431 1166 2487 καὶ
1215 2432 1402 2506 ἀκοῆς.
1444 2431 1616 2495 Αὐτὸς
1644 2432 1744 2510 γὰρ
1775 2432 1913 2486 ἐστιν
1948 2435 1976 2489 6

336 2518 592 2595 κραταιὸς
648 2517 739 2573 καὶ
795 2517 964 2593 μόνος
1024 2516 1283 2592 δυνάστης
1336 2524 1467 2595 (45),
1517 2522 1544 2575 6
1577 2520 1840 2585 Βασιλεὺς
1868 2526 1974 2575 τῶν

346 2604 747 2682 βασιλευόντων
803 2608 895 2662 καὶ
947 2608 1144 2685 Κύριος
1198 2613 1305 2664 τῶν
1361 2604 1717 2684 κυριευόντων
1749 2614 1882 2683 (46),
1916 2609 1978 2665 οὗ

339 2697 404 2751 τὸ
460 2694 656 2770 κράτος
707 2692 925 2772 ἄμάχον
980 2697 1069 2752 καὶ
1124 2699 1160 2767 ἡ
1220 2695 1503 2753 δυναστεῖα
1557 2697 1887 2765 ἀνείκαστος,
1949 2699 1976 2754 6

343 2783 509 2858 μόνος
540 2786 693 2860 ἅγιος
736 2786 828 2841 καὶ
882 2784 933 2840 ἐν
991 2784 1165 2861 ἁγίοις
1218 2785 1644 2861 ἀναπαυόμενος,
1680 2788 1708 2843 6
1739 2786 1830 2842 σὺν
1868 2789 1981 2844 Πα-

339 2872 428 2944 τρὶ
469 2874 556 2927 καὶ
606 2873 746 2948 ἁγίῳ
792 2874 1063 2949 Πνεόματι
1115 2873 1492 2949 δοξαζόμενος,
1540 2875 1614 2938 εἷς
1659 2875 1691 2931 ἃ
1720 2871 1980 2950 βεϐάπτι-

338 2980 491 3034 σμαι.
559 2962 657 3019 Καὶ
709 2962 991 3039 ὁμολογῶ,
1048 2960 1253 3035 δοξάζω
1308 2986 1367 3020 τε
1422 2963 1511 3020 καὶ
1568 2970 1853 3042 προσκυνῶ
1890 2963 1978 3022 ἕνα

336 3050 466 3105 Θεὸν
500 3049 552 3107 ἐν
608 3052 783 3123 τρισὶν
844 3051 1192 3108 ὑποστάσεσιν
1250 3053 1545 3127 ὁμοούσιόν
1587 3075 1644 3111 τε
1685 3055 1774 3110 καὶ
1808 3054 1977 3133 ἀσύγ-

335 3156 527 3214 χυτον,
577 3136 827 3196 όίκτιστόν
881 3161 939 3196 τε
992 3140 1082 3196 καὶ
1138 3142 1419 3213 ἀθάνατον,
1450 3142 1695 3214 αἰώνιον,
1727 3140 1969 3217 ἄπειρον,
2000 3172 2048 3238 c

329 3225 734 3302 ἀπεριόριστον,
768 3226 1076 3300 ἀσώματον,
1110 3228 1311 3299 ἀπαθῆ,
1344 3229 1629 3306 ἄτρεπτον,
1661 3229 1974 3288 ἀναλλοίω-

325 3335 422 3371 τον
479 3318 611 3388 (47),
671 3315 944 3391 ἀόριστον,
1001 3318 1182 3393 πηγὴν
1241 3319 1578 3394 ἀγαθότητος
1635 3322 1725 3377 καὶ
1759 3319 1977 3377 δικαιο-

330 3400 493 3473 σύνης
526 3404 615 3460 καὶ
668 3405 846 3482 φωτὸς
905 3403 1107 3478 ἀϊδίου,
1157 3408 1373 3464 πάντων
1424 3410 1735 3483 κτισμάτων
1770 3411 1976 3483 ὁρατῶν

328 3512 391 3549 τε
446 3492 536 3547 καὶ
594 3491 840 3568 ἀοράτων
896 3497 1157 3567 ποιητὴν,
1217 3496 1518 3574 συνέχοντά
1571 3520 1629 3554 τε
1679 3500 1853 3554 πάντα
1889 3501 1980 3555 καὶ

336 3585 727 3656 συντηροῦντα,
782 3582 997 3639 πάντων
1082 3586 1509 3660 προνοούμενον,
1568 3589 1870 3661 κρατοῦντά
1923 3610 1982 3645 τε

333 3671 551 3726 πάντων
609 3670 704 3726 καὶ
765 3669 1144 3748 βασιλεύοντα.
1206 3671 1343 3732 Οὔτε
1396 3676 1496 3751 γάρ
1554 3674 1760 3752 ἐγένετό
1790 3682 1977 3732 τιτῶν

336 3779 509 3815 οντων
567 3760 745 3837 χωρὶς
797 3761 962 3817 αὐτοῦ
1017 3766 1149 3836 (48),
1210 3759 1334 3819 οὔτε
1383 3770 1484 3834 τῆς
1528 3764 1691 3821 αὐτοῦ
1722 3767 1983 3842 προνοίας

332 3847 462 3906 ἄνευ
518 3852 859 3916 συνίστασθαί
917 3875 968 3908 τι
1031 3851 1269 3909 δόναταν
1328 3853 1486 3919 αὐτὸς
1542 3857 1645 3933 γὰρ
1704 3857 1975 3914 ἐστιπάν-

329 3959 440 3993 των
474 3941 508 4010 ἡ
543 3941 679 4010 ζωὴ,
713 3940 926 3996 πάντων
978 3944 1012 4012 ἡ
1065 3941 1338 4013 σύστασις,
1369 3942 1582 4000 πάντων
1616 3946 1644 4001 6
1677 3949 1979 4025 φωτισμὸς,

333 4025 474 4090 ὅλος
504 4029 820 4107 γλυκασμὸς
869 4031 956 4086 καὶ
1010 4030 1265 4106 ἐπιθυμία
1304 4033 1616 4110 ἀκόρεστος,
1649 4035 1737 4091 καὶ
1770 4037 1982 4094 πάντων

329 4118 443 4169 τῶν
502 4113 710 4193 ἐφετῶν
761 4119 823 4173 τὸ
879 4118 1197 4195 ἀκρότατον.
1257 4121 1335 4179 Τὸ
1391 4121 1708 4179 καταλιπεῖν
1768 4123 1857 4180 οῦν
1889 4128 1979 4182 τὸν

337 4200 514 4264 οὕτως
544 4203 767 4279 ἀγαθὸν,
820 4204 962 4261 οὕτω
1011 4208 1198 4286 σοφὸν,
1240 4207 1410 4263 οὕτων
1457 4207 1677 4266 δυνατὸν
1710 4214 1860 4283 Θεὸν,
1891 4214 1981 4269 καὶ

339 4286 596 4363 δαίμοσιν
629 4292 972 4367 ἀκαθάρτοις,
998 4293 1358 4372 δημιουργοῖς
1390 4300 1600 4354 πάντων
1631 4305 1738 4356 τῶν
1773 4304 1979 4375 παθῶν,

339 4376 655 4454 λατρεῦσαι,
714 4380 929 4452 ξοάνοις
979 4405 1038 4440 τε
1093 4391 1301 4462 κωφοῖς
1385 4387 1476 4442 καὶ
1533 4387 1767 4453 ἀλάλοις
1826 4387 1985 4455 σέϐας

341 4468 658 4543 ἀπονεῖμαι,
689 4476 807 4535 τοῖς
839 4473 978 4544 μήτε
1009 4471 1126 4528 οῦσί
1167 4495 1218 4529 τι
1273 4477 1412 4546 μήτε
1441 4475 1774 4551 ἐσουμὲνοιν,
1808 4479 1981 4551 πόσης

2083 1898 2340 1970 (Baruch.
2373 1897 2473 1970 ιιι).
2507 1901 2588 1953 Ac
2619 1914 2724 1971 pro
2754 1896 2927 1952 nobis
2958 1894 3204 1969 ingratis
3228 1894 3411 1950 servis
3443 1892 3730 1949 Dominus

2084 1993 2335 2043 mortem
2359 1986 2625 2056 subiit,et
2643 1985 2884 2059 quidem
2902 1990 3153 2041 mortem
3175 1984 3368 2040 crucis
3390 1983 3619 2056 (Philip.
3637 1981 3724 2055 ιι),

2083 2082 2148 2132 ut
2172 2077 2447 2132 videlicet
2484 2076 2704 2149 peccati
2737 2075 3005 2148 tyrannis
3048 2073 3121 2129 de
3168 2072 3365 2129 medio
3397 2071 3725 2142 tolleretur,

2082 2169 2363 2241 priorque
2419 2164 2835 2223 condemnatio
2887 2163 3207 2228 deleretur,
3258 2179 3327 2218 ac
3378 2160 3507 2218 coeli
3544 2165 3726 2234 porta)

2083 2257 2255 2314 nobis
2274 2272 2509 2312 rursum
2530 2259 2821 2327 paterent.
2846 2255 2989 2308 Nam
3010 2251 3151 2307 illuc
3168 2257 3439 2307 naturam
3461 2254 3731 2306 nostram

2085 2346 2292 2411 evexit,
2317 2352 2493 2418 atque
2524 2345 2585 2399 in
2615 2344 2817 2417 gloriae
2846 2343 3059 2398 throno
3091 2340 3421 2408 collocavit,
3453 2355 3733 2412 regnum-

2084 2454 2199 2508 que
2251 2435 2386 2490 finis
2437 2451 2667 2506 expers,
2716 2433 2789 2487 iis
2835 2431 2936 2503 qui
2990 2430 3178 2503 ipsius
3235 2446 3437 2486 amore
3496 2427 3733 2503 praediti

2085 2532 2241 2591 sunt,
2274 2522 2528 2583 donavit.
2552 2521 2827 2591 bonaque
2848 2520 3010 2575 omni
3034 2535 3307 2575 sermone
3325 2523 3504 2590 atque
3525 2515 3731 2573 auditu

2082 2611 2497 2684 praestantiora
2517 2611 2566 2680 (Ι
2584 2611 2708 2665 Cor.
2733 2610 2813 2680 ιι).
2839 2609 2970 2679 Ipse
3004 2609 3166 2663 enim
3193 2612 3283 2663 est
3309 2606 3478 2662 fortis
3508 2606 3633 2673 ille,
3664 2621 3732 2661 ac

2085 2700 2246 2757 solus
2269 2699 2625 2771 potens,Bex
2654 2713 2858 2771 regum
2892 2702 2950 2751 et
2975 2696 3261 2752 Dominus
3291 2693 3731 2751 dominantium

2084 2789 2282 2862 (Apoc.
2316 2789 2451 2859 xIx),
2481 2787 2650 2858 cujus
2696 2785 2880 2842 robur
2932 2785 3215 2840 invictum
3241 2788 3352 2850 est,
3385 2787 3443 2838 et
3466 2782 3731 2855 potentia

2085 2877 2376 2950 ejusmodi
2398 2892 2527 2948 quae
2546 2891 2783 2931 omnem
2801 2874 3022 2947 ingenii
3038 2873 3442 2945 conjecturam
3464 2869 3728 2938 excedat;

2087 2967 2185 3038 qui
2228 2966 2390 3021 solus
2423 2970 2660 3022 sanctus
2711 2970 2821 3031 est,
2853 2969 2911 3020 et
2956 2964 3018 3019 in
3051 2960 3272 3019 sanctis
3303 2960 3729 3034 requiescens;

2085 3055 2184 3128 qui
2210 3072 2343 3111 cum
2365 3056 2535 3110 Patre
2556 3059 2614 3110 et
2634 3054 2853 3127 Spiritu
2871 3058 3074 3109 sancto
3097 3051 3481 3125 gloriﬁcatur;
3502 3050 3562 3105 in
3585 3066 3731 3121 quo-

2087 3162 2220 3202 rum
2242 3143 2481 3200 nomine
2503 3144 2827 3216 baptizatus
2845 3159 3000 3213 sum,
3019 3147 3078 3198 et
3096 3158 3243 3213 quos
3261 3138 3734 3206 conﬁteor,cele-

2087 3235 2193 3290 bro
2225 3241 2401 3307 atque
2432 3233 2633 3302 adoro,
2679 3250 2866 3289 unum
2898 3233 3082 3289 Deum
3112 3230 3175 3287 in
3205 3230 3395 3287 tribus
3438 3228 3733 3304 personis,

2089 3323 2680 3385 consubstantialem,
2705 3339 2773 3379 ac
2795 3319 3163 3379 confusionis
3190 3325 3514 3393 expertem,
3542 3318 3737 3375 incre-

2090 3419 2271 3472 atum.
2326 3412 2747 3479 immortalem,
2799 3412 3253 3483 sempiternum,
3301 3409 3631 3477 inﬁnitum,
3662 3408 3737 3465 ab

2089 3501 2251 3557 omni
2297 3501 2847 3567 circumscriptione
2876 3506 3199 3564 remotum,
3231 3516 3477 3573 corpore
3525 3512 3737 3554 vacan-

2091 3595 2271 3659 tem,a
2296 3590 2841 3663 perturbationibus
2863 3596 2923 3646 et
2943 3589 3271 3646 mutatione
3294 3594 3470 3661 atque
3495 3604 3738 3643 conver-

2092 3681 2257 3735 sione
2284 3681 2567 3743 alienum,
2601 3679 2763 3734 omni
2812 3678 3066 3734 termino
3100 3684 3424 3746 carentem,
3452 3675 3735 3732 bonitatis

2092 3770 2411 3841 etjustitiae
2435 3786 2502 3825 ac
2528 3768 2907 3840 sempiternas
2929 3768 3081 3823 lucis
3101 3767 3349 3831 fontem,
3372 3781 3573 3821 rerum
3605 3780 3731 3821 om-

2090 3860 2255 3915 nium
2278 3858 2797 3922 conditarum,tam
2810 3874 2941 3929 quee
2959 3855 3119 3912 cerni
3141 3860 3389 3927 possunt
3405 3870 3584 3926 quam
3603 3869 3734 3925 qua:

2091 3949 2397 4005 oculorum
2420 3964 2661 4004 sensum
2682 3946 2936 4021 fugiunt,
2962 3946 3504 4016 effectorematque
3535 3945 3737 3999 omnia

2092 4037 2494 4095 continentem
2516 4044 2575 4093 et
2590 4032 3348 4101 conservantem,omnibus
3368 4032 3736 4106 prospicien-

2092 4133 2233 4193 tem,
2257 4133 2435 4198 atque
2462 4127 2523 4181 in
2546 4125 2747 4182 omnia
2767 4141 3017 4199 regnum
3039 4129 3099 4180 et
3119 4122 3434 4195 imperium
3457 4119 3737 4176 obtinen-

2093 4223 2231 4271 tem.
2265 4219 2463 4286 Neque
2496 4215 2654 4270 enim
2706 4215 2834 4270 sine
2865 4215 2993 4285 ipso
3024 4228 3123 4269 res
3149 4212 3273 4267 ulla
3300 4211 3457 4267 facta
3486 4216 3595 4276 est,
3627 4225 3740 4265 nec

2094 4307 2221 4361 sine
2252 4305 2440 4376 ipsius
2468 4303 2838 4375 providentia
2862 4302 3189 4374 quidquam
3220 4299 3468 4356 conﬂari
3498 4316 3566 4355 ac
3597 4315 3740 4355 con-

2093 4395 2300 4449 sistere
2357 4399 2570 4465 potest.
2633 4393 2759 4464 lpse
2821 4392 3117 4463 siquidem
3169 4396 3258 4446 est
3302 4388 3568 4445 omnium
3598 4388 3735 4454 vita,

2094 4483 2359 4539 omnium
2383 4480 2834 4554 coagmentatio,
2873 4480 3140 4536 omnium
3167 4478 3549 4545 illuminatio,
3581 4483 3739 4532 totus

336 4557 440 4612 οὐκ
466 4555 525 4611 ἃν
559 4556 644 4629 εἴη
679 4561 816 4635 πέρα
844 4560 1029 4624 ἀνοίας
1068 4565 1183 4638 (49)
1220 4563 1309 4619 καὶ
1342 4533 1811 4646 παραφρόσῦνηςτς
1846 4533 1978 4626 Πότε

2095 4573 2367 4641 dulcedo,
2392 4589 2459 4627 ac
2483 4533 2642 4628 tcotus
2675 4572 2802 4628 sine
2822 4533 2952 4626 ulla
2982 4570 3290 4626 saturitate
3321 4533 3735 4625 desiderabilis

406 4739 518 4829 e92
550 4740 863 4829 Erasmitls
895 4744 1024 4825 1‘38?-
1058 4748 1327 4829 enat-17.

1361 4765 1418 4819 p.
1443 4752 1583 4826 275‘:
1609 4755 1832 4826 Χριστῇ
1855 4752 2241 4826 συνεταξάμην.

429 4807 1178 4901 (1‘1)IC_,_6§:ChoriciusMip
1228 4807 1471 4901 Procop:
1532 4822 1559 4888 §
1617 4808 1721 4877 1οε
1779 4807 1954 4879 Ὅπου

2091 4807 2269 4900 ρίεντα
2326 4822 2415 4878 καὶ
2477 4819 2710 4901 διαφανῆ
2743 4823 2833 4877 καὶ
2864 4821 3072 4894 πότιμα
3104 4820 3338 4893 νάματα,
3371 4815 3646 4881 πλάτανος
3675 4813 3735 4872 δὶ

337 4877 529 4948 πολλῆ
586 4877 791 4938 Melius
823 4885 1006 4940 codex
1030 4888 1166 4941 2967
1193 4877 1497 4943 επλάτανός
1523 4877 1601 4946 τέ.

416 4954 524 5017 142)
557 4954 720 5010 Conf.
754 4971 810 5025 p.
846 4957 932 5034 t3,
964 4972 1024 5011 n.
1057 4959 1143 5011 43,
1179 4990 1245 4999 ——
1272 4963 1318 5015 Α
1350 4961 1476 5034 sine
1509 4957 1706 5017 δεινοῦ.
1740 4966 1819 5020 Eo
1850 4966 1978 5022 facil

2130 4985 2299 5024 voces
2339 4968 2693 5023 omittuntur
2737 4984 2773 5022 a
2821 4963 3313 5029 describentibus,
3346 4978 3462 5034 quo
3496 4966 3634 5034 sunt
3662 4961 3738 5018 ad

344 5022 542 5094 ipsum
573 5022 816 5081 sensum
847 5029 1045 5083 minus
1074 5032 1443 5088 necessarias.
1478 5034 1779 5091 Choricius
1824 5037 1886 5091 in
1926 5022 2148 5094 Summ.

2202 5041 2387 5110 §p24:
2441 5037 2598 5094 0"th
2646 5036 2738 5108 μὲν
2771 5035 2982 5110 ἀγαθός.
3017 5036 3212 5110 Codex
3433 5034 3570 5110 ἀνὴρ
3598 5032 3737 5110 ἀγα-

346 5091 465 5182 θός.
499 5096 910 5182 ηοεοιιορξιιιιε
936 5102 997 5154 Η.
1034 5116 1126 5173 σχ.
1160 5117 1217 5172 p.
1253 5105 1391 5157 149:
1454 5102 1760 5179 ΙΙόρῥωθεν,
1818 5091 1978 5162 πόσωι

2093 5091 2474 5166 ῃκύῗιλιυθενί
2506 5091 2743 5182 Βερόῐιο
2794 5091 2828 5165 ὁ
2867 5091 2996 5165 cod.
3031 5109 3206 5162 2599:
3239 5091 3401 5182 πόῤῥξ
3432 5091 3739 5182 πρόσωθεν,

346 5162 638 5228 όπίσωθεν,
668 5162 828 5221 κῦκλ.

403 5238 514 5307 (43)
548 5238 791 5321 Baruch.
822 5256 906 5299 m.
937 5242 1041 5323 3.7.:
1078 5240 1227 5297 Μετά
1253 5246 1412 5298 τοῦτο
1444 5241 1530 5298 ἐπὶ
1560 5251 1659 5315 τῆς
1685 5250 1787 5323 γῆς
1818 5245 1969 5323 ὣφθη

410 5308 519 5360 (441
551 5310 733 5360 Emst.
766 5310 840 5360 ad
873 5311 1124 5360 Phillnn-
1158 5331 1193 5360 ιι
1224 5318 1254 5360 8
1279 5332 1293 5360 ε
1329 5314 1623 5360 Γενόηενημ
1654 5319 1896 5360 ἧπ-πίνηηρ
1932 5343 1978 5360 ..ς

2126 5250 2177 5306 ἐν
2208 5256 2323 5312 τοῖς
2355 5249 2664 5324 ἀνθρώποις
2697 5246 3125 5328 συνανεστράφη.

2089 5344 2095 5360 ι
2130 5320 2356 5360 θηηέφη..
2415 5324 2640 5360 an..."
2672 5320 2728 5360 λδ
2761 5325 2993 5360 nmmum

466 5309 524 5398 4(
551 5310 733 5398 Epist.
766 5310 841 5398 ad
873 5311 1126 5398 Philipp:
1158 5331 1194 5369 ιι
1224 5318 1293 5371 8:
1329 5309 1896 5398 Γενόμενοςρέιῆκοορ
1932 5309 1978 5394 pl

2089 5344 2099 5376 ι
2130 5320 2381 5395 θανάτου,
2415 5310 2640 5378 θανατου
2672 5320 2730 5377 δὶ
2761 5309 3015 5397 σταυροῦ.

557 5379 713 5463 ΡΨ,
745 5397 905 5463 xxul‘.
931 5379 1530 5463 §_:'K69toguxpgrai6:
1559 5379 1925 5463 “276uvattde.

436 5449 526 5537 is}
555 5451 793 5537 LEpist.
826 5450 1076 5537 adﬁTim.
1099 5449 1182 5537 ix.
1216 5449 1418 5515 ιδίας.
1452 5462 1692 5532 Apocal.
1726 5482 1846 5537 m,
1880 5449 1970 5520 is.

420 5519 530 5596 (£1)
560 5519 808 5596 (IL—pag.
841 5525 964 5591 146,
996 5542 1056 5582 n.
1087 5528 1178 5581 43.

553 5590 785 5685 {Galil};
792 5610 849 5685 17,,
863 5596 935 5685 3’:
952 5590 1241 5685 illine-SK
1269 5598 1445 5685 αὐτοῦ.
1458 5600 1695 5685 ἐγένετο,
1720 5605 1811 5661 καὶ
1841 5607 2019 5685 χωρὶς
2048 5606 2212 5663 αὐτοῦ
2239 5608 2445 5685 ἐγένετο
2476 5604 2606 5663 οὐδὶ
2633 5603 2686 5662 ἔν
2718 5607 2749 5662 6'
2776 5606 3013 5685 γέγονεν.

419 5660 531 5737 (49⁷)
562 5665 630 5734 Α,
662 5662 856 5744 εἴηπερ
883 5665 1088 5733 ἀνοίας.
1120 5671 1386 5730 Meminit
1412 5660 1751 5751 discipulus
1766 5660 1978 5735 verberi-

2092 5660 2318 5753 συιδ-ἀ-
2332 5660 2573 5736 doctore
2590 5660 2710 5736 suo
2728 5660 3059 5735 audiverat.
3080 5677 3325 5735 Confer.
3355 5690 3486 5749 pag.
3517 5677 3610 5733 79.
