3994 6150
316 281 458 339 1079

1841 296 2204 354 ADDBNDA.

3541 301 3718 368 meo

318 407 500 475 (Cant.
524 408 600 479 v),
635 408 1022 480 omniumque
1052 429 1252 467 rerum
1304 415 1768 486 expetendarum
1799 435 1964 472 sum-

2081 419 2232 474 212
2261 417 2363 492 γὰρ
2394 417 2636 488 ἠκούσθη
2657 438 2741 481 τις
2764 417 2934 474 λαλιὰ
2953 418 2987 487 ἢ
3013 417 3174 494 λόγος
3198 419 3328 491 παρ’
3349 417 3526 475 αύτῶν
3549 439 3563 490 ;
3587 421 3722 478 πότε

325 514 454 551 mus
479 502 694 552 vertex.
729 500 1014 563 Quocirca
1035 503 1220 556 Deum
1245 503 1422 572 hunc,
1443 507 1581 576 quia
1602 511 1765 562 tanta
1795 507 1965 561 boni-

325 591 444 641 tate
471 602 537 641 ac
564 589 828 658 potentia
849 590 1130 659 praeditus
1159 597 1264 659 est,
1290 595 1831 666 relinquere,atque
1856 597 1966 650 im-

323 692 503 746 puros
517 676 815 732 daemones
829 679 1217 751 vitiorumque
1233 683 1498 738 omnium
1513 685 1864 740 architectos
1878 701 1971 740 co-

327 764 470 832 lere,
502 766 814 836 surdisque
855 785 923 822 ac
963 770 1143 823 mutis
1175 772 1405 840 statuis,
1439 790 1570 844 quae
1604 791 1711 829 nec
1739 772 1966 844 aliquid

327 859 464 908 sunt
493 871 602 908 nec
629 861 822 923 erunt,
855 857 1081 911 cultum
1113 875 1178 914 ac
1211 863 1647 917 venerationem
1687 863 1965 931 tribuere,

324 941 492 1012 cujus
514 944 816 1008 tandem,o
839 952 1023 1016 pater,
1051 949 1313 1004 stultitim
1341 968 1407 1006 ac
1427 951 1739 1007 dementiae
1761 952 1968 1008 fuerit?

324 1031 640 1101 Ecquando
657 1034 815 1087 enim
831 1052 936 1089 vox
951 1035 1021 1089 ab
1038 1036 1180 1106 ipsis
1195 1039 1329 1093 audi
1341 1045 1396 1094 ta
1410 1041 1534 1094 est?
1548 1041 1862 1111 Ecquando
1879 1041 1968 1095 vel

322 1120 598 1191 exiguum
624 1123 720 1185 iis,
745 1123 844 1193 qui
868 1141 1071 1193 preces
1094 1126 1167 1180 ad
1195 1127 1354 1198 ipsos
1385 1129 1764 1191 adhibebant.
1790 1130 1965 1184 dede-

322 1210 817 1282 runt?Ecquando
832 1214 1339 1283 ambularunt,aut
1353 1236 1592 1274 sensum
1607 1219 1794 1274 ullum
1809 1236 1968 1274 acce-

321 1300 577 1368 perunt?
591 1303 732 1355 Nam
752 1319 944 1373 neque
959 1304 1016 1358 hi
1033 1306 1132 1374 qui
1153 1306 1388 1361 stabant
1409 1309 1690 1364 sessionis
1704 1327 1966 1379 unquam

325 1389 751 1458 meminerunt,
780 1409 888 1446 nec
901 1393 1307 1462 quisedebant
1328 1403 1551 1453 stantes
1575 1415 1837 1469 unquam
1861 1398 1966 1453 visi

327 1479 715 1534 sunt.Horum
747 1480 1171 1552 turpitudinem
1196 1503 1262 1539 ac
1283 1486 1531 1541 fetorem
1555 1493 1611 1541 et
1642 1495 1964 1558 stuporem,

326 1571 501 1636 atque
517 1567 692 1622 etiam
709 1569 1045 1626 daemonum
1061 1573 1122 1626 in
1138 1574 1283 1644 ipsis
1296 1577 1667 1646 operantium
1682 1594 1749 1631 ac
1761 1594 1865 1648 per
1879 1578 1967 1647 ip-

331 1671 427 1708 sos
461 1655 850 1727 imposturam
873 1660 1035 1715 vobis
1066 1661 1430 1731 facientium,
1452 1665 1795 1719 inﬁrmitate
1824 1670 1968 1719 mat-

327 1758 439 1813 que
454 1745 944 1816 imbecillitatem,
969 1766 1103 1804 cum
1117 1750 1282 1806 aviro
1297 1758 1499 1807 sancto
1515 1753 1964 1821 intellexissem,

325 1849 647 1906 eorumque
665 1837 1099 1908 improbitatem
1114 1841 1196 1912 rej
1208 1841 1549 1909 ecissem,ac
1564 1842 1820 1912 perfecto
1835 1842 1970 1896 odio

324 1922 646 1980 insectatus
660 1926 1005 1988 fuissem.ad
1021 1930 1204 1983 Deum
1223 1931 1411 1984 vivum
1436 1947 1502 1986 ac
1526 1948 1724 1986 verum
1750 1948 1842 1986 me
1865 1931 1966 1986 ad-

314 2013 485 2082 junxi
499 2056 512 2079 ,
533 2014 761 2085 ipsique
776 2016 849 2069 ad
870 2023 1198 2072 extremum
1213 2036 1401 2090 usque
1417 2021 1544 2074 vitm
1559 2020 1831 2091 spiritum
1847 2037 1958 2074 ser-

323 2103 495 2162 viam.
515 2121 628 2174 quo
644 2106 822 2160 etiam
837 2107 898 2160 in
913 2107 1097 2176 ipsius
1114 2125 1324 2162 manus
1339 2110 1580 2179 spiritus
1593 2126 1760 2163 meus
1775 2109 1969 2163 veniat

324 2192 467 2245 Cum
483 2193 660 2262 igitur
677 2199 840 2249 tanta
860 2195 1295 2266 bona,quasque
1317 2198 1484 2252 nulla
1499 2199 1765 2252 oratione
1789 2198 1969 2269 expli-

325 2281 444 2334 cari
469 2282 718 2351 possint,
750 2283 896 2337 mihi
921 2285 1340 2352 occurrissent,
1373 2286 1701 2358 gaudebam
1727 2287 1968 2357 quidem

328 2385 420 2423 me
440 2369 847 2441 improborum
863 2373 1201 2428 dmmonum
1225 2375 1854 2441 sorvituteliberatum,
1881 2381 1970 2430 at-

329 2476 442 2528 que
459 2459 530 2513 ab
545 2459 842 2515 horrenda
855 2462 1189 2532 captivitate
1207 2469 1564 2531 revocatum,
1591 2481 1658 2519 ac
1682 2464 1969 2519 Dominici

327 2547 521 2602 vultus
541 2548 768 2604 lumine
795 2552 1480 2622 (Psal.1v).collustratum
1503 2569 1632 2607 esse
1655 2570 1666 2606 :
1693 2553 1840 2607 illud
1861 2571 1966 2608 au-

330 2642 446 2692 tem
479 2655 573 2692 me
605 2639 877 2710 angebat,
910 2640 1298 2712 animumque
1332 2659 1530 2696 meum
1581 2641 1968 2708 distrahebat,

326 2725 482 2797 quod
507 2727 875 2795 tu,dominus
895 2745 960 2784 ac
991 2735 1160 2801 pater
1190 2731 1725 2802 meus,hujusmodi
1745 2731 1970 2786 beneﬁ-

326 2816 555 2870 ciorum
573 2817 819 2872 minime
841 2819 1133 2890 particeps
1155 2836 1336 2874 esses.
1359 2821 1572 2875 Verum
1591 2820 1774 2875 animi
1801 2820 1884 2874 tui
1907 2821 1968 2873 in

326 2905 732 2960 sententiatua
743 2906 1128 2977 pertinaciam
1145 2913 1755 2975 metuens,maerorem
1770 2925 1968 2963 meum

325 2997 562 3064 pectore
595 2994 958 3065 premebam,
994 2996 1150 3066 quod
1184 2996 1288 3050 tibi
1322 2997 1690 3052 stomachum
1735 3013 1968 3052 movere

323 3082 569 3137 minime
587 3083 819 3138 vellem.
845 3085 1030 3139 Deum
1053 3090 1250 3139 autem
1275 3103 1442 3141 orare
1461 3092 1638 3157 atque
1661 3087 1970 3142 obsecrare

2074 503 2170 558 κᾶν
2201 506 2430 580 σμικρὰν
2459 505 2745 581 ἀπόκρισιν
2786 511 2904 570 τοῖς
2959 506 3284 582 εὐχομένοις
3328 506 3512 571 αὐτοῖς
3544 507 3720 566 δεδώ-

2074 614 2235 663 κασι;
2287 595 2420 650 πότε
2475 594 2875 671 περιεπάτησαν
2923 601 3035 669 (50)
3080 595 3115 666 ἢ
3165 594 3412 667 αἴσθησίν
3438 618 3556 653 τινα
3604 597 3723 655 ἐδέ-

2077 683 2272 754 ξάντο;
2307 680 2431 740 οὔτε
2461 687 2563 758 γὰρ
2623 685 2674 740 οἱ
2733 685 3012 759 ἱστάμενοι
3071 687 3204 741 ποτὶ
3259 683 3518 763 καθέδρας
3548 686 3725 761 ἐμνή-

2077 784 2296 843 σθησαν,
2375 769 2496 828 οὕτε
2546 774 2598 828 οἱ
2654 779 2955 848 καθήμενοι
3031 775 3351 838 ἀναστάντες
3435 774 3722 854 ὤφθησαν.

2073 861 2294 918 Τούτων
2325 863 2387 917 τὸ
2421 859 2662 936 εἰδεχθὲς
2707 863 2794 918 καὶ
2847 861 3082 926 δυσῶδες
3129 864 3220 919 καὶ
3259 864 3607 935 ἀναίσθητον,
3641 861 3724 922 ἔτι

2078 948 2133 1005 δὲ
2162 951 2251 1005 καὶ
2277 956 2384 1006 τῶν
2418 951 2776 1026 ἐνεργούντων
2827 951 2877 1007 ἐν
2928 952 3112 1015 αὐτοῖς
3142 953 3232 1008 καὶ
3265 950 3334 1008 δι’
3366 953 3541 1009 αὐτῶν
3575 956 3724 1028 ὑμᾶς

2075 1039 2403 1095 ἀπατώντων
2461 1038 2732 1114 δαιμόνων
2788 1041 2852 1097 τὸ
2912 1043 3103 1117 σαθρὸν
3161 1041 3251 1097 καὶ
3310 1042 3527 1108 ἀσθενὲς
3575 1046 3726 1119 παρὰ

2077 1125 2268 1203 ἀνδρὸς
2299 1129 2455 1205 ἀγίου
2516 1131 2722 1202 μαθὼν,
2779 1131 2869 1184 καὶ
2925 1137 3026 1200 τῆς
3079 1129 3253 1186 αὐτῶν
3311 1131 3499 1194 κακίας
3555 1153 3722 1188 κατα-

2073 1217 2300 1287 πτύσας,
2332 1218 2422 1272 καὶ
2449 1218 2659 1274 τέλειον
2697 1223 2856 1292 μῖσος
2915 1221 3147 1292 μισήσας
3198 1217 3393 1282 αὐτοὺς
3445 1222 3581 1294 (51),
3641 1225 3722 1293 τῷ

2078 1310 2236 1375 ζῶντι
2288 1305 2376 1360 καὶ
2434 1305 2682 1379 ἀληθινῷ
2765 1307 3128 1381 συνεταξάμην
3214 1312 3349 1380 Θεῷ·
3423 1309 3512 1362 καὶ
3573 1309 3724 1382 αὐτῷ

2077 1392 2316 1449 δοδεύσω
2350 1393 2516 1471 μέχρι
2571 1393 2888 1458 τελευταίας
2939 1395 3237 1465 ἀναπνοῆς,
3269 1397 3360 1450 ἳνα
3397 1395 3486 1450 καὶ
3520 1396 3596 1459 εἰς
3624 1398 3722 1460 τάς

2076 1484 2242 1538 αὐτοῦ
2301 1490 2489 1560 χεῖρας
2547 1480 2699 1548 ἔλθοι
2760 1505 2864 1558 μου
2909 1486 2970 1540 τὸ
3023 1489 3257 1558 πνεῦμα.
3290 1487 3412 1542 Τῶν
3453 1485 3723 1540 τοιούτῶν

2076 1572 2170 1627 οὖν
2205 1573 2644 1644 συναντησάντων
2681 1595 2774 1646 μοι
2823 1572 3230 1648 ἀνεκδιηγήτων
3278 1574 3514 1648 ἀγαθῶν,
3565 1569 3725 1648 ἔχαι-

2078 1682 2169 1738 ρον
2205 1664 2300 1735 μὲν
2331 1669 2430 1732 τῆς
2482 1659 2733 1724 δουλείας
2792 1659 3130 1736 ἀπαλλαγεὶς
3173 1666 3280 1717 τῶν
3314 1666 3566 1738 πονηρῶν
3599 1661 3723 1716 δαι-

2081 1751 2262 1823 μόνων
2293 1750 2381 1805 καῖ
2433 1758 2532 1820 τῆς
2583 1748 2762 1820 δεινῆς
2808 1750 3135 1821 ἀνακληθεὶς
3185 1749 3593 1824 αἰχμαλωσίας,
3625 1751 3716 1806 καὶ

2078 1845 2156 1912 τῷ
2243 1840 2380 1917 φωτὶ
2455 1840 2850 1919 περιλαμφθεὶς
2935 1844 3030 1895 τοῦ
3112 1841 3410 1916 προσώπου
3495 1843 3721 1916 Κυριουο

2075 1930 2330 2001 ἠνιώμην
2365 1927 2421 1984 δὲ
2467 1930 2555 1983 καὶ
2615 1930 2714 1998 τήν
2769 1930 2955 2004 ψυχήν
3011 1928 3368 2003 ἐμεριζόμην,
3400 1929 3482 1984 ὅτι
3517 1929 3593 2001 μὴ
3626 1929 3714 1984 καὶ

2077 2017 2259 2086 αὐτὸς,
2319 2019 2346 2072 ὁ
2407 2015 2672 2088 δεσπότης
2735 2039 2838 2090 μου
2886 2016 2976 2072 καὶ
3033 2019 3235 2092 πατὴρ,
3291 2022 3397 2073 τῶν
3457 2017 3718 2073 τοιούτων

2081 2111 2332 2180 μετεῖχες
2382 2105 2718 2182 εὐεργεσιῶν.
2757 2104 2956 2176 Ἀλλὰ,
3009 2103 3266 2169 δεδοικώς
3322 2127 3416 2161 σου
3447 2114 3546 2176 τῆς
3576 2105 3721 2182 γνώ-

2081 2215 2188 2267 μης
2218 2195 2279 2249 τὸ
2310 2192 2612 2263 δυσπειθὲς,
2643 2201 2900 2271 κατεῖχον
2934 2195 2986 2249 ἐν
3017 2193 3234 2269 ἐμαυτῷ
3262 2197 3362 2265 τήν
3396 2195 3597 2266 λύπην,
3636 2197 3712 2268 μὴ

2076 2285 2404 2358 παροργίσαῖ
2459 2305 2515 2339 σε
2572 2283 2935 2360 βουλόμενος,
2986 2287 3077 2340 τὸν
3127 2286 3256 2340 Θεὸν
3319 2283 3376 2339 δὲ
3431 2284 3718 2350 ἀπαύστως

2076 2373 2316 2427 ἱκέτευον
2372 2372 2592 2428 ἑλκῦσαί
2651 2395 2709 2428 σε
2759 2375 2894 2446 πρὸς
2950 2374 3136 2428 ἑαυτὸν
3195 2378 3307 2447 (52)
3367 2376 3580 2443 καὶτῆς
3612 2395 3715 2447 μα-

2076 2467 2208 2537 κρᾶς
2239 2461 2664 2518 ἀνακαλέσασθαι
2698 2465 2850 2520 213
2882 2461 3088 2538 ἐξορίας
3123 2464 3188 2531 ἧς
3237 2463 3401 2526 αὐτὸς
3425 2461 3720 2538 προεξένη-

2079 2569 2172 2612 σας
2205 2555 2433 2622 σεαυτῷ,
2465 2548 2734 2626 δραπέτης
2759 2549 2912 2624 οἷ’μοι
2941 2553 2954 2607 l
2998 2557 3098 2620 τῆς
3128 2547 3396 2613 εὐσεϐείας
3427 2551 3723 2624 γενόμενος

2075 2637 2165 2692 καὶ
2214 2640 2404 2701 κακίας
2465 2639 2739 2715 ὑπηρέτης
2788 2641 2964 2710 πάσης
3023 2640 3111 2694 καὶ
3165 2635 3426 2702 ἀσεϐείας.
3481 2639 3628 2695 Ἐπεὶ
3665 2638 3721 2694 δξ

2078 2726 2258 2799 αὐτὸς,
2291 2725 2334 2781 ὦ
2365 2729 2556 2803 πάτερ,
2588 2729 2665 2791 εἷς
2721 2727 2952 2807 ἐμφανὲς
3002 2728 3069 2783 τὰ
3125 2729 3243 2783 κατ’
3273 2727 3368 2800 ἐμὲ
3398 2728 3626 2804 ἦγαγες,
3657 2729 3720 2783 τό

2076 2821 2180 2871 πᾶν
2219 2818 2318 2886 τῆς
2351 2817 2488 2890 ἐμῆς
2540 2814 2700 2872 ἄκουε
2748 2818 2999 2891 γνώμης’
3054 2816 3114 2872 ού
3167 2816 3434 2891 ψεύσομαι
3464 2818 3560 2880 τὰς
3585 2817 3720 2893 πρὸς

2078 2905 2308 2980 Χριστὸν
2347 2925 2449 2978 μου
2482 2907 2772 2976 συνθήκας,
2822 2903 2907 2973 οὔ,
2961 2906 3034 2978 μὰ
3079 2907 3174 2960 τὸν
3225 2904 3621 2981 ἐξαγοράσαντά
3655 2925 3722 2978 με

2076 3001 2175 3064 τῆς
2209 2991 2458 3056 δουλείας
2487 2999 2565 3067 τῷ
2594 2993 2765 3067 τιμίῳ
2812 2993 2976 3049 αύτοῦ
3008 2993 3194 3068 αἵματι
3229 2997 3359 3067 (53),
3391 2993 3486 3049 κᾶν
3524 2995 3725 3070 μυριά-

2079 3109 2163 3148 κις
2200 3107 2267 3160 με
2298 3084 2519 3160 δεῖ
2551 3086 2836 3141 ἀποθανεῖν
2894 3087 3022 3161 ὑπὲρ
3083 3086 3268 3156 αὐτοῦ,
3325 3086 3614 3160 θανούμαι.
3648 3086 3723 3144 Τά

326 3189 445 3226 non
464 3173 953 3239 intermittebam,
973 3180 1086 3228 uta
1102 3173 1426 3246 longinquo
1450 3175 1844 3246 exsilio,quod
1865 3176 1966 3230 tibi

2081 3179 2205 3253 περὶ
2237 3177 2370 3250 ἐμου
2421 3177 2601 3232 τοίνυν
2658 3177 2829 3240 οὕτως
2891 3175 3068 3245 εἰδὼς,
3106 3177 3299 3251 μηκέτι
3329 3177 3533 3238 κόπους
3565 3197 3719 3232 σεαυιο

326 3261 439 3333 ipsi
461 3262 982 3329 accersivisti,cum
1000 3263 1235 3334 pietatis
1258 3265 1554 3336 fugitivus,
1578 3266 1819 3336 vitiique
1844 3282 1972 3321 om-

331 3351 426 3404 nis
452 3356 510 3405 et
532 3351 854 3422 impietatis
885 3352 1160 3406 minister
1189 3354 1431 3408 effectus
1454 3371 1536 3420 es,
1564 3359 1618 3409 te
1648 3361 1970 3411 revocaret.

337 3439 626 3504 Quoniam
649 3445 847 3495 autem
873 3447 934 3494 tu
983 3441 1129 3512 ipse,
1157 3459 1189 3496 ο
1209 3447 1398 3513 pater,
1418 3459 1512 3496 res
1538 3460 1697 3498 meas
1722 3444 1782 3498 in
1805 3461 1977 3515 aper—

338 3533 464 3582 tum
486 3528 941 3599 protulisti.quae
964 3546 1096 3584 mea
1113 3531 1355 3584 omnino
1379 3533 1676 3586 sententia
1696 3532 1973 3597 sit,audi:

325 3619 500 3672 Pacta
517 3633 650 3672 cum
665 3618 783 3673 Deo
803 3635 933 3673 meo
957 3618 1103 3674 inita
1120 3637 1238 3674 non
1261 3621 1970 3693 frangam;non,inquam,

321 3724 430 3778 per
478 3723 612 3762 eum
645 3708 744 3778 qui
797 3724 890 3762 me
936 3709 1196 3779 pretioso
1247 3727 1455 3766 cruore
1491 3729 1596 3766 suo
1627 3729 1661 3766 a
1693 3714 1970 3768 servitute

319 3795 652 3851 vindicavit.
687 3797 1107 3866 Quamobrem,
1142 3815 1275 3853 cum
1328 3800 1469 3870 quid
1506 3801 1688 3855 animi
1721 3801 1972 3856 habeam

317 3886 424 3941 tibi
457 3886 828 3956 exploratum
876 3887 976 3953 sit,
1007 3887 1312 3959 negotium
1362 3889 1467 3943 tibi
1523 3890 1635 3960 ipsi
1680 3890 1970 3946 facessere

323 3973 548 4040 desine,
583 3992 617 4029 a
647 3975 934 4046 praeclara
965 3975 1342 4030 confessione
1388 3994 1481 4031 me
1527 3977 1819 4034 deducere
1843 3997 1969 4034 mo-

317 4061 643 4118 liens.Nam
660 4063 1160 4134 quemadmodum
1186 4065 1233 4118 si
1251 4065 1463 4120 cmlum
1484 4082 1662 4121 manu
1684 4069 1966 4140 arripere,

324 4158 425 4206 aut
467 4158 654 4208 totum
713 4169 876 4208 mare
936 4153 1230 4208 exsiccare
1285 4154 1345 4209 in
1402 4155 1667 4210 animum
1719 4156 1968 4212 induxe-

2079 3271 2159 3338 τῷ
2207 3266 2413 3341 πάρεχε
2640 3267 2981 3339 μεταπείθειν
3033 3287 3100 3339 με
3157 3267 3451 3342 ἐπιχειρῶν
3479 3270 3575 3334 τῆς
3625 3287 3720 3321 κα-

2055 3355 2190 3430 ,λῆς
2220 3354 2547 3430 ὁμολογίας.
2579 3355 2667 3417 Ὡς
2693 3355 2794 3430 γὰρ
2844 3376 2927 3410 σοι
2973 3359 3068 3410 τοῦ
3114 3355 3345 3429 ούρανοῦ
3371 3349 3718 3420 ἐπιλαϐέσθαι

2085 3441 2296 3514 δόξαντι
2349 3447 2417 3516 τῇ
2476 3442 2646 3519 χειρὶ,
2700 3444 2734 3512 ἢ
2792 3443 2859 3497 τά
2910 3440 3171 3498 θαλάττια
3223 3444 3446 3517 ξηρᾶναι
3479 3443 3718 3517 πελάγη,

2083 3530 2354 3604 ἄπρακτον
2386 3529 2445 3585 ἂν
2504 3531 2566 3585 τὸ
2626 3530 2932 3606 έγχείργμα
2990 3530 3057 3599 ἦν
3115 3530 3206 3585 καὶ
3264 3529 3550 3601 ἀνήνυτον,
3583 3529 3721 3585 οὕτω

2083 3619 2148 3690 δὴ
2187 3621 2276 3676 καὶ
2333 3624 2493 3675 τοῦτο
2549 3619 2779 3694 γίνωσκε
2837 3620 2990 3675 εἶναι.
3048 3621 3118 3674 "ll
3169 3618 3347 3675 τοίνυν
3401 3619 3596 3691 οὕτως,
3629 3626 3692 3689 τῇ

2085 3709 2224 3784 ἐμῆς
2271 3709 2502 3771 ἀκούσας
2556 3709 2782 3784 βουλῆς,
2848 3713 2926 3780 τῷ
2987 3711 3207 3784 Χριστῷ
3260 3706 3721 3779 οἶ’κειώθητι,καὶ

2080 3804 2191 3856 τῶν
2247 3801 2378 3874 ὑπὲρ
2437 3797 2642 3854 ἔννοιαν
2683 3800 2834 3872 λήψῃ
2890 3797 3103 3872 ἀγαθῶν
3166 3801 3302 3872 (56),
3359 3801 3613 3854 κοινωνοί
3659 3817 3715 3854 τε

2079 3888 2353 3960 ἀλλήλοις
2381 3888 2630 3961 ἐσόμεθα,
2687 3887 2866 3957 ὥσπερ
2923 3893 3021 3956 τῆς
3083 3886 3318 3964 φύσεως,
3359 3886 3502 3942 οὕτω
3534 3885 3602 3957 δὴ
3629 3887 3711 3942 καὶ

2077 3986 2179 4047 τῆς
2209 3979 2445 4040 πίστεως
2477 3981 2608 4050 (57)·
2639 3975 2675 4045 ἤ
2726 3983 2828 4046 τῆς
2886 3979 2985 4046 σῆς
3042 3975 3448 4050 ἀποστήσομαι,
3479 3980 3631 4035 214
3662 3976 3712 4030 εὗ

2080 4064 2209 4136 ἴσθι,
2242 4065 2514 4136 υίότητος,
2564 4063 2651 4119 καὶ
2708 4068 2787 4136 τῷ
2845 4069 2961 4138 Θεῷ
3023 4085 3128 4138 μου
3186 4064 3468 4141 λατρεύσω
3498 4065 3710 4141 καθαρῷ

2082 4153 2370 4214 συνειδότι.

391 4303 503 4374 (50)
535 4304 966 4388 Psal.‘CX|lI,‘5',
1000 4305 1070 4360 de
1103 4305 1315 4388 idolis:
1355 4307 1541 4379 Στόμα
1571 4304 1761 4388 ἔχουσι
1793 4308 1882 4362 καὶ
1933 4308 1995 4364 ού
2038 4306 2443 4378 λαλήσουσιν...
2491 4302 2662 4367 πόδας
2705 4299 2896 4380 ἔχουσι
2919 4305 3009 4360 καὶ
3041 4306 3105 4360 οὐ
3136 4309 3618 4379 περιπατήσουσιν
3648 4306 3706 4361 οὐ

320 4393 664 4451 φωνησουσιν
699 4374 750 4428 ἐν
782 4380 860 4445 τῷ
884 4374 1114 4451 λάρυγγι
1145 4376 1345 4431 αὐτῶν.
1381 4374 1478 4434 Cf:
1500 4374 1653 4451 Psal.
1680 4397 1908 4451 Acxxxw,
1944 4385 2030 4451 16.

394 4451 504 4522 (51)
534 4446 689 4522 lfsal.
723 4446 986 4522 cxxxvui.
1018 4446 1086 4502 2‘2
1112 4466 1125 4503 :
1151 4451 1370 4522 jcéltuov
1405 4455 1562 4522 μῖσος
1597 4449 1816 4518 ἑμίσουν
1847 4450 2064 4512 αύτούς,

393 4520 503 4596 (52)
536 4519 596 4582 C,
627 4517 948 4596 παροργίσαι
980 4539 1037 4573 σε
1067 4520 1201 4596 πρὸς
1231 4517 1440 4596 ἑαυτὸν.
1475 4517 1904 4578 lnﬁnitivorum
1953 4543 1966 4596 ’ξ

2077 4519 2276 4596 αργίσαι
2332 4539 2388 4572 σε
2437 4517 2655 4596 ἐλκῦσαί
2687 4539 2743 4574 σε
2776 4519 3275 4596 homaaoteleuton
3309 4521 3584 4577 lacunam
3616 4538 3707 4596 pe-

317 4589 508 4662 perit;
542 4590 698 4683 quod
733 4589 1068 4683 ﬁ‘eri‘amalt‘.
1104 4589 1450 4683 Euma‘thli‘us
1483 4610 1556 4657 IX,
1609 4609 1683 4676 p.'
1721 4596 1860 4649 333:
1914 4592 1966 4644 Oi‘

2077 4589 2309 4644 τίστεύειν
2349 4595 2482 4679 Ι’τοῖς
2531 4589 2815 4679 γράμμασι
2849 4589 3374 4683 ούριηεχωρρύμην
3397 4597 3515 4653 τοῖς
3549 4589 3706 4683 πραγ-

2760 4660 2772 4679 Ι

320 4659 470 4732 μασι·
502 4659 691 4732 τὸίμὲν
721 4661 824 4735 γὰρ
1025 4663 1218 4717 Codex
1277 4667 1411 4716 2897
1584 4659 1880 4733 πράγμασι,
1938 4663 2027 4716 καὶ
2083 4666 2200 4722 τοῖς
2241 4659 2880 4735 γπράγμασιίπιστεύειν-
2915 4659 3116 4735 ἐθέλων
3161 4659 3224 4716 ού
3268 4659 3701 4735 ’συνεχωρούμην

314 4730 430 4793 τοῖς
458 4730 762 4806 γράμμασίο
795 4730 856 4786 τὸ
893 4733 985 4803 μὲν
1017 4755 1067 4805 γ.
1104 4730 1240 4801 δή...
1277 4735 1339 4787 in
1371 4734 1595 4803 optima
1627 4730 1906 4788 versione

318 4822 508 4860 armca
539 4806 597 4859 in
630 4807 781 4860 libro
819 4806 1093 4860 Vaticano
1126 4805 1346 4860 legerat
1364 4820 1430 4858 ac
1454 4803 1768 4860 diligenter
1797 4805 1908 4859 sibi
1974 4823 2003 4859 e

1974 4823 2034 4859 es

358 4803 508 4861 maca
539 4803 781 4886 inlibro
819 4803 1346 4890 Vaticanolegerat
1364 4820 1430 4858 ac
1454 4803 1768 4890 diligepter
1796 4805 1908 4890 sibi

2065 4735 2186 4796 l89,
2237 4733 2451 4788 Bassus
2500 4733 2728 4806 gallicis
2767 4733 2958 4806 verbis
2990 4733 3263 4788 lacunam
3298 4733 3573 4806 explevit,
3605 4733 3704 4804 qui

2039 4807 2345 4878 cripserat.
2377 4804 2676 4878 Notandus
2702 4809 2760 4858 et
2781 4804 3096 4878 verborum
3123 4806 3286 4878 color
3318 4804 3705 4878 evangelicns.

351 4893 573 4932 oannes
604 4878 762 4930 enim
796 4893 872 4942 v1,
905 4878 1008 4930 44τ
1039 4871 1229 4934 υύδεῖς
1257 4871 1474 4927 δύναται
1508 4871 1680 4935 ἐλθεῖν
1715 4877 1848 4950 πρὸς
1880 4896 1965 4947 με,

2077 4897 2086 4927 ν
2121 4871 2194 4948 μὴ
2233 4876 2260 4928 ὁ
2301 4874 2510 4947 Πατὴρ,
2544 4875 2571 4927 ὁ
2602 4873 2818 4946 πέμψας
2852 4893 2934 4946 με,
2969 4873 3169 4948 ἑλκύσῃ
3201 4874 3376 4931 αὐτόν.

397 4950 508 5019 (53)
541 4949 704 5019 Conf.
740 4952 759 4998 ι
794 4949 953 5019 Petr.
980 4963 1016 5008 ι,
1053 4950 1140 5019 19,

391 5014 501 5087 (⁷54)
530 5020 641 5089 AC,
671 5014 770 5078 δεῖ,
800 5017 960 5087 quod
992 5024 1082 5071 est
1107 5017 1309 5089 forsan
1340 5017 1414 5072 ab
1445 5022 1684 5071 auctore
1721 5018 1847 5088 ipso
1881 5018 2231 5089 profectum.
2262 5019 2337 5087 Δῇ
2369 5023 2526 5072 esset
2555 5017 2699 5072 satis
2722 5016 3026 5071 insolitum
3057 5035 3069 5087 ;
3105 5019 3186 5072 sic
3220 5025 3358 5073 tom.
3385 5020 3480 5088 ΙΙΙ,
3515 5037 3570 5089 p.
3594 5021 3709 5084 ‘2“,

325 5085 530 5161 scripSi
565 5087 714 5159 ὲνδῇ.
751 5085 952 5143 Ιῐίιιειι
982 5094 1072 5161 est
1102 5085 1221 5161 δὲῃ.
1257 5089 1470 5161 Weller
1502 5094 1696 5161 tamen
1731 5085 1951 5160 recepit

2107 5091 2235 5145 vide
2269 5085 2458 5144 Fisch.
2497 5094 2536 5142 t.
2570 5089 2669 5158 Ill,
2703 5105 2758 5158 p.
2794 5091 2882 5157 69,
2919 5091 2969 5141 l.

394 5156 504 5230 (55)
533 5156 704 5214 Marc.
739 5177 850 5231 xlv,
881 5162 912 5210 6
938 5175 951 5212 :
983 5156 1204 5231 tliaﬁt'ﬁ
1235 5156 1438 5219 κόπους
1470 5160 1771 5231 παρέχετες

541 5230 796 5318 §ic.cod.
832 5231 1005 5314 Deest
1031 5222 1231 5317 forsan
1263 5222 1574 5318 μεὶουσίμᾶ.
1609 5222 1691 5286 Cf.
1723 5222 1775 5302 p.

2139 5304 2148 5314 ο
2410 5308 2421 5318 ι
2580 5317 2584 5318 ν
2683 5301 2741 5318 ιθι
2931 5301 2943 5318 Ι
3062 5299 3088 5318 Ῥ
3206 5297 3264 5318 δ’
3328 5305 3377 5318 nl
3564 5302 3618 5318 "n
3657 5303 3666 5313 ⁸

395 5297 599 5374 (5ης,
633 5301 895 5374 ἀνήνυτον
920 5297 1062 5374 οὕτω
1094 5297 1158 5368 δὴ
1192 5297 1278 5354 καί
1309 5307 1409 5368 τῆς
1441 5300 1669 5362 πίστεως
1705 5297 1966 5358 ῐὶιθάἱίς(

2077 5304 2207 5374 ssis,
2258 5308 2498 5374 propter
2536 5301 2786 5374 repetita
2827 5301 3004 5374 verba
3028 5299 3169 5374 οὕτω
3201 5297 3292 5374 ὃ-ή.
3328 5305 3417 5358 Sic
3449 5302 3627 5374 periit
3656 5303 3709 5357 in

321 5373 499 5428 Pselli
525 5373 603 5427 De
632 5372 780 5445 (ἰωω
837 5371 1038 5445 libello
1074 5391 1129 5444 p.
1163 5376 1249 5437 30,
1283 5377 1334 5440 3,
1368 5375 1578 5445 longus
1611 5375 1812 5445 locus:
1845 5374 1930 5426 καί

2084 5369 2275 5432 ίλειος’
2297 5369 2385 5426 δῖ
2403 5374 2429 5426 ὁ
2479 5369 2644 5445 θεῖος,
2671 5371 2699 5424 ὁ
2728 5375 2834 5424 τῶν
2880 5370 3114 5445 ἀθεάτων
3145 5369 3465 5442 ἐπόπτης...”
3489 5374 3713 5445 Lacuna

321 5445 644 5517 nonfacile
677 5441 1201 5517 animadvertenda
1244 5446 1325 5500 sic
1362 5441 1723 5517 implebitur,
1759 5444 1926 5517 duce,
1950 5468 1966 5517 _l

2077 5447 2158 5517 ice
2211 5447 2346 5517 1310
2371 5461 2405 5517 :_
2437 5442 2532 5496 Καὶ
2560 5443 2609 5517 ¹ὁ
2663 5461 2846 5517 μεγας-
2879 5441 3162 5517 Βασίλειος
3193 5445 3256 5513 [ι.
3291 5441 3607 5517 μέμ-δεξιᾶ),
3639 5442 3716 5517 ἐξ·

324 5516 628 5591 ηγούμενος
659 5516 721 5570 τὸ
737 5513 801 5592 ,ἐν
835 5512 1026 5584 Ἠσαίᾳ
1059 5514 1220 5589 ῥητὸν
1247 5517 1323 5589 [x,
1362 5511 1538 5586 10]’τὸ
1569 5517 1788 5592 φάσκον,
1825 5540 1850 5564 ‹‹
1883 5515 2235 5592 Ὀλολύξατε,
2264 5515 2330 5569 τὰ
2354 5511 2592 5592 γλυπτσὶ,
2629 5511 2853 5566 »ταῦτά
2882 5511 3633 5592 φησιν’-ξτι-ὶτοῖς-εὶξώλόις
3663 5514 3716 5568 ἐκ

324 5535 628 5591 ηγουμενος
659 5536 721 5570 το
752 5535 801 5568 εν
854 5535 1026 5584 nam;
1059 5535 1220 5589 ρητον
1247 5535 1323 5589 με,
1362 5535 1447 5586 1U]
1478 5536 1538 5569 το
1569 5535 1788 5592 φασκον,
1825 5540 1850 5564 ‹‹
1902 5535 2235 5584 υΛοΛυζατε,
2264 5535 2330 5569 τα
2354 5535 2592 5639 δὲιιυπτσι,3
2629 5536 2656 5562 ››
2685 5535 2853 5566 ταυτα
2882 5535 3066 5582 φησιν·
3103 5535 3186 5567 οτι
3216 5535 3348 5600 ἔοις
3379 5535 3633 5603 ειοωςοις
3663 5535 3716 5568 εκ

321 5592 419 5664 τοῦ
449 5589 682 5664 ἀφανοῦς
716 5584 988 5664 ’δαίμονές
1043 5608 1180 5664 τινες
1239 5588 1606 5664 προσπτᾴντες
1631 5657 1641 5664 _
1666 5586 2166 5664 τωιρακςιθέζοντςιι,⁸
2188 5592 2304 5664 ⁸τῆς
2398 5586 2468 5641 πὸ
2524 5604 2666 5664 103v“
2694 5571 3034 5664 μιασμάτωη
3067 5581 3273 5664 ήδονης
3329 5585 3722 5664 ἀπ-ολαυοντεςο

325 5654 508 5739 ὣσπερ
539 5659 642 5738 γὰρ
673 5658 740 5715 τὰ
769 5654 938 5736 λίχνα
971 5656 1220 5737 κυνίδρια
1249 5654 1371 5734 περὶ
1401 5657 1528 5721 τοὺς
1582 5654 1785 5722 τόπους
1839 5654 1967 5714 τῶν
2008 5654 2298 5736 μακέλλων
2354 5654 2842 5739 παρακαθὲζονται’
2865 5655 2917 5712 ἐν
2977 5657 3062 5720 οἷς
3093 5654 3251 5734 αἷμα
3279 5657 3370 5713 καὶ
3401 5657 3610 5736 ἰχῶρες
3638 5654 3716 5713 εί·
