3994 6150
262 301 412 360 1085

1453 309 1628 368 VITA
1661 309 2014 367 BABLAAM
2050 307 2144 365 ET
2176 307 2515 367 JOABAPH.

3503 301 3661 366 ’1086

264 425 442 498 σύνης
499 421 566 480 τὰ
621 425 829 503 φθαρτᾶ
885 427 970 482 καὶ
1018 426 1278 506 ἐπίκηρα,
1328 433 1520 502 ἀσθενῆ
1549 453 1608 488 τε
1637 433 1724 488 καὶ
1757 429 1916 487 068a-

2033 433 2178 488 mnii
2201 439 2376 505 atque
2405 433 2630 488 umbra;
2662 431 2850 488 instar
2877 434 3232 504 pratereant
3252 447 3317 487 ac
3349 432 3661 489 deleantur

272 516 430 590 μινά,
478 518 586 570 τῶν
633 515 918 594 ἀφθάρτων
966 523 1254 595 προκρῖναι
1286 519 1378 574 καὶ
1429 519 1683 590 αἰωνίων,
1711 521 1914 596 ἀκηρά-

265 625 382 659 των
412 623 470 659 τε
497 603 586 659 καὶ
638 603 1032 676 ἀτελευτήτων,
1089 607 1178 661 καὶ
1232 611 1302 682 τῇ
1360 607 1678 684 προσκαίρῳ
1706 608 1912 664 τούτων

265 694 572 751 ἀπολαύσει
623 701 726 764 τῆς
782 693 1083 772 ἀδιαδόχου
1159 706 1479 774 στερηθῆναι
1538 705 1645 755 τῶν
1703 701 1915 775 ἀγαθῶν

262 783 489 840 ἐκείνων
519 782 912 855 ἀπολαύσεωςς
974 786 1053 842 Οὐ
1113 789 1362 858 συνήσεις
1410 793 1599 861 ταῦτα,
1632 787 1676 843 ὦ
1707 789 1872 863 πάτερ
1899 810 1912 860 ;

266 871 336 928 ού
394 869 771 948 παραδραμιῖς
854 874 921 928 τὰ
995 876 1428 951 παρατρέχοντα,
1487 877 1576 932 καὶ
1633 879 1916 952 προσθήσῃ

260 965 390 1024 τοῖς
420 960 804 1034 ἐπιμένουσινς
865 960 925 1016 οὗ
982 966 1342 1038 προτιμήσεις
1375 966 1472 1034 τήν
1511 967 1788 1021 κατοικίαν
1817 973 1915 1034 τῆς

263 1048 584 1125 παροικίας,
637 1049 700 1104 τὸ
758 1054 872 1127 φῶς
947 1055 1043 1106 τοῦ
1128 1051 1372 1121 σκότους,
1425 1055 1486 1108 τὸ
1558 1059 1765 1127 πνεῦμα
1813 1060 1913 1123 τῆς

267 1139 494 1213 σαρκὸς,
523 1139 625 1206 τὴν
658 1136 879 1193 αἰώνιον
916 1140 1058 1209 ζωὴν
1089 1146 1188 1209 τῆς
1217 1146 1368 1205 σκιᾶς
1398 1145 1493 1196 τοῦ
1525 1143 1752 1196 Θανάτου
1786 1144 1912 1213 ΠΙ),

258 1228 335 1281 τά
381 1227 456 1298 μή
513 1225 752 1300 λυόμενα
805 1231 914 1282 τῶν
974 1226 1243 1303 ῥεόντωνς
1300 1229 1399 1285 ούκ
1427 1229 1652 1307 ἐκφεύξῃ
1684 1237 1784 1299 τῆς
1812 1249 1912 1303 γα-

262 1313 448 1385 λεπῆς
481 1311 735 1377 δουλείας
787 1320 884 1370 τοῦ
941 1313 1118 1372 δεινοῦ
1173 1319 1646 1392 κοσμοκράτορος,
1690 1321 1785 1373 τοῦ
1815 1339 1914 1372 πο⁶

262 1408 466 1478 νηροῢ,
499 1403 668 1479 φημί,
699 1400 962 1461 διαϐόλου
1015 1409 1155 1480 (⁸72),
1211 1409 1300 1462 καὶ
1355 1412 1434 1481 τῷ
1486 1409 1669 1485 ἀγαθῷ
1708 1407 1795 1464 καὶ
1827 1407 1917 1463 εὐ-

265 1491 573 1568 σπλάγίνῳ
622 1493 709 1547 καὶ
763 1493 1176 1568 πανοικτίρμονι
1236 1495 1566 1570 οἷκειωθήσῃ
1627 1496 1911 1570 Δεσπότης

268 1580 376 1651 Οὐ,
408 1587 509 1651 τῆς
538 1585 645 1636 τῶν
678 1579 905 1637 πολλῶν
957 1583 1193 1648 ἀποστάς
1238 1584 1327 1638 καὶ
1375 1581 1744 1658 ψευδωνύμων
1777 1587 1912 1639 Θεῶν

273 1669 557 1746 λατρείας,
585 1669 666 1744 τῷ
697 1671 770 1725 ἐνὶ
813 1670 1124 1747 λατρεύσεις
1174 1672 1421 1746 ἀληθινῷ
1451 1675 1539 1728 καὶ
1573 1679 1729 1744 ζῶντι
1760 1677 1912 1746 Θεῷ;

270 1758 452 1859 ιίίγᾶρ
496 1759 591 1859 καὶ
641 1758 885 1859 ἧᾼμαρτες
939 1758 1105 1859 «SHE,
1153 1759 1361 1859 πολλὰ.
1388 1759 1792 1859 βλασφημήσας
1823 1762 1912 1816 καὶ
1946 1795 1991 1859 Β

263 1847 399 1910 τοὺς
454 1846 618 1903 αὐτοῦ
669 1846 1004 1924 (θεράποντας
1062 1847 1261 1912 δειναῖς
1338 1847 1544 1905 ἀνελὼν
1598 1850 1912 1927 τιμωρίαις,

270 1939 429 1996 219
462 1934 607 1992 ἀλλὰ
635 1933 837 2008 δέξεταί
870 1958 948 2004 σε,
981 1935 1038 1992 εὖ
1070 1934 1208 2008 οἶδα,
1242 1938 1270 1992 ὁ
1303 1939 1496 2014 ἀγαθὸς
1529 1939 1918 2014 ἐπιστρέψαντα

268 2027 366 2080 καὶ
393 2026 603 2080 πάντων
657 2045 751 2079 σου
805 2023 1205 2098 ἀμνημονεύσει
1255 2030 1360 2080 τῶν
1389 2024 1914 2099 πλημμελημάτων·

276 2111 341 2170 οὔ
377 2112 632 2189 βούλεται
660 2115 760 2190 γὰρ
817 2114 912 2168 τὸν
967 2114 1196 2168 θάνατον
1241 2112 1338 2169 τοῦ
1369 2113 1724 2190 ἆμαρτωλοῦ,
1757 2113 1831 2177 ὡς
1856 2115 1919 2169 τὸ

274 2201 594 2280 ἐπιπρέψαι
623 2201 711 2257 καὶ
747 2204 842 2276 ζῇν
878 2202 1039 2257 αὐτὸν
1087 2205 1221 2276 (73),
1272 2203 1299 2256 ὁ
1350 2202 1410 2257 ἐκ
1455 2207 1562 2257 τῶν
1593 2199 1918 2276 ἀνεκδιηγή-

270 2311 383 2347 των
435 2290 710 2347 κατελθὼν
766 2290 1075 2363 ὑψωμάτων
1140 2289 1224 2345 ἐπὶ
1279 2293 1503 2360 ζήτησιν
1551 2295 1657 2346 τῶν
1709 2289 1918 2362 πλανη-

280 2381 480 2446 θέντων
511 2382 696 2453 ἡμῶν,
729 2378 952 2454 σταυρόν
1000 2401 1059 2434 τε
1113 2380 1200 2434 καὶ
1268 2381 1534 2455 μάστιγας
1577 2379 1666 2434 καὶ
1697 2381 1917 2443 θάνατον

282 2469 576 2543 ὑπομείνας
611 2466 681 2524 δι’
711 2471 881 2542 ἡμᾶς,
931 2467 1021 2522 καὶ
1068 2467 1148 2541 τῷ
1202 2468 1374 2542 τιμίῳ
1407 2469 1573 2524 αὐτοῦ
1613 2467 1801 2541 αἳματι
1838 2468 1921 2538 ἐξ-

285 2557 550 2634 αγοράσας
582 2559 734 2630 ἡμᾶς
775 2555 905 2619 τοὺς
952 2555 1328 2631 πεπραμένους
1361 2557 1464 2612 ὑπὸ
1505 2558 1604 2626 τήν
1633 2556 1920 2632 ἁμαρτίαν.

280 2647 445 2719 Λύτῷ
473 2649 508 2716 ἡ
541 2643 668 2717 δύξα
695 2646 783 2700 καὶ
818 2643 1012 2708 αἶ’νεσις
1035 2644 1113 2706 εἷς
1136 2644 1262 2708 τοὺς
1295 2645 1510 2707 αἰῶνας.
1544 2647 1744 2718 Ἀμήν.

2022 523 2189 591 (Psal.
2216 526 2426 590 CXLIII),
2459 522 2603 577 adeo
2646 528 2709 576 ut
2745 521 3122 576 instabilibus
3154 521 3349 593 potius
3389 522 3570 587 auris,
3604 526 3662 576 et

2023 612 2186 666 navis
2213 627 2317 682 per
2338 627 2500 666 mare
2523 611 2817 665 currentis
2838 610 3115 682 vestigiis,
3139 626 3316 680 quam
3354 609 3662 664 hominum

2021 700 2399 771 prosperitati
2418 700 2562 755 fides
2576 700 2845 755 habenda
2864 700 2957 765 sit;
2975 717 3103 770 qua}
3121 700 3357 754 tandem
3379 697 3666 770 simplici-

2024 794 2132 858 tas,
2156 789 2245 844 vel
2264 795 2326 843 ut
2349 790 2565 843 rectius
2587 788 2816 859 loquar.
2844 788 3092 842 stultitia
3124 793 3180 842 et
3213 788 3510 842 dementia
3535 788 3660 840 hanc

2024 883 2132 942 est,
2154 894 2224 932 ea
2241 894 2370 947 quas
2395 876 2617 931 caduca
2639 882 2697 930 et
2718 876 3018 930 imbecilla
3048 876 3528 947 corruptionique
3556 874 3662 929 ob-

2023 965 2199 1020 noxia
2224 971 2380 1035 sunt,
2407 965 2521 1020 imo
2545 965 2696 1019 nihil
2718 981 2959 1035 prorsus
2984 964 3220 1030 sunt,iis
3246 981 3374 1034 qum
3397 981 3430 1018 a
3448 979 3658 1018 corru-

2023 1056 2224 1126 ptione
2247 1056 2444 1110 aliena
2457 1071 2523 1110 ac
2548 1056 2910 1126 sempiterna
2935 1054 3331 1125 sunt.potiora
3354 1053 3662 1118 ducere,ac

2024 1149 2264 1214 propter
2287 1144 2642 1199 caducarum
2672 1161 2868 1198 rerum
2903 1143 3182 1205 fructum,
3207 1142 3498 1197 bonorum
3531 1142 3666 1196 illo-

2022 1250 2154 1287 rum
2171 1233 2363 1287 fructu
2388 1233 2460 1286 ab
2487 1233 2646 1287 omni
2671 1233 3045 1287 successione
3064 1237 3286 1286 remoto
3302 1231 3553 1302 privari?
3574 1233 3664 1284 An

2024 1338 2145 1375 non
2168 1321 2313 1386 haec,
2339 1337 2372 1374 o
2398 1327 2584 1391 pater,
2607 1320 2902 1392 intelliges
2925 1320 2952 1373 ‘?
2975 1324 3062 1374 An
3095 1335 3215 1373 non
3247 1319 3666 1389 prietereuntia

2023 1410 2375 1481 prmteribis,
2401 1415 2578 1480 atque
2603 1410 2674 1464 ad
2699 1425 2767 1464 ea
2789 1426 2920 1480 qua)
2944 1409 3059 1463 ﬁxa
3082 1413 3139 1463 et
3161 1415 3320 1462 certa
3343 1412 3499 1472 sunt,
3535 1404 3664 1460 ani-

2023 1516 2187 1553 mum
2209 1499 2524 1571 adiunges?
2545 1503 2633 1554 An
2653 1517 2771 1554 non
2797 1498 3046 1569 patriam
3073 1495 3533 1569 peregrinationi
3558 1512 3664 1550 an-

2025 1593 2288 1659 tepones,
2319 1587 2512 1642 lucem
2538 1588 2817 1654 tenebris,
2851 1587 3125 1657 spiritum
3159 1585 3344 1652 carni,
3377 1585 3553 1638 vitam
3585 1600 3666 1638 ae-

2023 1681 2251 1730 ternam
2274 1676 2497 1730 umbrm
2517 1676 2823 1742 mortis,ea
2842 1691 2971 1745 qum
2995 1691 3113 1729 non
3129 1674 3476 1730 dilabuntur
3494 1671 3666 1726 ﬂuxis

2024 1770 2083 1818 et
2100 1764 2407 1836 fragilibus
2426 1764 2454 1818 ?
2474 1767 2561 1818 An
2588 1781 2707 1818 non
2732 1781 2801 1818 ex
2824 1763 3006 1818 atroci
3028 1763 3136 1819 hac
3154 1762 3434 1817 horrendi
3457 1760 3667 1824 mundi

2023 1853 2331 1925 principis,
2355 1854 2465 1908 hoc
2490 1860 2579 1908 est
2603 1853 2858 1924 perversi
2883 1851 3102 1907 diaboli
3132 1853 3432 1909 servitute.
3453 1851 3588 1922 fuga
3612 1856 3666 1903 te

2028 1941 2524 2013 subduces,teque
2543 1943 2615 1998 ad
2629 1942 2849 1998 bonum
2873 1947 2930 1996 et
2951 1941 3023 1996 ad
3047 1940 3512 1996 misericordiam
3538 1955 3669 2010 pro-

2027 2031 2447 2102 pensissimum
2474 2031 2787 2084 Dominum
2808 2033 3076 2085 conl'eres
3099 2030 3125 2084 ?
3146 2033 3233 2084 An
3255 2047 3372 2084 non
3394 2047 3427 2084 a
3449 2027 3666 2082 multa-

2028 2135 2159 2173 rum
2177 2119 2719 2174 commentitiorum
2747 2119 2992 2174 deorum
3017 2119 3178 2174 cultu
3203 2117 3666 2190 teipsumabdu-

2028 2214 2328 2279 ces.atque
2343 2208 2445 2263 uni
2459 2208 2581 2262 vivo
2595 2224 2662 2263 ac
2674 2210 2931 2264 veroDeo
2945 2209 3168 2262 cultum
3183 2207 3668 2262 adhibebis?Nam

2031 2296 2138 2351 etsi
2162 2297 2224 2351 in
2247 2297 2428 2351 Deum
2453 2297 2729 2367 peccasti.
2756 2313 2889 2351 cum
2914 2297 3130 2351 multas
3154 2296 3216 2350 in
3239 2311 3371 2350 eum
3395 2294 3668 2364 blasphe-

2030 2383 2179 2439 mias
2202 2384 2484 2450 el‘l'udisti,
2509 2391 2686 2455 atque
2707 2384 2895 2454 ipsius
2914 2400 3109 2439 servos
3127 2381 3399 2453 gravibus
3415 2387 3671 2436 tormen-

2032 2473 2106 2526 tis
2121 2473 2486 2527 excruciatos
2508 2474 2881 2538 necasti,non
2907 2480 3104 2527 tamen
3127 2470 3330 2525 dubito
3355 2470 3497 2541 quin
3521 2477 3575 2524 te
3597 2468 3669 2523 ad

2031 2561 2332 2616 melisrem
2358 2568 2616 2617 mentem
2647 2563 2996 2617 redeuntem
3028 2567 3407 2632 suscepturus
3430 2561 3521 2626 sit,
3544 2576 3671 2614 om-

2032 2651 2249 2721 niaque
2267 2651 2482 2706 delicta
2508 2658 2607 2706 tua
2634 2669 2662 2706 e
2687 2653 2973 2708 memoria
3005 2653 3319 2723 ejecturus.
3354 2651 3476 2703 Non
3510 2649 3668 2702 enim

274 2742 528 2793 mortem
555 2735 900 2808 peccatoris,
927 2735 1029 2790 sed
1062 2736 1249 2806 magis
1287 2741 1353 2790 ut
1386 2740 1760 2792 convertatur
1784 2741 1840 2790 et
1860 2737 2028 2804 vivat,
2054 2739 2154 2793 ille
2178 2739 2300 2794 vult
2321 2740 2532 2810 (Ezech.
2565 2744 2748 2808 xvm),
2782 2741 2881 2811 qui
2904 2746 2971 2794 ut
2992 2756 3099 2794 nos
3130 2756 3163 2794 a
3192 2743 3352 2792 recta
3379 2737 3468 2790 via
3499 2736 3670 2790 aber-

277 2831 476 2881 rantes
506 2827 855 2897 requireret,
888 2842 959 2879 ex
990 2841 1058 2880 ea
1089 2824 1452 2879 sublimitate
1480 2843 1608 2897 qum
1637 2824 1819 2880 nullis
1853 2827 2043 2882 verbis
2067 2829 2277 2899 exponi
2310 2835 2502 2899 potest
2546 2829 2870 2893 descrndit,
2907 2842 3265 2897 crucemque
3310 2832 3368 2880 et
3415 2830 3666 2879 mortem

272 2920 478 2970 nostra
502 2931 678 2970 causa
708 2913 969 2985 pertulit,
1000 2931 1065 2969 ac
1091 2930 1198 2968 nos
1231 2915 1332 2984 qui
1365 2914 1471 2968 sub
1503 2920 1740 2985 peccato
1765 2914 1985 2969 venditi
2015 2932 2248 2972 eramus
2279 2920 2453 2988 (Rom.
2485 2922 2599 2988 vn),
2641 2919 2896 2989 pretioso
2931 2934 3035 2972 suo
3084 2916 3365 2987 sanguine
3397 2914 3669 2979 redemit,

275 3003 390 3075 ipsi
425 3003 553 3058 laus
585 3009 642 3058 et
671 3003 858 3076 gloria
881 3002 940 3057 in
974 3003 1191 3058 saecula
1221 3003 1593 3059 saeculorum.
1628 3006 1838 3058 Amen.

343 3092 457 3147 Τοῦ
507 3087 564 3143 δέ
612 3089 880 3165 βασιλέως
935 3088 1192 3162 ἐκπλήξει
1247 3111 1306 3144 τε
1362 3091 1475 3162 ἅμα
1531 3091 1620 3144 καὶ
1654 3089 1789 3165 ὀργῇ
1823 3088 1916 3160 λη·

2099 3095 2219 3150 Rex
2239 3100 2437 3150 autem
2465 3102 2703 3167 stupore
2729 3095 2905 3151 simul
2928 3101 3103 3166 atque
3127 3096 3213 3149 ira
3230 3099 3532 3164 correptus
3553 3097 3666 3147 est:

272 3180 522 3257 φθέντος,
553 3179 613 3232 τὸ
648 3180 740 3250 μὲν
799 3177 888 3232 ἐπὶ
944 3181 1014 3252 τῇ
1063 3182 1158 3232 τοῦ
1215 3176 1406 3240 παιδὸς
1448 3177 1650 3233 συνέσει
1681 3179 1770 3233 καὶ
1799 3184 1917 3242 τοῖς

252 3265 681 3344 ’ἀναντιῤῥήτοις
740 3265 904 3321 αὐτοῦ
963 3266 1193 3342 ῥήμασι,
1252 3266 1313 3320 τὸ
1370 3264 1427 3321 δὲ
1485 3266 1565 3344 ἐφ’
1618 3268 1663 3337 ᾧ
1712 3264 1916 3320 ἐκείνου

270 3356 335 3411 οὐ
369 3353 608 3410 διέλιπεν
662 3349 1037 3409 ἐνδιαϐάλλων
1085 3355 1239 3418 θεοὺς
1287 3355 1379 3409 καὶ
1430 3354 1560 3410 ὅλον
1602 3355 1766 3410 αὐτοῦ
1817 3376 1918 3427 μυ·

267 3443 544 3519 κτηρίζων
596 3444 685 3498 καὶ
735 3443 1019 3519 χλενάζων
1073 3444 1164 3498 τὸν
1230 3443 1372 3517 βίου,
1401 3444 1464 3498 τὸ
1498 3443 1591 3517 μὶν
1619 3447 1715 3498 τοῦ
1746 3442 1920 3518 λόγου

269 3531 499 3609 φαιδρὸν
555 3529 641 3587 διὰ
688 3532 786 3600 τήν
834 3526 984 3585 ἔνδον
1035 3530 1134 3585 οὐκ
1182 3529 1392 3601 ἐδέξατο
1436 3536 1534 3586 τοῦ
1564 3532 1790 3594 σκότους
1819 3551 1921 3585 πα-

265 3622 507 3699 χύτητα,
538 3623 952 3698 τιμωρήσασθαι
1013 3617 1070 3675 δὲ
1126 3619 1284 3675 αὐτὸν
1341 3619 1378 3690 ἤ
1437 3625 1618 3684 κακῶς
1659 3643 1712 3676 τι
1745 3619 1921 3676 διαθέ-

273 3721 396 3775 σθαι
426 3713 495 3783 τῇ
528 3712 728 3784 φυσικῇ
790 3709 866 3781 μὴ
922 3706 1219 3781 δυνάμενος
1281 3712 1506 3783 στοργῇ,
1564 3709 1626 3764 τὸ
1670 3707 1727 3765 δὲ
1762 3729 1921 3783 μετα·

271 3798 474 3854 πείσειν
529 3798 689 3854 αὐτὸν
750 3795 1004 3858 ἀπειλαῖς
1059 3798 1234 3866 πάντη
1293 3797 1590 3872 ἀπογνοὺς,
1661 3795 1924 3876 φοϐηθεὶς

275 3887 380 3961 μὴ,
435 3885 694 3948 πλείονας
740 3886 963 3956 κινήσας
1015 3885 1152 3960 πρὸς
1228 3883 1384 3940 αὐτὸν
1441 3885 1657 3962 λόγους,
1716 3887 1924 3945 ἐκείνου

273 3973 790 4051 παρρησιαζομένου
820 3973 908 4028 καὶ
967 3972 1036 4028 τὰ
1089 3977 1196 4028 τῶν
1257 3977 1391 4037 θεῶν
1431 3971 1926 4048 διακωμῳδοῦντος

276 4065 369 4120 καὶ
415 4062 801 4139 χλευάζοντος,
855 4062 931 4126 εἰς
982 4059 1212 4117 πλείονα
1271 4063 1441 4136 θυμὸν
1501 4063 1765 4139 ἐξαφθεὶς,
1817 4071 1926 4122 τῶν

282 4153 536 4208 ἐναντίων
594 4151 669 4214 si”:
729 4151 886 4206 αὐτόν
943 4173 994 4206 τι
1054 4151 1424 4222 διαπράξοιτο,
1456 4153 1568 4224 μετ’
1603 4154 1769 4229 ὀργῆς
1801 4154 1926 4210 ἀνα-

282 4241 434 4311 στάς,
480 4240 858 4316 ὑπεχώρησεν,
908 4238 1036 4296 Είθε
1086 4237 1349 4311 μηδόλως
1398 4239 1706 4314 ἐγεννήθης,
1735 4243 1924 4313 εἰπὼν,

285 4330 414 4405 μήτ’
469 4329 547 4392 είς
595 4333 709 4407 φῶς
759 4325 1054 4404 προῆλθες,
1109 4331 1355 4389 τοιοῦτος
1406 4325 1628 4400 μέλλων
1689 4326 1924 4405 ἔσεσθαι,

283 4417 616 4496 βλάσφημος
649 4417 724 4480 είς
753 4418 879 4479 τοὺς
909 4417 1064 4479 Θεοὺς
1115 4418 1204 4472 καὶ
1253 4424 1351 4486 τῆς
1381 4425 1650 4492 πατρικῆς
1680 4419 1922 4476 ἀποστά-

275 4531 380 4576 της
432 4507 618 4584 φιλίας
659 4529 718 4562 τε
760 4507 848 4562 καὶ
894 4508 1200 4571 νουθεσίαςί
1256 4505 1412 4564 Ἀλλ’
1461 4511 1564 4563 ούκ
1637 4510 1714 4573 είς
1768 4510 1927 4576 τέλος

277 4602 389 4654 τῶν
447 4597 734 4666 ἀηττήτων
791 4598 1162 4668 καταμωκήση
1237 4601 1393 4669 θεῶν,
1455 4595 1566 4651 οὐδ’
1644 4597 1729 4653 ἐπὶ
1781 4597 1924 4654 πολὺ

280 4687 620 4762 χαρήσονται
654 4683 702 4738 oi.
738 4683 1068 4754 ὑπεναντίοι,
1127 4681 1244 4738 οὐδ’
1293 4683 1346 4738 ai
1403 4683 1611 4740 τούτων
1644 4684 1924 4761 ἴσχύσουσι

285 4777 442 4834 220
470 4778 740 4848 γοητεῖαι.
796 4771 856 4827 El
918 4772 994 4844 μή
1049 4771 1149 4846 γάρ
1211 4770 1436 4841 εύήκοος
1479 4775 1679 4848 γενήσῃ
1713 4796 1804 4848 μοι
1835 4777 1924 4832 καὶ

2028 3183 2173 3237 illud
2188 3184 2503 3255 nempe.ob
2519 3185 2624 3240 {llii
2645 3183 3226 3255 prudentiam.atque
3243 3181 3532 3253 ejusmodi
3556 3197 3672 3236 ser-

2027 3287 2254 3340 mones,
2288 3273 2387 3343 qui
2409 3273 2575 3328 nullo
2603 3280 2772 3343 pacto
2796 3271 2986 3326 refelli
3013 3275 3289 3342 possent;
3317 3269 3426 3323 hoc
3449 3274 3668 3337 autem,

2031 3360 2168 3430 quia
2190 3362 2375 3432 ipsius
2399 3361 2538 3416 deos
2559 3361 2864 3417 traducere
2887 3378 2953 3416 ac
2975 3358 3278 3414 criminari
3297 3375 3416 3412 non
3434 3357 3672 3411 desine-

2029 3449 2457 3521 bat,totamque
2480 3451 2666 3522 ipsius
2683 3451 2858 3505 vitam
2883 3447 3231 3521 suggillabat
3248 3465 3313 3502 ac
3328 3445 3674 3519 proscinde-

2031 3536 2345 3608 hat.Atque
2361 3537 2701 3608 hujusmodi
2724 3537 2961 3607 quidem
2985 3535 3278 3590 sermonis
3293 3532 3669 3604 splendorem

2033 3626 2106 3680 ob
2133 3626 2427 3680 internam
2455 3625 2833 3681 tenebrarum
2858 3623 3189 3679 crassitiem
3213 3622 3670 3691 haudquaquam

2033 3715 2290 3770 admisit.
2325 3717 2465 3769 Cum
2487 3721 2683 3770 autem
2711 3715 2782 3769 ob
2809 3713 3026 3770 amoris
3053 3728 3086 3766 a
3116 3718 3328 3766 natura
3353 3710 3512 3764 insiti
3537 3709 3671 3764 aﬂ‘e-

2034 3807 2193 3856 ctum
2217 3801 2276 3854 in
2299 3801 2493 3871 ipsum
2517 3801 3109 3865 animadvertere,aut
3131 3814 3263 3852 eum
3289 3797 3445 3852 malo
3469 3795 3668 3866 aliquo

2034 3891 2287 3944 multare
2305 3906 2424 3945 non
2446 3895 2667 3961 posset.
2690 3905 3042 3959 rursumque
3067 3889 3257 3958 ipsum
3284 3887 3354 3942 de
3377 3884 3673 3940 sententia

2036 3978 2333 4034 dimovere
2356 3995 2417 4033 se
2440 3995 2613 4049 posse
2637 3993 2879 4050 prorsus
2901 3977 3262 4048 desperaret,
3283 3972 3503 4029 veritus
3525 3988 3600 4027 ne
3623 3971 3671 4027 si

2035 4067 2304 4138 pluribus
2324 4085 2456 4123 cum
2481 4068 2856 4124 sermonibus
2903 4068 3238 4128 lacesseret,
3275 4081 3340 4118 eo
3391 4063 3573 4117 libere
3605 4078 3673 4116 ac

2037 4156 2601 4228 ﬁdenterloquente.
2635 4157 2896 4226 deosque
2921 4154 3274 4226 suggillante
3295 4157 3471 4222 atque
3496 4149 3676 4204 cavil-

2037 4243 2110 4298 lis
2129 4245 2476 4310 insectante,
2510 4245 2736 4315 majore
2768 4245 2893 4314 ipse
2919 4242 3226 4297 iracundia
3248 4240 3672 4304 inflammatus,

2036 4332 2250 4388 hostile
2274 4333 2498 4403 aliquid
2524 4333 2584 4387 in
2609 4349 2744 4388 eum
2765 4331 3119 4403 designaret,
3145 4331 3292 4384 irato
3323 4329 3521 4384 animo
3545 4343 3676 4381 sur-

1958 4446 2004 4509 Β
2038 4439 2179 4495 gens
2211 4422 2474 4488 secessit,
2529 4422 2621 4477 his
2655 4421 2935 4476 duntaxat
2961 4419 3151 4475 verbis
3196 4425 3406 4474 utens:
3441 4418 3675 4472 Utinam

2037 4527 2344 4581 nunquam
2369 4517 2542 4566 natus
2561 4511 2910 4566 fuisses.nec
2940 4509 3002 4563 in
3029 4509 3220 4564 lucem
3252 4507 3594 4579 prodiisses,
3626 4503 3674 4558 si

2037 4600 2277 4670 quidem
2305 4600 2568 4654 futurum
2591 4604 2717 4653 erat
2734 4605 2801 4653 ut
2823 4597 2880 4652 id
2904 4597 3046 4652 deos
3064 4603 3182 4651 tam
3205 4596 3422 4666 impius
3454 4601 3512 4649 et
3531 4609 3676 4648 con-

2038 4689 2387 4744 tumeliosus
2410 4693 2772 4759 esses,atque
2795 4704 2829 4742 a
2846 4693 3092 4758 paterna
3114 4684 3376 4740 amicitia
3398 4688 3456 4738 et
3477 4681 3676 4736 admo-

2036 4779 2260 4833 nitione
2285 4777 2876 4833 abscederes.Verum
2899 4773 3218 4831 adversarii
3251 4773 3390 4828 deos
3423 4784 3673 4842 quorum

359 4961 472 5027 (71)
507 4954 1002 5040 ϐςεεζοτὶιιξ,Νδκ.
1063 4959 1224 5040 οἷαὶ,
1278 4955 1360 5040 l6,
1419 4972 1478 5026 p.
1535 4957 1678 5011 252:
1727 4955 1852 5040 'Tic.
1893 4977 1916 5012 σ

2032 4980 2075 5025 ς,
2132 4957 2221 5012 καὶ
2254 4957 2468 5040 συνήσει
2494 4959 2697 5040 mil-ra;
2730 4953 2812 5016 τίς
2843 4951 3273 5040 παραδραμεῖται
3298 4950 3377 5040 ,τά
3407 4946 3674 5040 παρατρέτ

293 5021 500 5102 «Labra;
530 5021 1009 5102 τίςπροσβήσεται
1037 5029 1151 5084 τοῖς
1206 5021 1516 5102 ἐπιμένουσι
1543 5045 1627 5093 ;...

1686 5025 1767 5087 τίς
1826 5025 2163 5101 διαιρήσειν.

294 5094 472 5174 ξέωτός
501 5115 586 5165 ;...
616 5094 698 5157 τίς
731 5096 898 5174 σάρκα
925 5095 1011 5148 καί
1049 5098 1256 5174 πνεῦμα
1283 5094 1409 5160 ,τίς
1441 5097 1568 5174 Θερν
1596 5096 1684 5150 καὶ
1715 5094 2164 5174 κοσμοκράτορας
2192 5099 2272 5162 τίς

2223 5022 2509 5093 παροικίαν
2566 5027 2653 5079 καὶ
2687 5022 2983 5079 ’κατοικίαν
3011 5023 3031 5093 ;’
3077 5022 3160 5084 τίς
3217 5022 3404 5083 σκότος
3447 5022 3550 5076 ἀπὸ
3579 5022 3676 5076 τοῦ

2295 5047 2509 5080 κοικιαν
2566 5047 2653 5079 και
2710 5047 3024 5093 κατοικιαν;
3077 5047 3160 5084 τις
3217 5047 3288 5077 cm

2295 5047 2523 5153 gavitou
2554 5096 2702 5150 σκιάν
2735 5097 2820 5150 καὶ
2858 5099 2999 5167 ζωὴν
3026 5094 3244 5149 αἰώνιον
3268 5113 3288 5160 ;

361 5172 470 5243 (Ίζ)
500 5171 566 5224 In
600 5165 1333 5243 nomineaoaporcpairwo;
1367 5165 1884 5243 quodsynonyme

2030 5165 2212 5228 ιϐόλου
2241 5241 2247 5243 Α
2272 5170 2513 5243 nomine
2544 5165 2985 5243 interpretatur,
3023 5174 3110 5243 est
3140 5167 3352 5243 allusio
3375 5165 3457 5243 ad
3484 5165 3677 5243 locum

291 5239 492 5313 Pauli,
512 5255 690 5313 supra
720 5257 784 5313 p._
809 5240 987 5313 l3._n_.
1020 5240 1107 5313 43.
1141 5239 1368 5313 Psellus
1403 5241 1479 5294 De
1510 5239 1768 5296 daimon’
1799 5260 1854 5313 p.
1902 5245 2019 5313 A25:

2078 5243 2139 5332 τό
2193 5241 2294 5330 γάρ
2351 5238 2446 5295 τοῦ
2503 5235 2884 5314 Ἀντιχριστοῦ
2934 5238 3128 5332 κράτος
3177 5236 3338 5310 ἐγγὺς
3371 5235 3457 5332 ἐπὶ
3492 5237 3679 5326 θύραις

2393 5313 2587 5332 λῒ-μκξ-
2639 5327 2791 5332 _-___
2852 5311 2942 5332 .._-_:
3027 5327 3046 5332 Α
3082 5312 3268 5332 1,.-..ρρ
3305 5326 3358 5332 --
3396 5317 3506 5332 ι-...
3574 5318 3635 5332 Δ-.

288 5293 831 5395 ἦπῖέίίὲὸάἓχειειο
857 5326 868 5362 :
1011 5308 1114 5395 γὰρ
1145 5327 1230 5360 τοι
1259 5293 1916 5395 κράτοςποῦκοξμόκρά

2030 5333 2080 5395 ξς
2120 5293 2340 5395 ἐγγξκξ..ε
2392 5313 2595 5395 Nescio
2639 5293 2990 5395 nyuncnquid
3021 5293 3269 5395 eli‘garri’é
3303 5293 3515 5395 saltem:
3543 5293 3676 5361 ’Ἂν-ἶ

287 5377 572 5456 τίχρίπου
605 5380 716 5456 erit
731 5447 744 5456 _
761 5377 1230 5456 rescribendum:
1253 5377 1654 5456 nnotandaque
1704 5377 1915 5439 imitati

2030 5377 2277 5442 larclani
2326 5385 2439 5439 loci
2485 5400 2603 5449 xm,
2653 5387 2755 5438 29:
2809 5377 2968 5436 ’Ὸταν
3019 5377 3185 5435 ταῖῖτα
3215 5377 3368 5449 ἴδητε
3393 5379 3674 5455 γινόμενα,

291 5447 584 5530 γιίῖὦσκιὲε
614 5450 696 5530 ὅτι
729 5447 884 5524 ἐγγύς
917 5449 1056 5530 ἐστιν
1087 5448 1410 5530 ἐπὶιθξύρα-ις.

365 5527 480 5613 (Ζίξ)
507 5522 728 5613 ,Ez‘ecllr
746 5516 948 5613 ιξὶξχξιῖ,
966 5525 1086 5613 ,1713
1135 5516 1300 5613 T3285
1333 5521 1485 5613 λέγει,
1535 5523 1751 5600 Κύριος’
1812 5523 1889 5582 Οὐ

2030 5525 2224 5600 5λομαι
2280 5525 2370 5580 τὸν
2431 5523 2656 5577 θάνατον
2703 5524 2800 5577 τοῦ
2843 5517 3090 5592 ἀσεϐοῦς,
3125 5519 3198 5583 ὠς
3230 5520 3560 5595 ἀποστρέψαι
3584 5517 3676 5574 τὸν

294 5589 468 5665 ἀσεϐῆ
497 5593 602 5648 ἀπὸ
629 5598 730 5663 τῆς
762 5589 891 5646 ὁδοῦ
919 5589 1086 5649 αὐτοῦ
1113 5591 1204 5647 καὶ
1236 5590 1326 5667 ζῇν
1359 5589 1537 5652 αύτόν.
