3994 6150
397 295 538 350 108⁸1

1939 287 2303 342 ΔΒΟΒΝΒΔ.

3636 291 3777 347 1088

397 420 680 475 invictum
695 419 875 474 robur
895 424 1420 490 est,nonperpetuo
1439 416 2022 478 subsannabunt,nec

2146 413 2248 469 τοῖς
2274 415 2416 472 θεοῖς
2447 412 2773 484 εὐγνώμων,
2824 410 3062 474 πολλαῖς
3110 409 3371 487 πρότερον
3405 409 3640 475 ἐκδώσας
3665 417 3778 487 (⁸74)

399 507 501 562 diu
530 507 890 578 gaudebunt,
923 524 1029 562 nec
1053 524 1253 562 eorum
1280 509 1586 578 prwstigim
1611 508 1725 560 vim
1748 503 2035 559 habitura)

400 599 706 651 sunt.Nam
729 597 842 650 nisi
860 596 1000 650 milii
1024 597 1178 651 dicto
1193 597 1531 651 audientem
1553 604 1727 666 atque
1743 609 1877 663 erga
1893 590 2037 644 deos

397 690 626 755 gratum
652 690 704 739 te
724 684 1066 755 praebueris,
1092 685 1292 740 multis
1317 687 1478 756 prius
1499 703 1564 741 ac
1585 685 1758 739 variis
1777 689 2035 736 tormen-

2147 516 2204 550 σε
2235 498 2322 551 καί
2379 498 2657 562 ποικίλαις
2709 500 3021 574 τιμωρίαις,
3075 501 3433 573 κακηγκάκως
3463 502 3780 572 θανατώσω,

2147 582 2254 658 οὐχ
2311 587 2384 648 ὡς
2437 589 2539 660 υίῷ
2597 609 2679 642 σοι
2740 586 3020 660 διατεθείς,
3080 587 3309 650 ἀλλ’ὡς
3340 588 3526 663 ἐχθρῷ
3554 592 3784 646 τινικαὶ

2147 675 2442 752 ἀποστάτῃ.

399 773 474 827 tis
503 774 779 827 affectum
810 773 1192 828 acerbissima
1224 781 1409 830 morte
1445 781 1496 828 te
1529 773 1598 828 de
1630 771 1824 828 medio
1860 766 2087 834 tollam,
2121 781 2231 820 nec
2264 772 2458 823 tecum
2486 775 2550 824 ut
2579 787 2712 825 cum
2745 771 2889 836 fllio,
2923 769 3026 825 sed
3075 776 3140 825 ut
3188 786 3322 825 cum
3366 769 3536 824 hoste
3580 771 3780 842 aliquo

399 877 465 915 ac
495 860 702 915 rebelli
735 877 922 933 agam.

469 949 600 1003 CAP.
625 950 795 1003 XXV.
831 981 895 990 —
929 950 1028 1004 His
1056 951 1234 1005 minis
1257 969 1390 1006 cum
1432 952 1490 1006 in
1529 968 1662 1006 eum
1697 955 1864 1021 pater
1894 963 2035 1001 usus

400 1045 558 1095 esset
588 1046 764 1110 atque
802 1041 986 1096 iratus
1019 1044 1379 1108 secessisset,
1416 1043 1572 1098 ﬁlius
1605 1044 1665 1096 in
1697 1040 2036 1096 cubiculum

398 1125 973 1197 ingressus.sublatis
987 1129 1058 1182 ad
1073 1129 1161 1183 sui
1175 1130 1510 1184 certaminis
1523 1130 1647 1184 arbi
1659 1136 1746 1183 tru
1758 1147 1808 1182 m
1825 1127 2032 1192 oculis,

399 1231 470 1268 ex
517 1216 726 1269 intimo
764 1217 938 1271 corde
966 1217 1347 1272 exclamavit:
1383 1219 1628 1273 Domine
1661 1220 1814 1272 Deus
1847 1233 2031 1282 meus,

403 1302 591 1357 dulcis
606 1320 760 1374 spes,
790 1305 1153 1376 minimeque
1187 1307 1437 1362 mendax
1469 1307 1798 1378 promissio.
1831 1322 1898 1360 ac
1932 1305 2033 1358 fir-

401 1408 564 1446 mum
579 1407 781 1446 eorum
796 1394 893 1463 qui
921 1410 980 1448 se
1004 1395 1107 1448 tibi
1133 1401 1281 1448 totos
1303 1396 1658 1450 devoverunt
1681 1394 2032 1466 perfugium,

401 1481 655 1551 propitio
669 1499 734 1535 ac
748 1482 1000 1554 benigno
1019 1484 1188 1538 oculo
1208 1485 1461 1555 pectoris
1475 1485 1591 1539 mei
1616 1485 1802 1539 contri
1812 1485 2031 1538 tionem

399 1585 711 1635 cerne,nec
736 1586 827 1624 me
851 1570 1369 1642 derelinquas,nec
1391 1573 1661 1628 discedas
1682 1590 1716 1627 a
1742 1589 1834 1628 me
1855 1573 2024 1641 (Psal.

2217 947 2374 998 ΚΕΦ.
2411 947 2533 1001 KE'.
2566 951 2737 1001 Ταῦτα
2791 951 2886 1001 τοῦ
2944 946 3144 1021 πατρὸς
3202 945 3650 1018 ἀπειλησαμένου
3692 947 3781 1002 καὶ

2149 1031 2264 1102 μετ’
2295 1033 2464 1108 ἀργῆς
2498 1034 2981 1110 ὑποχωρήσαντος,
3041 1033 3116 1095 είς
3171 1034 3264 1088 τὸν
3320 1034 3514 1089 ἑαυτοῦ
3551 1039 3788 1089 κοιτῶνα

2145 1120 2172 1173 ὁ
2204 1120 2318 1181 υίὸς
2369 1120 2648 1192 εἷσελθὼν,
2704 1121 2794 1177 καὶ
2849 1124 2985 1197 πρὸς
3035 1122 3128 1177 τὸν
3189 1121 3388 1177 οἰκεῖον
3451 1123 3790 1198 ἀγωνοθέτην

2142 1207 2268 1270 τοὺς
2303 1208 2623 1282 ὀφθαλμοὺς
2657 1212 2953 1280 ἀνατείνας,
3002 1209 3187 1284 Κύριε,
3221 1212 3249 1265 ὁ
3279 1207 3407 1272 Θεός
3442 1232 3567 1284 μου,
3597 1212 3658 1266 ἐκ
3694 1214 3787 1286 βά.

2145 1297 2269 1359 θους
2302 1297 2551 1371 ἀνέκραξε
2609 1303 2721 1371 (75)
2774 1307 2873 1369 τῆς
2917 1296 3166 1372 καρδίας,
3218 1298 3446 1374 γλυκεῖα
3499 1299 3662 1364 ἐλπὶς
3695 1304 3786 1356 καί

2143 1383 2380 1458 ἀψευδὴς
2440 1387 2760 1462 ἐπαγγελία,
2818 1390 2853 1458 ἡ
2903 1389 3131 1463 κραταιά
3193 1390 3471 1464 καταφυγὴ
3529 1394 3642 1444 τῶν
3708 1390 3790 1444 σοί

2142 1477 2670 1548 προσανακειμένων,
2722 1473 2808 1530 ἳδε
2868 1497 2971 1550 μου
3024 1477 3126 1545 τήν
3184 1474 3472 1552 συντριϐἡν
3521 1485 3623 1547 τῆς
3653 1498 3790 1552 καρ-

2142 1559 2258 1624 δίας
2290 1561 2425 1636 ίλέῳ
2455 1565 2542 1618 καὶ
2585 1565 2802 1636 εὐμενεῖ
2859 1586 3092 1638 ομματι,
3139 1566 3228 1620 καὶ
3289 1567 3364 1638 μὴ
3426 1564 3796 1640 ἐγκαταλίπῃς

396 1659 607 1728 xxxvu)
633 1676 646 1723 ;
673 1661 1062 1730 verum.juxta
1085 1661 1571 1732 pollicitationem
1596 1661 2026 1720 tuam.abomni

2146 1672 2229 1722 με,
2267 1649 2407 1723 μηδὲ
2464 1653 2703 1726 ἀποστῇς
2760 1653 2853 1708 ἀπ’
2909 1652 3044 1726 ἐμοῦ
3101 1657 3232 1727 (76)·
3292 1652 3458 1722 ἀλλά,
3515 1655 3655 1710 κατά
3681 1655 3788 1725 τὴν

395 1746 704 1801 mendacio
738 1748 1392 1816 alienam,mecum,hoc
1411 1757 1659 1812 est,cum
1691 1750 1930 1822 indigno
1945 1756 2028 1804 at-

400 1851 513 1904 que
527 1835 755 1906 abjecto
771 1837 1130 1892 homunculo
1147 1839 1246 1894 sis.
1277 1841 1352 1893 Te
1375 1840 1532 1893 enim
1557 1839 2032 1894 rerumomnium

399 1923 772 1978 conditarum
797 1926 1133 1980 effectorem
1158 1933 1216 1980 et
1233 1927 1686 1998 gubernatorem
1701 1945 1953 2000 agnosco
1979 1932 2036 1980 et

400 2013 707 2066 conﬁteor.
735 2014 1020 2076 Quocirca
1040 2015 1099 2068 in
1122 2016 1231 2069 hac
1253 2016 1916 2086 praeclaraconfessione
1939 2032 2035 2068 ve-

401 2100 504 2156 lim
530 2117 624 2154 me
648 2101 986 2167 confirmes,
1015 2108 1080 2156 ut
1101 2103 1172 2156 ad
1196 2110 1522 2157 extremum
1548 2121 1732 2173 usque
1760 2103 2032 2174 spiritum

399 2188 457 2240 in
483 2205 549 2242 ea
572 2206 970 2257 permaneam.
1005 2191 1249 2261 Respice
1279 2192 1339 2244 in
1372 2207 1485 2258 me,
1518 2198 1575 2245 et
1605 2193 1884 2246 miserere
1917 2193 2031 2245 mei

397 2275 563 2344 (Psal.
617 2280 767 2346 xxxv)
796 2293 808 2343 ;
842 2277 1106 2347 mihique
1139 2284 1283 2344 asta,
1313 2279 1565 2334 illmsum
1595 2285 1770 2350 atque
1802 2279 2033 2334 incolu-

400 2379 537 2417 nem
570 2362 641 2418 ab
675 2366 834 2419 omni
866 2371 1097 2420 Satanaa
1129 2367 1469 2436 operatione
1519 2385 1611 2421 me
1656 2384 2028 2423 conservans.

405 2452 668 2522 Respice,
690 2470 722 2507 ο
747 2455 882 2519 Rex,
910 2455 1202 2524 siquidem
1226 2456 1424 2510 anima
1447 2473 1579 2511 mea
1600 2457 1931 2512 vehementi
1948 2455 2033 2510 tui

403 2539 694 2594 desiderio
718 2541 942 2608 flagrat.
968 2548 1142 2612 atque
1166 2543 1248 2598 ita
1269 2543 1511 2598 incensa
1530 2551 1638 2610 est,
1665 2550 1946 2615 tanquam
1971 2545 2032 2598 in

401 2627 527 2681 sitis
553 2629 762 2682 ardore
781 2629 840 2682 in
856 2635 1012 2684 terra
1034 2631 1402 2701 inaquosa,te
1422 2633 1881 2688 immortalitatis
1903 2634 2030 2688 fon-

400 2720 518 2770 tem
541 2719 968 2788 concupiscens
991 2720 1156 2784 (Psal.
1183 2722 1421 2784 an).Ne
1453 2721 1648 2775 tradas
1678 2722 1883 2776 bestiis
1906 2722 2031 2776 ani-

401 2820 557 2858 mam
589 2806 970 2861 confitentem
996 2807 1100 2860 tibi
1128 2825 1142 2871 ;
1177 2813 1234 2861 et
1258 2809 1471 2862 anima;
1515 2811 1792 2880 pauperis
1843 2811 1925 2864 tui
1959 2827 2030 2865 ne

398 2891 760 2948 obliviscaris
787 2895 847 2948 in
874 2894 1054 2949 finem
1088 2897 1255 2951 .‘Psal.
1279 2902 1494 2961 Lxxnl).
1517 2899 1730 2952 Verum
1764 2899 1905 2952 mihi
1932 2898 2030 2953 be-

397 2979 610 3034 neflcio
632 2986 728 3035 tuo
751 2982 1052 3054 contingat
1071 2988 1136 3037 ut
1156 3001 1508 3054 peromnem
1533 2986 1660 3039 vitae
1675 3003 1910 3041 cursum
1927 3005 2029 3058 pro

400 3073 497 3122 tuo
514 3069 753 3123 nomine
771 3075 984 3140 tuaque
997 3071 1368 3127 confessione
1382 3073 1582 3128 omnia
1597 3075 2034 3145 perpetiar,me-

403 3173 516 3226 que
543 3162 726 3211 totum
753 3157 853 3211 tibi
881 3158 1204 3214 immolem.
1231 3159 1304 3213 Te
1329 3161 1485 3214 enim
1519 3161 1699 3216 robur
1728 3164 2030 3230 afferente,

404 3244 734 3300 imbecilles
757 3247 933 3301 etiam
957 3247 1174 3302 viribus
1197 3249 1442 3318 pollent,
1478 3251 1757 3320 quoniam
1783 3257 1843 3305 tu
1875 3252 2035 3307 solus

402 3333 652 3388 invictus
675 3352 737 3389 es
760 3344 1178 3408 propugnator.
1197 3355 1262 3392 ac
1285 3339 1436 3393 Deus
1469 3341 1826 3408 misericors,
1859 3359 2035 3412 quem

404 3423 690 3493 quidquid
710 3432 970 3479 creatum
986 3427 1400 3494 est,benedicit
1415 3446 1482 3484 ac
1500 3429 1758 3486 celebrat
1779 3432 1839 3486 in
1853 3449 2035 3487 seacu-

401 3509 459 3564 la
481 3511 854 3567 saeculorum.
890 3516 1096 3570 Amen.

471 3599 588 3654 Hac
611 3601 875 3656 oratione
897 3601 1154 3670 functus,
1188 3604 1449 3660 divinam
1475 3608 1942 3663 consolationem
1975 3610 2036 3662 in

404 3694 607 3759 pectus
623 3707 794 3744 suum
809 3691 971 3746 illabi
988 3693 1173 3747 sensit
1188 3693 1540 3765 ;fiduciaque
1555 3697 2038 3766 perfusus.totam

402 3783 637 3832 noctem
656 3778 719 3832 in
741 3779 1011 3849 precibus
1037 3781 1294 3836 traduxit
1322 3785 1438 3837 Rex
1460 3789 1655 3839 autem
1679 3802 1810 3839 cum
1835 3786 1906 3840 de
1931 3785 2035 3840 filii

406 3871 561 3920 statu
585 3884 720 3921 cum
743 3869 968 3923 Arache
992 3885 1293 3924 sermones
1314 3872 1680 3941 contulisset,
1711 3875 1936 3944 ipsique
1960 3875 2042 3927 ri-

407 3953 601 4025 gidam
620 3955 805 4024 ipsius
820 3955 1154 4012 libertatem
1169 3959 1469 4030 animique
1485 3961 1544 4014 in
1559 3964 1851 4017 sententia
1864 3963 2046 4032 pervi-

407 4041 628 4097 caciam
661 4042 1039 4110 declarasset,
1074 4045 1186 4100 hoc
1216 4047 1528 4102 consilium
1560 4051 1736 4120 capit,
1768 4057 1832 4104 ut
1866 4068 2042 4121 quam

409 4131 536 4185 fieri
561 4133 1328 4205 possetamicissimelatque
1359 4135 1879 4207 obsequiosissime
1911 4156 2043 4194 cum

411 4234 479 4273 eo
496 4220 1262 4291 colloqueretur,blanditiis
1275 4225 1544 4280 videlicet
1564 4226 1958 4297 perfecturum
1983 4246 2044 4282 se

417 4322 661 4377 sperans
685 4316 751 4364 ut
777 4327 912 4366 eum
943 4311 1014 4366 ad
1048 4329 1108 4366 se
1139 4314 1524 4384 pertraheret.
1551 4316 1816 4371 Crastino
1849 4317 2046 4388 itaque

2142 1738 2347 1813 ἀψευδῆ
2405 1762 2503 1796 σου
2561 1742 2879 1816 ὑπόσχεσιν,
2930 1742 3090 1816 γενοῦ
3150 1743 3263 1815 μετ’
3322 1742 3458 1815 ἐμοῦ
3515 1747 3614 1798 τοῦ
3662 1744 3794 1798 ἀνα-

2141 1829 2256 1901 ξίου
2282 1833 2388 1902 (77)
2417 1830 2505 1884 καὶ
2538 1830 2815 1893 εὐτελοῦς·
2855 1832 2912 1884 σὲ
2965 1832 3069 1906 γάρ
3120 1831 3376 1905 γινώσκω
3402 1831 3492 1886 καὶ
3524 1831 3794 1907 ὁμολογῶ

2138 1917 2374 1986 ποιητὴν
2435 1919 2521 1972 καὶ
2581 1919 2893 1992 προνοητὴν
2951 1921 3130 1987 πάσης
3186 1919 3429 1981 κτίσεως.
3478 1918 3658 1981 Αὐτὸς
3691 1918 3790 1974 οὖν

2143 2026 2210 2078 με
2239 2003 2517 2080 ἐνίσχυσον
2549 2006 2600 2060 ἐν
2645 2007 2811 2080 ταύτῃ
2865 2011 2933 2080 τῇ
2987 2007 3131 2080 καλῇ
3187 2007 3463 2082 ὁμολογίᾳ
3497 2009 3665 2082 μεχρι
3695 2028 3788 2062 τε·

2142 2094 2390 2156 λευταίας
2423 2091 2694 2167 διαμεῖναι
2746 2096 3040 2164 ἀναπνοῆς·
3093 2091 3390 2169 ἐπίϐλεψον
3441 2095 3524 2150 ἐπ’
3559 2095 3660 2168 ἐμὶ
3690 2096 3786 2150 καὶ

2141 2181 2366 2251 ἐλέησόν
2411 2205 2476 2256 με
2533 2187 2666 2255 (78),
2725 2184 2814 2239 καὶ
2873 2184 3177 2257 παράστηθι
3208 2181 3268 2238 ἐκ
3295 2184 3471 2254 πάσης
3504 2181 3784 2256 διατηρῶν

2144 2292 2208 2344 με
2265 2279 2555 2340 σατανικῆς
2615 2275 2759 2330 221
2830 2271 3096 2346 ἐνεργείας
3172 2268 3462 2342 ἀλώϐητον
3527 2269 3790 2329 Ἑπίϐλεο

2139 2363 2260 2433 ψον,
2299 2361 2538 2435 βασιλεῦ·
2575 2358 2960 2438 διαπέφλεκται
2993 2361 3095 2436 γὰρ
3142 2361 3385 2436 ἰσχυρῶς
3416 2363 3451 2430 ἡ
3483 2363 3638 2435 ψυχή
3674 2383 3785 2433 μου

2136 2453 2217 2521 τῷ
2245 2453 2322 2520 σῷ
2354 2448 2506 2520 πόθῳ
2561 2452 2691 2522 (79),
2737 2449 2825 2504 καὶ
2875 2448 3186 2504 ἐκκέκαυται
3214 2450 3287 2512 ὡς
3320 2449 3371 2503 ἐν
3402 2447 3532 2523 δίψῃ
3563 2449 3784 2521 καύμα-

2138 2558 2228 2599 τος
2260 2537 2311 2592 ἐν
2340 2535 2550 2611 ἀνύδρῳ
2607 2541 2742 2611 (80),
2802 2539 2859 2593 σὲ
2917 2539 3253 2593 ἐπιποθοῦσα
3305 2540 3406 2607 τὴν
3460 2540 3646 2614 πηγὴν
3678 2541 3777 2607 τῆς

2139 2625 2448 2690 ἀθανασίας.
2484 2628 2574 2694 Μὴ
2605 2624 2898 2700 παραδῴης
2949 2632 3065 2689 τοῖς
3116 2625 3330 2703 θηρίοις
3363 2628 3548 2702 ψυχὴν
3581 2627 3784 2700 ἐξομο-

2140 2715 2480 2789 Αογουμὲνην
2515 2733 2618 2769 σοι·
2649 2722 2750 2784 τῆς
2783 2718 2969 2789 ψυχῆς
3018 2719 3116 2770 τοῦ
3158 2719 3388 2790 πτωχοῦ
3419 2737 3515 2770 σου
3551 2717 3626 2784 μή
3661 2716 3783 2771 ἐπι-

2138 2802 2276 2878 λαθῃ
2311 2805 2386 2867 εἰς
2439 2804 2598 2865 τέλος
2653 2808 2785 2876 (81)*
2849 2805 2993 2859 ἀλλά
3048 2803 3334 2879 παράσχου
3367 2809 3572 2876 μοιτῷ
3605 2806 3778 2879 ἀμαρο

2135 2897 2300 2964 τωλῴ
2330 2894 2453 2966 παρ’
2487 2892 2621 2963 ὅλην
2659 2913 2763 2965 μου
2806 2892 2903 2960 τήν
2961 2893 3103 2961 ζωὴν
3156 2892 3288 2964 ὑπὲρ
3319 2897 3413 2947 τοῦ
3446 2896 3541 2946 σοῦ
3573 2892 3773 2964 ὁνόμα-

2133 3001 2225 3042 τος
2257 2981 2345 3035 καί
2399 2987 2500 3051 τῆς
2558 2987 2656 3050 σῆς
2706 2978 3010 3055 ὁμολογίας
3069 2980 3244 3035 πάντα
3285 2986 3494 3048 παθεῖν,
3524 2981 3616 3035 καὶ
3650 2980 3774 3036 ὅλον

2137 3068 2370 3142 ἐμαυτόν
2429 3090 2511 3123 σοι
2566 3072 2878 3132 καταθῦσαν
2935 3073 3030 3122 σοῦ
3081 3069 3183 3144 γὰρ
3231 3065 3661 3139 ἐνδυναμοῦντος
3690 3069 3778 3124 καὶ

2138 3157 2189 3212 οί
2247 3156 2480 3220 ἀσθενεῖς
2541 3157 3017 3233 ὑπερισχῦσουσιν,
3071 3156 3152 3212 ὅτι
3206 3157 3369 3230 μόνος
3403 3158 3452 3212 εἶ
3478 3157 3776 3232 σύμμαχος

2139 3245 2408 3316 ἀήττητος
2438 3247 2524 3299 καὶ
2557 3246 2685 3306 Θεὸς
2742 3243 3017 3317 ἐλεήμων,
3076 3243 3132 3309 δν
3186 3244 3399 3319 εὐλογεῖ
3427 3249 3571 3300 πᾶσα
3599 3246 3772 3309 κτίσις

2138 3337 2226 3391 τὸν
2263 3334 2644 3409 δεδοξασμένον
2677 3335 2753 3399 είς
2782 3335 2910 3398 τοὺς
2945 3335 3166 3398 αἰῶνας.
3200 3337 3400 3409 Ἀμήν.

2213 3601 2400 3666 Οὕτως
2452 3601 2737 3675 εὐξάμενος
2791 3602 2936 3666 θείας
2995 3601 3192 3676 ᾔσθετο
3259 3600 3658 3677 παρακλήσεως
3715 3608 3783 3676 τῇ

2143 3690 2306 3747 αὐτοῦ
2361 3689 2787 3768 ἐπιφοῖτησάσης
2841 3689 3055 3763 καρδίᾳ,
3109 3690 3221 3760 καί,
3284 3691 3511 3764 θάρσους
3561 3690 3788 3764 ἐμπλη-

2146 3780 2308 3846 σθεὶς,
2367 3777 2666 3853 εὐχόμενος
2724 3776 2861 3849 ὅλην
2918 3776 3183 3833 διετέλεσε
3237 3780 3336 3847 τὴν
3393 3779 3670 3838 νύκτα.Ὁ
3729 3778 3786 3834 δὶ

2150 3866 2402 3945 βασιλεὺς
2436 3869 2648 3942 Ἀραχῇ
2678 3871 2756 3938 τῷ
2801 3865 2946 3939 φίλῳ
3003 3866 3542 3941 κοινολογησάμενος
3568 3867 3636 3924 τὰ
3661 3867 3786 3944 περὶ

2144 3961 2241 4013 τοῦ
2291 3954 2506 4026 παιδὸς,
2590 3957 2678 4010 καὶ
2737 3957 2834 4025 τήν
2917 3956 3192 4028 ἀπότομον
3256 3955 3420 4011 αὐτοῦ
3476 3955 3781 4032 παρῥησίαν

2149 4043 2470 4118 ἀμετάθετόν
2551 4063 2609 4098 τε
2683 4039 2936 4112 δηλώσας
3002 4043 3256 4116 γνώμην,
3317 4041 3523 4118 βουλὴν
3583 4042 3784 4106 τίθεται

2149 4132 2331 4210 ᾳίλίον
2364 4133 2390 4186 ὁ
2422 4133 2660 4208 Ἀραχής
2708 4129 2788 4184 ὅτι
2840 4129 3075 4203 μάλιστα
3101 4131 3190 4185 καί
3223 4132 3614 4205 θεραπευτικήν
3647 4133 3779 4204 πρὸς

2159 4220 2315 4276 αὐτὸν
2370 4221 2692 4290 ποιήσασθαι
2748 4221 2847 4288 τήν
2907 4217 3152 4291 ὁμιλίαν,
3199 4225 3318 4283 ταῖς
3349 4217 3668 4283 κολακείαις
3697 4219 3790 4275 ἐλ-

2149 4313 2320 4382 πίζων
2405 4309 2532 4365 ί¹σων
2594 4307 2997 4387 ἐφελκῦσασθαι.
3061 4311 3318 4384 Ἔρχεται
3373 4315 3664 4384 τοιγαροῦν
3719 4313 3786 4382 τῇ

411 4393 507 4450 die
529 4395 602 4451 ad
622 4397 808 4452 filium
843 4417 902 4454 se
933 4401 1175 4472 confert,
1211 4419 1278 4458 ac
1310 4404 1550 4474 propius
1581 4405 1813 4473 sedens,
1848 4406 2034 4476 ipsum

2149 4400 2402 4476 ἐπαύριον
2460 4401 2594 4473 πρὸς
2676 4399 2765 4453 τὸν
2852 4397 2987 4452 υἱὸν·
3053 4398 3142 4452 καί
3197 4398 3437 4467 καθίσας,
3498 4397 3784 4474 ἐγγύτερον

477 4580 584 4651 (74)
615 4581 705 4635 Sic
736 4583 802 4644 A,
836 4583 896 4648 C,
931 4579 1173 4642 ἐκδόσας.
1207 4586 1317 4638 Pro
1349 4585 1714 4639 barbarismo
1759 4585 1962 4640 debuit
2010 4603 2034 4640 δ

2149 4604 2214 4640 or
2265 4584 2521 4639 scribere
2571 4577 2776 4643 ἐκδούς.
2839 4612 2905 4622 —
2965 4582 3088 4634 Mox
3123 4584 3184 4647 Α,
3217 4581 3558 4640 Καινκάκως.
3593 4584 3654 4651 C,
3686 4603 3779 4634 κα·

403 4649 638 4726 γκάκωςῗ.
674 4653 889 4726 Eadem
922 4671 978 4726 p.
1009 4656 1135 4726 236,
1166 4657 1229 4726 4,7
1252 4661 1520 4726 occurret
1550 4655 1608 4708 in
1632 4655 1753 4726 hoc
1783 4656 2055 4726 adverbio
2085 4657 2356 4712 varietas.

618 4723 768 4798 Esal.
803 4722 990 4784 cxxfx.
1025 4743 1040 4779 ι
1071 4741 1082 4778 :
1114 4723 1173 4777 ἐκ
1207 4723 1410 4797 βαθέων
1436 4722 1688 4797 ἐκέκραξα
1711 4745 1819 4792 σοι,
1855 4725 2030 4798 Κύριε.

475 4794 585 4863 (76)
617 4795 770 4850 Psal.
802 4812 1011 4857 xxxvu,
1052 4799 1140 4851 21.

476 4861 586 4936 (77)
622 4868 686 4931 A,
719 4863 1081 4947 ἀποοτῇςάπ¹
1113 4863 1373 4950 ἐμοῦςτοῐξ
1404 4862 1638 4948 ἀναξίου,
1673 4868 1927 4956 omissis,
1959 4886 2034 4956 qu

2146 4873 2259 4956 (unt
2288 4868 2443 4956 in'ler
2473 4873 2790 4956 utrumque
2838 4861 2993 4956 ἐμοῖζ,
3027 4865 3255 4956 ωξᾴἰὶε.
3297 4865 3528 4956 Ρέειιιμε
3558 4867 3641 4920 De
3673 4865 3791 4953 daa-

406 4923 582 5025 gnon:
604 4923 762 5020 μ’ξο
784 4923 1083 5024 agi-enimp
1115 4923 1460 5024 γ’ξιρὶάκτῖνος
1485 4923 1660 5025 ὀὔσης
1711 4923 1926 4991 οὑτοσί
1955 4923 2006 5010 (ὁ
2037 4938 2184 5022 ἀὴρ),
2244 4938 2546 5024 χρώματαν
2568 4937 2655 4990 καὶ
2695 4923 3278 5024 ’μορφάεςλαμὶϐάνοὶῃ
3308 4935 3384 5025 εἷς
3422 4934 3488 4989 τά
3518 4937 3790 5025 πεγυκότα

406 4999 654 5074 δέχεσθαι
689 5001 1020 5074 διαδίδωσιν,
1054 4999 1243 5061 ὦς’ἐπῖ
1273 5008 1380 5058 τῶν
1414 4999 1687 5077 ἐνόπτρων
1717 5010 1806 5062 καὶ
1862 4999 1971 5063 τῶν
2030 4999 2294 5063 σπῑξκλωῗ
2340 4999 2468 5082 ὁρᾷν
2521 4999 2868 5082 ἔστιν’ίοῦτω
2895 5003 2966 5082 δὴ
2999 5005 3086 5082 καὶ
3115 5007 3181 5082 τὰ
3213 5005 3486 5077 δαιμόνια,
3517 4999 3611 5060 καί
3641 5008 3790 5082 σχη-

453 5073 549 5155 ατα
578 5073 664 5126 καί
698 5075 1039 5148 Χρώματα...
1075 5076 1526 5155 Pleniuscodex
1561 5073 1800 5155 1310
1824 5150 1834 5155 Α
1857 5082 1924 5134 τὰ
1957 5080 2227 5155 δαιμόνια.
2270 5073 2516 5155 σώματα,
2573 5077 2718 5155 παρά
2748 5082 2845 5155 τῆμς
2884 5075 2942 5155 ,ἐν
2996 5077 3182 5155 αὐτοῖς
3215 5073 3580 5155 φανταττίκῆς
3604 5073 3790 5155 οςῦἶίας

439 5142 676 5230 εχὸμενα
700 5142 786 5230 καὶ
819 5142 1078 5218 σχήματα
1107 5147 1194 5200 καὶ
1229 5147 1516 5230 χρώματα,
1569 5150 1656 5202 καὶ
1708 5150 1918 5217 ὁποίας,
1972 5142 2233 5230 ἂνάὖτοί
2289 5142 2575 5224 βοῖὂλονται
2625 5151 2765 5230 (imo
2801 5147 3126 5230 βούλωνται)
3161 5142 3592 5230 μόρφάςκεῗςιτὸ
3623 5151 3791 5230 ψυχε-

401 5212 506 5268 κὸν*
530 5212 618 5265 καὶ
646 5212 924 5295 ᾐμέτερον
942 5212 1156 5290 πνεῦμα
1185 5212 1370 5295 ταῧταξ
1398 5215 1877 5291 διαπορθμεῦουσι.
1910 5212 1915 5217 ’
1939 5224 2034 5276 Sin

2289 5212 2298 5224 -
2630 5212 2636 5219 -
2694 5221 2704 5232 .
2801 5212 2810 5222 -
2954 5221 2963 5230 .
3113 5212 3170 5218 --
3237 5212 3292 5224 -ι
3388 5212 3430 5236 κ,
3637 5212 3646 5219 -
3704 5212 3744 5230 ης

2146 5221 2298 5288 Ludo,
2359 5241 2489 5295 qua)
2548 5228 2636 5295 est
2692 5237 2751 5274 in
2810 5220 2999 5295 verbis
3031 5217 3286 5295 δαιμόνια
3316 5228 3373 5276 et
3404 5219 3695 5295 οεχόμενα,
3732 5237 3786 5274 ιη

404 5285 830 5363 caufsafuisse'
852 5285 1210 5363 videtur'cur
1239 5289 1456 5357 media,
1487 5285 1822 5349 errantibus
1853 5294 2038 5349 oculis
2071 5299 2128 5347 et
2157 5285 2670 5360 manuflibrarius
2698 5285 3154 5363 praetermiserit.

478 5355 590 5424 (78)
622 5357 774 5411 Psal.
810 5375 960 5424 xxw,
997 5362 1080 5413 l6.

482 5427 592 5498 (79)
623 5429 688 5498 Α.
719 5431 798 5496 τῷ
826 5427 981 5498 πόθῳ
1008 5449 1127 5485 σου.

475 5495 586 5643 (80:.
617 5495 790 5553 Color
817 5507 906 5555 est
936 5495 1206 5555 biblicus.
1239 5501 1349 5558 Isa.
1381 5521 1525 5576 κων,
1559 5507 1589 5558 3
1615 5521 1627 5561 :
1661 5503 1801 5582 Ἐγὼ
1835 5502 1992 5560 δώσω
2023 5503 2034 5560 l

500 5566 589 5642 81)
621 5568 774 5626 Psal.
806 5587 998 5641 uxm,
1031 5573 1112 5628 l9.

2146 5503 2247 5582 ίψει
2277 5508 2393 5569 τοῖς
2417 5500 2804 5581 πορευομένοις
2834 5503 2885 5558 ἐν
2915 5500 3147 5579 ἀνύδρῳ.
3172 5506 3241 5562 Ει
3268 5502 3432 5562 alibi.

500 5566 589 5642 81)
621 5568 774 5626 Psal.
806 5587 998 5641 uxm,
1031 5573 1112 5628 l9.
