3994 6150
166 303 311 360 1089

1356 312 1525 370 νΙτΑ
1560 313 1910 369 BARLAAM
1947 313 2040 367 ET
2072 312 2412 366 JOABAPH.

3422 308 3564 367 4090

170 432 370 484 τοῦτον
415 429 875 504 προσεκαλέσατο.
918 437 1048 491 Εἶτα
1094 435 1452 512 περιπλακεὶς
1515 433 1818 513 κατεφίλει,

1952 436 2384 506 tccersit,atque
2407 435 2822 508 complectitur
2841 440 2900 490 et
2920 434 3562 501 exosculatur,leniter-

173 517 366 592 πράως
454 519 832 595 ὑπερχόμενος
921 526 1031 596 (82)
1099 525 1188 579 καὶ
1247 524 1452 595 ἠπίως,
1513 527 1580 579 Ὦ
1621 526 1818 578 τέκνον

171 605 582 676 ποθεινότατον,
669 609 906 684 εἰρηκὼς
987 614 1074 667 καὶ
1161 613 1519 690 φιλούμενον,
1583 614 1819 686 τίμησον

173 697 278 764 τὴν
308 696 407 750 τοῦ
438 700 534 750 σοῦ
588 700 791 771 πατρὸς
845 699 1066 771 πολιὰν,
1118 703 1230 771 καὶ,
1286 705 1383 770 τῆς
1417 701 1556 774 ἐμῆς
1586 702 1818 764 ἀκούσας

174 781 440 854 δεήσεως,
474 788 626 843 222
684 787 1004 859 προσελθὼν
1061 789 1243 844 θυσίαν
1297 796 1414 852 τοῖς
1448 796 1590 855 θεοῖς
1647 811 1822 865 προσ-

174 872 365 949 άγαγε.
399 873 556 930 Οὕτω
603 875 702 950 γὰρ
751 876 987 942 ἐκείνους
1032 899 1091 933 τε
1133 879 1374 952 εὐμενεῖς
1410 877 1566 952 ἕξεις,
1598 879 1687 934 καὶ
1722 901 1823 952 μα-

175 963 423 1036 κρότητα
473 965 721 1036 ἡμερῶν,
791 962 950 1039 δόξης
1022 988 1082 1023 τε
1163 971 1340 1037 πάσης
1398 968 1486 1022 καὶ
1549 967 1824 1043 βασιλείας

174 1049 582 1126 ἀνεπηρεάστου
639 1055 729 1108 καὶ
786 1056 1055 1110 παντοίων
1113 1057 1321 1132 ἀγαθῶν
1381 1056 1665 1129 μετουσίαν
1697 1062 1824 1130 παρ’

176 1141 356 1197 αὐτῶν
386 1139 669 1214 ἀπολήψῃ,
719 1139 844 1214 ἐμοί
900 1164 958 1198 τε
1010 1149 1091 1217 τῷ
1146 1145 1308 1220 πατρὶ
1355 1144 1449 1218 ἔσῃ
1490 1144 1825 1219 κεχαρισμέ-

173 1249 264 1289 νος
299 1224 388 1282 διά
421 1228 542 1302 βίου
590 1231 809 1300 παντὸς,
860 1231 950 1286 καὶ
1002 1238 1160 1287 πᾶσιν
1213 1234 1526 1308 ἀνθρώποις
1556 1233 1740 1306 τίμιός
1767 1253 1824 1287 τε

174 1316 269 1370 καὶ
299 1315 594 1381 ἐπαινετὸς.
629 1321 782 1394 Μεγα
837 1321 940 1396 γὰρ
989 1321 1066 1383 είς
1119 1320 1340 1376 ἐπαίνου
1400 1321 1566 1397 λόγον
1611 1326 1690 1394 τῷ
1721 1342 1826 1376 πα-

173 1407 264 1482 τρὶ
324 1405 629 1476 ὑπακούειν,
693 1408 782 1462 καὶ
836 1409 1074 1482 μάλιστα
1131 1409 1214 1464 ἐπ’
1270 1410 1456 1484 ἀγαθῷ
1506 1410 1596 1465 καὶ
1645 1413 1714 1484 τῇ
1748 1409 1826 1470 εἷς

177 1495 334 1557 θεοὺς
367 1494 564 1567 εὐνοίᾳ.
621 1495 689 1552 Τί
746 1494 824 1562 δὲ,
871 1498 1082 1568 τέκνον,
1144 1494 1452 1564 ὑπέλαϐες;
1488 1499 1716 1574 πότερον
1750 1500 1822 1560 ὡς

181 1585 320 1640 δκὼν
355 1591 454 1652 τῆς
483 1586 692 1659 ἀγαθης
748 1585 995 1648 ἐκκλίνας
1049 1584 1179 1641 ὁδοῦ
1230 1589 1329 1656 τήν
1387 1587 1628 1642 ἐναντίαν
1689 1588 1826 1642 ἴέναι

182 1673 507 1746 προέκρινα,
560 1673 596 1743 ἢ
648 1673 836 1749 ἀγνοίᾳ
890 1674 979 1728 καὶ
1037 1675 1256 1750 ἀπειρίᾳ
1309 1679 1404 1730 τοῦ
1456 1676 1655 1752 ἀγατοῦ
1711 1682 1828 1738 τοῖς

184 1761 459 1836 ὀλεθρίοις
488 1762 718 1833 ἐμαυτὸν
760 1760 1032 1832 ἐξέδωκα;
1081 1761 1263 1834 Ἀλλ’,
1313 1764 1359 1819 εί
1413 1767 1505 1838 μὶν
1541 1764 1728 1820 ἐκόντα
1763 1785 1828 1837 με

184 1850 429 1922 νομίζεις
472 1853 569 1904 τοῦ
627 1851 997 1926 συμφέροντος
1056 1858 1326 1928 προτιμᾷν
1360 1855 1424 1907 τά
1453 1853 1586 1907 κατά
1613 1853 1702 1907 καὶ
1732 1860 1832 1922 τῆς

185 1945 332 2009 ζωῆς
365 1939 676 2014 προκρίνειν
705 1941 797 1994 τὸν
823 1942 1072 2010 θάνατον,
1101 1941 1238 1996 πάνυ
1265 1962 1359 2014 μοι
1391 1940 1592 2013 δοκεῖς,
1621 1944 1828 2009 τέκνον,

187 2035 285 2098 τῆς
317 2027 485 2100 ὀρθῆς
513 2027 898 2102 ἀποσφαλῆναι
928 2030 1177 2102 κρίσεως.

256 2297 326 2353 Ἦ
359 2294 467 2369 οὐχ
497 2295 626 2370 ὁρᾷς
684 2293 784 2370 ὅσῃ
841 2296 1112 2370 κακουχίᾳ
1161 2296 1250 2350 καὶ
1305 2294 1655 2370 ταλαιπωρίᾳ
1692 2293 1835 2349 πολ-

192 2384 351 2449 λάκις
380 2383 612 2456 ἐμαυτὸν
672 2380 938 2457 ἐκδίδωμι
996 2384 1049 2438 ἐν
1103 2390 1224 2446 ταῖς
1274 2383 1410 2439 κατά
1461 2388 1568 2438 τῶν
1620 2382 1831 2459 ἐχθρῶν

195 2473 579 2547 ἐκστρατείαις,
613 2474 647 2541 ἢ
677 2470 873 2534 ἄλλαις
929 2475 1037 2528 τισὶ
1093 2477 1189 2528 τοῦ
1245 2477 1431 2527 κοινοῦ
1480 2473 1835 2547 προοτασίαις

195 2562 633 2639 ἀσχολούμενος,
667 2562 739 2623 ὡς
771 2561 859 2616 καὶ
889 2561 1080 2631 πείνης
1125 2582 1183 2616 τε
1229 2561 1319 2616 καὶ
1371 2559 1554 2634 δίψης,
1593 2567 1836 2630 πεζοπο-

197 2654 317 2726 ρίας
362 2672 420 2706 τε
475 2651 562 2705 καὶ
622 2652 1033 2726 χαμαικοιτίας,
1092 2648 1234 2704 οὕτω
1292 2648 1508 2719 δεῆσαν,
1545 2651 1620 2723 μή
1653 2651 1838 2726 φείσα-

194 2744 316 2796 σθαι
344 2761 360 2811 ;
391 2741 630 2796 πλούτου
685 2737 742 2794 δὲ
787 2741 878 2794 καὶ
912 2736 1218 2814 χρημάτων
1260 2739 1494 2809 τοσαύτη
1533 2760 1628 2812 μοι
1667 2738 1838 2813 πρόσ-

195 2851 337 2884 εστιν
401 2830 664 2905 ὑπεροψία
718 2850 775 2884 τε
830 2829 918 2884 καὶ
974 2828 1394 2906 καταφρόνησις,
1456 2829 1532 2891 ὡς
1593 2828 1840 2905 ἀφθόνως

193 2916 302 2974 ἴσθ’
359 2920 445 2973 ὅτε
525 2918 593 2973 τὰ
669 2923 894 2990 ταμιεῖα
975 2917 1146 2973 πάντα
1218 2921 1314 2971 τοῦ
1375 2916 1511 2989 έμοῦ
1570 2915 1838 2972 παλατίου

191 3011 561 3064 κατακενόπαι
622 3006 698 3068 είς
752 3007 816 3062 τὸ
872 3005 1297 3080 ἀνοικοδομῆσαι
1353 3006 1481 3068 τοὺς
1537 3011 1644 3061 τῶν
1703 3009 1836 3061 θεῶν

197 3096 488 3172 μεγίστους
519 3095 684 3158 ναοὺς
713 3095 804 3150 καὶ
834 3097 1074 3169 παντοίῳ
1125 3095 1353 3158 τούτους
1382 3095 1839 3172 καταλαμπρῦναι

191 3185 388 3259 κόσμῳ
435 3186 471 3255 ἢ
519 3189 636 3245 τοῖς
685 3181 1071 3258 στρατοπέδοις
1130 3184 1378 3260 ἀφθόνως
1409 3181 1681 3256 διανεῖμαι
1712 3183 1840 3246 τοὺς

195 3275 501 3348 θησαυροὺς
553 3277 660 3328 τῶν
719 3273 1047 3348 χρημάτων.
1099 3273 1372 3344 Τοιαύτης
1445 3271 1535 3328 οὖν
1596 3274 1842 3348 μετέχων

189 3369 302 3420 τῶν
335 3361 752 3417 ἀπολαυστικῶν
789 3363 1084 3436 ὑπεροψίας
1116 3363 1206 3417 καὶ
1262 3368 1362 3430 τῆς
1408 3361 1459 3416 ἐν
1491 3368 1608 3424 τοῖς
1643 3360 1840 3425 δεινοῖς

190 3450 500 3528 καρτερίας,
559 3451 604 3505 εἰ
661 3451 759 3518 τήν
818 3455 927 3504 τῶν
986 3447 1297 3504 Γαλιλαίων
1357 3449 1652 3523 ἐγίνωσκον
1709 3452 1840 3524 θρη-

197 3540 378 3596 σκείαν
409 3539 693 3612 κρείττονα
743 3545 844 3608 τῆς
900 3537 952 3593 ἐν
1013 3540 1201 3614 χερσὶν
1257 3539 1546 3613 ὑπάρχειν,
1577 3539 1752 3609 πόσης
1782 3537 1840 3593 ἄν

193 3630 300 3684 οὑκ
330 3630 485 3686 228
516 3622 701 3700 ἔκρινα
751 3629 812 3682 τὸ
872 3632 1097 3703 πρᾶγμα
1148 3625 1391 3692 σπουδῆς
1433 3627 1600 3698 ἄξιον,
1631 3629 1846 3682 πάντων

198 3715 295 3788 μὶν
358 3712 632 3789 ὑπεριδεῖν
710 3714 799 3768 καὶ
879 3715 979 3782 τήν
1069 3713 1306 3788 ἐμαυτοῦ
1389 3715 1844 3788 περιποιήσασθαι

196 3804 469 3879 σωτηρίαν
499 3823 512 3873 ;
545 3803 609 3860 Εἰ
642 3801 700 3858 δὲ
730 3803 946 3879 ἄγνοιάν
982 3824 1076 3876 μοι
1131 3803 1221 3858 καὶ
1273 3804 1519 3878 ἀπειρίαν
1549 3808 1647 3858 τοῦ
1677 3803 1848 3858 καλοῦ

191 3892 640 3967 καταγινώσκεις,
691 3891 846 3955 σύνες
904 3893 1030 3954 ὅσας
1085 3889 1360 3952 πολλάκις
1389 3893 1582 3953 νύκτας
1614 3890 1850 3954 ἀύπνους

196 3981 496 4050 διετέλεσα,
561 3982 875 4055 ζητήματός
940 4003 1088 4046 τινος
1160 3980 1534 4056 προτεθέντος,
1592 3977 1703 4045 ἔσθ’
1761 3983 1848 4036 ὅτε

195 4070 288 4127 καί
320 4069 383 4124 οὐ
431 4069 576 4126 πολὺ
625 4070 939 4145 ἀναγκαίου,
1002 4071 1078 4143 μὴ
1137 4070 1396 4144 παρέχων
1449 4068 1594 4130 ὅλως
1633 4069 1852 4142 ἐμαυτῷ

201 4160 518 4227 ἀνάπαυσιν,
551 4158 678 4232 πρὶν
737 4157 774 4227 ἤ
831 4162 928 4213 τοῦ
989 4157 1325 4230 ζητουμένου
1354 4160 1499 4235 σαφῆ
1528 4158 1616 4212 καὶ
1649 4159 1849 4234 εὐπρε-

201 4247 473 4317 πεστάτην
504 4245 719 4320 εὕροιμι
743 4247 843 4313 τὴν
875 4244 1053 4303 λύσιν.

279 4334 344 4390 Εἰ
377 4336 469 4390 οὗν
499 4338 606 4389 τῶν
661 4335 1006 4408 προσκαίρων
1063 4334 1271 4390 τούτων
1329 4336 1664 4412 πραγμάτων
1726 4334 1853 4392 οὐδε

199 4424 265 4480 τὸ
298 4423 664 4498 σμικρότατον
697 4421 814 4499 ἔχω
865 4423 1360 4500 εὐκαταφρόνητον,
1396 4422 1558 4500 ἄχρις
1592 4425 1652 4479 οὗ
1686 4431 1856 4480 πάντα

1930 542 2044 597 que
2059 542 2124 579 ac
2138 525 2367 590 placide
2382 526 2717 596 irrepenszo
2731 525 3077 579 charissime
3093 531 3149 577 et
3160 526 3565 581 amantissime

1934 613 2262 684 ﬁli,inquit,
2289 614 2474 684 patris
2505 613 2781 667 canitiem
2813 615 3036 667 honore
3067 614 3566 684 affice,precibus-

1934 719 2048 772 que
2064 702 2210 756 meis
2236 702 2453 756 auditis
2485 702 2792 765 accede,ac
2810 702 2923 756 diis
2956 701 3311 756 sacrificium
3331 702 3566 758 adhibe.

1931 791 2022 846 Sic
2043 791 2200 845 enim
2224 799 2281 846 et
2302 791 2436 846 illos
2459 791 2745 862 benignos
2768 797 2826 845 et
2845 790 3046 844 faciles
3081 790 3389 845 habiturus
3409 808 3492 855 es,
3517 797 3576 846 et

1933 880 2162 934 dierum
2181 879 2653 943 diuturnitatem,
2671 879 3036 950 gloriamque
3061 885 3388 934 omnem.et
3413 880 3571 935 inof-

1929 969 2166 1022 fensum
2207 984 2474 1039 regnum,
2509 969 2823 1038 omnisque
2871 968 3106 1040 generis
3143 968 3296 1022 bona
3321 968 3391 1022 ab
3424 969 3568 1040 ipsis

1931 1057 2308 1127 percipies.et
2328 1057 2472 1110 mihi
2493 1056 2642 1127 patri
2661 1068 2760 1110 tuo
2779 1074 2882 1127 per
2903 1072 3137 1110 omnem
3163 1057 3336 1111 vitam
3358 1058 3568 1113 charus

1934 1146 2078 1211 eris;
2102 1161 2168 1199 ac
2191 1144 2446 1215 denique
2469 1146 2580 1200 hoc
2602 1145 2958 1215 assequeris,
2983 1151 3047 1198 ut
3066 1161 3272 1198 omnes
3295 1145 3569 1201 homines

1932 1242 1986 1290 te
2011 1237 2070 1289 in
2094 1236 2315 1290 honore
2343 1237 2616 1298 habeant.
2652 1236 3042 1306 laudibusque
3076 1238 3343 1290 efferant.
3377 1237 3574 1308 Siqui-

1931 1326 2066 1380 dem
2088 1325 2162 1380 ad
2182 1325 2418 1380 laudem
2445 1325 2886 1396 adipiscendam
2929 1325 3122 1396 magni
3147 1325 3392 1378 interest
3418 1325 3570 1395 patri

1933 1416 2192 1484 obedire,
2218 1433 2283 1471 ac
2305 1417 2634 1488 praesertim
2659 1416 2717 1469 in
2751 1417 2823 1470 iis
2848 1415 3043 1477 rebus,
3079 1432 3208 1485 quaa
3241 1415 3312 1469 ad
3345 1415 3566 1470 bonum

1935 1511 1991 1559 et
2010 1506 2082 1559 ad
2105 1506 2349 1560 deorum
2369 1505 2834 1560 benevolentiam
2860 1503 3438 1575 spectant.Quidnam
3465 1520 3576 1558 au-

1934 1599 2073 1659 tem,
2100 1594 2206 1661 fili,
2231 1610 2460 1659 censes,
2485 1598 2681 1648 utrum
2711 1611 2783 1648 ne
2809 1611 2899 1648 me
2923 1593 3193 1647 consulto
3218 1609 3285 1647 ac
3307 1593 3376 1647 de
3397 1592 3576 1647 indu-

1937 1683 2080 1737 stria
2099 1699 2132 1736 a
2155 1683 2308 1738 bona
2325 1683 2414 1737 via
2427 1683 2758 1749 deﬂexisse,
2774 1689 2950 1752 atque
2977 1682 3566 1754 contrariamingredi

1863 1804 1908 1868 B
1940 1771 2239 1835 maluisse,
2291 1787 2365 1825 an
2414 1788 2548 1825 vero
2599 1771 2736 1825 boni
2788 1771 3156 1842 ignoratione
3190 1775 3248 1824 et
3279 1770 3577 1841 imperitia

1937 1862 2228 1930 meipsum
2250 1861 2543 1932 pestiferis
2567 1860 2938 1933 dogmatibus
2971 1859 3268 1914 dedidisse
3289 1859 3316 1913 ?
3338 1861 3505 1914 Certe
3528 1858 3576 1913 si

1938 1966 2033 2003 me
2056 1955 2266 2019 sponte
2297 1965 2363 2004 ac
2395 1949 2466 2003 de
2499 1949 2811 2015 industria,
2840 1954 3043 2001 contra
3075 1964 3251 2018 quam
3283 1947 3426 2001 utile
3478 1947 3576 2014 sit,

1938 2037 2096 2093 mala
2125 2038 2295 2091 bonis
2352 2037 2652 2109 praeferre.
2711 2042 3080 2106 mortemque
3139 2037 3255 2090 vita
3284 2036 3573 2106 potiorem

1938 2123 2154 2178 habere
2187 2124 2506 2189 existimas,
2535 2123 2933 2188 vehementer,
2966 2139 2997 2175 ο
3030 2121 3138 2190 fili,
3170 2138 3204 2176 a
3232 2127 3392 2175 recto
3418 2121 3578 2190 judi-

1939 2211 2028 2266 cio
2063 2210 2205 2266 mihi
2237 2211 2510 2266 aberrare
2540 2211 2782 2266 videris.

2013 2302 2099 2354 An
2120 2316 2239 2354 non
2261 2300 2422 2354 vides
2443 2305 2588 2371 quot
2615 2299 2895 2354 aerumnis
2927 2304 2985 2351 et
3013 2297 3432 2352 afflictionibus
3453 2314 3579 2353 me-

1940 2390 2132 2460 ipsum
2158 2405 2421 2460 persaape
2454 2389 2843 2455 tradam,tum
2877 2387 2939 2441 in
2972 2386 3447 2458 expeditionibus
3479 2385 3584 2440 ad-

1939 2494 2144 2532 versus
2166 2477 2387 2540 hostes,
2412 2483 2533 2531 tum
2560 2477 2619 2530 in
2644 2477 3015 2546 publicorum
3038 2475 3410 2547 negotiorum
3444 2492 3584 2546 pro-

1943 2566 2247 2621 curatione
2273 2567 2566 2635 meipsum
2592 2563 3061 2634 occupansadeo
3083 2570 3148 2617 ut
3167 2564 3382 2617 famem
3407 2563 3586 2617 etiam

1944 2671 2010 2709 ac
2029 2654 2210 2714 sitim,
2240 2668 2373 2707 cum
2400 2652 2479 2705 ita
2501 2667 2743 2705 necesse
2765 2657 2873 2705 est.
2899 2651 3211 2721 perferam.
3238 2666 3303 2703 ac
3335 2649 3585 2722 pedibus

1945 2741 2556 2810 ambulemhumique
2581 2755 2855 2795 somnum
2883 2739 3158 2810 carpam?
3177 2739 3363 2808 Opum
3387 2741 3586 2792 autem

1946 2837 2004 2885 et
2024 2830 2407 2901 pecuniarum
2426 2834 2589 2883 tanta
2606 2830 2664 2882 in
2683 2846 2776 2883 me
2792 2828 3153 2898 contemptio
3171 2843 3238 2881 ac
3261 2826 3588 2897 despicien-

1946 2919 2027 2974 tia
2043 2925 2225 2986 est,ut
2240 2917 2537 2971 interdum
2551 2920 2792 2988 profusa
2809 2931 2989 2970 manu
3004 2915 3203 2986 palatii
3220 2915 3334 2969 mei
3352 2915 3586 2970 thesau-

1945 3025 2042 3062 ros
2085 3006 2447 3070 exhauriam,
2483 3022 2598 3075 quo
2645 3004 3014 3075 amplissima
3061 3002 3176 3056 diis
3212 3001 3462 3056 delubra
3491 3019 3592 3056 ex-

1953 3095 2486 3165 struam,omnique
2510 3099 2722 3148 ornatu
2745 3093 3058 3158 illustrem,
3085 3097 3186 3146 aut
3206 3091 3591 3162 pecuniarum

1871 3165 1914 3232 C
1951 3201 2190 3258 aggeres
2203 3183 2494 3238 militibus
2514 3182 2927 3237 liberalissime
2945 3179 3470 3235 distribuam.Cum
3488 3179 3595 3234 ita-

1952 3291 2065 3345 que
2097 3279 2295 3328 tantus
2318 3273 2377 3326 in
2406 3289 2496 3326 me
2519 3271 2884 3343 voluptatum
2917 3275 3314 3341 contemptus,
3339 3273 3502 3322 tanta
3532 3268 3592 3322 in

1951 3363 2233 3434 periculis
2256 3360 2569 3416 tolerantia
2591 3361 2738 3420 sit.si
2757 3359 3130 3414 Galilaeorum
3151 3357 3597 3430 religionem,ea

1955 3468 2131 3522 quam
2156 3451 2432 3505 manibus
2450 3457 2720 3505 tenemus
2743 3449 3213 3520 praestantiorem
3236 3463 3363 3501 esse
3385 3462 3597 3517 cogno-

1957 3557 2285 3606 scerem,an
2307 3557 2424 3594 non
2441 3556 2673 3594 summo
2698 3539 2890 3594 studio
2913 3538 2971 3591 id
2990 3542 3316 3608 agerem,ut
3336 3541 3596 3590 contem-

1957 3631 2074 3701 ptis
2094 3629 2368 3683 omnibus
2388 3629 2844 3692 rebus,salutem
2869 3627 3011 3680 mihi
3031 3640 3436 3696 compararem
3451 3623 3478 3676 ‘I
3497 3624 3597 3678 Sin

1959 3723 2155 3774 autem
2179 3717 2326 3771 mihi
2341 3717 2479 3770 boni
2498 3716 2926 3788 ignorationem
2943 3721 3117 3783 atque
3133 3711 3602 3784 imperitiam‘vi-

1960 3807 2040 3859 tio
2065 3807 2259 3866 vertis,
2287 3805 2435 3859 illud
2459 3811 2651 3860 tecum
2675 3811 2902 3876 reputa,
2920 3809 3062 3874 quot
3082 3808 3284 3857 noctes
3306 3799 3600 3855 insomnis

1959 3893 2607 3964 exegerim,quaastione
2630 3892 3218 3963 aliquaproposita,et
3247 3889 3486 3959 quidem
3509 3888 3602 3942 in-

1963 3982 2190 4037 terdum
2221 3982 2373 4036 haud
2397 3982 2713 4037 admodum
2732 3981 3087 4045 necessaria,
3113 3979 3339 4033 nullam
3359 3977 3601 4032 omnino

1964 4072 2110 4127 mihi
2134 4071 2401 4142 requiem
2424 4071 3132 4142 concedenspriusquam
3154 4067 3524 4138 perspicuam
3549 4069 3608 4119 et

1964 4161 2640 4217 accommodatissimam
2653 4160 2839 4232 ipsius
2852 4159 3209 4214 solutionem
3224 4155 3580 4210 invenissem
3591 4192 3604 4208 .

2034 4338 2320 4404 Quocirca
2341 4354 2474 4393 cum
2496 4337 2850 4393 caducarum
2874 4338 3085 4392 harum
3101 4350 3300 4390 rerum
3327 4350 3400 4389 ne
3424 4331 3609 4388 mini-

1965 4444 2123 4482 mam
2139 4427 2379 4497 quidem
2395 4427 2891 4482 contemnendam
2905 4425 3346 4490 ducam,verum
3360 4421 3604 4477 omnino

202 4513 593 4590 συμφερόντως
678 4512 770 4566 καὶ
855 4512 939 4567 ἐπὶ
1022 4511 1336 4584 λυσιτελείᾳ
1415 4517 1522 4567 τῶν
1611 4515 1837 4568 ἀπάντω·

1969 4516 2424 4572 conducibiliter
2444 4522 2618 4587 atque
2633 4516 2704 4571 ad
2719 4515 2986 4570 omnium
3008 4514 3326 4569 utilitatem
3350 4527 3480 4568 eam
3507 4527 3608 4564 ex-

204 4600 600 4670 ἐπιτελεσθείη,
647 4600 737 4655 καὶ
787 4599 971 4655 ούδενὶ
1023 4599 1191 4676 ἑτέρῳ
1240 4595 1623 4676 ἀκριϐέστερον
1672 4605 1706 4672 ἡ
1748 4607 1855 4657 τῶν

203 4690 348 4766 ἀπορ
363 4689 536 4760 Ξήτων
571 4685 863 4764 διάγνωσις
893 4687 947 4744 ἐν
976 4690 1139 4763 πάσῃ,
1195 4691 1270 4750 ὡς
1324 4692 1504 4761 οἶμαι,
1532 4694 1600 4763 τῇ
1634 4689 1855 4767 ὑφηλίῳ

208 4778 604 4854 διερευνᾶσθαι,
657 4779 731 4841 ὡς
779 4777 899 4850 ἐμοὶ
955 4778 1104 4849 παρά
1150 4779 1363 4833 πάντων
1419 4779 1854 4856 μεμαρτύρηται,

208 4875 326 4932 πῶς
368 4868 434 4923 τὰ
491 4870 627 4938 θεῖα,
685 4867 776 4922 καὶ
832 4867 865 4922 ἃ
923 4862 1169 4930 σέϐεσθαι
1225 4867 1314 4920 καὶ
1375 4867 1650 4943 θεολογεῖν
1679 4869 1856 4942 θέμις,

207 4957 652 5034 εὐκαταφρόνητα
708 4955 769 5011 ἂν
832 4954 1194 5032 ἐλογισάμην,
1247 4956 1337 5010 καὶ
1400 4957 1477 5028 μή
1518 4957 1660 5030 πάσῃ
1691 4979 1858 5012 σπου·

211 5045 306 5120 δῇ,
338 5046 481 5120 πάσῃ
508 5043 753 5117 δυνάμει,
801 5045 907 5120 ὅλῃ
951 5049 1020 5118 τῇ
1069 5048 1223 5120 ψυχῇ
1268 5045 1357 5098 καὶ
1389 5043 1507 5117 ὅλῳ
1535 5049 1614 5115 τῷ
1641 5043 1749 5114 νοΐ,
1781 5046 1859 5109 εἰς

205 5137 310 5205 τήν
342 5134 550 5190 τούτων
600 5133 972 5210 ἀπησχόλησα
1017 5133 1246 5207 ἐμαυτὸν
1283 5135 1531 5204 ζήτησιν,
1563 5139 1658 5188 τοῦ
1689 5136 1864 5209 εὑρεῖν

208 5224 428 5294 τάληθῆ
463 5223 553 5278 καὶ
611 5221 1070 5298 πρεπωδέστατα;
1133 5222 1229 5276 Καὶ
1285 5243 1346 5299 γε
1402 5221 1641 5293 ἐζητησα
1681 5223 1863 5296 ἐμπό-

209 5335 346 5380 νως,
379 5311 595 5374 πυλλάς
631 5313 726 5385 μὲν
758 5312 950 5374 νύκτας
1000 5311 1086 5366 ἴσα
1133 5316 1253 5373 ταῖς
1301 5312 1537 5387 ἡμέραις
1568 5311 1619 5367 ἐν
1651 5313 1867 5378 τούτοις

211 5399 525 5473 ἀναλώσας,
573 5398 820 5463 πολλοὺς
869 5398 928 5456 δὶ
979 5399 1181 5476 σοφοὺς
1228 5400 1319 5455 καὶ
1373 5399 1743 5476 ἐπιστήμονας
1793 5404 1870 5467 εἷς

288 5583 403 5659 (82)
433 5583 495 5655 G,
526 5578 798 5659 ὖπερευχό
807 5601 992 5656 μενος.

1964 4607 2183 4661 cutiam
2207 4611 2265 4660 et
2283 4605 2580 4661 absolvam
2605 4606 2708 4674 (sic
2741 4606 2899 4661 enim
2923 4605 3078 4660 inter
3097 4619 3304 4660 omnes
3335 4605 3606 4656 constare

1965 4695 2240 4760 arbitror,
2273 4695 2576 4750 neminem
2593 4695 2859 4750 omnium
2883 4695 2984 4765 qui
3003 4693 3110 4749 sub
3133 4693 3257 4748 sole
3280 4696 3610 4749 sunt,arca-

1969 4801 2180 4839 narum
2195 4801 2392 4839 rerum
2411 4784 2807 4857 cognitionem
2827 4783 3158 4839 accuratius
3177 4794 3442 4850 unquam
3461 4777 3620 4830 inve-

1969 4874 2214 4945 stigasse
2229 4889 2406 4944 quam
2421 4873 2547 4943 ipse
2567 4873 2856 4943 fecerim),
2880 4887 3141 4944 quonam
3163 4874 3330 4940 pacto
3350 4882 3443 4920 res
3467 4864 3616 4919 divi-

1970 4978 2099 5025 nas,
2133 4968 2189 5016 et
2216 4978 2285 5016 ea
2309 4978 2439 5032 quae
2463 4963 2729 5018 venerari
2761 4978 2828 5017 ac
2856 4961 3102 5017 deorum
3128 4960 3351 5012 honore
3377 4954 3615 5009 afﬁcere

1972 5051 2668 5122 Oportet,contemnenda
2686 5052 3082 5106 duxissem.ac
3104 5063 3223 5100 non
3241 5045 3437 5116 potius
3455 5041 3617 5098 omni

1975 5139 2476 5202 studio,omnibus
2499 5139 2867 5207 viribus,toto
2896 5138 3154 5207 denique
3187 5135 3384 5189 animo
3408 5149 3475 5188 ac
3498 5135 3620 5185 tota

1978 5234 2172 5283 mente
2187 5228 2248 5282 in
2265 5244 2466 5283 eorum
2484 5228 2928 5301 investigatione
2945 5232 3175 5296 tempus
3189 5229 3364 5294 atque
3380 5235 3621 5292 operam

1976 5318 2328 5389 posuissem.
2361 5324 2428 5373 ut
2458 5335 2590 5390 quas
2633 5333 2769 5372 vera
2817 5321 2876 5371 et
2923 5314 3183 5370 maxime
3219 5317 3625 5368 consentanea

1978 5413 2136 5474 sunt,
2158 5408 2488 5465 invenirem
2504 5408 2531 5462 ?
2555 5406 2788 5461 Etenim
2811 5420 3024 5476 magno
3051 5419 3187 5460 cum
3219 5402 3421 5457 labore
3449 5398 3533 5452 sic
3556 5413 3627 5452 ea
