1997 3075
159 128 232 160 1099

920 129 1104 158 ADDINDA.

1793 129 1858 161 ίιοο

156 190 302 224 venenato
312 191 405 223 terrui
415 192 800 224 “dicentur-ﬂosculorum
812 191 909 230 portio
919 193 983 228 erit,

1042 189 1287 228 ταδικασοήσονται
1300 191 1341 224 εἰς
1357 191 1389 220 τὸ
1413 193 1467 230 πῦρ
1495 189 1545 227 τῆς
1562 192 1672 231 γῐεννης
1690 190 1723 221 τὸ
1734 191 1859 223 idenm:

157 242 224 270 hac
233 240 392 269 haereditas
406 240 452 268 :in
467 240 514 267 his
524 248 578 276 per
588 240 770 275 sempiterna
776 239 885 267 saacula
891 247 986 267 versa-

159 286 433 322 bimtur,scelerum
442 294 545 322 pinnas
557 285 672 320 dantes,
686 288 842 322 propterea
849 286 927 321 quod
937 285 986 313 bo-

162 332 210 360 nis
219 331 256 359 iis
267 339 332 367 qua!
344 331 375 359 in
385 330 599 367 pollicitatione
608 331 761 358 recondita
767 333 985 367 erant,propter

160 376 279 405 brevem
290 376 471 411 voluptatem
481 375 643 411 repudiatis
655 377 683 402 et
693 375 739 411 abj
745 376 827 409 ectis,
839 378 984 403 aeternum

160 421 216 449 sibi
235 420 308 459 ipsis
320 420 499 456 supplicium
514 420 742 447 accersiverunt.
754 420 810 447 Pro
826 419 872 447 his
884 419 983 455 igitur,

158 467 215 495 hoc
226 467 317 499 est,ut
330 467 359 492 et
369 464 510 501 gaudium
522 463 597 491 illud
608 465 687 491 omni
698 472 834 491 sermone
845 466 985 499 praestan-

158 511 216 539 tius
228 511 490 545 consequamur,et
499 517 608 536 arcana
618 508 670 536 illa
680 509 773 545 gloria
780 508 924 543 fruamur,
931 517 984 536 an-

159 556 299 593 gelosque
311 554 469 591 splendore
477 554 716 590 adaequemus,ac
724 554 802 581 bono
811 557 840 582 et
849 554 983 582 dulcissi-

160 610 210 629 mo
219 600 344 628 Domino
356 599 459 627 ﬁdenti
472 599 571 627 animo
584 601 725 633 astemus,
739 602 826 635 atque
833 599 984 627 atrocissi-

162 654 227 674 mas
234 648 421 680 etnunquam
434 644 581 672 ﬁniendas
596 652 709 680 paanas,
722 646 751 671 et
761 644 983 672 acerbissimam

160 690 244 718 illam
251 690 405 718 infamiam
413 689 675 725 eﬁugiamus,quas
681 697 741 716 non
752 689 904 724 pecunias,
917 697 982 724 qua)

160 742 221 762 non
229 731 425 769 corpo‘ra,imo
433 732 609 768 etiamipsas
621 732 735 760 animas
742 732 921 768 profundere
930 741 984 768 par

159 777 272 807 fuerit?
280 777 350 810 Quis
358 776 418 805 tam
433 777 528 814 ignavi
542 777 634 805 animi
647 780 702 810 est,
718 777 785 813 quis
801 779 860 805 tam
868 785 981 812 excors,

160 821 233 858 quin
249 823 402 849 sexcentas
421 820 617 857 temporarias
630 823 741 848 mortes
757 820 857 848 subire
870 820 902 849 in
918 821 983 848 ani-

159 877 243 897 mum
250 867 380 901 inducat,
393 870 449 895 uta
455 868 637 904 sempiterna
645 870 673 894 et
679 866 748 894 ﬁnis
759 867 856 895 omnis
864 870 983 903 experte

159 915 253 941 morte
260 913 412 946 liberetur,
418 913 593 948 beatamque
601 915 629 940 et
637 912 672 940 ab
680 913 756 940 omni
764 912 886 940 interitu
893 920 988 940 remo-

162 959 223 984 tam
236 956 326 984 vitam
337 955 524 984 hmreditario
536 956 696 991 possideat,
709 964 742 984 ac
758 959 867 984 sanctaa
880 959 909 983 et
922 956 987 983 vita;

161 1001 281 1030 initium
298 1000 449 1029 aﬂ‘erentis
469 1000 621 1028 Trinitatis
636 1000 749 1028 lumine
775 999 989 1029 collustretur?

202 1132 269 1164 CAP.
285 1135 382 1163 XXVI.
397 1148 432 1154 —
447 1133 515 1162 Haec
530 1133 621 1161 verba
633 1142 701 1161 cum
716 1143 766 1162 rex
782 1134 935 1170 audiisset,
952 1135 988 1163 ﬁ-

166 1178 259 1215 liique
273 1179 445 1207 ﬁrmitatem
460 1180 548 1214 atque
564 1179 763 1206 constantiam
779 1179 987 1215 perspexisset.

165 1233 221 1253 nec
227 1224 449 1258 blanditiis,nec
457 1232 628 1251 sermonum
634 1223 852 1258 lenocinio,nec
859 1224 987 1260 denique

165 1269 379 1305 suppliciorum
386 1268 475 1296 minis
482 1268 770 1301 cedentis,orationis
777 1267 898 1304 quidem
907 1269 988 1296 illius

164 1313 452 1350 probabilitatem,ac
458 1321 673 1349 responsaquaa
682 1312 778 1340 refelli
787 1315 987 1348 nonpossent,

164 1358 469 1393 admirabatur,atque
477 1357 566 1385 etiam
573 1366 589 1385 a
596 1357 716 1393 propria
726 1357 987 1393 conscientia,qum

163 1403 263 1439 ipsum
270 1411 339 1430 vera
349 1403 462 1438 etjusta
472 1401 571 1430 dicere
579 1401 990 1438 demonstrabat,coargueba-

164 1447 212 1472 tur
224 1452 231 1479 ;
243 1452 345 1472 verum
356 1452 373 1472 a
382 1451 472 1479 prava
483 1443 697 1471 consuetudine
707 1446 795 1479 atque
802 1443 937 1471 avitiosis
946 1443 988 1471 af-

163 1488 352 1524 fectionibus,
370 1497 496 1525 quarum
511 1488 646 1517 habitum
667 1491 863 1524 contraxerat,
881 1491 910 1516 et
923 1497 987 1525 qua;

165 1541 232 1561 eum
246 1532 326 1561 velut
340 1542 423 1561 camo
440 1535 469 1561 et
483 1533 566 1561 freno
588 1533 753 1568 coercebat,
777 1541 833 1561 nec
853 1533 985 1561 veritatis

163 1577 266 1606 lumen
279 1578 448 1614 perspicere
459 1578 585 1612 sinebat,
601 1578 632 1605 in
641 1577 789 1606 diversum
800 1578 982 1608 trahebatur.

163 1624 204 1651 Ac
215 1626 373 1659 propterea
385 1622 502 1650 nullum
511 1622 755 1657 nonlapidem,ut
763 1622 819 1650 dici
832 1622 985 1658 solet,mo-

162 1676 243 1701 vens,
265 1668 298 1695 in
317 1676 351 1695 eo
369 1667 447 1703 quod
466 1667 550 1703 prius
564 1667 619 1694 sibi
634 1669 829 1703 proposuerat
843 1667 984 1702 haerebat,

162 1713 322 1741 consilium
337 1713 490 1746 nimirum,
506 1713 584 1749 quod
598 1721 665 1740 cum
680 1713 793 1741 Arache
809 1716 937 1749 ceperat,
953 1714 985 1742 in

162 1767 236 1795 opus
247 1759 410 1795 perducere
421 1759 554 1795 cupiens.
565 1760 666 1794 Itaque
676 1759 713 1786 ad
723 1759 818 1786 ﬁlium
830 1758 871 1787 ait
881 1768 887 1786 :
897 1760 986 1796 Opor-

161 1803 242 1833 tebat
252 1804 472 1840 quidem,ﬁli,te
484 1805 558 1832 meis
570 1804 704 1840 imperiis
713 1804 889 1832 omnibusin
896 1805 984 1833 rebus

161 1848 338 1886 simpliciter
348 1848 631 1884 obsequi.Quoniam
643 1851 742 1876 autem
753 1857 806 1884 pro
818 1851 868 1876 tua
875 1848 984 1877 duritia

159 1894 249 1930 atque
265 1893 453 1921 contumacia
468 1892 542 1921 mihi
563 1894 604 1921 ita
626 1893 818 1921 vehementer
837 1893 983 1929 restitisti,

160 1939 217 1967 hoc
228 1944 321 1967 unum
327 1938 561 1973 contendens,ut
566 1941 617 1965 tua
623 1937 770 1966 sententia
776 1938 899 1974 majoris
905 1938 983 1975 apud

159 1985 292 2019 te,quam
299 1983 400 2011 omnia
411 1982 479 2016 alia,
491 1981 631 2018 ponderis
642 1984 730 2017 atque
742 1983 925 2010 auctoritatis
937 1991 982 2011 es-

160 2028 366 2064 set,age,inani
378 2027 568 2056 contentione
575 2026 672 2054 valere
674 2026 938 2062 jussa,rationibus
946 2027 982 2055 ad

158 2074 401 2110 persuadendum
421 2074 496 2109 aptis
512 2081 644 2109 agamus.
660 2073 701 2101 Ac
718 2074 787 2109 quia
802 2073 948 2108 Barlaam,
965 2082 983 2102 a

159 2126 218 2155 quo
230 2118 285 2146 tibi
295 2119 380 2146 fueus
388 2118 484 2146 factus
496 2120 550 2152 est,
560 2118 676 2146 vinctus
687 2127 706 2146 a
714 2125 761 2146 me
772 2121 901 2153 tenetur,
919 2126 981 2147 am-

156 2163 293 2200 plissimo
309 2165 385 2191 coetu
401 2161 511 2197 habito,
533 2166 622 2199 atque
638 2163 777 2191 omnibus
792 2166 855 2191 tum
870 2164 981 2192 nostris

157 2210 220 2235 tum
228 2207 355 2235 Galilaais
362 2207 391 2234 in
398 2215 489 2235 unum
495 2208 604 2235 coactis
611 2207 855 2243 przeconibusque
863 2208 981 2236 disertis

156 2252 253 2279 verbis
270 2252 385 2280 edicere
396 2252 501 2288 jussis,
517 2260 555 2280 ne
572 2252 730 2288 quisquam
745 2252 981 2280 Christianorum

156 2296 247 2325 ullius
262 2297 387 2333 periculi
397 2299 480 2325 metu
491 2297 648 2329 afﬁciatur.
664 2304 766 2324 verum
783 2304 886 2324 omnes
898 2297 979 2324 omni

155 2344 237 2370 metu
251 2341 336 2370 vacui
351 2350 405 2378 per
427 2341 564 2370 sodalitia
579 2343 608 2369 et
622 2340 806 2376 cognitiones
830 2340 861 2368 in
885 2349 979 2369 unum

154 2389 269 2421 coeant,
277 2387 428 2415 communi
438 2386 562 2414 consilio
575 2394 638 2413 rem
648 2385 978 2423 consideremus.Atque

154 2434 206 2460 aut
215 2440 265 2461 vos
278 2433 411 2460 etvester
422 2430 567 2466 Barlaam,
579 2429 667 2458 nobis
682 2429 714 2457 in
732 2430 910 2459 sententiam
928 2440 977 2459 ve-

1001 878 1025 911 B

1000 1560 1021 1595 ο

997 2242 1019 2274 D

1038 236 1085 265 καὶ
1113 236 1229 276 ἁφεγγὶς
1254 238 1322 274 (22),
1350 236 1390 268 εἷς
1416 237 1447 264 τὸ
1476 236 1572 269 σκότος
1598 237 1630 265 τὸ
1655 237 1855 276 ’έξώτερον,τὸν

1040 282 1164 320 βρυγμὸν
1179 284 1233 309 τῶν
1249 280 1367 309 ὀδόντων
1383 281 1428 309 καὶ
1459 281 1592 316 σκώληκα
1605 282 1652 310 τὸν
1667 280 1778 311 ἰοϐόλον
1795 285 1856 321 (23).

1037 326 1111 361 Αὕτη
1127 327 1145 361 ἠ
1161 325 1239 364 μερὶς
1264 326 1364 360 αὐτῶν,
1391 326 1471 357 οὗτος
1486 326 1500 353 ὁ
1513 326 1629 364 κλῆρος,
1646 328 1690 359 οἷς
1708 326 1746 359 είς
1762 327 1858 362 αἰῶνας

1039 370 1195 399 συνέσονται
1229 371 1293 403 τοὺς
1329 370 1524 407 ἀτελευτήτους
1559 372 1775 409 τιμωρούμενοι,
1804 373 1858 401 ἀνθ’

1038 415 1088 450 ὧν,
1122 416 1157 443 τὰ.
1189 414 1215 443 ἰν
1257 414 1433 452 ἐπαγγελίαις
1470 415 1555 453 ἀγαθά
1582 417 1789 455 παρωσάμενοι,
1818 416 1860 445 διὰ

1037 461 1203 498 πρόσκαιρον
1226 459 1359 497 ἁμαρτίας
1384 458 1485 495 ἡδονὴν
1512 459 1625 488 κόλασιν
1645 460 1758 489 αΐώνιον
1775 462 1859 498 ἐξελέ-

1038 504 1126 540 ξαντο.
1154 505 1234 542 Ὑπὶρ
1273 503 1306 539 δὴ
1344 504 1458 540 τούτων,
1489 504 1558 533 ὥστε
1585 509 1636 541 τῆς
1664 506 1784 544 ἀῤῥήτου
1812 508 1858 544 μὶν

1037 552 1127 587 χαρᾶς
1155 549 1259 586 ἐκείνης
1290 549 1431 587 έπιτυχεῖν
1458 549 1503 577 καὶ
1532 553 1582 585 τῆς
1608 550 1766 589 ἀπορρήτου
1782 551 1860 587 δόξης

1037 593 1195 631 ἀπολαύειν,
1223 596 1281 625 τοῖς
1308 593 1435 631 ἀγγέλοις
1468 593 1497 622 δὲ
1526 593 1717 632 ἂντιλάμπειν,
1745 596 1792 623 καὶ
1819 600 1859 633 τῷ

1037 639 1132 676 ἀγαθῷ
1147 639 1192 667 καὶ
1205 638 1366 677 γλυκυτάτῳ
1381 639 1503 676 Δεσπότῃ
1530 640 1598 676 μετὰ
1622 640 1775 679 παρῥησίας
1790 651 1859 680 παρ-

1039 684 1172 719 ίστασθαι,
1188 684 1236 715 τὰς
1264 683 1431 721 πικροτάτας
1459 682 1489 711 δὲ
1516 684 1652 722 τιμωρίας
1681 684 1726 712 καὶ
1750 685 1862 713 ἀτελευ-

1036 729 1136 764 τήτους
1150 728 1196 756 καὶ
1209 729 1261 763 τήν
1286 727 1419 765 ὀδυνηρὰν
1445 727 1551 764 ἐκείνην
1576 729 1700 768 ἐκφυγεῖν
1714 729 1859 768 αἰσχύνην,

1037 773 1108 801 πόσα
1137 772 1187 801 οὐκ
1215 772 1287 809 ἄξιον
1311 773 1441 810 προέσθαι
1476 773 1521 801 καὶ
1552 775 1684 812 χρήματα
1710 775 1786 804 2³2
1815 776 1860 803 καὶ

1038 818 1161 854 σώματα,
1180 817 1287 855 μᾶλλον
1304 818 1333 846 δὶ
1347 819 1391 846 καὶ
1413 818 1495 850 αὐτὰς
1519 819 1568 849 τὰς
1581 819 1673 857 ψυχάς
1686 829 1694 854 ;
1707 819 1755 851 Τίς
1772 819 1860 850 οὕτως

1038 861 1161 900 έγεννὴς,
1188 863 1231 894 τίς
1259 862 1345 894 οὕτως
1371 862 1508 899 ἀσύνετος,
1538 863 1576 895 ὡς
1592 864 1630 900 μή
1650 863 1763 900 μυρίους
1787 864 1859 892 ὑπο-

1041 911 1135 942 στῆναι
1152 908 1335 944 προσκαίρους
1351 906 1491 943 θανάτους,
1504 906 1549 935 ἵνα
1572 910 1620 935 τοῦ
1646 908 1758 936 αἰωνίου
1774 908 1862 936 ἀπαλ-

1042 955 1114 991 λαγῇ
1128 953 1174 980 καὶ
1190 952 1370 988 ἀτελευτήτου
1396 952 1522 989 θανάτου,
1547 954 1597 988 τὴν
1624 954 1696 989 ζωὴν
1713 952 1742 981 Si
1755 952 1863 992 κληρο-

1039 999 1148 1036 νομήσῃ
1164 999 1214 1033 τήν
1232 997 1364 1036 μακαρίαν
1379 1008 1408 1025 τε
1435 997 1480 1025 καὶ
1496 997 1661 1036 ἀνώλεθρον,
1676 998 1721 1026 καὶ
1737 1001 1776 1036 τῷ
1791 999 1862 1038 φωτῖ

1039 1042 1219 1081 περιλαμφθῇ
1244 1045 1296 1078 τῆς
1334 1042 1468 1081 μακαρίας
1503 1042 1549 1070 καὶ
1580 1045 1747 1082 ζωαρχικῆς.
1776 1044 1861 1083 Τριά-

1040 1085 1085 1118 8ος
1101 1088 1158 1124 (24)
1169 1096 1178 1122 ς

1075 1131 1162 1161 ΚΕΦ¹.
1187 1132 1247 1160 ΚΔ¹.
1274 1129 1383 1159 Τούτων
1409 1131 1525 1163 ἀκούσας
1548 1131 1562 1159 ὁ
1591 1130 1718 1170 βασιλεὺς
1736 1134 1790 1160 τῶν
1811 1132 1863 1171 ῥη-

1042 1178 1146 1214 μάτων,
1175 1175 1221 1204 καί
1250 1176 1281 1203 τὸ
1310 1175 1467 1214 στερέμνιον
1495 1175 1541 1203 καὶ
1569 1175 1708 1204 ἀνένδοτον
1735 1176 1800 1205 ἰδὼν
1813 1179 1861 1205 τοῦ

1039 1220 1138 1252 παιδὸς
1166 1223 1236 1258 μήτε
1263 1220 1422 1253 κολακείαις
1448 1220 1566 1253 εἴκοντος
1595 1223 1652 1258 (25)
1679 1222 1748 1259 μήτε
1771 1222 1859 1261 λόγων

1039 1266 1140 1299 πειθοῖ,
1174 1266 1212 1302 μὴ
1240 1268 1383 1304 τιμωριῶν
1413 1265 1552 1302 ἀπειλαῖς,
1582 1265 1715 1303 ἐθαύμαζε
1745 1267 1792 1303 μὶν
1818 1267 1862 1295 ἐπὶ

1039 1311 1074 1347 τῇ
1088 1309 1249 1346 πιθανότητι
1262 1312 1311 1338 τοῦ
1327 1308 1411 1348 λόγου
1426 1311 1472 1338 καὶ
1488 1312 1546 1341 ταῖς
1571 1310 1780 1349 ἀναντιῤῥήτοις
1794 1312 1861 1339 ἀπο-

1039 1355 1170 1393 κρίσεσιν,
1197 1355 1335 1393 ἠλέγχετο
1365 1353 1393 1382 δὶ
1422 1354 1474 1382 ὑπὸ
1501 1357 1550 1382 τοῦ
1578 1353 1743 1390 συνειδότος,
1773 1355 1862 1392 ἁδηθῆ

1040 1399 1128 1438 λέγειν
1154 1400 1234 1428 αὐτὸν
1257 1400 1301 1428 καὶ
1325 1399 1415 1428 δίκαια
1450 1398 1688 1431 ὗποδεικνύοντος·
1712 1400 1777 1429 ἀλλ’
1799 1400 1860 1429 ἂνθ-

1040 1444 1144 1473 είλκετο
1174 1445 1225 1473 ὑπὸ
1253 1448 1303 1480 τῆς
1332 1447 1454 1484 πονηρᾶς
1496 1445 1637 1481 συνηθείας
1666 1446 1711 1473 καὶ
1752 1449 1805 1474 τῶν
1835 1447 1860 1475 ἐν

1040 1489 1090 1527 ἔξει
1122 1487 1307 1527 βεϐαιωθένων
1337 1489 1362 1517 ἐν
1392 1490 1465 1526 αὗτῷ
1492 1492 1598 1525 παθῶν,
1629 1490 1673 1530 ὑφ’
1702 1491 1739 1518 ὧν
1766 1491 1805 1522 ὡς
1834 1491 1858 1519 έν

1039 1537 1123 1572 κημῷ
1137 1534 1279 1573 κατείχετο
1304 1534 1347 1563 καὶ
1376 1534 1485 1574 χαλινῷ
1514 1537 1581 1573 (26),
1596 1538 1636 1573 τῷ
1650 1536 1720 1576 φωτῖ
1736 1537 1775 1574 μὴ
1792 1548 1859 1576 συγ-

1041 1580 1219 1618 χωρούμενος
1242 1577 1413 1618 προσϐλέψαι
1436 1581 1485 1615 τῆς
1507 1579 1649 1617 ἀληθείας.
1673 1582 1752 1610 Ὅθεν
1774 1582 1860 1610 πάντα

1040 1625 1128 1661 λίθον,
1142 1626 1173 1654 τὸ
1187 1628 1235 1654 τοῦ
1258 1625 1352 1664 λόγου,
1380 1628 1463 1654 κινῶν
1492 1628 1557 1664 (27),
1587 1626 1677 1665 εἷ’χιτο
1698 1629 1748 1655 τοῦ
1775 1627 1860 1656 πάλαι

1040 1673 1154 1705 σκοποῦ,
1167 1671 1216 1705 τὴν
1233 1670 1483 1709 προμελετηθεῖσαν
1510 1671 1582 1708 αὐτῷ
1605 1671 1673 1709 μετὰ
1686 1674 1734 1700 τοῦ
1754 1673 1859 1710 ’Δραχῆ

1040 1717 1138 1752 σκῆψιν
1153 1715 1192 1747 εἷς
1213 1713 1290 1754 ἔργον
1320 1716 1428 1754 ἀγαγεῖν
1461 1715 1639 1754 βουλόμενος.
1665 1716 1715 1745 Καὶ
1740 1728 1807 1757 φησι
1822 1721 1862 1755 τῷ

1039 1759 1125 1788 παιδί.
1154 1759 1226 1789 Ἔδει
1258 1762 1304 1797 μέν
1334 1771 1372 1796 σε,
1403 1761 1425 1788 ὧ
1452 1761 1557 1797 τέκνον,
1586 1763 1646 1793 τοῖς
1673 1761 1750 1799 έμοῖς
1767 1762 1863 1796 ἁπλῶς

1040 1804 1121 1833 εἷ’κειν
1147 1805 1174 1833 ἐν
1202 1808 1267 1833 πᾶσι
1295 1806 1509 1844 προστάγμασιν
1547 1804 1611 1834 ἀλλ’
1640 1806 1708 1843 ἐπεὶ,
1740 1806 1862 1846 σκληρὸς

1039 1848 1135 1878 ὤνκαὶ
1150 1850 1274 1887 ἀπειθὴς,
1301 1849 1423 1889 ἲσχυρῶς
1452 1850 1539 1883 οὓτως
1566 1850 1696 1887 ἀντέστης
1724 1862 1782 1888 μοι,
1811 1853 1862 1888 τὴν

1039 1893 1109 1923 ίδίαν
1126 1894 1299 1932 ἐνιστάμενος
1323 1895 1438 1933 γνώμην
1463 1896 1630 1933 κυριωτέραν
1654 1895 1760 1923 πάντων
1775 1898 1862 1932 ποιή-

1037 1946 1143 1977 σασθαι,
1160 1939 1238 1978 δεῦρο
1261 1939 1294 1975 δὴ
1323 1942 1357 1978 τῇ
1389 1939 1488 1977 ματαίᾳ
1515 1939 1635 1969 ἔνστάσει
1650 1941 1756 1978 χαίρειν
1777 1942 1861 1979 ἄμφω

1037 1984 1170 2021 εἶπόντες,
1213 1985 1303 2013 πειθοῖ
1342 1984 1579 2022 πολιτιυσώμεθα.
1613 1985 1664 2014 Καὶ
1703 1985 1761 2013 ἐπεὶ
1788 1986 1803 2013 ὁ
1832 1986 1862 2014 σὶ

1037 2027 1177 2065 ἀπατήσας
1206 2030 1282 2058 283
1312 2028 1448 2066 Βαρλαὰμ
1477 2028 1687 2067 σιδηροδέσμιος
1713 2030 1777 2068 παρ’
1797 2029 1860 2068 ἐμοὶ

1035 2074 1173 2112 τυγχάνει,
1216 2072 1397 2109 ἐκκλησιάσας
1439 2073 1584 2109 ἐκκΛησίαν
1639 2074 1774 2112 μεγάλην,
1814 2075 1860 2102 καὶ

1036 2119 1138 2149 πάντας
1166 2119 1318 2155 ἡμετέρους
1345 2128 1374 2146 τε
1399 2118 1443 2146 καὶ
1473 2117 1636 2150 Γαλιλαίους
1666 2118 1709 2146 ἒπὶ
1733 2119 1766 2147 τὸ
1795 2120 1860 2147 αὐτὸ

1036 2163 1213 2201 συγκαλέσας,
1237 2162 1358 2201 κήρυκάς
1391 2173 1421 2190 τε
1458 2161 1608 2201 διαρρήδην
1640 2164 1704 2201 βοᾷν
1733 2164 1862 2195 θεσπίσας

1034 2209 1082 2235 τοῦ
1100 2206 1202 2245 μηδένα
1216 2209 1269 2235 τῶν
1295 2208 1459 2246 Χριστιανῶν
1484 2205 1644 2243 δεδοικέναι,
1660 2207 1723 2236 ἀλλ’
1749 2207 1861 2247 ἀφόϐως

1036 2251 1136 2284 πάντας
1166 2251 1358 2288 συνεισελθεῖν,
1386 2254 1468 2289 κοινῇ
1512 2251 1722 2290 διασκεψώμεθα
1749 2254 1856 2292 γνώμῃ.

1036 2297 1085 2324 Καὶ
1100 2296 1130 2333 ἥ,
1145 2297 1294 2332 πείσαντες,
1311 2297 1389 2334 ὑμεῖς
1413 2297 1481 2334 μετὰ
1503 2298 1552 2325 τοῦ
1576 2296 1708 2335 ὑμετέρου
1723 2297 1859 2335 Βαρλαᾶμ

1032 2341 1153 2378 τεύξεσθε
1179 2342 1215 2369 ὧν
1246 2340 1438 2370 ἐσπουδάκατε·
1467 2340 1498 2379 ἤ,
1527 2342 1688 2378 πεισθέντες,
1719 2343 1767 2370 σὺν
1781 2343 1858 2371 b106-

1033 2386 1077 2423 σίᾳ
1090 2389 1125 2425 τῇ
1141 2387 1240 2426 γνώμῃ
1255 2389 1315 2419 τοῖς
1336 2386 1527 2426 προστάγμασι
1551 2397 1604 2425 μου
1622 2386 1738 2415 ὑπείκειν
1755 2393 1857 2426 προθο-

1033 2431 1173 2468 μηθείητε.

154 2478 246 2504 stram
261 2476 407 2512 abductis,
425 2483 460 2504 ea
474 2483 540 2511 quae
555 2474 664 2511 optatis
679 2475 916 2511 consequimini:
940 2479 991 2506 aut
1013 2480 1117 2507 contra
1136 2487 1187 2507 vos
1210 2477 1241 2507 in
1265 2478 1444 2508 sententiam
1469 2480 1602 2508 nostram
1617 2478 1749 2515 adducti,
1761 2479 1855 2516 jussis

152 2520 229 2549 meis
244 2522 349 2557 sponte
364 2529 398 2549 ac
412 2522 550 2557 prompto
565 2519 665 2548 animo
680 2519 834 2556 parebitis.

189 2597 245 2632 (22)
265 2596 346 2623 Conf.
363 2605 392 2631 p.
408 2597 471 2631 217,
488 2605 516 2624 n.
535 2596 580 2625 66.

191 2633 246 2667 (23)
262 2632 344 2659 Conf.
361 2641 390 2667 p.
408 2633 452 2659 66.

190 2668 245 2703 (24)
261 2668 390 2703 Οοηῑηρ.
410 2668 444 2694 60
460 2670 533 2695 extr.

202 2706 246 2738 25)
262 2704 317 2738 AC,
336 2702 452 2731 ε’ίκοντα.
466 2704 546 2731 Fors.
565 2705 595 2731 et
609 2702 689 2731 εἶκον.

201 2739 246 2773 26)
262 2739 303 2767 Cf.
320 2739 397 2767 Psal.
410 2747 488 2773 xxxi,
505 2741 530 2767 9.

190 2703 199 2810 Ξ

202 2777 247 2812 27)
263 2776 381 2817 De‘hoc
394 2775 548 2817 proverbio
564 2775 674 2817 yidepl
689 2777 716 2810 9,
732 2784 768 2817 η..
779 2777 823 2804 28.
840 2776 968 2817 Joannes
984 2776 1120 2817 Antioch.
1136 2776 1168 2817 in
1183 2780 1303 2808 Monum.
1320 2779 1412 2809 Cotel.
1428 2781 1450 2808 t.
1465 2779 1488 2816 Ι,
1503 2788 1568 2817 pag.
1587 2780 1658 2809 160:
1674 2779 1765 2808 Πάντα
1779 2778 1857 2812 λίθον

156 2810 274 2847 ἐκίνησε,
289 2810 320 2839 τὸ
335 2813 383 2840 τοῦ
394 2810 485 2849 λόγου
499 2812 549 2847 τὴν
566 2810 721 2850 έξαφθέῖσαν
737 2811 827 2840 πίστιν
843 2811 1005 2840 κατασοέσαι
1017 2812 1193 2851 φιλονεικῶντ

318 2864 323 2871 ι

286 2878 289 2885 υ
318 2880 322 2886 .
