3994 6150
291 307 428 365 1107

1820 312 2187 367 ΔΟΒΕΝΒΔ.

3546 314 3686 372 1108

285 436 451 493 asina
470 432 1164 508 Balaam,aperuisset,ea
1183 451 1314 508 qum
1335 435 1531 492 dicere
1554 435 1799 492 minime
1828 435 1919 491 in-

2041 434 2194 505 ληκε’
2244 434 2333 490 καὶ
2384 457 2516 514 φησι
2559 438 2695 513 πρὸς
2747 437 2837 494 τόν
2897 436 3143 514 βασιλέα’
3192 438 3362 517 Ἐγὼ,
3426 440 3686 516 βασιλεῦ,

290 526 565 581 stituerat
586 523 930 597 prolocutus
957 524 1270 597 est,aitque
1292 524 1365 581 ad
1388 542 1585 599 regem
1612 528 1779 599 :Ego,
1803 542 1927 595 rex,

288 614 391 668 Dei
410 614 781 685 providentia
797 614 859 670 in
880 615 1168 670 mundum
1182 616 1347 683 veni;
1372 621 1805 688 conspectaque
1820 631 1927 670 c03-

286 701 364 773 lo,
400 709 577 772 terra,
610 705 781 771 mari,
817 704 961 773 sole,
995 722 1061 759 ac
1090 705 1253 771 luna,
1279 705 1645 776 reliquisque
1666 705 1926 776 ejusmo-

288 792 345 846 di
376 793 575 863 rebus,
601 811 803 849 earum
824 799 1096 849 ornatum
1120 795 1447 850 admiratus
1470 812 1620 849 sum.
1647 794 1928 848 Mundum

284 886 503 951 autem,
538 898 722 955 eaque
757 883 958 939 omnia
990 901 1120 955 quae
1160 884 1345 955 ipsius
1395 884 1704 956 complexu
1736 883 1927 937 contis

282 976 520 1039 nentur,
546 973 884 1028 necessario
906 974 1125 1028 moveri
1150 974 1545 1045 conspiciens,
1582 990 1717 1027 eum
1749 990 1782 1027 a
1814 988 1927 1042 quo

282 1066 549 1117 movetur
571 1066 628 1117 et
648 1067 1033 1118 conservatur
1054 1064 1240 1118 Deum
1257 1080 1385 1119 esse
1402 1062 1929 1118 intellexi.Etenim

285 1150 575 1223 quidquid
592 1156 786 1207 movet
803 1168 869 1208 eo
887 1152 1044 1224 quod
1061 1158 1330 1207 movetur
1344 1152 1555 1207 fortius
1578 1156 1752 1218 est;et
1772 1149 1929 1222 quod

287 1240 554 1296 continet
573 1247 751 1313 atque
774 1248 1080 1298 conservat
1100 1241 1310 1297 fortius
1334 1247 1422 1297 est
1453 1259 1519 1297 eo
1554 1241 1710 1313 quod
1741 1240 1929 1295 conti-

289 1334 467 1384 netur
507 1335 565 1385 et
602 1336 1004 1389 conservatur.
1036 1331 1322 1398 Quocirca
1348 1332 1542 1403 ipsum
1582 1331 1766 1386 Deum
1801 1346 1928 1384 esse

288 1418 418 1475 dico
443 1422 543 1493 qui
568 1422 768 1478 omnia
798 1423 1128 1495 procreavit
1144 1428 1319 1495 atque
1351 1426 1677 1489 conservat,
1710 1421 1929 1492 quique

286 1510 595 1582 principiis
620 1529 828 1585 expers
851 1518 959 1581 est,
981 1518 1039 1567 et
1059 1513 1457 1584 sempiternus
1477 1517 1534 1567 et
1554 1510 1928 1577 immortalis,

287 1604 345 1653 et
364 1599 531 1657 nulla
552 1619 614 1657 re
638 1602 933 1675 indigens,
958 1601 1352 1673 omnibusque
1384 1600 1932 1674 perturbationibus

284 1704 351 1743 ac
390 1689 716 1747 defectibus
769 1692 1101 1759 sublimior,
1152 1692 1263 1747 hoc
1315 1697 1403 1747 est
1450 1692 1537 1746 ira
1580 1694 1670 1745 est
1721 1689 1928 1743 oblivi-

2036 527 2266 599 προνοίᾳ
2311 531 2445 581 Θεοῦ
2494 526 2666 595 ἦλθον
2726 527 2800 591 είς
2846 528 2940 583 τὸν
2987 528 3215 604 κόσμονο
3265 531 3357 585 καὶ
3400 532 3684 606 θεωρήσας

2034 615 2126 669 τὸν
2157 614 2382 691 οὐρανὸν
2429 617 2520 671 καὶ
2565 624 2667 694 γῆν
2715 617 2804 673 καὶ
2853 618 3144 691 Θάλασσαν,
3201 618 3363 688 ἥλιόν
3391 620 3561 675 τεκαὶ
3594 641 3684 677 σε·-

2038 701 2214 775 λήνην
2244 705 2332 759 καὶ
2362 704 2428 759 τὰ
2455 704 2645 777 λοιπὰ,
2676 705 2951 780 ἐθαύμασα
3002 710 3100 779 τὴν
3155 706 3520 780 διακόσμησιν
3548 710 3684 764 τοῦ-

2034 812 2164 849 των.
2199 791 2350 850 Ἰδὼν
2384 791 2441 848 δί
2487 795 2577 849 τὸν
2610 796 2815 869 κόσμον
2846 794 2935 851 καί
2962 798 3029 852 τὰ
3082 796 3135 851 ἐν
3193 798 3342 868 αὐτῷ
3370 799 3563 867 πάντα,
3597 798 3685 852 ὅτι

2034 883 2172 937 κατά
2228 882 2463 959 ἀνάγκην
2540 891 2787 955 κινεῖται,
2869 893 3070 957 συνῆκα
3138 886 3232 942 τὸν
3286 892 3540 943 κινοῦντα
3592 887 3685 943 καὶ

2038 969 2426 1045 διακρατοῦντα
2483 974 2613 1028 εἶναι
2673 974 2822 1029 Θεόν·
2882 979 2984 1029 πᾶν
3043 974 3147 1051 γὰρ
3197 976 3260 1030 τὸ
3306 981 3490 1031 κινοῦν
3524 976 3682 1053 ἰσχυ-

2038 1061 2257 1136 ρότερον
2286 1060 2384 1116 τοῦ
2413 1064 2759 1136 κινουμένου,
2816 1063 2908 1118 καὶ
2963 1064 3026 1119 τὸ
3076 1062 3395 1138 διακρατοῦν
3452 1066 3686 1141 ἰσχυρό-

2035 1170 2189 1223 τερον
2246 1154 2343 1205 τοῦ
2401 1149 2863 1229 διακρατουμένου
2933 1151 3099 1211 ἐστίν.
3160 1152 3334 1209 Αὐτὸν
3391 1152 3483 1209 οῦν
3539 1153 3683 1231 λέγω

2039 1239 2170 1295 εἶναι
2203 1241 2331 1295 Θεὸν
2378 1241 2469 1296 τὸν
2530 1244 2934 1317 συστησάμενον
2989 1244 3058 1298 τὰ
3103 1245 3276 1299 πᾶντα
3320 1243 3411 1301 καὶ
3459 1242 3685 1322 διακρα-

2037 1332 2252 1399 τοῦντα,
2312 1327 2548 1405 ἄναρχον
2608 1330 2699 1386 καὶ
2757 1328 2957 1401 ἀίδιον,
3014 1332 3276 1387 ἀθάνατον
3332 1333 3421 1389 καὶ
3479 1334 3687 1408 ἀπροσ-

2039 1417 2132 1490 δεῆ
2168 1423 2302 1495 (54),
2335 1421 2601 1498 ἀνώτερον
2657 1422 2872 1478 πάντων
2927 1428 3035 1479 τῶν
3095 1428 3283 1489 παθῶν
3316 1425 3407 1480 καὶ
3441 1423 3686 1481 ἐλαττω-

2041 1506 2247 1581 μάτων,
2281 1509 2452 1585 ὀργῆς
2483 1530 2539 1564 τε
2568 1510 2655 1565 καὶ
2692 1509 2871 1582 λήθης
2901 1512 2991 1566 καὶ
3044 1512 3269 1587 ἀγνοίας
3299 1514 3387 1568 καὶ
3419 1518 3528 1569 τῶν
3561 1512 3687 1568 λοι-

2040 1600 2180 1653 πῶν.
2214 1598 2293 1652 Δι’
2323 1597 2486 1653 αὐτοῦ
2548 1595 2605 1653 δὶ
2657 1600 2725 1653 τὰ
2778 1601 2953 1655 πάντα
3010 1600 3350 1672 συνέστηκεν.
3386 1602 3463 1659 Οὐ
3490 1602 3688 1678 χρῄζει

2040 1684 2221 1748 θυσίας
2274 1685 2363 1741 καὶ
2422 1684 2689 1760 σπονδῆς,
2748 1685 2872 1743 οὐδὲ
2925 1689 3141 1746 πάντων
3182 1695 3291 1746 τῶν
3324 1690 3688 1770 φαινομένων·

286 1778 447 1834 tione
482 1784 657 1853 atque
679 1781 1033 1854 ignorantia,
1058 1780 1424 1853 reliquisque
1448 1780 1723 1835 omnibus
1754 1778 1929 1833 rebus

2044 1777 2235 1837 πάντες
2263 1773 2319 1830 δὲ
2347 1775 2510 1831 αὐτοῦ
2541 1778 2835 1851 χρῄζουσι.

285 1870 518 1941 generis
551 1871 838 1943 ejusdem.
874 1874 985 1926 Per
1015 1870 1212 1942 ipsum
1242 1874 1442 1925 autem
1482 1869 1684 1924 omnia
1722 1872 2127 1939 coagmentata
2160 1872 2219 1921 et
2261 1873 2537 1923 concreta
2559 1874 2697 1924 sunt
2727 1870 2889 1939 (Psal.
2923 1874 3036 1939 xv).
3071 1873 3185 1928 Nec
3215 1888 3351 1928 vero
3384 1870 3692 1928 sacriﬁciis

292 1965 394 2016 aut
423 1959 831 2031 libaminibus,
862 1966 964 2017 aut
992 1960 1117 2015 ulla
1144 1959 1261 2015 alia
1290 1977 1352 2015 re
1386 1959 1447 2014 in
1477 1962 1783 2032 aspectum
1832 1955 2078 2012 cadente
2118 1972 2267 2029 opus
2316 1957 2495 2013 habet
2539 1959 2678 2030 (Act.
2710 1962 2871 2029 xvn),
2902 1976 3105 2016 verum
3145 1966 3351 2018 contra
3384 1978 3588 2018 omnes
3619 1978 3688 2017 eo

294 2066 443 2121 Opus
473 2049 715 2106 habent.

366 2141 497 2194 CAP.
553 2138 772 2197 XXVII.
814 2171 883 2182 —
921 2140 1021 2196 His
1054 2141 1138 2195 ita
1172 2140 1241 2196 de
1276 2141 1393 2195 Deo
1437 2136 1939 2206 commemoratis,

295 2228 799 2300 quemadmodum
829 2227 1017 2301 ipsius
1046 2229 1336 2284 beneﬁcio
1366 2228 1513 2283 mihi
1536 2227 1608 2283 de
1631 2228 1757 2299 ipso
1776 2224 1941 2298 loqui

294 2334 642 2373 concessum
675 2324 784 2387 est,
840 2319 913 2373 ad
944 2320 1273 2375 humanum
1305 2335 1489 2391 genus
1520 2318 1843 2383 veniamus,
1877 2318 1941 2371 ut

293 2406 537 2478 quinam
562 2407 823 2479 ipsorum
838 2408 1370 2480 veritatis,quinam
1387 2407 1602 2463 erroris
1623 2406 1939 2478 participes

297 2496 416 2551 sint
439 2497 896 2568 conspiciamus.
922 2496 1073 2551 Illud
1097 2497 1279 2565 enim,
1305 2514 1336 2552 ο
1356 2514 1480 2563 rex,
1504 2496 1661 2550 inter
1678 2512 1787 2549 nos
1806 2512 1941 2549 con-

297 2589 430 2655 stat,
459 2585 568 2639 tria
588 2586 651 2639 in
675 2585 895 2640 mundo
922 2585 1233 2641 hominum
1257 2602 1473 2658 genera
1496 2583 1937 2651 esse,uimirum

298 2689 395 2728 eos
423 2673 524 2743 qui
555 2673 711 2745 apud
742 2691 841 2729 vos
873 2674 1118 2729 deorum
1146 2674 1401 2729 cultores
1432 2674 1729 2740 dicuntur,
1757 2677 1814 2726 et
1840 2672 1936 2726 Ju—

298 2762 476 2831 daeos,
502 2769 559 2818 et
580 2764 965 2820 Christianos.
984 2767 1065 2819 Ac
1093 2781 1327 2818 rursum
1362 2780 1566 2818 eorum
1590 2762 1688 2833 qui
1718 2760 1937 2816 multos

294 2850 436 2905 deos
460 2851 664 2906 colunt
686 2853 897 2924 triplex
926 2871 1113 2926 genus
1146 2870 1295 2921 esse,
1346 2869 1559 2923 nempe
1608 2850 1935 2919 Chaldaeos,

298 2941 529 2996 Graecos
552 2948 609 2996 et
628 2943 1094 3014 zEgyptios.Nam
1108 2942 1430 3013 hireliquis
1452 2940 1792 2995 nationibus
1807 2939 1935 3010 plu-

290 3030 445 3086 rium
461 3030 705 3086 deorum
723 3032 916 3087 cultus
936 3032 1366 3087 etadorationis
1388 3031 1568 3085 duces
1586 3047 1652 3084 ac
1669 3027 1935 3100 magistri

291 3119 551 3176 fuerunt.
572 3120 856 3186 Quocirca
884 3122 1128 3191 quinam
1151 3121 1415 3192 ipsorum
1440 3121 1499 3174 in
1526 3118 1937 3189 veritate,qui-

2122 2138 2279 2191 ΚΕΦ.
2313 2134 2427 2192 KZ'.
2482 2132 2697 2191 Τούτων
2758 2135 2929 2201 οὕτως
2989 2136 3294 2213 εἰρημένων
3350 2138 3474 2213 περὶ
3532 2142 3691 2211 Θεοῦ,

2048 2225 2227 2288 καθὼς
2255 2222 2353 2297 ἐμὲ
2394 2222 2643 2301 ἐχώρησε
2697 2227 2819 2302 περῖ
2871 2227 3033 2283 αὐτοῦ
3083 2226 3285 2303 λέγειν,
3320 2224 3567 2302 ἔλθωμεν
3598 2229 3690 2283 καὶ

2050 2312 2137 2368 ἐπὶ
2168 2319 2228 2369 τὸ
2261 2313 2594 2390 ἂνθρώπινον
2654 2312 2831 2392 γένος,
2890 2317 3039 2381 ὅπως
3092 2314 3302 2391 ’ίδωμεν
3341 2317 3483 2378 τίνες
3514 2317 3689 2373 αὐτῶν

2052 2405 2342 2479 μετέχουσι
2391 2408 2544 2463 240
2590 2413 2690 2476 τῆς
2738 2406 2994 2478 ἀληθείας
3036 2406 3125 2461 καὶ
3155 2408 3294 2469 τίνες
3325 2413 3424 2477 τῆς
3456 2406 3688 2479 πλάνης.

2049 2493 2283 2570 Φανερὸν
2330 2492 2430 2570 γὰρ
2490 2493 2630 2549 ἐστιν
2689 2496 2850 2569 ἡμῖν,
2910 2497 2954 2550 ὦ
3020 2494 3265 2572 βασιλεῦ,
3297 2495 3379 2550 ὅτι
3409 2496 3533 2569 τρία
3562 2496 3683 2571 γένη

2048 2581 2182 2637 εἰσὶν
2215 2583 2510 2658 ἀνθρώπων
2562 2583 2615 2639 ἐν
2656 2581 2800 2656 τῷδε
2846 2585 2923 2657 τῷ
2966 2584 3176 2658 κόσμῳ·
3228 2586 3300 2639 ὧν
3335 2583 3467 2640 εἰσιν
3501 2586 3553 2639 οἱ
3580 2590 3687 2640 τῶν

2046 2672 2174 2745 παρ’
2210 2672 2359 2744 ὑμῶν
2418 2671 2723 2748 λεγομένῶν
2780 2678 2914 2737 θεῶν
2971 2675 3365 2747 προσκυνηταὶ,
3417 2672 3506 2729 καὶ
3546 2677 3686 2731 Ἰου-

2048 2757 2213 2831 δαῖοι,
2261 2759 2351 2814 καὶ
2408 2763 2753 2837 Χριστιανοί’
2814 2761 2968 2817 αὐτοὶ
3001 2761 3057 2818 δὲ
3086 2759 3276 2832 πάλιν,
3306 2763 3360 2816 οἱ
3392 2760 3520 2824 τοὺς
3547 2760 3689 2817 πολ-

2048 2847 2180 2912 λοὺς
2238 2845 2523 2923 σεϐόμενοι
2584 2850 2756 2919 θεοὺς,
2817 2850 2892 2913 είς
2948 2851 3071 2926 τρία
3140 2849 3471 2925 διαιροῦνται
3530 2851 3684 2926 γένη,

2044 2936 2349 3000 Χαλδαίους
2404 2959 2462 2993 τε
2517 2940 2605 2994 καὶ
2660 2936 2940 3011 Ἕλληνας
2995 2940 3083 2994 καὶ
3142 2939 3491 3016 Αἰγυπτίους·
3534 2941 3683 2995 οὗτοι

2043 3026 2140 3100 γὰρ
2172 3026 2449 3103 γεγόνασιν
2500 3027 2740 3103 ἀρχηγοὶ
2789 3028 2875 3083 καὶ
2938 3025 3254 3083 διδάσκαλοι
3303 3032 3419 3090 τοῖς
3468 3028 3687 3091 λοιποῖς

2044 3113 2213 3170 ἔθνεσι
2289 3123 2386 3186 τῆς
2451 3120 2557 3171 τῶν
2630 3114 3009 3191 πολυωνύμων
3082 3122 3216 3181 θεῶν
3294 3115 3543 3193 λατρείας
3593 3119 3684 3173 καὶ

292 3226 429 3266 nam
453 3211 515 3265 in
540 3227 737 3265 errore
759 3210 1506 3278 versentur,videamus.Ac
1528 3207 1783 3262 Chaldaei
1808 3206 1931 3278 qui-

2045 3206 2479 3280 προσκυνήσεως.
2534 3202 2765 3278 Ἱδωμεν
2808 3205 2897 3261 οὖν
2946 3206 3085 3268 τίνες
3133 3205 3340 3261 τούτων
3395 3208 3685 3282 μετέχουσι

296 3301 431 3355 dem
452 3301 634 3357 Deum
652 3301 1011 3374 ignorantes,
1033 3306 1167 3373 post
1186 3299 1481 3355 elementa
1493 3299 1933 3367 aberraverunt,

292 3406 507 3460 resque
525 3389 1089 3445 conditasCreatoris
1112 3389 1240 3444 loco
1256 3388 1449 3443 colere
1467 3392 1937 3458 cmperunt:qua-

290 3495 425 3533 rum
444 3478 620 3533 etiam
635 3495 767 3533 cum
781 3472 994 3534 formas
1007 3478 1291 3549 quasdam
1307 3477 1767 3540 etfecissent,cas
1782 3474 1934 3540 coeli,

300 3573 568 3635 etterraa,
597 3572 656 3623 et
676 3568 878 3636 maris,
904 3574 961 3623 et
984 3568 1144 3637 solis,
1171 3584 1236 3623 ac
1260 3565 1933 3636 lunm,re1iquorumque

297 3657 734 3714 elementorum
750 3656 1081 3713 etsiderum
1104 3657 1352 3729 ﬁguram
1376 3654 1772 3726 appellarunt,
1798 3669 1933 3707 eas-

294 3764 407 3819 que
423 3765 518 3804 res
532 3748 594 3803 in
608 3747 847 3819 templis
861 3746 1171 3803 conclusas
1186 3746 1452 3814 adorant,
1478 3761 1545 3798 ac
1568 3744 1709 3798 deos
1733 3759 1843 3813 app
1854 3741 1934 3796 el-

294 3836 442 3893 lant.
469 3839 624 3904 Quos
639 3838 814 3892 etiam
838 3835 1152 3909 diligenter
1173 3852 1239 3889 ac
1263 3834 1524 3889 studiose
1548 3837 1781 3888 servant
1804 3848 1877 3886 ne
1900 3848 1935 3886 a

288 3927 522 3983 furibus
536 3927 1081 3998 subripiantur.Nec
1095 3925 1244 3980 illud
1256 3925 1399 3996 ipsis
1413 3924 1473 3979 in
1488 3928 1740 3979 mentem
1752 3923 1930 3990 venit,

291 4016 581 4088 quidquid
596 4021 868 4071 servateo
893 4015 1052 4087 quod
1070 4018 1333 4069 servatur
1352 4014 1545 4086 majus
1560 4019 1775 4080 esse,et
1790 4013 1931 4066 item

293 4122 427 4161 eum
450 4106 549 4176 qui
570 4106 799 4177 aliquid
824 4104 1005 4159 efficit
1022 4120 1087 4158 eo
1112 4103 1269 4175 quod
1293 4103 1547 4158 efﬁcitur
1562 4101 1930 4174 praestantio-

289 4211 417 4251 rem
446 4211 594 4251 esse.
619 4197 764 4251 Nam
788 4195 836 4249 si
858 4195 1124 4267 ipsorum
1142 4192 1221 4248 dii
1244 4210 1312 4248 ea
1341 4191 1747 4247 imbecillitate
1772 4195 1929 4261 sunt,

289 4290 357 4339 ut
378 4284 555 4339 saluti
577 4300 695 4339 suae
719 4284 1029 4340 consulere
1062 4287 1385 4354 nequeant,
1418 4299 1677 4353 quonam
1694 4280 1931 4336 tandem

293 4379 464 4446 pacto
508 4374 642 4429 aliis
673 4374 925 4428 salutem
953 4375 1201 4428 afferent
1219 4374 1245 4428 ‘?
1266 4375 1468 4442 Itaque
1498 4388 1710 4442 magno
1736 4385 1931 4424 errore

294 4463 553 4518 Chaldaei
574 4464 723 4535 lapsi
749 4468 907 4530 sunt,
956 4468 1221 4517 mortuas
1270 4467 1328 4517 et
1356 4461 1631 4516 utilitatis
1662 4464 1931 4530 expertes

2038 3301 2139 3364 τῆς
2170 3293 2429 3365 ἀληθείας
2461 3293 2549 3349 καὶ
2591 3294 2731 3357 τίνες
2772 3302 2874 3365 τῆς
2918 3294 3150 3365 πλάνης.
3180 3296 3248 3352 Οἱ
3280 3295 3373 3368 μὶν
3405 3295 3505 3371 γὰρ
3536 3296 3683 3352 Χαλ-

2041 3384 2207 3457 δαῖοι,
2253 3387 2304 3439 οἱ
2363 3396 2438 3460 μη
2499 3382 2701 3450 εἰδότες
2755 3388 2906 3459 Θεὸν,
2963 3384 3340 3458 ἐπλανήθησαν
3370 3387 3543 3441 ὀπίσω
3573 3392 3680 3442 τῶν

2040 3475 2293 3549 στιχείων
2369 3475 2459 3529 καὶ
2542 3476 2772 3549 ἤρξαντο
2858 3470 3100 3530 σέϐεσθαι
3154 3476 3255 3544 τήν
3313 3475 3486 3531 κτίσιν
3532 3476 3679 3551 παρά

2036 3564 2128 3618 τὸν
2184 3563 2445 3620 Κτίσαντα
2502 3564 2700 3628 αὐτούς
2755 3567 2884 3638 (5ὕ)·
2945 3565 3017 3618 ὧν
3066 3566 3156 3619 καὶ
3192 3565 3537 3640 μορφώματά
3564 3586 3682 3620 τινα

2037 3655 2365 3724 ποιήσαντες
2423 3652 2707 3727 ὠνόμασαν
2768 3652 3132 3726 ἐκτυπώματα
3167 3656 3264 3707 τοῦ
3314 3650 3541 3728 οὐρανοῦ
3588 3652 3677 3707 καὶ

2036 3749 2134 3812 τῆς
2162 3748 2265 3819 γῆς
2314 3740 2403 3797 καὶ
2458 3744 2556 3811 τῆς
2614 3739 2909 3812 θαλάσσης,
2965 3742 3130 3812 ἡλίου
3170 3746 3233 3797 ’τε
3278 3742 3367 3797 καὶ
3416 3740 3676 3813 σελήνης,

2036 3833 2123 3887 καὶ
2181 3836 2287 3887 τῶν
2344 3830 2554 3886 λοιπῶν
2614 3830 2901 3905 στοιχείων
2949 3830 2984 3900 ἢ
3045 3832 3367 3908 φωστήρων,
3408 3830 3520 3903 καὶ,
3553 3852 3679 3903 συγ-

2036 3919 2343 3983 κλείσαντες
2392 3924 2565 3988 ναοῖς,
2616 3922 2975 3993 προσκυνοῦσι
3028 3918 3186 3981 θεοὺς
3234 3916 3545 3992 καλοῦντες,
3592 3917 3680 3983 οῦς

2036 4011 2126 4065 καὶ
2180 4014 2436 4084 τηροῦσιν
2492 4007 2752 4088 ἀσφαλῶς
2805 4008 2893 4063 ἳνα
2948 4010 3024 4082 μή
3083 4004 3365 4064 κλαπῶσιν
3422 4009 3526 4064 ὑπὸ
3575 4006 3683 4082 λῃ·-

2037 4104 2174 4156 στῶν
2406 4099 2507 4154 Καὶ
2551 4098 2615 4154 οὐ
2666 4100 2896 4167 συνῆκαν
2940 4096 3021 4153 ὅτι
3070 4104 3171 4153 πᾶν
3215 4097 3276 4153 τὸ
3323 4096 3525 4173 τηροῦν
3563 4103 3679 4172 μεῖ-

2040 4196 2125 4261 ζον
2181 4194 2275 4245 τοῦ
2321 4189 2659 4264 τηρουμένου
2706 4187 2839 4261 ἐστὶ,
2883 4186 2975 4243 καί
3017 4189 3044 4244 ὁ
3089 4191 3261 4244 ποιῶν
3317 4187 3517 4263 μείζων
3568 4187 3678 4243 ἐστῖ

2033 4284 2130 4336 τοῦ
2173 4279 2525 4352 ποιουμένου·
2577 4277 2621 4333 εἷ
2669 4279 2770 4353 γὰρ
2821 4274 3167 4333 ἀδυνατοῦσιν
3221 4277 3272 4331 οἱ
3340 4276 3452 4332 θεοὶ
3504 4276 3676 4333 αὐτῶν

2034 4369 2288 4444 περὶτῆς
2337 4366 2479 4429 ἰδίας
2531 4367 2823 4441 σωτηρίας,
2873 4368 2991 4428 πῶς
3040 4365 3234 4427 ἄλλοις
3267 4365 3537 4440 σωτηρίαν
3576 4385 3679 4441 χα-

2036 4461 2316 4533 ρίσονται;
2351 4454 2569 4527 Πλάνην
2621 4457 2711 4510 οὖν
2763 4453 3003 4531 μεγάλην
3038 4452 3419 4525 ἐπλανήθησαν
3452 4454 3503 4508 οἱ
3530 4454 3679 4511 Χαλ-

294 4557 516 4608 statuas
537 4558 905 4608 venerantes.
930 4555 1119 4623 Atque
1153 4552 1330 4606 etiam
1354 4550 1497 4603 mihi
1521 4548 1724 4602 mirari
1749 4548 1927 4613 subit,

2041 4545 2204 4614 δαὶοι,
2270 4541 2557 4619 σεϐόμενοι
2640 4543 2929 4619 ἀγάλματα
3010 4544 3173 4619 νεκρὰ
3233 4544 3326 4598 καὶ
3397 4542 3673 4621 ἀνωφελῆ.

293 4661 326 4698 o
349 4662 472 4715 rex,
497 4661 754 4715 quonam
767 4643 1003 4698 modoii
1026 4642 1126 4712 qui
1149 4640 1305 4713 apud
1327 4656 1425 4693 eos
1439 4637 1928 4709 philosophorum

289 4749 510 4789 nomen
532 4734 821 4801 obtinent,
846 4730 994 4785 illud
1016 4729 1474 4798 haudquaquam
1497 4724 1929 4779 animadverte-

294 4823 741 4893 rint,elementa
753 4836 989 4892 quoque
1003 4818 1267 4874 interitui
1282 4816 1533 4870 obnoxia
1546 4831 1694 4868 esse.
1717 4813 1866 4877 Quid
1879 4813 1927 4867 si

292 4911 587 4967 elementa
609 4908 1130 4966 interituiomnino
1144 4905 1477 4961 obnoxiaac
1492 4903 1757 4975 subjecta
1769 4908 1927 4970 sunt,

297 5000 398 5069 qui
428 5000 668 5055 tandem
699 5000 780 5052 dii
814 5013 942 5053 esse
973 4995 1240 5066 queant?
1260 4993 1424 5058 Quod
1455 4993 1503 5048 si
1536 4992 1829 5047 elementa
1849 4992 1929 5047 dii

296 5102 420 5141 non
454 5088 591 5154 sint,
621 5104 882 5157 quonam
911 5086 1086 5141 modo
1137 5088 1364 5153 statuae,
1415 5099 1546 5153 qum
1582 5098 1784 5137 eorum
1834 5099 1931 5135 no.

298 5176 457 5231 mine
488 5180 931 5243 construuntur,
964 5174 1046 5229 dii
1080 5171 1290 5228 erunt?

2039 4643 2078 4691 Κ
2121 4638 2135 4655 ς
2187 4638 2213 4689 Θ
2350 4638 2359 4653 ν
2760 4636 2779 4665 ι
2954 4638 2955 4641 η
3058 4635 3080 4654 ν
3347 4638 3374 4650 -
3500 4638 3525 4650 -

2085 4658 2137 4690 αι
2221 4641 2474 4709 αυμαζειν
2529 4656 2622 4707 μοι
2689 4634 2997 4710 ἐπέρχεται,
3048 4655 3093 4688 ω
3154 4634 3400 4711 βασιλευ,
3450 4655 3568 4697 πως
3625 4634 3675 4688 οἱ

2036 4722 2328 4800 λεγόμενοι
2356 4723 2647 4803 φιλόσοφοι
2698 4723 2870 4779 αὐτῶν
2914 4722 3163 4787 οὖδὸλως
3206 4731 3437 4794 συνῆκαν
3471 4723 3554 4779 ὅτι
3585 4722 3672 4778 καὶ

2035 4814 2169 4870 αὐτὰ
2216 4814 2283 4870 τὰ
2339 4819 2588 4889 στοιχεῖα
2645 4814 2853 4891 φθαρτά
2910 4814 3073 4873 ἐστιν.
3120 4813 3182 4871 Εἰ
3233 4811 3291 4869 δὲ
3329 4816 3397 4870 τὰ
3427 4818 3673 4888 στοιχεῖα

2037 4903 2245 4983 φθαρτά
2276 4902 2387 4958 ἔστι
2440 4904 2530 4959 καὶ
2601 4903 3011 4975 ὑποτασσόμενοι
3065 4903 3203 4957 κατὰ
3254 4902 3517 4978 ἀνάγκην,
3560 4906 3674 4962 πῶς

2038 4993 2136 5048 εἶσι
2192 4991 2341 5063 θεοί;
2394 4996 2541 5050 241
2600 4992 2646 5045 τί
2702 4988 2758 5045 δὲ
2811 4990 2877 5045 τὰ
2950 4996 3195 5067 στοιχεῖα
3248 4991 3350 5046 οὐκ
3403 4990 3505 5045 εἶσὶ
3563 4989 3673 5045 θεοὶ

2039 5084 2157 5142 πῶς
2208 5080 2275 5135 τὰ
2306 5079 2619 5155 ἀγάλματα,
2671 5076 2703 5131 ’ὰ
2750 5074 2962 5155 γέγονεν
3015 5076 3092 5141 εἴς
3133 5079 3300 5154 τιμὴν
3333 5076 3535 5149 αὐτῶν,
3567 5074 3674 5141 θεοὶ

2045 5169 2379 5244 ὑπάρχουσιν
2407 5189 2421 5240 ;

296 5406 325 5432 Α-
370 5356 480 5432 ςῦἇτ)
501 5357 1044 5432 λοιλρηχγιιηᾎζ),
1078 5354 1156 5432 de
1182 5355 1337 5432 D_eo_:
1370 5348 1513 5432 .066?
1542 5346 1931 5432 προσδεέμενρς

2041 5368 2135 5432 ρος.
2194 5347 2543 5432 Plutarchus
2591 5345 2769 5402 Arist.
2804 5349 2861 5399 et
2886 5346 3005 5426 cat.
3040 5345 3308 5432 Compar.
3342 5345 3412 5401 4:
3445 5345 3676 5432 tityon:

299 5417 425 5495 δεῆς
462 5417 556 5499 μὶν
581 5417 737 5499 vi???»
768 5417 1081 5499 ϐεὸςίνίᾲθ
1114 5424 1338 5499 Νοᾴοιὶ.
1366 5424 1428 5478 in
1457 5417 1700 5479 classico
1732 5417 1925 5477 Diario

2054 5424 2122 5493 X,
2167 5439 2225 5493 p.
2278 5422 2401 5487 162,
2447 5426 2506 5474 et
2547 5435 2677 5489 qua)
2709 5418 2956 5489 apposui
2987 5433 3167 5488 supra
3197 5424 3237 5473 t.
3276 5419 3319 5487 Ι,
3352 5436 3409 5490 p.
3446 5417 3565 5487 127,
3608 5417 3676 5473 ad

302 5492 681 5567 sententia-In,
710 5498 767 5550 '0
798 5497 927 5559 Θεὸς
955 5492 1171 5558 οὐδενὸς
1204 5492 1393 5554 δεῖται.

374 5572 481 5641 (55)
513 5570 597 5625 Cf.
629 5587 688 5641 p.
720 5572 810 5639 48,
850 5584 910 5626 n.
944 5571 996 5627 5.

374 5572 460 5641 (55
513 5572 597 5625 Cf.
629 5587 688 5641 p.
720 5572 787 5625 48

369 5572 481 5715 (56;
510 5641 593 5698 Cf.
616 5658 674 5714 p.
699 5644 788 5701 81.
