3994 6150
370 272 514 337 1109
1538 272 1709 327 Vl’l‘A
1748 268 2099 328 ΒΑΒιΔΔι
2130 270 2226 327 ΒΤ
2259 266 2599 323 ΙΟΔΒΑΡΗ.
3628 266 3769 345 1110

440 396 731 471 Ἕλθωμεν
769 398 884 467 οῦν,
913 393 960 452 ὦ
992 394 1238 475 βασιλεῦ,
1293 394 1381 452 ἐπὶ
1435 394 1571 453 αύτὰ
1618 392 1687 451 τὰ
1736 396 2008 468 στοιχεῖα,

2190 391 2278 449 Ad
2303 391 2432 464 ipsa
2454 391 2632 464 igitur
2651 390 2970 459 elementa,
2992 406 3024 451 0
3048 406 3171 461 rex,
3194 390 3567 463 accedamus,
3590 398 3657 450 ut
3694 411 3764 452 ea

365 484 517 549 ὅπως
570 483 941 561 ἀποδείξωμεν
998 486 1124 561 περὶ
1181 484 1356 541 αὐτῶν
1416 485 1497 539 ὅτι
1558 482 1657 538 οὐκ
1714 480 1816 537 εἶσὶ
1873 482 1942 535 θει

2185 498 2262 536 eos
2275 498 2393 537 non
2408 498 2534 537 esse
2547 477 3156 546 demonstremus,sed
3178 480 3543 553 corruptioni
3558 497 3623 536 ac
3636 498 3762 537 mu-

364 574 512 630 ἀλλὰ
542 574 749 653 φθαρτᾶ
775 576 866 631 καὶ
896 574 1289 649 ἀλλοιούμενα,
1343 571 1403 628 ἐκ
1440 576 1538 629 τοῦ
1572 573 1648 645 μὴ
1683 565 1839 632 ὄντος
1870 590 1941 624 πα

2178 570 2328 625 .tioni
2354 570 2635 642 subjecta,
2661 575 2836 641 atque
2868 586 2936 625 ex
2962 568 3151 625 nihilo
3182 568 3244 625 in
3276 574 3471 625 ortum
3502 570 3621 625 veri
3656 571 3755 625 Dei

365 664 602 738 αχθὲντα
675 664 1050 741 προστάγματι
1132 667 1229 719 τοῦ
1310 657 1481 723 ὅντως
1538 664 1693 730 Θεοῦ,
1752 657 1810 721 ὅς
1865 658 1942 712 ἐστ

2187 678 2287 716 ssu
2313 660 2599 731 producta
2617 676 2766 727 esse,
2788 659 2889 730 qui
2912 658 3153 729 quidem
3172 659 3569 731 corruptionis
3583 661 3757 715 etim—

364 749 636 829 ἄφθαρτός
666 774 723 808 τε
761 752 850 807 καὶ
906 751 1283 813 ἀναλλοίωτος
1334 749 1425 805 καὶ
1481 750 1730 825 άόρατος’
1762 748 1921 812 αὐτὸς

2180 750 2465 805 utationis
2494 766 2701 820 expers
2723 754 2899 817 est,et
2928 747 3597 820 invisibilis,contraque
3627 749 3752 822 ipse

361 841 537 896 πάντα
586 842 706 916 ὁρᾷ,
752 841 865 910 καὶ,
913 843 1092 905 καθὼς
1143 840 1419 916 βούλεται,
1458 838 1682 896 ἀλλοιοῖ
1709 839 1796 893 καὶ
1835 858 1938 911 μετι

2179 840 2316 894 nnia
2342 840 2550 909 cernit,
2575 844 2632 893 et
2660 838 2947 894 arbitratu
2980 855 3082 893 suo
3110 838 3385 893 immutat
3414 844 3591 911 atque
3621 857 3756 896 con-

364 926 584 988 6άλλει.
615 930 679 986 Τί
710 929 800 985 οῦν
833 929 981 1006 λέγω
1010 931 1135 1006 περὶ
1162 934 1267 985 τῶν
1303 928 1629 1004 στοιχείωνς

2113 930 2308 985 vertit.
2342 929 2493 994 Quid
2521 928 2699 1001 igitur
2730 926 2799 983 de
2828 927 3140 983 elementis
3169 927 3298 983 dico
3322 927 3348 983 ?

432 1019 500 1078 Οἱ
529 1019 846 1094 νομίζοντες
873 1020 965 1076 τὸν
1025 1019 1251 1095 οὐρανὸν
1312 1019 1445 1073 εἶναι
1502 1017 1619 1082 θεὸν
1666 1014 2001 1073 πλανῶνται.

2183 1017 2291 1083 Qui
2329 1018 2543 1073 caalum
2571 1017 2747 1074 deum
2780 1034 2908 1073 esse
2938 1017 3324 1088 arbitrantur,
3357 1023 3574 1075 errant.
3609 1020 3752 1077 Nam

361 1108 605 1184 Ὀρῶμεν
662 1109 764 1184 γὰρ
820 1108 979 1164 αὐτὸν
1046 1106 1378 1183 τρεπόμενον
1432 1106 1520 1165 καὶ
1571 1106 1709 1161 κατὰ
1762 1103 1938 1179 ἀνάγκλ

2179 1122 2309 1162 sum
2332 1107 2686 1174 converti,ac
2707 1106 3043 1162 necessario
3068 1106 3493 1179 moveri,atque
3516 1126 3587 1165 ex
3599 1109 3756 1165 mul-

359 1196 702 1271 κινούμενον,
759 1197 848 1253 καὶ
907 1196 966 1253 ἐκ
1020 1194 1249 1253 πολλῶν
1306 1199 1629 1252 συνεστῶτα·
1679 1192 1878 1250 διὸκαὶ
1908 1215 1936 1249 κ

2175 1214 2186 1251 ς
2204 1195 2381 1253 rebus
2406 1200 2679 1252 constare
2695 1196 2961 1252 videmus
2983 1213 2996 1264 ;
3028 1201 3341 1268 propterea
3362 1197 3522 1253 enim
3542 1198 3752 1270 κόσμος

359 1306 502 1360 σμος
532 1286 805 1347 καλεῖται.
869 1286 1087 1362 Κόσμος
1143 1283 1201 1341 δὶ
1246 1286 1544 1356 κατασκευή
1596 1283 1884 1345 ἐστίτινος
1913 1304 1936 1339 τ

2192 1290 2281 1340 est
2299 1284 2559 1341 mundus
2572 1285 3181 1357 appellatur.Mundus
3204 1302 3379 1357 porro
3394 1286 3640 1343 artificis
3656 1304 3753 1344 cu-

358 1374 573 1450 χνίτου’
628 1373 691 1432 τό
747 1376 1171 1432 κατασκευασθὶν
1232 1371 1289 1430 δὲ
1347 1374 1526 1450 ἀρχὴν
1554 1372 1643 1430 καὶ
1676 1371 1834 1437 τέλος
1858 1370 1935 1445 ἔχε

2177 1373 2343 1430 sdam
2374 1375 2737 1430 constructio
2780 1380 2887 1430 est.
2915 1375 3080 1439 Quod
3110 1380 3309 1430 autem
3341 1381 3748 1433 constructum

358 1470 595 1521 Κινεῖται
630 1461 686 1520 δὲ
735 1466 763 1521 ὁ
821 1465 1048 1539 οὐρανὸς
1102 1462 1239 1519 κατὰ
1294 1462 1534 1538 ἀνάγκην
1564 1461 1655 1517 σὺν
1686 1467 1805 1525 τοῖς
1831 1459 1935 1516 αὐτ1

2168 1462 2584 1534 ὡφεὶηοὶρίιιηι
2607 1480 2673 1518 ac
2693 1464 2871 1519 finem
2896 1463 3095 1519 habet.
3129 1466 3202 1518 At
3231 1464 3444 1520 caelum
3475 1481 3595 1535 una
3610 1481 3745 1521 cum

359 1561 665 1634 φωστῆρσι³
714 1554 784 1609 τὰ
829 1554 929 1631 γὰρ
979 1555 1146 1629 ἄστρα
1187 1553 1334 1623 τάξει
1376 1552 1467 1608 καὶ
1521 1549 1840 1622 διαστήπατι
1901 1571 1935 1627 φ

2170 1551 2401 1608 deribus
2423 1552 2544 1607 suis
2570 1552 2903 1608 necessario
2933 1558 3200 1607 movetur
3224 1570 3236 1622 ;
3264 1553 3557 1625 siquidem
3588 1559 3747 1623 astra

357 1644 562 1717 ρόμενα
594 1644 697 1699 άπὸ
731 1644 984 1716 σημείου,
1042 1643 1118 1705 εἰς
1178 1647 1432 1715 σημεῖον,
1465 1641 1519 1694 οἱ
1572 1642 1666 1713 μὶν
1696 1644 1804 1713 (57)
1837 1638 1933 1695 δύο

2165 1646 2267 1695 :rto
2286 1642 2491 1697 ordine
2514 1658 2581 1697 ac
2594 1642 2783 1713 spatio
2798 1642 3113 1713 impulsa,a
3126 1647 3342 1713 puncto
3356 1644 3417 1698 in
3432 1649 3742 1714 punctum,

354 1753 461 1801 σιν,
517 1732 569 1786 οἱ
627 1730 684 1787 δὲ
739 1729 1119 1803 ἀνατὲλλουσι,
1174 1730 1265 1785 καὶ
1308 1730 1445 1785 κατὰ
1490 1728 1711 1804 καιροὺς
1768 1728 1929 1806 πορεί

2169 1732 2320 1785 trtim
2341 1731 2858 1802 occidunt,partim
2882 1732 3248 1799 exoriuntur,
3273 1733 3568 1804 certisque
3596 1739 3746 1789 tem-

351 1824 636 1876 ποιοῦνται
692 1824 787 1877 τοῦ
842 1818 1127 1877 ἀποτελεῖν
1187 1821 1317 1896 θὲρη
1365 1820 1454 1877 καὶ
1503 1824 1803 1896 χειμῶνας,
1860 1841 1928 1874 κα

2169 1838 2315 1876 prum
2336 1822 2543 1892 spatiis
2565 1822 2680 1877 iter
2705 1838 2879 1877 suum
2910 1821 3150 1888 obeunt,
3184 1826 3249 1877 ut
3277 1828 3513 1879 aestates
3535 1828 3593 1877 et
3615 1823 3746 1878 hie-

352 1910 692 1965 ἐπιτέτακται
725 1910 914 1970 αὐτοῖς
969 1908 1115 1985 παρὰ
1167 1913 1264 1964 τοῦ
1322 1912 1483 1977 Θεοῦ,
1511 1909 1602 1963 καὶ
1633 1909 1698 1963 οὐ
1730 1903 1929 1983 παραόι

2169 1911 2755 1982 es,quemadmadum
2777 1910 2969 1983 ipsisa
2990 1912 3105 1967 Deo
3129 1912 3486 1984 imperatum
3509 1912 3746 1981 est,effi-

350 2020 505 2056 νουσι
550 1998 679 2064 τοὺς
726 1997 898 2062 ἰδίους
944 1999 1126 2074 ὃρους,
1183 1998 1321 2053 κατὰ
1363 1994 1729 2073 ἀπαραίτητον
1789 1996 1927 2074 φύσει

2169 2004 2281 2055 ant.
2305 2002 2421 2056 Nec
2442 2000 2601 2073 leges
2626 2000 2737 2055 sibi
2762 2001 2934 2072 juxta
2964 2000 3366 2057 inevitabilem
3389 2007 3617 2058 naturae
3637 2018 3746 2059 ne-

354 2089 621 2166 ἆνάγκην,
681 2087 772 2142 σὺν
820 2092 900 2160 τῷ
971 2084 1203 2161 οὐρανίῳ
1282 2086 1492 2159 κόσμῳ.
1554 2087 1711 2149 Ὅθεν
1764 2106 1927 2163 φανερ

2170 2089 2436 2145 ssitatem
2476 2089 2829 2145 constitutas
2860 2107 2997 2145 cum
3027 2090 3253 2146 caelesti
3283 2098 3498 2148 ornatu
3528 2090 3745 2146 infrin-

350 2176 463 2234 ἐστι
493 2179 570 2252 μή
602 2175 739 2233 εἶναι
765 2177 857 2232 τὸν
888 2176 1108 2250 ούρανὸν
1134 2175 1275 2245 θεὸν,
1308 2173 1432 2230 ἀλλ’
1462 2172 1621 2250 ἔργον
1655 2179 1813 2234 Θεοῦ.

2161 2182 2261 2232 int.
2295 2179 2375 2231 Ex
2407 2194 2522 2249 quo
2553 2178 2935 2250 perspicuum
2979 2185 3088 2247 est,
3117 2180 3330 2237 coelum
3373 2197 3494 2235 non
3538 2179 3738 2249 deum,

2097 2268 2201 2324 sed
2226 2268 2329 2324 Dei
2360 2286 2508 2341 opus
2535 2287 2688 2329 esse.

421 2357 489 2415 Οἱ
522 2354 580 2412 δὲ
609 2354 924 2429 νομίζοντες
969 2355 1067 2425 τήν
1109 2356 1211 2431 γῆν
1261 2354 1392 2411 εἶναι
1426 2352 1547 2419 θεὰν
1579 2351 1985 2425 ἐπλανήθησαν.

2167 2358 2274 2423 Qui
2297 2364 2494 2415 autem
2520 2365 2738 2417 terram
2761 2359 2933 2417 deam
2959 2377 3087 2416 esse
3110 2365 3373 2428 censent,
3394 2367 3615 2418 errant.
3639 2362 3735 2417 Vi-

348 2446 598 2521 Ὁρῶμεν
630 2445 733 2520 γὰρ
761 2443 925 2513 αὐτὴν
979 2444 1081 2499 ὑπὸ
1129 2448 1237 2499 τῶν
1290 2443 1587 2515 ἀνθρώπων
1622 2438 1925 2517 ούόριζμὲντ

2155 2463 2302 2502 :mus
2326 2449 2485 2503 enim
2511 2466 2641 2505 eam
2656 2450 2727 2505 ab
2752 2450 3096 2506 hominibus
3118 2451 3338 2523 injuria
3354 2451 3532 2519 afﬁci,
3557 2457 3615 2507 et
3636 2469 3732 2507 eo-

346 2536 438 2590 καὶ
469 2534 999 2605 κατακυριευομὲνην
1048 2534 1140 2588 καὶ
1183 2534 1495 2609 φυρομένην
1542 2535 1649 2604 (58)
1687 2532 1777 2586 καὶ
1805 2530 1923 2606 ἅχρ·

2157 2552 2225 2591 ιω
2250 2536 2498 2607 imperio
2526 2538 2854 2609 subjectam
2886 2540 3229 2605 esse,eﬂ‘odi
3251 2540 3429 2595 etiam
3452 2546 3511 2595 et
3537 2548 3734 2597 conta-

347 2644 470 2679 στον
500 2623 821 2696 γινομένην.
870 2623 992 2680 Ἐὰν
1051 2620 1154 2697 γὰρ
1215 2622 1451 2695 ὀπτηθῇ,
1484 2619 1684 2697 γίνεται
1713 2619 1891 2694 νεκρά·

2155 2622 2513 2696 inari,atque
2541 2625 2813 2680 inutilem
2838 2626 2984 2681 fleri.
3011 2628 3152 2681 Nam
3179 2628 3225 2681 si
3255 2628 3388 2700 igne
3413 2633 3728 2695 torreatur,

345 2713 453 2786 γὰρ
482 2715 577 2765 τοῦ
607 2710 873 2780 ὀστράκου
925 2710 1111 2788 φύεται
1172 2708 1350 2767 οὐδὲν.
1396 2716 1514 2766 Ἔτι
1565 2706 1622 2763 δε
1650 2708 1740 2764 καὶ
1774 2708 1861 2763 ἰὰν
1895 2709 1919 2763 ἐ

2155 2713 2397 2781 noritur,
2432 2713 2724 2784 siquidem
2756 2731 2826 2769 ex
2873 2720 3023 2770 testa
3051 2716 3202 2770 nihil
3233 2715 3373 2770 oriri
3405 2722 3617 2787 potest.
3651 2721 3732 2772 Ac

342 2798 518 2855 πλέον
546 2803 697 2859 242
731 2802 938 2877 βραχῇ,
970 2798 1239 2878 φθείρεται
1287 2798 1378 2854 καὶ
1407 2798 1542 2869 αὐτή
1575 2798 1664 2853 καὶ
1697 2798 1750 2852 οἷ
1781 2818 1919 2872 καρπ

2157 2807 2375 2857 interea
2400 2802 2447 2855 si
2470 2802 2760 2857 imbribus
2782 2802 3034 2858 nimium
3059 2803 3468 2875 perfundatur,
3504 2810 3629 2860 tum
3644 2806 3734 2877 ip-

340 2888 530 2959 αὐτῆς.
562 2893 961 2947 Καταπατεῖται
992 2887 1051 2945 δὶ
1081 2888 1183 2944 ὑπό
1208 2909 1265 2945 τε
1298 2889 1595 2964 ἀνθρώπων
1622 2888 1712 2943 καὶ
1733 2892 1840 2943 τῶν
1868 2887 1917 2943 λι

2152 2895 2305 2957 ,tum
2328 2891 2513 2963 ipsius
2536 2892 2761 2948 fructus
2784 2896 3422 2967 corrumpuntur.Quin
3444 2894 3516 2951 ab
3539 2896 3729 2953 homi-

338 2982 457 3035 πῶν
511 2981 689 3053 ζώων,
738 2978 928 3054 α’ίμασι
987 2978 1359 3057 φονευομένων
1420 2980 1711 3053 μιαίνεται,
1762 2976 1915 3055 διορύ

2155 2979 2261 3035 bus
2284 2980 2650 3053 reliquisque
2681 2983 3083 3039 animantibus
3114 2985 3510 3055 proculcatur,
3544 2986 3732 3042 inter-

338 3089 484 3124 σεται
516 3071 651 3144 (59),
710 3072 912 3145 νεκρῶν
967 3070 1108 3139 θήκη
1167 3068 1370 3144 γίνεται
1431 3068 1722 3141 σωμάτων.
1752 3069 1915 3125 Τουτι

2149 3073 2376 3125 ctorum
2391 3070 2677 3143 sanguine
2694 3072 3726 3147 inquinatur,efl‘oditur,completur,

340 3115 484 3124 ν””’
517 3115 651 3144 \V'I’
720 3115 907 3145 ’*”Τ“’
969 3115 1108 3139 νἾ’“Ἷ
1181 3115 1370 3144 ι’⁷””““
1433 3115 1722 3141 '"t'""""
1761 3115 1915 3125 -""

338 3158 513 3221 οὕτως
546 3154 739 3228 ὄντων,
774 3158 872 3214 οὐκ
918 3155 1189 3234 ἐνδέχεται
1228 3160 1327 3228 τὴν
1373 3165 1473 3234 γῆν
1507 3159 1637 3215 εἶναι
1670 3156 1815 3230 θεὰν,
1846 3157 1915 3214 ἀλ

2149 3115 2376 3125 ----.....
2391 3115 3723 3147 -..κηκηη...Ὶμηημμηνηνηηω,νωμιηυημ,

2146 3158 2435 3215 ,daverum
2460 3160 2630 3216 theca
2668 3160 2943 3217 efﬁcitur.
2976 3164 3114 3228 Qum
3147 3179 3282 3218 cum
3313 3163 3395 3219 ita
3423 3164 3562 3231 sint,
3592 3164 3723 3219 ﬁeri

334 3241 493 3321 ἔργον
524 3248 662 3301 Θεοῦ
692 3244 768 3307 είς
797 3247 992 3320 χρῆσιν
1017 3245 1337 3321 ἀνθρώπων.

2145 3265 2200 3302 ιι]
2221 3253 2417 3320 potest
2436 3253 2501 3303 ut
2523 3254 2679 3305 terra
2698 3249 2808 3306 dea
2836 3251 2930 3321 sit,
2964 3251 3068 3307 sed
3092 3269 3186 3307 res
3209 3268 3243 3307 a
3272 3253 3389 3308 Deo
3422 3252 3497 3308 ad
3525 3253 3722 3310 homi-

2078 3353 2221 3392 num
2251 3354 2427 3393 usum
2459 3340 2686 3395 effecta.

405 3423 474 3481 Οἱ
506 3420 563 3478 δὲ
594 3420 905 3496 νομίζοντες
950 3424 1013 3479 τὸ
1066 3422 1211 3500 ὕδωρ
1257 3423 1387 3479 εἶναι
1418 3425 1535 3480 θεὸν
1567 3421 1971 3497 ἐπλανήθησαν.

2149 3428 2367 3483 Eodem
2384 3428 2687 3500 modo,qui
2702 3446 2915 3501 aquam
2931 3430 3101 3487 deam
3116 3448 3243 3488 esse
3257 3436 3714 3504 putant,errant.

334 3513 438 3571 Καὶ
473 3512 604 3568 αὐτὸ
631 3513 731 3590 γάρ
764 3512 841 3577 εἷς
898 3521 1093 3590 χρῆσιν
1150 3520 1260 3571 τῶν
1313 3515 1613 3590 ἀνθρώπων
1642 3517 1849 3592 γέγονε,
1880 3538 1911 3571 κ

2137 3534 2223 3572 am
2256 3534 2323 3572 ea
2352 3535 2586 3590 quoque
2617 3520 2690 3575 ad
2729 3520 3037 3575 hominum
3069 3539 3241 3577 usum
3268 3530 3578 3594 procreata
3607 3530 3714 3593 est,

332 3600 775 3676 κατακυριεύεται
836 3603 924 3657 ὑπ’
980 3605 1181 3674 αὐτῶν,
1246 3606 1510 3677 μιαίνεται
1555 3605 1645 3659 καὶ
1677 3606 1909 3683 φθείρετι

2139 3624 2403 3680 »Γιιωᾳιιθ
2430 3608 2823 3665 dominationi
2849 3610 3525 3669 subest.Contaminatur
3539 3616 3716 3671 etiam

330 3682 422 3737 καὶ
454 3681 775 3739 ἀλλοιοῦται
808 3683 1075 3758 ἑψόμενον
1116 3684 1205 3739 καὶ
1254 3684 1659 3759 ἀλλασσόμενον
1689 3681 1907 3761 χρῶμαι

2159 3697 2564 3766 labefactatur,
2592 3704 2649 3753 et
2666 3716 2798 3755 cum
2821 3701 2952 3774 igne
2974 3708 3175 3757 coacta
3196 3707 3305 3767 est,
3337 3704 3717 3760 immutatur:

330 3771 422 3826 καὶ
457 3771 559 3827 ὑπὸ
589 3776 685 3828 τοῦ
732 3771 936 3849 κρύους
981 3772 1352 3849 πηγνύμενον,
1398 3774 1487 3829 καὶ
1520 3775 1595 3836 είς
1624 3774 1839 3831 πάντων
1867 3797 1907 3831 τι

2141 3786 2227 3841 ios
2250 3791 2427 3858 atque
2449 3788 2596 3842 alios
2621 3771 2870 3844 subinde
2891 3790 3119 3846 colores
3143 3791 3342 3862 sumit,
3360 3797 3564 3864 utpote
3585 3810 3714 3864 quae

330 3861 646 3937 ἀκαθάρτων
690 3859 888 3917 πλύσιν
939 3862 1223 3940 ἀγόμενον.
1271 3863 1363 3919 Διὸ
1413 3860 1668 3921 ἀδύνατον
1716 3867 1780 3921 τὸ
1827 3862 1907 3922 ὕδι

2156 3875 2371 3947 frigore
2395 3883 2756 3949 concrescat,
2790 3885 2848 3935 et
2868 3898 2937 3937 ex
2967 3897 3174 3937 cruore
3207 3882 3549 3953 spurcitiam
3574 3900 3718 3939 con—

332 3949 469 4005 εἶναι
496 3951 636 4025 θεὸν,
659 3950 787 4008 ἀλλ’
815 3948 974 4028 ἔργον
1006 3956 1159 4009 Θεοῦ.

2137 3965 2361 4033 ahat,et
2381 3966 2455 4021 ad
2479 3967 2844 4040 impurarum
2859 3970 3126 4026 omnium
3136 3987 3333 4026 rerum
3347 3971 3714 4029 ablutionem

2078 4053 2535 4113 adhibeatur.Ex
2549 4073 2665 4127 quo
2685 4058 2909 4128 liquido
2924 4065 3157 4116 constat
3167 4077 3383 4132 aquam
3396 4060 3567 4118 deam
3583 4079 3711 4119 esse

2078 4162 2199 4202 non
2230 4164 2425 4218 posse,
2458 4148 2562 4204 sed
2594 4148 2694 4204 Dei
2728 4167 2897 4221 Opus.

403 4216 470 4275 Ol
523 4213 581 4275 δὲ
636 4221 951 4294 νομίζοντες
998 4220 1062 4277 τὸ
1116 4220 1225 4297 πῦρ
1283 4222 1413 4277 εἶναι
1469 4222 1584 4287 θεὸν
1635 4220 1971 4284 πλανῶνται.

2146 4236 2271 4291 Jam
2289 4254 2422 4291 vero
2445 4237 2547 4308 qui
2577 4238 2774 4310 ignem
2817 4240 2995 4296 deum
3023 4258 3152 4298 esse
3184 4242 3568 4316 arbitrantur,
3599 4243 3712 4318 ipsi

324 4306 430 4366 Καὶ
479 4307 612 4363 αὐτό
669 4308 773 4385 γὰρ
831 4309 909 4371 είς
965 4315 1168 4385 χρῆσιν
1226 4309 1436 4385 ἐγένετο
1492 4312 1814 4387 ἀνθρώπων.
1872 4319 1901 4366 Κ

2139 4341 2310 4395 noque
2332 4328 2787 4384 errant.Etenim
2804 4327 2954 4401 ignis
2966 4330 3037 4386 ad
3052 4332 3360 4389 hominum
3373 4351 3548 4390 usum
3559 4351 3716 4391 crea-

322 4395 769 4471 κατακυριεύεται
831 4398 919 4453 ὑπ’
966 4399 1165 4467 αὐτῶν,
1214 4398 1643 4475 περιφερόμενον
1702 4400 1760 4455 ἐκ
1798 4401 1899 4456 τόπ

2135 4430 2172 4468 lS
2197 4418 2305 4482 est,
2328 4413 2712 4487 ipsorumque
2736 4416 3126 4475 dominationi
3150 4421 3371 4489 subest,
3397 4429 3456 4478 et
3472 4423 3546 4478 ab
3568 4423 3712 4495 ipsis

326 4484 409 4547 εἷς
437 4486 605 4542 τόπον
638 4486 716 4548 είς
747 4483 936 4561 ἕψησιν
978 4489 1065 4543 καὶ
1121 4482 1348 4559 ὄπτησιν
1383 4487 1737 4545 παντοδαπῶν
1768 4494 1903 4565 κρεῶ

2293 4476 2301 4482 .
2352 4476 2371 4486 -
2614 4476 2635 4487 ,

2134 4502 2151 4556 l
2172 4503 2365 4559 omnis
2386 4506 2619 4576 generis
2641 4523 2869 4576 carnes,
2892 4511 3107 4580 partim
3141 4511 3465 4580 elixandas,
3497 4513 3711 4584 partim

327 4572 410 4630 ἔτι
441 4572 499 4629 δὲ
548 4577 638 4631 καὶ
685 4579 891 4650 νεκρῶν
940 4575 1229 4651 σωμάτων.
1276 4578 1557 4655 Φθείρετάι
1611 4576 1669 4672 ξε
1714 4578 1803 4635 καὶ
1834 4601 1904 4635 και

2133 4592 2382 4664 ιδεωάαε,
2407 4599 2583 4665 atque
2609 4596 2785 4651 etiam
2816 4597 2890 4652 ad
2920 4605 3153 4655 mortua
3182 4617 3431 4672 corpora
3459 4617 3710 4657 concre-

330 4661 583 4727 πολλοὺς
631 4665 889 4741 τρόπους,
942 4666 1045 4721 ὑπὸ
1090 4670 1197 4722 τῶν
1246 4666 1540 4743 ἀνθρώπων
1587 4664 1907 4743 σϐεννύμενα

2139 4681 2313 4749 anda,
2339 4682 2512 4738 eloco
2536 4683 2597 4739 in
2619 4684 2813 4740 locum
2836 4687 3451 4760 circumfertur;atque
3467 4690 3711 4761 insuper

328 4752 423 4807 Διὸ
483 4752 582 4808 οὐκ
632 4750 912 4830 ἐνδέχεται
964 4753 1028 4810 τὸ
1083 4760 1191 4831 πῦρ
1250 4755 1379 4810 εἶναι
1430 4756 1569 4828 θεὸν,
1626 4755 1754 4813 ἀλλ’
1806 4756 1901 4835 ἔργ

2131 4771 2278 4826 .ultis
2301 4771 2493 4827 modis
2515 4775 2933 4846 corrumpitur,
2956 4782 3014 4832 et
3032 4777 3104 4833 ab
3126 4777 3468 4833 hominibus
3488 4779 3708 4834 exstin-

321 4843 479 4898 Θεοῦ.
2074 4860 2309 4931 guitur;
2341 4877 2409 4916 ac
2439 4861 2687 4933 proinde
2721 4863 2873 4936 ignis
2903 4864 3047 4921 deus
3070 4883 3197 4922 esse
3229 4883 3349 4922 non
3380 4867 3708 4939 potest,sed

2073 4948 2177 5004 Dei
2208 4966 2374 5021 Opus.

396 5019 466 5078 Οἱ
498 5017 555 5077 δὲ
584 5022 903 5097 νομίζοντες
928 5024 1028 5095 τὴν
1054 5026 1163 5080 τῶν
1214 5022 1426 5098 ἀνέμων
1473 5025 1647 5095 πνοὴν
1676 5028 1808 5082 εἶναι
1841 5029 1959 5093 θεὰν

2141 5037 2227 5092 Ad
2245 5017 2525 5097 eumdem
2548 5042 2724 5100 etiam
2756 5044 2997 5101 modum
3031 5046 3131 5117 qui
3159 5052 3467 5105 ventorum
3496 5050 3704 5109 ﬂatum

320 5113 658 5166 πλανῶνται·
722 5114 959 5189 Φανερὸν
1032 5112 1132 5188 γὰρ
1198 5112 1338 5170 ἰστιν
1413 5114 1497 5170 ὅτι
1548 5112 1793 5171 δουλεύει
1850 5118 1897 5173 ἒτ

2129 5144 2247 5182 eum
2270 5145 2397 5184 esse
2420 5131 3003 5201 existimant,errant.
3020 5136 3402 5207 Perspicuum
3426 5140 3584 5196 enim
3616 5146 3706 5197 est

321 5218 401 5273 ρῳ
452 5203 583 5274 (60),
641 5201 731 5256 καὶ
789 5200 950 5279 χάριν
1008 5208 1113 5257 τῶν
1196 5204 1490 5279 ἀνθρώπων
1544 5205 1898 5263 κατεσκεύαστ

2128 5222 2309 5272 sutum
2340 5218 2510 5275 alteri
2540 5221 2845 5291 inservire,
2880 5229 3055 5295 atque
3088 5226 3401 5285 hominum
3424 5245 3603 5286 causa
3631 5229 3705 5285 ad

523 5384 753 5471 [S‘ic,éC,
787 5385 954 5456 quasi
986 5402 1107 5471 non
1138 5386 1302 5471 ἄστρα
1336 5387 1619 5471 scriptum
1649 5390 1819 5464 foret,
1854 5394 1957 5452 sed

644 5385 753 5471 QC,
787 5385 954 5456 quasi
986 5402 1107 5471 non
1138 5386 1302 5471 ἄστρα
1336 5387 1619 5471 scriptum
1649 5390 1819 5464 foret,
1854 5394 1957 5452 sed
1988 5395 2221 5471 ἀστέρες.

522 5456 586 5537 ρ,
615 5450 747 5537 ύϐρζ
769 5450 1144 5537 σκαπτομένην
1168 5450 1259 5513 καὶ
1289 5450 1725 5537 φρουρόυμένην.

406 5522 497 5602 if?)
526 5522 589 5602 ς,
615 5522 762 5602 βιὸρ.
790 5522 1096 5602 γεμίζεται.

401 5592 488 5667 σο)
517 5592 581 5667 c,’
611 5592 1014 5674 δουλεύὶιόεἱῖ».
