3994 6150
332 281 469 339 Hii

332 496 647 568 liquosque
669 498 934 567 ipsorum
954 514 1097 552 usus
1119 515 1153 553 a
1174 498 1290 552 Deo
1323 496 1628 552 conditum
1662 513 1813 551 esse.
1859 497 1983 549 Huc

333 585 764 656 accedit,quod
781 603 887 656 pro
920 585 1210 655 Deijussu
1242 593 1418 657 atque
1452 586 1701 657 imperio
1726 591 1851 639 tum
1885 600 1987 639 au-

338 676 526 747 gescit
554 680 679 730 tum
713 676 1108 730 imminuitur.
1155 678 1343 740 Quare
1377 676 1505 730 ﬁeri
1538 692 1658 730 non
1691 680 1885 746 potest
1923 679 1988 728 ut

338 771 548 819 ventus
575 764 719 819 deus
752 766 848 835 sit,
881 782 1083 819 verum
1118 766 1219 818 Dei
1252 781 1421 835 opus.

408 856 591 907 Porro
625 854 723 923 qui
754 853 939 908 solem
974 854 1151 908 deum
1185 871 1313 909 esse
1342 860 1571 925 putant,
1602 854 1712 925 ipsi
1748 869 1983 923 quoque

341 948 558 999 errant.
594 942 897 1013 Siquidem
924 960 1058 997 eum
1093 944 1429 998 necessario
1449 944 1665 997 moveri
1690 942 1981 1013 perspici-

337 1037 676 1102 mus,atque
692 1037 958 1103 apuncto
977 1032 1037 1086 in
1069 1038 1351 1103 punctum
1369 1034 1621 1104 migrare
1643 1037 1701 1086 et
1719 1048 1983 1086 commu-

338 1122 540 1189 tari,et
558 1120 830 1175 occidere
852 1126 911 1175 et
934 1120 1325 1189 exoriri,utad
1345 1121 1652 1175 hominum
1667 1120 1983 1174 utilitatem

336 1210 551 1281 stirpes
568 1215 627 1265 et
651 1208 884 1281 plantas
909 1210 1105 1264 calore
1127 1209 1368 1274 afﬁciat,
1393 1216 1569 1280 atque
1587 1210 1833 1279 insuper
1848 1224 1983 1263 eum

333 1298 685 1354 divisionem
708 1315 842 1353 cum
863 1297 1113 1369 reliquis
1138 1298 1434 1354 sideribus
1452 1298 1766 1364 habere,ac
1780 1297 1984 1352 multis

331 1386 599 1460 partibus
622 1388 768 1443 caelo
792 1388 1085 1442 minorem
1101 1389 1513 1457 esse,luceque
1534 1387 1833 1442 interdum
1847 1384 1987 1440 defi-

335 1477 524 1544 ci,nec
545 1476 735 1531 ullum
754 1476 1071 1547 imperium
1087 1480 1145 1531 et
1166 1475 1565 1547 principatum
1587 1474 1879 1530 obtinere.
1904 1475 1986 1527 Ex

337 1583 453 1637 quo
477 1565 625 1620 illud
647 1566 889 1637 planam
914 1570 1003 1620 est
1032 1566 1161 1620 fieri
1186 1582 1307 1620 non
1328 1582 1501 1637 posse
1525 1570 1589 1619 ut
1610 1564 1697 1619 sol
1720 1564 1864 1619 deus
1886 1565 1979 1630 sit,

346 1654 449 1709 sed
482 1655 584 1710 Dei
615 1671 785 1727 opus.

410 1833 720 1891 Consimili
734 1834 912 1890 etiam
928 1833 1102 1889 modo
1125 1834 1163 1888 ii
1188 1834 1286 1904 qui
1311 1834 1515 1889 lunam
1534 1833 1704 1889 deam
1721 1849 1848 1888 esse
1863 1833 1984 1904 opi-

340 1926 959 1992 nantur,errant.Nam
982 1924 1169 1994 ipsam
1191 1923 1527 1979 necessario
1550 1923 1767 1977 moveri
1793 1927 1852 1977 et
1871 1922 1979 1975 im-

341 2013 557 2068 mutari
571 2013 1039 2083 videmus,atque
1052 2029 1086 2067 a
1102 2017 1319 2083 puncto
1332 2012 1392 2067 in
1406 2016 1690 2083 punctum
1705 2011 1978 2081 migrare,

342 2108 401 2156 et
416 2103 489 2157 ad
511 2102 822 2157 hominum
845 2102 1161 2156 utilitatem
1180 2118 1340 2156 nunc
1369 2101 1605 2169 exoriri,
1636 2117 1795 2155 nunc
1826 2099 1983 2154 occi-

344 2189 506 2256 dere,
537 2207 604 2244 ac
653 2190 777 2244 sole
828 2190 1120 2244 minorem
1153 2205 1319 2255 esse;
1353 2190 1552 2260 augeri
1594 2189 1771 2242 etiam
1803 2193 1979 2257 atque

337 2278 708 2344 imminui,ac
730 2278 993 2347 deliquia
1014 2276 1316 2332 interdum
1333 2277 1674 2348 pati.Quare
1703 2278 1833 2332 fieri
1859 2292 1978 2331 non

340 2372 537 2438 potest
574 2372 640 2421 ut
662 2367 803 2422 luna
829 2367 939 2422 dea
969 2367 1064 2437 sit,
1096 2383 1298 2422 verum
1329 2366 1431 2421 Dei
1463 2383 1633 2437 opus.

413 2574 679 2645 Denique
700 2573 799 2645 qui
826 2574 1131 2629 hominem
1155 2573 1331 2629 deum
1355 2590 1483 2628 esse
1507 2573 1869 2629 arbitrantur
1891 2590 1981 2628 er-

344 2666 498 2716 rant.
528 2664 670 2717 Nam
696 2678 831 2717 eum
852 2662 1187 2718 necessario
1202 2661 1509 2730 moveri,et
1530 2661 1627 2729 ali,
1658 2667 1715 2716 et
1734 2662 1982 2716 invitum

344 2751 524 2806 etiam
549 2768 857 2807 senescere
876 2750 1662 2822 videmus,atqueinterdum
1678 2749 1979 2818 delectari,

343 2838 642 2893 interdum
693 2856 941 2895 mmrore
983 2839 1160 2906 afﬁci,
1192 2838 1441 2910 ciboque
1473 2856 1539 2893 ac
1564 2843 1705 2910 potu
1738 2844 1795 2893 et
1824 2843 1982 2894 veste

346 2926 632 2999 indigere.
664 2928 1017 2983 Iracundum
1042 2928 1217 2982 etiam
1250 2932 1425 2998 atque
1446 2928 1709 2982 invidum
1743 2943 1891 2993 esse,
1926 2930 1983 2980 et

336 3014 587 3070 libidine
610 3016 929 3087 incitari,et
951 3016 1301 3089 paenitentia
1323 3016 1552 3085 duci,ac
1574 3015 1777 3070 multis
1796 3015 1983 3070 défec-

333 3104 490 3159 tibus
513 3105 803 3161 laborare.
830 3108 1045 3160 Verum
1068 3106 1271 3160 multis
1298 3106 1471 3160 etiam
1496 3105 1688 3160 modis
1720 3121 1979 3159 corrum-

332 3193 803 3264 pitur,nimirum
828 3194 897 3248 ab
924 3194 1321 3261 elementis,et
1338 3193 1761 3262 animantibus,
1781 3210 1847 3248 ac
1872 3210 1975 3264 po-

339 3285 559 3336 stremo
584 3299 617 3336 a
638 3286 827 3336 morte
851 3281 963 3353 ipsi
984 3281 1356 3336 imminente.
1393 3283 1473 3334 Ex
1499 3299 1612 3351 quo
1637 3282 1891 3335 efficitur
1922 3286 1987 3335 ut

338 3369 515 3423 homo
540 3370 688 3424 deus
715 3386 843 3424 esse
866 3375 1143 3440 nequeat,
1169 3371 1270 3424 sed
1291 3370 1391 3423 Dei
1414 3370 1871 3440 opus.Quocirca
1890 3369 1986 3423 in-

342 3457 503 3528 genti
543 3474 739 3512 errore
785 3458 1042 3512 Chaldaei
1085 3459 1234 3529 lapsi
1276 3463 1431 3525 sunt,
1466 3458 1606 3512 dum
1638 3459 1985 3529 opinionum

346 3561 588 3600 suarum
620 3552 956 3601 commenta
995 3551 1343 3617 sequuntur.
1377 3546 1685 3601 Elementa
1713 3547 1893 3609 enim,
1924 3548 1985 3600 in

347 3652 477 3707 quae
503 3635 781 3691 interitus
803 3636 1052 3704 cadit,ac
1076 3642 1343 3691 mortuas
1362 3642 1585 3691 statuas
1606 3643 1982 3706 venerantur,

344 3742 455 3780 nec
483 3741 544 3780 se
576 3725 638 3780 in
671 3725 918 3780 deorum
965 3742 1280 3780 numerum
1330 3741 1397 3779 ea
1429 3724 1648 3780 referre
1698 3726 1982 3779 sentiunt.

420 3814 507 3868 Ad
527 3815 896 3886 Graecosjam
918 3815 1317 3881 veniamus,ut
1337 3832 1382 3868 ει
1414 3814 1555 3885 quid
1584 3814 1733 3868 forte
1765 3814 1835 3869 de
1868 3815 1984 3869 Deo

346 3906 505 3956 recte
530 3903 789 3957 sentiant
804 3902 1124 3957 videamus.
1147 3902 1327 3955 Graeci
1352 3901 1530 3973 igitur
1551 3902 1990 3973 sapientieelau-

347 3990 481 4046 dem
513 3990 624 4045 sibi
657 3996 1021 4064 arrogantes,
1055 3990 1357 4045 stultiores
1389 3991 1565 4044 etiam
1596 3991 1885 4045 Chaldaeis
1926 4008 1986 4046 se

343 4080 748 4151 praebuerunt,
780 4080 1119 4152 complures
1140 4077 1414 4133 videlicet
1442 4077 1584 4133 deos
1615 4078 1985 4148 inducentes,

302 4240 303 4243 η
345 4170 565 4240 partim
582 4170 900 4238 masculos,
916 4169 1132 4241 partim
1146 4168 1419 4234 feminas,
1436 4167 1777 4222 vitiosarum
1794 4168 1989 4223 omnis

345 4258 578 4328 generis
590 4259 671 4312 aﬂ‘
672 4259 1063 4326 ectionum,ac
1081 4257 1366 4313 scelerum
1383 4257 1991 4313 architectos.Etenim

350 4345 689 4413 ridicula,et
709 4347 974 4414 stulta,et
995 4347 1236 4417 impia,o
1260 4363 1384 4411 rex,
1410 4346 1591 4401 Graeci
1608 4347 1987 4414 induxerunt,

348 4451 449 4490 eos
480 4435 581 4506 qui
612 4452 733 4490 non
766 4441 903 4489 sunt
925 4436 1095 4507 juxta
1124 4452 1429 4505 perversas
1461 4452 1597 4489 suas
1631 4436 1989 4506 cupiditates

1852 282 2222 340 ADDINDA.

330 407 800 464 transvehendas
820 423 1000 463 navos
1020 424 1088 463 ac
1109 408 1410 463 frumenta
1430 407 1980 479 comportanda,re-

2098 406 2196 502 ύπὸ
2223 414 2320 465 τοῦ
2350 419 2484 469 Θεοῦ
2534 418 2672 492 πρὸς
2732 428 3051 502 μεταγωγὴν
3097 426 3310 486 πλοίων

2011 1778 2062 1844 Β

3595 312 3741 368 1112

3345 432 3437 487 καί
3468 454 3740 509 συγκομι-

2098 492 2192 561 δὰς
2216 504 2563 597 των-σιτίων,
2620 508 2708 564 καί
2734 492 2743 495 Ἴ
2767 511 2842 574 εἷς
2879 492 3093 579 ’λοιπὰς
3150 518 3325 574 αὐτῶν
3365 492 3557 597 χρείας
3591 492 3740 594 αύξει

2093 606 2151 639 τε
2193 589 2282 642 καὶ
2342 590 2521 666 λήγει,
2576 598 2692 652 κατ’
2746 599 3001 676 ἐπιταγήν
3054 612 3206 666 Θεοῦ.
3255 610 3349 664 Διὸ
3390 589 3460 665 ού
3508 612 3738 686 νενόμι-

2096 678 2341 746 σταιτὴν
2398 686 2507 737 τῶν
2564 685 2778 760 ἀνέμων
2837 695 3009 761 πνοήν
3065 695 3197 750 εἶναι
3249 699 3393 769 θεάν,
3426 698 3552 755 ἀλλ’
3584 678 3738 777 ἔργον

2095 771 2247 826 Θεοῦ,

2166 857 2233 910 Οἱ
2266 854 2323 911 δὶ
2352 861 2669 933 νομίζοντες
2718 868 2807 921 τὸν
2858 869 3019 939 ἣλιον
3067 874 3198 928 εἶναι
3250 877 3369 931 Θεὸν
3401 876 3732 935 πλανῶνται.

2091 943 2104 959 ε
2203 948 2225 958 ν
2447 951 2458 966 ς
2604 953 2617 972 ,
2668 956 2680 971 ι

2111 945 2337 1017 Ορωμεν
2398 971 2499 1024 γαρ
2559 974 2720 1009 αυτον
2776 958 3095 1032 κινούμενον
3154 966 3290 1019 κατά
3350 966 3587 1041 ἀνάγκην
3642 969 3735 1022 καὶ

2090 1035 2442 1108 τρεπόμενον,
2498 1042 2590 1096 καὶ
2643 1043 3030 1117 μεταϐαίνοντα
3085 1052 3191 1108 ἀπὸ
3243 1056 3476 1128 σημείου
3525 1056 3602 1119 εἷς
3634 1079 3738 1127 ση-

2095 1128 2282 1218 μεῖον,
2322 1130 2475 1186 243
2524 1127 2751 1190 δύνοντα
2796 1138 2886 1192 καὶ
2938 1127 3330 1213 ἀνατέλλοντα,
3369 1149 3467 1199 τοῦ
3510 1147 3736 1218 θερμαί-

2089 1213 2294 1304 νειν-τᾶ
2324 1219 2462 1293 φυτὰ
2507 1220 2597 1274 καὶ
2650 1221 2860 1296 βλαστᾶ
2918 1227 2993 1290 είς
3047 1237 3243 1304 χρῆσιν
3274 1236 3383 1287 τῶν
3412 1233 3732 1304 ἀνθρώπων,

2090 1297 2168 1355 ἔτι
2201 1299 2258 1357 Si
2304 1307 2391 1360 καὶ
2451 1310 2749 1383 μερισμοὺς
2799 1312 2995 1390 ἔχοντα
3201 1326 3310 1376 τῶν
3340 1297 3551 1377 λοιπῶν
3582 1297 3735 1377 ἆστέλ

2091 1409 2222 1462 ρων,
2252 1394 2342 1448 καὶ
2370 1392 2631 1453 ἐλάττονα
2661 1398 2783 1457 ὅντα
2830 1409 2927 1459 τοῦ
2976 1406 3207 1481 ούρανοῦ
3235 1408 3401 1481 πολὺ,
3434 1410 3523 1467 καὶ
3554 1409 3735 1466 ἐκλεί-

2089 1500 2261 1535 ποντα
2290 1487 2386 1537 τοῦ
2418 1487 2617 1561 φωτὸς,
2648 1490 2737 1544 καὶ
2786 1490 3059 1567 μηδεμίαν
3092 1498 3478 1571 αύτοκράτειαν
3508 1494 3731 1574 ἔχοντα.

2092 1570 2295 1711 ἒιὸνού
2350 1574 2662 1648 νενόμισται
2717 1580 2808 1635 τὸν
2860 1581 3022 1652 ἥλιον
3072 1587 3205 1641 εἶναι
3240 1570 3383 1659 θεὸν,
3415 1570 3737 1664 ἀλλήἔργον

2136 1678 2247 1711 εου.

2136 1678 2247 1716 εου.

2162 1839 2228 1895 0i
2261 1836 2317 1895 δὲ
2340 1842 2656 1916 νομίζοντες
2698 1849 2797 1918 τὴν
2853 1851 3087 1923 σελήνην
3121 1855 3255 1910 εἶναι
3285 1855 3406 1919 θεὰν
3437 1854 3731 1911 πλαντῶνο

2086 1950 2195 1985 ται.
2245 1931 2488 2005 Ὀρῶμεν
2548 1936 2654 2012 γὰρ
2712 1938 2877 2008 αὐτὴν
2936 1945 3261 2017 κινουμένην
3317 1946 3451 2001 κατὰ
3497 1947 3729 2021 ἀνάγκην

2086 2017 2177 2072 καὶ
2222 2019 2587 2095 τρεπομένην,
2636 2027 2723 2081 καὶ
2781 2025 3205 2101 μεταϐαίνουσαν
3256 2034 3361 2089 ἀπὸ
3392 2034 3621 2107 σημείου
3650 2035 3733 2095 είς

2090 2113 2343 2180 σημεῖον,
2400 2107 2656 2168 δύνουσάν
2705 2136 2763 2170 τε
2820 2117 2907 2172 καὶ
2965 2120 3361 2177 ἀνατέλλουσαν
3415 2123 3491 2183 είς
3538 2121 3726 2197 χρείαν

2086 2202 2194 2252 τῶν
2228 2198 2551 2275 ἀνθρώπων,
2610 2206 2699 2259 καὶ
2756 2204 3017 2264 ἐλάττονα
3068 2212 3229 2265 οὖσαν
3282 2217 3380 2267 τοῦ
3410 2212 3598 2281 ἡλίου,
3628 2212 3730 2266 αὖ·

2090 2288 2319 2360 ξομένην
2375 2312 2433 2344 τε
2487 2292 2577 2346 καὶ
2638 2296 2987 2369 μειουμένην,
3031 2299 3118 2354 καὶ
3169 2300 3435 2375 ἐκλείψεις
3472 2300 3726 2375 ἔχουσαν.

2090 2377 2185 2432 Διὸ
2216 2378 2276 2433 ού
2308 2380 2617 2454 νενόμισται
2658 2390 2758 2452 τὴν
2808 2384 3043 2458 σελήνην
3076 2389 3208 2444 εἶναι
3240 2391 3384 2460 θεὰν,
3415 2387 3541 2445 ἀλλ’
3573 2388 3726 2465 ἔργον

2090 2472 2243 2526 Θεοῦ.

2162 2558 2229 2613 Οἱ
2262 2555 2318 2612 δὲ
2347 2560 2658 2633 νομίζοντες
2703 2564 2794 2619 τὸν
2839 2562 3120 2642 ἄνθρωπον
3162 2568 3293 2623 εἶναι
3324 2570 3440 2624 Θεὸν
3473 2566 3729 2623 πλανῶν-

2088 2666 2196 2703 ται.
2228 2647 2475 2722 Ὀρῶμεν
2531 2650 2630 2724 γὰρ
2689 2652 2849 2709 αὐτὸν
2903 2656 3223 2729 κινούμενον
3280 2659 3416 2712 κατὰ
3464 2656 3726 2731 ἀνάγκην,

2088 2734 2179 2788 καὶ
2229 2737 2562 2813 τρεφόμενον
2612 2741 2701 2795 καὶ
2754 2746 3121 2819 γηράσκοντα,
3173 2746 3261 2801 καὶ
3340 2747 3415 2819 μὴ
3477 2743 3729 2809 θέλοντος

2090 2822 2273 2882 αὐτοῦ.
2308 2825 2412 2880 Καὶ
2441 2828 2574 2882 ποτὶ
2608 2830 2701 2901 μὶν
2751 2830 2958 2906 χαίρει,
3008 2836 3142 2889 ποτε
3196 2832 3253 2889 δὲ
3304 2833 3581 2902 λυπεῖται,
3615 2831 3730 2887 δεό-

2095 2935 2252 2986 μενος
2286 2916 2594 2991 βρωμάτων
2627 2920 2717 2974 καὶ
2754 2926 2924 2977 ποτοῦ
2954 2924 3043 2977 καὶ
3076 2924 3318 2994 ἐσθῆτος.
3353 2927 3507 2981 Εἶναι
3537 2922 3595 2977 δὲ
3624 2925 3729 2995 (61)

2092 3006 2251 3061 αὐτὸν
2287 3006 2511 3083 ὀργίλον
2540 3011 2629 3065 καὶ
2676 3011 2929 3082 ζηλωτὴν
2974 3014 3063 3068 καὶ
3111 3014 3476 3088 ἐπιθυμητὴν,
3510 3016 3599 3069 καὶ
3635 3034 3727 3086 με-

2091 3096 2487 3169 ταμελόμενον,
2546 3100 2636 3153 καὶ
2690 3100 2879 3156 πολλὰ
2934 3100 3291 3176 ἐλαττώματα
3322 3101 3536 3178 ἔχοντα.
3568 3104 3729 3158 Φθεί-

2092 3204 2237 3258 ρεται
2293 3183 2349 3240 δὶ
2391 3186 2527 3241 κατὰ
2566 3186 2815 3251 πολλοὺς
2857 3190 3115 3265 τρόπους,
3164 3193 3267 3247 ὑπὸ
3317 3194 3606 3268 στοιχείων
3637 3193 3725 3247 καὶ

2090 3273 2266 3342 ζώων,
2298 3275 2385 3328 καὶ
2442 3280 2539 3330 τοῦ
2595 3275 2940 3350 ἐπικειμένου
2996 3280 3145 3352 αὐτῷ
3198 3280 3449 3337 θανάτου,
3501 3281 3615 3338 Ούκ
3640 3281 3723 3333 ἓν·

2090 3359 2303 3438 δέχεται
2356 3365 2446 3419 οὖν
2488 3365 2620 3420 εἶναι
2676 3366 2769 3421 τὸν
2833 3365 3120 3443 ἄνθρωπον
3181 3370 3322 3439 θεὸν,
3380 3367 3507 3424 ἀλλ’
3564 3364 3722 3444 ἔργον

2090 3456 2241 3507 Θεοῦ.
2278 3450 2495 3523 Πλάνην
2529 3455 2619 3508 οῦν
2658 3454 2898 3531 μεγάλην
2944 3454 3325 3529 ἐπλανήθησαν
3355 3458 3405 3512 οἱ
3437 3457 3724 3529 Χαλδαῖοι,

2092 3540 2268 3595 ὀπίσω
2296 3546 2403 3596 τῶν
2453 3542 2882 3618 ἐπιθυμημάτων
2936 3545 3111 3601 αὐτῶν
3141 3550 3282 3619 (62).
3325 3542 3584 3601 Σέὄονται
3624 3547 3723 3621 γὰρ

2087 3630 2154 3684 τὰ
2211 3631 2419 3705 φθαρτᾶ
2471 3638 2719 3707 στοιχεῖα
2774 3635 2860 3688 καὶ
2937 3636 3003 3689 τά
3052 3637 3215 3711 νεκρά
3270 3634 3575 3710 ἄγάλματα,
3634 3636 3723 3690 καὶ

2091 3722 2245 3777 244
2276 3720 2374 3774 ούκ
2403 3718 2735 3784 αἰσθάνονται
2766 3727 2929 3777 ταῦτα
2962 3724 3398 3797 θεοποιούμενοι.

2162 3808 2449 3881 ’Ἐλθωμεν
2506 3811 2596 3864 οῦν
2658 3809 2745 3866 ἐπὶ
2800 3810 2925 3873 τοὺς
2980 3810 3281 3883 Ἕλληνας,
3333 3813 3421 3869 ἳνα
3446 3811 3649 3888 ἴδωμεν
3677 3813 3723 3869 εἴ

2088 3919 2139 3952 τι
2191 3902 2446 3973 φρονοῦσι
2498 3900 2617 3973 περί
2669 3904 2821 3956 Θεοῦ.
2868 3901 2933 3957 Οἳ
2983 3899 3075 3955 οὖν
3114 3899 3385 3972 Ἕλληνες
3434 3904 3593 3980 σοφοὶ
3633 3902 3719 3958 λέ-

2091 4007 2274 4062 γοντες
2306 3986 2434 4041 εἶναι
2467 3986 2852 4063 ἐμωράνθησαν
2904 3991 3015 4063 (63)
3064 3995 3250 4064 χεῖρον
3276 3996 3383 4045 τῶν
3416 3989 3720 4061 Χαλδαίων,

2093 4076 2508 4150 παρεισάγοντες
2564 4074 2816 4139 πολλοὺς
2869 4076 3024 4140 θεοὺς
3080 4086 3419 4154 γεγενῆσθαι,
3476 4079 3603 4142 τοὺς
3635 4082 3723 4154 μὶν

2095 4163 2339 4239 ἄρῥενας,
2390 4163 2517 4226 τοὺς
2561 4162 2620 4219 δὲ
2671 4164 2894 4236 θηλείας
2944 4169 3074 4239 (64),
3124 4173 3396 4223 παντοίων
3427 4174 3611 4233 παθῶν
3641 4169 3727 4223 καὶ

2093 4250 2450 4308 παντοδαπῶν
2483 4250 2852 4329 δημιουργοὺς
2910 4255 3304 4329 ἀνομημάτων.
3356 4258 3511 4312 Ὀοεν
3542 4256 3729 4333 γελοῖα

2094 4342 2182 4397 καὶ
2220 4342 2375 4417 μωρᾶ
2420 4341 2509 4397 καὶ
2558 4338 2721 4412 ἀσεϐῆ
2770 4346 3169 4420 παρεισήγαγον
3212 4347 3264 4400 οἱ
3310 4345 3604 4417 Ἓλληνες,
3639 4348 3728 4422 βα-

2098 4429 2272 4502 σιλεῦ,
2331 4430 2569 4507 ῥήματα,
2642 4431 2770 4494 τοὺς
2857 4434 2933 4505 μὴ
3014 4429 3172 4495 ὄντας
3242 4436 3728 4509 προσαγορεύοντες

350 4523 492 4578 deos
514 4524 907 4595 appellantes,
931 4529 994 4578 ut
1013 4524 1296 4578 nimirum
1328 4541 1428 4577 eos
1454 4524 1576 4577 vitii
1610 4529 1889 4593 patronos
1921 4541 1984 4577 ac

2098 4520 2271 4589 θεοὺς,
2297 4502 2431 4575 κατά
2458 4519 2554 4582 τὰς
2606 4502 2895 4593 ἐπιθυμίας
2952 4521 3124 4576 αὐτῶν
3176 4502 3296 4585 τὰς.
3325 4502 3591 4599 πονηράς,
3626 4523 3725 4595 ἵνα,

349 4611 690 4667 defensores
724 4613 1031 4681 habentes,
1058 4612 1351 4667 adulteria
1364 4612 1991 4681 perpetrent,rapiant,

347 4702 665 4769 trucident,
703 4707 878 4775 atque
912 4701 1282 4757 atrocissima
1313 4716 1562 4769 quaeque
1588 4698 1811 4753 scelera
1833 4716 1991 4753 com-

345 4792 755 4847 mittant.Nam
780 4808 913 4846 cum
929 4792 1193 4861 ipsorum
1209 4788 1287 4841 dii
1306 4786 1645 4856 hujusmodi
1664 4787 1883 4859 ﬂagitia
1898 4788 1993 4843 de-

350 4880 927 4952 signarint,quonam
944 4883 1112 4949 pacto
1128 4876 1239 4946 ipsi
1255 4891 1489 4945 quoque
1506 4891 1621 4928 non
1636 4876 1839 4930 eadem
1862 4893 1991 4947 per-

352 4970 784 5038 petrabunt?Ex
807 4969 897 5021 his
921 4967 1097 5035 igitur
1120 4964 1334 5018 erroris
1361 4963 1572 5017 studiis
1599 4970 1654 5018 et
1677 4966 1985 5035 institutis,

348 5056 691 5111 hominibus
709 5057 866 5111 bella
889 5053 1353 5121 etcaedes,atque
1366 5052 1610 5107 acerbas
1623 5055 1987 5124 captivitates

352 5144 527 5199 crebo
568 5145 822 5215 experiri
858 5143 1123 5215 contigit.
1148 5140 1501 5209 Quinetiam,
1537 5142 1583 5195 si
1618 5142 1687 5197 de
1722 5143 1986 5214 ipsorum

2097 4608 2321 4671 τούτους
2356 4608 2686 4685 συνηγόρους
2715 4604 2935 4683 ἔχοντες
2984 4616 3083 4679 τῆς
3125 4611 3335 4679 κακίας,
3370 4612 3726 4687 μοιχεύωσιν,

2100 4695 2401 4771 άρπάζωσι,
2457 4698 2744 4774 φονεύωσι,
2802 4699 2890 4751 καὶ
2949 4699 3016 4751 τὰ
3070 4696 3322 4753 πάνδεινα
3377 4705 3627 4758 ποιῶσιν.
3668 4700 3729 4757 Εί

2097 4788 2196 4861 γάρ
2229 4788 2278 4840 οἱ
2311 4788 2422 4841 θεοὶ
2472 4786 2645 4841 αὐτῶν
2697 4790 2917 4840 τοιαῦτα
2969 4785 3247 4859 ἐποίησαν,
3292 4794 3407 4851 πῶς
3457 4789 3546 4844 καὶ
3578 4789 3728 4845 αὐτοὶ

2096 4875 2156 4929 οῦ
2188 4879 2407 4929 τοιαῦτα
2446 4872 2779 4950 πράξουσινς
2840 4877 2933 4931 Ἐκ
2987 4874 3194 4931 τούτων
3246 4875 3335 4931 οῦν
3384 4882 3489 4931 τῶν
3545 4878 3728 4947 ἐπιτη-

2097 4961 2372 5036 δευμάτων
2403 4970 2501 5033 τῆς
2552 4963 2761 5033 πλάνης
2794 4959 2983 5034 συνέϐη
3035 4965 3161 5028 τοὺς
3210 4965 3527 5040 ἀνθρώπους
3567 4966 3727 5022 πολέ-

2099 5074 2231 5125 μους
2282 5047 2427 5126 ἔχειν
2486 5052 2745 5127 συχνοὺς,
2794 5052 2881 5107 καὶ
2944 5053 3146 5129 σφαγὰς
3202 5052 3291 5108 καὶ
3342 5053 3727 5130 αἴχμαλωσίας

2094 5143 2312 5217 πικράς.
2346 5139 2525 5196 Ἀλλὰ
2576 5140 2667 5194 καὶ
2723 5142 2841 5194 καθ’
2886 5136 3106 5197 ἕκαστον
3156 5146 3263 5198 τῶν
3314 5148 3444 5207 θεῶν
3477 5144 3649 5200 αὐτῶν
3682 5143 3725 5198 εί

422 5290 534 5362 (61)
568 5291 657 5345 Sic
691 5294 756 5355 Α,
780 5290 1008 5363 syntaxi
1033 5289 1366 5363 laborante,
1399 5304 1507 5363 nec
1537 5288 1709 5342 aliter
1738 5291 1915 5363 codex
1940 5296 2062 5361 907,
2089 5309 2263 5363 quem
2288 5290 2568 5363 Dvocaho
2595 5289 2894 5363 deinceps,
2915 5290 3167 5363 sifuerit
3188 5292 3261 5346 ad
3290 5298 3486 5363 partes
3518 5311 3725 5349 vocan-

350 5358 487 5435 du_s._
515 5363 585 5435 In
612 5363 651 5417 C
682 5367 770 5435 est
797 5358 1002 5435 ingens
1033 5360 1247 5435 lacuna
1276 5375 1309 5413 a
1337 5358 1528 5412 verbis
1569 5362 1969 5431 superioribus

2106 5358 2265 5418 ’ποτε
2298 5362 2392 5435 μὲν
2426 5360 2630 5435 χαίρεί,
2663 5362 2735 5416 ad
2765 5358 2851 5414 καὶ
2886 5359 2986 5413 εἶ’σὶ
3020 5358 3326 5435 παράνομοι
3351 5362 3401 5418 οἱ
3424 5368 3528 5419 τῶν
3562 5363 3721 5418 ἐθνῶν

350 5432 438 5485 καὶ
469 5429 492 5485 ἐ
531 5432 719 5505 γίζειν,
754 5432 907 5486 infra
936 5448 1065 5502 pag.
1100 5434 1222 5483 252.

418 5452 533 5575 (625
567 5502 951 5560 lnserendum
986 5499 1222 5572 πορευόμ

418 5504 951 5575 (62)“Ιιιεεινθηι1ιιω
986 5518 1105 5571 πορι

446 5577 535 5648 63)
567 5575 649 5630 Cf.
683 5593 738 5647 p.
772 5576 897 5641 234,
928 5590 987 5630 n.
1017 5575 1105 5632 34.

422 5576 538 5720 (64)
566 5648 731 5707 Conf.
762 5664 821 5720 p.
853 5646 942 5704 49.

715 5690 731 5707 .
762 5664 821 5720 p.
853 5664 942 5704 sv.

567 5499 954 5579 inserendum
986 5499 1346 5579 πῇρευόμενοι
1371 5500 1619 5558 videtur.
1654 5502 1737 5558 Cf.
1770 5509 1813 5561 t.
1845 5505 1917 5575 Il,
1948 5523 2007 5577 p.
2039 5506 2160 5579 124,
2189 5523 2249 5563 n.
2286 5511 2336 5563 1.
