3994 6150
327 282 467 339 1113

1490 298 1664 352 νιΤΑ
1697 298 2047 354 ΒΔΒΙιΔΔΜ
2079 301 2173 356 ΒΤ
2193 301 2538 358 ΙΟΔΒΔΡΗ.

3579 298 3718 355 ii“

327 403 634 495 θελήσομιν
659 405 834 464 έλθεῖν
857 410 1072 484 (65)τῷ
1102 411 1278 487 λόγῳ,
1306 413 1525 484 πολλὴν
1558 413 1678 490 ὅψιι
1707 418 1805 486 τὴν
1838 419 1954 474 ἆτος

2079 422 2194 478 diis
2223 423 2527 495 sigillatim
2557 423 2733 480 verba
2758 423 2951 479 facere
2981 421 3252 491 velimus,
3279 421 3582 494 ingentem
3609 422 3713 478 ab-

321 491 474 550 πίαν.

399 582 461 639 Ὁ
487 586 706 656 πρῶτος
747 587 862 659 (66)
917 590 1300 665 παρεισάγεται
1360 591 1543 654 αὐτοῖς
1589 594 1695 668 πρὸ
1749 595 1963 649 πάντων

327 670 448 732 θεὸς
481 672 509 725 ὁ
539 671 836 745 λεγόμενος
866 675 1094 748 Κρόνος,
1124 679 1214 732 καὶ
1270 678 1451 752 τούτῳ
1500 679 1684 743 θύουσι
1741 682 1808 736 τὰ
1855 680 1967 736 ἷ¹δια

322 758 589 827 τέκνα,ὅς
639 759 770 834 ἔσχε
823 761 1019 826 παῖδας
1077 764 1322 829 πολλοὺς
1381 767 1440 823 ἐκ
1495 770 1594 838 τῆς
1650 770 1820 841 Ῥέας,
1874 770 1964 825 καὶ

327 848 512 919 μανεὶς
542 845 695 916 ἤσθιε
714 850 782 903 τὰ
813 848 922 905 ἴδια
962 851 1138 908 τέκνα.
1201 855 1342 909 Φασὶ
1396 853 1453 910 δὲ
1503 857 1595 912 τὸν
1650 859 1747 912 Δία
1798 857 1962 932 κόψαι

320 935 484 988 αὐτοῦ
512 937 578 990 τὰ
607 935 869 1012 ἀναγκαῖα
899 943 1006 1012 (67)
1036 941 1126 995 καὶ
1164 940 1352 1017 βαλεῖν
1383 943 1457 1006 εἷς
1512 945 1610 1011 τήν
1670 943 1960 1016 θάλασσαν,

321 1025 472 1082 245
533 1025 652 1088 ὅθεν
713 1025 1044 1100 ’Δφροδίτην
1107 1029 1429 1102 μυθεύεσθαι
1488 1034 1598 1105 (68)
1654 1035 1960 1108 γεννᾶσθαι.

317 1113 493 1181 Δήσας
523 1111 734 1167 οὖντὸν
768 1111 904 1170 ἴδιον
963 1117 1168 1193 πατέρα
1226 1119 1255 1173 ὁ
1302 1118 1430 1181 Ζεὺς
1486 1114 1679 1175 ἔϐαλεν
1736 1119 1812 1182 εἷς
1863 1122 1957 1176 τὸν

315 1198 611 1273 Τάρταρον.
643 1201 802 1275 Ὁρᾷς
829 1204 929 1272 τήν
955 1203 1167 1276 πλάνην
1213 1206 1303 1262 καὶ
1356 1205 1633 1283 ἀσέλγειαν
1690 1209 1757 1277 ἢν
1814 1229 1961 1284 παρ-

313 1285 745 1362 εισάγουσικατὰ
795 1295 894 1345 τοῦ
937 1296 1060 1356 θεοῦ
1116 1293 1294 1349 αὐτῶν
1326 1315 1342 1364 ;
1375 1293 1686 1370 Ἐνδέχεται
1714 1296 1804 1351 οὖν
1837 1296 1955 1351 θεὸν

311 1375 444 1429 εἶναι
475 1373 699 1450 δέσμιον
723 1377 814 1432 καὶ
855 1379 1135 1436 ἀπόκοπον
1170 1401 1186 1454 ;
1217 1381 1262 1437 ὣ
1288 1390 1390 1452 τῆς
1435 1385 1618 1446 ἀνοίας
1653 1387 1666 1442 l
1716 1383 1801 1447 τίς
1846 1390 1954 1440 τῶν

311 1467 436 1517 vo'w
457 1461 695 1538 ἑχόντων
727 1469 896 1522 ταῦτα
927 1469 1144 1542 φήσειεν
1171 1489 1186 1539 ;

386 1639 640 1718 Δεύτερος
670 1647 1053 1721 παρεισάγεται
1085 1648 1114 1702 ὁ
1143 1647 1294 1717 Ζεὺς,
1344 1649 1402 1704 ὃν
1461 1670 1588 1727 φασι
1640 1651 1952 1726 βασιλεῦσαι

310 1734 580 1829 τῶνυθιιῖιν
609 1732 813 1829 αύτῶν,
835 1734 926 1789 καὶ
961 1740 1441 1812 μεταμορφοῦσθαι
1502 1738 1579 1800 εἰς
1635 1743 1768 1811 ζῶα,
1801 1738 1948 1801 ὅπως
1982 1763 2026 1829 Β

315 1819 592 1895 μοιχεύοντι
655 1823 856 1892 θνητάς
912 1831 1193 1898 γυναῖκας.
1250 1827 1640 1903 Παρεισάγουσι
1698 1827 1796 1903 γὰρ
1825 1827 1954 1882 τοῦ-

308 1928 402 1962 τον
429 1911 950 1987 μεταμορφούμενον
983 1913 1060 1978 εἷς
1099 1919 1295 1990 ταῦρον
1353 1917 1488 1989 πρὸς
1543 1917 1834 1990 Εὐρώπην,
1861 1917 1950 1972 καὶ

312 1996 391 2058 εἰς
425 1998 628 2071 χρυσὸν
663 1999 802 2073 πρὸς
852 2002 1086 2072 Δανάην,
1125 2003 1214 2058 καὶ
1267 2002 1346 2067 εἲς
1398 2003 1590 2059 κύκνον
1649 2007 1758 2076 (69)
1812 2005 1948 2078 πρὸς

311 2082 521 2157 Λήδαν,
552 2085 643 2140 καὶ
675 2086 751 2149 εἷς
785 2089 1014 2162 σάτυρον
1063 2092 1197 2164 πρὸς
1257 2093 1575 2162 Ἀντιόπην,
1602 2093 1690 2147 καὶ
1722 2091 1799 2156 εἷς
1852 2113 1951 2148 κε-

312 2173 508 2248 ραυνὸν
539 2173 677 2248 πρὸς
739 2172 1013 2249 Σεμὲληψ
1049 2182 1162 2234 εἶτα
1217 2179 1456 2256 γενέσθαι
1516 2179 1574 2236 ἐκ
1617 2180 1822 2236 τούτων
1854 2181 1950 2236 τέ-

311 2283 411 2316 κνα
441 2261 648 2334 πολλὰ,
682 2263 958 2338 Διόνυσον,
991 2267 1077 2321 καὶ
1136 2272 1306 2333 Ζῆθον
1361 2272 1469 2342 (70)
1521 2270 1608 2324 καὶ
1653 2271 1950 2347 Ἀμφίονα,

311 2349 402 2404 καὶ
458 2349 759 2427 Ἡρακλῆν,
817 2354 908 2407 καὶ
967 2353 1296 2411 Ἀπόλλωνα
1344 2357 1434 2411 καὶ
1517 2359 1804 2432 ”Αρτεμιν,
1862 2357 1950 2413 καὶ

315 2440 542 2514 Περσέα,
603 2441 852 2517 Κάστορά
904 2463 964 2497 τε
1013 2443 1103 2498 καὶ
1161 2442 1386 2512 Ἑλένην
1437 2446 1528 2500 καὶ
1579 2443 1950 2518 Πολυδεύκην,

314 2527 406 2582 καὶ
455 2527 664 2597 Μίνωα,
713 2529 802 2584 καὶ
860 2527 1256 2605 Ῥαδάμανθυν,
1311 2533 1403 2587 καὶ
1457 2530 1805 2608 Σαρπηδόνα,
1861 2534 1950 2588 καὶ

315 2617 413 2678 τὰς
465 2614 612 2672 ἐννέα
667 2620 822 2677 248
873 2621 1166 2696 θυγατέρας
1221 2619 1282 2682 ἅς
1335 2621 1770 2696 προσηγόρευσαν
1801 2621 1951 2676 Μού-

313 2727 434 2768 σας.

383 2795 498 2851 Εἶθ’
529 2793 700 2859 οὕτως
731 2795 1127 2872 παρεισάγουσι
1156 2799 1223 2852 τὰ
1279 2796 1417 2852 κατᾶ
1465 2799 1556 2852 τὸν
1605 2796 1950 2872 Γανυμήδην.

315 2878 524 2953 Συνέϐη
557 2883 672 2956 οὗν,
707 2884 952 2959 βασιλεῦ,
996 2890 1113 2949 τοῖς
1141 2887 1446 2962 ἀνθρώποις
1477 2887 1760 2959 μιμεῖσθαι
1787 2891 1953 2942 ταῦτα

314 2970 507 3042 πάντα,
539 2975 629 3027 καὶ
663 2973 901 3049 γίνεσθαι
957 2974 1194 3049 μοιχοὺς
1248 2974 1336 3030 καὶ
1394 2974 1808 3052 ἀρῥενομανεῖς,
1859 2977 1948 3032 καὶ

310 3054 498 3114 ἄλλων
525 3057 710 3116 δεινῶν
739 3057 912 3137 ἓργων
943 3059 1190 3136 ἐργάτας,
1232 3063 1369 3118 κατὰ
1400 3063 1630 3136 μίμησιν
1675 3067 1774 3118 τοῦ
1824 3065 1946 3118 θεοῦ

304 3150 421 3218 (71)
451 3147 646 3206 αὐτῶν.
681 3153 803 3213 Πῶς
831 3151 921 3204 οὖν
954 3147 1230 3226 ἐνδέχεται
1287 3150 1407 3206 Θεὸν
1468 3154 1606 3207 εἶναι
1659 3152 1858 3227 μοιχὸν
1908 3149 1944 3220 ἤ

305 3231 678 3310 ἆνδροϐάτην,
709 3235 745 3307 ἤ
777 3238 1143 3314 πατροκτόνον
1179 3267 1196 3310 ;

383 3410 492 3466 Σὺν
522 3413 700 3486 τούτῳ
766 3413 823 3470 δὲ
881 3417 970 3472 καὶ
1031 3417 1327 3495 Ἥφαιστόν
1383 3423 1506 3473 τινά
1570 3419 1956 3493 παρεισάγουσι

272 3568 275 3572 _
305 3501 432 3556 θεὸν
468 3505 627 3575 εἶναι,
657 3505 746 3560 καὶ
775 3510 964 3562 τοῦτον
995 3507 1207 3582 χωλὸν,
1262 3507 1354 3563 καὶ
1401 3512 1700 3582 κρατοῦντα
1755 3507 1957 3586 σφύραν

319 3590 409 3644 καὶ
441 3587 776 3666 πυρόλαϐον,
807 3595 897 3648 καὶ
957 3593 1297 3668 χαλκεύοντα
1329 3598 1488 3670 χάριν
1541 3602 1765 3672 τροφῆς.
1817 3602 1958 3666 Ἄρα

321 3676 542 3750 έπιδεής
573 3681 734 3738 ἐστιν·
771 3679 903 3758 ὅπερ
934 3683 1032 3739 οὐκ
1083 3681 1358 3758 ἐνδέχεται
1420 3686 1536 3748 θεὸν
1596 3684 1727 3740 εἶναι
1766 3685 1952 3759 χωλὸν

311 3767 404 3822 καί
435 3767 837 3844 προσδεόμενον
869 3772 1193 3846 ἀνθρώπων.

386 3858 516 3912 Εἶτα
569 3859 658 3914 τὸν
712 3861 920 3934 Ἑρμῆν
969 3861 1359 3934 παρεισάγουσι
1426 3860 1544 3924 θεὸν
1603 3859 1735 3915 εἶναι
1769 3859 1956 3916 έπιθυ-

321 3947 525 4018 μητήν,
555 3949 645 4002 καὶ
676 3948 918 4018 κλέπτην
949 3948 1039 4002 καὶ
1077 3947 1434 4019 πλεονέκτην,
1464 3948 1554 4004 καὶ
1617 3948 1808 4026 μάγον,
1863 3950 1954 4006 καὶ

317 4032 550 4106 κυλλὸν,
579 4036 668 4090 καὶ
700 4036 878 4112 λόγων
912 4036 1270 4110 ἐρμηνευτήν.
1303 4039 1475 4112 ’Όπερ
1529 4037 1628 4092 οὐκ
1683 4035 1953 4113 ἐνδέχεται

319 4120 438 4177 θεὸν
470 4123 602 4178 εἶναι
629 4128 902 4183 τοιοῦτον.

391 4211 490 4266 Τὸν
546 4208 604 4267 δὲ
660 4213 992 4280 Ἀσκληπιὸν
1045 4215 1428 4290 παρεισάγουσι
1487 4215 1605 4269 θεὸν
1645 4217 1801 4287 εἶναι,
1860 4217 1952 4270 ἱα-

313 4298 440 4372 τρὸν
469 4301 596 4356 ὄντα
622 4302 713 4356 καὶ
744 4301 1207 4372 κατασκευάζοντα
1253 4303 1510 4379 φάρμακα
1563 4303 1655 4357 καὶ
1711 4304 1950 4367 σύνθεσιν

2075 510 2425 568 surditatem
2456 517 2874 584 perspecturus
2908 529 2990 568 es.

2144 599 2447 669 Siquidem
2481 601 2799 656 Saturnum
2832 599 3094 670 ipsiante
3111 615 3317 654 omnes
3340 598 3516 653 deum
3536 597 3708 652 indu-

2071 689 2412 759 cunt,eique
2435 689 2586 744 ﬁlios
2609 705 2745 743 suos
2764 692 3043 743 mactant.
3081 689 3189 752 Qui
3211 687 3449 757 quidem
3465 703 3534 740 ex
3546 686 3709 740 Rhea

2069 775 2288 830 multos
2312 776 2465 830 ﬁlios
2480 776 2705 844 habuit,
2715 793 2863 846 quos
2877 776 3052 830 etiam
3066 777 3188 846 ipse
3206 775 3404 830 furore
3418 775 3704 846 percitus,

2068 861 2400 917 devorabat.
2426 864 2821 918 Aiuntautem
2851 864 3048 918 Jovem
3079 863 3191 932 ipsi
3223 862 3476 932 genitale
3509 877 3697 915 mem-

2065 949 2237 1004 brum
2268 951 2612 1021 abscidisse,
2645 952 2904 1021 atquein
2927 966 3089 1006 mare
3108 950 3451 1021 projecisse,
3480 966 3549 1004 ex
3581 964 3695 1018 quo

2066 1038 2352 1093 Venerem
2375 1045 2564 1094 ortam
2589 1056 2715 1094 esse
2736 1038 3096 1094 fabulantur.
3127 1039 3354 1109 Jupiter
3373 1042 3572 1093 autem
3592 1053 3696 1107 pa-

2063 1129 2215 1180 trem
2237 1143 2409 1182 suum
2423 1128 2671 1182 vinculis
2692 1126 3167 1193 constrictum,in
3189 1131 3476 1181 tartarum
3496 1123 3700 1196 praeci-

2061 1211 2241 1282 pitem
2264 1213 2628 1270 dedit.Vides
2650 1231 2911 1270 errorem
2928 1231 2994 1270 ac
3016 1213 3350 1281 libidinem,
3377 1229 3555 1284 quam
3590 1213 3694 1268 ad-

2061 1316 2264 1357 versus
2293 1301 2470 1358 deum
2501 1320 2674 1358 suum
2704 1302 3007 1358 invehunt.
3055 1305 3204 1357 Num
3234 1301 3397 1358 enim
3429 1301 3557 1356 ﬂeri
3587 1317 3696 1372 po-

2060 1393 2178 1445 test
2223 1395 2290 1445 ut
2326 1391 2472 1446 deus
2511 1392 2736 1446 catenis
2783 1392 3092 1460 vinciatur,
3125 1391 3357 1461 ipsique
3404 1389 3691 1461 genitales

2058 1483 2256 1548 partes
2286 1480 2709 1550 amputentur?
2730 1481 2772 1534 0
2802 1480 3164 1551 singularem
3177 1477 3499 1534 amentiam
3520 1477 3531 1532 l
3553 1479 3691 1544 Quis

2057 1572 2257 1621 mente
2288 1567 2570 1638 praeditus
2598 1568 2725 1623 haec
2755 1567 3013 1622 dixerit?

2129 1655 2434 1710 Secundus
2449 1657 2676 1727 Jupiter
2697 1655 3019 1723 inducitur,
3045 1672 3222 1726 quem
3243 1655 3305 1710 in
3327 1671 3534 1710 omnes
3551 1654 3692 1709 deos

2059 1759 2198 1798 suos
2217 1760 2468 1815 regnum
2491 1750 2691 1800 tenere
2712 1744 2900 1811 aiunt,
2932 1748 3107 1815 atque
3125 1744 3187 1797 in
3217 1743 3406 1798 varias
3423 1744 3694 1798 animan-

2058 1830 2206 1886 tium
2223 1833 2436 1904 ﬁguras
2480 1832 2804 1901 immutari,
2831 1837 2899 1887 ut
2926 1831 3275 1886 mortalibus
3315 1829 3696 1886 mulieribus-

2058 1924 2328 1990 stuprum
2345 1921 2815 1976 inferat.Etenim
2834 1936 2970 1976 eum
2991 1920 3051 1974 in
3075 1925 3308 1975 taurum
3329 1935 3456 1974 sese
3479 1920 3696 1974 immu-

2057 2011 2212 2062 tasse
2263 2009 2524 2076 tradunt,
2569 2014 2634 2063 ut
2670 2010 2901 2080 Europa
2930 2009 3246 2078 potiretur;
3279 2008 3340 2062 in
3371 2023 3600 2072 aurum,
3633 2010 3701 2060 ut

2057 2097 2254 2151 Danae
2282 2097 2343 2151 in
2372 2103 2718 2168 cygnum,ut
2747 2096 2917 2164 Leda;
2951 2096 3012 2150 in
3042 2097 3405 2166 Satyrum,ut
3424 2095 3697 2164 Antiopa;

2057 2184 2119 2238 iu
2148 2185 2397 2254 fulmen,
2427 2190 2494 2238 ut
2523 2183 2770 2239 Semela.
2799 2186 2882 2238 Ac
2911 2189 3115 2254 postea
3153 2184 3376 2238 multos
3402 2200 3472 2237 ex
3521 2183 3594 2236 iis
3625 2181 3698 2235 ﬁ-

2057 2271 2169 2326 lios
2199 2272 2812 2338 exstitisse,Bacchum
2845 2270 3094 2336 scilicet,
3129 2270 3396 2336 Zethum,
3423 2267 3704 2339 Amphio-

2057 2376 2219 2428 nem,
2279 2359 3009 2430 Herculem,.Apollinem,
3069 2358 3338 2425 Dianam,
3393 2358 3696 2426 Perseum,

2062 2450 2366 2503 Castorem
2397 2454 2453 2503 et
2483 2448 2810 2512 Pollucem,
2835 2447 3139 2513 Helenam,
3166 2445 3439 2512 Minoem,
3473 2443 3698 2500 Rhada-

2058 2537 2390 2602 manthum,
2423 2535 2845 2606 Sarpedonem,
2878 2541 2936 2589 et
2959 2551 3168 2590 novem
3200 2534 3343 2589 item
3368 2533 3696 2604 ﬁlias,quas

2058 2624 2250 2678 Musas
2283 2627 2649 2693 nuncupant.

2129 2800 2209 2854 Ac
2239 2798 2478 2854 demum
2508 2798 2580 2854 de
2621 2796 2955 2868 Ganymede
2999 2813 3336 2852 sermonem
3384 2794 3696 2852 inducunt-

2059 2888 2207 2942 Hinc
2230 2888 2450 2957 itaque,
2475 2903 2506 2942 ο
2523 2885 2997 2954 rex,hominibus
3020 2885 3282 2956 contigit,
3306 2888 3372 2939 ut
3391 2883 3464 2939 ad
3488 2884 3580 2939 dei
3605 2885 3696 2940 sui

2057 2974 2450 3031 imitationem
2469 2975 2594 3030 haac
2610 2975 2808 3029 omnia
2831 2974 3226 3040 imitarentur,
3246 2978 3421 3044 atque
3443 2971 3697 3027 adulteri

2059 3069 2278 3131 essent,
2304 3070 2362 3118 et
2383 3063 2592 3120 insano
2610 3062 3010 3118 masculorum
3033 3078 3232 3117 amore
3257 3066 3618 3131 tenerentur,
3643 3066 3702 3116 et

2059 3153 2177 3208 alia
2197 3153 2493 3208 horrenda
2513 3153 2734 3225 ﬂagitia
2763 3156 3190 3223 perpetrarent.
3224 3151 3491 3215 Quonam
3521 3148 3702 3220 igitur

2065 3241 2240 3297 modo
2268 3241 2396 3297 ﬁeri
2425 3247 2619 3313 potest
2646 3246 2711 3296 ut
2740 3241 2893 3296 Deus
2915 3239 3146 3296 adulter
3176 3239 3272 3307 sit,
3325 3242 3426 3294 aut
3453 3237 3702 3309 pasdico,

2065 3333 2168 3384 aut
2193 3329 2487 3400 parricida
2505 3329 2533 3384 ‘I

2137 3420 2289 3486 Quin
2323 3420 2648 3476 Vulcanum
2664 3420 2841 3476 etiam
2867 3417 3185 3490 quemdam
3217 3417 3392 3472 deum
3423 3432 3551 3472 esse
3582 3421 3703 3471 tra-

2065 3508 2310 3577 dunt,eu
2320 3526 2492 3580 mque
2515 3507 3220 3578 claudum,malleumque
3237 3524 3305 3562 ac
3317 3506 3604 3577 forcipem
3616 3509 3701 3559 te-

2063 3602 2393 3664 nentem,et
2404 3597 2663 3652 ferrariae
2677 3597 2786 3653 arti
2804 3597 2985 3651 victus
2999 3612 3176 3651 causa
3186 3610 3426 3666 operam
3440 3595 3702 3648 dantem.

2063 3687 2210 3755 Ergo
2226 3703 2422 3740 rerum
2437 3686 2686 3756 penuria
2700 3684 3006 3739 laborabat
3032 3684 3208 3754 Atqui
3222 3701 3256 3737 a
3274 3685 3390 3736 Deo
3405 3683 3702 3749 abhorret,

2064 3773 2339 3828 claudum
2366 3789 2514 3840 esse,
2548 3779 2724 3842 atque
2755 3773 3067 3826 hominum
3101 3787 3209 3842 ope
3236 3769 3520 3841 indigere.

2132 3860 2703 3916 AdhaacMercurium
2717 3861 2889 3915 etiam
2903 3859 3075 3914 nobis
3088 3859 3265 3914 deum
3280 3857 3704 3927 inducunt,qui

2063 3948 2314 4020 cupidus
2349 3949 2446 4016 sit,
2475 3954 2533 4004 et
2560 3947 2675 4015 fur,
2720 3953 2778 4002 et
2811 3965 3040 4016 avarus,
3073 3951 3132 4002 et
3177 3962 3404 4018 magus,
3437 3949 3496 4000 et
3521 3945 3704 4000 versi-

2061 4037 2258 4109 pellis,
2289 4053 2357 4093 ac
2388 4053 2727 4092 sermonum
2756 4037 3068 4108 interpres:
3101 4035 3266 4100 Quod
3293 4034 3532 4106 quidem
3563 4033 3704 4088 item

2062 4126 2126 4182 in
2157 4125 2260 4181 Dei
2292 4131 2567 4182 naturam
2597 4125 2840 4180 minime
2874 4124 3051 4180 cadit.

2131 4214 2529 4286 IEsculapium
2559 4215 2804 4286 insuper
2831 4214 2893 4268 in
2916 4213 3162 4270 deorum
3188 4228 3436 4268 numero
3459 4211 3703 4280 habent,

2063 4305 2165 4376 qni
2195 4305 2461 4361 medicus
2492 4311 2639 4374 erat,
2668 4311 2726 4361 et
2749 4304 3072 4376 pharmaca
3100 4304 3475 4372 conficiebat,
3526 4307 3702 4373 atque

534 4459 599 4527 D,
634 4454 810 4513 ’Δλλὲ
834 4457 924 4512 καὶ
953 4459 1071 4522 καθ’
1103 4455 1182 4515 ἔκ.
1207 4479 1257 4514 τ.
1281 4459 1331 4514 θ.
1363 4458 1544 4514 αὐτῶν
1573 4456 1919 4532 ἠθελήσαμεν
1955 4457 2213 4530 ἐξελθεῖν.
2245 4461 2359 4516 Hro
2435 4457 2630 4515 ἐλθεῖν.
2695 4476 2818 4516 non
2855 4456 3110 4530 ἐξελθεῖν,
3153 4459 3256 4515 sed
3311 4454 3546 4521 διελθεῖν
3576 4457 3700 4512 fere

320 4529 518 4583 velim.

392 4600 506 4671 (66)
536 4600 728 4676 Codex
759 4602 826 4664 A,
859 4600 1028 4676 635:,
1063 4602 1220 4676 quod
1251 4602 1488 4676 mutavi.
1525 4601 1684 4656 Infra
1715 4598 1954 4676 δεύτερος

2073 4603 2266 4676 :quod
2323 4603 2397 4658 ad
2440 4603 2874 4676 restituendum
2903 4602 2930 4655 ὁ
2988 4605 3207 4676 πρῶτος
3236 4601 3420 4676 du_xit,
3451 4602 3518 4668 Ι),
3577 4597 3704 4652 ἀτο-

321 4668 449 4744 πξαν
477 4668 856 4744 παρεισάγεται
881 4672 979 4744 γὰρ
1013 4668 1140 4744 παρ’
1165 4671 1368 4732 αὐτοῖς.
1401 4674 1818 4742 Trapezuntius
1845 4668 1922 4728 εἰ(
1951 4722 1954 4727 ι

2073 4668 2259 4728 aditur
2281 4679 2479 4731 autem
2509 4674 2581 4730 ab
2614 4674 2698 4729 eis
2729 4680 2865 4730 ante
2894 4668 3102 4730 omnes
3133 4673 3274 4728 deos
3307 4668 3612 4727 Saturnus.
3675 4691 3698 4720 ι

323 4741 591 4816 Βὶιιγιιεε
625 4765 654 4794 α
674 4741 797 4816 Car
820 4741 1176 4816 ils'mette'nt
1203 4744 1257 4798 le
1288 4741 1557 4816 premier
1571 4760 1672 4799 sur
1701 4744 1757 4799 le
1787 4761 1934 4816 rang
1959 4745 2224 4800 Saturne.
2261 4767 2290 4794 »

393 4810 504 4881 (6‘7)
532 4815 600 4888 D_,
631 4812 698 4868 τὰ
717 4810 916 4888 αἰδοῖα.
949 4814 1154 4888 Nescio
1175 4810 1372 4888 utrum
1402 4813 1710 4888 nominum
1738 4810 1942 4888 eorum

2077 4817 2160 4888 eri
2209 4821 2464 4888 praestet.
2512 4817 2613 4888 Est
2658 4814 2950 4888 ἀναγκαῖον
3000 4832 3088 4888 eo,
3131 4830 3311 4888 sensu
3369 4811 3699 4888 antiquum.

321 4885 761 4959 Ar_temidorus,_
786 4903 826 4950 ι,
854 4886 960 4959 (:5,
981 4900 1049 4959 ea
1078 4885 1149 4939 de
1181 4901 1243 4959 re
1277 4901 1290 4939 :
1319 4881 1636 4959 ᾁναγιιαῖδόν
1658 4903 1717 4938 τε
1744 4884 1954 4959 καλεῖτᾳ

2073 4887 2150 4959 ibi
2183 4881 2407 4959 Rigalt.
2431 4892 2488 4942 et
2519 4887 2713 4942 Reisk.
2749 4881 2892 4943 A'cta
2920 4887 3147 4942 Theclae
3177 4887 3236 4939 in
3275 4882 3470 4938 Grabii
3498 4881 3700 4953 Spicil.

323 4959 364 5009 ι.
401 4955 442 5020 Ι,
477 4972 534 5026 p.
569 4959 669 5010 112
703 4972 716 5010 :
748 4955 878 5008 Ὑπὸ
906 4955 974 5008 τὰ
1002 4955 1263 5029 ἀναγκαῖα
1285 4975 1306 5008 τ

544 5027 609 5101 D,
670 5021 965 5101 ξΑφροδίτη
1003 5024 1306 5098 μυθεύεται.

404 5096 513 5166 (69)
543 5100 608 5163 Α,
642 5095 718 5159 εἷς
741 5095 998 5166 σκύμνον.

477 4959 716 5030 p._ll2_:
748 4953 974 5030 '1‘1t§_t&
1002 4955 1263 5030 ἀναγκαῖα
1285 4957 1390 5008 τῶν
1421 4952 1632 5026 ταύρων
1657 4956 2023 5030 πεπυρωμένα
2053 4952 2580 5030 σίδηρίὺπέθηκαν.

403 5169 516 5238 (70)
547 5169 813 5224 Starkius
843 5165 903 5222 in
933 5169 1198 5224 versione
1222 5167 1528 5241 Symeonis
1559 5167 1718 5241 sethi
1745 5168 1815 5224 de
1839 5168 2181 5241 Stephanite
2214 5172 2271 5224 et
2300 5169 2619 5241 Ichnelate.
2644 5187 2702 5241 p.
2722 5172 2837 5241 7487
2866 5187 2879 5224 :
2910 5188 2936 5220 α
2969 5172 3128 5240 opto,
3157 5184 3278 5224 rex.
3314 5170 3392 5241 _ut
3440 5165 3513 5241 ad
3543 5165 3703 5220 Zethi

333 5237 567 5312 atatem
589 5241 907 5312 pertingas.
944 5262 973 5290 »
1001 5242 1138 5312 Quae
1164 5237 1338 5294 verba
1366 5239 1559 5312 prima
1584 5238 1736 5295 forte
1768 5241 1830 5295 in
1859 5237 2062 5312 oculos
2087 5239 2495 5312 incurrebant,
2528 5237 2663 5295 cuni
2691 5240 2910 5294 librum
2941 5237 3272 5312 perrarum,
3297 5238 3396 5312 diu
3409 5255 3475 5312 ac
3487 5237 3706 5312 frustra

328 5309 664 5397 quaesitum,
696 5309 936 5397 tanIdem
955 5311 1126 5397 avide
1157 5309 1454 5397 aperirem
1471 5311 1598 5397 jam
1621 5310 2053 5397 meum,’idque
2084 5310 2375 5397 beneficio
2408 5309 2639 5397 Sinneri
2671 5328 2722 5365 v.
2755 5309 3171 5397 humanissimi
3206 5327 3272 5364 ac
3298 5309 3538 5397 doctiss.
3564 5309 3702 5372 Quae

324 5378 528 5454 latinis
554 5382 922 5454 respondent
951 5378 1293 5454 Grmcahmc
1324 5378 1508 5454 sunt';
1541 5379 1787 5454 βασιλεῦ,
1819 5379 1894 5454 εἷς
1926 5400 1954 5434 τ

2073 5378 2216 5454 ιῖῷνα
2243 5385 2362 5449 ζῆο.
2396 5383 2582 5438 Abeat
2609 5381 2815 5454 procul
2847 5382 2955 5454 ille
2979 5382 3292 5454 (7,0,liomo
3314 5397 3424 5436 nec
3442 5381 3697 5447 Graecus,

327 5466 437 5507 nec
466 5451 674 5520 Indus,
699 5470 809 5508 nec
836 5455 1034 5520 Persa,
1066 5452 1161 5508 cui
1185 5451 1582 5524 substituatur
1604 5452 1844 5510 verbum
1875 5453 2286 5524 imperativum
2319 5456 2464 5522 ζῆθι,
2498 5451 2714 5522 ﬁetque
2743 5451 3000 5508 formula
3029 5468 3100 5507 ex
3153 5452 3389 5508 Oriente
3439 5455 3695 5520 sumpta,

329 5537 511 5607 quam
531 5525 784 5607 explicui
817 5540 1014 5607 supra,
1038 5528 1248 5595 etquae
1268 5540 1477 5582 rursus
1497 5523 1652 5581 infra
1679 5529 1967 5582 occurret.

404 5593 512 5667 (Ἠ)
540 5593 735 5667 Αίτῶν
767 5593 924 5658 θεῶν.
