3994 6150
427 274 565 331 1115
1954 270 2322 327 ΔΒΒωΔ.
3655 271 3707 329 ll
3718 272 3773 328 16

431 401 770 472 emplastra,
801 399 988 457 victus
1020 398 1265 472 parandi
1296 412 1474 455 causa
1502 399 1664 468 (nam
1711 395 1774 452 in
1804 398 2059 468 egestate

2184 390 2562 467 ἱμπλάστρων,
2621 390 2787 466 χάριν
2858 394 3069 467 τροφῆς
3148 384 3428 461 (ἐπενδεής
3509 388 3606 466 γὰρ
3680 397 3777 468 ἦν),

427 490 792 561 versabatur)
822 489 1231 561 componebat,
1265 493 1398 558 post
1426 492 1622 543 autem
1663 502 1798 542 eum
1828 488 2061 557 propter

2184 480 2398 556 ὕστερον
2462 478 2517 535 δὶ
2572 480 2955 553 κεραυνοῦσθαι
3014 476 3176 533 αὐτὸν
3229 478 3332 533 ὑπὸ
3388 482 3482 533 τοῦ
3537 479 3653 544 Διὸς
3697 482 3773 540 διὰ

429 578 720 650 Tyndarei
752 578 1177 633 Lacedaemonii
1210 578 1401 632 filium
1432 593 1467 631 a
1494 578 1630 631 Jove
1660 574 1909 629 fulmine
1941 589 2061 644 per-

2184 569 2489 645 Τυνδάρεων
2542 572 2649 644 (72)
2694 565 3100 640 Λακεδαίμονος
3154 564 3293 635 υἱὸν,
3342 567 3431 622 καὶ
3489 567 3768 633 ἀποθανεῖν.

431 683 670 722 cussum
703 666 977 722 interisse
1000 665 1431 731 narrant.Quod
1463 665 1510 719 si
1540 664 2067 734 tEsculapius,cum

434 755 577 810 deus
611 762 784 825 esset,
814 773 880 810 ac
924 756 1171 810 fulmine
1203 758 1628 826 percuteretur,
1664 752 1772 807 sibi
1806 751 1917 823 ipsi
1949 750 2069 822 opi-

430 844 607 899 tulari
634 844 915 916 nequivit,
950 845 1049 915 qui
1082 844 1321 899 tandem
1352 844 1485 899 aliis
1516 859 1690 914 opem
1719 842 1871 895 ferre
1904 844 2069 912 pote-

428 933 553 988 rit?

502 1024 651 1079 Mars
675 1024 854 1080 etiam
876 1023 949 1079 ab
978 1022 1049 1079 iis
1071 1023 1216 1079 deus
1247 1023 1389 1078 belli
1420 1022 1719 1078 studiosus
1749 1027 1807 1076 et
1832 1019 2068 1075 iracun-

430 1111 635 1181 dus,ac
650 1113 945 1184 pecudum
959 1113 1329 1183 aliarumque
1350 1127 1550 1167 rerum
1572 1110 1821 1182 cupidus
1834 1106 2064 1163 induci-

431 1203 734 1268 tur.Quem
754 1203 895 1258 item
916 1208 1139 1274 postea,
1173 1218 1307 1257 cum
1325 1204 1611 1257 Venerem
1636 1202 2047 1270 constupraret

431 1308 465 1347 a
476 1308 659 1364 puero
673 1292 957 1364 Cupidine
972 1291 1553 1348 acVulcanovinculis
1567 1290 1871 1346 astrictum
1885 1289 2068 1344 fuisse

431 1380 771 1445 dicunt.Qui
791 1381 967 1452 igitur
996 1380 1140 1436 deus
1173 1380 1222 1435 is
1250 1398 1379 1436 esse
1410 1378 1715 1450 queat,qui
1747 1378 2066 1449 cupiditate

2175 658 2242 714 Ei’
2274 655 2330 712 δὲ
2359 654 2694 727 Ἀσκληπιὸς
2725 655 2845 719 θεὸς
2877 653 2949 710 ὤν
2980 655 3069 711 καὶ
3110 656 3466 728 κεραυνωθεὶς
3520 656 3611 711 οὐκ
3660 656 3770 728 ἡδυ-

2176 748 2313 818 νήοη
2349 747 2522 819 ἑαυτῷ
2556 747 2845 820 βοηθῆσαι,
2877 749 2994 807 πῶς
3024 742 3217 805 ἄλλοις
3253 743 3511 818 βοηθήσει
3543 760 3559 816 ;

2247 1013 2422 1087 Ἀρης
2448 1008 2503 1066 δὲ
2532 1011 2907 1086 παρεισάγεται
2962 1009 3079 1072 θεὸς
3136 1010 3272 1065 εῖναι
3330 1010 3659 1082 πολεμιστὴς
3699 1012 3770 1067 καὶ

2180 1102 2456 1172 ζηλωτὴς,
2489 1103 2637 1159 247
2670 1099 2761 1155 καὶ
2808 1098 3151 1172 ἐπιθυμητὴς
3197 1096 3521 1174 θρεμμάτων
3551 1101 3653 1171 (73)
3700 1099 3769 1155 καὶ

2176 1190 2367 1266 ἑτέρων
2425 1193 2607 1244 τινῶν·
2665 1187 2887 1265 ὕστερον
2950 1186 3007 1243 δὶ
3099 1186 3258 1243 αὐτὸν
3323 1186 3644 1263 μοιχεύοντα
3689 1190 3768 1259 τὴν

2173 1276 2483 1357 Αφροδίτην
2510 1276 2735 1347 δεθῆναι
2766 1277 2930 1333 αὐτὸν
2960 1279 3069 1351 (74)
3102 1277 3205 1332 ὑπὸ
3259 1281 3359 1332 τοῦ
3403 1277 3596 1346 νηπίου
3622 1279 3774 1351 Ἔρω-

2174 1388 2267 1430 τος
2298 1365 2388 1421 καὶ
2422 1366 2525 1421 ὑπὸ
2554 1364 2869 1441 Ἡφαίστου.
2903 1368 3028 1428 Πῶς
3072 1365 3163 1420 οὗν
3221 1365 3345 1428 θεός
3407 1363 3548 1420 ἰστὶν
3598 1365 3624 1419 ὁ
3672 1364 3771 1421 ἔπι-

429 1467 729 1540 flagrat,ac
756 1467 929 1524 bellis
964 1469 1310 1537 delectatur,
1345 1468 1822 1539 adulteriumque
1848 1483 2061 1539 perpe-

2184 1458 2427 1532 θυμητῆς
2455 1457 2544 1512 καὶ
2572 1454 2915 1531 πολεμιστὴς
2935 1456 3026 1511 καὶ
3057 1452 3280 1530 δέσμιος
3310 1455 3400 1511 καὶ
3435 1454 3625 1530 μοιχός
3653 1471 3669 1527 3

429 1562 565 1624 trat,
598 1574 665 1612 ac
692 1558 941 1613 vinculis
968 1557 1390 1628 constringitur
1408 1557 1436 1612 ‘P

500 1647 755 1702 Rursum
787 1652 983 1702 autem
1016 1648 1307 1703 Bacchum
1340 1647 1495 1701 inter
1543 1645 1683 1702 deos
1728 1648 2066 1714 numerant,

2250 1639 2358 1695 Τὸν
2391 1634 2449 1693 δὶ
2478 1636 2731 1693 Διόνυσον
2788 1637 3171 1712 παρεισάγουσι
3230 1635 3353 1691 θεὸν
3412 1635 3564 1708 εἶναι,
3614 1656 3772 1691 νυκτε-

426 1736 876 1791 nocturnafesta
888 1736 1677 1802 celebrentem,temulentias
1700 1736 2061 1807 magistrum,

2184 1726 2329 1803 ρινᾶς
2352 1724 2550 1802 ἄγοντα
2579 1727 2766 1799 ἑορτὰς
2794 1726 2883 1781 καὶ
2915 1724 3238 1782 διδάσκαλον
3276 1723 3468 1798 μέθης,
3524 1723 3608 1780 καὶ
3658 1726 3770 1779 ἀπο-

428 1823 800 1896 aliorumque
817 1841 1025 1880 uxores
1038 1824 1693 1895 abstrahentem,furore
1707 1829 2067 1892 aestuantem,

427 1910 775 1984 fugientem,
808 1929 874 1969 ac
900 1919 1197 1985 postremo
1229 1930 1264 1969 a
1294 1915 1597 1969 Titanibus
1627 1914 2065 1970 obtruncatum.

430 2000 595 2065 Quod
618 2001 665 2055 si
684 2003 942 2058 Bacchus
965 2018 1099 2059 cum
1124 2004 1586 2071 interimeretur,
1609 2003 1721 2057 sibi
1746 2002 1858 2074 ipsi
1882 2002 2071 2073 opitu-

426 2086 540 2143 lari
566 2105 686 2145 non
716 2092 928 2162 potuit,
952 2109 1155 2147 verum
1178 2100 1238 2147 et
1265 2092 1461 2147 furore
1483 2108 1744 2163 praeceps
1763 2090 2064 2162 agebatur,

2176 1820 2396 1871 σπῶντα
2424 1817 2519 1879 τὰς
2547 1820 2653 1872 τῶν
2711 1814 2945 1886 πλησίον
3000 1820 3281 1891 γυναῖκας,
3333 1814 3423 1870 καὶ
3479 1814 3766 1888 μαινόμενον

2174 1906 2263 1960 καὶ
2296 1904 2577 1983 φεύγοντα’
2610 1904 2829 1981 ὕστερον
2884 1902 2942 1960 δὲ
3006 1904 3168 1960 αὐτὸν
3220 1910 3490 1981 σφαγῆναι
3552 1903 3645 1959 ὑπὸ
3679 1907 3768 1957 τῶν

2173 1996 2437 2051 Τιτάνων.
2471 1994 2535 2052 Et
2567 1994 2658 2049 οὗν
2691 1988 2944 2056 Διόνυσος
2976 1992 3193 2072 σφαγεὶς
3226 1993 3332 2048 οὐκ
3359 1990 3597 2063 ἠδυνήθη
3627 1990 3769 2062 ἑαυτῷ

2177 2086 2471 2161 βοηθῆσαι,
2503 2082 2650 2139 ἀλλὰ
2676 2085 2762 2139 καὶ
2800 2082 3127 2158 μαινόμενος
3154 2086 3220 2154 ἦν
3275 2081 3374 2139 καὶ
3434 2082 3650 2157 μίθυσος
3693 2081 3763 2136 καὶ

430 2181 487 2231 et
518 2176 787 2233 ebrietati
820 2180 1113 2249 studebat,
1146 2186 1205 2236 et
1234 2180 1620 2253 profugiebat,
1642 2196 1895 2251 quonam
1928 2195 2061 2251 pac-

2184 2170 2465 2249 Βραπὲτης,
2493 2176 2611 2236 πῶς
2642 2173 2703 2227 ἄν
2737 2170 2818 2245 εἴη
2857 2172 2975 2237 θεός
3005 2189 3021 2243 ;

430 2267 489 2318 to
521 2264 665 2321 deus
696 2284 824 2322 esse
857 2269 1079 2339 queat?

497 2354 640 2409 Tum
659 2361 856 2411 autem
888 2358 1197 2413 Herculem
1230 2357 1539 2424 inducunt,
1572 2358 1672 2428 qui
1706 2374 1766 2413 se
1795 2356 1929 2412 vino
1962 2356 2064 2412 ob-

426 2447 578 2513 ruat,
612 2447 788 2515 atque
810 2444 870 2499 in
892 2445 1151 2502 furorem
1170 2453 1319 2515 ruat,
1354 2463 1609 2518 suosque
1632 2447 1784 2502 ﬁlios
1809 2446 2063 2517 jugulet,

2240 2356 2345 2411 Τὸν
2400 2350 2458 2408 δὲ
2512 2351 2793 2429 Ἡρακλῆς
2865 2352 3251 2428 παρεισάγουσι
3342 2351 3650 2427 μεθυσθῆναι
3694 2348 3764 2404 καὶ

2176 2448 2427 2516 μανῆναι,
2457 2441 2547 2497 καὶ
2577 2443 2643 2497 τά
2697 2438 2810 2497 ἳδια
2862 2443 3025 2497 τὲκνα
3080 2441 3302 2515 σφάξαι,
3371 2444 3484 2496 εἶτα
3527 2440 3643 2516 πυρὶ
3691 2438 3766 2492 ἆν-

426 2546 493 2585 ac
525 2529 738 2588 deinde
760 2533 1013 2589 ﬂammis
1044 2535 1389 2606 absumptus
1422 2536 1693 2590 intereat.
1727 2537 1831 2600 Qui
1864 2541 2061 2591 autem

2184 2530 2448 2600 ιλωθῆναι
2477 2530 2567 2586 καὶ
2598 2531 2768 2593 οὕτως
2799 2529 3107 2595 ἀποθανεῖν.
3143 2533 3266 2593 ΙΙῶς
3306 2529 3353 2585 δ’
3401 2532 3462 2585 ἂν
3519 2527 3595 2600 ε’ίη
3648 2528 3760 2599 θεὸς,

427 2619 581 2673 Deus
616 2636 743 2676 esse
785 2622 834 2676 is
867 2629 1062 2695 queat,
1108 2625 1208 2695 qui
1237 2642 1299 2679 se
1328 2625 1463 2679 vino
1496 2624 1714 2691 obruit,
1746 2639 1812 2679 ac
1843 2623 2061 2679 liberos

2171 2622 2398 2693 μέθυσος
2426 2622 2516 2676 καὶ
2544 2621 2916 2691 τεκνοκτόνος,
2972 2621 3062 2676 καὶ
3111 2620 3544 2695 κατακαιόμενος
3572 2636 3587 2690 ;
3614 2615 3647 2688 ἤ
3672 2622 3762 2678 πῶς

427 2722 562 2762 suos
586 2708 1193 2783 obtruncat,ignisque
1215 2712 1424 2768 ardore
1448 2712 1778 2785 conﬂagat?
1804 2715 1918 2766 Aut
1942 2729 2059 2783 quo

2184 2708 2360 2773 ἕλλοις
2395 2711 2677 2787 βοηθήσει,
2712 2710 2884 2784 ἑαυτῷ
2918 2710 3187 2786 βοηθῆσαι
3222 2710 3308 2784 μή
3338 2707 3575 2782 δυνηθείς
3604 2734 3617 2778 ;

426 2796 666 2850 tandem
693 2798 867 2853 modo
900 2799 1032 2854 aliis
1082 2801 1300 2856 auxilio
1347 2819 1473 2857 esse
1522 2802 1759 2873 poterit,
1812 2801 1912 2871 qui
1945 2800 2059 2855 sibi

424 2884 709 2939 auxilium
740 2887 949 2941 afferre
981 2905 1100 2943 non
1130 2889 1362 2960 potuit?

492 2972 786 3030 Praeterea
801 2976 1135 3047 Apollinem
1165 2978 1224 3032 in
1250 2977 1492 3046 ducunt,
1525 2978 1745 3034 invidia
1770 2978 2052 3034 laboran—

2232 2978 2330 3033 Τὸν
2364 2976 2419 3034 δὲ
2450 2975 2780 3036 Ἀπὸλλωνα
2808 2978 3191 3053 παρεισάγουσι
3251 2978 3377 3042 θεὸν
3437 2977 3565 3032 εἶναι
3613 2973 3755 3045 ζηλω-

418 3063 558 3129 tem,
593 3067 765 3133 atque
798 3082 1000 3121 arcum
1043 3072 1100 3121 et
1130 3067 1489 3138 pharetram,
1523 3085 1590 3124 ac
1620 3084 2050 3139 nonnunquam

2184 3068 2281 3137 τήν,
2312 3066 2388 3121 ἔτι
2421 3064 2477 3121 δὲ
2501 3066 2591 3121 καὶ
2620 3067 2774 3140 τόξον
2822 3066 2913 3121 καὶ
2971 3065 3235 3142 φαρέτραν
3301 3069 3605 3137 κρατοῦντα,
3653 3060 3755 3116 ποτὲ

425 3149 601 3205 etiam
632 3152 917 3208 citharam
942 3160 1001 3209 et
1020 3154 1225 3211 tibiam
1252 3157 2050 3227 tenentem,hominibusque

2184 3157 2221 3211 εὶ
2248 3156 2337 3210 καὶ
2362 3157 2586 3229 κιθάραν
2628 3155 2717 3209 καὶ
2775 3151 3034 3219 ἐπαυθίδα
3065 3157 3198 3227 (75),
3256 3154 3353 3210 καὶ
3408 3152 3753 3227 μαντευόμενον

423 3244 682 3308 quaestus
713 3259 891 3297 causa
930 3244 1205 3300 vaticinia
1244 3245 1536 3300 edentem.
1596 3246 1813 3317 Egebat
1856 3246 2051 3317 igitur.

2184 3250 2275 3308 :oic
2306 3244 2613 3319 ἀνθρώποις
2642 3242 2803 3318 χάριν
2857 3244 3070 3316 μισθοῦ.
3128 3248 3270 3316 ’Δρα
3329 3241 3574 3313 ἑπενδεής
3622 3240 3749 3295 lator

422 3328 599 3395 Atqui
624 3328 751 3383 ﬁeri
774 3347 893 3385 non
924 3337 1115 3403 potest
1140 3339 1205 3388 ut
1234 3334 1386 3389 Deus
1419 3338 1582 3405 egeat
1612 3339 1670 3389 et
1698 3333 1977 3403 invideat,
1997 3339 2055 3388 et

2184 3332 2289 3407 ἔπερ
2324 3334 2426 3388 οὐκ
2445 3331 2717 3407 ἐνδέχεται
2747 3332 2866 3387 θεὸν
2897 3334 3032 3387 εἶναι
3065 3328 3217 3400 ἐνδεῆ
3291 3331 3379 3387 καὶ
3429 3330 3659 3403 ζηλωτὴν
3683 3324 3751 3381 καὶ

415 3412 770 3471 citharcedus
801 3417 896 3473 sit.

2184 3420 2481 3497 ιιθαρῳδόν.

2226 3512 2489 3584 ’Ἄρτεμιν
2550 3507 2607 3565 δὲ
2663 3511 3081 3586 παρεισάγουσιν
3143 3507 3396 3589 ἀδελφήν
3448 3506 3598 3565 αἴ)τοῦ
3625 3506 3749 3575 εἶναι,

2156 3599 2390 3673 κυνηγὸν
2424 3598 2608 3669 οὖσαν,
2659 3598 2748 3653 καὶ
2804 3600 2959 3670 τόξον
3015 3594 3162 3675 ἔχειν
3193 3601 3334 3672 μετᾶ
3374 3600 3636 3674 φαρέτρας,
3678 3592 3747 3649 Xa}

2154 3689 2353 3758 ταύτην
2381 3684 2669 3764 ῥέμϐεσθαι
2700 3688 2834 3743 κατὰ
2864 3692 2970 3744 τῶν
3030 3689 3195 3758 ὁρέων
3259 3688 3436 3761 μόνην
3496 3687 3615 3760 μετᾶ
3661 3688 3745 3738 τῶν

2156 3778 2307 3834 248
2338 3780 2537 3846 κυνῶν,
2570 3774 2718 3838 ὅπως
2776 3774 3025 3850 θηρεύσει
3083 3772 3291 3853 ἔλαφον
3321 3774 3358 3846 ἤ
3409 3774 3618 3849 κάπρον.
3647 3772 3746 3830 Πῶς

2154 3865 2246 3922 οὖν
2276 3864 2419 3921 ἔσται
2453 3866 2571 3930 θεὸς
2602 3866 2638 3936 ἡ
2667 3865 2893 3936 τοιαύτη
2917 3866 3049 3942 γυνὴ
3108 3866 3199 3921 καὶ
3238 3867 3480 3943 κυνηγὸς
3532 3864 3610 3920 καὶ
3639 3860 3742 3937 ῥεμ-

2153 3950 2360 4030 ϐομένη
2389 3956 2523 4030 μετὰ
2550 3958 2659 4011 τῶν
2693 3958 2861 4010 κυνῶν
2906 3974 2921 4025 ;

487 3598 705 3655 Eodem
737 3598 912 3655 etiam
936 3598 1109 3655 modo
1134 3599 1375 3655 Dianam
1394 3598 1579 3671 ipsius
1602 3615 1860 3655 sororem
1883 3598 2052 3655 indu-

416 3694 579 3757 cunt,
611 3688 906 3744 venationi
935 3689 1290 3755 studentem,
1323 3695 1497 3760 atque
1519 3705 1720 3744 arcum
1751 3694 1810 3744 et
1837 3690 2051 3760 phare-

414 3781 537 3832 tras
568 3777 907 3848 habentem,
940 3778 1247 3849 solamque
1280 3795 1413 3833 cum
1444 3778 1687 3833 canibus
1718 3783 2045 3849 vagantem,

412 3869 479 3919 ut
508 3882 745 3921 cervum
781 3871 883 3921 aut
926 3883 1132 3938 aprum
1164 3867 1520 3937 intercipiat.
1555 3867 1841 3931 Quoniam
1872 3867 2050 3937 igitur

413 3953 589 4009 modo
623 3954 733 4010 dea
763 3955 874 4010 erit
920 3955 1182 4011 venatrix
1224 3954 1462 4024 mulier,
1516 3960 1575 4010 et
1620 3971 1755 4010 cum
1802 3956 2046 4011 canibus

413 4041 695 4099 oberrans
712 4043 739 4098 ‘2

480 4134 782 4189 Postremo
807 4136 1093 4190 Venerem
1129 4134 1306 4189 etiam
1337 4133 1507 4190 deam
1540 4150 1667 4190 esse
1715 4134 2043 4191 adulteram

2219 4132 2548 4211 Ἀφροδίτην
2591 4135 2704 4206 (76)
2736 4130 2794 4189 δὶ
2823 4134 3045 4209 λέγουσι
3101 4134 3191 4189 καὶ
3249 4135 3424 4203 αὐτὴν
3484 4132 3592 4198 θεὰν
3633 4126 3735 4182 εἶναι

407 4217 630 4275 dicunt.
657 4221 991 4293 Aliquando
1014 4222 1171 4279 enim
1192 4239 1326 4278 cum
1356 4224 1533 4279 Marte
1564 4222 1900 4293 concubuit,
1933 4224 2042 4279 ali-

2184 4218 2474 4297 ιοιχαλίδα.
2508 4220 2649 4277 ΙΙοτὶ
2676 4222 2779 4297 γὰρ
2812 4219 2939 4296 ἔσχε
3000 4222 3199 4295 μοιιὸν
3246 4223 3343 4278 τὸν
3402 4224 3580 4297 ¹Ἀρην,
3630 4213 3733 4271 ποτὲ

405 4308 640 4379 quando
660 4326 793 4365 cum
807 4312 1405 4383 Anchise,aliquando
1431 4329 1562 4368 cum
1578 4312 2041 4383 Adonide,cujus

2184 4309 2517 4386 ὶἈγχίσην,
2539 4311 2671 4365 ποτὶ
2702 4307 2759 4365 δὲ
2803 4308 3061 4383 “¹Αδωνιν,
3094 4309 3309 4375 οὗτινος
3350 4310 3440 4367 καὶ
3493 4311 3575 4365 τὸν
3604 4306 3734 4370 θάνα-

403 4397 581 4452 etiam
604 4403 856 4455 mortem
880 4400 1166 4471 deplorat,
1199 4403 1489 4456 amasium
1512 4418 1685 4457 suum
1705 4402 2035 4472 requirens.

2184 4421 2239 4455 ον
2269 4399 2471 4473 κλαίει,
2505 4404 2738 4469 ζητοῦσα
2765 4401 2857 4454 τὸν
2910 4399 3138 4474 ἐραστὴν
3167 4400 3356 4467 αὐτῆς·
3412 4402 3479 4471 ἢν
3526 4397 3727 4473 λέγουσιν

404 4487 552 4551 Quin
567 4487 740 4543 etiam
756 4503 882 4543 eam
897 4487 969 4543 ad
985 4488 1205 4545 inferos
1220 4488 2045 4559 descendisse,aiunt,utAdo-

2184 4488 2243 4542 ,αὶ
2297 4488 2374 4552 εἷς
2431 4485 2602 4560 ’ᾍδου
2666 4484 3034 4559 καταϐαίνειν,
3111 4490 3264 4552 ’ὃπως
3340 4484 3613 4564 ἕξαγοράσῃ
3659 4481 3726 4534 τὸν

400 4574 652 4633 nidema
680 4578 1037 4649 Proserpina
1064 4577 1405 4633 redimeret.
1438 4576 1728 4632 Vidistine
1759 4593 2043 4650 unquam,

2184 4574 2387 4632 Αδωνιν
2441 4576 2546 4632 ἀπὸ
2599 4578 2697 4645 τῆς
2769 4577 3130 4652 Περσεφόνης.
3191 4574 3369 4647 Εἶδες,
3438 4574 3479 4629 ὦ
3525 4569 3726 4650 βασιλεῦ,

470 4730 581 4797 (72)
607 4731 673 4821 A‘,’
706 4722 1681 4821 8rateiv§dpicpc.JD,n8La'ctvl'dcipfrpr.
1713 4728 2061 4821 Trapezunti

2197 4730 2493 4821 «‘Propter
2521 4729 2676 4811 Darii
2696 4728 3134 4821 JLacedzernonii
3166 4730 3375 4785 illium.
3413 4750 3451 4821 ζ).
3490 4725 3718 4821 Billy‘ps“:

397 4821 426 4850 «
457 4817 607 4871 pour
636 4801 883 4855 l’amour
914 4798 995 4854 du
1025 4799 1117 4853 ﬁls
1141 4798 1213 4851 de
1236 4798 1404 4851 Daire
1439 4798 1926 4856 Lacédémonien.
1964 4822 1985 4849 ι
2020 4800 2127 4865 Qui
2160 4798 2533 4871 interpretes,
2570 4801 2617 4855 si
2651 4800 2722 4855 ad
2746 4802 3240 4871 permutationem
3272 4800 3549 4856 vocalium
3569 4799 3722 4849 atten-

394 4871 641 4938 dissent,
673 4873 906 4927 facilem
930 4886 1108 4943 quam
1146 4868 1256 4943 feci
1278 4868 1635 4943 medicinam
1662 4874 1720 4943 e_t
1749 4870 1860 4940 ipsi
1884 4872 2180 4943 fecissent.
2211 4872 2411 4943 Fuisse
2429 4872 2799 4942 Tyndareum
2820 4872 2892 4926 ab
2913 4872 3243 4943 Aisculapio
3270 4873 3330 4926 in
3351 4872 3722 4943 vitamrevoca-

394 4947 519 4997 tum
554 4948 761 4997 notum
784 4948 890 4997 est.
916 4939 1099 5014 Alios,
1133 4939 1233 5008 qui
1266 4939 1919 5014 dixerintTyndareum
1950 4942 2133 4998 fuisse
2167 4939 2603 5014 Lacedaemonis
2619 4943 2836 5014 tilium,
2868 4959 3030 4998 nunc
3058 4939 3176 4998 non
3205 4942 3467 4998 memini.
3666 5002 3677 5014 ,
3707 5000 3717 5011 ,

464 5015 578 5089 (739
604 5012 1027 5089 Trapezuntius
1061 5026 1075 5064 :
1109 5031 1154 5089 «ε
1171 5010 1431 5089 cupidus
1444 5011 1665 5089 ovium.
1690 5012 2031 5089 _:3_B_illyus_:
2059 5034 2087 5063 «
2109 5014 2455 5089 convoiteux
2502 5013 2572 5068 de
2617 5010 2841 5089 brebis.
2901 5036 2922 5064 ι
2979 5014 3352 5071 Manifestum
3407 5016 3491 5067 est
3535 5010 3718 5077 requiri

398 5080 1047 5165 alilud‘,‘ni‘s'ignificare‘
1067 5080 1321 5165 voluerit
1350 5097 1383 5134 a
1412 5080 1890 5165 Marte‘b‘elli‘deo
1920 5083 2009 5165 agi
2040 5100 2106 5139 ac
2136 5084 2276 5139 ferri
2299 5100 2502 5156 greges
2532 5101 2745 5155 resque
2768 5085 2936 5141 alias.

489 5154 575 5221 74)
598 5152 703 5223 Vel
731 5150 895 5223 prius
924 5151 1106 5218 αὐτὸν,
1138 5150 1224 5205 vel
1254 5152 1388 5217 hoc,
1421 5167 1547 5223 esse
1574 5152 1891 5207 delendum
1922 5150 2167 5211 videtur.

488 5211 577 5299 Ἐξ)
610 5221 701 5299 Sic
730 5211 844 5299 ᾉΙ).
878 5211 1339 5299 Trapezuntiusj
1367 5211 1394 5271 ‹’‹
1419 5221 1703 5299 citharam
1728 5228 1786 5277 et
1814 5224 2077 5299 tibiam.»
2107 5225 2328 5298 Billyus
2352 5224 2483 5299 :gla
2506 5225 2687 5298 harpe
2712 5232 2769 5281 et
2790 5227 2846 5282 la
2877 5227 3074 5283 ﬂente.
3106 5250 3135 5279 »
3167 5221 3478 5299 Forsanaai
3499 5211 3710 5299 Mittis“-

486 5286 668 5369 76)__A,
701 5290 871 5369 μᾲνην
900 5286 1039 5369 μεξὰ
1064 5294 1178 5369 τῶν
1197 5295 1393 5369 κυνῶν·
1428 5289 1779 5369 ν’Λφοδίτην.
1812 5296 2044 5369 Omissa

2190 5286 2241 5352 ι’
2265 5298 2462 5369 Inedia
2508 5286 2786 5369 propten
2834 5299 3368 5369 homwoteleuton._
3405 5286 3710 5369 Theophilus

390 5362 556 5444 Alex.
576 5362 795 5444 Domi}.
834 5384 855 5410 ι
890 5362 1181 5444 Οιῄιξεμξί
1214 5363 1445 5444 hom-03>
1470 5362 1549 5444 ,μ’
1573 5368 1639 5419 2O
1665 5363 1992 5444 :.Upoé8_stf_é
2021 5386 2061 5444 σε

2204 5366 2342 5444 Θεὸς,
2360 5368 2475 5444 τῂν,
2508 5362 2884 5444 θανατηφόρον
2921 5366 3133 5444 βλάϐην
3159 5372 3284 5444 ,τοῦ
3302 5365 3523 5444 ῌὸφειῳς
3546 5362 3707 5439 τοῦτοιξ

390 5389 795 5450 λημμρυηιιὲ.
834 5389 855 5410 I
890 5389 1068 5433 UUJUS
1098 5389 1181 5417 rex
1216 5389 1389 5417 ιιυιιιυ
1416 5389 1445 5413 ››
1480 5389 1536 5434 p.
1574 5389 1679 5420 zu;
1715 5389 1992 5438 υροεοειζε
2021 5389 2105 5421 σοι
2145 5389 2173 5422 ο
2204 5389 2333 5428 υεος
2360 5389 2459 5435 την
2517 5389 2676 5421 ῠανατ
2722 5389 2884 5444 φορον
2921 5389 3133 5443 pltaan
3190 5389 3284 5424 του
3337 5389 3523 5444 οφειως
3546 5389 3705 5439 τυυιντ

388 5448 478 5516 και
512 5427 601 5516 διοι⁹
626 5433 1043 5516 τοῦ-ἰππουλκαὶ
1077 5428 1165 5485 διὰ
1191 5436 1286 5485 τοῦ
1308 5433 1426 5516 uio-3
1455 5432 1832 5516 ﬁyqunpévpu,
1865 5438 2001 5516 Cod:
2036 5442 2171 5516 1013
2205 5454 2220 5494 :
2252 5437 2347 5516 καὶ
2399 5436 2487 5492 διὰ
2540 5443 2637 5516 τοῦ
2680 5389 2883 5516 Quaen,
2917 5440 3034 5516 γκαὶ
3231 5442 3327 5516 τοῦ
3382 5436 3591 5516 οἰκέτουν
3634 5443 3705 5516 κξιί

392 5498 482 5588 διὰ
507 5504 605 5558 τοῦ
640 5502 759 5588 υἱοῦ
782 5504 1054 5588 ᾑγ,,ριιω
1083 5506 1420 5588 necessaria
1438 5498 1795 5564 verba’inale
1820 5509 2121 5581 typotheta
2148 5510 2381 5579 omisit;
2404 5527 2543 5568 nam
2561 5511 2803 5569 fuerunt
2820 5498 2882 5570 in
2913 5513 3160 5571 Morellii
3207 5510 3439 5569 editoris
3502 5498 3704 5578 apdgm‘

388 5574 527 5648 pho,
558 5574 659 5649 qui
684 5590 754 5633 ea
782 5574 987 5633 Latine
1014 5575 1205 5649 vertit,
1236 5592 1293 5648 p.
1320 5580 1407 5635 t9.

464 5152 481 5363 ἓ
