3994 6150
266 317 410 374 1117

1436 325 1608 382 VI'I‘A
1643 325 1995 382 ΒΔΒΙιΔΔὶί
2029 326 2124 382 ΒΤ
2157 327 2493 385 JOABAPH.

3515 331 3655 390 1418

272 438 497 514 μείζονα
550 437 754 511 ταύτης
808 439 1158 520 ἀφροσύνην;
1208 442 1330 500 θεὰν
1414 444 1755 523 παρεισάγειν
1808 446 1904 516 τὴν

2023 467 2056 505 ο
2086 467 2210 506 rex.
2243 452 2602 508 dementiam
2633 453 2742 509 hac
2770 450 3057 525 majorem
3078 452 3106 508 ‘?
3145 453 3317 509 deam
3367 452 3652 512 nimirum

273 525 638 603 μὸιχεύουσαν
669 527 766 585 παῖ
792 531 1090 605 θρηνοῦσαν
1121 533 1210 588 καὶ
1240 531 1530 590 κλαίουσαν
1555 552 1569 606 ;

339 703 575 762 νΔδωνιν
608 704 666 763 δὲ
695 708 1078 785 παρεισάγουςι
1135 711 1253 776 θεὸν
1323 711 1453 767 εἶναι
1501 711 1760 786 κυνηγὸν,
1818 711 1907 766 καὶ

265 797 459 849 τοῦτον
490 795 684 871 βιαίως
715 797 1003 852 ἀποθανεῖν
1037 799 1316 875 πληγέντα
1349 801 1451 855 61:6
1491 802 1589 856 τοῦ
1640 800 1732 863 ὑὸς
1771 801 1908 872 (77),

270 882 472 956 καὶμὴ
503 882 796 953 δυνηθέντα
843 887 1112 961 βοηθῆσαι
1168 889 1237 962 τῇ
1292 887 1639 966 ταλαιπωρίᾳ
1694 891 1906 944 ἑαυτοῦ,

275 973 399 1034 11ῶς
432 969 524 1027 οὗν
555 977 661 1028 τῶν
695 975 994 1052 ἀνθρώπων
1028 975 1292 1056 φροντίδα
1329 980 1613 1050 ποιήσεται
1645 978 1673 1032 ὁ
1704 979 1908 1052 μοιχὸς

271 1059 362 1115 καὶ
388 1062 626 1138 κυνηγὸς
656 1064 747 1118 καὶ
780 1065 1100 1141 βιοθάνατος
1126 1081 1142 1139 ;

344 1243 519 1294 Ταῦτα
547 1238 720 1296 πάντα
747 1241 837 1297 καὶ
867 1241 1053 1299 πολλά
1081 1248 1307 1300 τοιαῦτα
1336 1245 1426 1301 καὶ
1472 1243 1670 1316 πολλῷ
1711 1244 1905 1301 πλεῖον

271 1325 606 1405 αἲσχρότερα
651 1330 741 1384 καὶ
799 1333 1017 1408 πονηρὰ
1062 1335 1461 1410 παρεισήγαγον
1513 1335 1569 1389 οἱ
1615 1333 1908 1405 Ἕλληνες,

274 1415 522 1492 βασιλεῦ,
553 1417 675 1493 περὶ
704 1423 812 1474 τῶν
865 1419 997 1484 θεῶν
1047 1420 1246 1492 αὐτῶν,
1280 1421 1313 1476 ἃ
1343 1420 1466 1479 οὔτε
1511 1420 1684 1499 λέγειν
1730 1419 1910 1501 θέμις,

271 1501 384 1560 οὔτ’
416 1504 503 1559 ἐπὶ
539 1508 766 1580 μνήμης
817 1506 963 1571 ὅλως
1011 1510 1210 1587 φέρειν’
1271 1510 1389 1566 ὅθεν
1449 1507 1819 1585 λαμϐάνοντες
1858 1515 1909 1568 οἱ

276 1590 832 1672 ἃνθρωποιάφορμήν
884 1598 991 1652 ἀπὸ
1041 1603 1149 1653 τῶν
1201 1603 1336 1663 θεῶν
1384 1599 1584 1671 αὑτῶν,
1643 1598 1906 1678 ἔπραττον

268 1687 446 1738 πᾶσαν
504 1682 732 1758 ἀνομίαν
787 1685 878 1740 καὶ
935 1685 1214 1764 ἄσὲλγειαν
1274 1689 1361 1743 καὶ
1421 1685 1688 1764 ἀσέϐειαν⁹
1746 1712 1908 1748 κατα-

271 1769 581 1844 μιαίνοντες
610 1781 711 1850 γῆν
736 1794 796 1829 τε
823 1775 913 1830 καὶ
945 1777 1075 1851 ἀέρα
1118 1781 1236 1840 ταῖς
1289 1774 1486 1840 δειναῖς
1541 1779 1715 1835 αὑτῶν
1765 1780 1904 1855 πράο
1942 1807 1989 1872 Β

172 1890 174 1893 -
270 1863 440 1932 ξεσιν.

352 1952 505 2008 249
536 1951 827 2028 Αἰγύπτιοι
861 1949 940 2026 δὲ,
989 1948 1418 2032 ἀϐελτερώτεροι
1461 1960 1567 2032 (78)
1611 1956 1700 2013 καὶ
1748 1957 1917 2037 ἀφρο-

277 2040 515 2115 νέστεροι
567 2040 773 2097 τούτων
828 2037 1000 2114 ὄντες,
1059 2050 1246 2120 χεῖρον
1303 2045 1516 2101 πάντων
1574 2052 1682 2103 τῶν
1750 2046 1912 2112 ἓθνῶν

279 2126 688 2200 ἐπλανήθησαν.
746 2130 824 2189 O6
879 2131 982 2208 γὰρ
1030 2131 1368 2207 ἠρκέσθησαν
1423 2139 1543 2197 τοῖς
1590 2139 1698 2190 τῶν
1765 2135 1915 2194 Χαλ-

273 2214 440 2272 δαίων
471 2218 562 2273 καὶ
592 2217 877 2290 Ἑλλήνων
912 2217 1265 2294 σεϐάσμασιν,
1298 2221 1424 2277 ἀλλ’
1472 2221 1550 2278 ἔτι
1594 2224 1682 2278 καὶ
1737 2223 1914 2298 ἃλογα

277 2310 390 2376 ζῶα
421 2309 826 2384 παρεισήγαγον
878 2308 1031 2371 θεοὺς
1087 2312 1224 2366 εἶναι
1283 2313 1516 2386 χερσαῖά
1569 2333 1626 2367 τε
1679 2311 1769 2368 καὶ
1827 2311 1914 2370 ἔν-

273 2393 428 2470 οδρα,
458 2395 644 2452 καὶτά
692 2398 830 2474 φυτὰ
883 2397 973 2452 καὶ
1034 2396 1261 2474 βλαστᾶ,
1319 2401 1407 2455 καὶ
1468 2399 1799 2474 ἰμιάνθησαν
1856 2401 1910 2458 ἐν

270 2487 414 2559 πάσῃ
447 2487 612 2557 μανίᾳ
639 2486 729 2541 καὶ
770 2484 1018 2564 ἀσελγείᾳ
1077 2493 1266 2562 χεῖρον
1313 2490 1524 2544 πάντων
1573 2494 1681 2546 τῶν
1740 2489 1906 2555 ἐθνῶν

276 2573 368 2628 ἰπὶ
425 2581 526 2643 τῆς
575 2576 695 2650 γῆς.
761 2576 1029 2651 Ἀρχῆθεν
1076 2577 1182 2652 γὰρ
1267 2572 1514 2632 ἰσέϐοντο
1595 2580 1694 2649 τήν
1751 2580 1907 2653 Ἶσιν,

270 2657 505 2737 ἔχουσαν
540 2660 772 2740 ἂδελφὸν
803 2664 891 2717 καὶ
926 2661 1091 2738 ἄνδρα
1117 2665 1210 2719 τὸν
1243 2667 1472 2741 Ὂσιριν,
1503 2667 1594 2722 τὸν
1649 2667 1910 2744 σφαγέντα

279 2750 382 2804 ὑπὸ
411 2754 508 2804 τοῦ
540 2749 776 2829 ἀδελφοῦ
807 2751 970 2806 αὐτοῦ
1001 2751 1284 2828 Τύφωνος.
1317 2752 1420 2809 Καὶ
1453 2752 1540 2809 διὰ
1566 2759 1726 2810 τοῦτο
1779 2757 1904 2834 φεύ-

271 2858 352 2913 γει
385 2840 420 2908 ἡ
441 2840 572 2903 Ἶσις
604 2840 736 2912 μετά
764 2842 930 2916 ’Ὠρου
959 2845 1056 2895 τοῦ
1088 2842 1208 2896 υἱοῦ
1237 2841 1404 2911 αὐτῆς
1435 2841 1509 2905 εἷς
1541 2838 1754 2900 Βύϐλον
1805 2851 1909 2916 τῆς

275 2924 494 2999 Συρίας,
530 2931 767 2998 ζητοῦσα
793 2929 888 2982 τὸν
918 2929 1149 3005 Ὄσιριν,
1207 2934 1418 3005 πικρῶς
1463 2935 1754 3006 θρηνοῦσα,
1802 2928 1906 2994 ἕως

270 3011 498 3086 ηὔξησεν
532 3017 560 3069 6
617 3018 782 3091 Ὧρος
839 3017 928 3070 καὶ
984 3016 1260 3072 ἀπέκτεινε
1313 3019 1405 3073 τὸν
1463 3018 1712 3096 Τύφωνα.
1773 3017 1905 3076 Οὔτε

269 3103 360 3157 οὗν
394 3105 428 3172 ἡ
463 3105 596 3168 Ἲσις
637 3108 743 3177 (79)
799 3103 990 3180 ἴσχυσε
1051 3106 1318 3182 βοηθῆσαι
1374 3111 1452 3178 τῷ
1507 3104 1629 3180 ἰδίῳ
1684 3106 1904 3186 ἀδελφῷ

265 3190 358 3244 καὶ
388 3188 564 3267 ἀνδρίο
600 3187 722 3246 οὕτε
752 3192 780 3246 ὁ
837 3193 1047 3267 Ὄσιρις
1105 3193 1439 3270 σφαζόμενος
1496 3194 1602 3250 61:6
1657 3201 1753 3251 τοῦ
1801 3197 1902 3251 Τύ.

266 3299 446 3358 φωνος
483 3278 733 3349 ἠδυνήθη
792 3275 1166 3336 ἀντιλαϐέσθαι
1216 3282 1427 3338 ἑαυτοῦ·
1479 3279 1602 3339 οὔτε
1651 3285 1846 3363 Τύφων
1876 3287 1903 3340 ὁ

265 3365 693 3442 ἂδελφοκτόνος,
748 3365 1126 3443 ἀπολλύμενος
1159 3369 1264 3426 61:6
1309 3376 1408 3427 τοῦ
1455 3375 1622 3450 Ὥρου
1667 3373 1757 3428 καὶ
1803 3381 1904 3444 τῆς

261 3454 488 3528 Ἴσιδος,
521 3455 790 3532 εὐπόρησε
816 3456 1072 3533 ῥύσασθαι
1118 3459 1306 3515 ἑαυτὸν
1355 3466 1452 3516 τοῦ
1503 3461 1750 3521 θανάτου.
1805 3465 1906 3519 Καὶ

263 3546 353 3601 ἐπὶ
407 3545 680 3608 τοιούτοις
737 3545 1054 3620 ἀτυχήμασι
1104 3547 1493 3624 γνωρισθέντες
1551 3549 1701 3605 αὐτοὶ
1789 3551 1902 3616 θεοὶ

266 3633 372 3689 61:6
395 3639 504 3690 τῶν
541 3635 808 3690 ἀσυνέτων
841 3637 994 3693 250
1022 3635 1334 3709 Αἰγυπτίων
1361 3638 1744 3712 ἐνομίσθησαν.

336 3721 571 3794 Οἵτινες,
609 3719 738 3796 μηδ’
768 3722 820 3777 ἐν
860 3722 1076 3786 τούτοις
1135 3722 1476 3801 ἀρκεσθέντες
1528 3727 1564 3796 ἢ
1622 3734 1739 3790 τοῖς
1779 3726 1900 3784 λοι-

263 3815 390 3873 ποῖς
430 3805 728 3884 σεϐάσμασι
757 3814 865 3864 τῶν
896 3809 1084 3880 ἐθνῶν,
1114 3811 1205 3864 καὶ
1252 3812 1320 3866 τὰ
1363 3809 1540 3888 ἄλογα
1594 3817 1705 3882 ζῶα
1758 3835 1900 3889 παρ-

265 3901 553 3977 εισήγαγον
609 3897 764 3963 θεοὺς
821 3898 976 3954 εἶναι.
1040 3899 1199 3960 Τινὶς
1279 3899 1380 3976 γὰρ
1459 3900 1632 3956 αὐτῶν
1715 3898 1898 3957 ἐσεϐά-

263 3998 466 4058 σθησαν
493 3981 795 4061 πρόϐατον,
825 3986 966 4048 τινες
1000 3982 1056 4040 δὲ
1083 3985 1301 4062 τράγον,
1356 3983 1531 4063 ’ἐτεροι
1581 3986 1638 4044 δὶ
1688 3989 1895 4066 μόσχον

257 4077 352 4134 καὶ
379 4079 472 4132 τὸν
501 4082 718 4153 χοῖρον,
752 4073 917 4132 ἂλλοι
945 4073 1002 4131 δὲ
1055 4075 1147 4131 τὸν
1195 4076 1401 4152 κόρακα
1443 4080 1529 4134 καὶ
1573 4079 1666 4136 τὸν
1711 4081 1899 4156 ἱέρακα

255 4165 470 4222 καὶτὸν
500 4169 648 4242 γῦπα
700 4164 917 4220 καὶτὸν
957 4164 1132 4236 ἀετὸν,
1187 4164 1278 4219 καὶ
1331 4165 1493 4221 ἄλλοι
1550 4167 1642 4222 τὸν
1695 4168 1897 4243 κροκό-

249 4253 462 4324 δειλον,
493 4255 636 4317 τινὲς
669 4251 727 4308 δὶ
754 4253 845 4308 τὸν
877 4250 1136 4326 αἴλουρον
1187 4253 1275 4308 καὶ
1323 4255 1414 4310 τὸν
1462 4252 1616 4328 κύνα,
1665 4256 1754 4312 καὶ
1801 4259 1892 4314 τὸν

256 4343 422 4400 λύκον
449 4343 539 4398 καὶ
567 4341 662 4397 τὸν
717 4340 972 4412 πίθηκον,
1027 4342 1115 4396 καὶ
1174 4342 1266 4396 τὸν
1325 4339 1592 4416 δράκοντα
1647 4346 1736 4400 καὶ
1794 4348 1892 4416 τήν

255 4430 479 4502 ἀσπίδα,
508 4430 599 4486 καὶ
630 4429 792 4486 ἄλλοι
819 4431 881 4485 τὸ
937 4431 1176 4504 κρόμυον
1230 4429 1319 4485 καὶ
1379 4431 1442 4486 τὸ
1499 4430 1759 4508 σκόροδον
1803 4435 1893 4490 καὶ

2018 539 2319 609 inducere,
2353 559 2483 612 quaa
2513 542 2787 598 adulterii
2819 542 3068 598 crimine
3099 558 3160 597 se
3185 541 3532 614 obstringat,
3594 548 3653 598 et

2017 629 2210 700 ploret
2237 645 2305 686 ac
2328 630 2688 686 lamentetur
2707 631 2734 686 ‘I

2087 718 2418 774 Adonidem
2448 725 2646 775 autem
2677 719 2853 775 etiam
2883 719 3058 774 deum
3090 725 3427 774 venatorem
3475 720 3650 776 indu-

2019 809 2180 875 cunt,
2216 822 2468 878 eumque
2500 807 2572 862 ab
2602 823 2742 878 apro
2775 824 3120 878 percussum
3155 806 3412 861 violenta
3458 813 3647 862 morte

2019 893 2314 950 interiisse
2336 896 2521 964 aiunt,
2544 913 2653 951 nec
2676 896 2737 950 in
2757 895 3096 967 hujusmodi
3124 895 3454 950 calamitate
3478 911 3651 966 opem

2020 982 2131 1036 sibi
2159 983 2270 1054 ipsi
2310 985 2521 1038 afferre
2581 985 2863 1055 potuisse.
2915 986 3182 1049 Quonam
3229 984 3429 1054 itaque
3476 989 3648 1054 pacto

2019 1071 2327 1127 hominum
2359 1088 2560 1127 curam
2589 1078 2752 1145 geret
2779 1072 3010 1128 adulter
3039 1078 3099 1128 et
3139 1080 3397 1140 venator,
3431 1071 3651 1143 quique

2018 1159 2277 1217 violenta
2305 1165 2493 1216 morte
2524 1160 2798 1217 interiit?

2091 1251 2224 1305 Haac
2244 1249 2446 1305 omnia
2475 1267 2542 1306 ac
2572 1251 2760 1306 multa
2783 1250 2900 1306 alia
2919 1249 3209 1322 ejusmodi
3230 1249 3422 1304 adhuc
3442 1248 3651 1304 foedio-

2019 1354 2086 1394 ra
2116 1343 2174 1394 et
2203 1339 2600 1411 sceleratiora,
2634 1357 2668 1395 ο
2699 1356 2822 1408 rex,
2854 1339 2927 1396 de
2957 1339 3069 1394 diis
3096 1338 3218 1393 suis
3249 1338 3431 1393 Graeci
3462 1337 3647 1393 indu-

2021 1433 2183 1497 cunt,
2217 1446 2347 1500 quas
2378 1446 2488 1486 nec
2525 1429 2743 1497 dicere,
2802 1445 2914 1485 nec
2970 1427 3258 1484 memoria
3307 1427 3430 1482 ullo
3475 1427 3652 1483 modo

2019 1533 2306 1589 usurpare
2345 1517 2432 1573 fas
2463 1523 2571 1574 est.
2606 1517 2769 1573 Unde
2800 1517 3072 1573 homines
3099 1532 3132 1570 a
3157 1515 3272 1570 diis
3321 1516 3444 1570 suis
3484 1532 3655 1570 occa-

2023 1606 2248 1662 sionem
2279 1608 2653 1678 arripientes,
2686 1623 2861 1662 omne
2893 1605 3133 1661 sceleris
3165 1609 3223 1659 et
3250 1604 3516 1658 libidinis
3572 1607 3655 1659 at-

2021 1711 2135 1765 que
2191 1696 2509 1761 impietatis
2567 1711 2755 1768 genus
2819 1697 3254 1766 perpetrarunt,
3339 1691 3652 1748 horrendis

2021 1784 2260 1856 flagitiis
2290 1784 2414 1840 suis
2443 1789 2660 1840 terram
2691 1789 2750 1839 et
2777 1797 2974 1840 aerem
3005 1781 3500 1840 contaminantes.

2092 1963 2340 2036 Egyptii
2363 1967 2559 2020 autem
2579 1978 2680 2020 eos
2699 1961 2950 2018 stultitia
2971 1960 3361 2017 etstoliditate
3379 1973 3659 2030 superan-

2021 2056 2130 2121 tes,
2157 2054 2386 2125 gravius
2417 2069 2596 2125 quam
2623 2052 2763 2108 ullae
2792 2051 2924 2108 aliae
2953 2051 3228 2106 nationes
3284 2049 3653 2103 aberrarunt.

2020 2143 2221 2212 Neque
2251 2141 2409 2197 enim
2442 2144 2776 2198 Graecorum
2807 2140 2950 2195 deos
2979 2138 3245 2195 venerari
3277 2136 3418 2191 satis
3439 2135 3659 2190 habue-

2019 2235 2185 2298 runt;
2201 2248 2402 2287 verum
2424 2230 2852 2302 insuperbruta
2869 2227 3340 2295 animantia,tam
3353 2224 3659 2278 terrestria

2019 2333 2196 2388 quam
2218 2317 2279 2373 in
2303 2317 2472 2389 aquis
2503 2316 2796 2389 degentia,
2827 2320 2947 2370 tam
2982 2315 3196 2385 stirpes
3220 2327 3396 2383 quam
3423 2310 3657 2381 plantas

2018 2406 2080 2460 in
2105 2406 2350 2462 deorum
2381 2421 2627 2461 numero
2655 2404 3195 2473 habuerunt,atque
3217 2399 3381 2456 omni
3403 2398 3653 2454 insanias

2017 2511 2082 2549 ac
2101 2494 2363 2550 libidinis
2376 2509 2589 2565 genere
2601 2493 2832 2566 gravius
2847 2507 3023 2562 quam
3039 2490 3178 2545 ulla;
3197 2494 3368 2544 terra:
3382 2488 3653 2542 nationes

2017 2599 2143 2638 sese
2176 2586 2664 2654 conspurcarunt.
2700 2579 3042 2649 Antiquitus
3065 2577 3221 2632 enim
3250 2575 3466 2630 Isidem
3495 2573 3655 2629 cole-

2013 2671 2176 2738 bant,
2209 2671 2399 2725 virum
2432 2668 2609 2724 simul
2638 2685 2705 2724 ac
2734 2667 2976 2721 fratrem
3001 2665 3290 2720 Osiridem
3310 2662 3648 2729 habentem,

2016 2760 2115 2830 qui
2139 2776 2172 2814 a
2192 2759 2372 2814 fratre
2395 2774 2498 2814 suo
2519 2757 2797 2829 Typhone
2820 2755 3202 2810 obtruncatus
3227 2755 3332 2806 est.
3356 2753 3555 2820 anue
3578 2749 3650 2804 de

2013 2865 2191 2904 causa
2211 2848 2318 2902 Isis
2338 2864 2473 2902 cum
2494 2845 2614 2901 filio
2637 2861 2742 2900 suo
2765 2845 2876 2900 Oro
2895 2843 2957 2898 in
2987 2840 3234 2913 Byblum
3265 2839 3446 2911 Syria:
3475 2838 3646 2910 fugit,

2013 2935 2306 2991 Osiridem
2340 2951 2631 3006 quaarens,
2665 2938 2840 3004 atque
2862 2930 3071 2986 acerbe
3091 2925 3649 2997 lamentans,quoad

2011 3024 2252 3079 tandem
2265 3025 2413 3079 Orus
2444 3022 2740 3090 crevisset,
2765 3037 2831 3076 ac
2851 3020 3191 3090 Typhonem
3211 3017 3282 3071 de
3303 3016 3498 3071 medio
3517 3030 3652 3070 sus-

2012 3114 2260 3170 tulisset.
2297 3116 2444 3186 Ergo
2474 3129 2584 3168 nec
2611 3111 2719 3166 Isis
2740 3111 2906 3166 fratri
2941 3125 3045 3165 suo
3076 3125 3144 3163 ac
3169 3108 3292 3162 viro
3345 3105 3646 3177 suppetias

2011 3202 2165 3258 ferre
2183 3203 2507 3274 potuit,nec
2527 3199 2873 3267 Osiris,cum
2887 3215 2921 3254 a
2935 3198 3211 3269 Typhone
3231 3195 3647 3259 trucidaretur,

2014 3291 2124 3346 sibi
2155 3291 2269 3362 ipsi
2301 3290 2518 3346 auxilio
2547 3305 2675 3344 esse
2705 3289 2914 3360 potuit,
2949 3301 3058 3340 nec
3106 3285 3362 3354 denique
3409 3282 3647 3353 Typhon

2010 3379 2333 3448 fratricida,
2356 3395 2491 3434 cum
2515 3378 2566 3433 ei
2585 3377 2656 3432 ab
2679 3378 2791 3432 Oro
2805 3381 2864 3432 et
2883 3375 3032 3430 Iside
3051 3373 3294 3428 exitium
3315 3372 3644 3436 aﬂ'erretur,

2014 3468 2273 3540 seipsum
2306 3483 2340 3522 a
2357 3473 2546 3523 morte
2566 3465 2882 3521 vindicare.
2905 3465 2975 3517 Et
2997 3467 3193 3518 tamen
3211 3476 3343 3515 cum
3363 3458 3422 3513 hi
3442 3458 3516 3513 oh
3543 3458 3646 3512 hu-

2004 3555 2268 3627 jusmodi
2299 3555 2664 3611 calamitates
2695 3554 2769 3608 ad
2799 3552 3108 3607 hominum
3139 3549 3413 3605 notitiam
3442 3561 3645 3618 perve-

2009 3645 2261 3712 nissent,
2294 3662 2328 3700 a
2358 3643 2554 3698 stultis
2579 3642 2858 3715 Egyptiis
2881 3639 2962 3695 dii
2997 3637 3186 3693 habiti
3217 3641 3376 3691 sunt.

2080 3734 2230 3799 Quin
2257 3749 2451 3803 neque
2482 3732 2575 3786 his
2605 3735 2706 3785 aut
2734 3728 2982 3799 reliquis
3013 3726 3275 3799 gentium
3298 3721 3642 3778 numinibus

2009 3821 2469 3888 contenti,bruta
2481 3819 2637 3874 enim
2651 3815 2979 3873 animantia
2991 3809 3643 3869 invexerunt.Nonnulli

2009 3911 2230 3965 etenim
2264 3911 2528 3981 ipsorum
2561 3921 2748 3974 ovem,
2782 3904 2882 3960 alii
2914 3902 3166 3969 hircum,
3191 3899 3291 3955 alii
3323 3897 3569 3952 vitulum
3586 3901 3646 3951 et

2008 4016 2196 4068 suam,
2229 3999 2330 4055 alii
2361 4015 2598 4054 corvum
2631 4002 2691 4052 et
2718 3994 3079 4066 accipitrem,
3113 3991 3213 4047 alii
3260 3988 3552 4044 vulturem
3585 3990 3645 4041 et

2006 4090 2289 4162 aquilam,
2314 4088 2414 4144 alii
2438 4085 2830 4149 crocodilum;
2851 4082 3092 4154 quidam
3115 4079 3380 4142 felem,et
3408 4091 3638 4142 canem,

2006 4184 2065 4236 et
2088 4179 2318 4250 lupum,
2342 4182 2399 4232 et
2419 4175 2674 4243 simiam,
2702 4178 2760 4228 et
2785 4172 3190 4234 draconem,et
3209 4165 3503 4238 aspidem;
3537 4162 3640 4218 alii

2005 4284 2200 4340 cepas,
2233 4272 2291 4322 et
2321 4265 2479 4337 allia,
2514 4269 2572 4319 et
2601 4263 2823 4334 spinas,
2852 4264 3214 4328 caeterasque
3241 4271 3338 4310 res
3369 4252 3637 4309 conditas

2006 4357 2334 4413 coluerunt.
2350 4356 2466 4409 Nec
2481 4350 2755 4406 homines
2776 4346 2980 4403 miseri
2994 4345 3144 4402 nihil
3167 4344 3410 4400 omnino
3424 4341 3636 4395 virium

2003 4445 2096 4502 his
2123 4443 2403 4500 omnibus
2431 4439 2607 4496 rebus
2638 4439 2834 4493 inesse
2866 4436 3148 4492 sentiunt.
3173 4436 3317 4488 Nam
3338 4447 3472 4488 cum
3492 4429 3635 4484 deos

259 4521 508 4588 ἀκάνθας,
559 4519 647 4575 καὶ
703 4518 771 4573 τὰ
826 4517 995 4574 λοιπὰ
1040 4517 1327 4592 κτίσματα.
1398 4521 1495 4576 Καὶ
1554 4522 1653 4578 οὐκ
1709 4522 1893 4588 αἰσθά-

2021 4551 2143 4591 suos
2160 4534 2231 4589 ab
2253 4532 2385 4588 aliis
2405 4527 2745 4586 hominibus
2765 4531 2822 4582 et
2842 4524 3093 4592 comedi,
3118 4528 3175 4578 et
3192 4523 3324 4595 igne
3356 4517 3638 4586 cremari,

257 4630 440 4667 νονται
475 4609 528 4664 οἱ
551 4605 893 4683 ταλαίπωροι
924 4607 1046 4683 περὶ
1099 4607 1311 4664 πάντων
1356 4609 1562 4668 τούτων
1611 4611 1693 4669 ὅτι
1742 4613 1894 4673 οὐδὲν

259 4697 862 4774 ἶσχύουσιν.”ορῶντες
889 4696 992 4772 γὰρ
1048 4695 1178 4760 τοὺς
1234 4697 1387 4762 θεοὺς
1446 4698 1621 4760 αὐτῶν
1684 4703 1894 4782 βιϐρω-

324 4915 434 4989 (77)
462 4912 690 4989 Forsan
716 4907 818 4989 ὑπό
847 4930 943 4964 του
974 4907 1188 4989 ύόςεηΙ),
1227 4911 1329 4989 61:6
1353 4917 1449 4968 τοῦ
1480 4913 1623 4974 υἱοῦ.

2005 4620 2348 4696 etjugulari
2395 4625 2570 4693 atque
2620 4615 2917 4687 corrumpi
2964 4613 3220 4680 videant,
3263 4626 3383 4666 non
3434 4613 3634 4663 tamen

2003 4713 2252 4786 proinde
2283 4727 2382 4767 eos
2413 4708 2554 4764 deos
2583 4723 2704 4762 non
2737 4721 2864 4760 esse
2895 4702 3338 4758 intellexerunt.

329 4975 440 5055 (78')
473 4986 540 5052 Α,
573 4979 940 5066 ἁϐελτότεροι.
974 4982 1042 5066 1),
1066 4975 1453 5066 ἀϐελτῴτεροι.
1485 4990 1610 5066 Non
1641 4987 1904 5066 videbatu

2021 5012 2106 5066 sse
2142 4983 2613 5066 a6ékrapoqiinter
2644 5005 2835 5066 pauca
2859 4981 3296 5066 numerandum
3322 4975 3634 5066 adjectivna,

259 5074 394 5147 quae
421 5054 884 5147 pomparati'vum
915 5058 1154 5147 curtum
1169 5054 1412 5147 habent,
1442 5064 1519 5147 μὶ
1536 5058 1872 5147 εὖξύλπωτος,
1906 5084 1928 5117 ε

1933 5064 2254 5140 ὖχείρωτος,
2278 5051 2398 5140 etc.
2418 5051 2985 5140 Mepanderlliostor.
3017 5057 3376 5140 Ifi'agm..vl‘11,
3400 5051 3465 5140 7p.
3617 5065 3631 5104 :

260 5123 386 5210 7-0::
418 5123 790 5210 ἀναπτερωτόν
809 5129 1012 5210 .Tt.XQ'7]
1023 5144 1098 5210 μα
1126 5126 1160 5193 ἡ
1191 5127 1335 5210 νίκῃ,
1369 5123 1459 5210 καὶ
1492 5123 1890 5210 διαδιδράσκειν

2021 5123 2083 5210 τέί
2104 5123 2770 5210 οὗσέῥᾳὸίωςεᾘωο-εβῐ
2798 5129 2904 5210 viri
2934 5127 3086 5210 doct.
3133 5123 3442 5196 'scriptura
3491 5137 3634 5210 gon-

247 5192 699 5277 jecturalispro
731 5192 983 5277 pristina
1012 5192 1453 5277 ἀναπτερῶτατύν
1483 5222 1535 5256 τι
1567 5192 1904 5277 χρ.Ἐ(]ιιί(1ε

2021 5209 2092 5264 111
2121 5192 2338 5265 mutari
2369 5205 2594 5277 malim.
2627 5202 2776 5277 Eri_t__
2799 5192 3636 5277 dvaujceplbtawv{superlati-

261 5264 367 5351 viis
390 5264 752 5351 dec‘ut‘tétus:
780 5264 1447 5351 Pf‘ohﬁvantepw'tératov,
1476 5264 1634 5345 (ιυὸἶὶ
1660 5277 1732 5331 ob
1757 5264 2363 5351 Itautismum’fugisse
2392 5275 2685 5330 videntur.
2716 5271 2858 5327 Vide
2886 5264 3184 5342 Wyttenb.
3243 5267 3318 5324 ad
3367 5264 3522 5322 Plut.
3556 5265 3633 5319 De

257 5343 389 5396 disc.
433 5341 596 5410 adul._
615 5355 743 5410 pag.
778 5341 839 5392 51
876 5339 942 5393 D.

331 5414 442 5484 (‘79)
470 5403 830 5486 ᾼηῖᾁς-ἒὶῐιε
857 5409 1126 5486 articulo,
1161 5411 1476 5486 non_valde
1499 5415 1732 5486 quidem
1768 5419 2126 5476 necessario.
2160 5418 2490 5476 Articulum
2521 5412 2926 5471 necessarium
2952 5413 3061 5486 τῶν
3097 5403 3627 5486 reddidi_tom..l.ll,

423 5479 515 5548 74,
547 5484 636 5551 24,
665 5479 874 5535 Joanni
897 5481 1117 5550 Gahraa,
1154 5484 1310 5553 quod
1338 5489 1479 5540 tunc
1499 5479 1742 5544 monere
1773 5490 2168 5562 neglexeram.
2200 5489 2505 5547 Choricius
2535 5487 2596 5540 in
2628 5487 2852 5540 Summ.
2884 5487 2911 5552 §

321 5573 396 5607 ων
427 5552 634 5611 ἑκάστῳ
649 5550 750 5611 τὴν
781 5544 1182 5607 ἐπιϐάλλουσαν
1215 5549 1473 5611 διωρίσας
1505 5555 1647 5611 οὕτω
1699 5563 1918 5611 uolam-
1973 5559 2153 5611 ὥσπερ
2209 5560 2286 5611 sic
2340 5557 2544 5611 λόγους
2601 5551 2778 5610 ἐλθών
2835 5574 2907 5610 πο

2940 5484 3042 5540 462
3076 5481 3174 5535 Καὶ
3207 5479 3270 5534 σὺ
3299 5482 3406 5533 τῶν
3433 5472 3629 5548 Ἀῤῥαο

303 5544 396 5608 ίιιῖν
427 5544 754 5637 ἒκάστῴτὴγ
781 5544 1473 5637 ἐπιϐάλλουσανιδεωρίσας
1505 5555 1647 5613 οὕτω
1699 5544 2167 5637 μοῖραιν,ί-ίὲ]ξππῖρ⁷
2209 5544 2310 5626 ξιξ
2340 5544 2544 5636 λόγους
2601 5551 2778 5610 ἐλθών
2835 5544 2941 5610 πόυ
2995 5554 3064 5626 τῇ
3118 5550 3265 5625 τύχῃ
3324 5544 3632 5620 οἴκητδρων

259 5631 419 5686 Bene
464 5617 982 5698 οοάἰὸιιεδιώρισας
1011 5629 1070 5681 et
1093 5625 1205 5679 τῶν
1226 5617 1404 5698 clx-'11:.
