3994 6150
385 295 524 351 1149

1900 294 2267 349 ADDBNDA.

3640 296 3774 350 1120

393 418 691 492 σκομένους
734 417 838 472 ὑπὸ
868 417 1064 492 ἒτὲρων
1093 416 1393 492 ἀνθρώπων
1422 416 1511 471 καὶ
1540 415 1863 489 καιομένους
1883 412 1972 469 καὶ
2004 413 2428 490 σφαττομένους,
2476 417 2566 470 xui
2611 418 2977 492 σηπομένους,
3026 415 3089 473 οὗ
3142 422 3372 486 συνῆκαν
3418 416 3543 490 περὶ
3590 414 3770 472 αὐτῶν

388 505 472 560 ὅτι
504 506 607 560 οὐκ
635 504 736 559 εἶσὶ
768 505 900 569 θεοί.

458 596 740 660 Quocirca
785 612 995 665 magno
1019 612 1217 650 errore
1249 601 1373 650 tum
1400 597 1669 666 Egyptii,
1699 602 1824 650 tum
1854 593 2019 648 Chal-

2209 592 2429 662 ΠΛάνην
2459 591 2550 647 οῦν
2588 594 2832 669 μεγάλην
2867 593 3246 665 ἐπλανήθησαν
3280 591 3332 647 ο’ί
3367 614 3424 648 τε
3471 592 3767 667 Αἰγύπτιοι

395 684 529 748 diei,
564 690 687 737 tum
719 684 897 737 Graeci
930 684 1079 753 lapsi
1112 689 1268 749 sunt,
1303 684 1444 738 deos
1475 684 1811 755 hujusmodi
1852 682 2027 736 indu-

390 778 612 838 centes,
645 779 820 842 atque
843 774 1107 843 ipsorum
1131 780 1352 829 statuas
1375 774 2027 842 efﬁcientes,surdaque

388 868 447 916 et
476 878 683 917 sensus
733 862 997 931 expertia
1043 863 1362 917 simulacra
1407 880 1512 933 pro
1555 863 1668 917 diis
1716 861 2023 917 habentes.

387 950 471 1003 Ac
489 948 751 1002 demiror
772 966 887 1019 quo
913 955 1103 1020 pacto,
1138 967 1271 1004 cum
1291 951 1431 1005 deos
1451 967 1587 1006 suos
1611 951 1682 1004 ab
1700 950 2027 1005 artiﬁcibus

388 1037 665 1091 secari.et
685 1036 971 1102 dolari,ac
986 1039 1271 1105 truncari,
1302 1044 1478 1108 atque
1499 1038 2025 1109 temporislongin-

385 1128 610 1197 quitate
638 1127 1065 1183 inveterascere
1099 1134 1156 1181 et
1185 1129 1699 1199 immutari,atque
1722 1130 1856 1200 igne
1882 1144 2025 1183 con—

385 1217 515 1272 ﬂari
537 1222 868 1285 cernerent,
892 1218 1029 1272 hinc
1059 1236 1160 1273 eos
1182 1220 1426 1274 minime
1445 1220 1586 1275 deos
1611 1236 1738 1276 esse
1756 1236 1875 1274 non
1898 1220 2023 1273 ani-

384 1306 979 1361 madverterint.Nam
993 1308 1094 1377 qui
1110 1307 1172 1361 in
1188 1325 1309 1363 sua;
1324 1309 1531 1363 salutis
1549 1309 1783 1379 negotio
1797 1308 2024 1363 nullam

387 1393 506 1447 vim
524 1393 765 1460 habent,
791 1410 1051 1463 quonam
1068 1395 1307 1449 tandem
1329 1397 1502 1450 modo
1526 1396 1832 1451 hominum
1849 1395 2025 1450 saluti

392 1480 745 1538 consulent?
774 1483 848 1535 At
875 1498 1010 1536 vero
1039 1489 1227 1553 poetas
1258 1484 1544 1555 ipsorum,
1585 1490 1643 1539 et
1686 1484 2025 1555 philosophi

386 1572 508 1624 tam
539 1568 947 1624 Chaldaeorum
966 1587 1143 1640 quam
1163 1572 1584 1643 Egyptiorum,
1604 1589 1739 1628 cum
1758 1571 2023 1628 versibus

387 1657 509 1711 suis
546 1673 613 1712 ac
643 1657 976 1713 litterarum
997 1661 1400 1714 monumentis
1420 1661 1562 1716 deos
1584 1678 1720 1716 suos
1741 1678 2023 1717 exornare

397 1745 773 1812 studuerunt,
806 1762 1009 1800 eorum
1040 1748 1424 1817 ignominiam
1445 1750 1630 1817 magis
1653 1750 2023 1818 detexerunt,

385 1833 727 1903 nudamque
751 1834 1016 1888 omnium
1034 1835 1222 1889 oculis
1244 1844 1696 1907 proposuerunt.
1720 1840 1863 1893 Nam
1887 1855 2022 1893 cum

384 1920 649 1975 hominis
679 1938 914 1992 corpus,
948 1924 1213 1992 quamvis
1241 1924 1463 1995 alioqui
1497 1926 1700 1981 multis
1756 1927 2021 1998 partibus
2052 1944 2100 2010 Β

386 2010 875 2077 constet,nullum
897 2016 1095 2066 tamen
1115 2012 1517 2067 membrorum
1540 2030 1780 2069 suorum
1799 2015 2020 2086 abjicit,

384 2114 589 2152 verum
614 2098 1017 2152 ﬁrmissimam
1038 2116 1171 2153 cum
1193 2100 1338 2170 ipsis
1362 2101 1639 2157 omnibus
1662 2103 2028 2174 conjunctio-

388 2201 527 2240 nem
560 2186 805 2252 habens,
840 2203 1041 2241 secum
1070 2187 1263 2257 ipsum
1294 2190 1629 2257 concordat,
1664 2191 1763 2261 qui
1788 2190 2024 2245 tandem

388 2272 451 2327 in
483 2273 585 2327 Dei
616 2278 830 2328 natura
862 2279 1025 2329 tanta
1049 2292 1245 2346 pugna
1276 2281 1333 2330 et
1359 2277 1654 2332 discordia
1673 2278 1869 2334 futura
1891 2279 2024 2334 est?

389 2362 535 2414 Nam
567 2360 616 2413 si
647 2377 765 2415 una
797 2360 1043 2416 deorum
1071 2368 1282 2418 natura
1312 2370 1487 2432 esset,
1520 2365 1666 2420 deus
1697 2366 1873 2421 deum
1929 2367 2023 2421 in-

390 2448 623 2515 sectari,
656 2456 757 2503 aut
784 2450 1156 2521 obtruncare,
1190 2458 1290 2507 aut
1319 2454 1475 2508 malo
1505 2454 1704 2525 aliquo
1736 2456 2022 2510 mulctare

386 2537 634 2592 minime
660 2537 933 2592 debebat.
958 2540 1122 2603 Quod
1142 2540 1190 2594 si
1214 2540 1474 2597 diiadiis
1504 2544 1713 2611 vexati,
1747 2548 1805 2597 et
1838 2545 2020 2599 inter-

389 2626 593 2696 empti,
628 2632 687 2680 et
716 2626 970 2697 spoliati,
1003 2644 1070 2682 ac
1099 2628 1349 2684 fulmine
1379 2633 1641 2700 percussi
1690 2638 1848 2701 sunt,
1902 2650 2021 2687 non

380 2715 509 2786 jam
534 2732 652 2770 una
674 2732 878 2770 eorum
901 2722 1113 2772 natura
1136 2720 1356 2785 est,sed
1378 2720 1670 2777 distinctas
1694 2723 2022 2778 voluntates

388 2809 564 2873 atque
590 2820 795 2859 omnes
815 2805 1072 2861 exitiosaa
1104 2823 1171 2862 ac
1200 2810 1514 2878 pestifera).
1548 2812 1629 2865 Ex
1650 2829 1764 2882 quo
1791 2812 2025 2866 conclu-

389 2891 649 2946 dendum
682 2897 772 2946 est
800 2894 1103 2949 neminem
1136 2911 1341 2951 eorum
1372 2897 1547 2952 deum
1580 2916 1729 2954 esse.
1787 2900 2020 2971 Perspi-

390 2995 565 3033 cuum
596 2984 685 3034 est
714 2980 909 3050 igitur,
942 2998 975 3035 o
1006 2998 1129 3049 rex,
1164 3000 1402 3039 omnem
1438 3002 1641 3040 eorum
1673 2986 1743 3041 de
1776 2986 2021 3042 deorum

391 3071 607 3122 natura
630 3066 1091 3138 disputationem
1122 3072 1338 3126 erroris
1370 3073 1610 3142 plenam
1641 3090 1789 3129 esse.

458 3156 722 3220 Quonam
735 3160 933 3210 autem
946 3162 1115 3226 pacto
1130 3158 1170 3211 ii
1185 3160 1284 3228 qui
1298 3161 1454 3230 apud
1467 3161 1695 3215 Graecos
1718 3162 2021 3233 sapientiai

386 3246 563 3311 atque
586 3242 869 3297 doctrinas
884 3244 1040 3298 fama
1054 3244 1401 3313 floruerunt,
1416 3247 1564 3302 illud
1578 3250 1824 3303 minime
1847 3250 2019 3305 intel-

2129 678 2218 733 xui
2250 680 2301 733 oi
2332 679 2602 736 Χαλδαῖοι
2633 683 2722 736 καὶ
2776 684 2826 737 οἱ
2880 681 3154 752 ’Έλληνες
3208 680 3488 742 τοιούτους
3542 700 3761 755 παρεισ-

2129 768 2346 843 άγοντες
2377 770 2551 833 θεοὺς.
2592 771 2681 826 καὶ
2739 771 3028 846 ἀγάλματα
3084 771 3261 826 αὐτῶν
3314 774 3619 838 ποιοῦντες,
3674 770 3767 824 xui

2130 856 2636 929 θεοποιεύμενοιτά
2680 858 2837 936 κωφά
2880 858 2971 913 καὶ
3026 858 3322 927 ἀναίσθητα
3377 854 3604 914 εἳδωλα.
3662 856 3768 913 Καὶ

2127 944 2384 1017 θαυμάζω
2414 951 2530 1007 πῶς
2586 947 2819 1020 ὁρῶντες
2872 946 3001 1010 τοὺς
3053 946 3206 1011 θεοὺς
3264 946 3444 1001 αὑτῶν
3502 944 3606 999 ὑπὸ
3664 948 3772 998 τῶν

2129 1031 2483 1110 δημιουργῶν
2514 1038 2884 1110 πριζομὲνους
2908 1037 3001 1092 καὶ
3030 1034 3471 1108 πελεκωμένους,
3502 1032 3771 1089 παλαιου-

2132 1124 2323 1195 μένους
2362 1144 2419 1178 τε
2477 1124 2577 1178 ὑπὸ
2631 1129 2728 1179 τοῦ
2787 1124 2993 1200 χρόνου
3047 1122 3137 1180 καὶ
3196 1121 3624 1196 ἀναλυομένους,
3678 1120 3769 1176 xui

2128 1227 2566 1285 χωνευομενους,
2608 1212 2706 1268 οὐκ
2763 1211 3062 1291 ἐφρόνησαν
3121 1211 3247 1287 περὶ
3298 1210 3472 1266 αὐτῶν
3531 1209 3617 1265 ὅτι
3675 1209 3773 1263 οὐκ

2128 1298 2232 1353 εἰσὶ
2265 1299 2397 1363 θεοί.
2428 1303 2559 1358 ’Ότε
2615 1302 2717 1377 γὰρ
2762 1302 2887 1376 περὶ
2937 1308 3038 1371 τῆς
3089 1298 3232 1362 ἰδίας
3280 1298 3557 1373 σωτηρίας
3612 1295 3767 1353 ούδὶν

2129 1387 2408 1463 ἰσχύουσι,
2439 1393 2557 1451 πῶς
2589 1394 2696 1445 τῶν
2754 1390 3052 1464 ἀνθρώπων
3102 1388 3360 1465 πρόνοιαν
3408 1389 3770 1459 ποιήσονταις

2126 1475 2285 1533 ’Λλλ’
2312 1477 2363 1531 oi
2393 1477 2619 1547 ποιηταὶ
2646 1478 2822 1534 αὐτῶν
2850 1479 2940 1534 καὶ
3001 1476 3317 1555 φιλόσοφοι,
3359 1479 3464 1532 τῶν
3508 1496 3568 1530 τε
3618 1473 3771 1531 Χαλ-

2128 1563 2289 1620 δαίων
2319 1566 2408 1621 καὶ
2441 1564 2724 1637 Ἐλλήνων
2756 1568 2843 1622 καὶ
2894 1565 3232 1641 Δῖγυπτίων,
3281 1563 3609 1635 θελήσαντες
3650 1569 3771 1627 τοῖς

2125 1655 2433 1727 ποιήμασιν
2505 1655 2679 1710 αὐτῶν
2737 1654 2829 1710 καὶ
2914 1659 3251 1731 συγγραφαῖς
3325 1657 3583 1726 σεμνῦναι
3638 1651 3768 1715 τοῦς

2126 1744 2254 1816 παρ’
2307 1742 2493 1805 αὐτοῖς
2553 1742 2731 1812 θεοὺς,
2792 1745 3057 1817 μειζόνως
3113 1744 3213 1812 τὴν
3263 1740 3528 1817 αἰσχύνην
3587 1741 3767 1795 αὐτῶν

2129 1831 2460 1905 ἐξεκάλυψαν
2491 1832 2581 1886 καὶ
2603 1834 2814 1907 γυμνὴν
2868 1839 2999 1887 πᾶσι
3043 1828 3374 1906 προῦθηκαν.
3425 1829 3489 1885 Ei
3546 1828 3650 1903 γὰρ
3706 1829 3769 1883 τὸ

2131 1924 2291 1992 σῶμα
2318 1921 2414 1975 τοῦ
2444 1919 2732 1995 ἀνθρώπου
2784 1918 3092 1996 πολυμερὲς
3150 1922 3297 1977 251
3361 1916 3418 1971 ὃν
3476 1918 3579 1972 οὐκ
3632 1917 3770 1971 ἀπο-

2132 2003 2396 2063 ϐάλλεταί
2425 2030 2479 2063 τι
2507 2009 2614 2062 τῶν
2646 2006 2802 2063 ῒδίων
2839 2007 3046 2082 μελῶν,
3079 2005 3242 2077 ἀλλὰ,
3300 2008 3439 2082 πρὸς
3484 2007 3660 2060 πάντα
3707 2006 3774 2058 τὰ

2136 2094 2277 2170 μέλη
2312 2094 2675 2173 ἀδιάρῥηκτον
2714 2094 2913 2167 ἕνωσιη
2972 2094 3125 2171 ἕχον,
3172 2096 3347 2167 ἑαυτῷ
3389 2093 3503 2150 ἐστι
3544 2095 3772 2170 σύμφω-

2132 2206 2246 2253 νον,
2280 2189 2399 2247 πῶς
2431 2183 2484 2239 ἐν
2542 2185 2695 2262 φύσει
2754 2190 2878 2249 θεοῦ
2939 2186 3094 2259 μάχη
3150 2185 3240 2239 καὶ
3299 2182 3568 2261 διαφωνία
3624 2177 3769 2237 ἔσται

2131 2275 2365 2344 τοσαύτη
2394 2291 2407 2342 ;
2441 2271 2491 2327 εἷ’
2517 2275 2620 2349 γὰρ
2655 2273 2751 2347 μία
2781 2274 2937 2352 φύσις
2994 2278 3101 2328 τῶν
3148 2278 3281 2337 θεῶν
3343 2274 3613 2348 ὑπῆρχεν,
3672 2271 3771 2325 οὐκ

2137 2358 2365 2439 ὣφειΛεν
2390 2362 2508 2425 θεὸς
2549 2363 2665 2417 θεὸν
2721 2360 2959 2431 διώκειν,
3017 2359 3138 2416 οὔτε
3195 2362 3435 2438 σφάζειν,
3496 2358 3619 2414 οὔτε
3672 2378 3769 2413 xu-

2130 2455 2392 2504 κοποιεῖν·
2442 2449 2488 2504 εί
2546 2447 2603 2504 δὶ
2655 2451 2706 2504 οἱ
2765 2450 2875 2505 θεοὶ
2937 2451 3038 2505 ὑπὸ
3091 2454 3227 2513 θεῶν
3283 2446 3625 2522 ἐδιώχθησαν
3678 2446 3769 2500 καὶ

2133 2537 2461 2613 ἐσφάγησαν,
2486 2537 2577 2591 καὶ
2627 2536 2945 2613 ἡρπάγησαν
3004 2536 3094 2591 καὶ
3154 2536 3619 2611 ἐκεραυνώθησαν,
3670 2535 3769 2588 οὐκ

2133 2623 2212 2681 ἔτι
2246 2625 2343 2698 μία
2366 2626 2522 2704 φύσις
2581 2624 2742 2695 ἐστὶν,
2802 2625 2948 2680 ἀλλὰ
3002 2629 3220 2699 γνῶμαι
3278 2622 3620 2700 διῃρημέναι,
3665 2627 3771 2677 πᾶ-

2132 2734 2218 2768 σαι
2249 2714 2562 2783 κακοποιοὶ,
2595 2714 2733 2768 ὥστε
2763 2711 2942 2775 οὐδεὶς
2969 2712 3019 2783 ἐξ
3076 2713 3251 2767 αὐτῶν
3301 2712 3413 2767 ἐστι
3459 2711 3600 2772 θεός.
3654 2715 3765 2764 Φα-

2129 2802 2282 2877 νερὸν
2315 2802 2406 2856 οὗν
2440 2802 2601 2870 ἐστιν,
2634 2800 2679 2855 ὦ
2715 2802 2960 2876 βασιλεῦ,
3010 2800 3225 2873 πλάνην
3273 2803 3407 2856 εἶναι
3446 2806 3618 2855 πᾶσαν
3666 2799 3762 2867 τήν

2130 2889 2254 2965 περὶ
2279 2894 2385 2945 τῶν
2420 2892 2552 2945 θεῶν
2587 2890 2957 2966 φυσιελογίαν.

2204 3161 2327 3219 Πῶς
2360 3155 2417 3212 δὲ
2444 3157 2512 3211 ού
2546 3163 2780 3226 συνῆκαν
2815 3155 2866 3210 oi
2898 3157 3053 3234 σοφοὶ
3087 3155 3177 3210 καὶ
3213 3153 3396 3231 λόγιοι
3426 3159 3533 3209 τῶν
3565 3151 3767 3223 Ἐλλή-

2132 3268 2237 3302 νων
2267 3245 2350 3301 δτι
2385 3246 2474 3300 καὶ
2505 3246 2558 3299 οἱ
2588 3244 2792 3317 νόμους
2823 3247 2959 3318 (79')
2992 3244 3208 3316 θέμενοι
3229 3243 3505 3318 κρίνονται
3537 3243 3641 3297 ὑπὸ
3658 3247 3764 3296 τῶν

384 3298 678 3397 Ιθίθτιιηὶ,
703 3347 804 3384 eos
824 3332 923 3400 qui
947 3331 1105 3403 leges
1130 3298 1659 3391 tulerunt’suismet
1676 3337 1901 3409 legibus
1920 3340 2020 3410 ju-

2314 3298 2546 3407 -νόμωνς
2578 3298 2790 3407 Εἰιγὰρ
2925 3298 3087 3405 νόμιίι
3138 3298 3336 3386 δίκαίοί
3386 3331 3541 3403 εἰσιν,
3591 3328 3766 3384 ἄδικοι

389 3414 571 3469 dicari
596 3415 623 3469 ?
652 3418 795 3471 Nam
815 3418 862 3471 si
885 3418 1231 3489 legesjustaa
1255 3427 1411 3489 sunt,
1437 3423 1640 3493 injusti
1660 3427 1902 3481 omnino
1933 3427 2021 3498 ip-

366 3519 586 3557 sorum
609 3503 690 3556 dii
714 3510 872 3572 sunt,
896 3506 996 3575 qui
1020 3512 1225 3562 contra
1242 3509 1437 3580 legum
1454 3514 1797 3584 praescripta
1818 3520 2020 3569 mutuo

387 3607 516 3645 sese
548 3591 977 3661 interfecerint,
1011 3600 1186 3666 atque
1218 3597 1279 3651 in
1310 3600 1594 3655 veneficia
1625 3607 1682 3655 et
1709 3602 2019 3669 adulteria,

383 3684 442 3733 et
470 3680 645 3748 furta,
684 3685 742 3735 et
774 3688 1166 3753 praaposteras
1208 3684 1485 3741 libidines
1534 3690 1888 3759 proruerint.
1921 3692 2020 3746 Sin

382 3773 581 3822 autem
598 3774 755 3823 recte
770 3770 1223 3843 fecerunt,leges
1240 3779 1396 3829 certe
1415 3776 1635 3847 iniquae
1650 3784 1806 3847 sunt,
1823 3784 2021 3850 utpote

381 3855 659 3912 adversus
673 3858 812 3912 deos
831 3860 1358 3917 constitutm.Nunc
1368 3865 1715 3937 autemleges
1727 3868 2022 3937 praaclaraa

381 3959 449 3997 ac
463 3943 642 4014 justas
662 3951 820 4011 sunt,
858 3952 922 4000 ut
951 3963 1081 4017 quae
1125 3952 1184 4001 et
1225 3949 1469 4006 virtutes
1502 3952 1765 4022 laudent,
1800 3960 1858 4009 et
1887 3957 2025 4011 vitia

382 4031 781 4102 prohibeant;
812 4034 1058 4089 deorum
1091 4040 1313 4107 autem,
1345 4054 1492 4108 quos
1524 4041 1637 4111 ipsi
1654 4042 1874 4112 colunt,
1909 4044 2023 4098 ini-

387 4137 504 4190 qua
521 4128 657 4176 sunt
672 4138 871 4193 opera:
891 4140 1072 4194 quare
1089 4125 1277 4196 iniqui
1292 4127 1467 4182 etiam
1481 4128 1745 4200 ipsorum
1770 4132 1848 4186 dii
1865 4139 2021 4201 sunt,

387 4224 716 4279 omnesque
748 4212 916 4282 impii
949 4230 1017 4267 ac
1046 4220 1235 4270 morte
1269 4216 1584 4287 multandi,
1609 4220 1708 4290 qui
1731 4221 2023 4291 ejusmodi

388 4296 531 4351 deos
561 4298 870 4357 inducunt.
907 4304 1049 4357 Nam
1083 4303 1130 4357 si
1165 4320 1234 4359 ea
1264 4322 1394 4376 quae
1425 4306 1497 4361 de
1527 4306 1671 4379 ipsis
1691 4309 2022 4367 litterarum

390 4388 797 4442 monumentis
824 4390 1058 4460 prodita
1086 4398 1245 4461 sunt,
1278 4393 1413 4449 ﬁcta
1456 4400 1514 4449 et
1553 4396 1823 4454 fabulosa
1865 4405 2022 4467 sunt,

391 4474 545 4529 nihil
560 4474 723 4531 aliud
746 4484 885 4532 sunt
906 4496 1081 4549 quam
1107 4482 1255 4536 meri
1282 4499 1616 4551 sermones;
1637 4487 1684 4540 si
1707 4493 1904 4542 autem
1918 4506 2026 4544 na-

394 4562 755 4631 turalia,non
764 4567 890 4638 jam
910 4566 990 4621 dii
1004 4574 1142 4623 sunt
1154 4570 1253 4639 qui
1267 4571 1391 4626 haec
1402 4571 1746 4630 feceruntac
1758 4576 2022 4646 perpessi

2131 3422 2347 3483 πάντως
2378 3422 2429 3474 oi
2461 3421 2569 3475 θεοὶ
2604 3418 2776 3474 αὐτῶν
2811 3419 2935 3488 εἶσι,
2964 3421 3253 3495 παράνομα
3277 3421 3627 3489 ποιήσαντες,
3670 3416 3768 3472 ἀλ-

2132 3508 2494 3581 Ληλοκτονίας
2522 3507 2611 3563 xui
2645 3507 2975 3583 φαρμακίας,
3002 3507 3091 3562 καὶ
3126 3509 3381 3583 μοιχείας
3417 3507 3507 3562 καὶ
3535 3505 3767 3575 κλοπὰς,

2129 3599 2220 3654 xui
2251 3596 2673 3671 ἀρσενοκοισίας.
2706 3596 2772 3650 Ei
2830 3594 2887 3651 δὲ
2942 3594 3125 3659 καλῶς
3183 3594 3410 3671 ἔπραξαν
3467 3600 3657 3665 ταῦτα,
3718 3595 3768 3648 oi

2131 3690 2294 3760 νόμοι
2325 3686 2427 3758 ἄρα
2458 3685 2638 3741 ἄδικοὶ
2691 3684 2814 3754 εἶσι,
2870 3686 3007 3740 κατά
3059 3689 3191 3745 τῶν¹
3228 3686 3362 3739 θεῶν
3415 3681 3767 3745 συντεθέντες.

2132 3777 2263 3831 Νυνὶ
2298 3774 2355 3831 δὲ
2386 3776 2437 3829 οἱ
2480 3773 2641 3847 νόμοι
2697 3773 2859 3828 καλοί
2918 3773 3021 3827 εἶσι
3078 3772 3169 3827 καὶ
3227 3770 3445 3844 δίκαιοι,
3504 3771 3571 3827 τὰ
3626 3769 3767 3825 καλᾶ

2133 3864 2470 3926 ἐπαινοῦντες
2498 3864 2588 3918 xui
2635 3862 2703 3918 τὰ
2747 3863 2887 3917 κακᾶ
2935 3860 3382 3937 ἀπαγορεύοντες’
3412 3862 3477 3915 τὰ
3523 3858 3581 3914 δὲ
3638 3858 3767 3935 ἔργα

2134 3959 2243 4010 τῶν
2275 3956 2410 4017 θεῶν
2444 3952 2619 4006 αὐτῶν
2671 3951 2981 4026 παράνομον
3037 3952 3348 4026 παράνομοι
3406 3950 3508 4024 ἄρα
3554 3948 3607 4003 οἱ
3657 3946 3764 4012 θεοὶ

2131 4042 2331 4111 αὐτῶν,
2379 4040 2471 4096 καὶ
2531 4037 2716 4114 ἔνοχοι
2771 4039 2966 4102 πάντες
3022 4039 3247 4093 θανάτου
3303 4038 3391 4093 καὶ
3445 4031 3659 4098 ἀσεϐεῖς
3715 4035 3765 4089 οἱ

2130 4130 2413 4193 τοιὸύτους
2442 4127 2595 4191 θεοὺς
2624 4127 3064 4202 παρεισάγοντες.
3123 4127 3180 4181 Εἰ
3241 4128 3335 4199 μὶν
3383 4125 3482 4201 γὰρ
3545 4124 3761 4197 μυθικαὶ

2132 4223 2188 4277 αἱ
2218 4219 2340 4293 περὶ
2372 4216 2544 4272 αὐτῶν
2577 4216 2834 4290 ἱστορίαι,
2867 4213 3017 4271 οὐδέν
3049 4214 3201 4287 εἰσιν,
3235 4215 3282 4269 εὶ
3333 4216 3410 4287 μὴ
3460 4213 3622 4287 μόνον
3673 4212 3767 4269 λό-

2131 4326 2239 4384 γοισ
2274 4306 2320 4361 εἰ
2353 4303 2410 4360 δὲ
2439 4303 2682 4379 φυσικαὶ,
2716 4302 2815 4358 οὐκ
2843 4300 2920 4357 ἔτι
2949 4302 3061 4367 θεοί
3113 4302 3244 4357 είσιν
3285 4303 3343 4356 οἱ
3387 4306 3556 4357 ταῦτα
3602 4303 3767 4371 ποιή-

2135 4416 2313 4458 σαντες
2336 4394 2426 4449 καὶ
2450 4392 2730 4457 παθόντες
2760 4392 2805 4446 εἰ
2829 4389 2885 4446 δὲ
2913 4389 3309 4466 ἀλληγορικαὶ,
3347 4389 3509 4465 μῦθοί
3544 4390 3650 4446 εἶσι
3681 4388 3765 4445 xui

2135 4485 2231 4540 οὐκ
2260 4482 2400 4538 ἄλλο
2430 4504 2504 4539 τι.
2555 4484 2707 4539 252
2751 4476 3158 4535 Ἀποδέδεικται
3205 4480 3408 4549 τοίνυν,
3439 4478 3483 4533 ὦ
3519 4478 3764 4555 βασιλεῦ,

2130 4576 2295 4628 ταῦτα
2346 4572 2520 4625 πάντα
2573 4568 2639 4623 τὰ
2694 4566 2936 4623 πυλύθεα
2988 4562 3300 4641 σεϐάσματα
3362 4568 3579 4639 πλάνης
3640 4566 3763 4643 ἔργα

392 4655 532 4707 sunt
555 4669 570 4719 ;
603 4654 761 4723 quod
784 4656 832 4709 si
864 4657 1178 4729 allegorico
1202 4676 1379 4714 sensu
1409 4676 1477 4714 ea
1497 4643 1791 4732 dicuntur,
1813 4643 2022 4719 fabulae

2134 4660 2222 4716 xui
2252 4657 2528 4720 ἀπωλείας
2570 4654 2856 4732 ὑπάρχειν.
2887 4657 2966 4714 Οὐ
2998 4657 3111 4731 χρὴ
3144 4656 3234 4711 οὗν
3284 4656 3436 4717 θεοὺς
3484 4656 3763 4725 ὀνοπάζειν

389 4746 549 4809 sunt,
580 4758 646 4797 ac
669 4744 1136 4816 nihilpraaterea.
1161 4749 1632 4802 Demonstratum
1648 4752 1966 4822 estitaque,
1991 4771 2022 4809 o

387 4830 629 4897 rex,hos
647 4848 849 4887 omnes
867 4834 1188 4904 cultus,qui
1204 4835 1405 4887 multis
1418 4835 1530 4889 diis
1554 4837 1911 4909 tribuuntur,
1936 4859 2025 4897 er-

2137 4746 2363 4824 ὁρατοὺς
2390 4746 2477 4801 xui
2507 4747 2582 4819 μή
2618 4746 2876 4821 ὁρῶντας·
2911 4744 3055 4800 ἀλλᾶ
3082 4746 3173 4799 τὸν
3209 4744 3436 4819 ἀόρατον
3490 4744 3581 4799 xui
3634 4744 3765 4799 πάν·
3829 4755 3833 4758 ’

2134 4857 2227 4898 τας
2260 4834 2734 4910 δημιουργήσανεα
2766 4830 2847 4887 δεῖ
2877 4828 3119 4896 σέϐεσθαι
3150 4833 3300 4889 Θεόν.

391 4919 545 4973 roris
576 4924 752 4991 atque
787 4922 946 4976 exitii
984 4939 1163 4994 opera
1193 4939 1320 4977 esse
1352 4924 1563 4994 (neque
1592 4927 1749 4981 enim
1781 4929 1921 4985 deos
1951 4931 2251 5004 appellare
2286 4926 2558 4981 convenit
2588 4924 2689 4995 qui
2719 4924 2991 4978 videntur
3019 4940 3086 4979 ac
3116 4940 3237 4979 non
3282 4924 3519 4995 vident;
3566 4941 3763 4980 verum

395 5020 531 5058 eum
563 5007 684 5075 qui,
718 5025 851 5062 cum
883 5010 1007 5079 ipse
1031 5010 1192 5064 cerni
1225 5016 1499 5080 nequeat,
1531 5015 1733 5070 omnia
1763 5020 1991 5090 cernit),
2024 5022 2326 5087 Deumque
2353 5012 2452 5084 qui
2484 5013 2685 5068 omnia
2714 5011 2997 5079 condidit,
3030 5011 3341 5067 colendum
3375 5028 3523 5067 esse.

464 5093 779 5149 Veniamus
795 5097 989 5168 igitur,
1014 5116 1047 5152 o
1068 5115 1191 5164 rex,
1218 5098 1396 5153 etiam
1412 5098 1746 5169 adJudaaos,
1765 5111 1832 5160 ut
1852 5107 2022 5177 quid-

390 5193 531 5233 nam
549 5180 661 5250 ipsi
676 5199 909 5254 quoque
924 5186 995 5239 de
1017 5188 1132 5240 Deo
1154 5186 1741 5246 sentiantvideamus.
1757 5195 2021 5267 Namipsi

391 5266 465 5323 ab
492 5266 809 5336 Abraham,
834 5274 1018 5340 Isaac,
1042 5280 1099 5329 et
1116 5274 1290 5330 Jacob
1314 5276 1571 5347 oriundi,
1592 5280 1898 5351 :Egyptum
1920 5266 2022 5339 in-

371 5356 727 5431 coluerunt.
750 5359 921 5416 Illinc
937 5366 1132 5418 autem
1154 5365 1306 5419 Deus
1330 5381 1429 5420 eos
1455 5365 1515 5421 in
1530 5383 1707 5423 manu
1719 5372 1942 5441 potenti
1968 5378 2026 5428 et

2200 5101 2487 5173 ’Έλθωμεν
2521 5097 2631 5169 οὖν,
2664 5100 2709 5152 ὦ
2743 5096 2986 5173 βασιλεῦ,
3015 5098 3105 5153 καὶ
3136 5097 3224 5153 ἰπὶ
3274 5096 3401 5161 τοὺς
3449 5096 3763 5167 Ἰουδαίους,

2131 5194 2282 5255 ’ὁπως
2314 5190 2517 5263 ἷ’δώμεν
2546 5188 2598 5244 τί
2630 5194 2885 5266 φρονοῦσι
2914 5187 3004 5243 καὶ
3035 5187 3189 5243 αὐτοὶ
3220 5187 3344 5259 περὶ
3392 5191 3547 5244 Θεοῦ.
3597 5189 3765 5259 οὗτοι

2131 5283 2252 5357 γὰρ,
2284 5286 2381 5336 τοῦ
2412 5274 2660 5353 Ἀϐραὰμ
2689 5275 2837 5341 ὅντες
2888 5278 3143 5351 ἀπόγονοι
3192 5276 3282 5331 καὶ
3336 5278 3518 5334 Ἰσαάκ
3567 5298 3624 5331 τε
3675 5279 3760 5331 xui

2136 5365 2354 5439 Ἰακὼϐ,
2415 5369 2746 5443 παρῴκησαν
2800 5365 2875 5428 εἷς
2927 5364 3220 5441 Αἴγυπτον.
3280 5365 3510 5429 Ἐκεῖθεν
3573 5365 3631 5420 δὶ
3685 5363 3761 5435 ἐξ-

433 5508 601 5635 .379')
631 5511 699 5577 Α,
732 5509 815 5563 ὅτι
842 5511 1067 5583 νόμους.
1102 5513 1166 5597 Β,
1199 5513 1289 5568 xui
1317 5514 1537 5587 νόμους,
1574 5518 1804 5603 Sumpsi
1845 5526 2022 5607 utrm

433 5595 449 5633 ι
495 5578 721 5635 ebatur.
746 5583 833 5635 Ad
863 5581 1005 5635 κοίν.
1036 5590 1126 5635 est
1151 5603 1210 5635 1n
1242 5588 1287 5635 Α
1317 5587 1528 5635 nlossa-
1561 5590 1649 5635 vel
1678 5600 1929 5635 var-Man
1981 5594 2022 5635 -ἳν

2134 5540 2155 5578 3
2184 5539 2385 5578 vocem
2415 5526 2473 5577 et
2496 5521 2697 5577 addidi
2728 5519 2802 5589 oi,
2834 5536 2951 5592 quo
2977 5518 3163 5575 oratio
3194 5534 3394 5575 carere
3422 5533 3543 5576 non
3590 5532 3758 5590 posse

2134 5591 2554 5635 νηφηνηίυηυτηι.

392 5578 721 5638 videbatur.
746 5583 833 5640 Ad
863 5578 1005 5657 κρίν.
1036 5590 1126 5643 est
1151 5578 1213 5644 in
1241 5588 1289 5643 Α
1317 5578 1530 5661 glossa,
1561 5590 1653 5647 vel
1678 5578 1950 5653 varietas.
1981 5594 2022 5665 ἢ·

2134 5591 2558 5671 κατακρίνονται.
