3994 6150
241 273 417 330 1121

1434 285 1606 341 νιτΑ
1640 283 1991 340 BARLAAM
2025 284 2119 339 ΕΤ
2151 282 2489 339 JOASAPH.

3518 288 3665 348 “22‘

234 395 697 485 ἤγαγεναύτοῦς
725 400 755 455 6
785 401 916 466 Θεὸς
948 401 1001 458 ἐν
1042 405 1190 480 χειρί
1248 410 1476 482 κραταιᾷ
1528 406 1619 459 καὶ
1671 404 1722 459 ἐν
1775 406 1910 479 βρα-

2022 404 2262 461 brachio
2293 406 2547 474 excelso,
2571 422 2678 478 per
2695 406 2933 481 Moysen
2963 408 3227 482 ipsorum
3258 411 3664 485 legislatorem

234 484 405 561 χίονι
438 486 637 560 ὑψηλῷ
668 491 775 562 (80)
825 489 915 546 διὰ
971 494 1215 557 Μωσέως
1244 499 1343 549 τοῦ
1392 494 1695 566 νομοθέτου
1727 492 1900 547 αὐτῶν

234 574 346 629 καὶ
375 576 557 649 τέρασι
590 577 827 641 πολλοῖς
870 580 961 635 καὶ
1010 584 1262 655 σημείοις
1322 585 1434 655 (81)
1484 583 1769 657 ἐγνωρισεν
1801 581 1902 635 αύ-

235 668 371 725 τοῖς
398 666 497 734 τήν
527 665 719 720 ἑαυτοῦ
769 664 1013 741 δύναμιν.
1063 669 1241 739 Ἀλλ’,
1283 671 1598 746 ἀγνώμονες
1624 669 1714 726 καὶ
1747 668 1903 724 αὐτοὶ

239 752 507 829 φανέντες
559 755 649 808 καὶ
706 753 1027 831 ἄχρηστοι,
1083 756 1356 821 πολλάκις
1422 758 1740 834 ἐλάτρευσαν
1788 762 1904 819 τοῖς

239 844 366 895 τῶν
401 840 566 905 έθνῶν
618 838 939 917 σεϐάσμασι,
986 847 1075 901 καὶ
1115 847 1246 910 τοὺς
1296 846 1736 921 ἀπεσταλμένους
1765 846 1901 921 πρὸς

245 929 455 991 αὐτοὺς
532 932 819 1007 προφήτας
886 935 974 989 καὶ
1037 932 1276 998 δικαίους
1354 937 1663 991 ἀπέκτειναν
1700 978 1714 992 .
1770 935 1905 992 Εἶτα

247 1020 334 1079 ὡς
385 1016 674 1087 εὐδόκησεν
706 1020 733 1073 6
764 1021 888 1083 Υἱὸς
941 1028 1037 1077 τοῦ
1089 1029 1223 1079 Θεοῦ
1273 1022 1446 1089 ἐλθεῖν
1494 1025 1578 1079 ἐπὶ
1622 1030 1723 1093 τῆς
1777 1026 1903 1098 γῆς,

252 1106 762 1180 ὲμπαροινήσαντες
815 1109 892 1173 εἰς
948 1110 1132 1182 αὐτὸν,
1179 1111 1495 1187 προέδωκαν
1549 1111 1771 1185 Ιῐιλάτῳ
1824 1116 1904 1183 τῷ

251 1195 496 1269 ἡγεμόνι
551 1199 658 1250 τῶν
716 1197 1004 1270 Ῥωμαίων
1058 1200 1149 1254 καὶ
1219 1205 1435 1274 σταυρῷ
1512 1198 1858 1256 κατεδίκασαν
1886 1240 1901 1270 ,

250 1284 340 1356 μὴ
371 1280 701 1346 αἰδεσθέντες
748 1286 843 1347 τὰς
890 1288 1193 1365 εὐεργεσίας
1240 1288 1427 1361 αὐτοῦ,
1478 1290 1567 1344 καὶ
1618 1290 1687 1345 τά
1723 1286 1902 1364 ἀναρί-

251 1373 447 1443 θμητα
476 1373 720 1444 θαύματα
768 1374 901 1450 ἅπερ
950 1373 1005 1429 έν
1053 1376 1239 1438 αὐτοῖς
1299 1376 1602 1453 εἰργάσατο.
1657 1378 1749 1431 Διὸ
1798 1376 1903 1432 ἀπο

251 1460 476 1515 ώΛοντο
504 1463 574 1535 τῇ
608 1458 719 1532 ἰδίᾳ
739 1464 1072 1538 παρανομίᾳ.
1110 1460 1370 1521 Σέόονται
1403 1466 1502 1539 γὰρ
1533 1467 1623 1520 καὶ
1651 1470 1742 1520 νῦν
1774 1465 1900 1520 Θεὸν

246 1546 348 1602 τὸν
380 1547 543 1621 μόνον
573 1548 1004 1627 πάντοκράτορα,
1037 1550 1164 1608 ἀλλ’
1195 1552 1256 1607 ού
1308 1559 1421 1608 κατ’
1468 1552 1779 1629 ἐπίγνωσιν
1810 1554 1902 1608 τὸν

248 1638 366 1714 γὰρ
396 1638 623 1713 Χριστὸν
654 1637 943 1715 ἀρνοῦνται
986 1642 1080 1695 τὸν
1135 1642 1257 1697 Υἰὸν
1316 1647 1412 1697 τοῦ
1467 1647 1622 1712 Θεοῦ,
1654 1643 1744 1697 καὶ
1802 1638 1906 1696 εἲσί

253 1726 561 1825 παρόμοιοι
591 1732 708 1825 τῌοῖς
733 1725 941 1825 ἔθνεσι,
990 1729 1086 1825 κᾶν
1146 1729 1377 1806 ἐγγίζειν
1404 1752 1521 1793 πως
1575 1734 1644 1804 τῇ
1676 1730 1908 1825 ἀληθείᾳ
1937 1760 1984 1825 Β

257 1812 495 1871 δοκῶσιν
532 1859 548 1886 ,
605 1816 673 1884 ἧς
732 1816 952 1879 ἑαυτοὺς
1004 1817 1347 1891 έμάκρυναν.
1399 1822 1581 1877 Ταῦτα
1626 1820 1747 1895 περὶ
1796 1822 1904 1873 τῶν

268 1901 571 1961 Ἰουδαίων.

332 1995 399 2051 Οἱ
432 1991 489 2049 δὲ
542 1995 857 2067 Χριστιανοὶ
915 1995 1368 2072 γενεαλογοῦνται
1409 1998 1515 2052 ἀπὸ
1561 2002 1659 2053 τοῦ
1711 1997 1910 2073 Κυρίου

272 2087 437 2155 Ιησοῦ
485 2088 744 2158 Χριστοῦ.
805 2084 982 2148 Οὗτος
1017 2084 1077 2141 δέ
1107 2087 1135 2140 6
1170 2087 1291 2149 Υἱὸς
1320 2092 1418 2142 τοῦ
1477 2092 1610 2142 Θεοῦ
1658 2092 1754 2143 τοῦ
1786 2088 1910 2161 ὑψί-

261 2196 392 2229 στου
449 2173 847 2247 ὁμολογεῖται,
904 2174 957 2229 έν
1008 2174 1280 2246 Πνεύματι
1340 2176 1477 2251 ἁγίῳ
1534 2175 1624 2231 ἀπ’
1680 2174 1910 2251 ούρανοῦ

258 2257 499 2325 καταϐὰς
552 2265 705 2320 25³
763 2260 853 2317 διὰ
905 2264 1005 2330 τήν
1088 2262 1362 2339 σωτηρίαν
1420 2269 1529 2319 τῶν
1614 2263 1908 2339 ἀνθρώπων

260 2351 376 2421 καὶ,
430 2349 492 2405 ἐκ
544 2350 820 2425 Ηαρθένου
874 2352 1031 2424 ἁγίας
1089 2351 1367 2426 γεννηθεὶς
1421 2351 1673 2427 ἀσπόρως
1720 2373 1780 2407 τε
1821 2352 1911 2407 καὶ

260 2438 537 2518 ἀφθόρως,
591 2439 760 2513 σάρκα
816 2435 1074 2509 ἀνελαϐε,
1136 2439 1227 2494 καὶ
1285 2441 1517 2518 ἀνεφάνη
1577 2442 1912 2516 ἀνθρώποις,

263 2530 417 2592 ὅπως
450 2526 511 2583 ἔκ
546 2530 647 2597 τῆς
676 2526 955 2592 πολυθέυυ
986 2527 1196 2599 πλάνης
1250 2529 1444 2591 αὐτοὺς
1492 2528 1909 2601 ἀνακαλέσηται.

265 2618 391 2688 Καὶ,
428 2616 650 2679 τελέσας
705 2617 805 2685 τήν
864 2618 1177 2689 θαυμαστὴν
1237 2616 1402 2673 αὐτοῦ
1450 2617 1790 2691 οἰκονομίαν,
1824 2616 1913 2673 διὰ

268 2711 501 2781 σταυροῦ
539 2708 766 2771 θανάτου
822 2705 1074 2783 έγεῦσατο
1132 2707 1355 2779 ἑκουσίᾳ
1392 2707 1568 2782 βουλῇ
1617 2709 1732 2763 κατ’
1764 2708 1910 2763 οἰκο-

267 2794 461 2870 νομίαν
520 2795 784 2871 μεγάλην·
847 2795 981 2869 μετά
1036 2793 1094 2850 δὲ
1131 2800 1281 2871 τρεῖς
1328 2797 1537 2872 ἡμέρας
1592 2791 1791 2852 ἀνεϐίω
1822 2795 1910 2852 καί

272 2885 350 2949 εἰς
400 2883 657 2960 ούρανοῦς
703 2883 959 2956 ἀνῆλθεν.
1018 2883 1096 2944 Οῦ
1124 2885 1187 2940 τὸ
1242 2885 1403 2949 κλέος
1460 2893 1562 2957 τῆς
1617 2887 1915 2962 παρουσίας

269 2972 328 3028 ἐκ
356 2980 457 3043 τῆς
513 2976 638 3049 παρ’
694 2976 883 3038 αὐτοῖς
936 2974 1285 3047 καλουμένης
1343 2974 1701 3051 εύαγγελικῆς
1756 2975 1912 3051 ἁγίας

270 3069 486 3138 Γραφῆς
535 3058 703 3133 ἔξεστί
755 3084 838 3118 σοι
896 3066 1141 3137 γνῶναι,
1207 3061 1452 3136 βασιλεῦ,
1511 3063 1598 3119 ἰὰν
1655 3064 1909 3140 ἐντυχης.

2015 493 2236 560 eduxit,
2267 509 2335 547 ac
2360 510 2467 564 per
2499 494 2685 550 multa
2727 497 2995 569 prodigia
3025 504 3083 553 et
3111 500 3281 571 signa
3311 518 3477 557 suam
3510 506 3657 576 ipsis

2011 582 2339 652 potentiam
2370 582 2708 639 declaravit.
2730 586 2945 640 Verum
2977 587 3088 657 ipsi
3115 605 3355 659 quoque
3386 594 3651 661 perﬁdos

2011 674 2186 740 atque
2203 670 2464 741 ingratos
2487 687 2617 726 sese
2640 673 2991 743 praebentes,
3018 677 3285 747 gentium
3306 679 3449 734 deos
3472 698 3661 751 saape-

2012 774 2259 814 numero
2290 759 2635 826 adorarunt,
2667 763 3106 835 prophetasque
3148 765 3219 820 ad
3252 783 3312 820 se
3344 768 3558 823 missos
3588 787 3657 826 ac

2003 847 2199 918 justos
2212 848 2365 901 viros
2380 853 2566 903 morte
2581 850 3013 906 affeceruntAc
3026 853 3655 927 deinde,posteaquam

2012 936 2095 990 ita
2143 937 2242 990 Dei
2293 937 2563 991 voluntas
2587 938 2742 1005 tulit,
2774 944 2837 993 ut
2857 941 3038 994 Filius
3061 943 3282 997 suusin
3311 950 3527 1000 terram
3556 963 3654 1001 ve-

2013 1023 2329 1091 niret,eum
2361 1027 2721 1081 contumelia
2750 1029 3046 1096 allectum,
3081 1032 3289 1085 Pontio
3321 1033 3507 1088 Pilato
3541 1037 3656 1089 Ro-

2011 1129 2324 1168 manorum
2342 1113 2476 1168 duci
2491 1114 2876 1186 tradiderunt,
2886 1117 3192 1188 crucisque
3206 1122 3496 1191 supplicio
3520 1140 3657 1177 con-

2012 1202 2392 1267 damnarunt,
2424 1204 2591 1259 nulla
2620 1205 2892 1259 videlicet
2918 1206 3103 1276 ipsius
3134 1207 3657 1265 beneficiorumat-

2013 1307 2126 1361 que
2141 1291 2666 1347 innumerabilium
2688 1293 3130 1361 miraculorum,
3163 1313 3293 1365 qua
3310 1296 3465 1351 inter
3484 1299 3651 1369 ipsos

2014 1378 2576 1450 designarat,habita
2591 1381 2822 1435 ratione
2843 1398 3067 1452 suoque
3089 1382 3311 1438 scelere
3324 1385 3656 1455 perierunt.

2013 1470 2156 1523 Nam
2188 1486 2346 1525 nunc
2376 1487 2611 1541 quoque
2660 1471 2854 1525 solum
2900 1472 3138 1541 quidem
3184 1473 3655 1544 omnipotentem

2013 1558 2199 1612 Deum
2222 1558 2446 1625 colunt,
2470 1559 2573 1613 sed
2594 1576 2716 1614 non
2748 1560 3074 1615 secundum
3101 1561 3434 1630 scientiam,
3467 1563 3657 1633 siqui-

2016 1646 2150 1701 dem
2171 1648 2466 1703 Christum
2497 1648 2710 1703 Filium
2748 1650 2850 1703 Dei
2880 1655 3097 1721 negant
3115 1652 3290 1720 (Rom.
3313 1652 3393 1723 ι),
3416 1653 3656 1723 gentili-

2014 1738 2242 1808 busque
2264 1739 2490 1794 similes
2511 1741 2907 1807 sunt,etiamsi
2928 1742 3001 1796 ad
3013 1742 3380 1813 veritatem,a
3392 1760 3507 1814 qua
3516 1761 3656 1815 pro-

2014 1826 2111 1881 cul
2143 1843 2203 1881 se
2234 1834 2630 1895 removerunt,
2662 1830 2904 1899 propius
2934 1830 3240 1900 aliquanto
3270 1832 3551 1887 accedere
3576 1832 3654 1887 vi-

2016 1912 2286 1971 deantur.
2318 1918 2400 1970 Ac
2432 1916 2504 1971 de
2534 1917 2752 1972 Judmis
2783 1918 3089 1973 hactenus.

2086 2004 2159 2057 At
2178 2004 2495 2059 Christiani
2516 2021 2550 2059 a
2593 2006 2840 2060 Domino
2884 2013 3088 2062 nostro
3122 2010 3259 2062 Jesu
3287 2008 3516 2064 Christo
3550 2011 3661 2065 do-

2015 2091 2219 2145 ctrinae
2244 2109 2364 2147 sum
2389 2092 2677 2163 originem
2700 2093 3034 2149 dicunt.Hic
3050 2100 3246 2150 autem
3261 2098 3364 2151 Dei
3384 2097 3660 2153 altissimi

2016 2178 2197 2233 Filius
2211 2179 2495 2249 inSpiritu
2509 2186 2712 2235 sancto
2726 2181 3118 2246 creditur.Qui
3133 2184 3371 2252 quidem
3384 2186 3659 2240 humana:

2016 2267 2224 2322 salutis
2252 2283 2433 2322 causa
2476 2268 2551 2322 de
2595 2268 2739 2324 caelo
2789 2269 3115 2337 descendit,
3146 2275 3323 2341 atque
3354 2288 3424 2327 ex
3454 2279 3661 2330 sancta

2018 2356 2252 2428 Virgine
2273 2357 2506 2427 genitus
2533 2361 2642 2424 est,
2669 2374 2737 2412 ac
2768 2357 2893 2413 sine
2924 2359 3151 2414 semine
3182 2366 3241 2414 et
3282 2363 3657 2433 corruptione

2015 2461 2256 2499 carnem
2279 2445 2558 2515 suscepit,
2591 2446 3050 2518 hominibusque
3072 2450 3362 2519 apparuit,
3391 2457 3459 2505 ut
3485 2468 3593 2506 nos
3623 2468 3660 2508 a

2015 2533 2165 2587 falso
2196 2533 2520 2588 multorum
2551 2532 2799 2589 deorum
2822 2535 2986 2590 cultu
3006 2540 3523 2608 revocaret.Atque
3552 2540 3656 2595 ad-

2018 2621 2724 2678 mirandaincarnationis
2749 2640 2870 2677 suae
2901 2623 3342 2694 dispensatione
3372 2627 3659 2696 perfunc-

2018 2714 2375 2765 tusmortem
2391 2715 2619 2780 sponte,
2653 2711 3070 2781 atqueingenti
3102 2712 3358 2781 quodam
3385 2714 3657 2781 consilio,

2016 2815 2123 2870 per
2135 2815 2371 2853 crucem
2385 2798 2949 2870 degustavit.Triduo
2962 2805 3159 2854 autem
3172 2803 3657 2873 postresurrexit,

2020 2893 2194 2957 atque
2213 2887 2274 2941 in
2292 2887 2469 2942 caalos
2489 2886 2963 2959 ascendit.Cujus
2980 2890 3309 2959 prmsentiaa
3321 2889 3569 2961 gloriam
3589 2908 3662 2948 ex

2020 2975 2340 3046 Scriptura,
2361 2992 2490 3046 quae
2516 2976 2672 3046 apud
2695 2992 2795 3030 eos
2815 2976 3163 3047 Evangelica
3182 2983 3438 3046 vocatur,
3463 2980 3512 3033 si
3525 2995 3658 3035 eam

2021 3064 2293 3137 legerein
2315 3065 2581 3119 animum
2602 3064 3266 3136 induxeris,perspicere
3288 3066 3444 3136 licet,
3472 3085 3504 3121 ο
3534 3084 3658 3126 rex.

321 3117 670 3136 ,i,_,a
801 3117 922 3137 ν,
1128 3117 1231 3136 ,Γ

267 3117 436 3212 Οἰὶτος
467 3148 674 3206 δώδεκα
705 3146 839 3226 ἔσχε
893 3150 1161 3224 μαθητὰς,
1220 3151 1295 3222 οἳ,
1330 3152 1464 3225 μετὰ
1509 3154 1608 3223 τήν
1662 3150 1714 3207 ἐν
1748 3153 1912 3229 ούρα-

2022 3117 2812 3223 ᾗὲέέιέιοέίέὦιιὶᾶὲέοίρίιιοέ
2834 3117 3194 3224 ﬁliiﬁlii
3204 3117 3356 3225 ξέοζέ
3375 3117 3662 3225 ﬁsus};

267 3244 383 3301 νοῖς
432 3237 623 3294 ἄνοδον
684 3239 873 3309 αὐτοῦ,
927 3237 1155 3310 ὶξῆλθον
1205 3238 1281 3302 εἷ¹ς
1339 3239 1437 3303 τὰς
1495 3239 1763 3316 ἐπαρχίας
1814 3248 1915 3312 τῆς

270 3326 620 3398 οἰκουμένης,
651 3326 740 3382 καί
769 3324 1013 3396 ἐδίδαξαν
1072 3328 1170 3395 τήν
1232 3326 1437 3383 έκείνου
1499 3329 1913 3405 μεγαλωσύνην⁹

270 3416 509 3491 καθάπερ
539 3418 615 3477 εἷς
664 3414 716 3486 ἐξ
768 3413 942 3470 αὐτῶν
999 3414 1095 3480 τὰς
1148 3417 1267 3472 καθ’
1296 3419 1443 3489 ἡμᾶς
1501 3417 1767 3494 περιῆλθε
1797 3420 1916 3494 χώ-

275 3525 415 3582 ρας,
462 3504 523 3558 τὸ
571 3501 747 3579 δόγμα
803 3502 1085 3579 κηρύττων
1141 3506 1238 3576 τῆς
1299 3502 1582 3576 ἀληθείας.
1636 3509 1796 3572 ’Ὀθεν
1865 3507 1919 3562 οἱ

275 3594 436 3650 εἰσέτι
495 3592 869 3656 διακονοῦντες
925 3597 995 3668 τῇ
1054 3590 1369 3668 δικαιοσύνῃ
1418 3598 1516 3649 τοῦ
1568 3595 1918 3671 κηρύγματος

277 3683 475 3750 αὐτῶν,
532 3681 824 3738 καλοῦνται
883 3681 1200 3758 Χριστιανοί
1233 3728 1247 3741 .
1304 3683 1410 3739 Καὶ
1467 3681 1616 3738 οῦτοί
1674 3683 1805 3738 εἰσιν
1867 3684 1919 3739 οἱ

280 3773 411 3849 ὑπὲρ
437 3774 611 3827 πάντα
638 3771 705 3827 τὰ
733 3769 856 3843 ἔθνη
902 3778 1003 3841 τῆς
1032 3778 1133 3847 γῆς
1194 3772 1435 3847 εὑρόντες
1481 3774 1580 3842 τήν
1636 3773 1923 3844 ἀλήθειαν*

277 3862 599 3938 γινώσκουσι
641 3861 743 3937 γὰρ
800 3862 891 3917 τὸν
952 3861 1104 3931 Θεὸν,
1160 3861 1382 3932 κτίστην
1440 3861 1531 3916 καὶ
1587 3859 1922 3939 δημιουργὸν

275 3956 381 4007 τῶν
425 3952 672 4006 ἁπάντων
732 3950 784 4005 ἰν
843 3952 952 4022 Υἰῷ
987 3955 1261 4026 μονογενεῖ
1290 3950 1378 4005 καὶ
1431 3950 1705 4024 Πνεύματι
1763 3951 1918 4028 ἁγίῳ,

348 4039 362 4060 \
401 4036 423 4059 ν’
659 4038 674 4058 \
841 4039 855 4059 ς
1018 4039 1032 4058 I
1209 4039 1221 4057 ν
1297 4039 1315 4069 ι
1564 4046 1580 4060 τι
1868 4043 1880 4059 κ

276 4060 364 4094 και
395 4038 564 4095 αλλον
596 4050 715 4103 θεον
746 4037 893 4107 πλην
938 4059 1134 4093 τουτου
1164 4059 1228 4093 ου
1262 4034 1532 4096 σεϐονται.
1584 4042 1794 4115 Εχουσι
1822 4061 1919 4104 τας

276 4127 496 4192 ἐντολὰς
549 4128 713 4183 αὐτοῦ
737 4131 834 4183 τοῦ
892 4126 1097 4201 Κυρίου
1156 4128 1339 4197 Ἰησοῦ
1394 4130 1628 4204 Χριστοῦ
1688 4127 1739 4183 ἰν
1798 4133 1920 4193 ταῖς

273 4215 517 4293 καρδίαις
598 4217 1008 4292 κεχαραγμένας
1046 4259 1060 4285 ,
1131 4214 1219 4269 καὶ
1290 4220 1485 4278 ταῦτας
1544 4215 1920 4293 φυλάττουσι,

274 4303 679 4383 προσδοκῶντες
723 4304 1006 4360 ἀνάστασιν
1063 4308 1267 4379 νεκρῶν
1294 4304 1387 4359 καὶ
1440 4306 1584 4374 ζωὴν
1625 4310 1720 4360 τοῦ
1781 4305 1923 4379 μέλ-

266 4395 467 4456 ⁴λοντος
498 4394 714 4457 αἰῶνος.
777 4393 849 4448 Ού
885 4391 1263 4469 μοιχεύουσιν,
1322 4392 1383 4448 ού
1441 4390 1824 4471 πορνεῦουφιν,
1859 4394 1922 4449 ού

275 4481 436 4558 ψευδο
446 4487 805 4559 μαρτυροῦσιν
844 4529 857 4552 ,

274 4577 474 4646 τιμῶσι
533 4573 737 4649 πατέρα
792 4571 881 4626 καὶ
944 4569 1173 4645 μητέρα,
1234 4571 1323 4626 καὶ
1382 4570 1511 4635 τοὺς
1564 4569 1804 4641 πλησίον
1834 4594 1922 4652 ιρι-

278 4665 455 4733 λοῦσι,
487 4659 668 4716 δίκαια
708 4658 1007 4735 κρίνουσιν,
1058 4657 1156 4713 ὅσα
1206 4657 1267 4712 οὐ
1315 4656 1563 4723 θέλουσιν
1624 4660 1809 4723 αὐτοῖς
1837 4660 1926 4736 γί-

274 4750 451 4805 νεσθαι
510 4749 674 4824 ἑτέρῳ
737 4747 797 4802 ού
849 4748 1119 4818 ποιοῦσιἺ,
1165 4746 1295 4808 τοὺς
1352 4744 1668 4812 αδικοῦντας
1726 4749 1922 4812 αὐτοὺς

276 4837 647 4911 παρακαλοῦσι
677 4834 767 4891 καὶ
796 4833 1121 4912 προσφιλεῖς
1166 4832 1359 4896 αὐτοὺς
1407 4834 1619 4897 έαυτοῖς
1678 4841 1924 4907 ποιοῦσι,

276 4925 398 4988 τοὺς
455 4924 685 5001 ἐχθροὺς
738 4924 1036 5000 εὐεργετεῖν
1101 4919 1465 4992 σπουδάζουσι
1497 4964 1513 4991 ,
1572 4929 1760 4999 πραεῖς
1818 4924 1921 4981 εἰσι

277 5016 360 5070 καὶ
391 5014 666 5083 ἐπιεικεῖς,
707 5015 812 5069 ἀπὸ
864 5013 1045 5084 πάσης
1102 5009 1384 5073 συνουσίας
1415 5010 1623 5087 ἀνόμου
1679 5012 1770 5067 καὶ
1817 5014 1923 5069 ἀπὸ

278 5122 450 5175 πασης
503 5104 658 5162 254
714 5100 1038 5175 ἀκαθαρσίας
1094 5097 1528 5177 ἐγκρατεύονται,
1580 5100 1759 5174 χήραν
1816 5099 1923 5177 οὐχ

278 5194 631 5270 ὖπερορῶσιν,
682 5192 914 5271 ὀρφανόν
975 5190 1035 5248 οὒ
1095 5191 1379 5248 λυποῦσινο
1434 5191 1462 5247 6
1503 5189 1649 5268 ἔχων
1702 5194 1781 5263 τῷ
1843 5195 1919 5265 μή

281 5281 457 5358 ἔχοντι
507 5282 754 5359 ἀφθόνως
811 5282 1157 5361 ἐπιχορηγεῖο
1217 5281 1363 5351 ξένον
1420 5279 1511 5335 ἐὰν
1576 5278 1786 5349 ἴδωσιν,
1821 5281 1922 5336 ὑπὸ

342 5520 454 5592 (80)
479 5518 633 5592 Psal.
667 5531 865 5587 αῖσιν,
890 5518 977 5592 i2.

343 5521 435 5592 (80
479 5520 633 5576 Psal.
667 5531 865 5587 αῖσιν,
890 5520 977 5573 12.

343 5520 456 5664 (8ιί
484 5591 568 5648 Cf.
600 5608 658 5662 p.
691 5592 782 5660 55,
804 5607 865 5645 n.
900 5590 1019 5677 16η

2025 3242 2239 3299 calum
2253 3258 2567 3297 ascensum
2584 3243 2647 3296 in
2658 3242 2817 3297 orbis
2832 3247 3001 3297 terrae
3015 3243 3344 3313 provincias
3367 3244 3660 3315 exierunt,

2030 3332 2335 3402 ipsiusque
2363 3336 2673 3403 angustam
2696 3330 3149 3402 amplitudinem
3171 3333 3662 3405 promulgarunt:

2026 3420 2527 3491 quemadmodum
2541 3420 2720 3475 etiam
2731 3436 2887 3475 unus
2906 3420 3133 3491 exipsis
3149 3422 3418 3493 regiones
3431 3428 3663 3479 nostras

2026 3506 2372 3578 peragravit,
2396 3512 2460 3560 ut
2482 3506 2749 3561 veritatis
2771 3507 3044 3578 dogmata
3062 3508 3412 3579 praadicaret
3439 3512 3665 3581 (Supra,

2027 3612 2073 3650 c.
2101 3596 2152 3666 1)
2178 3613 2190 3662 ;
2224 3595 2383 3650 unde
2415 3596 2740 3650 etiamnum
2768 3596 2807 3649 ii
2840 3595 2941 3666 qui
2991 3597 3431 3666 praedicationis
3460 3615 3665 3655 eorum

2019 3682 2268 3755 justitiaa
2291 3682 2699 3737 administram
2722 3698 2961 3753 operam
2983 3689 3219 3749 navant,
3234 3684 3549 3739 Christiani
3564 3703 3669 3756 ap-

2029 3770 2347 3843 pellantur.
2376 3773 2566 3840 Atque
2584 3771 2643 3824 hi
2664 3776 2803 3824 sunt
2822 3770 2922 3840 qui
2942 3771 3246 3825 veritatem
3266 3789 3445 3843 supra
3460 3788 3669 3828 omnes

2029 3865 2201 3915 terrae
2231 3858 2504 3913 nationes
2536 3859 2909 3913 invenerunt.
2936 3858 3238 3929 Siquidem
3262 3860 3447 3915 Deum
3469 3877 3668 3916 rerum

2030 3948 2292 4003 omnium
2320 3946 2689 4002 conditorem
2710 3951 2885 4017 atque
2903 3947 3288 4003 architectum
3306 3948 3369 4003 in
3382 3949 3527 4004 Filio
3540 3950 3671 4004 uni-

2029 4036 2226 4110 genito
2248 4041 2307 4090 et
2323 4035 2542 4107 Spiritu
2560 4041 2762 4091 sancto
2785 4042 3133 4106 agnoscunt,
3157 4053 3267 4091 nec
3288 4043 3501 4108 printer
3531 4053 3669 4093 eum

2029 4126 2222 4182 ullum
2252 4125 2435 4180 alium
2466 4127 2652 4179 Deum
2682 4130 3054 4179 venerantur.
3077 4125 3306 4179 Habent
3324 4131 3523 4181 autem
3553 4128 3672 4182 Do-

2031 4216 2179 4272 mini
2208 4218 2343 4271 Jesu
2375 4215 2589 4269 Christi
2620 4215 2900 4270 mandata
2944 4214 3219 4269 cordibus
3277 4217 3399 4271 suis
3434 4216 3672 4272 inscul—

2031 4310 2151 4377 pta,
2185 4320 2371 4374 eaque
2397 4303 2758 4373 custodiunt,
2783 4308 3150 4359 mortuorum
3176 4306 3672 4362 resurrectionem

2033 4408 2100 4447 ac
2128 4390 2312 4445 futuri
2344 4389 2544 4445 saeculi
2572 4390 2749 4445 vitam
2776 4395 3354 4462 exspectantes.Nam
3375 4393 3675 4463 adulterii,

942 4483 1046 4538 οὐκ
1101 4481 1422 4556 ἐπιθυμοῦσι
1480 4482 1547 4537 τὰ
1612 4482 1914 4557 ιῑιλλότρία⁵

2030 4497 2152 4536 non
2184 4479 2597 4535 fornicationis
2628 4479 2877 4533 crimine
2901 4496 3030 4535 sese
3059 4479 3673 4551 devinciunt,nonfal-

2033 4586 2165 4625 sum
2186 4568 2595 4624 testimonium
2617 4566 2841 4638 dicunt,
2862 4568 3059 4624 aliena
3078 4586 3198 4624 non
3221 4571 3670 4642 concupiscunt,

2031 4660 2185 4732 patri
2215 4664 2274 4715 et
2294 4658 2470 4714 matri
2486 4658 2773 4713 honorem
2804 4657 3092 4725 tribuunt,
3122 4660 3423 4729 proximos
3445 4665 3670 4727 amant,

2024 4750 2255 4821 justum
2269 4747 2566 4820 judicium
2586 4747 2787 4802 ferunt
2810 4765 2825 4814 ;
2848 4763 2980 4818 qum
3005 4746 3113 4801 sibi
3128 4747 3271 4818 ipsis
3286 4748 3415 4801 ﬁeri
3436 4748 3672 4815 nolunt,

2031 4839 2167 4894 aliis
2187 4854 2308 4893 non
2332 4836 2559 4892 faciunt
2579 4853 2593 4902 ;
2618 4852 2765 4891 eosa
2785 4835 2999 4906 quibus
3020 4835 3317 4889 laeduntur
3337 4835 3672 4903 obsecrant,

2032 4946 2099 4984 ac
2122 4927 2234 4983 sibi
2256 4941 2460 4982 eorum
2472 4924 2796 4980 amicitiam
2810 4924 3434 4979 conciliant.lnimicos
3448 4923 3597 4979 bene
3607 4924 3677 4979 ﬁ-

2032 5016 2140 5072 ciis
2170 5014 2408 5070 afﬁcere
2442 5011 2702 5076 student,
2732 5012 2900 5066 lenes
2932 5017 2990 5065 et
3016 5011 3221 5066 faciles
3272 5028 3333 5067 se
3382 5012 3673 5083 praebent,

2031 5105 2103 5161 ab
2127 5103 2290 5159 omni
2312 5101 2518 5172 iniquo
2543 5100 2860 5156 concubitu
2872 5106 3047 5171 atque
3062 5099 3133 5154 ab
3156 5100 3317 5155 omni
3334 5100 3675 5172 impuritate

2030 5190 2591 5257 abstinent,viduam
2623 5206 2744 5243 non
2768 5190 3443 5261 contemnunti,pupillo
3459 5207 3674 5246 mazro-

2033 5299 2157 5338 rem
2183 5296 2303 5335 non
2334 5278 2619 5349 inferunt,
2654 5278 2753 5350 qui
2785 5276 2965 5331 habet
2994 5294 3114 5331 non
3164 5278 3405 5333 habenti
3448 5278 3675 5351 prolixe
