3994 6150
391 253 535 315 1128

1904 249 2271 311 ΔΒΒΒΝΒΔ.

3622 256 3743 315 ιιει

393 372 1212 445 ειιιιωίοἰεῑωι.Ρετοαι·ἰηιιω
1244 372 1292 430 si
1324 373 1596 443 viderint,
1619 374 1773 429 tecto
1802 371 2024 430 admit-

2145 375 2328 452 στέγην
2376 373 2669 454 εἰσάγουσι,
2724 379 2812 435 καὶ
2867 379 3154 455 χαίρουσιν
3212 373 3297 433 ἐπ’
3352 377 3494 451 αύτῷ
3549 378 3618 442 ὦς
3663 378 3739 437 ἐπὶ

388 472 538 537 tant,
572 468 817 539 ejusque
848 481 969 520 non
999 481 1167 519 secus
1200 479 1266 519 ac
1295 464 1413 518 veri
1446 469 1502 519 et
1530 463 1795 536 germani
1828 463 2030 519 fratris

392 558 644 615 adventu
668 556 1055 611 delectantur.
1079 556 1203 609 Non
1227 554 1385 608 enim
1407 554 1731 620 carnis,sed
1743 553 1927 609 animi
1943 569 2033 609 ra-

389 648 551 703 tione
572 646 784 700 fratres
814 660 876 699 se
896 647 1125 709 vocant,
1152 643 1342 697 Vitam
1393 659 1560 697 suam
1605 643 1819 698 Christi
1853 659 2032 699 causa

390 732 749 806 profundere
772 730 960 801 parati
982 735 1152 785 sunt:
1176 746 1314 785 nam
1338 730 1523 801 ipsius
1545 736 1839 801 praecepta
1860 732 2029 786 firme

391 822 932 887 observant,sancte
946 817 1219 873 videlicet
1239 835 1306 873 ac
1323 819 1503 890 juste,
1527 819 2029 889 quemadmodum

392 910 676 966 Dominus
703 909 853 962 Deus
877 907 1646 977 ipsisimperavit,viventes:
1676 908 1891 980 gratias
1916 908 2031 980 ipsi

393 999 555 1054 omni
578 999 724 1052 hora
742 997 804 1051 in
848 996 1010 1050 omni
1044 996 1173 1050 cibo
1205 1002 1264 1050 et
1292 1002 1452 1067 potu,
1485 1013 1553 1052 ac
1584 998 1831 1069 reliquis
1860 998 2031 1053 bonis

390 1092 630 1159 agentes
650 1086 868 1157 (Ephcs.
895 1085 971 1156 γ).
993 1086 1136 1139 Vere
1186 1085 1343 1139 enim
1367 1087 1491 1140 hasc
1511 1087 1773 1141 veritatis
1801 1086 1893 1141 via
1921 1093 2030 1154 est,

391 1192 520 1246 quas
539 1174 781 1245 quidem
804 1190 903 1228 eos
923 1173 1024 1243 qui
1047 1189 1176 1228 eam
1199 1174 1711 1245 ingrediuntur,ad
1730 1176 2036 1245 sempiter-

390 1279 536 1319 num
565 1279 836 1335 regnum,
871 1261 1026 1332 quad
1057 1278 1091 1316 a
1120 1262 1349 1316 Christo
1399 1263 1462 1317 in
1508 1262 1707 1318 futura
1753 1263 1870 1318 vita
1896 1280 2035 1335 pro-

394 1353 648 1409 missum
679 1356 786 1419 est,
820 1355 1101 1421 tanquam
1123 1355 1395 1422 porrecta
1424 1368 1605 1407 manu
1636 1351 1817 1407 ducit.

460 1442 654 1513 Atque
683 1444 750 1495 ut
779 1438 1098 1511 intelligas,
1132 1455 1164 1494 o
1195 1456 1317 1506 rex,
1358 1457 1455 1494 me
1503 1441 1627 1495 huic
1672 1458 1743 1495 ex
1791 1441 2032 1496 cerebro

394 1547 525 1589 meo
566 1528 813 1587 minime
845 1530 1087 1601 ﬁngere,
1112 1528 1160 1583 si
1182 1528 1257 1583 ad
1281 1529 1750 1585 Christianorum
1773 1531 2035 1601 Scriptu-

389 1636 490 1675 ras
518 1618 725 1675 oculos
754 1617 1063 1689 adjeceris,
1098 1633 1191 1672 me
1225 1617 1375 1671 nihil
1406 1634 1441 1672 a
1478 1618 1719 1675 veritate
1769 1618 2032 1675 alienum

2138 462 2357 544 ἀδελφῷ
2389 467 2650 541 ἀληθινῷ
2689 469 2751 525 οὗ
2781 467 2880 545 γάρ
2932 468 3069 525 κατά
3115 468 3285 543 σάρκα
3330 466 3587 543 ἀδελφοὺς
3630 470 3739 525 ἐαυ-

2137 554 2264 619 τοὺς
2320 561 2601 628 καλοῦσιν,
2660 556 2805 615 ἀλλά
2861 558 2998 614 κατά
3050 561 3284 631 πνεῦμα.
3334 554 3579 629 Ἐτοιμοί
3621 557 3735 613 εἶσιν

2140 643 2270 719 ὑπὲρ
2327 646 2563 719 Χριστοῦ
2616 646 2711 709 τὰς
2767 647 2948 721 ψυχὰς
3006 646 3181 702 αὐτῶν
3243 642 3520 721 προέσθαιο
3572 647 3633 700 τὰ
3654 647 3739 721 γὰρ

2137 731 2527 809 προστάγματα
2591 735 2758 791 αὐτοῦ
2822 732 3077 797 ἀσφαλῶς
3128 732 3482 812 φυλάττουσιν
3512 777 3526 805 ,
3600 732 3742 797 ὁσίως

2138 820 2227 877 καὶ
2284 819 2507 885 δικαίως
2566 828 2794 894 ζῶντες,
2852 824 3033 888 καθὼς
3091 822 3288 896 Κύριος
3336 823 3364 876 ὁ
3414 822 3537 883 Θεὸς
3586 821 3742 884 αὐτοῖς

2140 912 2485 985 προσέταξεν,
2546 912 2993 988 εὐχαριστοῦντες
3042 913 3192 985 αύτῷ
3231 912 3365 967 κατά
3418 916 3584 965 πᾶσαν
3623 911 3744 986 ὥραν

2141 999 2192 1054 ἐν
2222 1004 2381 1054 παντί
2413 1002 2662 1075 βρώματι
2693 1001 2783 1057 καὶ
2834 1006 2988 1074 ποτῷ
3025 1000 3115 1056 καὶ
3143 1006 3266 1063 τοῖς
3291 999 3509 1061 λοιποῖς
3535 998 3743 1074 ἀγαθοῖς.

2139 1091 2351 1155 ’Όντως
2407 1092 2497 1146 οῦν
2559 1091 2692 1164 αὕτη
2753 1093 2895 1149 ἐστὶν
2936 1094 2971 1161 ἡ
3008 1090 3135 1153 ὁδὸς
3189 1097 3291 1160 τῆς
3344 1089 3615 1161 ἀληθείας,
3642 1088 3745 1158 ἥτις

2138 1181 2265 1245 τοὺς
2318 1180 2603 1248 ὁδεύοντας
2660 1184 2827 1255 αὐτὴν
2898 1185 2973 1248 είς
3030 1185 3129 1253 τήν
3186 1182 3409 1238 αἶ’ώνιον
3467 1187 3748 1257 χειραγογεῖ

2144 1272 2440 1350 βασιλείαν,
2498 1276 2599 1345 τήν
2656 1274 3068 1352 ἐπηγγελμένην
3123 1274 3270 1351 παρὰ
3325 1273 3556 1349 Χριστοῦ
3604 1270 3652 1327 ἐν
3690 1275 3745 1347 τῇ

2144 1360 2424 1436 μελλούσῃ
2454 1368 2590 1439 ζωῇ.

2210 1453 2315 1508 Καὶ
2344 1450 2435 1508 ἵνα
2464 1458 2627 1529 γνῷς,
2664 1453 2909 1531 βασιλεῦ,
2936 1454 3021 1510 δτι
3068 1453 3168 1510 ούκ
3211 1453 3306 1509 ἀπ’
3337 1451 3569 1526 ἐμαυτοῦ
3609 1454 3753 1505 ταῦτα

2139 1538 2289 1619 λέγω
2330 1547 2449 1604 ταῖς
2496 1548 2735 1622 Γραφαῖς
2794 1543 3027 1620 ἐγκύψας
3071 1548 3179 1599 τῶν
3225 1544 3579 1617 Χριστιανῶν,
3610 1541 3751 1614 εὖρής

2139 1651 2250 1693 σεις
2299 1628 2450 1687 οὐδὲν
2497 1629 2597 1705 ἔξω
2644 1639 2747 1703 τῆς
2796 1632 3058 1704 ἀληθείας
3109 1654 3174 1707 με
3211 1630 3415 1706 λέγειν.
3463 1627 3650 1690 Καλῶς
3677 1625 3752 1682 οὗν

388 1708 552 1780 loqui
574 1706 1051 1779 reperies.Quare
1072 1706 1355 1778 praaclare
1378 1706 1537 1761 ﬁlius
1560 1712 1695 1762 tuus
1717 1707 2029 1776 intellexit,

2145 1727 2366 1791 συνῆκεν
2398 1723 2431 1778 ἁ
2462 1723 2579 1784 υἱός
2610 1743 2726 1792 σου,
2779 1721 2871 1778 καὶ
2923 1721 3145 1785 δικαίως
3199 1718 3469 1795 ἐδιδάχθη
3504 1716 3748 1792 λατρεύειν

391 1800 734 1871 optimoque
750 1798 888 1869 jure
902 1800 1019 1851 Deo
1038 1798 1164 1851 vivo
1182 1798 1407 1852 cultum
1432 1797 1712 1853 adhibere
1734 1798 2033 1864 didicit,ut

391 1888 454 1944 in
476 1888 673 1943 futuro
696 1904 815 1942 aevo
841 1887 1092 1942 salutem
1112 1886 1605 1958 obtineat.Magna
1617 1888 1837 1942 etenim
1858 1894 2038 1958 atque

390 1977 743 2033 admiranda
764 1982 901 2031 sunt
920 1992 1052 2047 quaa
1066 1992 1100 2031 a
1120 1975 1469 2031 Christianis
1485 1980 1608 2030 tum
1625 1976 1901 2031 dicuntur
1912 1982 2038 2031 tum

386 2071 696 2141 geruntur.
731 2068 931 2136 Neque
982 2065 1140 2120 enim
1166 2064 1501 2131 hominum,
1558 2064 1663 2121 sed
1710 2066 1815 2120 Dei
1862 2065 2040 2121 verba

389 2154 1104 2227 proloquuntur,reliquae
1119 2158 1318 2208 autem
1332 2154 1607 2209 nationes
1618 2159 1914 2218 errant,ac
1927 2154 2039 2209 sibi

392 2243 540 2315 ipsis
561 2244 951 2313 imposturam
975 2242 1519 2311 faciunt,siquidem
1544 2243 1604 2297 in
1632 2243 1891 2298 tenebris
1916 2261 2037 2299 am-

396 2330 1002 2401 bulantes,ebriorum
1028 2330 1216 2385 instar
1232 2331 1293 2385 in
1312 2332 1536 2402 seipsos
1553 2332 1908 2404 impingunt.
1933 2335 2038 2388 At-

397 2437 510 2492 que
525 2420 622 2475 hic
636 2420 775 2485 sit,o
790 2436 1070 2487 rex,meaa
1087 2420 1160 2475 ad
1177 2425 1230 2474 te
1244 2420 1529 2475 orationis
1543 2420 1699 2488 ﬁnis,
1716 2438 1893 2492 quam
1907 2421 2042 2493 qui-

395 2510 531 2565 dem
554 2509 768 2565 veritas
793 2508 853 2563 in
877 2514 1075 2563 mente
1100 2524 1229 2563 mea
1250 2507 1506 2564 dictavit.
1542 2510 2040 2582 Desinantitaque

391 2599 688 2654 vaecordes
721 2598 804 2652 tui
834 2598 1133 2668 sapientes
1162 2596 1442 2652 adversus
1462 2599 1775 2654 Dominum
1808 2601 2037 2672 nugari.

394 2688 537 2742 Nam
558 2686 721 2741 vobis
753 2688 937 2741 Deum
971 2691 1301 2741 oreatorem
1329 2688 1617 2754 venerari,
1648 2692 1825 2759 atque
1853 2689 2039 2760 ipsius

392 2775 586 2830 verbis
606 2775 678 2830 ab
702 2776 945 2831 interitu
959 2776 1171 2830 alienis
1188 2792 1391 2831 aurem
1410 2778 1856 2833 accommodare
1870 2794 2041 2850 expe-

390 2862 571 2930 dit,ut
600 2864 1163 2920 condemnationem
1192 2881 1260 2919 ac
1282 2864 1637 2935 supplicium
1668 2865 2037 2937 effugientes,

388 2949 571 3007 vitam
603 2952 877 3007 interitus
909 2957 1208 3024 expertem
1247 2952 1621 3008 haareditario
1651 2954 2027 3025 possideatis.

461 3040 595 3095 CAP.
626 3039 867 3100 XXVIII.
912 3071 981 3083 -
1038 3043 1172 3096 Ηωο
1228 3046 1612 3113 posteaquam
1671 3058 1707 3097 a
1764 3044 2029 3100 Nachore

390 3136 855 3187 commemorata
876 3136 1141 3199 sunt,rex
1162 3130 1467 3186 iracundia
1488 3131 1775 3187 aestuabat
1796 3152 1809 3200 ;
1828 3134 2028 3188 rheto-

389 3238 487 3276 res
510 3226 706 3276 autem
727 3221 915 3293 ipsius
941 3226 999 3275 et
1019 3220 1353 3276 sacerdotes
1376 3221 1523 3275 muti
1546 3221 1799 3289 stabant,
1833 3228 1898 3277 ut
1927 3223 2028 3294 qui

391 3310 544 3365 nihil
568 3316 794 3377 contra,
826 3315 1041 3381 printer
1073 3309 1341 3364 infirmos
1388 3310 1677 3381 quosdam
1711 3328 1779 3366 ac
1803 3311 2029 3367 nullius

391 3399 679 3455 momenti
703 3398 1349 3468 sermunculos,afferre
1362 3403 1703 3469 possent.At
1722 3417 1857 3455 vero
1874 3402 2029 3473 regis

390 3487 552 3543 {llius
575 3487 785 3558 spiritu
799 3488 1334 3558 exsultabat,atqne
1348 3487 1521 3542 hilari
1536 3488 1698 3542 vultu
1712 3490 2030 3546 Dominum

391 3575 860 3647 celebrabat,qui
881 3577 953 3632 iis
971 3593 1221 3648 quorum
1246 3576 1461 3632 ﬁducia
1483 3577 1545 3632 in
1569 3578 1696 3648 ipso
1711 3579 1902 3649 posita
1923 3586 2030 3647 est,

389 3665 453 3721 in
476 3665 653 3722 rebus
672 3666 969 3737 perplexis
988 3670 1046 3721 et
1074 3665 1376 3737 impeditis
1406 3666 1629 3721 exitum
1660 3666 1778 3735 dat,
1812 3667 2031 3739 quique

392 3754 569 3811 etiam
592 3754 1016 3826 perinimicum
1048 3759 1106 3809 et
1132 3755 1364 3810 hostem
1394 3755 1700 3811 veritatem
1721 3757 2033 3812 conﬁrma-

386 3843 508 3911 bat,
540 3843 951 3913 efﬁciebatque
982 3848 1047 3897 ut
1103 3848 1162 3898 et
1191 3843 1291 3913 qui
1332 3844 1546 3899 erroris
1604 3846 2029 3918 antesignanus

380 3937 537 3999 erat,
569 3940 745 3990 rectae
779 3934 1062 3990 doctrina:
1088 3938 1400 4005 patronum
1434 3952 1495 3990 se
1526 3936 1839 4007 praeberet.

464 4025 583 4080 Rex
604 4042 802 4096 porro,
837 4023 1102 4096 quamvis
1120 4022 1340 4095 alioqui
1372 4026 1621 4080 Nachori
1652 4026 2033 4083 vehementer

392 4114 944 4185 irasceretur,nullo
977 4120 1173 4170 tamen
1206 4131 1339 4170 eum
1370 4115 1525 4171 malo
1549 4116 1785 4172 afficere
1816 4119 2028 4190 potuit,

392 4209 706 4277 prOpterea
729 4205 887 4275 quod
908 4204 1033 4276 lege
1064 4221 1263 4260 coram
1289 4206 1565 4260 omnibus
1596 4212 1733 4261 ante
1763 4207 2032 4278 promul-

394 4293 606 4367 gata,ei
629 4310 734 4365 pro
758 4293 1108 4349 Christianis
1132 4294 1315 4349 libere
1332 4295 1507 4350 verba
1523 4294 1715 4352 facere
1736 4296 2036 4368 permisis-

397 4383 801 4439 set.Caaterum
822 4383 945 4454 ipse
968 4401 1230 4455 persaape
1263 4385 1634 4440 sermonibus
1656 4386 1842 4457 ipsius
1862 4386 2033 4440 oblu-

395 4478 585 4539 ctans,
619 4488 753 4527 eum
785 4489 891 4543 per
917 4473 1081 4545 signa
1103 4472 1374 4545 quaedam
1404 4474 1851 4540 admonebat,ut
1870 4475 2035 4530 illam

389 4560 694 4635 pugnandi
725 4562 1111 4618 acrimoniam
1142 4563 1491 4627 remitteret,
1525 4568 1699 4633 atque
1729 4564 2037 4619 rhetorum

394 4650 779 4722 disputationi
811 4667 1024 4706 manus
1037 4650 1302 4707 daret.At
1321 4650 1422 4705 ille
1447 4651 1852 4706 vehementius
1870 4650 2036 4708 inva-

380 4740 890 4809 lescebat,omnes
911 4741 1174 4812 ipsorum
1197 4740 1631 4811 propositiones
1663 4744 1838 4811 atque
1862 4757 2036 4814 argu-

392 4829 1376 4900 mentarefutans,errorisque,quo
1388 4828 2037 4897 tenebantur,fraudem

398 4935 465 4975 ac
481 4918 775 4976 fallaciam
800 4918 1247 4988 detegens.Cum
1270 4922 1466 4973 autem
1483 4934 1635 4987 pene
1648 4918 1721 4974 ad
1734 4936 2038 4992 vesperam

396 5023 585 5080 usque
615 5009 934 5083 disputatio
968 5007 1255 5080 producta
1280 5006 1510 5073 fuisset,
1556 5024 1659 5063 rex
1688 5010 2036 5067 concionem

395 5097 542 5153 solvi
567 5098 769 5171 jussit,
802 5103 1088 5169 tanquam
1119 5096 1344 5153 scilicet
1380 5095 1666 5168 postridie
1696 5115 1935 5156 rursum
1966 5101 2038 5157 de

394 5186 505 5244 hac
536 5204 599 5244 re
626 5186 831 5260 agitari
864 5187 1063 5243 vellet.

464 5297 649 5352 Filius
666 5301 863 5352 autem
878 5312 1072 5368 regem
1097 5296 1178 5352 ita
1201 5301 1290 5351 est
1310 5295 1635 5351 allocutus:
1663 5297 1734 5351 Ut
1754 5297 2043 5372 primoju-

396 5390 484 5443 ste
497 5385 684 5441 omnia
696 5384 1119 5458 gerijussisti,o
1133 5384 1596 5457 rex,itajustitias
1612 5403 1846 5457 quoque
1861 5389 2040 5446 ﬁnem

398 5474 920 5548 impone,duorum
942 5473 1195 5531 alterum
1212 5474 1678 5548 faciens,nempe
1710 5481 1775 5531 ut
1802 5478 1892 5534 vel
1922 5498 2045 5538 ma-

398 5566 649 5645 gistrum
670 5583 871 5628 meum
890 5566 1003 5626 hac
1022 5570 1194 5626 nocte
1206 5582 1441 5626 mecum
1455 5583 1697 5627 manere
1713 5568 2042 5645 permittas,

2146 1814 2305 1878 ζῶντι
2336 1815 2452 1883 Θεῷ
2476 1812 2563 1866 καὶ
2599 1812 2836 1881 σωθῆναι
2886 1809 2962 1873 εἷς
3006 1812 3099 1866 τὸν
3136 1808 3420 1885 μέλλοντα
3462 1807 3749 1882 ἐπέρχεσθαι

2142 1900 2331 1957 αἰῶνα.
2366 1900 2592 1977 Μεγάλα
2620 1903 2719 1976 γάρ
2767 1902 2857 1956 καὶ
2909 1900 3191 1975 Θαυμαστὰ
3225 1899 3295 1957 τὰ
3325 1900 3429 1956 ὐπὸ
3474 1903 3576 1955 τῶν
3626 1903 3749 1973 Χρι-

2143 1996 2369 2047 στιανῶν
2425 1992 2696 2068 λεγόμενα
2744 1994 2832 2049 καὶ
2885 1992 3251 2071 πραττόμενα·
3310 1990 3371 2048 οὗ
3418 1990 3517 2068 γὰρ
3571 1986 3747 2063 ἀνθρώ-

2143 2102 2259 2137 πων
2293 2082 2359 2159 ῥή
2373 2103 2512 2155 ματα
2531 2082 2813 2154 λαλοῦσιν,
2846 2082 2992 2139 ἀλλὰ
3010 2085 3076 2139 τὰ
3101 2087 3198 2139 τοῦ
3229 2086 3393 2139 Θεοῦ.
3424 2082 3502 2139 Τὰ
3527 2077 3581 2135 δὶ
3607 2076 3749 2135 λοιπᾶ

2145 2169 2269 2244 ἔθνη
2324 2167 2661 2241 πόανῶνται,
2718 2172 2810 2227 καὶ
2867 2170 3145 2227 πλανῶσιν
3205 2169 3457 2234 δαυτοὺς·
3510 2167 3752 2228 ὁδεύοντες

2144 2262 2246 2338 γὰρ
2295 2262 2347 2316 ἐν
2408 2262 2584 2317 σκότει
2642 2263 3077 2337 προσρήσσονται
3110 2262 3330 2325 ἑαυτοῖς
3364 2261 3439 2323 ὡς
3483 2257 3750 2335 μεθύοντες.

2143 2353 2292 2413 Ἕως
2322 2347 2428 2404 ῶδε
2457 2351 2485 2405 ὁ
2515 2351 2652 2423 πρὸς
2698 2349 2757 2405 σέ
2808 2370 2912 2424 μου
2952 2349 3138 2426 λόγος,
3174 2349 3430 2427 βασιλεῦ,
3473 2348 3501 2404 ὁ
3534 2346 3627 2403 ὑπὸ
3668 2351 3752 2414 τῆς

2145 2440 2407 2511 ἀληθείας
2437 2439 2489 2493 ἐν
2543 2445 2623 2511 τῷ
2679 2439 2767 2495 νοΐ
2824 2460 2930 2514 μου
2990 2438 3406 2515 ὑπαγορευθείς.
3465 2437 3553 2492 Διὸ
3579 2436 3756 2489 παυσά-

2146 2542 2353 2594 σθωσαν
2388 2529 2439 2584 oi
2465 2528 2689 2600 ἀνόητοί
2742 2549 2836 2584 σου
2896 2529 3055 2607 σοφοὶ
3115 2532 3601 2604 ματαιολογοῦντες
3646 2521 3756 2579 κατὰ

2144 2624 2241 2675 τοῦ
2282 2617 2505 2694 Κυρίου·
2566 2618 2827 2696 συμφέρει
2878 2620 2980 2696 γὰρ
3035 2618 3164 2694 ὑμῖν
3198 2616 3338 2674 Θεὸν
3376 2616 3586 2687 κτίστην
3632 2609 3755 2669 σέϐε-

2146 2710 2264 2764 σθαι
2324 2709 2475 2767 255
2533 2708 2624 2763 καὶ
2672 2707 2741 2763 τὰ
2796 2707 3036 2786 ἄφθαρτα
3091 2706 3254 2763 αὐτοῦ
3318 2703 3748 2779 ἐνωτίζεσθαιρή·

2150 2819 2310 2872 ματα,
2362 2795 2477 2869 ἵνα,
2536 2796 2714 2874 κρίσιν
2769 2796 3094 2875 ἐκφυγόντες
3148 2796 3237 2852 καὶ
3300 2795 3585 2876 τιμωρίαν,
3630 2798 3747 2863 ζωῆς

2145 2886 2452 2963 ἀνωλέθρου
2484 2884 2787 2963 δειχθείητε
2813 2886 3183 2964 κληρονόμοι.

2059 3091 2105 3159 c
2152 3156 2166 3159 Δ
2423 3066 2549 3125 Kll'.
2598 3068 2793 3159 (ΓαῦταΔ
2824 3067 2900 3159 ῶς
2951 3063 3309 3159 διεξῆλθενλδ
3351 3063 3629 3159 ῌαχὼρ,ὁ
3670 3060 3745 3159 μὲν

2142 3154 2398 3231 βασιλεὺς
2430 3160 2508 3229 τῷ
2566 3160 2722 3228 θυμῷ
2766 3154 3091 3227 ἠλλοιοῦτο·
3144 3158 3195 3212 οἱ
3237 3154 3300 3212 δὶ
3354 3155 3575 3233 ῥήτορες
3616 3151 3748 3207 αυτοῦ

2132 3244 2221 3299 καὶ
2268 3242 2535 3320 νεωκόροι
2586 3243 2795 3322 ἄφωνοι
2838 3243 3086 3313 ἵσταντο,
3149 3246 3225 3319 μὴ
3284 3243 3573 3319 δυνάμενοι
3627 3240 3748 3296 ἀντι-

2136 3335 2334 3411 λέγειν,
2369 3332 2496 3391 ἀλλ’
2545 3334 2580 3405 ἢ
2640 3337 2811 3411 σαθρά
2860 3357 2980 3392 τινα
3035 3337 3121 3392 καὶ
3184 3333 3461 3411 οὐδαμινά
3514 3329 3749 3409 λογίδρια.

2130 3424 2195 3491 Ὃ
2228 3422 2284 3479 δέ
2311 3428 2408 3480 τοῦ
2444 3423 2717 3501 βασιλέως
2743 3426 2859 3489 υίὸς
2906 3423 3214 3500 ἠγαλλιᾶτο
3265 3430 3357 3498 τῷ
3386 3422 3653 3497 πνεύματι,
3680 3415 3751 3473 καί

2136 3512 2348 3591 φαιδρῷ
2403 3518 2481 3586 τῷ
2535 3515 2815 3589 προσώπῳ
2869 3512 3084 3586 ἐδόξαζε
3128 3515 3220 3570 τὸν
3277 3514 3526 3591 Κύριον,
3578 3510 3659 3565 τὸν
3710 3508 3751 3577 ἐξ

2135 3604 2344 3680 ἀπύρου
2370 3604 2539 3681 πόρον
2574 3604 2792 3662 διδόντα
2830 3610 2945 3667 τοῖς
2995 3603 3323 3661 πεποιθόσιν
3378 3606 3459 3660 ἐπ’
3508 3602 3675 3671 αὐτὸν,
3702 3599 3750 3659 ’ὂς

2135 3694 2224 3749 καὶ
2258 3692 2346 3749 διὰ
2373 3697 2471 3749 τυῦ
2504 3693 2776 3767 πολεμίου
2801 3695 2890 3749 καὶ
2923 3693 3123 3770 ἐχθροῦ
3174 3695 3272 3762 τὴν
3336 3694 3585 3765 ἀλήθειαν
3614 3689 3748 3763 ἐκρά-

2134 3800 2277 3839 τυνε’
2309 3782 2397 3838 καὶ
2424 3784 2451 3839 ὁ
2480 3790 2579 3853 τῆς
2606 3781 2817 3857 πλάνης
2863 3782 3097 3861 ἔξαρχος
3146 3784 3454 3862 συνήγορος
3493 3784 3583 3838 τοῦ
3611 3779 3745 3856 ὀρθοῦ

2136 3870 2304 3950 λόγου
2338 3869 2630 3931 ἐδείκνυτο.

2205 4049 2267 4107 Ὁ
2302 4050 2487 4122 μέντοι
2529 4047 2803 4126 βασιλεὺς,
2844 4047 3036 4126 καίπερ
3083 4047 3271 4113 δεινῶς
3328 4049 3659 4127 ὀργιζόμενος
3682 4045 3745 4113 τῷ

2137 4139 2345 4214 Ναχὼρ
2378 4186 2393 4212 ,
2456 4137 2609 4193 οὐδὲν
2672 4141 2827 4213 ὅμως
2886 4140 3204 4217 ἐργάσασθαι
3258 4141 3429 4196 κακὸν
3488 4139 3562 4201 εἷς
3611 4133 3743 4191 αὐτὸν

2130 4224 2393 4298 ἠδύνατο,
2456 4225 2544 4283 διὰ
2598 4229 2659 4283 τὸ
2712 4228 3018 4306 προλεχθὶν
3079 4229 3163 4285 ἐπὶ
3218 4229 3438 4287 πάντων
3495 4229 3745 4296 θέσπισμα,

2138 4315 2310 4380 ἀδεῶς
2360 4316 2519 4373 αὐτὸν
2568 4315 2748 4394 λέγειν
2783 4319 2913 4395 ὑπὲρ
2952 4324 3058 4377 τῶν
3106 4325 3440 4395 Χριστιανῶν
3483 4310 3745 4393 προτρεπό-

2062 4458 2115 4523 D
2148 4428 2330 4480 μενονι
2363 4405 2550 4463 πολλά
2596 4406 2654 4463 δὲ
2704 4408 2866 4473 αὐτὸς
2922 4408 3216 4486 ἀντιλέγων
3280 4407 3641 4484 ὑπεμίμνησκε
3689 4398 3747 4456 δι’

2146 4496 2476 4523 _2.__-,__;__,__
2518 4495 2832 4523 ,μηδέπω
2886 4506 2981 4523 _,-,--
3019 4498 3245 4523 ,λη-ιη
3300 4522 3307 4523 ,
3354 4500 3439 4523 ρης
3482 4496 3737 4523 ,i___.=__..

2144 4496 2477 4571 αίνιγμάτων
2518 4495 2837 4553 ὑπενδοῦναι
2885 4506 2982 4569 τῆς
3017 4498 3310 4563 ἐνστάσεως
3353 4500 3440 4555 καὶ
3480 4496 3740 4568 ἡττηθῆναι

2142 4588 2211 4657 τῇ
2245 4582 2474 4656 διαλέξει
2505 4586 2611 4640 τῶν
2646 4584 2913 4663 ρητόρων.
2945 4587 3007 4645 Ὁ
3048 4584 3105 4642 δὲ
3156 4587 3419 4661 μειζόνως
3465 4587 3741 4661 ὒπερισχυει

2146 4669 2386 4729 διαλύων
2424 4674 2597 4738 πάσας
2646 4674 2820 4731 αὐτῶν
2874 4676 2970 4739 τὰς
3024 4679 3312 4753 προτάσεις
3364 4676 3451 4733 καὶ
3508 4670 3743 4743 συλλογι-

2147 4760 2337 4835 σμοὺς,
2376 4763 2465 4817 καί
2499 4762 2740 4842 ἐλέγχων
2788 4765 2850 4821 τὸ
2897 4764 3173 4837 ἀπατηλὸν
3222 4772 3322 4836 τῆς
3369 4765 3594 4834 πλάνης.
3625 4765 3744 4831 Σχε-

2148 4848 2237 4906 δὸν
2273 4847 2329 4907 δὶ
2357 4850 2554 4929 μέχρις
2612 4854 2837 4932 ἑσπέρας
2890 4854 3286 4930 παραταθείσης
3326 4862 3424 4925 τῆς
3469 4849 3739 4920 διαλέξεωῆ

2148 4938 2423 4997 ἐκέλευσεν
2480 4943 2507 4996 ὁ
2564 4940 2818 5019 βασιλεὺς
2871 4942 3190 5015 διαλυθῆναι
3241 4945 3301 5000 τὸ
3363 4939 3643 5015 συνέδριον,
3680 4935 3741 4993 ὡς

2143 5035 2213 5106 τῇ
2247 5030 2473 5108 ἐπιούσῃ
2518 5032 2860 5111 βουλόμενος
2891 5036 3042 5101 αὖθις
3080 5035 3203 5112 περὶ
3256 5033 3447 5091 τούτου
3492 5025 3741 5101 διασκέψα-

2149 5123 2292 5179 σθδι.

2222 5311 2284 5369 Ὁ
2319 5308 2377 5365 δὲ
2408 5312 2522 5373 υἱὸς
2562 5305 2660 5390 ἔφη
2691 5318 2770 5386 τῷ
2826 5312 3061 5390 βασιλεῖ⁹
3121 5317 3210 5380 Ὠς
3254 5316 3305 5371 ἐν
3371 5311 3510 5390 ἀρχῇ
3563 5299 3742 5363 δικαίαν

2154 5400 2438 5463 ἐκέλευσας
2490 5401 2664 5477 κρίσιν
2738 5404 3029 5479 γενέσθαι,
3087 5402 3316 5461 δέσποτα
3347 5446 3362 5475 ,
3438 5393 3742 5479 δικαιοσύνην

2149 5489 2239 5546 καὶ
2271 5493 2349 5563 τῷ
2377 5487 2522 5545 τέλει
2556 5478 2897 5566 ἐπίθεςέῖτῶν
2932 5490 3028 5550 δύο
3072 5492 3359 5571 τὸηὲτερον
3403 5493 3581 5550 ποιῶν·
3610 5478 3743 5571 ἢτὸν

2155 5577 2287 5656 ἐμὸν
2322 5576 2646 5639 διδάσκαλον
2678 5580 2967 5663 ἐπίτρεψον
3016 5566 3197 5665 μεῖναι
3230 5566 3343 5665 μετ’
3372 5582 3501 5659 ἐμοῦ
3526 5579 3587 5652 τῇ
3613 5566 3741 5627 νυκτῖ
