3994 6150
315 247 492 331 1125'

1480 278 1656 336 VITA
1690 269 2042 332 BABLAAM
2075 269 2173 328 ΕΤ
2205 270 2547 328 JOASAPH.

3595 273 3706 333 136

313 399 467 459 250
491 395 678 474 ταύτῃ,
710 397 785 464 ὣς
814 369 955 472 διμοῢ
989 370 1404 476 διασκεψώμεθα
1431 383 1554 476 περὶ
1601 383 1675 454 ῶν
1707 398 1820 475 χρῆ
1851 398 1952 468 τήν

2070 401 2128 453 ut
2145 397 2218 454 de
2240 397 2334 453 his
2352 395 2531 453 rebus
2549 395 2621 453 de
2635 395 2850 468 quibus
2863 395 3124 454 crastina
3139 395 3233 454 die
3248 397 3470 456 cumiis
3483 400 3584 472 qui
3595 418 3705 460 nos

307 485 495 563 αὔριον
527 487 765 558 λαλῆσαι
793 494 911 553 τοῖς
959 492 1296 565 πολεμοῦσιν
1355 491 1525 563 ἡμᾶς,
1555 489 1683 552 τοὺς
1740 486 1866 551 σοὺς
1894 487 1954 543 δὲ

305 577 472 634 πάλιν
535 577 596 633 σὺ
653 579 769 650 μεθ’
801 577 992 636 ἑαυτοῦ
1015 575 1197 637 λαϐὼν
1255 579 1322 636 τὰ
1377 580 1560 636 εἰκότα
1619 579 1953 653 μεΑετήσατε

303 666 485 728 καθὼς
519 664 800 744 βούλεσθε·
830 667 892 740 ἢ,
923 669 1052 733 τοὺς
1085 667 1212 733 σοὺς
1263 668 1386 743 ἐμοὶ
1444 669 1853 746 παραχωρήσας
1881 669 1951 742 τῇ

307 757 460 813 νυκτὶ
519 755 706 826 ταύτη,
738 752 876 812 λάϐε
913 758 1004 814 τὸν
1055 757 1185 833 ἐμὸν
1243 760 1378 833 πρὸς
1406 757 1614 814 ἑαυτόν.
1653 756 1717 814 Εἰ
1761 755 1818 811 δὶ
1847 759 1951 830 ἀμ-

309 844 528 924 φότεροι
561 843 660 900 ὦσι
693 847 837 923 παρᾶ
867 846 975 915 σοὶ,
1007 848 1035 902 ὁ
1069 848 1164 921 μὲν
1200 845 1330 923 έμὸς
1361 847 1411 903 ἐν
1446 846 1628 922 θλίψει
1653 847 1743 902 καὶ
1777 842 1952 925 φόϐῳ,

343 931 624 990 ἱδ¹⁸ξ
829 941 856 952 ’⁵
983 935 1149 993 “’έ
1347 934 1376 956 ”
1541 933 1890 992 δ”δί

309 957 338 992 ο
428 955 569 991 εσοι
627 956 652 989 ν
713 955 860 1011 ’χαρᾳ
911 957 1002 991 και
1060 958 1120 992 αν
1154 958 1255 1010 σει,
1315 959 1376 992 ου
1416 957 1508 1012 μοι
1575 957 1689 992 οκει
1781 956 1868 992 ικα
1895 956 1954 990 αν

310 1024 443 1079 εἶναι
469 1023 668 1099 κρίσιν,
716 1021 863 1080 ἀλλά
918 1021 1230 1081 δυναστείαν
1276 1032 1378 1095 τῆς
1421 1023 1662 1099 ἐξουσίας
1708 1023 1799 1080 καὶ
1846 1043 1955 1078 πα-

308 1107 539 1190 ράϐασιν
564 1117 672 1168 τῶν
733 1115 1030 1184 συνθηκῶν.
1082 1115 1366 1186 ἹΙττηθεὶς
1425 1113 1483 1170 δὲ
1527 1116 1556 1170 ὁ
1591 1113 1849 1190 βασιλεὺς
1877 1116 1954 1184 τῷ

307 1201 504 1276 ἀστείῳ
558 1205 656 1258 τοῦ
713 1202 983 1280 ῥήματος,
1014 1203 1142 1268 τοὺς
1199 1203 1399 1281 σοφοὺς
1447 1202 1729 1260 αὐτοῦκαὶ
1789 1203 1954 1276 ἱερεῖς

309 1294 449 1370 πρὸς
476 1294 662 1349 ἑαυτὸν
717 1291 1047 1369 λαϐόμενος,
1104 1297 1194 1351 τὸν
1246 1295 1454 1370 Ναχὼρ
1513 1297 1848 1372 παραχωμεῖ
1875 1297 1954 1365 τῷ

311 1383 438 1457 υἱῷ,
462 1380 686 1446 ἐλπίδας
733 1380 809 1439 ἔτι
840 1383 1171 1458 κεκτημένος
1202 1384 1282 1441 ἐπ’
1334 1385 1493 1442 αὐτὸν
1543 1385 1633 1439 καὶ
1665 1381 1950 1463 φυλάττειν

307 1473 377 1528 τὰ
406 1470 818 1548 ὡμολογημένα
854 1470 1054 1535 δοκῶν.

379 1561 706 1638 ’Δπέρχεται
756 1563 935 1618 τοίνυν
963 1562 992 1618 ὁ
1019 1566 1117 1619 τοῦ
1167 1558 1436 1626 ϐασιλέως
1468 1563 1583 1626 υίὸς
1615 1562 1690 1626 είς
1719 1562 1781 1618 τὸ
1830 1561 1956 1617 ἑαυ-

305 1653 408 1707 τοῦ
453 1647 748 1720 παλάτίον,
801 1649 980 1729 ὥσπερ
1037 1673 1121 1717 τις
1175 1649 1609 1726 Ὀλυμπιονίκης
1667 1655 1774 1707 τῶν
1808 1651 1957 1706 ἀντι-

2057 484 2218 541 bello
2231 485 2525 541 lacessent
2535 485 2711 541 verba
2721 485 2990 542 faciendo
3010 490 3149 541 sunt
3163 503 3284 543 una
3297 487 3701 560 dispiciamus,

2060 589 2127 630 ac
2144 579 2206 629 tu
2230 575 2370 630 item
2394 579 2524 630 tuos
2541 591 2872 644 assumens,
2896 575 3188 630 arbitratu
3211 580 3309 631 tuo
3329 593 3463 632 cum
3485 578 3605 633 illis
3637 596 3706 636 ea

2061 680 2192 734 quas
2215 663 2276 719 in
2295 680 2424 720 rem
2456 663 2655 719 futura
2675 663 3030 719 videbuntur
3065 665 3373 721 mediteris
3397 685 3411 734 ;
3440 671 3542 722 aut
3571 673 3702 722 tuos

2059 751 2206 807 mihi
2241 753 2351 808 hac
2388 757 2560 807 nocte
2603 751 2956 818 concedens,
2987 768 3188 807 meum
3208 753 3428 825 accipe.
3463 756 3626 820 Quod
3654 755 3704 812 si

2059 841 2294 912 utrique
2312 841 2469 912 apud
2485 845 2542 895 te
2565 841 2702 912 sint,
2728 857 2898 896 meus
2911 841 3269 896 nimirumin
3291 842 3611 899 afﬂictione
3646 849 3704 900 et

2059 937 2243 999 metu,
2275 931 2361 985 tui
2393 936 2591 986 autem
2634 931 2696 986 in
2739 931 2944 986 ltetitia
2991 935 3051 985 et
3098 932 3283 986 animi
3325 933 3700 1004 remissione,

2062 1037 2298 1091 aequum
2327 1021 2474 1076 mihi
2497 1021 2793 1092 judicium
2822 1019 2981 1076 istud
3008 1035 3136 1076 esse
3167 1038 3290 1077 non
3318 1023 3566 1089 videtur,
3599 1024 3702 1080 sed

2061 1109 2428 1181 principatus
2450 1110 2776 1178 licentia,et
2797 1114 3106 1181 pactorum
3128 1111 3700 1183 violato.Rexitaque

2063 1198 2242 1270 hujus
2269 1197 2549 1254 orationis
2570 1199 2772 1270 lepore
2785 1199 3240 1270 victus,assump
3250 1200 3322 1254 tis
3335 1201 3700 1271 sapientibus

2063 1292 2122 1343 et
2138 1288 2544 1344 sacerdotibus
2570 1289 2713 1355 suis,
2745 1288 3072 1343 Nachorem
3097 1288 3220 1343 ﬁlio
3247 1288 3559 1357 concessit,
3591 1290 3703 1346 hac.

2063 1377 2348 1434 nimirum
2379 1395 2482 1450 spe
2513 1378 2721 1449 fretus,
2752 1377 2878 1434 fore
2903 1382 2970 1434 ut
2991 1393 3062 1433 ea
3091 1394 3222 1450 qum
3251 1377 3553 1451 pollicitus
3580 1377 3701 1436 fue-

2061 1472 2155 1524 rat
2182 1472 2508 1540 praestaret.

2133 1557 2306 1629 Regis
2327 1557 2526 1628 itaque
2549 1557 2708 1613 ﬁlius
2723 1556 2783 1612 in
2797 1555 3085 1628 palatium
3100 1573 3273 1612 suum
3284 1556 3700 1630 proﬁciscitur,

2064 1663 2184 1702 non
2205 1661 2374 1702 secus
2391 1651 2568 1718 atque
2586 1646 2928 1717 Olympicus
2940 1645 3181 1716 quidam
3201 1645 3703 1719 victor,superatis

306 1737 500 1795 πάλων
531 1741 824 1816 κρατήσας,
855 1737 1001 1818 ἔχων
1053 1743 1167 1815 μεθ’
1197 1742 1385 1797 ἑαυτοῦ
1432 1741 1526 1797 τὸν
1579 1741 1808 1818 Ναχὼρ.
1855 1738 1953 1795 Καὶ

2070 1736 2435 1804 adversariis,
2463 1752 2662 1792 secum
2693 1737 3018 1793 Nachorem
3050 1735 3297 1792 habens.
3329 1737 3514 1802 Quem
3543 1753 3700 1807 cum,

306 1827 445 1885 κανᾶ
475 1825 643 1901 μόνας
682 1828 914 1892 καλέσάς
964 1829 1121 1885 αὐτὸν
1177 1823 1302 1908 ἔφη’
1337 1831 1429 1901 Μὴ
1489 1828 1719 1905 νομίσῃς
1751 1829 1949 1894 λανθά-

306 1937 415 1974 νειν
447 1915 545 1990 ἐμὶ
569 1916 637 1973 τὰ
683 1919 818 1973 κατὰ
874 1919 952 1974 σέ·
1009 1915 1132 1974 οἴδα
1185 1918 1288 1995 γάρ
1339 1939 1396 1974 σε
1447 1915 1688 1995 ἀκριϐῶς
1723 1919 1799 1993 μὴ
1855 1918 1946 1974 τὸν

309 2005 584 2061 θειότατον
643 2005 776 2061 εἶναι
833 2005 1122 2082 Βαρλαάμ,
1166 2005 1312 2062 ἀλλᾶ
1362 2007 1568 2083 Ναχὼρ
1621 2007 1713 2061 τὸν
1754 2005 1949 2081 ἀστρο-

306 2085 498 2172 λόγον.
531 2093 636 2152 Καὶ
669 2094 926 2168 θαυμάζω
957 2099 1071 2157 πῶς
1123 2091 1300 2169 ἔδοξεν
1355 2096 1482 2169 ὑμῖν
1513 2093 1774 2166 τοιαύτην
1810 2096 1950 2150 ὑπο-

307 2185 561 2260 κριθῆναι
594 2183 876 2259 ὑπόκρισιν
930 2183 1021 2240 καὶ
1049 2183 1282 2260 τοσαύτῃ
1338 2179 1676 2259 ἆμϐλυωπίᾳ
1727 2180 1950 2256 νομίσαι

312 2267 629 2349 περιϐαλεῖν
693 2293 758 2346 με
809 2273 979 2347 μὲσης
1033 2271 1245 2350 ἡμέρας
1275 2271 1434 2341 ,ἵνα
1490 2271 1655 2328 λύκον
1714 2267 1950 2346 δέξωμαι

307 2361 425 2418 ἀντὶ
481 2357 766 2439 προϐάτου
815 2361 986 2420 Ἀλλά
1041 2361 1226 2426 καλῶς
1273 2364 1301 2418 ὁ
1351 2361 1518 2438 λόγος
1566 2360 1749 2434 ᾅδεται
1779 2405 1796 2434 ,
1868 2362 1952 2416 δτι

308 2449 518 2528 Καρδία
549 2456 738 2529 μωροῦ
774 2474 975 2526 ματαια
1021 2453 1209 2524 νοήσει
1261 2455 1393 2527 (82).
1443 2452 1518 2510 Τὸ
1552 2453 1647 2526 μὶν
1681 2449 1772 2507 οὖν
1805 2449 1953 2506 ἐνθύ-

314 2563 477 2616 μημα
507 2545 669 2597 τοῦτο
701 2541 791 2597 καὶ
827 2539 1108 2618 βούλευμα
1143 2543 1295 2616 ὑμῶν
1325 2539 1502 2598 ἓωλον
1529 2544 1594 2612 ἦν
1635 2542 1725 2596 καὶ
1774 2540 1948 2610 πάντη

307 2629 562 2702 ἀνόητον
593 2631 655 2686 τὸ
699 2627 756 2686 δὶ
795 2625 950 2707 ἔργον
983 2630 1012 2686 ’ὀ
1039 2630 1270 2708 εἰργάσω
1317 2630 1496 2702 πάσης
1536 2628 1648 2686 ἐστὶ
1693 2631 1954 2694 συνέσεως

314 2717 778 2794 πεπληρωμένον.
837 2718 932 2775 Διὸ
987 2724 1151 2796 χαῖρε
1183 2763 1199 2791 ,
1245 2720 1480 2795 Ναχὼρ,
1536 2717 1626 2774 καὶ
1679 2715 1948 2795 ἀγαλλιῶ’

313 2805 526 2871 πολλάς
556 2809 656 2885 γὰρ
687 2829 770 2864 σοι
801 2808 1030 2886 χάριτας
1069 2810 1361 2885 ὁμολογῶ,
1412 2811 1559 2868 257
1609 2807 1691 2864 ὅτι
1720 2809 1950 2883 συνήγο-

315 2916 409 2972 ρος
441 2898 676 2974 σήμερον
726 2905 825 2969 τῆς
873 2895 1130 2968 ἀληθείας
1183 2898 1433 2975 γέγονας,
1463 2898 1552 2954 καὶ
1585 2897 1688 2953 οὐκ
1732 2896 1953 2972 ἐμίανας

309 2986 378 3042 τὰ
409 2984 569 3063 χείλη
613 3008 710 3042 σοκ
766 2986 954 3064 λόγοις
1010 2991 1232 3063 μιαροῖς
1287 2985 1376 3042 καὶ
1438 2985 1714 3063 ὑποκρίσει
1769 2983 1952 3061 δολίᾳ,

2063 1825 2308 1881 remotis
2331 1825 2593 1895 arbitris,
2619 1825 2944 1892 accivisset,
2976 1824 3070 1880 his
3086 1823 3160 1879 ad
3182 1840 3318 1880 eum
3339 1823 3531 1880 verbis
3559 1841 3703 1880 usus

2063 1917 2256 1970 estzNe
2275 1930 2392 1982 me,
2416 1914 2519 1986 qui
2540 1913 2920 1985 sis,ignorare
2943 1913 3264 1969 existimes.
3298 1913 3704 1970 Certissimum

2063 2004 2222 2059 enim
2248 2003 2436 2059 habeo
2460 2009 2517 2058 te
2540 2003 2974 2059 divinissimu-m
3000 2002 3375 2058 Barlaamum
3387 2003 3546 2058 haud
3567 2018 3706 2073 qua.-

2063 2109 2242 2164 quam
2264 2108 2620 2161 esse,verum
2643 2092 2971 2149 Nachorem
2995 2092 3376 2164 astrologum.
3408 2092 3490 2146 Ac
3517 2091 3703 2146 miror

2062 2183 2205 2256 quid
2221 2183 2383 2240 vobis
2401 2183 2462 2239 in
2479 2189 2740 2238 mentem
2756 2181 3076 2250 venerit,ut
3087 2183 3186 2254 huj
3195 2181 3428 2237 usmodi
3438 2180 3701 2236 fabulam

2063 2273 2384 2346 ﬁngeretis,
2413 2277 2589 2344 atque
2637 2272 2749 2327 hoc
2786 2271 2946 2326 vobis
2983 2270 3439 2342 persuaderetis,
3471 2286 3572 2325 vos
3603 2285 3700 2326 eas

2063 2363 2394 2418 clarissima
2415 2361 2509 2416 die
2533 2361 2718 2416 oculis
2733 2360 2884 2416 meis
2911 2360 3188 2415 tenebras
3200 2359 3292 2431 obj
3303 2365 3538 2415 ecturos
3549 2374 3701 2425 esse,

2065 2457 2130 2507 ut
2147 2469 2252 2524 pro
2279 2467 2386 2506 ove
2408 2451 2614 2522 lupum
2637 2451 3210 2520 acciperem.Verum
3230 2465 3352 2505 non
3373 2449 3704 2520 absrepro-

2063 2540 2262 2596 verbio
2292 2540 2498 2606 fertur,
2531 2541 2642 2594 Cor
2662 2537 2828 2594 stulti
2853 2553 3002 2592 vana
3048 2538 3324 2610 cogitare.
3362 2540 3549 2608 Atque
3578 2537 3706 2592 haec

2065 2628 2305 2702 quidem
2333 2627 2606 2699 cogitatio
2634 2631 2693 2682 et
2729 2625 3046 2682 consilium
3087 2630 3347 2680 vestrum
3394 2625 3704 2680 rancidum

2066 2735 2208 2774 sane
2231 2734 2297 2773 ac
2317 2733 2558 2788 prorsus
2571 2714 2852 2770 stolidum
2867 2719 3165 2785 erat,opus
3188 2719 3384 2769 autem
3407 2713 3704 2784 quodipse

2067 2807 2255 2880 egisti,
2289 2805 2449 2861 omni
2480 2804 2796 2878 prudentia
2837 2808 2897 2858 et
2943 2803 3257 2875 sagacitate
3305 2802 3550 2874 plenum
3594 2806 3702 2870 est,

2067 2913 2134 2954 ac
2163 2900 2480 2969 propterea
2520 2894 2729 2966 gaude,
2782 2893 3028 2960 Nachor,
3081 2896 3138 2947 et
3187 2891 3434 2947 exsulta.
3495 2891 3704 2946 Multas

2070 2987 2229 3043 enim
2260 2985 2366 3041 tibi
2397 2986 2509 3042 hoc
2554 2984 2795 3040 nomine
2833 2982 3053 3054 gratias
3101 2981 3315 3050 habeo,
3366 2981 3525 3054 quod
3554 2981 3709 3037 veri-

312 3073 458 3131 ἀλλά
485 3080 591 3132 τῶν
634 3076 861 3132 πολλῶν
921 3076 1134 3151 μᾶλλον
1185 3075 1508 3150 ἐξεκάθαρας
1561 3072 1952 3151 μολυσμάτων,

2070 3078 2206 3134 tatis
2237 3074 2635 3150 patrocinium
2691 3073 2982 3130 hodierno
3039 3073 3132 3128 die
3205 3072 3540 3144 suscepisti,
3599 3089 3712 3128 nec

310 3165 411 3235 τὴν
444 3164 657 3236 πλάνην
685 3170 792 3221 τῶν
816 3163 1183 3240 ψευδωνύμὼν
1245 3162 1518 3241 διελέγξας
1549 3165 1684 3221 θεῶν
1735 3164 1824 3220 καὶ
1855 3165 1953 3234 τήν

314 3253 572 3325 ἀλήθείαν
632 3258 741 3308 τῶν
821 3256 1214 3330 Χριστιανικῶν
1300 3251 1587 3330 δογμάτων
1667 3253 1954 3330 κρατύνας.

312 3342 462 3418 Ἐγὼ
493 3341 550 3398 δὶ
576 3341 882 3398 ἐσπούδασα
918 3343 1136 3420 ἀγαγεῖν
1179 3365 1238 3400 σε
1293 3345 1410 3417 μετ’
1439 3341 1576 3419 ἔμοῦ
1607 3342 1755 3400 δυοῖν
1780 3340 1955 3400 ἓνεκα·

311 3429 407 3487 ’ίνα
462 3433 561 3506 μὴ,
588 3431 726 3488 κατὰ
775 3429 942 3506 μόνας
970 3433 999 3487 ὁ
1038 3432 1290 3509 βασιλεὺς
1351 3429 1534 3490 λαϐὼν
1587 3456 1665 3503 σε,
1709 3435 1962 3509 τιμωρή-

314 3521 474 3590 σηται
527 3518 612 3596 ἐφ’
659 3521 705 3593 ᾧ
763 3518 824 3574 οὐ
873 3520 941 3575 τὰ
988 3520 1297 3596 καταθύμια
1345 3520 1492 3595 αύτῷ
1548 3519 1813 3600 ἐφθέγξω,
1871 3520 1962 3576 καὶ

314 3605 410 3663 ’ίνα
463 3609 563 3679 τὴν
614 3607 775 3685 χάριν
821 3607 1044 3681 ταύτην,
1101 3608 1167 3678 ἢν
1227 3610 1468 3686 σήμερον
1521 3609 1779 3686 εἰργάσω,
1838 3611 1964 3664 ἅντ-

318 3694 662 3772 αμείψωμαι.
695 3695 792 3760 Τίς
823 3695 881 3753 δὲ
925 3699 960 3768 ἡ
1021 3695 1381 3773 ἂντάμειψιςς
1433 3700 1511 3756 Τὸ
1569 3695 1848 3772 ὕποὸεῖξαί
1880 3719 1966 3752 σοι

328 3789 568 3846 ἐκκλῖναι
606 3790 705 3858 τῆς
739 3793 978 3864 πονηρᾶς
1037 3786 1166 3845 ὁδοῦ
1221 3788 1312 3844 καὶ
1366 3785 1662 3865 ὀλισθηρᾶς
1691 3789 1758 3860 ἢν
1797 3787 1965 3844 ὥδευ-

326 3900 422 3942 σας
467 3875 571 3944 ἕως
623 3882 738 3950 νῦν,
785 3885 1119 3955 πορευθῆναι
1173 3874 1232 3934 δὲ
1258 3877 1354 3948 τὴν
1389 3878 1591 3934 εὐθεῖαν
1645 3877 1735 3934 καὶ
1790 3878 1967 3950 σωτή-

327 3988 445 4046 ριον
470 3963 684 4046 τρίϐον,
713 3967 779 4038 ἢν
825 3968 928 4024 οὐκ
983 3967 1213 4044 ἀγνοῶν,
1256 3965 1384 4024 ἀλλ’
1440 3964 1680 4032 ἐθελοντὶ
1735 3987 1970 4044 κακουρ-

322 4060 432 4134 γῶν
465 4099 482 4130 ,
538 4055 831 4133 έξέφυγες,
892 4055 1186 4133 βαράθροις
1242 4054 1336 4111 καὶ
1409 4061 1680 4130 κρημνοῖς
1745 4055 1972 4130 ἀνομίας

325 4146 544 4202 σεαυτὸν
601 4143 1058 4221 κατακρημνίσας.
1120 4143 1284 4208 Σύνις
1338 4145 1452 4215 οὗν,
1487 4143 1531 4199 ὦ
1563 4144 1793 4221 Ναχὼρ,
1847 4165 1970 4200 συν-

328 4236 446 4299 ετὸς
473 4234 569 4306 ὥν,
610 4236 702 4290 καὶ
731 4235 1122 4310 προθυμήθητι
1151 4235 1242 4290 τὸν
1276 4233 1526 4310 ,Χριστὸν
1564 4236 1724 4308 μόνον
1753 4234 1843 4290 καὶ
1873 4235 1972 4303 τήν

327 4325 457 4398 παρ’
487 4323 634 4398 αὐτῷ
689 4323 1072 4399 κρυπτομένην
1137 4325 1280 4394 ζωὴν
1339 4321 1614 4399 κερδᾶναι,
1655 4327 1762 4379 τῶν
1819 4323 1976 4400 ῥεόν-

325 4435 435 4470 των
467 4415 673 4470 τούτων
704 4413 793 4468 καὶ
847 4411 1220 4489 φθειρομένων
1273 4410 1686 4490 ὑπεριδών.⁶οὐ
1728 4413 1828 4488 γὰρ
1878 4412 1970 4468 τὸν

325 4507 502 4562 πάντα
535 4507 672 4581 ζήσῃ
707 4503 896 4559 αἰῶνα·
949 4501 1116 4576 ἀλλά,
1150 4505 1343 4576 θνητὸς
1393 4501 1490 4576 ὢν,
1542 4501 1814 4578 ἀπελεύσῃ
1847 4504 1972 4560 ὅσον

328 4590 504 4664 οὔπω,
534 4594 710 4656 καθὼς
736 4592 827 4648 καὶ
879 4593 931 4647 οἱ
984 4591 1090 4667 πρὸ
1135 4596 1231 4649 σοῦ
1281 4591 1497 4656 πάντες.
1545 4591 1648 4650 Κνῖ
1708 4592 1832 4648 οὐαί
1864 4614 1972 4665 σοι,

327 4683 374 4740 εί
422 4683 513 4738 τὸν
573 4680 739 4758 βαρὺν
799 4681 999 4760 φόρτον
1075 4683 1176 4752 τῆς
1243 4682 1510 4757 ἁμαρτίας
1587 4681 1973 4760 ἐπιφερόμενος

328 4771 602 4848 ἀπελεύσῃ
652 4769 764 4826 ἐκεῖ
810 4769 947 4826 ὅπου
1001 4769 1177 4848 κρίσις
1236 4766 1418 4826 δικαία
1469 4769 1560 4826 καὶ
1618 4769 1974 4836 ἀνταπόδοσις

322 4864 434 4916 τῶν
495 4858 669 4937 ἔργων
728 4857 863 4932 ἐστὶ,
906 4860 998 4916 καὶ
1051 4861 1129 4936 μὴ
1181 4857 1492 4940 ἀποῤῥίψῃς
1541 4863 1758 4934 τοῦτον,
1787 4859 1975 4937 ῥᾳδίας

330 4946 498 5022 οὔσης
525 4951 624 5022 τῆς
645 4947 982 5016 ἀποθέσεως.

399 5311 464 5372 Ὁ
494 5312 704 5388 Ναχὼρ
758 5309 962 5387 τοίνυν,
993 5311 1306 5387 κατανυγεὶς
1362 5311 1462 5384 τὴν
1501 5311 1684 5388 ψυχὴν
1714 5309 1802 5368 ἐπὶ
1854 5317 1978 5378 τοῖς

327 5397 522 5480 λόγοις
574 5401 812 5478 τούτοις,
863 5397 988 5484 ἔφη·
1048 5400 1242 5466 Καλῶς
1286 5402 1463 5474 εἶπας,
1496 5403 1544 5463 ὦ
1576 5401 1825 5478 βασιλεῦ,
1875 5424 1973 5460 κα-

399 5619 518 5693 (82)
546 5619 661 5678 Isa.
692 5634 867 5692 xxxii,
900 5617 955 5689 6,

2068 3167 2370 3225 sceleratis
2399 3164 2592 3221 verbis
2625 3181 2691 3220 ac
2726 3167 2968 3219 versuta
2998 3161 3375 3217 simulatione
3421 3160 3580 3217 labia
3610 3166 3712 3217 tua

2063 3255 2481 3313 con'taminasti
2497 3271 2510 3322 ;
2536 3255 2681 3326 quin
2702 3254 2900 3326 potius
2914 3268 2982 3308 ea
2994 3250 3196 3308 multis
3209 3249 3483 3306 sordibus
3495 3266 3710 3322 expur-

2063 3346 2233 3420 gasti,
2265 3345 2553 3400 falsorum
2577 3343 2861 3399 nimirum
2891 3341 3138 3397 deorum
3167 3355 3366 3395 errore
3387 3339 3707 3408 confutato,

2065 3439 2240 3506 atque
2253 3433 2721 3490 Christianorum
2735 3432 3073 3504 dogmatum
3087 3430 3328 3486 veritate
3340 3430 3709 3486 confirmata.

2065 3526 2182 3598 Ego
2203 3541 2339 3580 vero
2358 3523 2578 3596 duplici
2601 3522 2673 3577 de
2693 3537 2890 3590 causa,
2912 3525 2979 3575 ut
2998 3524 3055 3575 te
3086 3535 3319 3575 mecum
3332 3519 3711 3586 adducerem,

2068 3629 2307 3686 operam
2329 3612 2486 3679 dedi;
2509 3611 2794 3678 altera,ne
2821 3614 2877 3664 te
2902 3625 3008 3664 rex
3027 3607 3299 3680 privatim
3319 3613 3552 3675 tenens,
3568 3624 3715 3678 sup-

2067 3702 2244 3776 plicio
2258 3700 2861 3771 afﬁceret,propterea
2871 3697 3028 3768 quod
3043 3713 3164 3752 non
3182 3713 3251 3752 ea
3262 3713 3325 3751 es
3337 3697 3569 3752 locutus
3581 3712 3712 3766 quas

2070 3792 2182 3864 ipsi
2217 3794 2381 3864 grata
2409 3793 2639 3855 essent;
2673 3788 2860 3843 altera
2884 3791 2950 3841 ut
2978 3785 3265 3840 hodierno
3299 3790 3396 3840 tuo
3422 3783 3712 3839 beneficio

2069 3880 2318 3955 gratiam
2331 3877 2436 3934 tibi
2449 3893 2552 3950 rep
2560 3876 3068 3942 endam.Quonam
3080 3879 3278 3930 autem
3293 3873 3469 3932 tande
3479 3889 3528 3928 m
3543 3876 3714 3945 pacto

2070 3969 2269 4026 istud?
2289 3967 2578 4025 Nimirum
2603 3970 2658 4021 te
2676 3966 3024 4033 admonens,
3055 3969 3121 4019 ut
3141 3979 3368 4036 aprava
3394 3967 3454 4018 et
3479 3963 3716 4034 pericu-

2071 4061 2196 4118 losr
2211 4061 2337 4116 haec
2355 4060 2653 4131 via,quam
2667 4057 2741 4114 ad
2762 4057 2922 4113 hunc
2941 4071 3130 4126 usque
3149 4054 3306 4110 diem
3324 4052 3590 4119 tenuisti,
3609 4052 3719 4107 de-

2072 4151 2370 4216 ilectas,ac
2392 4152 2614 4203 rectam
2629 4145 3020 4201 etsalutarem
3042 4143 3314 4200 semitam
3341 4141 3718 4215 ingrediaris:

2075 4256 2252 4312 quam
2271 4236 2510 4310 quidem
2530 4253 2652 4291 non
2677 4235 2977 4307 ignorans,
3006 4233 3108 4289 sed
3127 4237 3336 4304 sponte
3358 4231 3580 4287 malum
3602 4247 3722 4287 am-

2073 4329 2359 4402 plectens,
2397 4325 2673 4398 effugisti,
2697 4325 2759 4379 in
2781 4323 3115 4394 iniquitatis
3137 4321 3414 4378 barathra
3436 4325 3495 4377 et
3513 4319 3726 4393 praeci-

2077 4417 2223 4492 pitia
2253 4417 2510 4489 teipsum
2531 4413 2866 4486 impellens.
2889 4411 3158 4484 lntellige
3179 4411 3400 4483 itaque,
3415 4428 3448 4466 ο
3471 4411 3720 4479 Nachor,

2081 4525 2214 4564 cum
2237 4505 2499 4580 prudens
2521 4509 2579 4560 et
2599 4519 2774 4576 sagax
2796 4503 2972 4571 sis,ac
2993 4502 3291 4557 Christum
3313 4501 3527 4570 solum,
3553 4504 3611 4554 et
3638 4499 3722 4554 vi-

2080 4603 2202 4654 tam
2223 4595 2380 4670 apud
2403 4595 2597 4667 ipsum
2614 4593 2948 4650 abstrusam
2966 4591 3218 4648 elucrari
3237 4589 3609 4658 stude,ﬂuxis
3625 4587 3719 4642 his

2082 4683 2775 4755 etcaduciscomtemptis
2789 4699 2854 4738 ac
2866 4699 2973 4755 pro
2987 4681 3176 4736 nihilo
3189 4679 3557 4736 habitis.Non
3571 4677 3724 4734 enim

2081 4778 2144 4834 in
2166 4782 2453 4833 zeternum
2473 4775 2650 4841 vives;
2673 4771 2939 4842 sed,cum
2956 4771 3223 4826 mortalis
3245 4769 3472 4840 sis,jam
3478 4768 3725 4839 jamque

2081 4867 2222 4922 hinc
2242 4864 2508 4922 abiturus
2531 4859 3122 4935 es,quemadmodum
3147 4863 3205 4914 et
3225 4874 3452 4923 omnes,
3474 4857 3726 4928 quiante

2082 4960 2140 5011 te
2163 4955 2536 5011 exstiterunt.
2560 4951 2772 5024 Atque,
2796 4969 2829 5006 ο
2852 4954 2908 5006 te
2933 4944 3249 5005 miserum!
3275 4945 3344 5014 si,
3376 4943 3477 4999 ubi
3491 4944 3724 5016 justum

2074 5043 2392 5117 judicium,
2410 5058 2477 5098 ac
2492 5041 2656 5114 justa
2676 5056 2922 5113 operum
2938 5053 3165 5094 merces
3189 5040 3298 5103 est,
3329 5049 3565 5108 gravem
3594 5049 3730 5106 pec-

2084 5133 2198 5190 cati
2229 5131 2522 5190 sarcinam
2552 5135 2748 5188 tecum
2776 5128 2976 5185 ferens
3005 5126 3202 5196 abeas,
3250 5140 3362 5181 nec
3389 5140 3519 5181 eam
3555 5122 3723 5196 prius

2085 5221 2394 5297 abjeceris,
2425 5238 2560 5278 cum
2590 5219 2846 5294 abjicere
2875 5215 3130 5290 proclive
3164 5215 3257 5272 sit.

2154 5315 2383 5371 Nachor
2420 5312 2620 5384 itaque
2667 5310 2739 5367 ob
2789 5305 3136 5380 hujusmodi
3184 5320 3488 5362 sermones
3530 5301 3729 5360 animo

2084 5407 2493 5479 compunctus,
2525 5401 2617 5458 his
2646 5397 2837 5455 verbis
2865 5414 3010 5455 usus
3041 5401 3166 5453 est:
3213 5398 3388 5455 Recte
3439 5392 3657 5465 dixisti,
3691 5406 3724 5449 ο
