3994 6150
314 284 452 340 1127

315 499 476 557 omni
508 492 815 551 mendacio
846 489 1108 544 alienum
1157 486 1360 548 Deum,
1393 496 1499 551 per
1546 492 1724 548 quem
1751 471 1952 529 omnia

311 591 467 644 facta
483 582 809 650 sunt,novi;
834 582 1010 647 atque
1032 576 1175 628 item
1202 572 1467 625 futurum
1486 565 1778 638 judicium
1805 561 1948 627 scio,

315 694 384 731 ex
396 674 599 730 multis
612 664 1199 733 videlicetScripturm
1215 675 1390 714 sacrae
1407 655 1600 710 verbis
1613 653 1672 707 id
1685 652 1947 715 edoctus,

312 779 514 819 verum
532 758 801 829 improba
820 750 1391 818 consuetudo,atque
1412 742 1639 815 antiqui
1674 738 1950 811 supplan-

312 853 517 910 tatoris
528 848 783 905 versutia
796 844 989 901 cordis
1003 841 1117 895 mei
1138 838 1340 894 oculos
1354 832 1950 900 caecavit,densasque

311 942 509 998 animo
532 954 663 993 meo
688 934 960 990 tenebras
982 929 1381 985 oﬁ‘udit.Nunc
1396 930 1593 979 autem
1615 920 1688 975 ad
1708 917 1951 971 verbum

310 1038 477 1086 tuum
490 1028 718 1099 abjecto
734 1022 1045 1077 tenebroso
1058 1005 1950 1081 velamine,advultusDominici

314 1120 510 1174 lucem
524 1097 850 1177 accurram;
866 1106 1277 1164 fortasseenim
1291 1102 1408 1158 mei
1422 1097 1953 1165 miserebitur,p(e-

312 1208 697 1273 nitentiaeque
717 1201 965 1271 januam
988 1195 1134 1251 mihi
1156 1191 1425 1263 improbo
1452 1205 1519 1243 ac
1549 1184 1757 1240 rebelli
1786 1198 1949 1237 servo

312 1294 554 1366 aperiet.
585 1272 930 1359 Quanquam
956 1284 1101 1339 mihi
1123 1281 1251 1337 fieri
1282 1296 1401 1334 non
1432 1291 1605 1347 posse
1629 1272 1859 1327 videtur
1888 1278 1954 1327 ut

312 1386 689 1456 peccatorum
720 1391 1007 1440 meorum,
1043 1386 1170 1442 quae
1199 1383 1380 1423 arena
1411 1365 1675 1437 graviora
1705 1362 1861 1425 sunt,
1896 1359 1953 1411 et

315 1487 521 1527 eorum
554 1484 684 1539 quas
714 1470 840 1519 tum
869 1463 1062 1518 sciens
1103 1466 1227 1513 tum
1275 1457 1553 1527 ignorans
1596 1444 1949 1521 perpetravi,

314 1559 547 1614 veniam
573 1555 898 1609 obtineam.

388 1649 503 1703 Hac
535 1644 801 1699 oratione
832 1638 1053 1705 audita,
1077 1634 1231 1707 regis
1264 1632 1421 1688 filius
1453 1629 1651 1685 statim
1672 1624 1951 1696 exsurgit,

318 1741 494 1806 atque
515 1732 715 1788 animo
738 1716 1740 1793 incalescit,animumqueNachoris
1762 1713 1837 1769 ad
1859 1713 1954 1766 de-
1982 1743 2030 1808 Β

317 1823 615 1896 speration
624 1836 716 1874 em
728 1814 1200 1889 propendentem
1222 1824 1569 1880 recuperare
1584 1811 1759 1876 atque
1773 1802 1951 1873 erige-

313 1891 377 1967 re
394 1907 802 1981 incipit.Nulla
818 1905 999 1972 enim,
1027 1920 1059 1956 ο
1087 1894 1731 1967 Nachor,inquit,nulla
1752 1891 1823 1945 de
1846 1891 1957 1944 hac

315 2017 379 2055 re
412 1997 700 2053 dubitatio
734 1994 1000 2049 animum
1049 1996 1215 2044 tuum
1259 1987 1483 2041 subeat.
1520 1983 1813 2053 Scriptum
1868 1981 1989 2035 est.

318 2087 477 2143 enim
501 2088 681 2157 (Joan.
704 2084 801 2149 vn)
823 2096 995 2152 posse
1015 2081 1200 2133 Deum
1230 2076 1408 2129 etiam
1445 2089 1515 2128 ex
1541 2071 1633 2125 his
1663 2067 1958 2139 lapidibus

321 2176 574 2230 excitare
595 2172 748 2227 filios
766 2165 1205 2231 AbrahaeQuod
1228 2163 1560 2234 quidem,ut
1580 2158 1775 2213 aiebat
1794 2161 1961 2226 pater

320 2259 759 2330 Barlaam,quid
782 2257 944 2313 aliud
961 2260 1253 2325 est,quam
1275 2250 1432 2323 quod
1455 2249 1726 2304 homines
1755 2245 1958 2316 deplo-

324 2356 466 2407 ratae
480 2347 872 2421 improbitatis
885 2352 1059 2415 atque
1073 2343 1233 2398 omni
1248 2338 1576 2410 iniquitatis
1587 2351 1802 2407 genere
1815 2349 1955 2389 con-

324 2439 595 2496 taminati
617 2436 865 2492 salutem
890 2432 1171 2502 consequi
1202 2429 1452 2502 possint,
1480 2425 1816 2493 Christique
1849 2421 1957 2475 ﬁlii

328 2526 609 2595 effici,qui
632 2540 736 2595 pro
759 2539 865 2577 sua
884 2536 1117 2576 summa
1138 2523 1196 2572 et
1224 2513 1560 2571 incredibili
1592 2510 1959 2566 humanitate

325 2615 600 2671 omnibus
622 2628 748 2668 sese
763 2611 835 2666 ad
848 2610 1152 2664 meliorem
1167 2607 1393 2678 frugem
1406 2601 1830 2674 recipientibus
1843 2615 1955 2653 cce-

322 2705 501 2758 lestes
514 2706 713 2773 portas
726 2698 1075 2771 patefecit?N
1083 2712 1231 2766 eque
1245 2694 1406 2748 enim
1420 2692 1695 2762 cuiquam
1710 2687 1954 2743 omnino

324 2792 531 2847 salutis
554 2790 777 2844 aditum
800 2786 1325 2858 praeclusit,verum
1357 2798 1455 2836 eos
1487 2795 1634 2851 quos
1665 2777 1956 2833 scelerum

322 2880 567 2951 paenitet
585 2875 955 2932 misericordi
978 2874 1175 2929 animo
1190 2869 1537 2941 susctpit;ob
1561 2882 1809 2936 eamque
1826 2881 1952 2919 cau-

325 2984 449 3022 sam
472 2967 544 3021 iis
567 2966 667 3037 qui
690 2966 835 3018 bora
853 2962 1065 3034 prima,
1091 2966 1149 3015 et
1170 2960 1362 3024 tertia,
1391 2963 1449 3013 et
1469 2960 1648 3020 sexta,
1685 2961 1744 3009 et
1775 2969 1952 3020 nona,

327 3063 384 3113 et
412 3055 727 3112 undecima
756 3055 830 3109 ad
858 3054 1088 3108 vineam
1118 3053 1694 3118 accesserunt,aaqua
1731 3060 1956 3099 merces

324 3141 1190 3214 attribuitur,quemadmodum
1204 3136 1567 3211 Evangelicis
1581 3134 1811 3205 scriptis
1824 3149 1956 3204 pro-

324 3234 511 3288 ditum
543 3238 633 3288 est
653 3232 870 3303 (Matth.
894 3231 1011 3301 xx).
1046 3232 1127 3283 Ac
1156 3227 1405 3299 proinde
1443 3224 1673 3279 etiamsi
1705 3222 1777 3277 ad
1804 3222 1964 3275 hunc

322 3338 511 3392 usque
535 3320 693 3374 diem
715 3320 775 3373 in
806 3317 1064 3389 peccatis
1096 3316 1504 3382 consenueris,
1537 3318 1736 3368 tamen
1768 3310 1816 3366 si
1847 3310 1963 3365 fer-

320 3410 480 3464 venti
521 3408 723 3463 animo
767 3407 1035 3473 accedas,
1068 3406 1274 3461 eadem
1308 3420 1437 3475 quae
1468 3402 1510 3457 ii
1533 3402 1632 3472 qui
1661 3400 1732 3455 ab
1763 3399 1961 3454 adole-

323 3497 548 3553 scentia
577 3500 878 3550 certamen
910 3494 1219 3549 subierunt
1264 3490 1511 3563 praemia
1557 3487 1959 3558 consequeris.

396 3589 529 3641 Haec
563 3590 620 3640 et
648 3584 836 3640 multa
886 3584 1001 3639 alia
1029 3599 1164 3638 cum
1196 3580 1598 3638 divinissimus
1622 3578 1858 3649 juvenis
1888 3576 1962 3630 ad

323 3676 651 3732 Nachorem
677 3674 739 3729 in
771 3672 943 3728 malis
969 3672 1358 3727 inveteratum
1397 3668 1467 3722 de
1499 3666 1845 3739 paenitentia
1874 3665 1961 3718 lo-

320 3767 489 3818 cutus
509 3762 741 3828 fuisset,
787 3760 1019 3832 ipsique
1062 3759 1295 3814 veniam
1330 3754 1764 3827 spopondisset,
1793 3751 1960 3807 Chri-

319 3856 598 3921 stumque
618 3850 854 3905 facilem
868 3866 936 3905 ac
950 3848 1272 3919 propitium
1292 3846 1401 3917 ipsi
1414 3844 1539 3898 fore
1565 3840 1960 3915 promisisset,

318 3939 588 4011 illudque
611 3957 717 4011 pro
740 3943 899 3994 certo
923 3937 1437 3996 affirmasset,cum
1458 3950 1563 4004 pro
1578 3947 1683 3986 sua
1698 3929 1960 3984 bonitate

322 4044 561 4100 semper
587 4027 915 4099 peccatoris
948 4024 1355 4097 pcenitentiam
1372 4021 1671 4091 suscipere
1688 4022 1961 4090 paratum

320 4133 471 4186 esse,
487 4134 701 4189 aegram
716 4117 901 4187 ipsius
914 4115 1485 4182 animam,tanquam
1508 4107 1960 4164 medicamentis

322 4206 677 4276 quibusdam
699 4206 1031 4275 emolliens,
1064 4205 1259 4275 ipsum
1291 4218 1532 4275 prorsus
1555 4202 1616 4256 in
1646 4199 1959 4256 sanitatem

319 4295 591 4349 asseruit.
627 4295 835 4350 Statim
866 4294 1024 4349 enim
1072 4292 1147 4348 ad
1190 4309 1325 4348 eum
1375 4291 1603 4347 Nachor
1640 4289 1827 4345 dixit:
1877 4289 1961 4342 Tu

320 4381 581 4451 quidem,
606 4399 638 4437 o
660 4382 859 4436 animo
881 4382 1058 4437 etiam
1082 4398 1257 4453 quam
1277 4397 1519 4452 corpore
1552 4377 1827 4439 nobilior,
1858 4373 1959 4445 qui

1836 251 2200 312 ADDENDA.

316 320 441 340 μιν.

310 427 435 481 rex,
459 411 616 463 recte
638 403 903 475 inquam.
942 400 1087 455 Nam
1125 395 1251 467 ipse
1282 406 1518 465 quoque
1555 401 1758 444 verum
1788 388 1848 439 et
1876 380 1947 438 ab

2065 376 2193 437 λῶς.
2233 370 2369 431 om
2394 372 2494 449 γὰρ
2527 371 2681 447 κάγὼ
2703 366 2796 426 τὸν
2854 366 3113 439 ἀληθινὸν
3142 364 3243 423 καὶ.
3285 364 3494 441 ἀψευδῆ
3546 320 3698 441 Θεδν,

2065 462 2126 481 λι
2192 464 2216 481 ν·
2307 462 2319 476 ι
2438 460 2447 477 ν
2646 460 2656 481 ρ
2714 480 2719 481 ,
2776 480 2783 481 ,
2846 457 2932 481 ης
2994 458 3087 481 ,λη
3150 454 3460 481 διηκημ,

3565 243 3707 323 me
3744 294 3749 323 λ

2057 462 2126 520 δι’
2157 464 2217 517 οὗ
2264 462 2330 517 τὰ
2380 460 2551 516 πάντα
2602 460 2812 535 γέγονε,
2845 457 2935 513 καὶ
2990 458 3088 525 τήν
3147 454 3461 530 μέλλουσαν
3519 457 3693 533 κρίσιν

2055 552 2365 624 ἐπίσταμαι,
2398 551 2502 605 ἀπὸ
2548 548 2774 604 πολλῶν
2824 551 3108 624 Γραφικῶν
3168 546 3428 623 ῥημάτων
3488 549 3696 620 ταύτην

2055 642 2326 712 ἀκηκοώς·
2368 638 2494 695 ἀλλ’
2522 641 2557 708 ἡ
2589 637 2804 713 πονηρᾶ
2852 639 3102 708 συνήθεια
3146 636 3238 691 καὶ
3268 638 3303 705 ἡ
3336 641 3431 691 τοῦ
3458 636 3695 692 παλαιοῦ

2057 732 2208 790 258
2232 729 2456 803 ἐπήρεια
2483 731 2798 800 πτερνιστοῦ
2852 725 2980 788 τοὺς
3040 725 3359 804 ὀφθαλμοὺς
3416 725 3696 795 ἐτύφλωσε

2053 828 2153 889 τῆς
2179 817 2402 895 καρδίας
2452 839 2583 890 μου,
2609 817 2699 871 καὶ
2731 814 2921 878 σκότος
2955 814 3088 889 βαθὺ
3140 814 3431 888 περιὲχυσὲ
3467 837 3571 888 μου
3618 820 3699 887 τῷ

2056 909 2325 983 λογισμῷ·
2372 906 2502 961 Νυνὶ
2543 904 2599 961 δὲ
2628 905 2714 959 ἐπὶ
2742 909 2823 977 τῷ
2853 902 3058 978 ῥήματί
3089 924 3206 973 σου,
3236 905 3298 958 τὸ
3345 902 3611 977 κάλυμμα
3634 905 3697 958 τὸ

2059 994 2296 1072 ζοφῶδες
2353 993 2659 1070 ἀπορρίψας
2692 1039 2709 1066 ,
2760 997 2840 1065 τῷ
2900 990 3038 1070 φωτί
3096 989 3553 1068 προσδραμοῦμαι
3603 996 3699 1047 τοῦ

2056 1087 2351 1161 προσώπου
2409 1083 2661 1159 Κυρίου.
2724 1083 2882 1144 Ἴσως
2940 1080 3152 1152 ἐλεήσει
3217 1102 3327 1155 με,
3382 1082 3473 1135 καὶ
3535 1080 3697 1155 θύραν

2056 1173 2253 1243 ἀνοίξει
2290 1171 2574 1246 μετανοίας
2601 1175 2681 1242 τῷ
2711 1174 2937 1244 πονηρῷ
2988 1168 3171 1241 δούλῳ
3202 1168 3291 1223 καὶ
3323 1170 3625 1245 ἀποστάτῃ,
3653 1168 3698 1224 εί

2055 1264 2144 1318 καὶ
2183 1260 2441 1316 ἀδύνατον
2472 1258 2622 1315 δοκεῖ
2668 1281 2761 1333 μοι
2817 1256 3000 1336 ἄφεσιν
3033 1259 3272 1332 γενέσθαι
3330 1264 3434 1313 τῶν
3468 1260 3702 1332 ψάμμου

2061 1352 2366 1427 βαρυτέρων
2400 1372 2503 1422 μου
2555 1346 2929 1421 πταισμάτων,
2961 1348 3034 1401 ὧν
3068 1346 3119 1402 ἐν
3141 1347 3331 1422 γνώσει
3361 1347 3451 1401 γαὶ
3510 1348 3705 1423 ἀγνοίᾳ

2056 1440 2302 1515 ἥμαρτον
2330 1439 2584 1508 νηπιόθεν
2612 1436 2701 1491 καὶ
2754 1437 2919 1511 μέχρι
2950 1434 3151 1507 ταύτης
3188 1457 3292 1509 μου
3344 1438 3442 1506 τῆς
3481 1433 3702 1507 ἡλικίας

2009 1596 2019 1603 _
2056 1530 2146 1583 καὶ
2177 1527 2394 1589 πολιᾶς.

2127 1620 2305 1674 Ταῦτα
2363 1616 2437 1677 ὡς
2494 1612 2723 1684 ἤκουσεν
2781 1615 2810 1668 6
2865 1616 2963 1667 τοῦ
3025 1611 3291 1687 βασιλέως
3348 1613 3483 1684 υἱὸς,
3539 1612 3693 1677 εὐθὺς

2058 1703 2384 1759 διανίσταται
2414 1702 2502 1757 καὶ
2560 1701 2885 1776 θερμότερος
2941 1702 3041 1770 τὴν
3099 1702 3284 1776 ψυχὴν
3335 1700 3560 1777 γίνεται.
3593 1701 3697 1758 Καὶ

2060 1794 2151 1848 τὸν
2215 1791 2479 1868 λογισμὸν
2537 1795 2633 1845 τοῦ
2690 1788 2900 1865 Ναχὼρ
2952 1788 3090 1863 πρὸς
3144 1789 3455 1864 ἀπόγνωσιν
3513 1788 3708 1865 συγκύ-

2062 1902 2266 1937 πτοντα
2320 1873 2715 1951 ἀναλαμϐάνειν
2778 1876 3027 1953 ἄρχεται,
3060 1876 3150 1931 καὶ
3200 1877 3545 1954 στερρότερον
3580 1878 3705 1952 περὶ

2061 1973 2161 2041 τήν
2219 1972 2454 2046 Χριστοῦ
2510 1967 2686 2022 πίστιν
2748 1964 3062 2030 διατιθέναι.
3116 1964 3346 2037 Μηδεὶς,
3392 1968 3437 2020 ὦ
3472 1967 3706 2042 Ναχὼρ,

2064 2058 2263 2133 λέγων,
2300 2054 2493 2129 μηδεὶς
2536 2053 2671 2110 ἔστω
2722 2076 2805 2109 σοι
2847 2053 2971 2129 περὶ
3020 2053 3215 2109 τούτου
3265 2053 3579 2129 δισταγμός.
3611 2053 3710 2109 Γέ-

2061 2167 2293 2223 γραπται
2314 2145 2415 2221 γὰρ
2457 2147 2568 2218 (83)
2627 2141 2849 2197 δυνατὸν
2911 2144 3039 2197 εἶναι
3086 2147 3167 2215 τῷ
3227 2148 3343 2215 Θεῷ
3367 2143 3457 2198 καὶ
3512 2142 3703 2197 ἐκτῶν

2066 2234 2233 2299 λίθων
2282 2234 2488 2291 τούτων
2535 2232 2741 2309 ἐγεῖραι
2789 2233 2947 2286 τέκνα
3000 2235 3078 2303 τῷ
3137 2228 3405 2307 Ἀϐραάμ·
3466 2232 3595 2307 ὅπερ
3650 2231 3707 2287 τί

2065 2323 2205 2379 ἄλλο
2234 2325 2270 2393 ἢ
2302 2323 2459 2378 τοῦτό
2490 2322 2652 2391 ἐστιν,
2686 2321 2759 2381 ὡς
2789 2321 2816 2374 6
2848 2320 3025 2392 πατὴρ
3066 2313 3165 2396 ἔφη
3220 2318 3510 2394 Βαρλαάμ,
3558 2320 3622 2376 τὸ
3653 2319 3705 2391 ἐξ

2064 2413 2398 2469 ἀνελπίστων
2475 2410 2565 2465 καὶ
2644 2411 2841 2471 πάσαις
2912 2409 3381 2485 κατακρανθὲντων
3453 2409 3704 2483 ἁνομίαις

2066 2500 2315 2557 δύνασθαι
2366 2503 2628 2568 σωθῆναι,
2671 2498 2763 2553 καὶ
2812 2496 3045 2560 δούλους
3075 2497 3317 2573 γενέσθαι
3358 2500 3617 2573 Χριστοῦ,
3649 2499 3709 2560 ὃς

2066 2590 2135 2647 δι’
2184 2592 2347 2666 ἄκραν
2406 2586 2816 2666 φιλανθρωπίας
2872 2580 3182 2662 ὑπερϐολὴν
3240 2592 3369 2641 πᾶσι
3422 2592 3541 2649 τοῖς
3586 2586 3709 2642 ἐπι-

2064 2682 2347 2757 στρέφουσι
2384 2678 2480 2739 τὰς
2526 2675 2808 2752 οὐρανίους
2855 2671 3093 2746 διήνοιξε
3139 2673 3337 2744 πύλας,
3389 2674 3565 2731 οὐδενὶ
3594 2681 3705 2731 τῶν

2062 2773 2277 2826 πάντῶν
2334 2770 2436 2839 τὴν
2492 2770 2591 2838 τῆς
2650 2766 2918 2839 σωτηρίας
2970 2763 3299 2828 ἀποκλείσας
3355 2763 3502 2836 ὁδὸν,
3562 2766 3711 2821 ἀλλὰ

2066 2860 2359 2933 συμπαθῶς
2388 2855 2515 2918 τοὺς
2572 2857 2962 2929 μετανοοῦντας
3008 2850 3308 2929 δεχόμενος
3342 2874 3357 2925 ;
3400 2854 3498 2910 Διά
3539 2859 3708 2911 ταῦτα

2063 2951 2167 3024 γὰρ
2198 2949 2285 3003 καὶ
2317 2951 2432 3008 τοῖς
2489 2942 2613 3019 περί
2670 2943 2892 3018 πρώτην
2950 2943 3040 2997 καὶ
3091 2943 3307 3017 τρίτην,
3338 2938 3498 3015 ἕκτην
3528 2966 3585 3000 τε
3614 2944 3702 3001 καὶ

2071 3027 2317 3107 ἐννάτην,
2360 3036 2450 3090 καὶ
2509 3031 2795 3103 ἑνδεκάτην
2847 3029 2990 3105 ὥραν
3017 3032 3485 3106 προσελθοῦσιτῷ
3532 3032 3712 3105 ἀμπε-

2073 3126 2208 3181 λῶνι
2238 3126 2351 3180 κατ’
2407 3121 2519 3178 ἴσον
2568 3121 2880 3195 ἀφορίζεται
2909 3121 2936 3174 6
2972 3120 3181 3193 μισθὸς,
3213 3121 3287 3183 ὡς
3315 3123 3377 3176 τὸ
3410 3121 3559 3196 ἅγιόν
3591 3144 3712 3199 φη-

2066 3236 2146 3269 σιν
2207 3210 2540 3288 Εὖαγγὲλιον
2601 3211 2733 3282 (84)’
2786 3207 2943 3277 ὥστε,
2991 3206 3088 3262 κᾶν
3141 3208 3307 3283 μέχρι
3354 3212 3449 3262 τοῦ
3500 3212 3588 3263 νῦν
3651 3209 3703 3263 ἐν

2064 3302 2351 3377 ἁμαρτίαις
2407 3302 2559 3359 259
2618 3299 3010 3374 κατεγήρασας,
3062 3296 3149 3351 ἐὰν
3199 3299 3414 3371 θερμῶς
3470 3296 3706 3372 προσελ-

2066 3394 2161 3466 θῃς
2193 3435 2209 3463 ,
2264 3395 2373 3446 τῶν
2425 3389 2599 3443 αὐτῶν
2679 3392 2800 3448 τοῖς
2858 3386 2917 3441 ἐκ
2964 3386 3218 3456 νεότητος
3276 3385 3708 3461 ἀγωνισάμενοις

2065 3480 2339 3552 ἆξιωθήσῃ
2365 3482 2561 3553 γερῶν.

2136 3568 2327 3625 Πολλά
2384 3566 2441 3623 Si
2496 3565 2584 3622 καὶ
2642 3563 2797 3642 ἕτερα
2852 3564 2975 3639 περὶ
3038 3564 3321 3639 μετανοίας
3373 3563 3620 3636 λαλήσας
3680 3567 3711 3620 6

2065 3660 2338 3720 θειότατας
2369 3657 2579 3718 νεανίας
2623 3659 2701 3727 τῷ
2747 3653 3112 3717 παλαιωθέν-τι
3145 3652 3196 3709 ἐν
3226 3658 3413 3716 κακοῖς
3470 3655 3714 3730 Ναχὼρ,

2064 3748 2153 3804 καὶ
2205 3745 2374 3801 ’ίΛεων
2428 3745 2667 3819 γενέσθαι
2724 3743 2814 3797 τὸν
2885 3741 3111 3817 Χρισνὸν
3170 3742 3552 3817 ὑποσχόμενος
3616 3743 3710 3797 καί

2066 3833 2471 3912 ἐγγυησάμενος
2526 3833 2626 3902 τήν
2684 3829 2867 3909 ἄφεσιν
2903 3873 2917 3900 ,
2979 3829 3063 3885 καὶ
3122 3828 3489 3909 πληροφήσας
3541 3831 3701 3886 αὐτὸν

2065 3926 2140 3987 ὡς
2169 3921 2388 3997 ἕτοιμός
2422 3921 2560 3976 ἐστιν
2595 3921 2623 3975 6
2654 3918 2850 3995 ἀγαθὸς
2878 3918 2959 3974 ἀεὶ
2989 3922 3089 3973 τοῦ
3122 3915 3374 3993 δέχεσθαι
3402 3919 3501 3988 τὴν
3534 3920 3707 3993 μετὰ·

2063 4012 2235 4083 νοίαν,
2265 4014 2365 4081 τὴν
2393 4013 2745 4081 νενοσηκυῖαν
2777 4009 2960 4083 ψυχὴν
3001 4008 3172 4062 αὐτοῦ
3225 4007 3311 4062 οἶά
3338 4029 3446 4062 τισι
3479 4010 3709 4083 φαρμά-

2062 4124 2179 4165 κοις
2222 4100 2625 4174 καταμαλάξας,
2683 4096 2919 4173 καθαρὰν
2975 4095 3265 4172 ἐχαρίσατο
3319 4098 3421 4165 τὴν
3478 4097 3701 4173 ὑγίειαν.

2064 4194 2205 4269 Ἔφη
2258 4191 2359 4265 γὰρ
2414 4187 2568 4252 εὐθὺς
2607 4185 2870 4261 ὁΝαχὼρ
2917 4185 3054 4260 πρὸς
3112 4182 3295 4239 αὐτόν’
3358 4184 3433 4239 Σὺ
3490 4186 3603 4258 μὲν,
3664 4186 3712 4238 ὦ

2064 4276 2401 4356 εύγενὲστατε
2446 4278 2545 4345 τὴν
2603 4276 2787 4349 ψυχὴν
2852 4271 3065 4347 μᾶλλον
3097 4273 3225 4342 ῆτὸ
3283 4276 3464 4347 σῶμα,
3520 4272 3709 4339 καλῶς

2070 4363 2546 4449 μεμυημένος.τᾶ
2603 4362 2882 4437 θαυμαστὰ
2940 4363 3214 4436 μυστήρια
3267 4367 3454 4432 ταῦτα,
3516 4363 3704 4434 μὲνοις

319 4448 772 4525 admirabilibus
792 4472 883 4525 bis
896 4448 1194 4542 mysteriis
1214 4448 1496 4541 praeclare
1511 4466 1772 4519 imbutus
1794 4461 1956 4527 es,ad

2065 4457 2113 4511 ἐν
2145 4460 2213 4530 τῇ
2243 4454 2387 4529 καλῇ
2416 4448 2691 4542 ὁίμοΛογίᾳ
2737 4450 2901 4527 μεχρι
2959 4450 3175 4522 τέλους,
3206 4451 3295 4506 καὶ
3357 4448 3550 4524 μηδεὶς
3577 4452 3707 4506 ταύ-

321 4562 646 4613 extremum
690 4574 876 4629 usque
926 4558 987 4612 in
1034 4558 1319 4629 prmclara
1362 4553 1734 4611 confessione
1781 4550 1959 4605 velim

321 4661 584 4714 maneas,
610 4662 721 4701 nec
745 4662 874 4701 eam
904 4651 1005 4701 aut
1029 4646 1221 4700 ullum
1246 4649 1502 4715 tempus,
1527 4646 1629 4695 aut
1648 4640 1808 4694 ullus
1830 4655 1960 4693 mo-

321 4732 432 4789 dus
455 4752 484 4789 e
507 4740 607 4790 tuo
631 4738 868 4806 pectore
897 4734 1125 4789 evellat.
1152 4735 1268 4804 Ego
1291 4737 1487 4787 autem
1518 4729 1629 4783 hac
1655 4728 1785 4798 ipsa
1815 4726 1963 4781 hora

319 4823 684 4893 proficiscar,
708 4829 775 4877 ut
822 4823 1073 4878 salutem
1123 4837 1316 4875 meam
1365 4833 1646 4888 quaeram,
1693 4815 1959 4886 mihique

318 4912 525 4979 Deum,
556 4928 733 4983 quem
768 4910 841 4965 ad
871 4910 1019 4965 iram
1051 4908 1377 4980 provocavi,
1418 4923 1524 4978 per
1548 4905 1959 4977 paenitentiam

314 5000 643 5071 propitium
675 5016 742 5054 ac
771 4999 1007 5054 facilem
1043 4998 1307 5053 reddam.
1340 4998 1465 5052 Non
1497 4997 1656 5051 enim
1688 4995 1956 5066 posthac,

312 5087 428 5141 nisi
464 5088 572 5141 tibi
605 5087 779 5142 aliter
810 5088 1096 5153 videatur,
1142 5086 1296 5159 regis
1327 5085 1537 5139 faciem
1572 5084 1955 5155 conspiciam.

314 5176 542 5246 Ingenti
577 5179 775 5229 autem
814 5176 999 5230 animi
1031 5176 1239 5230 laetitia
1281 5176 1524 5230 affectus
1572 5174 1727 5245 regis
1776 5172 1956 5239 ﬁlius,

2066 4568 2166 4615 την
2198 4543 2401 4619 χρόνος
2450 4541 2485 4611 ἢ
2532 4540 2736 4617 τρόπος
2765 4546 2864 4609 τῆς
2897 4546 2996 4609 σῆς
3052 4538 3271 4612 ὲκτὲμοι
3330 4537 3709 4617 καρδίαςοέγὼ

2069 4630 2127 4686 δὲ
2157 4630 2493 4704 πορεύσομαι
2524 4627 2575 4699 ἐξ
2602 4629 2773 4697 αὐτῆς
2826 4628 2927 4697 τὴν
2986 4626 3124 4700 ἐμὴν
3183 4631 3357 4699 ζητῶν
3413 4627 3708 4702 σωτηρίαν,

2066 4720 2157 4775 καὶ
2189 4717 2277 4774 διὰ
2310 4716 2596 4793 μετανοίας
2632 4717 2725 4771 τὸν
2756 4717 2887 4771 Θεὸν
2944 4714 3365 4790 ἑξιλεωσόμενος
3396 4716 3456 4772 ὃν
3486 4718 3713 4793 παρώρ-

2066 4831 2209 4885 γισα.
2244 4807 2358 4865 Οὐκ
2387 4801 2463 4861 ἔτι
2495 4806 2595 4881 γὰρ
2626 4807 2688 4861 τὸ
2726 4809 2821 4860 τοῦ
2856 4804 3123 4881 βασιλέως
3153 4804 3359 4881 ὂψομαι
3391 4805 3705 4882 πρόσωπον,

2069 4899 2114 4954 εἰ
2146 4898 2208 4953 ci)
2244 4897 2404 4971 μόνον
2438 4893 2743 4965 θελήσειας.
2785 4896 3102 4971 Περιχαρής
3152 4892 3208 4950 δὶ
3236 4896 3526 4971 γενόμενος
3560 4896 3588 4950 6
3616 4896 3711 4949 τοῦ

2072 4985 2340 5063 βασιλέως
2393 4984 2509 5047 υἱὸς
2561 4983 2649 5037 καὶ
2711 4981 2960 5055 ἀσμένως
3006 4984 3099 5037 τὸν
3149 4982 3315 5058 λόγον
3378 4982 3665 5057 δεξάμενος
3696 5024 3712 5052 ,

2066 5068 2377 5150 περιλαϐὼν
2430 5070 2586 5126 αὐτὸν
2647 5069 2967 5143 καταῳιλεῖ,
3021 5072 3134 5142 καὶ,
3170 5072 3394 5135 ἐκτενῶς
3426 5072 3561 5148 πρὸς
3612 5073 3705 5126 τὸν

2066 5166 2194 5222 Θεὸν
2228 5161 2533 5235 εὐξάμενος,
2565 5160 2831 5233 ἐκπέμπει
2864 5164 2961 5215 τοῦ
2994 5160 3283 5219 παλατίου.

308 5269 487 5334 atque
514 5263 673 5317 hunc
701 5279 1039 5319 sermonem
1068 5265 1323 5320 libenter
1355 5262 1886 5334 excipiens,ipsum
1904 5256 2319 5333 complectitur
2346 5258 2405 5308 et
2436 5251 2834 5325 exosculatur,
2868 5253 3229 5325 attentisque
3253 5252 3327 5309 ad
3358 5256 3544 5310 Deum
3565 5250 3708 5309 fusis

310 5352 609 5424 precibus,
645 5368 783 5407 eum
813 5368 843 5406 e
874 5354 1092 5423 palatio
1125 5352 1361 5409 emittit.
1452 5394 1453 5397 η

526 5495 928 5626 ἥῗᾶΜέιὴ.
963 5515 1042 5567 ιιι,
1069 5500 1122 5554 9.

728 5609 741 5628 ε
778 5588 874 5629 XX.
