3994 6150
327 299 474 357 1129

1501 302 1667 358 VITA
1707 303 2060 360 BARLAAM
2094 305 2192 358 ET
2222 303 2570 360 JOASAPH.

3601 306 3745 370 1130

393 422 668 495 Ἐξελθὼν
703 423 761 481 δὲ
790 425 818 481 ὁ
846 427 1061 502 Ναχὼρ
1119 426 1575 500 κατανενυγμένος
1621 426 1722 494 τὴν
1769 426 1968 500 ψυχὴντ

2161 430 2445 500 Egressus
2477 434 2675 484 autem
2705 428 2956 498 Nachor,
2989 429 3192 486 animo
3251 437 3645 504 compunctus
3676 435 3742 491 in

320 512 411 569 ἐπὶ
441 515 540 584 τήν
578 515 889 590 βαθυτάτην
952 513 1180 571 ἅλλεται
1238 514 1313 576 ὡς
1361 511 1564 589 ἔλαφος
1610 510 1841 589 ἔρημον,
1885 514 1976 569 καὶ

323 615 573 686 μοναχοῦ
605 633 776 681 τινος,
808 611 1114 683 ἱερωσύνης
1162 613 1544 687 περικειμένου
1593 611 1764 682 ἀξίαν,
1813 632 1976 666 κατα-

318 697 585 774 λαμϐάνει
617 703 914 771 σπήλαιον,
942 695 1067 765 ἔνθα
1125 700 1420 777 ἐκέκρυπτο
1481 698 1685 764 ἐκεῖνος
1741 698 1829 754 διά
1881 701 1972 754 τὸν

318 788 662 861 ἐπικείμενον
701 785 893 866 φόϐον.
928 789 1124 861 Τούτῳ
1159 787 1215 844 δὲ
1257 790 1562 865 θερμότατα
1620 789 1972 864 προσπίπτει,

319 877 515 933 πλύνει
554 877 686 940 τοὺς
741 876 913 941 πόδας
973 876 1220 954 δάκρυσι,
1277 881 1376 949 τήν
1436 900 1570 934 ποτε
1630 878 1976 953 μιμούμενος

320 966 530 1043 πόρνην
567 970 700 1041 (85),
729 967 818 1022 καὶ
837 968 900 1022 τὸ
925 973 1068 1032 θεῖον
1093 967 1376 1041 ἐξαιτεῖται
1402 968 1700 1043 βάπτισμα.
1735 970 1891 1026 260
1911 969 1972 1024 Ὀ

321 1055 503 1111 τοίνυν
538 1055 734 1131 ἱερεὺς,
769 1055 914 1118 θείας
948 1055 1020 1111 ὣν
1054 1058 1281 1132 χάριτος
1313 1055 1778 1131 πεπληρωμένος,
1828 1058 1970 1127 ἢσθη

321 1165 381 1200 τε
411 1143 556 1215 λίαν,
588 1144 700 1213 καὶ,
731 1152 1099 1220 παραχρῆμα,
1132 1145 1312 1219 ὥσπερ
1372 1143 1492 1208 ἔθος
1544 1149 1673 1218 (86),
1719 1147 1973 1219 κατηχή-

324 1253 418 1294 σας
450 1232 634 1301 αὐτὸν,
671 1229 743 1286 δι’
773 1235 994 1308 ἡμερῶν
1026 1233 1125 1286 οὐκ
1155 1232 1362 1308 ὀλίγων
1390 1235 1598 1288 τελειοῖ
1646 1238 1728 1306 τῷ
1775 1232 1974 1308 βαπτί-

321 1343 484 1395 σματι
523 1323 599 1384 εἶς
630 1317 810 1396 ὄνομα
837 1326 932 1378 τοῦ
975 1323 1185 1398 Ηατρὸς
1245 1324 1335 1378 καὶ
1392 1329 1489 1379 τοῦ
1547 1324 1675 1378 Υἱοῦ
1731 1323 1820 1378 καὶ
1877 1327 1974 1377 τοῦ

320 1412 477 1486 ἁγίου
539 1411 873 1484 Πνεύματος.
934 1413 1158 1484 Ἔμεινε
1217 1409 1274 1467 δὲ
1331 1413 1534 1488 Ναχὼρ
1623 1413 1741 1485 μετ’
1807 1411 1972 1466 αὐτοῦ

321 1503 599 1572 μετανοῶν
632 1499 715 1554 ἀεὶ
746 1499 830 1574 ἐφ’
859 1501 944 1562 οἷς
975 1499 1211 1574 ἥμαρτε,
1259 1501 1350 1555 καὶ
1410 1501 1655 1575 εὐλογῶν
1699 1501 1791 1555 τὸν
1843 1500 1973 1554 Θεὸν

314 1590 413 1646 τὸν
450 1590 526 1664 μὴ
561 1589 897 1664 βουλόμενον
932 1589 1229 1654 ἀπολέσθαι
1261 1590 1402 1663 τινὰ,
1435 1590 1580 1646 ἀλλά
1607 1592 1826 1646 πάντων
1865 1591 1967 1658 τὴν

317 1680 652 1756 ἐπιστροφὴν
692 1677 1054 1754 ἐκδεχόμενον
1114 1684 1223 1754 (87)
1278 1679 1367 1736 καὶ
1428 1685 1823 1755 μετανοοῦντας
1882 1699 1971 1755 φι-

319 1767 659 1843 λανθρώπως
693 1765 1014 1843 δεχόμενον.

2086 516 2505 571 densissimam
2523 515 2911 572 solitudinem
2925 519 3086 574 cervi
3101 519 3290 575 instar
3301 521 3538 592 prosilit
3562 528 3740 594 atque

2087 607 2148 661 in
2169 606 2445 661 monachi
2469 606 2912 677 cujusdam,qui
2932 609 3251 663 sacerdotii
3265 609 3550 682 dignitate
3565 629 3738 668 orna-

2084 700 2182 750 tus
2215 700 2357 759 erat,
2392 694 2739 765 speluncam
2773 711 2835 750 se
2867 696 3098 750 confert
3127 697 3187 751 in
3218 714 3336 768 qua
3362 698 3464 754 ille
3494 707 3738 772 prOpter

2084 785 2501 840 imminentem
2521 789 2746 839 metum
2764 785 3366 858 delitescebat.Atque
3389 791 3735 862 anteipsum

2083 874 2522 930 ferventissimo
2536 880 2772 945 pectore
2788 874 2955 929 humi
2971 892 3100 930 sese
3114 877 3733 951 provolvit,ipsiusque

2084 964 2484 1035 pedes,instar
2499 963 2776 1018 videlicet
2793 964 3010 1018 veteris
3024 965 3188 1020 illius
3202 968 3532 1024 meretricis
3555 971 3733 1039 (Lucae

2084 1053 2200 1123 vn),
2233 1052 2514 1123 lacrymis
2557 1051 2880 1122 perfundit,
2941 1069 3009 1107 ac
3058 1053 3322 1108 divinum
3370 1055 3733 1127 baptismum

2086 1141 2369 1212 exposcit.
2423 1140 2708 1195 Sacerdos
2757 1141 2980 1211 itaque,
3046 1147 3252 1213 utpote
3303 1143 3501 1200 divina
3546 1149 3734 1218 gratia

2084 1231 2319 1302 plenus,
2354 1229 2656 1301 ingentem
2681 1229 2880 1284 animo
2899 1229 3262 1302 voluptatem
3280 1234 3457 1304 cepit,
3478 1252 3732 1308 eumque

2083 1318 2420 1384 confestim,
2452 1323 2519 1373 ut
2547 1335 2677 1374 mos
2710 1318 2957 1385 ferebat,
2992 1336 3098 1391 per
3129 1320 3258 1376 dies
3302 1323 3462 1378 haud
3510 1341 3731 1396 paucos

2081 1407 2430 1463 Christianae
2490 1407 2606 1462 ﬁde
2673 1407 3027 1463 rudimentis
3094 1409 3455 1480 institutum,
3535 1414 3729 1470 divino

2082 1497 2437 1568 baptismate
2467 1497 2702 1567 perficit
2731 1497 2793 1552 in
2815 1497 3058 1553 nomine
3089 1499 3279 1554 Patris
3303 1505 3361 1556 et
3374 1501 3504 1557 Filii
3529 1509 3588 1558 et
3608 1504 3730 1576 Spi-

2079 1587 2228 1641 ritus
2261 1585 2448 1640 sancti
2497 1587 2691 1658 (Marc.
2737 1586 2887 1658 ult.).
2931 1587 3144 1642 Mansit
3191 1593 3388 1645 autem
3441 1608 3575 1647 cum
3623 1594 3726 1650 illo

2080 1676 2331 1742 Nachor,
2363 1680 2652 1746 perpetua
2673 1675 2745 1729 ob
2775 1692 2845 1731 ea
2892 1682 3135 1747 peccata
3181 1695 3311 1748 qua:
3359 1687 3730 1753 perpetrarat

1995 1749 2043 1814 B
2075 1762 2445 1837 paenitudine
2459 1763 2823 1832 ductus,l)eu
2833 1781 3008 1836 mque
3022 1765 3138 1820 ben
3148 1749 3518 1840 edicens,qui
3544 1774 3730 1828 nemi-

318 1877 460 1915 nem
492 1860 685 1931 perire
716 1860 857 1928 vult,
885 1876 1088 1915 verum
1120 1860 1389 1916 omnium
1419 1861 1894 1933 resipiscentiam
1939 1858 2261 1927 exspectat,
2293 1857 2470 1924 atque
2503 1869 2602 1909 eos
2634 1854 2736 1924 qui
2783 1855 3197 1925 pmnitentiam
3241 1863 3421 1929 agunt
3467 1860 3726 1918 humane

320 1965 386 2004 ac
410 1949 664 2021 benigne
696 1949 913 2020 excipit
937 1949 1018 2020 (II
1043 1952 1190 2004 Petr.
1220 1966 1280 2004 ιιι
1307 1967 1320 2016 ;
1351 1950 1543 2005 Ezech.
1575 1951 1744 2021 xvm).

390 2038 595 2099 ’Ἑωθεν
629 2034 686 2092 δὲ
720 2037 904 2110 μαθὼν
935 2036 1004 2091 τά
1058 2037 1194 2090 κατά
1239 2035 1332 2091 τὸν
1382 2037 1592 2113 Ναχὼρ
1621 2038 1648 2090 ὁ
1684 2034 1964 2112 βασιλεὺς,

317 2125 406 2182 καὶ
439 2123 714 2201 ἀπογνοὺς
743 2128 811 2194 ἧς
865 2126 1008 2200 εἶχεν
1034 2123 1260 2190 ἐλπίδος
1302 2124 1384 2180 ἐπ’
1413 2126 1580 2198 αὐτῷ,
1613 2125 1743 2180 ὶδὼν
1787 2125 1844 2181 δὲ
1872 2126 1964 2182 καὶ

315 2216 444 2279 τοὺς
470 2217 669 2294 σοφοὺς
723 2216 892 2270 αὐτοῦ
950 2217 1041 2270 καὶ
1100 2218 1447 2293 παράφρονας
1505 2215 1744 2292 ῥήτορας
1793 2215 1966 2278 οὕτως

314 2305 416 2360 ἀνά
445 2304 1018 2381 κράτος-ἡττηθέντας,
1059 2301 1111 2358 ἐν
1172 2303 1462 2378 ἀμηχανίᾳ
1517 2305 1608 2373 ἧν.
1666 2305 1765 2359 Καὶ
1818 2304 1963 2359 ἐκεί-

317 2416 446 2458 νους
479 2395 573 2467 μὶν
607 2389 794 2468 ὕϐρεσι
826 2390 1026 2454 δειναῖς
1079 2394 1170 2447 καὶ
1230 2392 1476 2466 ἀτιμίαις
1531 2392 1735 2470 βαλὼν,
1783 2392 1874 2456 οὕς
1908 2390 1966 2448 δὲ

316 2483 407 2538 καὶ
470 2482 786 2560 βουνεόροις
846 2479 1096 2560 σφοδρῶς
1158 2483 1505 2557 μαστιγώσας
1591 2481 1681 2537 καὶ
1749 2478 1962 2556 ἀσϐόλῃ

312 2572 408 2635 τάς
439 2569 590 2646 ὄψεις
625 2570 969 2648 περιχρίσας,
1027 2565 1245 2644 ἐξέϐαλε
1296 2575 1392 2626 τοῦ
1439 2569 1585 2626 ἰδίου
1641 2571 1961 2646 προσώπου·

322 2662 482 2723 αὐτὸς
513 2657 572 2715 δέ
601 2661 1026 2734 καταγινώσκειν
1061 2661 1260 2732 ἤρξατο
1292 2666 1393 2729 τῆς
1433 2664 1540 2714 τῶν
1591 2658 1964 2734 ψευδωνύμων

322 2755 458 2815 θεῶν
490 2749 782 2822 ἀσθενείας,
815 2748 865 2804 εἲ
891 2750 982 2804 καὶ
1018 2751 1094 2822 μὴ
1126 2748 1350 2812 τελείως
1403 2752 1483 2820 τῶ
1531 2749 1670 2826 φωτὶ
1729 2749 1964 2823 Χριστοῦ

323 2832 663 2913 προσϐλέψαι
692 2839 826 2900 τέως
855 2837 1115 2908 ἠθέλησε.
1150 2839 1219 2892 Τὸ
1274 2839 1376 2913 γὰρ
1431 2842 1529 2903 τῆς
1579 2839 1964 2914 περικειμένης

321 2927 475 2998 αὐτῷ
507 2925 714 3002 ἀχλύος
744 2927 896 3001 παχὺ
943 2928 1102 3000 νέφος
1161 2932 1412 3003 κατεῖχεν
1467 2925 1546 2982 ἔτι
1600 2929 1694 2989 τάς
1752 2926 1967 3003 ὁράσεις

323 3015 490 3069 αὐτοῦ
518 3023 619 3084 τῆς
649 3015 896 3092 καρδίας.
931 3013 1093 3070 Ἀλλ’
1124 3014 1214 3070 οὖν
1244 3015 1342 3070 οὐκ
1371 3015 1448 3071 ἔτι
1478 3016 1605 3078 τοὺς
1663 3017 1968 3092 νεωκόρους

2147 2035 2268 2088 Rex
2294 2037 2669 2101 autem,cum
2692 2033 2763 2088 de
2786 2034 3069 2089 Nachoris
3100 2035 3278 2092 rebus
3299 2053 3474 2094 mane
3505 2041 3724 2097 certior

2074 2122 2264 2178 factus
2294 2121 2523 2189 fuisset,
2566 2137 2633 2176 ac
2659 2138 2762 2192 spe
2803 2139 2910 2178 sua
2949 2123 3288 2194 excidisset,
3339 2132 3399 2182 et
3438 2135 3726 2199 prmterea

2077 2213 2376 2282 sapientes
2409 2227 2548 2266 suos
2579 2226 2648 2265 ac
2683 2209 2930 2266 stolidos
2957 2218 3221 2268 oratores
3269 2217 3437 2272 nnllo
3485 2221 3720 2291 negotio

2077 2306 2385 2372 superatos
2396 2299 2578 2354 fuisse
2592 2300 3086 2371 conspexisset,in
3104 2319 3319 2375 magna
3329 2306 3513 2361 animi
3526 2309 3725 2366 anxie-

2076 2395 2195 2446 tate
2217 2388 2590 2455 versabatur;
2618 2405 2857 2459 eosque,
2877 2406 3009 2445 cum
3023 2407 3225 2462 graves
3238 2395 3402 2465 prius
3415 2402 3724 2453 contume-

2079 2480 2191 2534 lias
2207 2494 2274 2532 ac
2297 2476 2589 2532 dedecora
2609 2477 2754 2548 ipsis
2779 2479 3098 2546 intulisset,
3121 2497 3188 2537 ac
3206 2484 3528 2540 nonnullos
3547 2487 3726 2543 etiam

2075 2567 2311 2623 babulis
2334 2565 2530 2621 nervis
2547 2571 2808 2621 atrocem
2831 2567 2893 2621 in
2917 2568 3160 2624 modum
3185 2570 3523 2643 lacerasset,
3570 2576 3732 2647 ipso-

2076 2671 2329 2725 rumque
2345 2654 2551 2709 oculos
2567 2654 2816 2726 fuligine
2839 2655 3188 2722 illevisset,a
3201 2676 3262 2713 se
3279 2660 3726 2735 ablegavit.lpse

2076 2750 2275 2801 autem
2292 2742 2580 2798 falsorum
2598 2743 2846 2798 deorum
2863 2743 3334 2803 imbecillitatem
3350 2749 3634 2807 damnare
3649 2753 3733 2808 in-

2078 2833 2252 2904 ccepit
2263 2831 2495 2887 etiamsi
2509 2831 2732 2903 alioqui
2744 2832 3012 2888 nondum
3027 2835 3100 2889 ad
3114 2835 3330 2892 Christi
3344 2838 3536 2895 lucem
3551 2841 3728 2913 plene

2078 2939 2144 2978 ac
2162 2921 2421 2993 perfecte
2444 2920 2649 2976 oculos
2671 2921 2968 2992 conjicere
3001 2923 3065 2978 in
3097 2925 3364 2982 animum
3395 2928 3724 2988 induceret.

2077 3010 2310 3065 Etenim
2342 3009 2528 3064 densa
2559 3009 2828 3081 caliginis
2858 3010 3048 3066 nubes
3079 3013 3194 3084 ipsi
3223 3015 3488 3087 undique
3537 3021 3728 3078 affusa

317 3105 497 3178 ἐτίμα,
530 3102 654 3161 οὕτε
714 3109 823 3178 μήν
881 3107 1071 3183 έορτάς
1126 3106 1226 3181 ἦγε
1281 3107 1372 3161 καὶ
1431 3105 1662 3169 σπονδὰς
1721 3106 1962 3162 έπέτέλει

2084 3099 2274 3155 cordis
2303 3098 2490 3169 ipsius
2518 3098 2721 3153 oculos
2753 3098 2946 3154 adhuc
2974 3101 3232 3159 tenebat.
3283 3105 3572 3162 Caeterum
3603 3126 3726 3166 non

314 3201 435 3258 τοῖς
468 3192 741 3256 εἰδώλοις*
778 3192 924 3250 ἀλλά
981 3193 1348 3268 σαλευομένην
1402 3196 1518 3271 εἶχε
1563 3197 1662 3264 τὴν
1723 3193 1961 3251 διάνοιαν

313 3283 727 3359 ἀμφοτέρωθεν,
761 3279 907 3338 ἔνθεν
944 3284 1037 3355 μὶν
1069 3291 1171 3354 τῆς
1217 3284 1491 3340 ἀσθενείας
1541 3285 1963 3360 καταγινώσκων

312 3376 422 3426 τῶν
457 3372 592 3425 θεῶν
625 3371 820 3441 αὐταῦ,
853 3369 1050 3435 ἐκεῖθεν
1108 3369 1166 3426 δὲ
1209 3374 1310 3442 τὴν
1369 3369 1648 3448 ἀκρίϐειαν
1704 3371 1964 3436 δεδοικὼς

315 3466 420 3529 τῆς
453 3459 818 3536 εὖαγγελικῆς
856 3463 1139 3525 πολιτείας
1194 3463 1284 3516 καὶ
1346 3459 1805 3525 δυσαποσπάστως
1858 3467 1964 3517 τῶν

317 3551 467 3607 261
505 3552 768 3622 πονηρῶν
797 3543 941 3624 ἔχων
976 3547 1108 3604 ἐθῶν
1143 3552 1276 3623 (88).
1306 3551 1453 3605 Πάνυ
1502 3553 1605 3626 γὰρ
1648 3557 1766 3614 ταῖς
1823 3549 1967 3621 ἡδο-

318 3643 434 3700 ναῖς
467 3634 866 3693 κατεδουλοῦτο
896 3641 994 3692 τοῦ
1043 3638 1321 3711 σώματος,
1381 3639 1470 3694 καὶ
1529 3637 1658 3700 δλος
1710 3640 1776 3709 ἦν
1831 3640 1968 3711 πρὸς

316 3727 387 3781 τά
416 3725 561 3796 πάθη
597 3725 959 3802 αἰχμαλώτον
993 3723 1146 3797 δίκην
1191 3727 1479 3803 ἀγόμενος,
1533 3728 1623 3782 καὶ
1679 3727 1913 3800 μεθύων,
1939 3727 1970 3783 ὅ

320 3834 484 3889 φησιν
516 3814 739 3876 Ἠσαῖας
771 3815 906 3887 (89),
941 3811 1060 3868 ἄνευ
1093 3810 1268 3884 οἷ’νου,
1298 3814 1388 3868 καὶ
1420 3813 1599 3888 ὥσπερ
1636 3814 1738 3870 ὑπὸ
1785 3817 1970 3887 κημοῦ

320 3901 421 3970 τῆς
447 3907 691 3975 πονηρᾶς
723 3901 1006 3971 συνηθείας
1042 3900 1360 3975 ἑλκόμενος.

2067 3191 2194 3263 jam
2220 3188 2559 3246 sacerdotes
2581 3205 2720 3245 suos
2740 3190 2804 3245 in
2826 3191 3116 3248 honorem
3138 3193 3412 3264 habebat,
3433 3214 3544 3254 nec
3573 3200 3726 3257 festa

2078 3285 2136 3335 et
2155 3278 2444 3334 libamina
2457 3277 2794 3334 simulacris
2813 3279 2936 3334 suis
2949 3282 3286 3354 peragebat,
3302 3301 3504 3342 verum
3521 3289 3721 3345 animo

2076 3370 2138 3424 in
2160 3374 2474 3438 utramque
2496 3372 2727 3438 partem
2753 3369 3067 3425 vacillabat
3088 3387 3101 3426 :
3122 3371 3262 3428 hinc
3283 3374 3569 3432 nimirum
3582 3379 3724 3434 deo-

2076 3474 2210 3514 rum
2224 3473 2465 3512 suorum
2485 3456 2955 3514 imbecillitatem
2975 3459 3512 3532 improbans,illinc
3528 3473 3728 3525 autem

2078 3550 2441 3621 Evangelicze
2456 3550 2584 3604 vita)
2600 3549 3002 3607 sinceritatem
3018 3553 3729 3633 refonnidans,pravaque

2077 3639 2510 3694 consuetudine
2536 3639 2618 3692 ita
2641 3639 3020 3705 constrictus,
3047 3643 3197 3697 utab
3218 3661 3287 3700 ea
3299 3646 3389 3700 vix
3402 3649 3573 3704 avelli
3593 3669 3729 3721 pos-

2079 3726 2503 3798 set.Siquidem
2518 3741 2940 3798 corporearum
2952 3728 3319 3800 voluptatum
3334 3736 3599 3791 servituti
3614 3756 3733 3795 ma-

2073 3817 2270 3888 jorem
2293 3816 2354 3870 in
2377 3814 2621 3868 modum
2641 3814 2917 3870 addictus
2940 3818 3438 3892 erat,vitiosisque
3461 3827 3728 3884 affectio-

2081 3905 2259 3961 nibus
2276 3919 2522 3976 prorsus
2552 3919 2794 3975 operam
2825 3904 3022 3974 dabat,
3055 3908 3267 3980 captivi
3285 3909 3474 3969 instar
3492 3915 3726 3989 ductus,

322 3996 500 4063 atque
532 3991 756 4063 absque
777 3991 935 4058 vino,
966 3995 1033 4046 ut
1061 3992 1229 4046 Isaiae
1259 3992 1452 4049 verbis
1481 3998 1616 4049 utar
1635 3997 1812 4063 (Isaiae
1842 3995 1938 4066 LI),
1970 3993 2191 4060 ebrius,
2223 3997 2283 4047 et
2307 3991 2378 4047 ab
2419 3990 2692 4063 improba
2742 3994 3176 4051 consuetudine
3224 4001 3508 4070 tanquam
3556 4004 3724 4064 freno

323 4080 581 4153 quodam
610 4085 922 4135 retractus.

395 4165 585 4230 Οὕτως
631 4165 724 4222 οῦν
779 4171 878 4221 τοῦ
941 4167 1210 4243 βασιλέως
1267 4167 1387 4224 δυσὶ
1443 4169 1767 4234 παλαίοντος
1814 4171 1970 4246 λογι-

2152 4171 2296 4225 Cum
2322 4171 2502 4241 igitur
2530 4186 2634 4224 rex
2664 4186 2800 4226 cum
2833 4171 3056 4244 duplici
3088 4176 3442 4247 cogitatione
3472 4182 3546 4237 ad
3569 4184 3728 4242 hunc

324 4260 511 4328 σμοῖς,
543 4255 976 4329 ὁεύγενέστατος
1008 4257 1176 4312 αὐτοῦ
1223 4257 1362 4328 υἱὸς,
1428 4258 1517 4313 καὶ
1569 4263 1648 4331 τῷ
1699 4257 1814 4316 ὄντι
1875 4262 1968 4336 βαι

2084 4259 2327 4315 modum
2358 4259 2704 4326 luctaretur,
2742 4260 3155 4319 nobilissimus
3203 4267 3389 4338 ipsius
3434 4270 3616 4340 ﬁlius,
3661 4294 3731 4332 ac

326 4342 698 4412 σιλικωτάτην
737 4344 1072 4416 κεκτημένος
1129 4347 1338 4419 ψυχὴν,
1396 4348 1619 4419 ἠρεμῶν
1677 4348 1743 4415 ἦν
1804 4347 1855 4404 ἐν
1897 4354 1976 4419 τῷ

325 4428 582 4502 παλατίῳ
609 4429 800 4496 αὐτοῦ,
830 4429 895 4484 τὸ
950 4437 1052 4499 τῆς
1107 4432 1318 4508 φύσεως
1375 4433 1540 4488 αὐτοῦ
1597 4440 1843 4510 γενναῖον
1883 4437 1975 4491 κό-

269 4590 271 4593 ι
329 4517 490 4591 σμιόν
520 4539 580 4573 τε
607 4519 697 4572 καὶ
734 4514 969 4593 βεϐηκὸς
1001 4517 1092 4574 διὰ
1135 4524 1246 4576 τῶν
1279 4517 1452 4598 ἔργων
1500 4529 1630 4578 πᾶσι
1676 4530 1974 4601 παριστῶν.

325 4607 535 4682 Θέατρα
565 4605 667 4681 γὰρ
696 4605 788 4660 καὶ
835 4607 1044 4682 ἀγῶνες
1092 4605 1278 4663 ’ίππων
1337 4611 1425 4666 καὶ
1480 4612 1814 4689 κυνηγεσίων
1879 4635 1976 4689 με·

326 4696 488 4768 λέτη,
517 4694 606 4750 καὶ
637 4699 802 4750 πᾶσαι
845 4697 901 4750 αἱ
956 4703 1058 4766 τῆς
1114 4699 1372 4769 νεότητος
1422 4703 1570 4756 κεναὶ
1622 4702 1827 4778 σχολαὶ
1885 4707 1972 4760 καὶ

326 4783 550 4850 ἀπάται,
586 4783 816 4839 τά-τῶν
878 4785 1127 4861 ἀφρόνων
1184 4790 1377 4861 ψυχῶν
1434 4787 1792 4864 δελεάσματα,
1852 4796 1979 4869 παρ’

329 4872 488 4956 οὐδέν
521 4871 836 4956 ἐλογίζοντο
871 4873 1034 4946 αὐτῷ’
1059 4874 1198 4956 ἀλλ’
1247 4876 1380 4939 ὅλος
1423 4882 1526 4933 τῶν
1585 4885 1680 4934 τοῦ
1737 4888 1977 4956 Χριστοῦ

330 4953 595 5028 ἐξήρτητο
662 4952 926 5022 ἐντολῶν,
985 4955 1074 5010 καὶ
1134 4956 1292 5012 αὐτὸν
1344 4957 1524 5014 ἐπόθει
1592 4952 1820 5037 τρωθεὶς
1877 4968 1976 5036 τὴν

331 5042 514 5116 φυχήν
549 5039 714 5118 ἔρωτι
746 5044 898 5117 θείῳ·
936 5043 1096 5100 αὐτὸν
1131 5045 1309 5102 ἐπόθει
1367 5048 1459 5102 τὸν
1501 5043 1672 5114 ὅντως
1715 5057 1976 5131 ποθητὸν,

334 5171 682 5296 “figulum
713 5189 806 5240 v11,
841 5174 930 5243 3'7,
964 5177 1031 5230 38
1061 5191 1075 5231 :
1106 5173 1248 5244 Γυνή
1281 5172 1334 5231 ἐν
1362 5175 1431 5251 τῇ
1459 5177 1640 5251 πόλει,
1695 5183 1818 5252 ἣτις
1873 5185 1940 5254 ἦν

368 5261 581 5298 ακουσι.

429 5261 599 5388 ἕϐῗιᾸ
635 5315 765 5388 sine
797 5311 977 5388 ὥσπερ
1010 5309 1150 5378 ἔθος.

403 5315 520 5458 £86;
553 5317 599 5369 A
635 5315 765 5370 sine
797 5315 977 5388 ὥσπερ
1010 5315 1150 5378 ἔθος.

427 5388 495 5464 8]
541 5387 747 5464 Exech:
779 5403 940 5464 xvui,
971 5390 1072 5445 23:
1107 5388 1198 5464 Μῂ
1233 5387 1450 5460 θελήσει
1480 5391 1615 5464 θιλή

332 5453 521 5542 alii?
551 5453 814 5542 Ξῆς,δδ⁰ὖ
827 5463 945 5542 ,τῆς
971 5453 1261 5535 πονηρίάςζ
1282 5453 1441 5536 "xC,
1476 5453 1798 5542 δεχόμενον.

551 5529 613 5601 C,
646 5525 792 5602 ἔχων
826 5529 982 5586 θεῶν.

425 5599 538 5674 (89)
569 5599 687 5659 183..
702 5599 787 5670 ’1.1,
820 5604 883 5658 21
912 5617 928 5660 :
958 5601 1247 5668 Μεθόουσα
1275 5605 1379 5664 οὐκ
1406 5605 1514 5665 ἀπὸ
1544 5606 1716 5672 οἴνου.

627 5719 900 5782 Pam-non.
947 5720 1058 5784 Gn.
1103 5722 1312 5791 XCVI.

2084 4365 2215 4403 vere
2247 4348 2407 4418 regio
2439 4347 2639 4402 animo
2671 4349 2981 4419 praeditus,
3015 4352 3078 4408 in
3108 4370 3214 4410 suo
3244 4357 3463 4429 palatio
3494 4364 3731 4433 quietus

2085 4436 2592 4509 degebat,naturae
2609 4453 2730 4492 sum
2754 4441 3235 4512 generositatem,
3258 4446 3733 4526 modestiamque

2087 4532 2145 4582 et
2170 4526 2568 4582 constantiam
2599 4543 2705 4598 per
2737 4544 2919 4600 opera
2951 4532 3182 4588 cunctis
3229 4535 3558 4596 declarans.
3590 4546 3736 4600 Nam

2086 4616 2320 4671 theatra
2341 4620 2400 4671 et
2428 4631 2719 4687 equorum
2739 4620 3550 4692 certamina,etvenationum
3568 4649 3736 4688 exer-

2086 4709 2706 4780 citationes,etinania
2727 4711 2929 4767 omnia
2933 4712 2956 4783 j
2967 4715 3224 4773 uvenilis
3237 4719 3425 4776 aetatis
3447 4723 3661 4794 studia,
3677 4730 3736 4782 et

2086 4799 2444 4869 imposturas
2475 4798 2694 4869 quibus
2727 4799 2890 4855 stulti
2909 4803 3090 4858 animi
3116 4804 3554 4866 deliniunturet
3573 4813 3738 4870 ines-

2087 4892 2317 4953 cantur,
2342 4887 2515 4941 nihili
2546 4888 2792 4943 omnino
2823 4889 3114 4959 ducebat;
3146 4911 3347 4950 verum
3396 4915 3465 4952 ex
3515 4901 3733 4959 Christi

2087 4975 2385 5029 mandatis
2399 4975 2648 5030 omnino
2666 4977 3061 5048 pendebat,ac
3081 4981 3276 5038 divino
3289 5000 3490 5043 amore
3509 4991 3731 5047 saucia-

2086 5067 2203 5130 tus,
2228 5079 2363 5118 eum
2387 5064 2720 5135 expetebat,
2741 5066 2842 5136 qui
2868 5084 3002 5123 vere
3037 5072 3402 5141 expetendus
3434 5083 3542 5151 est,
3573 5084 3734 5140 totus

1996 5186 2392 5264 ἁμαρτωλὸς...
2445 5188 2648 5264 ἤρξατο
2705 5188 2926 5267 βρέχειν
2984 5193 3112 5257 τοὺς
3169 5194 3341 5262 πόδας
3397 5203 3566 5260 αὐτοῦ
3618 5213 3739 5272 τοῖς

1624 5415 1702 5450 σω
1730 5397 1822 5454 τὸν
1849 5397 2075 5458 θάνατον
2105 5406 2203 5458 τοῦ
2263 5400 2494 5478 ἀνόμου,
2553 5399 2705 5480 λέγει
2757 5405 2983 5482 Κύριος,
3029 5411 3104 5472 ὡς
3147 5410 3210 5466 τὸ
3252 5411 3588 5495 ἀποστρέψαι
3645 5420 3740 5476 αὖ·

3383 5746 3465 5826 .36
