1997 3075
200 108 267 138 1131

961 108 1144 137 ΑΠΒΕΝΒΔ.

1811 115 1869 144 1132

200 173 298 201 suavis
313 180 347 201 ac
357 174 436 200 totus
449 171 656 200 desiderabilis
671 172 764 208 (Cant.
785 172 823 206 v),
851 174 939 206 atque
962 171 1016 206 ejus

1082 169 1110 199 ὅς
1126 169 1196 197 ἐστιν
1212 169 1277 201 δλος
1292 169 1450 208 γλυκασμὸς
1465 171 1510 199 καὶ
1535 170 1673 208 ἐπιθυμία,
1687 173 1728 201 καὶ
1745 174 1869 214 ἀκόρεστος

200 218 293 253 modi,
309 220 342 245 ut
357 218 420 245 sine
435 217 497 244 ulla
512 217 664 244 saturitate
681 218 862 252 expectatur.

236 263 269 289 In
284 262 461 290 memoriam
476 263 575 288 autem
588 261 706 288 rediens
723 261 858 297 magistri
883 260 929 288 sui
955 262 1022 288 Bar-

201 307 291 341 laam,
304 309 391 341 atque
398 306 491 341 ipsius
498 305 587 332 vitam
595 305 650 332 sibi
659 308 727 333 ante
734 305 835 332 oculos
842 313 1023 341 proponens,

200 351 294 387 ipsius
310 359 410 378 amore
426 350 561 377 animum
579 358 664 377 suum
680 350 843 378 demulceri
867 350 1021 383 sentiebat,

202 405 234 424 ac
251 404 381 431 quonam
407 398 492 431 pacto
518 395 615 430 ipsum
639 395 760 428 videret,
785 403 900 422 summo
926 395 1023 422 studio

200 440 336 473 curabat;
353 442 442 475 atque
457 439 552 475 ipsius
565 448 717 467 sermones
734 440 797 467 sine
805 439 866 467 ulla
876 440 1025 467 intermis-

200 485 282 513 sione
298 485 329 512 in
345 484 432 512 corde
448 492 501 511 suo
516 483 739 519 circumferens,
752 487 814 512 erat
824 487 965 519 tanquam
976 492 1024 512 ar-

199 530 255 557 bor
266 537 351 557 secus
360 537 504 564 aquarum
515 528 657 556 decursus
666 529 810 564 plantata,
821 532 1022 565 perpetuoque

200 575 332 610 irrigata,
347 582 381 601 ac
396 573 585 609 tempestivos
602 573 721 601 domino
745 573 858 601 fructus
884 574 1021 601 afferens.

199 619 305 646 Multas
321 618 401 646 enim
417 619 532 645 animas
547 617 657 645 diaboli
669 618 783 654 laqueis
796 619 916 654 eripuit,
928 619 1023 646 Chris-

198 666 288 698 toque
304 665 432 690 servatas
448 661 565 695 obtulit,
577 662 725 698 siquidem
736 663 821 690 multi
833 663 869 690 ad
881 671 948 690 eum
958 671 1022 690 sese

198 708 395 741 conferentes,
419 707 600 734 salutaribus
626 708 812 735 sermonibus
836 708 1020 736 fruebantur.

197 753 239 780 Ex
255 752 361 787 quibus
379 760 439 779 non
454 752 550 787 pauci,
566 751 635 788 fuga
649 752 753 780 relicto
771 760 869 780 errore
888 753 925 780 ad
941 753 1022 780 salu-

197 800 291 825 tarem
307 797 472 825 doctrinam
486 797 692 825 accurrebant.
709 798 767 825 Alii
797 801 907 831 autem,
930 798 1021 826 rebus

196 842 286 877 hujus
300 842 366 869 vita
377 842 500 878 longum
513 842 610 869 valere
623 842 727 878 jussis,
744 843 941 870 monasticam
966 851 1018 878 pa-
1036 855 1060 887 Β

196 887 328 914 lmstram
343 886 548 922 capessebant.
573 887 638 922 Ipse
662 889 761 914 autem
786 887 970 915 orationibus
1000 896 1029 925 et

194 931 320 967 jejuniis
336 939 457 966 operam
473 930 572 965 dabat,
589 931 812 966 identidemque
826 932 903 959 hanc
924 941 1024 960 vocem

198 976 236 1003 ad
252 977 344 1004 Deum
359 976 497 1004 mittebat
510 985 515 1003 :
533 977 554 1004 Ο
570 977 695 1004 Domine
709 977 762 1011 mi,
774 985 790 1004 ο
806 977 930 1005 Domine
941 979 980 1005 mi
993 987 1027 1006 ac

199 1022 271 1054 Rex,
288 1020 334 1048 cui
352 1029 403 1056 ego
420 1021 545 1055 credidi,
562 1021 599 1048 ad
611 1030 700 1056 quem
716 1030 768 1057 ego
794 1022 920 1058 profugi,
937 1026 1025 1058 atque

200 1074 300 1093 errore
311 1065 454 1093 liberatus
466 1075 542 1099 sum,
559 1066 678 1102 dignam
689 1067 800 1094 famulo
812 1071 862 1095 tuo
873 1068 1024 1096 Barlaamo

198 1110 368 1138 mercedem
385 1110 526 1146 repende,
544 1119 597 1146 pro
614 1119 648 1138 eo
674 1112 752 1147 quod
776 1112 850 1139 mihi
873 1112 1023 1150 aberranti

195 1156 234 1188 te,
253 1154 303 1190 qui
319 1155 374 1190 via,
392 1155 449 1182 vita
464 1158 493 1182 et
507 1156 615 1183 veritas
631 1164 661 1183 es
677 1157 769 1191 (Joan.
786 1158 855 1192 xw),
884 1156 1024 1185 demons-

193 1198 290 1226 travit.
309 1200 349 1226 Ac
365 1199 437 1226 mihi
454 1199 509 1227 hoc
525 1200 665 1233 concede,
682 1203 714 1228 ut
740 1209 860 1228 rursum
881 1201 966 1228 illum
991 1202 1023 1229 in

191 1251 315 1279 corpore
342 1244 493 1279 angelum,
516 1253 574 1279 quo
600 1245 730 1272 mundus
759 1245 866 1281 dignus
890 1254 950 1273 non
978 1255 1023 1284 est

191 1288 268 1323 (Heb.
286 1289 336 1323 xx),
354 1288 548 1324 conspiciam,
577 1292 666 1325 atque
693 1298 760 1317 cum
782 1298 816 1317 eo
841 1291 920 1326 quod
946 1291 1020 1319 mihi

189 1332 257 1359 vita;
277 1335 414 1368 superest
432 1333 600 1367 conﬁciam,
625 1336 659 1361 ut
681 1334 745 1361 vitai
772 1334 866 1370 ipsius
890 1335 1020 1371 vestigiis

194 1376 347 1410 insistens,
365 1377 418 1404 tibi
438 1378 497 1405 Deo
513 1386 546 1405 ac
562 1379 686 1406 Domino
702 1379 846 1414 placeam.

230 1421 296 1449 CAP.
308 1422 404 1449 XXIX.
415 1423 497 1449 —Eo
509 1425 609 1450 autem
621 1425 754 1459 tempore
761 1424 915 1459 publicum
926 1424 1000 1452 falso
1009 1441 1016 1445 -

191 1473 258 1493 rum
268 1465 394 1493 deorum
407 1466 516 1494 festum
529 1467 559 1494 in
575 1467 648 1495 urbe
664 1468 716 1495 illa
727 1471 798 1495 erat.
811 1470 918 1504 Regem
931 1478 1017 1504 porro

189 1510 261 1538 huic
276 1510 351 1538 festo
368 1511 514 1539 interesse
529 1520 563 1539 ac
578 1512 791 1548 copiosissimis
807 1513 1017 1541 victimisillud

190 1562 333 1582 exornare
349 1555 513 1591 oportebat.
527 1557 633 1584 Verum
649 1565 715 1584 cum
733 1558 901 1585 sacerdotes
914 1558 1012 1594 ipsum

190 1598 220 1624 in
232 1598 355 1625 deorum
366 1599 447 1626 cultu
459 1607 579 1635 segnem
595 1608 629 1627 ac
641 1600 773 1636 tepidum
786 1609 850 1628 esse
862 1602 1013 1637 conspice-

189 1644 268 1675 rent,
285 1642 314 1668 id
329 1642 516 1676 verebantur,
530 1651 567 1670 ne
578 1643 614 1671 ad
627 1644 770 1679 templum
778 1645 876 1672 venire
885 1646 1012 1682 neglige-

189 1688 245 1720 ret,
263 1686 365 1721 sicque
381 1687 438 1722 ipsi
454 1687 627 1715 muneribus
643 1688 679 1715 iis
693 1697 757 1723 quis
769 1697 786 1716 a
800 1697 866 1725 rege
878 1690 1011 1726 accipere

189 1734 414 1766 consueverant,
430 1731 603 1767 casterisque
619 1733 811 1768 proventibus
822 1734 1009 1762 orbarentur.

188 1774 348 1810 Snrgentes
359 1775 470 1811 itaque,
483 1776 520 1803 ad
528 1776 701 1812 speluncam
709 1778 867 1813 quamdam
875 1779 905 1806 in
911 1779 1011 1807 vastis-

187 1818 263 1846 sima
273 1819 432 1847 solitudine
447 1820 534 1848 sitam
544 1821 819 1857 proﬂciscuntur,in
831 1832 889 1859 qua
898 1824 941 1851 vir
948 1825 1011 1859 qui-

187 1863 256 1891 dam
271 1864 394 1900 magicis
406 1865 521 1893 artibus
535 1865 662 1899 deditus,
680 1868 768 1902 atque
783 1867 850 1895 falsi
862 1868 1011 1896 idolorum

186 1908 284 1936 cultus
299 1909 462 1937 acerrimus
477 1913 679 1946 propugnator
694 1911 855 1946 habitabat,
877 1913 1011 1942 Theudas

186 1953 319 1987 nomine,
332 1961 420 1988 quem
437 1954 527 1981 etiam
539 1962 590 1981 rex
605 1955 747 1991 singulari
759 1956 871 1985 honore
884 1958 1012 1994 comple-

186 1997 519 2033 ctebatur,charumque
530 1999 703 2035 magistrum
715 2000 1011 2037 existimabat,ipsius

185 2041 329 2069 nimirum
345 2043 491 2070 vaticiniis
507 2051 632 2079 regnum
649 2052 735 2072 suum
758 2046 896 2073 omnium
911 2056 1011 2075 rerum

186 2086 272 2122 copia
278 2086 488 2123 florere,atque
496 2088 526 2115 in
533 2088 597 2116 dies
604 2089 704 2125 augeri
714 2089 827 2118 dicens.
842 2092 912 2119 Cum
924 2092 1012 2128 igitur

186 2130 375 2158 sacerdotum
386 2132 517 2160 cultores
528 2133 565 2160 ad
579 2133 677 2169 ipsum
688 2135 918 2172 venissent,ejus
925 2146 1012 2173 opem

183 2178 273 2210 atque
280 2176 727 2214 auxiliumimplorabant,eique
737 2179 1014 2216 deorumimproba-

1078 224 1178 252 εφεσις.

1113 258 1161 289 Εἲς
1178 259 1230 295 μννς
1237 269 1291 295 μην
1307 258 1335 286 δὲ
1350 259 1498 297 ἐρχόμενος
1512 262 1562 287 τοῦ
1578 259 1737 289 διδασκάλου
1746 263 1869 301 Βαρλαᾶιμ.1

1080 303 1125 329 καὶ
1151 303 1196 330 τὸν
1227 303 1329 331 ἐκείνου
1357 304 1586 342 ἑνοπτριζόμενος
1617 305 1686 342 βίον,
1727 304 1800 344 ἔρωτι
1830 310 1870 343 τὴν

1078 347 1170 384 ψυχὴν
1188 347 1327 384 ἐθὲλγετο,
1342 348 1387 376 καὶ
1404 349 1479 381 ὅπως
1494 349 1574 376 αὐτὸν
1591 348 1645 376 ἷ¹δοι
1664 349 1805 388 ἐφρόντιζεν
1819 352 1870 380 ἐπι-

1080 392 1241 428 μελέστατα,
1267 393 1323 427 καὶ,
1351 393 1415 425 τοὺς
1445 393 1544 431 λόγους
1574 394 1655 421 αὐτοῦ
1683 394 1708 422 ἐν
1734 397 1766 432 τῇ
1791 395 1871 433 καρδίᾳ

1077 438 1229 475 περιφέρων
1249 437 1386 473 ἆλήστως,
1415 439 1498 466 οἱονεὶ
1528 438 1607 474 ξύλον
1637 440 1669 473 ἦν
1697 441 1870 479 πεφυτευμένον

1077 482 1150 518 παρὰ
1164 484 1222 513 τοῖς
1238 481 1389 519 ψαλμικοῖς
1414 481 1508 510 ὕδασιν
1531 484 1597 520 (90),
1618 482 1788 521 ἀρδευόμενον
1811 483 1873 512 ἀδια-

1078 525 1196 557 λείπτως
1211 527 1256 554 καὶ
1273 526 1392 564 ὡραίους
1409 527 1549 565 προσάγων
1564 529 1619 564 (91)
1644 527 1760 564 καρποὺς
1779 531 1814 564 τῷ
1836 532 1873 556 Κυ-

1078 570 1139 608 ρίῳ.
1154 570 1265 602 Πολλὰς
1280 572 1330 609 γὰρ
1347 572 1440 609 ψυχᾶς
1453 574 1507 599 τῶν
1536 574 1586 599 τοῦ
1613 570 1742 599 διαϐόλου
1764 571 1872 610 ἐρρύσατο

1077 616 1153 644 282
1167 615 1274 653 ἀρκύων
1291 616 1335 643 καὶ
1351 619 1391 653 τῷ
1405 619 1514 654 Χριστῷ
1533 618 1690 654 προσήγαγε
1716 615 1872 654 σεσωσμὲνας·

1075 659 1179 688 πολλοὶ
1194 660 1245 698 γὰρ
1262 660 1298 692 εἷς
1315 661 1394 688 αὐτὸν
1410 663 1555 700 φοιτῶντες
1572 662 1663 699 λόγων
1678 662 1809 697 ἀπήλαυον
1829 673 1874 690 σω-

1076 705 1189 743 τηρίων,
1206 705 1232 742 ἐξ
1247 707 1284 733 ὦν
1299 706 1348 734 οὐκ
1363 707 1464 745 ὀλίγοι,
1489 711 1538 743 τήν
1562 706 1670 743 πλάνην
1694 708 1822 747 φυγόντες,
1842 711 1875 744 τῷ

1076 751 1206 788 σωτηρίῳ
1220 750 1411 788 προσέδραμον
1424 750 1511 789 λόγῳ·
1537 750 1618 779 ἄλλοι
1645 750 1683 786 δὲ,
1711 752 1805 789 μακρὰν
1827 756 1875 782 τοῖς

1074 797 1123 822 τοῦ
1139 795 1201 832 βίου
1218 795 1324 833 χαίρειν
1342 795 1474 831 εἰπόντες,
1484 797 1534 831 τὴν
1555 796 1705 832 ἀσκητικήν
1729 796 1873 828 ὑπεισῆλθον

1074 838 1257 877 παλαίστραν.
1277 840 1366 871 Αὐτὸς
1383 839 1411 867 δὲ
1427 840 1521 878 εὐχαῖς
1537 840 1672 879 ἐσχόλαζε
1685 841 1728 868 καὶ
1748 841 1874 876 νηστείαις,

1080 886 1124 911 καί
1140 887 1247 922 συχνῶς
1262 885 1361 920 ταύτην
1386 885 1524 922 ἀνέπεμπε
1547 886 1596 920 τήν
1620 886 1722 925 φωνὴν,
1744 887 1774 912 Ὦ
1797 884 1875 921 Κύριε,

1080 928 1178 966 λέγων,
1194 929 1269 967 κύριέ
1286 940 1340 965 μου
1355 930 1399 957 καὶ
1431 929 1551 967 βασίλεῦ,
1568 930 1591 966 ᾦ
1607 930 1660 969 ἐγφ
1689 929 1830 963 ἐπίστευσα,
1843 929 1875 967 ἐφ’

1078 972 1107 1000 δν
1124 973 1177 1011 ἐγὼ
1197 973 1345 1012 κατέφυγον
1372 974 1416 1001 καὶ
1445 977 1495 1009 τῆς
1519 974 1628 1009 πλάνης
1658 974 1794 1013 ἐῤῥύσθην,
1818 972 1876 1000 ἀπό-

1079 1016 1124 1048 δος
1141 1018 1235 1054 μισθὸν
1252 1017 1325 1053 ἄξιον
1349 1021 1388 1054 τῷ
1418 1019 1562 1056 θεράποντί
1591 1029 1640 1046 σου
1669 1017 1804 1056 Βαρλαᾶμ,
1830 1017 1875 1044 ἄνθ’

1078 1063 1115 1090 ὧν
1130 1073 1179 1099 μοι
1204 1064 1243 1099 τῷ
1271 1062 1437 1098 πλανηθέντι
1465 1065 1493 1091 σὶ
1523 1062 1655 1099 ὑπέδειξε,
1680 1065 1728 1098 τὴν
1757 1061 1813 1090 ὁδὸν
1836 1063 1876 1096 τῆς

1077 1106 1206 1141 ἀληθείας
1218 1108 1261 1134 καὶ
1278 1109 1328 1140 τῆς
1346 1110 1426 1142 ζωῆς·
1454 1107 1499 1135 καὶ
1527 1109 1565 1144 μὴ
1595 1109 1730 1146 στερήσῃς
1757 1117 1787 1144 με
1812 1105 1875 1138 αὖθις

1075 1150 1142 1178 ἰδεῖν
1158 1152 1203 1179 τὸν
1221 1152 1246 1179 ἐν
1264 1152 1369 1188 σώματι
1385 1152 1518 1191 Ἄγγελον
1537 1152 1653 1188 ἐκεῖνον,
1667 1153 1698 1180 οὗ
1723 1151 1769 1180 οὐκ
1790 1150 1874 1179 ἔστινὸ

1074 1195 1178 1232 κόσμος
1192 1195 1312 1232 ἐπάξιος,
1328 1196 1374 1224 καὶ
1394 1196 1439 1224 σὺν
1457 1196 1529 1233 αὖτῷ
1543 1196 1653 1224 τελέσαι
1668 1197 1699 1224 τὸ
1724 1196 1812 1224 λοιπὸν
1833 1198 1873 1228 τῆς

1076 1242 1148 1275 ζωῆς
1166 1251 1229 1277 μου,
1243 1240 1299 1276 τίνοι,
1315 1242 1373 1268 κατ’
1390 1241 1466 1279 ἴχνος
1479 1245 1530 1276 τῆς
1544 1241 1628 1269 αὐτοῦ
1657 1240 1791 1271 ποΛιτείας
1809 1249 1874 1276 περι-

1072 1284 1205 1318 πατήσας,
1222 1283 1393 1321 εὖαρεστήσω
1409 1294 1451 1311 σοι
1466 1287 1506 1320 τῷ
1521 1286 1580 1321 Θεῷ
1594 1284 1640 1312 καὶ
1655 1283 1783 1320 Δεσπότῃ.

1105 1420 1191 1446 ΚΕΦ¹
1208 1418 1269 1446 ΚΘ’.
1284 1434 1319 1438 -
1334 1418 1397 1445 Κατ’
1412 1417 1498 1446 ἐκεῖνο
1515 1417 1543 1446 δὲ
1571 1421 1670 1456 καιροῦ
1693 1419 1831 1456 πανήγυρις
1845 1417 1869 1450 ἦν

1068 1464 1123 1490 τῶν
1149 1461 1335 1499 ψευδωνύμων
1366 1465 1433 1494 θεῶν
1472 1461 1632 1499 δημοτελὴς
1671 1464 1697 1491 ἐν
1736 1465 1768 1500 τῇ
1807 1461 1869 1489 πόλει

1069 1506 1157 1543 ἐκείνῃ
1172 1508 1238 1543 (92)·
1256 1505 1309 1533 ἔδει
1340 1505 1369 1533 δὲ
1390 1507 1435 1534 τὸν
1456 1506 1571 1544 βασιλέα
1596 1510 1724 1545 παρεῖναι
1745 1508 1778 1543 τῇ
1805 1505 1871 1542 ἑορτῇ

1068 1551 1113 1578 καὶ
1129 1551 1227 1583 θυσιῶν
1245 1549 1372 1587 δαψιλείᾳ
1385 1551 1485 1586 ταύτην
1514 1555 1667 1588 κοσμῖσαι.
1694 1550 1770 1579 Ἀλλ’
1792 1548 1873 1577 ἐδεδίε-

1067 1605 1114 1622 σαν
1133 1595 1158 1622 οἱ
1174 1594 1316 1631 νεωκόροι,
1333 1595 1449 1631 ὁρῶντες
1463 1594 1543 1622 αὐτὸν
1559 1595 1674 1631 ἀμελῶς
1690 1596 1750 1632 περί
1764 1595 1793 1622 τὸ
1808 1590 1874 1621 σέϐας

1067 1639 1154 1667 αὐτῶν
1172 1638 1217 1666 καὶ
1235 1638 1359 1676 χλιαρῶς
1380 1637 1558 1675 διακείμενον,
1588 1641 1628 1676 μὴ
1654 1650 1720 1668 ποτε
1743 1638 1874 1676 ἀμελήσειε

1065 1685 1114 1718 τῆς
1132 1683 1157 1710 ἐν
1174 1684 1212 1719 τῷ
1227 1685 1283 1718 ναῷ
1302 1684 1462 1719 παρουσίας,
1485 1684 1530 1711 καὶ
1560 1686 1714 1722 στερηθεῖεν
1743 1683 1812 1711 αὐτοὶ
1833 1683 1873 1714 τῆς

1066 1727 1214 1765 διδομένης
1231 1727 1322 1758 αὐτοῖς
1340 1727 1485 1765 βασιλικῆς
1506 1727 1611 1766 δωρεᾶς
1635 1731 1682 1757 καὶ
1705 1732 1756 1757 τῶν
1783 1729 1873 1755 Λοιπῶν

1065 1772 1219 1810 προσόδων.
1250 1774 1325 1801 263
1355 1773 1531 1804 Ἀναστάντες
1560 1774 1606 1801 οὗν
1634 1771 1872 1810 καταλαμϐάνουσιν

1066 1817 1161 1855 ἄντρον
1191 1817 1216 1844 ἐν
1248 1816 1383 1854 βαθυτάτῃ
1411 1816 1581 1854 διακείμενον
1611 1821 1647 1855 τῇ
1689 1818 1790 1856 ἐρήμῳ,
1821 1816 1872 1843 ἔνθα

1065 1863 1180 1899 κατῴκει
1197 1863 1265 1898 ἀνήρ
1294 1873 1335 1890 τις
1366 1865 1496 1900 μαγικαῖς
1522 1863 1669 1901 σχολάζων
1697 1865 1809 1902 τέχναις,
1833 1861 1869 1888 καὶ

1064 1911 1115 1943 τῆς
1130 1906 1277 1938 είδωλικῆς
1293 1907 1400 1942 πΛάνης
1416 1908 1582 1944 θερμότατος
1601 1908 1734 1947 ὑπάρχων
1753 1916 1869 1945 προασπι-

1065 1957 1140 1991 σ-εής·
1159 1955 1258 1987 Θευδᾶς
1272 1953 1361 1992 ὄνομα
1376 1955 1460 1992 αὐτῷ·
1485 1956 1513 1984 ὅν
1538 1956 1583 1984 καὶ
1611 1958 1626 1985 ὁ
1653 1957 1777 1995 βασιλεὺς
1804 1954 1869 1990 ἐτίμα

1066 2000 1259 2039 διαφερόντως,
1274 2000 1318 2026 καὶ
1343 1999 1423 2038 φίλον
1447 2001 1541 2038 ἡγεῖτο
1566 2001 1611 2029 καὶ
1645 2001 1812 2035 διδάσκαλον,
1835 1997 1870 2025 ’ίῖιίὶ

1065 2049 1115 2080 τῆς
1125 2045 1207 2072 αὐτοῦ
1236 2043 1324 2081 λέγων
1352 2045 1476 2080 μαντείας
1502 2045 1701 2083 εὐθυνουμένην
1725 2045 1868 2083 προκόπτειν

1065 2091 1114 2125 τὴν
1132 2089 1213 2116 αὐτοῦ
1244 2087 1393 2126 βασιλείαν
1424 2089 1468 2120 Ὠς
1498 2090 1535 2121 εἷς
1565 2090 1646 2118 αὐτὸν
1676 2090 1764 2119 τοίνυν
1788 2089 1811 2116 οἱ
1838 2086 1868 2123 μὴ

1065 2137 1148 2173 ἱερεῖς
1164 2137 1219 2170 (93)
1235 2136 1288 2162 τῶν
1299 2133 1422 2161 εἰδώλων
1437 2134 1608 2175 ἀφικόμενοι,
1633 2139 1730 2165 τοῦτον
1751 2136 1786 2167 εἰς
1811 2133 1868 2172 βοή-

1066 2186 1138 2213 θειαν
1155 2177 1384 2217 προσεκαλοῦντο,
1400 2179 1444 2206 καὶ
1470 2180 1519 2214 τήν
1543 2180 1721 2219 ἐγγιιδομὲνην
1745 2182 1782 2216 τῷ
1806 2179 1869 2216 βασι-

181 2220 295 2248 tionem
306 2221 338 2248 in
354 2229 443 2256 quam
454 2230 506 2249 rex
517 2222 663 2250 inciderat
673 2224 872 2259 exponebant,
885 2234 1010 2261 quasque

1072 2226 1111 2253 λεῖ
1125 2226 1178 2252 τῶν
1196 2225 1262 2256 θεῶν
1293 2224 1459 2261 κατάγνωσιν
1488 2223 1576 2261 δήλην
1604 2225 1728 2261 ἐποίουν,
1757 2224 1798 2252 οἶά
1821 2220 1867 2248 τεό

181 2264 260 2300 regis
275 2264 355 2292 filius
369 2265 499 2300 fecisset,
517 2269 547 2294 et
562 2268 813 2302 quemadmodum
841 2270 956 2298 Nachor
971 2271 1007 2298 ad

179 2308 276 2344 ipsius
288 2309 473 2339 voluntatem
484 2313 573 2346 atque
583 2312 763 2339 sententiam
772 2313 947 2342 concionem
958 2315 1007 2343 ha-

178 2352 303 2381 buisset.
317 2355 358 2382 Ac
367 2355 424 2382 nisi
438 2357 469 2382 tu
478 2355 540 2391 ipse
554 2356 1005 2396 venias,inquiebant,nobisque

179 2406 267 2433 opem
281 2399 399 2434 offeras,
417 2408 484 2435 spes
503 2399 600 2427 omnis
617 2400 761 2428 exstincta
776 2403 829 2437 est,
847 2404 1003 2440 omnisque

1062 2272 1110 2298 τοῦ
1128 2267 1264 2307 βασιλέως
1292 2269 1436 2303 πεποιήκει
1466 2269 1534 2303 υἱὸς,
1558 2271 1603 2297 οἷα
1627 2269 1657 2298 δὲ
1684 2271 1743 2298 κατ’
1766 2264 1866 2296 αότῶνῦ

1061 2313 1167 2352 Ναχὼρ
1184 2311 1419 2349 δεδημηγορήκει.
1436 2313 1487 2342 Καὶ
1503 2314 1553 2349 ὡς,
1572 2315 1603 2342 Ei
1621 2316 1660 2351 μή
1677 2315 1768 2349 αὐτὸς,
1791 2310 1867 2351 φησὶν,

1061 2359 1159 2395 ἐλεύσῃ
1178 2357 1322 2395 βοηθήσων
1339 2357 1419 2392 ἡμῖν,
1442 2359 1515 2385 πᾶσα
1537 2357 1658 2393 ἐξέλιπεν
1686 2358 1774 2393 ἐλπὶς,
1797 2354 1867 2382 πάντα

1058 2401 1191 2432 ἀπόλωλε
1205 2401 1237 2428 τὸ
1251 2403 1305 2428 τῶν
1322 2401 1389 2428 θεῶν
1405 2399 1573 2438 σεϐάσματα·
1591 2402 1622 2430 σὺ
1636 2403 1688 2441 γὰρ
1706 2402 1785 2439 μόνος
1809 2400 1865 2435 ἡμῖν

216 2461 273 2503 (90)
289 2462 433 2505 Respec'tu
447 2462 483 2490 ad
493 2463 573 2505 ‘Psal.
591 2471 614 2505 ιζ
627 2464 641 2490 3
678 2463 772 2505 ’ἓὶσται
788 2464 824 2495 ὡς
839 2463 869 2491 τὸ
887 2465 966 2501 ξύλον
983 2467 1014 2494 τὸ
1039 2464 1240 2505 πεφυτευμένον
1270 2464 1343 2501 παρᾶ
1368 2465 1417 2497 τὰς
1442 2465 1579 2502 διεξόδους
1598 2469 1652 2495 τῶν
1674 2466 1786 2501 ὑδάτων,
1802 2462 1865 2491 δτδν

179 2496 283 2535 καρπον
298 2496 381 2535 σιξτοῦ
397 2496 475 2535 δώσει
491 2497 516 2525 ἐν
532 2500 621 2535 καιρῷ
635 2497 728 2526 αὐτοῦ.

216 2531 271 2566 (91)
289 2532 515 2574 βοᾷ-προσαγων,
530 2531 612 2574 quod
624 2535 799 2562 mutandum
814 2537 976 2574 videbatur,
995 2548 1016 2566 ει

1072 2541 1110 2566 >et
1125 2537 1253 2574 relatum
1268 2536 1305 2564 ad
1318 2535 1541 2574 Eélovrl’assim
1558 2549 1593 2566 ων
1607 2542 1634 2567 et
1664 2548 1693 2565 ον
1713 2537 1865 2574 permutata

178 2565 310 2594 fuerunt.
328 2565 523 2597 Philostratus
538 2565 569 2598 ν.
586 2571 613 2598 S.
631 2579 752 2598 pronam.

772 2573 878 2610 p.A_48(§,
891 2573 928 2610 _de
941 2570 1016 2610 rsoph

1072 2570 1469 2610 prappellationezrﬂcxivnq
1492 2575 1536 2601 καὶ
1563 2570 1738 2610 Δημοσθένης
1759 2570 1864 2610 139933915-

179 2610 225 2641 ρον
243 2601 298 2645 μένδ
308 2601 781 2645 αὶτῗζκάλλῇλοιςὶοὖχλῶςηὸχειδοξ
799 2605 837 2641 δὲ,
853 2601 916 2635 ἀλλ’
932 2601 1016 2639 ὡς’διη

1072 2601 1201 2645 ἷληιιίένοι
1215 2610 1274 2645 τοῖς
1290 2601 1569 2645 ὂγικάζοδσινΐροᾱθχ
1593 2601 1685 2638 Ϋᾶῐὶίι.
1702 2601 1864 2645 δίριιᾶΟΙὲιι-

177 2635 267 2683 ringi,
285 2635 520 2683 διαβεϐλημένων
531 2635 840 2683 ’ἰητόνδιαϐεϐλημίνονέ
852 2647 886 2671 ut
900 2647 945 2672 est

1072 2635 1197 2683 nitidae;
1214 2644 1243 2670 in
1257 2635 1549 2683 codice‘regioi3059.

212 2673 267 2709 (9:2)
283 2674 488 2709 Arislzenetus,
514 2685 532 2709 1,
560 2679 593 2704 5:

175 2708 378 2752 Prodromjn
395 2712 481 2752 Notit.
499 2708 567 2752 mss.
582 2715 602 2752 t_.
619 2708 739 2752 VlIl,'_'p.'
751 2716 803 2741 244-
816 2723 822 2741 :
837 2708 901 2749 Τὴν⁸
914 2716 991 2752 χθὲς,
1014 2708 1016 2717 ¹

1072 2708 1203 2744 ειδὲσίέατε
1231 2708 1358 2752 δέσποτα,

174 2742 283 2788 τελοξς)
295 2745 343 2788 sui
359 2745 489 2788 λαμπρᾶς
503 2747 548 2774 καὶ
563 2750 603 2784 τῷ
620 2742 826 2788 μεγαλοπρεπεῖ
839 2742 887 2788 σου
903 2742 1244 2788 π’ὶρεπήόύση-ςνπαλινοστῶν
1258 2742 1366 2787 ἑορτῆς.

619 2677 802 2718 Heg-Mm;
826 2678 1016 2718 ἐζπροεέςτείι

1072 2679 1196 2718 πανδημεί
1225 2677 1422 2718 τελουμένης*
1435 2682 1483 2708 ubi
1513 2683 1571 2718 yid.
1601 2684 1679 2718 nota.
1704 2679 1865 2718 Theodorus

1385 2717 1414 2744 ἐκ
1438 2720 1487 2751 τῆς
1511 2716 1668 2754 δημοτελῆς
1694 2717 1758 2752 (leg.
1786 2712 1864 2748 δημο-

212 2780 270 2816 (93)
286 2782 320 2817 Α,
338 2780 451 2820 μιερεῖς.
469 2780 594 2813 Forsan:
606 2780 631 2812 οἶ
649 2780 851 2823 μιαροὶ’ἱερεῖς,
866 2787 891 2814 οἱ
908 2780 1024 2826 μίυσαροὶ
1038 2780 1133 2826 Ϊερεῖς.
