3994 6150
408 312 551 369 1133

1580 309 1753 364 ΥῙΤΔ
1788 306 2141 363 BARLAAM
2176 307 2271 362 ΕΤ
2303 306 2645 362 ΙΟΔΒΑΡΗ.

3673 305 3814 364 1134

409 436 707 513 ὑπελείφης
735 441 836 506 τῆς
870 437 1151 512 συμφορᾶς
1190 431 1557 509 παραμύθιον,
1589 431 1678 486 καὶ
1724 429 1812 486 ἐπὶ
1845 430 1928 485 σοὶ
1958 432 2045 484 τά‹

2170 431 2419 486 deorum
2449 431 2641 486 cultus
2673 447 2740 486 ac
2769 430 3068 486 veneratio
3086 430 3282 502 periit.
3311 432 3458 487 Nam
3484 434 3550 488 tu
3563 433 3810 492 unicum

404 523 636 588 ἐλπίδας
669 525 922 597 ἐθέμεθα.

481 702 821 777 Ἐκτρατεύει
876 699 1056 755 τοίνυν
1117 701 1145 754 6
1204 703 1401 772 Θευγᾶς
1463 697 1599 771 μετά
1649 702 1750 766 τῆς
1805 715 2057 769 συμπαρ-

411 790 577 861 ούσης
607 793 716 863 (94)
747 789 894 861 αῦτῷ
944 794 1234 857 σατανικῆς
1293 792 1566 861 στρατιᾶς,
1620 787 1709 840 καὶ
1764 786 1902 840 κατὰ
1955 791 2056 853 τῆς

406 878 664 949 ἀληθείας
717 876 1021 946 όπλίζεται,
1055 875 1241 932 πολλά
1267 880 1374 931 τῶν
1420 879 1680 950 πονηρῶν
1731 873 2052 946 πνευμάτων

404 966 658 1038 καλέσας,
717 966 750 1020 ’ὰ
804 967 942 1039 πρός
998 964 1065 1020 τὰ
1120 963 1299 1042 φαῦλα
1356 967 1623 1039 συνεργεῖν
1680 960 1792 1017 οἶδε
1848 962 2052 1036 προθύ-

411 1077 549 1130 μως,
581 1057 674 1111 καὶ
706 1056 790 1117 οἷς
843 1053 1047 1116 ἐκεῖνος
1075 1052 1157 1109 ἀεί
1208 1049 1481 1115 διακόνοις
1531 1052 1758 1127 ἐχρῆτο·
1812 1053 1928 1124 μεθ’
1977 1052 2049 1105 ὧν

404 1143 753 1220 παραγίνεται
785 1143 921 1219 πρὸς
946 1143 1038 1198 τὸν
1077 1139 1323 1216 βασιλέα.

473 1324 562 1384 Ὠς
625 1318 683 1376 δὶ
739 1319 990 1392 ἐμηνύθη
1047 1323 1126 1392 τῷ
1187 1319 1468 1395 βασιλεῖ-ἧ
1502 1319 1679 1397 ἄφιξις
1729 1318 1914 1385 αὐτοῦ,
1957 1319 2048 1373 καὶ

401 1412 647 1481 εἰσῆλθε,
678 1405 876 1486 ῥάϐδον
911 1411 1005 1482 μὶν
1027 1411 1275 1484 κατέχων
1305 1410 1520 1484 βαῒνην,
1547 1408 1900 1486 μηλωτάριον
1935 1415 2047 1480 (95)

397 1498 456 1555 δὲ
516 1499 973 1573 περιεζωσμένος,
1031 1498 1226 1568 ἀνὲστη
1288 1499 1315 1552 6
1368 1497 1620 1565 βασιλεὺς
1677 1502 1773 1552 τοῦ
1830 1497 2043 1573 θρόνου,

397 1589 489 1645 καὶ
547 1593 738 1644 τοῦτον
797 1588 1251 1660 προσυπαντήσας
1309 1589 1464 1645 264
1518 1588 1798 1657 ἠσπάσατο
1835 1632 1848 1657 ,
1905 1587 1994 1642 καί
2028 1634 2044 1661 ,

399 1679 593 1753 θρόνον
627 1676 889 1752 ἐνεγχὼν,
919 1675 1155 1745 πλησίον
1205 1675 1368 1730 αὐτοῦ
1408 1672 1768 1750 συνεδριάζειν
1801 1675 2043 1748 πεποίη-

394 1787 486 1822 κεν
517 1806 531 1823 .
585 1766 714 1820 Εἶτα
769 1763 915 1840 λέγει
963 1762 1163 1826 Θευδᾶς
1216 1769 1295 1836 τῷ
1351 1764 1600 1839 βασιλεῖ·
1660 1764 1909 1834 Βασιλεῦ,
1967 1765 2043 1828 εἰς
2075 1797 2120 1863 Β

389 1853 521 1916 τοὺς
553 1853 755 1915 αἰῶνας
815 1859 960 1923 ζῆθι,
1015 1857 1083 1927 τῇ
1139 1857 1246 1908 τῶν
1302 1852 1568 1927 μεγίστων
1605 1857 1739 1917 θεῶν
1797 1853 2044 1928 εὐμενείᾳ

388 1946 748 2018 σκεπόμενος.
807 1945 1052 1997 Ἤκουσα
1101 1942 1204 2019 γὰρ
1255 1942 1440 2018 ἀγῶνά
1498 1964 1555 1997 σε
1616 1943 1781 2017 μὲγαν
1843 1945 2041 2020 ἀγωνί-

394 2047 582 2098 σασθαι
639 2034 777 2088 κατά
823 2037 931 2088 τῶν
985 2032 1293 2088 Γαλιλαίων
1330 2034 1420 2087 καὶ
1467 2033 1876 2109 λαμπρότάτοις
1921 2033 2039 2090 δια-

397 2122 605 2196 δήμασι
653 2122 806 2192 νίκης
860 2125 1312 2199 καταστεφθῆναι.
1375 2123 1468 2177 Διὸ
1520 2121 1783 2194 ἐλήλυθα,
1827 2124 1920 2179 ἳνα
1951 2125 2038 2179 εύ-

397 2214 756 2288 χαριστήριον
811 2213 1002 2285 ἑορτὴν
1063 2213 1204 2284 ὁμοῦ
1261 2210 1590 2286 τελέσωμεθ,
1647 2213 1955 2274 νεανίσκους
1982 2235 2040 2270 τε

389 2301 623 2377 ὡραίους
680 2300 771 2354 καὶ
820 2299 986 2374 κόρας
1063 2299 1325 2362 εύόπτους
1380 2306 1499 2363 τοῖς
1557 2301 1841 2365 ἀθανάτοις
1897 2303 2040 2365 Θεοῖς

385 2389 801 2462 καταθύσωμεν,
859 2387 1089 2462 ταύρους
1142 2409 1201 2443 τε
1255 2390 1441 2444 ἑκατὸν
1501 2391 1589 2444 καὶ
1653 2395 1763 2460 ζῶα
1821 2389 2040 2452 τούτοις

389 2483 591 2533 πλεῖσα
647 2477 1114 2553 προσενέγκωμεν,
1176 2477 1252 2539 ὡς
1312 2475 1372 2531 ἂν
1427 2472 1657 2552 ἔχοιμεν
1711 2479 1907 2541 αὐτοὺς
1949 2479 2038 2533 καὶ

389 2566 466 2628 εἷς
495 2566 557 2622 τὸ
589 2565 708 2637 ἑξῆς
740 2564 1069 2640 συμμάχους
1102 2564 1427 2638 ἀηττήτους,
1463 2566 1592 2621 ὅλον
1622 2569 1755 2640 ἡμῖν
1788 2568 1881 2623 τὸν
1919 2568 2035 2643 βίον

390 2653 830 2730 ἐξομαλίζοντας.

470 2833 609 2910 Πρὸς
649 2835 812 2889 ταῦτά
869 2835 898 2889 6
954 2831 1233 2910 βασιλεὺς,
1293 2833 1370 2891 Ού
1426 2835 1804 2908 νενικήκαμεν,
1835 2831 1960 2914 ἔφη,
1993 2837 2038 2890 ὦ

394 2917 687 2997 πρεσϐύταο
723 2921 784 2977 οὐ
834 2924 1218 2995 νενικήκαμεν,
1258 2922 1386 2976 ἀλλ’
1430 2922 1526 2978 ἀνᾶ
1569 2926 1769 2998 κράτος
1822 2924 2035 2996 μᾶλλον

389 3013 696 3084 ἡττήμεθα.
751 3012 821 3067 Οἱ
880 3012 984 3087 γὰρ
1018 3012 1148 3086 ὑπὲρ
1203 3014 1360 3085 ἡμῶν
1420 3014 1727 3086 καθ’ἡμῶν
1788 3013 2039 3091 ἐξαίφνης

390 3100 658 3176 γεγόνασι.
723 3095 1083 3174 Παρᾶὅακχόν
1142 3121 1200 3156 τι
1250 3101 1336 3154 καὶ
1402 3102 1633 3174 μανικὴν
1692 3103 1781 3157 καὶ
1840 3101 2033 3173 ἀσθενῆ

2163 521 2336 576 nobis
2368 521 2722 576 calamitatis
2757 520 3031 576 solatium
3062 520 3306 576 relictus
3336 537 3419 589 es,
3453 526 3631 594 atque
3661 524 3724 580 in
3753 531 3810 581 te

2161 625 2280 664 uno
2312 626 2447 680 spes
2477 626 2684 664 omnes
2713 613 2945 664 nostras
2975 609 3199 680 positas
3231 608 3541 666 habemus.

2232 699 2500 754 Theudas
2523 701 2722 770 itaque
2749 715 2886 753 cum
2919 698 3180 754 satanico
3214 714 3282 753 eo
3332 700 3595 755 exercitu
3626 718 3804 772 quem

2161 805 2361 843 secum
2383 789 2640 844 habebat
2660 789 2720 842 in
2745 787 3180 859 expeditionem
3194 789 3586 860 pergit,atque
3600 791 3803 846 adver-

2159 894 2259 933 sus
2281 878 2586 932 veritatem
2612 894 2776 932 arma
2790 881 3093 948 comparat
3111 877 3333 931 :accitis
3346 878 3634 933 nimirum
3647 881 3801 935 mul-

2155 967 2233 1020 tis
2254 967 2448 1037 pravis
2472 966 2801 1037 spiritibus,
2827 982 2974 1036 quos
2998 964 3071 1020 ad
3096 981 3191 1019 res
3215 965 3517 1036 improbas
3529 976 3802 1040 prompte

2156 1073 2224 1112 ac
2255 1056 2514 1111 libenter
2553 1055 2904 1112 auxiliarem
2949 1071 3192 1109 manum
3238 1057 3451 1110 afferre
3502 1063 3694 1126 norat,
3745 1065 3805 1114 et

2156 1160 2304 1215 quos
2335 1144 2460 1215 ipse
2493 1161 2730 1216 semper
2758 1144 3067 1199 ministros
3099 1142 3468 1213 adhibuerat,
3491 1145 3586 1200 his
3616 1147 3802 1201 comi-

2153 1237 2311 1288 tatus
2342 1233 2414 1288 ad
2448 1250 2648 1305 regem
2681 1233 2931 1288 accedit.

2226 1324 2294 1377 Ut
2317 1327 2513 1377 autem
2538 1322 2722 1394 ipsius
2750 1321 3033 1376 adventus
3047 1321 3168 1392 regi
3188 1321 3495 1377 nuntiatus
3509 1327 3800 1394 est,atque

2151 1410 2278 1484 ipse
2301 1412 2633 1483 palmarum
2653 1412 2873 1484 virgam
2899 1427 3080 1465 manu
3102 1411 3628 1482 tenens,ovinaque
3644 1413 3799 1484 pelle

2151 1500 2399 1556 indutus
2423 1503 2725 1569 ingressus
2748 1505 2858 1566 est,
2880 1517 2983 1554 rex
3008 1516 3038 1553 e
3062 1501 3273 1555 throno
3308 1517 3412 1555 suo
3446 1501 3684 1569 exsiliit,
3710 1503 3800 1573 ip-

2153 1589 2320 1660 sique
2336 1590 2566 1645 obviam
2583 1590 3085 1662 prodiit,eumque
3103 1590 3402 1644 osculatus
3418 1591 3796 1662 est.Cumque

2151 1679 2494 1734 cathedram
2517 1679 3235 1750 aﬂ‘errijussisset,ipsum
3257 1696 3440 1751 prope
3464 1697 3525 1734 se
3549 1680 3799 1736 colloca-

2149 1767 2250 1822 vit.
2272 1769 2599 1838 Posteaque
2621 1768 2891 1823 Theudas
2910 1769 3002 1822 his
3024 1768 3096 1823 ad
3120 1786 3317 1841 regem
3349 1769 3540 1824 verbis
3573 1771 3755 1824 utitur
3779 1787 3794 1824 :

2151 1860 2293 1929 Rex,
2328 1858 2387 1912 in
2421 1864 2714 1914 mternum
2743 1859 3299 1928 vive,maximorum
3333 1858 3579 1913 deorum
3601 1860 3796 1916 favore

2152 1965 2218 2002 ac
2236 1947 2650 2003 benevolentia
2672 1952 2894 2018 septus.
2928 1947 3012 2002 Ad
3037 1964 3131 2001 me
3150 1947 3311 2002 enim
3343 1948 3589 2004 allatum
3621 1954 3711 2003 est
3740 1953 3796 2004 te

2151 2037 2359 2108 ingens
2378 2041 2680 2092 certamen
2699 2037 2979 2091 adversus
3001 2036 3275 2091 Galilaaos
3302 2037 3604 2103 iniisse,ac
3628 2037 3796 2092 lucu-

2149 2124 2549 2180 lentissimam
2582 2125 2840 2195 palmam
2873 2125 3169 2179 retulisse.
3191 2127 3389 2196 quue
3421 2127 3665 2180 nomine
3682 2127 3797 2182 huc

2149 2213 2305 2281 veni,
2338 2218 2420 2281 ut,
2455 2212 2531 2268 ad
2572 2213 2860 2268 edendam
2889 2214 3036 2285 grati
3064 2213 3247 2267 animi
3281 2213 3796 2286 signiﬁcationem,

2148 2302 2365 2356 festum
2396 2318 2516 2357 uua
2539 2302 3114 2372 celebremus,atque
3146 2302 3403 2374 eleganti
3425 2302 3617 2358 forma
3646 2321 3798 2375 pra;-

2151 2390 2306 2445 ditos
2319 2390 2729 2445 adolescentes
2742 2407 2808 2446 ac
2821 2391 3110 2445 formosas
3126 2391 3355 2462 puellas
3369 2391 3483 2446 diis
3498 2393 3799 2449 immorta-

2148 2479 2304 2533 libus
2319 2479 3048 2550 immolemus,taurosque
3063 2483 3398 2548 centum,ac
3410 2481 3799 2551 plurimaalia

2148 2567 2432 2622 animalia
2453 2567 2598 2638 ipsis
2622 2569 2963 2631 oﬂ‘eramus,
2990 2584 3106 2637 quo
3133 2584 3235 2622 eos
3257 2585 3492 2638 quoque
3513 2569 3574 2623 in
3597 2575 3795 2640 poste-

2147 2673 2280 2711 rum
2299 2656 2546 2710 invictos
2569 2656 2872 2727 adjutores
2895 2655 3238 2720 habeamus,
3256 2657 3357 2726 qui
3372 2656 3545 2710 nobis
3558 2657 3796 2710 univer-

2149 2762 2278 2800 sum
2308 2745 2439 2798 vita}
2471 2743 2838 2799 curriculum
2856 2743 3102 2815 planum
3131 2749 3188 2798 et
3210 2743 3500 2814 aequabile
3518 2744 3791 2800 reddant.

2218 2834 2305 2888 Ad
2328 2833 2452 2888 haec
2474 2850 2576 2888 rex
2602 2849 2614 2887 ε
2649 2833 2889 2888 Minime
2920 2849 3077 2898 vero,
3111 2833 3325 2904 inquit,
3358 2850 3390 2887 o
3422 2849 3622 2902 senex,
3653 2833 3794 2889 vici-

2147 2922 2849 2992 mus,minime,inquam,
2877 2922 3125 2977 vicimus
3147 2939 3161 2988 ;
3181 2939 3384 2976 verum
3409 2923 3574 2978 nullo
3598 2925 3797 2995 potius

2145 3012 2384 3084 negotio
2409 3011 2546 3066 victi
2579 3027 2801 3065 sumus.
2839 3013 2984 3066 Nam
3018 3011 3117 3081 qui
3151 3027 3185 3066 a
3214 3011 3386 3066 nobis
3417 3011 3671 3080 stabant,
3703 3030 3799 3068 re-

2151 3106 2329 3174 pente
2353 3100 2665 3156 adversum
2679 3117 2786 3154 nos
2801 3101 3248 3169 exstiterunt,ac
3262 3100 3629 3156 velutfurore
3644 3102 3798 3156 etin-

389 3190 490 3258 τὴν
550 3189 822 3263 ἡμετέραν
880 3189 1128 3264 εὑρόντες
1183 3191 1518 3263 παράταξιν,
1595 3188 1779 3245 τέλεον
1838 3191 2037 3261 ταύτην

2157 3192 2322 3247 sania
2344 3191 2714 3246 laborantem
2736 3189 3099 3245 imbecillam
3122 3196 3386 3245 nostram
3409 3195 3585 3261 atque
3607 3191 3796 3246 aciem

391 3273 718 3333 κατέϐαλον.
754 3276 888 3333 Νυνὶ
921 3275 999 3348 δὲ,
1031 3277 1085 3332 εἷ’
1115 3277 1196 3340 τίς
1229 3298 1312 3332 σοι
1366 3275 1591 3352 δύναμις
1647 3281 1901 3356 πρόσεστι
1949 3282 2038 3336 καὶ

392 3366 554 3441 ἰσχὺς
611 3366 686 3421 εἷς
745 3367 806 3421 τὸ
865 3366 1132 3441 βοηθῆσαι
1182 3371 1250 3440 τῇ
1308 3367 1454 3423 κάτω
1505 3368 1726 3443 κειμένῃ
1782 3371 2042 3445 Θρησκείᾳ

390 3459 552 3528 ἡμῶν
593 3455 684 3510 καὶ
730 3455 930 3525 ταύτην
981 3453 1132 3519 αὖθις
1185 3455 1511 3531 ἀνορθῶσαι,
1570 3457 1891 3532 ἀνάγγειλόν
1923 3480 2038 3532 μοι.

391 3546 455 3602 Ὀ
513 3542 570 3599 δὶ
621 3541 822 3606 Θευδᾶς
879 3543 1132 3607 τοιαύτας
1211 3543 1394 3600 ἐδίδου
1448 3546 1544 3608 τὰς
1603 3547 1917 3623 ἀποκρίσεις
1964 3552 2043 3620 τῷ

399 3630 636 3708 βασιλεῖ·
667 3633 780 3693 Τάς
815 3632 911 3705 μὶν
970 3637 1078 3685 τῶν
1141 3631 1444 3688 Γαλιλαίων
1504 3634 1774 3697 ἐνστάσεις
1820 3636 1909 3690 καὶ
1941 3658 2044 3710 μα-

393 3719 711 3795 ταιοδογίας
767 3721 842 3793 μή
896 3715 1069 3798 φοϐοῦ
1103 3763 1118 3792 ,
1167 3720 1425 3795 βασιλεῦ·
1485 3723 1603 3777 τίνα
1658 3725 1762 3800 γάρ
1823 3724 1921 3779 εἰσι
1977 3726 2044 3780 τὶ

395 3813 523 3886 παρ’
557 3811 730 3865 αὐτῶν
777 3806 1047 3886 λεγόμενα
1078 3812 1215 3884 πρὸς
1265 3808 1462 3886 ἄνδρας
1496 3811 1754 3886 λογικοὺς
1797 3814 1884 3868 καί
1920 3813 2043 3889 ἐχὲ-

397 3920 597 3976 φρονας
632 3921 646 3969 ;
689 3900 900 3967 Ἀτινα,
943 3897 1072 3972 ἐμοὶ
1106 3897 1282 3972 δόξαν,
1317 3897 1518 3974 ῥᾳδίως
1568 3897 2042 3973 καταϐληθήσεται

403 3987 614 4063 μᾶλλον
647 3987 684 4057 ἢ
718 3986 929 4063 φύλλον
980 3985 1169 4061 ἀνὲμῳ
1217 3990 1581 4054 κατασεισθέν.
1623 3989 1757 4045 Ούδὶ
1775 3992 1877 4067 γὰρ
1908 3993 2044 4046 κατά

397 4076 692 4154 πρόσωπόν
727 4098 830 4150 μου
860 4074 1036 4141 ἐλθεῖν
1073 4079 1404 4151 ὑπομενοῦσι
1440 4080 1515 4152 μή
1549 4078 1631 4134 ὅτι
1662 4101 1725 4155 γε
1754 4080 1845 4135 καὶ
1876 4078 2040 4155 λόγόν

398 4170 621 4242 συνᾶραι
652 4165 742 4221 καὶ
774 4165 850 4229 εἷς
897 4167 1189 4240 προτάσεις
1225 4187 1318 4240 μοι
1363 4167 1455 4222 καὶ
1510 4169 1806 4233 ἀντιθέσεις
1855 4172 2044 4243 χωρῆ-

401 4277 510 4312 σαι.
559 4253 741 4322 Ἀλλ’,
765 4252 856 4308 ’ίνα
911 4256 1072 4310 τοῦτό
1129 4277 1188 4310 τε
1237 4256 1300 4310 τὸ
1356 4255 1716 4331 προκείμενον
1766 4257 2045 4334 ἀγώνισμα

399 4341 490 4397 καὶ
521 4347 626 4396 πᾶν
657 4345 808 4400 28δ
869 4345 1048 4398 ὁτιοῦν
1110 4343 1168 4398 ἂν
1233 4343 1637 4418 βουληθείημεν
1697 4344 1779 4400 ἐπ’
1837 4347 2046 4410 εὐθείας

400 4435 536 4506 ἡμῖν
570 4433 783 4508 γένοιτο
813 4434 904 4488 καὶ
953 4434 1089 4488 κατά
1133 4433 1261 4509 ῥοῦν
1301 4435 1364 4489 τά
1412 4436 1701 4510 πράγματα
1750 4439 2044 4512 χωρήσειε,

2147 3284 2578 3354 nocti,prorsus
2606 3297 2735 3337 eam
2756 3282 3140 3354 fregeruntac
3158 3285 3795 3354 prostraverunt.Nuno

2148 3379 2368 3439 autem,
2389 3372 2438 3426 si
2462 3389 2578 3442 qua
2628 3371 2734 3425 tibi
2776 3371 3026 3426 facultas
3050 3377 3107 3426 et
3148 3372 3234 3426 vis
3265 3373 3544 3443 suppetit,
3580 3389 3697 3443 qua
3730 3378 3792 3429 tu

2148 3463 2315 3518 humi
2341 3461 2564 3532 jacenti
2595 3459 2867 3531 religioni
2919 3465 3138 3514 nostras
3184 3461 3485 3532 Opitulari,
3537 3478 3789 3534 eamque

2147 3568 2386 3608 rursum
2406 3549 2660 3605 excitare
2684 3548 3069 3618 queas,velim
3097 3550 3662 3620 exponas.Theudas
3693 3569 3788 3606 au-

2150 3646 2271 3695 tem
2303 3639 2424 3711 regi
2456 3637 2529 3692 ad
2556 3637 2713 3691 hunc
2740 3637 2986 3691 modum
3030 3637 3376 3707 respondit:
3411 3639 3787 3694 Galilaeorum

2149 3727 2562 3785 contentiones
2590 3730 2766 3795 atque
2798 3725 3007 3779 inanes
3037 3741 3365 3792 sermones,
3398 3742 3430 3780 o
3462 3744 3586 3796 rex,
3619 3727 3792 3781 mini-

2149 3835 2244 3873 me
2275 3816 2652 3888 pertimesce.
2685 3815 2822 3878 Qum
2854 3814 3015 3868 enim
3061 3819 3200 3868 sunt
3229 3831 3298 3869 ea
3343 3830 3473 3884 qua)
3522 3815 3594 3869 ab
3643 3815 3790 3886 ipsis

2151 3909 2502 3968 afferuntur,
2537 3908 2827 3974 quantum
2859 3903 3099 3973 quidem
3140 3903 3212 3958 ad
3261 3904 3415 3958 viros
3463 3904 3694 3959 ratione
3725 3921 3793 3960 ac

2151 3994 2467 4069 prudentia
2486 3991 2767 4064 praeditos
2789 3992 3002 4046 attinet
3016 3992 3178 4046 ?Meo
3202 3992 3679 4064 quidemjudicio
3704 3993 3793 4049 fa-

2152 4085 2324 4140 cilius
2355 4082 2728 4154 dejicientur,
2764 4096 2940 4152 quam
2972 4080 3182 4135 folium
3206 4097 3240 4136 a
3259 4087 3432 4136 vento
3457 4098 3791 4138 excussum.

2153 4177 2352 4244 Neque
2366 4173 2526 4227 enim
2539 4170 2629 4225 vel
2643 4174 3026 4240 conspectum
3040 4186 3238 4225 meum
3255 4171 3654 4239 sustinebunt,
3665 4177 3797 4227 tan-

2153 4269 2278 4319 tum
2302 4262 2468 4317 abest
2486 4267 2551 4314 ut
2574 4275 2878 4314 sermones
2902 4265 3238 4326 conserant,
3266 4266 3444 4332 atque
3466 4262 3538 4316 ad
3561 4278 3794 4318 mecum

2153 4349 2578 4422 disputandum
2603 4347 2814 4418 pedem
2839 4349 3570 4416 conserant.Caeterum,ut
3591 4356 3648 4405 et
3667 4367 3796 4422 pro-

2154 4441 2414 4514 positum
2438 4436 2596 4491 istud
2613 4441 2938 4501 certamen,
2964 4441 3018 4490 st
3034 4437 3325 4508 quidquid
3346 4438 3508 4493 aliud
3523 4439 3581 4493 in
3599 4441 3796 4494 animo

531 4501 724 4594 ἑορτὴν
769 4525 1050 4598 κόσμησον
1096 4501 1300 4595 ταύτην
1342 4501 1906 4600 1ﬁv67§honhﬁja€ai

2157 4527 2566 4591 habuerimus,
2599 4531 2758 4579 recto
2799 4541 2978 4578 cursu
3012 4524 3256 4589 feratur,
3285 4543 3499 4598 resque
3529 4527 3700 4582 nobis
3731 4545 3801 4582 ex

405 4611 682 4686 εὐμένειαν
733 4618 840 4669 τῶν
902 4617 1037 4669 θεῶν
1095 4614 1273 4690 ὥσπερ
1330 4636 1382 4670 τι
1433 4617 1686 4692 κραταιὸν
1746 4612 2054 4692 περιϐαλοῦ

406 4702 601 4759 ὅπλοψ
635 4703 727 4759 καὶ
758 4705 816 4760 εὗ
857 4725 942 4761 σοι
993 4703 1232 4782 γένηται.
1291 4705 1444 4762 Οὕτω
1491 4711 1913 4783 καυχησάμενος
1941 4711 1969 4764 6
2001 4709 2051 4764 ἐν

403 4791 567 4865 κακίᾳ
599 4790 822 4856 δυνατὸς
869 4795 1006 4849 εἴναι
1049 4794 1279 4868 ἀνομίαν
1304 4815 1364 4849 τε
1393 4794 1529 4864 ὅλην
1573 4797 1675 4866 τὴν
1705 4800 1914 4874 ἡμέραν
1947 4802 2056 4872 (96)

410 4879 715 4953 μελετήσας
775 4883 1215 4961 (συμφθεγγὲσθω
1270 4884 1370 4959 γὰρ
1403 4886 1537 4957 ἡμῖν
1585 4885 1612 4938 6
1663 4883 1869 4956 Δανΐδξ,
1930 4887 2056 4942 ἀνα-

402 4972 615 5042 τροπὴν
649 4969 708 5026 δὶ
741 4970 990 5046 θολεράν,
1026 4973 1164 5028 καθά
1194 4994 1356 5048 φησιν
1406 4971 1626 5036 Ἠσαίας
1656 4977 1769 5048 (9'7)
1799 4979 1876 5048 τῶ
1906 4973 2058 5046 πλη-

406 5058 524 5114 σίον
583 5061 858 5128 ποτίσας,
951 5059 1201 5137 συνεργίᾳ
1270 5065 1378 5116 τῶν
1447 5063 2057 5140 συμπαρομαρτούντων

406 5147 556 5220 αύτῷ
603 5151 858 5225 πονηρῶν
912 5152 1233 5223 πνευμάτων
1291 5151 1636 5206 ἐπιλαθέσθαι
1687 5154 1778 5207 τὸν
1835 5152 2061 5226 βασιλέα

2159 4615 2335 4675 animi
2362 4614 2659 4670 sententia
2680 4611 3123 4680 succedunt,fac
3141 4614 3446 4685 publicum
3464 4615 3802 4670 hocfestum

2164 4722 2434 4770 exornes,
2468 4705 2834 4774 deorumque
2870 4703 3364 4776 benevolentiam,
3398 4710 3681 4777 tanquam
3714 4706 3808 4761 ﬁr-

2163 4796 2434 4852 missima
2446 4792 2718 4864 quaedam
2741 4809 2910 4848 arma
2927 4792 3235 4862 induas,ac
3258 4799 3380 4849 tum
3401 4794 3809 4851 faustaomnia

2167 4885 2478 4940 habiturus
2509 4899 2592 4936 es.
2625 4882 2757 4936 Haec
2788 4896 2922 4936 cum
2954 4881 3054 4936 illé
3080 4883 3388 4954 jactasset,
3421 4884 3544 4954 qui,
3576 4888 3644 4938 ut
3672 4901 3808 4941 cum

2169 4972 2387 5028 Davide
2408 4969 2711 5041 loquar,in
2724 4969 2952 5025 malitia
2963 4975 3174 5041 potens
3190 4976 3514 5042 erat,atque
3535 4971 3812 5042 iniquita-

2171 5070 2291 5119 tem
2321 5066 2444 5116 tota
2473 5059 2568 5114 die
2597 5058 2997 5114 meditabatur
3028 5061 3176 5129 (Psal
3221 5060 3318 5129 L1),
3368 5060 3808 5135 turbidamque,

2170 5160 2238 5210 ut
2257 5150 2444 5208 Isaiae‘
2465 5148 2658 5204 verbis
2681 5153 2834 5215 utar,
2870 5148 3313 5204 subversionem
3333 5150 3524 5206 amico
3544 5169 3649 5208 suo
3673 5171 3813 5225 pro-

481 5275 595 5345 (94)
629 5276 695 5362 A’,
728 5273 1030 5348 παρούσης,
1061 5277 1304 5331 absente
1336 5277 1778 5364 praepositione.
1812 5279 2045 5335 Libanit

481 5364 619 5403 ινικος
651 5341 824 5403 ὄνομα
853 5347 1016 5403 αὐτῶ.
1051 5345 1385 5401 ΚαΛλινικου
1414 5368 1513 5403 γαρ
1537 5347 1762 5403 ἐνταῦθα
1786 5349 2045 5403 σιοαγένκο

2157 5279 2325 5350 Epist.
2356 5279 2425 5330 20
2456 5290 2468 5328 :
2505 5269 2755 5343 Σταθμός
2780 5269 2867 5331 τίς
2893 5268 3006 5324 ἐστι
3041 5271 3164 5343 περὶ
3195 5271 3284 5326 τὸν
3319 5273 3435 5350 Εὐφ
3475 5274 3629 5344 ἄτην·
3665 5275 3813 5333 Καλ-

2157 5351 2169 5403 5
2203 5347 2464 5403 συφιστῆς
2487 5343 2688 5403 γίνεται
2720 5340 3060 5403 προσηγορία
3088 5347 3167 5403 τῷ
3212 5343 3384 5403 τόπω.
3431 5293 3654 5403 Ιςοιενίι
3690 5365 3813 5403 res-

407 5340 619 5426 λίνικός
651 5340 824 5417 ὄνομα
847 5340 1026 5426 ,αὐτῷί
1051 5340 1385 5426 ΚαΛ-λινικᾶυ
1414 5340 1513 5422 γᾶρ
1537 5347 1762 5413 ἐνταῦθα
1786 5340 2108 5426 σφαγένκος,
2141 5351 2169 5404 6
2193 5340 2464 5424 ’συφιστής
2487 5340 2688 5418 γίνεται
2720 5340 3060 5418 προσηγορία
3088 5340 3167 5416 τῷ
3212 5343 3384 5418 τόπῳ.

583 5416 986 5492 ἀπο-σφαγέντος
1008 5436 1038 5473 e
1071 5420 1200 5476 cod.
1235 5421 1393 5475 3035.

483 5489 598 5556 (95)
628 5490 712 5544 Cf.
746 5489 961 5557 p.154,
994 5508 1054 5545 n.
1088 5496 1174 5546 77.

3477 5349 3654 5404 oterit
3690 5365 3816 5404 res-

481 5553 596 5630 (96)
629 5553 782 5614 Ρεειῐ.
815 5578 884 5617 Ll.
920 5553 991 5616 1':
1025 5561 1092 5618 Τί
1119 5563 1361 5638 ἐγκαυχᾶ
1389 5560 1441 5616 ἐν
1470 5560 1632 5633 κακίᾳ
1661 5562 1688 5616 6
1719 5559 1942 5625 δυνατὸς
1972 5562 2196 5638 ἀνομίαν
2230 5584 2243 5634 ;
2278 5560 2415 5646 ὅλη]
2447 5557 2547 5683 τὴἱ
2575 5556 2783 5641 ἡμέραν
2812 5553 3022 5610 ἀδικίαν
3054 5555 3342 5634 ἐλογίσατο
3373 5561 3407 5628 ἡ
3440 5555 3667 5634 γλῶσσά
3696 5580 3814 5618 σου.

484 5631 602 5684 (9Ἧ
630 5631 755 5684 Imo
787 5632 931 5684 Hab.
965 5649 1024 5684 II.
1059 5638 1124 5684 15
1150 5652 1164 5684 :
1194 5635 1252 5684 ⁸0
1281 5632 1519 5684 ποτίζων
1551 5634 1642 5684 τὸν
1673 5631 1911 5684 πλησίον
1941 5634 2104 5684 αὐτοῦ
2134 5635 2411 5684 ἀνατροπῇ
2443 5640 2505 5684 90
2549 5647 2662 5684 εοα.
2691 5658 2760 5670 —
2790 5629 2852 5684 Ο.
2888 5623 3139 5684 δολερὰν.

484 5631 602 5703 (97)
630 5631 755 5687 Imo
787 5632 931 5689 Hab.
965 5649 1024 5689 ιι.
1059 5638 1124 5689 15
1150 5631 1168 5690 Ξ
1194 5635 1252 5692 Ὀ
1281 5631 1519 5703 ποτίζων
1551 5631 1642 5690 τὸν
1673 5631 1911 5705 πλησίον
1941 5631 2104 5691 αὐτοῦ
2134 5631 2412 5709 ἀνατροπῇ
2443 5640 2472 5694 θ

2691 5623 2760 5670 '—
2790 5629 2852 5700 C,
2888 5623 3139 5705 δολερὰν.
