3994 6150
278 267 423 341 1135

1798 262 2044 316 ADDEN
2054 263 2170 314 DA.

3544 288 3698 347 1136

278 394 524 469 pinabat
562 393 792 462 (Pabact
834 393 917 458 ιι),
968 388 1373 479 improborum
1406 388 1745 460 spirituum,
1774 402 1926 479 quos

2044 384 2346 443 παντάπασι
2371 394 2476 445 τῶν
2504 394 2640 469 πρὸς
2676 398 2948 475 σωτηρίαν
3004 404 3535 479 ὑπομιμνησκόντων
3593 412 3698 470 λο-

276 485 405 557 ipse
427 482 673 539 comites
696 479 1086 550 habebat,ope
1100 485 1274 549 atque
1297 477 1642 550 adjumento
1656 478 1924 550 perfecit,

278 580 345 629 ut
364 591 467 628 rex
487 570 873 644 cogitationes
904 586 1003 624 eas
1036 585 1167 639 qua
1200 568 1395 640 ipsum
1446 568 1654 624 salutis
1686 567 1925 622 submo-

280 660 506 715 nebant
535 648 777 730 prcrsus
828 674 858 709 e
906 656 1196 710 memoria
1243 657 1503 727 ejiceret,
1559 655 1924 726 eisdemque,

282 749 496 821 quibus
520 746 747 801 solebat
769 744 979 799 studiis
1012 744 1217 799 sedulo
1261 745 1532 800 haereret.
1567 748 1647 800 Ac
1678 744 1927 817 proinde

284 854 419 893 cum
433 837 608 909 regiae
622 834 833 888 littera
849 850 1325 904 quaquaversum
1338 834 1929 905 commeassent,qui-

282 927 393 981 bus
421 940 628 980 omnes
650 923 722 978 ad
747 923 1175 978 exsecrandum
1208 926 1457 980 deorum
1478 925 1695 980 festum
1719 939 1931 979 conve-

2033 481 2247 573 γισμῶν
2276 478 2542 551 πεποίηκε
2581 485 2667 539 καὶ
2714 491 2820 541 τῶν
2880 492 3121 562 συνήθων
3182 478 3347 551 πάλιν
3401 496 3689 573 ἐπιμελῶς

2036 559 2291 659 ἔχεσθαι.Δ
2323 573 2503 634 Ἔνθεν
2545 572 2630 626 τοὶ
2661 578 2750 629 καί
2796 559 3134 654 γραμμάτων
3201 559 3512 659 βασιλικῶν.
3548 559 3691 645 mm;

2035 659 2211 730 ταχοῦ
2271 654 2772 736 διαπεφοιτηκότων
2813 672 2909 722 τοῦ
2964 677 3236 736 συνελθεῖν
3292 674 3493 739 πάντας
3534 676 3588 733 ἐν
3614 684 3689 752 τῇ

2042 750 2255 821 μυσαρᾷ
2319 749 2617 825 πανηγύρει
2677 753 2849 810 αὐτῶν
2887 800 2901 826 ,
2951 760 3018 828 ἧν
3086 759 3216 816 tam
3277 764 3569 841 συρῥέοντα
3626 749 3700 823 τά

2039 830 2257 928 πληθη,
2289 832 2535 912 πρόϐατά
2565 861 2623 896 τε
2652 842 2740 897 καὶ
2778 844 2908 920 βόας
2954 847 3042 903 καὶ
3096 830 3493 928 διάφορά-γένη
3528 856 3697 925 ζώων

2043 943 2305 997 αγομενα.

282 1015 412 1070 nire
437 1013 821 1086 jubebantur,
848 1029 1091 1067 cernere
1125 1019 1252 1069 erat
1281 1015 1581 1087 ingentem
1611 1014 1924 1068 hominum
1973 1012 2421 1073 multitudinem
2452 1021 2874 1080 conﬂuentem.
2908 1032 3083 1099 atque
3135 1046 3270 1086 oves
3304 1038 3362 1089 et
3388 1033 3566 1092 boves
3595 1054 3699 1094 va-

281 1105 490 1175 riaque
521 1102 804 1159 animalia
836 1118 1037 1156 secum
1068 1103 1483 1159 adducentem.

355 1195 502 1249 Cum
523 1191 700 1264 igitur
721 1208 928 1246 omnes
961 1192 1520 1266 coiissent,surgens
1537 1209 1784 1261 rex,una
1801 1207 1936 1248 cum

281 1284 606 1355 impostore
642 1281 883 1335 Theuda
931 1280 1003 1335 ad
1054 1282 1344 1353 templum
1374 1282 1673 1353 profectus
1724 1287 1831 1349 est,
1873 1286 1940 1336 ut

282 1378 484 1427 tauros
515 1386 582 1425 ac
604 1369 902 1441 permulta
933 1370 1261 1426 animantia
1289 1372 1693 1428 immolarent.
1721 1373 1938 1443 Sicque

282 1461 577 1517 nefarium
610 1464 669 1514 et
694 1459 1100 1514 exsecratione
1132 1460 1377 1532 dignum
1422 1461 1641 1516 festum
1673 1460 1939 1517 celebra-

282 1551 445 1617 bant;
474 1549 620 1603 adeo
637 1554 701 1603 ut
715 1548 1092 1604 etbrutorum
1106 1550 1499 1605 animantium
1513 1550 1835 1622 mugitibus
1850 1556 1939 1605 to—

282 1645 342 1694 ta
354 1638 492 1693 urbs
506 1637 1325 1709 personaret,etvictimarum
1340 1638 1546 1692 nidore
1564 1639 1687 1709 ipse
1702 1655 1936 1709 quoque

284 1725 758 1782 aerinﬁceretur.
787 1724 885 1777 His
910 1724 983 1778 ad
1007 1724 1165 1779 hunc
1186 1724 1431 1780 modum
1463 1726 1768 1792 confectis,
1802 1743 1937 1781 cum

284 1813 539 1885 improbi
558 1812 802 1884 spiritus
819 1811 889 1866 de
903 1814 983 1867 Th
993 1812 1156 1867 euda
1172 1814 1417 1869 victoria
1429 1816 1719 1887 majorem
1733 1815 1793 1868 in
1807 1832 1938 1870 mo-

2049 1189 2269 1247 Ηάντων
2327 1195 2505 1250 τοίνυν
2567 1199 3037 1274 συνεληλυθότων,
3098 1205 3325 1271 ἀναστάς
3370 1212 3398 1265 ὁ
3441 1212 3701 1287 βασιλεὺς

2051 1279 2185 1351 μετᾶ
2212 1285 2307 1336 τοῦ
2362 1283 2673 1351 ἀπατεῶνος
2733 1287 2926 1363 Θευδᾶ,
2974 1294 3111 1369 πρὸς
3165 1317 3257 1352 τον
3313 1299 3438 1355 ναὸν
3473 1300 3701 1378 ἐχώρει,

2044 1367 2279 1445 ταύρους
2336 1375 2627 1430 καταθῦσαι
2686 1380 2859 1455 φέρων
2922 1382 3109 1440 ἑκατὸν
3195 1385 3364 1443 εἷ’κοσι
3430 1392 3522 1445 καὶ
3584 1397 3706 1462 ζῶα

2048 1458 2254 1517 πολλά.
2288 1464 2390 1517 Καὶ
2424 1465 2641 1523 ἐτέλουν
2670 1470 2774 1545 τὴρ
2818 1470 3083 1549 ἐπάρατον
3134 1476 3309 1533 αὐτῶν
3369 1458 3703 1555 ὶορτήνίὼς

2047 1556 2433 1647 περιηχεῖσθαι
2487 1556 2582 1628 μὲν
2630 1559 2730 1628 τήν
2782 1560 2943 1617 πόλιν
3008 1565 3112 1619 ὑπὸ
3166 1573 3267 1636 τῆς
3320 1573 3428 1625 τῶν
3476 1571 3699 1647 ἀλόγων

2050 1636 2203 1706 ζώων
2238 1648 2448 1717 φωνῆς,
2495 1649 2564 1720 τῇ
2625 1644 2683 1703 δὲ
2738 1654 2844 1706 τῶν
2899 1658 3099 1716 θυσιῶν
3157 1656 3344 1732 κνίσσῃ
3396 1660 3486 1714 καὶ
3538 1661 3707 1719 αὐτὸν

2050 1726 2377 1799 μολύνεσθαι
2406 1733 2497 1787 τὸν
2541 1734 2693 1810 ἀέρα.
2742 1740 2957 1797 Τούτων
3006 1741 3148 1799 οὕτω
3197 1746 3576 1821 τελεσθέντων,
3606 1754 3704 1807 καὶ

2045 1819 2153 1913 τῶν
2186 1822 2603 1913 τῇς-πονηρίας
2631 1828 2952 1913 πνευμάτων
3013 1830 3135 1888 λίαν
3194 1819 3718 1913 ἐγκαυχησαμένων

287 1904 428 1960 dum
442 1903 1323 1976 gloriarentur,sacerdotesque
1338 1906 1557 1978 gratias
1571 1907 1680 1977 ipsi
1695 1905 1927 1961 habuis-

2050 1901 2137 2005 ἐπὶ
2167 1908 2235 1979 τῇ
2266 1907 2388 1983 νίκῃ
2422 1911 2517 1965 τοῦ
2566 1912 2758 1989 Θευδᾶ,
2788 1919 2879 1972 καὶ
2939 1920 3168 1995 χάριτας
3227 1901 3711 2004 αὐτῶνόμολογη-

288 1998 441 2061 sent,
466 2011 569 2047 rex
592 2009 829 2047 rursum
852 1992 926 2047 ad
947 1992 1236 2064 palatium
1271 2011 1331 2048 se
1356 1995 1599 2066 recepit,
1634 1995 1834 2063 aitque
1866 1993 1941 2048 ad

286 2081 586 2136 Theudam
615 2083 719 2135 :En
744 2068 1944 2153 quemadmodumjussisti,nihilomnino

289 2170 468 2224 studii
492 2186 635 2223 ame
656 2169 1129 2240 praetermissum
1149 2171 1425 2241 est,quod
1448 2172 1690 2242 quidem
1716 2170 1788 2226 ad
1810 2170 1944 2224 festi

290 2257 758 2328 splendorem,et
780 2257 1213 2311 sacriﬁciorum
1236 2259 1743 2330 magnificentiam
1760 2258 1942 2331 perti-

287 2346 607 2400 neret.Jam
626 2344 826 2415 itaque
848 2350 1083 2415 tempus
1108 2350 1197 2400 est
1212 2352 1279 2400 ut
1302 2364 1432 2418 qua
1453 2340 1945 2419 mihipromisisti

289 2434 867 2505 expleas,ﬁliumque
884 2451 1104 2501 meum,
1127 2434 1275 2505 quia
1288 2436 1577 2508 religione
1593 2443 1795 2495 nostra
1809 2440 1943 2496 des-

289 2522 446 2590 civit,
462 2539 494 2577 a
524 2523 998 2577 Christianorum
1013 2540 1213 2578 errore
1226 2524 1511 2595 vindices,
1544 2543 1611 2581 ac
1625 2543 1759 2583 cum
1771 2529 1941 2584 beni-

290 2611 422 2683 gnis
436 2611 549 2666 diis
568 2610 630 2666 in
642 2612 889 2684 gratiam
906 2612 1330 2669 reducas.Nam
1347 2631 1451 2687 ego
1465 2632 1600 2670 cum
1614 2623 1801 2673 artem
1819 2636 1941 2673 om-

291 2700 836 2769 nemadhibuerim,
861 2707 1037 2772 atque
1069 2718 1309 2757 omnem
1338 2703 1598 2775 lapidem
1628 2708 1937 2774 moverim,

292 2789 519 2845 nullam
536 2795 736 2845 tamen
766 2790 959 2845 morbi
989 2791 1352 2847 medicinam
1382 2794 1599 2865 reperi,
1633 2795 1935 2867 sedipsius

290 2884 552 2933 mentem
584 2880 863 2935 omnibus
888 2880 1066 2934 rebus
1086 2882 1453 2952 superiorem
1483 2898 1609 2938 esse
1636 2888 1933 2956 perspexi.

288 2970 432 3022 Nam
447 2968 493 3022 si
509 2967 727 3023 blande
742 2986 809 3024 ac
824 2969 1039 3025 leniter
1052 2986 1186 3024 cum
1201 2987 1268 3025 eo
1286 2987 1457 3043 agere
1471 2972 1725 3041 institui,
1752 2990 1826 3029 ne
1850 2976 1933 3031 sic

288 3056 527 3127 quidem
543 3074 678 3111 eum
693 3058 839 3113 mihi
856 3058 979 3113 ullo
996 3058 1170 3114 modo
1194 3060 1461 3115 animum
1484 3061 1741 3133 adjicere
1766 3080 1929 3119 com-

284 3144 433 3215 peri.
456 3147 712 3201 Rursum
734 3147 782 3201 si
808 3164 1007 3203 severe
1029 3154 1206 3219 atque
1228 3151 1438 3206 acerbe
1463 3168 1597 3207 eum
1620 3155 1840 3225 accepi,
1867 3156 1928 3210 in

283 3235 675 3306 pervicaciam
687 3236 885 3307 potius
899 3236 1036 3291 inde
1052 3238 1246 3309 ipsum
1261 3240 1449 3295 attolli
1466 3244 1925 3312 conspexi.Qua-

283 3323 554 3378 mobrem
568 3324 967 3380 calamitatem
984 3342 1114 3381 eam
1128 3343 1259 3397 qua
1274 3329 1420 3383 mihi
1432 3331 1668 3399 accidit,
1690 3334 1927 3403 sapien-

286 3417 382 3471 tia
400 3423 513 3471 tua
528 3414 942 3471 committo.Ac
961 3415 1256 3487 siquidem
1269 3433 1358 3484 ea,
1381 3435 1489 3490 ope
1514 3425 1613 3476 tua
1636 3427 1693 3475 et
1712 3422 1932 3477 auxilio

287 3505 595 3571 liberatus,
615 3505 802 3560 filium
819 3522 1018 3561 meum
1033 3523 1263 3562 mecum
1278 3524 1483 3563 rursus
1495 3510 1638 3566 deos
1651 3528 1815 3567 meos
1828 3530 1933 3567 co-

289 3595 535 3663 lentem,
557 3594 1130 3667 atquevoluptuaria
1153 3596 1331 3667 hujus
1353 3598 1483 3653 vita
1507 3601 1931 3672 cupiditatibus

293 3700 360 3738 ac
390 3682 558 3756 regni
585 3682 981 3754 voluptatibus
1011 3683 1309 3738 fruentem
1338 3685 1528 3756 video,
1561 3704 1801 3744 auream
1822 3690 1928 3746 tibi

286 3776 544 3827 statuam
563 3771 1190 3845 erigam,efﬁciamque
1204 3775 1526 3845 utpostbac
1541 3777 1601 3831 in
1616 3780 1930 3850 sempiter-

282 3876 430 3915 num
462 3861 620 3915 idem
652 3861 758 3915 tibi
786 3861 900 3915 diis
933 3862 1124 3916 honor
1156 3879 1189 3917 a
1220 3865 1449 3918 cunctis
1476 3866 1790 3924 tribuatur.

332 3949 602 4004 Theudas
620 3950 798 4021 igitur
810 3954 1095 4004 attentam
1109 3967 1307 4005 aurem
1326 3952 1563 4009 diabolo
1579 3957 1924 4029 subjiciens,

274 4045 448 4107 atque
482 4037 554 4093 ab
583 4038 686 4093 illo
718 4038 1056 4109 improbum
1093 4056 1159 4093 ac
1209 4040 1557 4110 pestiferum
1609 4048 1925 4106 consilium

275 4126 539 4196 edoctus,
565 4126 796 4198 ipsique
818 4127 1035 4198 lingua
1072 4131 1249 4198 atque
1272 4130 1393 4186 oris
1413 4147 1655 4201 operam
1678 4152 1919 4208 navans,

272 4214 347 4269 ad
368 4231 567 4287 regem
614 4216 726 4270 ait:
753 4215 807 4269 Si
833 4215 1023 4269 filium
1067 4221 1233 4272 tuum
1265 4218 1327 4274 in
1372 4226 1725 4291 potestatem
1758 4232 1920 4284 tuam

275 4302 563 4376 redigere,
598 4304 903 4376 ipsiusque
938 4305 999 4359 in
1028 4307 1347 4378 pugnando
1370 4312 1761 4381 pervicaciam
1792 4318 1918 4375 ina-

271 4408 410 4447 nem
424 4392 671 4448 reddere
688 4394 979 4465 cupis,ars
992 4412 1027 4450 a
1040 4411 1134 4451 me
1148 4399 1474 4470 excogitata
1486 4404 1695 4471 est,cui
1711 4405 1917 4462 obluc-

2059 1992 2262 2049 σάντων
2293 2002 2398 2052 τῶν
2447 2004 2754 2077 νεωκόρων,
2786 2005 2861 2068 εἴς
2917 2007 2979 2063 τὰ
3037 2008 3306 2068 παλάτιον
3358 2015 3512 2079 αὗθις
3544 2015 3713 2073 ἐπαν-

2055 2089 2182 2175 ῇκεν
2237 2085 2264 2139 ὁ
2326 2087 2599 2161 βασιλεὺς.
2660 2095 2812 2152 266
2865 2096 2963 2151 Καὶ
3012 2106 3251 2175 φησιτῷ
3308 2101 3496 2175 Θευδᾷ·
3561 2104 3705 2161 Ἰδοὺ

2055 2168 2147 2242 δὴ,
2203 2175 2339 2237 καθά
2398 2175 2700 2250 ἐκέλευσας,
2758 2181 3016 2258 οὐδεμίαν
3078 2188 3394 2265 ἐνελίπομεν
3448 2193 3700 2265 σπουδὴν

2053 2259 2140 2358 ἐπὶ
2169 2266 2237 2336 τῇ
2271 2262 2664 2343 λαμπροφορίᾳ
2712 2278 2812 2342 τῆς
2862 2276 3214 2353 πανηγύρεως
3270 2259 3359 2336 καὶ
3416 2259 3700 2358 δαιψιλείᾳ

2049 2355 2155 2405 τῶν
2201 2358 2422 2445 θυσιῶν.
2478 2357 2672 2431 Καίρὸς
2702 2361 2793 2415 οὖν
2854 2361 2961 2435 ἤδη
3018 2366 3087 2421 τά
3140 2355 3699 2445 ἐπηγγελμέναπληλ

2051 2445 2220 2514 ρῶσαι
2252 2444 2345 2498 καὶ
2398 2445 2488 2501 τὸν
2545 2447 2994 2522 ἀποστατήσαντα
3043 2460 3149 2511 τῶν
3208 2444 3488 2532 ἡμετέρων
3526 2458 3698 2518 σεϐα-

2048 2530 2268 2603 σμάτων
2296 2533 2410 2588 υἱόν
2446 2557 2550 2609 μου
2579 2542 2678 2604 τῆς
2721 2538 2931 2612 πλάνης
2975 2530 3389 2621 άναῤῥύσασθαι-
3413 2551 3521 2606 τῶν
3551 2556 3698 2625 Χρι-

2046 2626 2293 2693 στιανῶν,
2342 2623 2432 2679 καὶ
2488 2632 2606 2690 τοῖς
2664 2629 2912 2701 εὐμενέσι
2961 2632 3293 2705 καταλλάξαι
3351 2623 3698 2715 θεοῖς.Ἐγὼ

2046 2708 2149 2783 γὰρ
2172 2708 2369 2785 τέχνην
2414 2717 2587 2770 πᾶσαν
2642 2717 2731 2772 καὶ
2789 2724 2949 2794 χεῖρα
3006 2724 3251 2796 κινήσας,
3284 2724 3542 2799 οὐδεμίαν
3601 2708 3696 2784 εῦ-

2047 2817 2139 2872 ρον
2180 2804 2280 2853 τοῦ
2332 2806 2502 2858 κακοῦ
2558 2806 2878 2880 θεραπείαν·
2938 2807 3087 2866 ἀλλά
3140 2812 3353 2869 πάντων
3405 2819 3695 2892 κρείττονα

2042 2888 2142 2979 τὴν
2171 2887 2334 2943 αὐτοῦ
2390 2892 2617 2966 γνώμην
2674 2893 3000 2971 ἐθεασάμην.
3052 2899 3119 2957 Ei‘
3174 2904 3364 2977 πράως
3423 2887 3571 2979 αὐτῷ
3601 2908 3687 2962 ὲν-

2043 2976 2238 3051 έτυχον
2269 2979 2358 3033 καὶ
2389 2980 2589 3055 ἠπίως,
2618 2982 2743 3039 οὐδὲ
2770 2986 2861 3041 τὸν
2889 2991 3012 3042 νοῦν
3049 3004 3147 3062 μοι
3175 2976 3522 3069 προσέχοντα
3539 2976 3685 3060 όλως

2041 3064 2308 3156 εὕρισκον·
2341 3068 2704 3156 εἷ’ναύστηρῶς
2749 3073 3075 3151 ἐχρησάμην
3129 3079 3220 3134 καὶ
3271 3064 3573 3156 ἐμῦνριθῶς,
3608 3087 3686 3149 εἰς

2037 3151 2292 3245 ἀπόνοιαν
2327 3155 2539 3230 μᾶλλον
2591 3161 2877 3235 αἰρόμενον
2933 3165 3221 3241 ἐθεώρουν.
3255 3151 3339 3243 Τῇ
3486 3151 3682 3229 λοιπὸν

2040 3243 2208 3337 σοφία
2235 3244 2301 3299 τά
2336 3253 2437 3337 τῆς
2496 3248 2831 3322 ἐπελθούσης
2889 3275 2985 3326 μοι
3018 3264 3299 3334 συμφορᾶς
3362 3243 3683 3337 ἀνατίθημι.

2043 3332 2107 3386 Et
2132 3333 2246 3402 οὗν,
2277 3335 2477 3406 ταύτης
2528 3337 2866 3416 ἀπαλλαγεὶε
2923 3340 3013 3399 διὰ
3068 3332 3185 3419 σοῦ,
3208 3332 3315 3403 Ἵτὸν
3370 3348 3501 3421 ἐμὸν
3533 3353 3687 3417 αὖθις

2041 3417 2248 3496 ὄψομαι
2282 3425 2394 3479 υἱὸν
2425 3426 2515 3482 σὺν
2550 3428 2674 3501 ἐμοὶ
2723 3436 2841 3493 τοῖς
2894 3434 3039 3496 θεοῖς
3095 3457 3198 3508 μου
3231 3437 3561 3515 λατρεύοντα
3589 3444 3686 3499 καὶ

2037 3516 2145 3606 τῶν
2179 3512 2481 3589 ἐπιθυμιῶν
2510 3525 2610 3588 τῆς
2653 3518 2912 3591 ἐνηδόνου
2947 3529 3093 3593 ζωῆς
3140 3512 3346 3597 ταύτης
3382 3529 3471 3584 καὶ
3523 3532 3687 3606 βασι-

2041 3599 2191 3664 λείας
2249 3603 2635 3677 ἀπολαυοντα,
2688 3607 2895 3680 στήλην
2948 3632 3033 3667 σοι
3090 3614 3368 3691 ἀνεγείρας
3419 3599 3633 3693 χρύσῆν
3664 3663 3683 3691 ,

2038 3687 2125 3743 ῒσα
2180 3692 2322 3755 θεοῖς
2382 3697 2619 3769 θήσομαι
2676 3698 2821 3773 παρά
2875 3699 3087 3758 πάντων
3143 3708 3403 3778 τιμᾶσθαι
3458 3708 3535 3773 εἷς
3585 3711 3681 3765 τὸν

2037 3779 2257 3835 ἐπιόντα
2286 3781 2641 3856 ἀτελεύτητον
2675 3787 2899 3863 χρόνον.

2104 3963 2163 4019 Ὁ
2192 3961 2392 4027 Θευδᾶς
2448 3966 2627 4021 τοίνυν
2690 3964 2781 4031 οῦς
2839 3969 3068 4040 εὐήκοον
3131 3972 3426 4038 ὑποκλίνας
3460 3982 3542 4050 τῷ
3573 4000 3682 4034 πο-

2030 4057 2204 4127 νηρῷ,
2235 4053 2323 4107 καὶ
2355 4057 2481 4128 παρ’
2510 4055 2717 4111 ἐκείνοῦ
2764 4058 2991 4131 μυηθεὶς
3022 4063 3134 4134 (98)
3195 4060 3402 4137 βουλὴν
3432 4069 3679 4140 πονηράν

2030 4143 2116 4197 καὶ
2176 4141 2448 4217 ὀλέθριον,
2503 4143 2727 4219 γλῶσσά
2779 4168 2837 4202 τε
2886 4146 2977 4203 καί
3036 4151 3211 4223 στόμα
3267 4152 3413 4224 αὐτῷ
3442 4157 3674 4229 γενόμε-

2026 4252 2119 4296 νος
2148 4235 2278 4305 (99),
2312 4238 2443 4309 φησι
2484 4236 2629 4292 267
2666 4235 2802 4310 πρὸς
2860 4236 2951 4291 τὸν
3006 4238 3253 4314 βασιλέα·
3304 4241 3373 4299 Εἴ
3398 4245 3677 4320 χειρώσα-

2029 4322 2146 4376 σθαι
2178 4322 2269 4379 τὸν
2294 4322 2383 4377 σὸν
2422 4321 2609 4397 βούλει
2653 4324 2794 4397 υἱὸν,
2826 4324 2915 4379 καὶ
2947 4327 3108 4396 κενὴν
3164 4329 3314 4403 αὐτῷ
3357 4333 3456 4402 τὴν
3489 4330 3677 4391 ἔνστα-

2029 4432 2111 4499 σιν
2145 4416 2337 4499 θεῖναι,
2372 4411 2594 4499 εὕρηταί
2628 4434 2722 4486 μοι
2751 4414 2921 4489 τέχνη
2977 4415 3114 4490 πρὸς
3145 4417 3210 4487 ἢν
3263 4418 3386 4475 οὐδὲ
3423 4422 3673 4499 ἀντέχειν

270 4482 379 4536 tari
404 4481 569 4536 nullo
582 4481 756 4537 modo
779 4482 1019 4554 poterit,
1041 4501 1245 4541 verum
1267 4486 1451 4542 durus
1473 4489 1660 4560 ipsius
1682 4495 1915 4551 animus

2044 4502 2252 4562 ῖυνατὸς
2285 4481 2456 4569 ἔσται’,
2501 4481 2646 4556 ἀλλά
2689 4481 2855 4575 ῥᾷον,⁷
2877 4481 3291 4576 μαλαχθήσεται
3324 4510 3350 4562 ὁ
3382 4481 3668 4584 ἀτεράμων

264 4570 501 4625 facilius
526 4571 1070 4643 emollietur,quam
1092 4591 1227 4629 cera
1246 4575 1473 4646 ingenti
1495 4594 1633 4650 rogo
1656 4582 1910 4639 admota.

2044 4588 2110 4642 ιαὶ
2164 4588 2486 4661 ἀμείλικτος
2516 4570 2697 4644 αὐτοῦ.
2718 4570 2986 4665 λογισμὸς
3013 4570 3066 4661 ἦν
3080 4570 3250 4670 κηρὸς
3277 4570 3517 4672 πυρκαίᾷ
3545 4570 3673 4679 σφο.

260 4660 382 4713 Rex
402 4660 603 4731 itaque
624 4677 837 4716 vanum
860 4662 1165 4717 hominem
1188 4663 1353 4718 inani
1378 4669 1606 4721 tumore
1630 4668 1902 4730 inﬂatum

2047 4676 2245 4752 ροτάτῃ
2280 4676 2579 4751 ὁμιλήσας.
2611 4680 2672 4736 Ὁ
2703 4677 2761 4735 Si
2790 4679 3069 4754 βασιλεὺς,
3121 4683 3217 4739 τὸν
3262 4683 3489 4756 μάταιον
3526 4660 3669 4742 οὕτω

259 4748 568 4819 videns,ad
580 4749 941 4822 voluptatem
958 4750 1156 4805 statim
1170 4750 1474 4821 animique
1494 4753 1611 4810 lati
1622 4757 1760 4813 tiam
1775 4778 1904 4818 sese

2054 4773 2268 4837 ιακενῆς
2303 4772 2553 4844 φυσῶντα
2585 4765 2737 4837 ἰδών,
2784 4768 2920 4842 πρὸς
2975 4767 3186 4841 ἡδονὴν
3220 4771 3374 4835 εὐθύς
3402 4775 3493 4829 καὶ
3542 4797 3672 4853 φαι-

259 4838 567 4909 convertit,
602 4855 848 4909 sperans
896 4837 1188 4907 videlicet,
1217 4840 1584 4909 petulantem
1633 4846 1799 4904 illam
1849 4858 1906 4907 et

2049 4854 2251 4930 ρότητα
2283 4837 2673 4929 μετεϐάλλετο,
2702 4837 2930 4920 ἐλπίσας
2982 4837 3084 4927 τὴν
3116 4837 3421 4917 ἀκόλαστον
3455 4837 3664 4936 ἐκείνην

259 4926 544 4981 audacem
568 4925 833 4997 linguam
866 4924 1136 4979 animum
1184 4924 1465 4983 divinitus
1514 4931 1785 4992 edoctum
1834 4959 1902 4999 ac

2048 4924 2099 5000 αἱ
2143 4924 2392 5019 θρασεῖαν
2447 4924 2701 5021 γλῶσσαν
2752 4952 2851 5016 τῆς
2902 4945 3251 5010 θεοδιδάκτου
3298 4952 3388 5005 καί
3434 4924 3669 5030 φιλοσό-

330 5075 444 5172 (9ξ)
476 5077 538 5172 (Ξ,
573 5073 849 5172 μζησξῐείς.
883 5075 1386 5172 Permutatipnem
1422 5094 1553 5172 ean;
1587 5086 1832 5172 grac‘tavi
1890 5110 1923 5147 ἃ

2044 5095 2281 5172 ἰίοθιειῐῐι
2310 5114 2367 5168 p.
2406 5100 2523 5151 143.
2557 5098 2682 5153 Vid.
2741 5106 2797 5172 et
2851 5101 3107 5172 Xyland.
3161 5103 3233 5158 ad
3265 5104 3419 5159 Plut.
3456 5108 3533 5159 De
3566 5123 3664 5160 su-

259 5151 442 5214 perst.
498 5147 525 5211 §
582 5148 664 5200 18.
720 5148 884 5199 Nunc
942 5152 1032 5200 est
1089 5144 1315 5216 μυηθεῖς
1366 5164 1469 5217 pro
1526 5147 1823 5231 διδαχθεὶς,

259 5233 315 5263 n.
350 5218 491 5263 272:
522 5216 579 5263 '0
611 5215 792 5263 τοίνυν
823 5214 1117 5263 Ἑοακλῆε-
1179 5214 1537 5263 διεῶνάιιενοκ·
1592 5223 1665 5263 c3,-
1696 5228 1794 5263 ιι--ὶυ
1843 5236 1916 5263 φ..

2044 5168 2150 5253 bv,‘
2176 5174 2241 5221 ut
2395 5173 2518 5257 ‘155
2600 5171 2857 5256 Isaacius
2909 5144 3325 5263 'l’,orphyr.‘De
3357 5181 3663 5263 pra't‘erm.

1091 5214 1098 5216 ν
1366 5214 1382 5217 _
1655 5214 1691 5229 ,ν
2180 5214 2240 5221 κ-
2349 5214 2361 5224 .
2423 5214 2516 5223 ην
2600 5214 2857 5226 ,μυώνων
2915 5214 3018 5226 ιν.
3074 5214 3110 5226 μ
3156 5214 3204 5229 ..
3246 5214 3325 5230 υυ
3401 5214 3663 5235 “manu.

259 5216 579 5317 pl.n2721;‘0
611 5215 792 5301 τοίγυν
823 5214 1119 5299 ’ξρακλῆα
1148 5214 1665 5317 [διερχρμξνοςθείς
1696 5214 2036 5317 τῆν’Τρρίαν
2066 5214 2152 5317 κάξ
2217 5214 2440 5317 μυηθεὶς
2484 5259 2557 5317 τα
2609 5238 2888 5317 γινόμενα,
2940 5214 3141 5315 ἡρῶτάι
3182 5214 3669 5317 τὸν-Λὲομὲδοντι

260 5282 278 5285 _
854 5282 896 5299 -_
1055 5282 1061 5284 Ἴ
1108 5282 1113 5283 ,
1264 5282 1273 5290 ,
1301 5282 1337 5289 ,,
1378 5282 1386 5287 .
1427 5289 1439 5303 ‘
1525 5282 1530 5284 ν
1653 5282 1663 5286 -
1752 5282 1761 5294 ,
1851 5282 1869 5284 -
1937 5282 2030 5288 --ννν
2068 5282 2151 5290 ..ν--
2262 5282 2308 5290 ν-
2335 5282 2439 5301 υννς
2501 5282 2557 5292 υν-
2650 5282 2727 5295 »νυ
2780 5282 2866 5295 νγ*
2947 5282 2959 5295 ι
3017 5282 3129 5296 wuvln
3193 5282 3273 5299 bVV
3310 5282 3419 5299 Αιιιυ
3472 5282 3666 5302 ςνυυνιι

338 5282 400 5389 δξῖθ
425 5282 598 5389 καλὸς
622 5290 761 5389 “PZ:
778 5305 1016 5389 SOUTOVJ
1039 5289 1278 5389 ποιήσεέν
1300 5288 1358 5389 ,εἶ
1387 5309 1462 5379 το,
1508 5282 2016 5389 κ’ἦτοςηάναιρῗήσει
2070 5308 2155 5361 καὶ
2217 5282 2323 5376 Si”.
2377 5308 2544 5365 παῖδα
2595 5282 2694 5381 τιῆς
2736 5282 3176 5389 Γ’ἐούτόυηδβορᾰτς
3230 5282 3666 5388 ἐκλυτρῶσηται.

314 5373 341 5389 ο
374 5372 461 5389 11¹ΙΩ
494 5372 561 5389 nn
609 5372 675 5389 ον
839 5372 850 5385 ⁸
884 5378 973 5389 ..Λ-
1025 5379 1085 5389 ι.-
1124 5377 1152 5389 Λ
1254 5380 1281 5389 «ι
1327 5380 1442 5389 ..-Α.
1462 5383 1617 5389 .-Α..--.
1764 5374 1800 5389 1-
1866 5377 1879 5389 1
2102 5381 2187 5389 ...-
2221 5381 2230 5389 ι
2483 5387 2497 5389 _
2526 5388 2532 5389 κ
2616 5385 2682 5389 ξω-
2843 5384 2850 5389 .
3074 5384 3111 5389 -.
3444 5383 3465 5389 Α

257 5356 464 5410 Melius
494 5356 678 5410 codex
708 5359 807 5409 817
838 5372 850 5409 :
884 5359 1089 5431 ποιήσῃ
1124 5368 1181 5414 et
1227 5356 1643 5433 ἐκλυτρώσετάι.
1678 5356 1927 5431 ΗθΙίοᾶό

257 5430 361 5472 τῶν
394 5425 529 5472 κατὰ
555 5426 655 5472 τῆν
682 5424 850 5472 udam
886 5426 961 5472 sic
994 5426 1177 5472 aiimnu
1216 5434 1466 5472 mmo-Ama
1523 5437 1711 5472 Γῖητιεη
1749 5446 1927 5472 νη.-.

2073 5356 2155 5361 --ω
2384 5356 2544 5365 .._.-_
2606 5356 2692 5373 η,
2764 5356 2947 5368 πυτ-
3050 5356 3074 5368 ν
3118 5356 3175 5377 ,ς
3230 5356 3390 5371 πη..
3431 5356 3666 5376 ww“...

2044 5356 2339 5472 ’ἐξαιὼῇ
2384 5401 2442 5450 ιι,
2476 5387 2537 5438 31
2567 5400 2580 5438 :
2614 5356 2695 5472 ςιέά
2717 5356 3041 5472 σαφέρτεραΓ
3155 5389 3243 5442 καὶ
3307 5356 3667 5472 ἀκρεῖϐέστερα

253 5430 361 5479 τῶν
394 5425 529 5478 κατά
555 5426 655 5491 τήν
682 5424 850 5498 κόρην
886 5426 961 5488 εἰς
994 5400 1177 5503 ἀῦἕιον
1215 5400 1486 5505 μυηθηιθῃ.
1523 5400 1927 5504 Οοίίθὲὕίνέξυιῗεξ

256 5497 373 5552 lius
406 5498 718 5553 convenire
750 5497 998 5553 videtur.

2081 5400 2332 5505 mtmog.
2384 5401 2442 5450 II,
2476 5400 2537 5438 di
2567 5400 2580 5438 :
2614 5400 2695 5440 'l'a
2717 5404 3011 5469 σαφεστέρα
3070 5400 3128 5440 σε
3155 5400 3243 5442 καὶ
3307 5400 3663 5472 άκριῦεστερα

2044 5454 2159 5521 409,
2196 5471 2271 5522 μα
2308 5453 2434 5525 ήσῃ,
2479 5457 2635 5527 quod
2668 5457 2964 5514 Heliodori
3004 5458 3205 5531 proba
3245 5466 3497 5519 orationi
3529 5478 3663 5519 me-

283 5516 373 5552 ius
406 5516 718 5553 COHVBDII‘B
750 5516 998 5555 Vlﬂelur.

329 5569 445 5640 (99)
474 5569 637 5625 Conf.
662 5586 719 5643 p.
752 5572 875 5625 275.
