3994 6150
351 340 494 410 Η37

1507 355 1678 410 νιτΑ
1714 345 2070 410 manu]
2104 340 2198 410 iu-
2233 308 2578 409 roseam.

3612 334 3754 404 1138

352 475 476 556 φίας
517 474 797 553 γεμούσης
849 477 1220 554 περιγενὲσθαι
1271 478 1344 550 (1)
1397 475 1599 551 ψυχῆς.
1660 474 1758 531 Καὶ
1813 475 1898 540 τίς
1953 477 1990 546 ἠ

2120 477 2499 550 philos0phiae
2553 475 2798 547 plenum
2831 474 3244 544 superaturam
3291 487 3442 529 esse.
3487 473 3757 546 Cumque

349 569 525 642 τὲχνη
564 572 752 641 μαθεῖν
777 566 964 640 ἤρετο.
993 567 1126 622 Τότε
1157 563 1356 628 Θευδᾶς
1411 565 1539 620 ὡσεὶ
1595 565 1749 637 ξυρὸν
1803 567 2001 636 ἠκονη-

358 657 522 731 μένον
554 659 632 730 (2)
660 655 868 733 ὑφαίνει
901 657 962 711 τὸ
1011 655 1372 729 κακούργημα
1427 653 1516 709 καὶ
1573 652 1760 716 δεινῶς
1819 653 2000 730 ἀρτύει

352 749 422 801 τὰ
453 746 731 823 φάρμακα.
762 744 867 801 Καὶ
918 740 1018 819 ὅρα
1050 745 1287 822 σόφισμα
1331 745 1662 818 κακότεχνον
1720 742 1810 798 καὶ
1869 744 2001 798 ὑπο-

353 831 536 904 ϐολήν
567 838 664 888 τοῦ
694 837 958 910 πονηροῦ.
1003 835 1232 903 Πάντας,
1267 833 1455 913 φησὶν,
1513 834 1556 887 ὧ
1603 833 1844 908 βασιλεῦ,
1874 831 2001 895 τοὺς

353 923 794 998 παρισταμένους
845 927 925 995 τῷ
981 925 1086 994 υὶῷ
1143 943 1238 977 σου
1293 923 1383 977 καὶ
1435 923 1836 996 ὑπηρετοῦντας
1896 942 2004 994 μα-

355 1011 556 1087 κρύνας
591 1013 682 1067 ἀπ’
708 1011 893 1080 αὐτοῦ,
923 1017 1178 1086 γυναῖκας
1218 1009 1444 1074 εὐειδεῖς
1497 1011 1589 1066 καὶ
1647 1011 1770 1066 λίαν
1849 1031 2006 1086 περι-

356 1099 722 1171 καλλεῖς,καὶ
781 1099 1198 1174 κεκοσμημένας
1283 1100 1360 1163 εἷς
1433 1101 1496 1156 τὸ
1571 1099 2002 1177 ἐπαγωγότερον,

362 1194 599 1244 συνεῖναι
631 1189 777 1261 αὐτῷ
823 1187 1095 1260 διηνεκῶς
1151 1189 1240 1244 καὶ
1295 1194 1712 1263 καθυπηρετεῖν,
1773 1186 2006 1243 συνδιαι-

361 1277 554 1344 τᾶσθαί
607 1299 666 1333 τε
720 1277 810 1334 καὶ
864 1277 1299 1349 συναυλίζεσθαι,
1351 1278 1668 1355 πρόσταξον.
1727 1279 1865 1354 Ἐγὼ
1924 1277 2002 1350 δὲ,

359 1370 471 1421 τῶν
503 1365 825 1439 πνευμάτων
858 1360 913 1420 ἕν
941 1370 1048 1421 τῶν
1075 1365 1151 1430 εἷς
1196 1366 1264 1421 τὰ
1315 1366 1539 1422 τοιαῦτά
1599 1387 1692 1440 μοι
1741 1367 2005 1441 τεταγμέ-

360 1477 464 1510 νων
499 1453 894 1517 ἐπαποστείλας
932 1454 1102 1527 αὐτῷ,
1166 1454 1470 1531 βιαιότερον
1525 1456 1588 1510 τὸ
1643 1458 1742 1524 τῆς
1799 1453 2007 1526 ἠδονης

360 1547 468 1618 πῦρ
501 1543 706 1617 ἆνάψω.
743 1543 844 1599 Καὶ
877 1541 990 1616 ἅμα
1016 1547 1096 1614 τῷ
1154 1543 1492 1619 συγγενέσθαι
1549 1543 1709 1600 αὐτὸν
1766 1548 1865 1617 μιᾷ
1915 1545 2006 1599 καὶ

367 1631 503 1704 μόνῃ
532 1633 639 1685 τῶν
667 1629 930 1684 τοιούτων
988 1633 1278 1703 γυναικῶν,
1335 1628 1381 1684 εἷ
1444 1630 1520 1703 μή
1552 1632 1725 1686 πάντα
1781 1625 1881 1702 ἔξει
1921 1651 2005 1685 σοι

362 1719 498 1774 κατὰ
527 1719 780 1794 γνώμην,
812 1715 1115 1792 παροπτέος
1147 1717 1252 1793 ἐγὼ
1280 1719 1343 1773 τὸ
1365 1716 1560 1774 λοιπόν
1593 1740 1676 1774 σοι
1708 1719 1797 1774 καὶ
1828 1716 2006 1794 ἄχρη-

2110 583 2385 636 quaenam
2400 565 2504 621 illa
2515 582 2610 621 ars
2627 568 2863 619 essetex
2879 578 2946 617 eo
2965 562 3387 630 sciscitaretur,
3414 565 3541 616 tum
3562 564 3756 620 Theu-

2110 653 2235 721 das,
2255 660 2540 725 tanquam
2570 651 2861 708 novacula
2891 655 3064 706 acuta
3086 650 3286 705 dolum
3299 651 3564 707 contexit
3586 653 3756 721 (Psal.

2106 742 2297 811 Lxxu),
2309 743 2639 812 callideque
2659 742 2983 813 pharmaca
2996 741 3515 811 comparat.Atque
3529 740 3756 812 impro-

2108 831 2244 887 bam
2260 833 2555 898 technam,
2577 830 2916 900 diabolique
2934 829 3498 899 Consilium,quaaso,
3527 830 3756 902 perspi-

2111 937 2196 976 ce.
2221 920 2528 988 Omnibus,
2552 920 2771 989 inquit,
2795 936 2827 973 ο
2844 934 2968 986 rex,
2993 918 3090 988 qui
3128 917 3250 972 filio
3264 923 3645 989 astantatque
3663 919 3758 974 in-

2111 1008 2474 1076 serviunt,ab
2493 1024 2561 1062 eo
2575 1006 2780 1078 procul
2797 1004 3389 1077 disjunctis,pulchra
3402 1010 3758 1076 etperquam

2112 1097 2368 1170 eleganti
2391 1097 2582 1152 forma
2607 1095 2888 1168 praeditas
2931 1094 3236 1162 mulieres,
3271 1098 3447 1165 atque
3478 1094 3551 1150 ad
3582 1095 3759 1166 pelli-

2111 1186 2352 1242 ciendos
2375 1187 2606 1241 animos
2627 1185 3107 1252 adornatas,cum
3121 1200 3188 1238 eo
3211 1189 3498 1255 perpetuo
3512 1184 3756 1253 versari,

2113 1276 2344 1347 ipsique
2369 1275 2730 1342 ministrare,
2752 1273 3002 1344 vitaeque
3025 1272 3518 1329 consuetudinem
3541 1278 3601 1329 et
3613 1289 3759 1329 con-

2115 1365 2452 1420 tubernium
2471 1381 2604 1420 cum
2637 1381 2704 1420 eo
2736 1363 2954 1420 habere
2965 1362 3131 1436 jube.
3163 1364 3280 1435 Ego
3312 1366 3508 1419 autem
3540 1379 3660 1418 uno
3682 1379 3756 1418 ex

2111 1454 2184 1508 iis
2207 1453 2532 1525 spiritibus,
2560 1471 2706 1525 quos
2729 1452 2802 1509 ad
2823 1469 2919 1508 res
2940 1452 3657 1525 hujusmodicomparavi,
3682 1452 3759 1508 ad

2113 1559 2248 1598 eum
2264 1548 2470 1615 postea
2489 1542 3103 1612 submisso,acriorem
3121 1541 3436 1613 voluptatis
3450 1542 3646 1614 ignem
3661 1558 3760 1596 ex-

2113 1632 2326 1688 citabo.
2361 1635 2442 1687 Ac
2457 1632 2636 1687 simul
2665 1637 2842 1703 atque
2871 1631 2964 1686 vel
2985 1648 3120 1687 cum
3132 1647 3253 1687 una
3271 1631 3396 1686 sola
3417 1630 3762 1703 hujusmodi

2112 1721 2465 1777 muliercula
2486 1738 2612 1776 rem
2636 1720 3052 1788 habuerit,nisi
3081 1720 3185 1775 tibi
3219 1720 3421 1776 omnia
3463 1737 3532 1776 ex
3573 1719 3759 1776 animi

365 1828 511 1876 στος,
533 1808 622 1862 καὶ
657 1809 811 1864 208
837 1811 1124 1880 τιμωριῶν
1160 1806 1452 1883 μεγίστων,
1484 1808 1546 1862 οὐ
1603 1811 1803 1882 τιμῶν,
1836 1808 2004 1879 ἄξιος.

2120 1810 2409 1866 sententia
2431 1811 2638 1878 ﬂuant,
2664 1811 2776 1865 erit
2789 1811 2918 1882 jam
2941 1827 3047 1866 cur
3068 1826 3162 1865 me
3186 1815 3556 1877 contemnas,
3581 1815 3757 1880 atque

366 1892 534 1953 Οὐδὲν
565 1894 666 1970 γὰρ
701 1896 776 1958 ὡς
828 1891 953 1969 ὄψις
984 1901 1256 1970 γυναικῶν
1317 1896 1609 1972 ἐπάγεσθαι
1665 1901 1756 1952 καί
1801 1895 2007 1973 θέλγειν

373 1983 508 2048 τοὺς
559 1983 798 2060 ἆρῥὲνων
856 1984 1163 2058 λογισμοὺς
1217 1983 1441 2064 πέφυκε.
1499 1987 1598 2041 Καὶ
1645 1984 1874 2041 ἇίιιουσον
1927 1983 2012 2040 δι-

373 2077 626 2152 ηγήσεως
646 2078 728 2146 τῷ
749 2072 866 2147 ἐμῷ
895 2074 1391 2150 συμμαρτυρούσης
1423 2074 1490 2152 ῥή
1503 2097 1654 2149 ματι.

443 2342 604 2397 ΚΕΦ.
638 2340 718 2397 Α“.
749 2373 818 2384 -
848 2339 1114 2403 Βασιλεύς
1142 2361 1226 2404 τις
1257 2339 1452 2404 παιδὸς
1512 2342 1758 2418 ἀμοιρῶν
1791 2339 2012 2418 ἅρῥενος

372 2431 586 2500 ἠνιᾶτο,
648 2427 770 2484 λίαν
841 2431 942 2499 τήν
996 2431 1180 2505 ψυχὴν
1233 2430 1561 2506 ἀχθόμενος,
1615 2431 1704 2486 καὶ
1753 2430 2015 2506 ἀτύχημα

371 2523 533 2574 τοῦτο
563 2519 628 2573 οὐ
661 2518 852 2594 μικρὸν
894 2517 1270 2593 λογιζόμενος.
1326 2521 1418 2576 Ἐν
1471 2519 1685 2582 τούτοις
1744 2521 1833 2575 οῦν
1867 2520 2013 2592 αὐτῷ

375 2607 492 2663 ὅντι
522 2611 765 2683 γεννᾶται
797 2608 938 2670 υἱός
970 2608 1060 2662 καὶ
1117 2613 1292 2683 χαρᾶς
1340 2607 1428 2663 ἐπὶ
1457 2608 1635 2682 τούτῳ
1659 2610 1760 2679 τήν
1790 2607 2010 2684 καρδίαν

376 2694 737 2773 ἐπεπλήρωτο
768 2696 796 2751 ὁ
831 2695 1104 2772 βασιλεὺς.
1137 2700 1308 2753 Εἶπον
1342 2694 1399 2752 δὲ
1425 2697 1573 2770 αὐτῷ
1603 2699 1655 2752 οἱ
1684 2702 1790 2753 τῶν
1817 2698 2014 2774 ἰατρῶν

381 2783 766 2857 ἐπιστήμονες,
800 2785 899 2856 ὡς,
951 2783 1000 2840 εἷ’
1055 2785 1204 2848 ἐντὸς
1259 2790 1368 2841 τῶν
1427 2784 1638 2841 δώδεκα
1669 2790 1742 2859 (3)
1793 2787 2013 2861 χρόνων

383 2869 614 2944 ἥλιονῆ
663 2877 768 2948 πῦρ
816 2875 880 2930 τὸ
933 2871 1151 2929 παιδίον
1209 2878 1368 2929 τοῦτο
1431 2872 1570 2946 ’ίδοι,
1627 2876 2013 2951 στερηθήσεται

380 2963 683 3018 παντάπασι
712 2967 810 3020 τοῦ
859 2963 1057 3042 φωτός·
1116 2968 1277 3018 τοῦτο
1333 2964 1436 3039 γὰρ
1493 2966 1528 3034 ἠ
1584 2969 1693 3020 τῶν
1751 2966 2016 3038 ὀμμάτων

379 3051 544 3107 αὐτοῦ
575 3053 721 3116 θέσις
755 3051 940 3123 δηλοῖ.
972 3057 1149 3107 Ταῦτα
1171 3053 1262 3107 τὸν
1321 3051 1546 3128 βασιλέα
1574 3052 1874 3108 ἀκούσαντα
1923 3051 2012 3107 λέ-

2115 1904 2182 1954 ut
2202 1900 2428 1955 nullius
2449 1915 2592 1954 usus
2609 1900 3064 1966 hominem,non
3086 1898 3433 1969 honoribus,
3454 1898 3556 1954 sed
3570 1899 3760 1953 maxi-

2116 1988 2229 2043 mis
2244 1987 2552 2059 suppliciis
2570 1986 2952 2042 afficiendum
2966 1986 3332 2042 ducas.Nihil
3350 1987 3509 2042 enim
3522 2002 3758 2042 mascu-

2116 2077 2312 2132 lorum
2333 2077 2563 2132 animos
2589 2076 2835 2148 perinde
2858 2077 3097 2132 allicere
3125 2092 3193 2132 ac
3226 2075 3564 2132 demulcere
3581 2075 3754 2144 solet,

2114 2171 2184 2221 ut
2210 2165 2568 2220 feminarum
2615 2169 2988 2236 conspectus.
3039 2166 3230 2236 Atque
3270 2169 3337 2220 ut
3386 2164 3761 2220 sermonibus

2117 2254 2268 2312 meis
2300 2254 2477 2310 fidem
2507 2253 3132 2321 adhibeas,historiam
3153 2254 3309 2309 hanc
3329 2253 3508 2308 velim
3533 2252 3762 2309 audias.

2188 2346 2320 2400 CAP.
2370 2343 2546 2399 XXX.
2595 2374 2664 2383 —
2713 2345 2834 2398 Rex
2864 2342 3107 2414 quidam
3141 2359 3274 2398 cum
3308 2342 3574 2400 mascula
3597 2342 3764 2414 prole

2119 2437 2348 2489 careret
2367 2433 2748 2487 vehementer
2767 2432 2965 2488 animo
2983 2432 3586 2504 angebatur,eamque
3605 2431 3764 2488 cala-

2118 2523 2386 2577 mitatem
2412 2519 2570 2575 haud
2587 2537 2826 2591 parvam
2851 2521 3246 2577 existimabat.
3279 2523 3399 2576 Hoc
3429 2522 3607 2593 igitur
3625 2539 3762 2576 cum

2120 2616 2275 2666 statu
2297 2614 2472 2677 esset,
2496 2609 2688 2664 filium
2738 2610 2799 2664 in
2848 2610 3043 2665 lucem
3066 2609 3272 2675 edidit,
3305 2626 3491 2680 eoque
3518 2610 3760 2665 nomine

2119 2715 2351 2754 summa
2369 2697 2670 2768 voluptate
2693 2697 2966 2768 perfusus
2989 2701 3096 2751 est.
3133 2697 3418 2752 Dixerunt
3463 2701 3662 2753 autem
3687 2697 3762 2752 ad

2119 2804 2254 2843 eum
2277 2786 2492 2843 eruditi
2525 2785 2765 2857 quidam
2798 2785 3036 2853 medici,
3063 2784 3190 2840 fore
3219 2789 3286 2840 ut
3315 2785 3363 2841 si
3408 2803 3557 2858 puer
3603 2786 3762 2842 intra

2119 2877 2432 2933 duodecim
2463 2891 2651 2931 annos
2680 2874 2867 2930 solem
2901 2878 3004 2930 aut
3050 2874 3251 2946 ignem
3284 2875 3760 2942 videret,lumine

2117 2983 2359 3038 prorsus
2377 2964 2704 3029 orbaretur,
2738 2963 2799 3018 id
2829 2965 2989 3019 enim
3012 2980 3082 3018 ex
3103 2964 3410 3019 oculorum
3431 2964 3618 3036 ipsius
3641 2965 3758 3020 situ

2120 3055 2581 3128 designari.Quaa
2602 3069 2735 3108 cum
2759 3057 2925 3123 pater
2935 3051 3564 3124 audisset,cubiculum
3580 3053 3764 3124 quod-

375 3163 522 3218 γεται
554 3143 794 3198 οἰκίσκον
827 3141 1095 3218 ἂντρῶδες
1127 3145 1202 3216 (4)
1261 3143 1320 3198 ἐκ
1375 3145 1571 3214 πέτρας
1619 3146 1767 3208 τινὸς
1822 3144 2011 3217 λαξεῦ-

2122 3144 2257 3200 dam
2280 3143 2598 3198 obscurum
2623 3158 2694 3197 ex
2714 3157 2861 3212 rupe
2883 3141 3138 3212 quadam
3151 3141 3514 3210 condidisse,
3541 3141 3765 3196 ﬁlium-

378 3252 488 3301 σαι,
519 3231 735 3287 κάκεῖσε
761 3232 851 3287 τὸν
885 3230 1052 3289 παῖδα
1081 3233 1217 3305 μετᾶ
1269 3237 1374 3288 τῶν
1433 3233 1794 3304 τιθηνούντων
1846 3235 2006 3289 αὐτὸν

377 3319 826 3391 κατακλείσαντα,
862 3319 1145 3394 μηδόλως,
1181 3321 1346 3397 μέχρι
1405 3321 1854 3398 συμπληρώσεως
1903 3327 2011 3379 τῶν

380 3406 590 3464 δώδεκα
649 3408 926 3480 ἐνιαυτῶν,
985 3410 1164 3485 φωτὸς
1220 3407 1492 3481 ὑποδεῖξαι
1553 3413 1912 3487 μαρμαρυγήν
1950 3411 2014 3467 τὸ

377 3499 650 3574 παράπαν.
684 3499 834 3555 Μετὰ
863 3495 920 3553 δὲ
947 3501 1046 3568 τὴν
1078 3498 1476 3574 συμπλήρωσιν
1506 3505 1613 3554 τῶν
1647 3498 1854 3555 δώδεκα
1885 3500 2016 3555 ἐτῶν

381 3586 555 3662 ἐξάγει
583 3591 681 3642 τοῦ
712 3586 953 3643 οῗκίσκου
1000 3588 1093 3643 τὸν
1121 3586 1290 3643 παῖδα
1351 3587 1516 3662 μηδὲν
1571 3587 1716 3653 ὅλως
1772 3594 1868 3644 τοῦ
1922 3590 2016 3644 κό-

383 3696 524 3747 σμου
553 3675 901 3750 θεασάμενον,
931 3677 1020 3730 καὶ
1051 3675 1259 3732 κελεύει
1295 3678 1322 3732 ὁ
1347 3676 1600 3753 βασιλεὺς
1652 3679 1826 3732 πάντα
1883 3679 2017 3732 κατὰ

383 3766 542 3841 γὲνος
600 3768 1049 3842 παραστήσαντας
1112 3765 1390 3838 ὑποδεῖξαι
1449 3767 1614 3841 αὐτῷ,
1665 3766 1862 3844 ἄνδρας
1920 3769 2014 3842 μὶν

385 3855 437 3909 ἐν
479 3855 556 3910 ἐνὶ
584 3854 758 3928 τόπῳ,
790 3853 1045 3912 ἀλλαχοῦ
1077 3854 1136 3910 δὲ
1179 3862 1454 3932 γυναῖκας,
1512 3855 1732 3932 ἑτέρωθι
1788 3858 2017 3933 χρυσὸν,

386 3942 972 4020 ἅργυρον,ἀλλαχόθεν
1034 3944 1365 4021 μαργαρίτας
1417 3966 1476 4001 τε
1532 3949 1622 4000 καὶ
1679 3944 1863 4008 λίθους
1917 3968 2020 4001 πο-

385 4031 660 4102 λυτελεῖς,
689 4034 883 4106 ἱμάτια
929 4031 1159 4107 λαμπρᾶ
1185 4033 1276 4088 καὶ
1306 4033 1529 4106 κόσμια,
1588 4032 1814 4108 ἅμματα
1867 4054 2021 4110 περι-

383 4117 568 4190 καλλῆ
605 4121 737 4194 μετᾶ
763 4119 948 4176 ἵππων
978 4121 1274 4199 βασιλικῶν
1329 4122 1748 4198 χρυσοχαλίνων
1806 4122 1899 4178 σὺν
1927 4124 2021 4178 τά·

384 4229 551 4280 πησιν
573 4208 896 4285 ἁλουργοῖς,
955 4211 1044 4265 καὶ
1076 4205 1344 4273 ἀναϐάτας
1402 4209 1484 4265 ἐπ’
1537 4209 1724 4276 αὐτοῖς
1777 4209 2020 4289 ὁπλοφό-

385 4318 537 4371 ρους,
574 4297 842 4373 βουκόλιά
867 4319 924 4354 τε
959 4300 1101 4372 βοῶν
1132 4297 1221 4354 καὶ
1272 4299 1501 4374 ποίμνια
1555 4294 1866 4374 προϐάτων.
1899 4301 2020 4368 Καὶ,

386 4385 576 4448 ἁπλῶς
608 4385 800 4459 εἰπεῖν,
830 4389 1000 4443 πάντα
1024 4385 1318 4463 στοιχηδὸν
1353 4386 1694 4444 ὑπεδείκνυον
1721 4394 1802 4462 τῷ
1845 4386 2020 4447 παιδί.

387 4475 796 4551 Ιίυνθανομὲνου
825 4475 883 4532 δὲ
902 4478 1066 4532 αὐτοῦ
1095 4480 1246 4536 269
1300 4476 1354 4534 τί
1407 4477 1613 4534 τούτων
1670 4475 1890 4534 ἕκαστον
1924 4499 2022 4533 κα-

389 4563 587 4634 λεῖται,
648 4566 702 4620 οἱ
747 4569 845 4620 τοῦ
898 4565 1163 4640 βασιλέως
1220 4567 1546 4623 ὑπασπισταὶ
1587 4567 1676 4622 καὶ
1729 4565 2022 4645 δορυφόροι

387 4653 488 4723 τὴν
517 4652 748 4709 ἑκάστου
776 4651 972 4724 κλῆσιν
1005 4652 1258 4725 ἐδήλουν.
1291 4658 1378 4718 Ὡς
1434 4655 1491 4712 δὲ
1540 4657 1639 4726 τήν
1693 4654 1889 4722 κλῆσιν
1915 4661 2024 4711 τῶν

387 4745 661 4815 γυναικῶν
702 4744 886 4818 ἤρετο,
951 4748 1158 4816 μαθεῖν,
1216 4743 1309 4798 τὸν
1366 4744 1659 4820 σπαθάριον
1716 4743 1813 4800 τοῦ
1873 4745 2025 4819 βασι-

389 4827 530 4892 λέως
569 4832 644 4904 (5)
699 4831 1002 4908 χαριέντως
1060 4830 1252 4898 εἷπεῖν,
1314 4830 1570 4906 δαίμονας
1619 4832 1783 4896 αὐτὰς
1833 4832 2025 4888 καλεῖ·

388 4928 533 4988 σθαι,
567 4916 623 4973 α’(
679 4919 808 4982 τοὺς
841 4921 1158 4996 ἀνθρώπους
1188 4917 1488 4977 πλανῶσιν.
1543 4922 1606 4976 Ἥ
1640 4918 1697 4975 δὲ
1747 4925 1845 4975 τοῦ
1887 4942 2022 4976 παι-

389 5003 481 5069 δὸς
508 5005 705 5082 καρδία
728 5013 808 5081 τῷ
838 5008 1056 5066 ἐκείνων
1087 5010 1243 5083 πόθῳ
1271 5008 1439 5065 πλέον
1493 5013 1604 5065 τῶν
1635 5008 1846 5064 λοιπῶν
1875 5009 2028 5075 ἐθέλ-

2121 3250 2235 3305 que
2257 3233 2381 3287 illic
2400 3249 2522 3288 una
2551 3247 2686 3287 cum
2715 3230 3051 3286 nutricibus
3082 3231 3395 3286 inclusisse
3421 3231 3626 3299 fertur,
3652 3247 3765 3286 nec

2117 3327 2253 3378 ante
2275 3321 2585 3376 duodecim
2605 3337 2792 3376 annos
2817 3325 3051 3376 exactos
3068 3320 3260 3375 ullum
3282 3319 3652 3393 omninoipsi
3668 3320 3764 3376 lu-

2117 3412 2201 3466 cis
2225 3410 2603 3482 splendorem
2626 3409 2979 3466 ostendisse.
3012 3409 3289 3465 Confecto
3321 3415 3519 3466 autem
3551 3410 3764 3482 hujus-

2118 3501 2276 3557 modi
2291 3500 2574 3571 temporis
2589 3499 3232 3570 curriculo,filium,qui
3249 3499 3398 3554 nihil
3418 3500 3662 3554 omnino
3676 3516 3765 3554 re-

2117 3607 2248 3645 rum
2271 3590 2708 3665 mundanarum
2727 3588 2800 3644 ad
2814 3589 2972 3643 hunc
2989 3604 3177 3659 usque
3193 3589 3348 3643 diem
3364 3592 3766 3660 perspexerat,

2121 3696 2190 3734 ex
2218 3680 2330 3734 hoc
2361 3678 2634 3733 cubiculo
2667 3677 2902 3744 educit;
2931 3694 2997 3732 ac
3021 3683 3150 3732 tum
3200 3677 3314 3748 ipsi
3350 3676 3572 3743 omnia,
3592 3677 3765 3747 juxta

2121 3784 2294 3823 suum
2309 3766 2582 3838 quodque
2597 3782 2782 3838 genus
2796 3765 3059 3822 exhiberi
3074 3783 3140 3821 ac
3154 3764 3548 3821 demonstrari
3563 3763 3761 3836 jubet,

2121 3859 2274 3912 viros
2297 3856 2579 3910 nimirum
2602 3856 2662 3910 in
2685 3871 2804 3910 uno
2825 3854 2973 3925 loco,
3004 3855 3064 3910 in
3087 3855 3203 3910 alio
3218 3853 3495 3924 feminas,
3519 3852 3760 3909 aliunde

2122 3964 2352 4017 aurum,
2387 3947 2504 4003 alia
2525 3964 2595 4002 ex
2623 3952 2790 4019 parte
2824 3951 3155 4020 argentum,
3187 3947 3440 4002 uniones
3462 3945 3763 4018 etlapides

2125 4035 2402 4107 exquisiti
2430 4037 2822 4108 pretii,vestes
2843 4036 3179 4091 luculentas
3203 4040 3260 4090 et
3281 4035 3604 4107 elegantes,
3637 4051 3768 4091 cur-

2124 4142 2225 4180 rus
2249 4124 2469 4196 insigni
2487 4124 2928 4195 pulchritudine
2945 4123 3120 4178 simul
3135 4139 3267 4178 cum
3283 4123 3461 4195 regiis
3478 4123 3648 4194 equis
3669 4138 3776 4178 au-

2125 4231 2226 4270 reo
2252 4215 2420 4269 freno
2438 4214 2908 4282 instructis,cum
2925 4213 3129 4268 aulmis
3147 4213 3481 4284 purpureis,
3501 4230 3568 4269 ac
3582 4230 3776 4268 sesso-

2127 4304 2292 4359 ribus
2314 4303 2763 4368 armatis,boum
2791 4303 2931 4358 item
2956 4308 3247 4370 armenta,
3265 4303 3633 4375 etpecudum
3646 4319 3777 4375 gre-

2126 4409 2260 4465 ges;
2284 4397 2481 4462 atque,
2507 4396 2571 4446 ut
2593 4391 2934 4446 summatim
2948 4391 3369 4460 dicam,omnia
3385 4396 3546 4447 certo
3561 4392 3769 4447 ordine

2129 4497 2315 4553 puero
2330 4480 3196 4537 demonstrabat.Percontante
3210 4487 3408 4538 autem
3423 4497 3490 4537 eo
3514 4496 3777 4552 quonam

2133 4570 2378 4642 singulae
2401 4586 2496 4624 res
2511 4570 2750 4626 nomine
2764 4570 3389 4642 appellarentur,regis
3412 4569 3698 4626 satellites
3710 4586 3778 4625 ac

2135 4660 2453 4731 stipatores
2474 4659 2950 4731 uniuscujusque
2982 4676 3201 4715 nomen
3231 4658 3775 4730 exponebant.Cum

2135 4753 2332 4802 autem
2356 4748 2676 4803 mulierum
2698 4765 2918 4803 nomen
2938 4748 3088 4803 scire
3103 4753 3495 4819 cuperet,tum
3514 4747 3667 4818 regis
3680 4763 3777 4800 ar-

2133 4837 2320 4908 miger
2340 4837 2535 4908 lepide
2558 4853 2625 4893 ac
2645 4836 3180 4906 festive,daemones
3194 4852 3292 4891 eas
3305 4834 3591 4908 appellari
3605 4835 3774 4904 dixit,
3810 4875 3837 4902 ,

2135 4940 2169 4979 a
2195 4925 2409 4995 quibus
2436 4926 2745 4982 hominum
2758 4932 2989 4982 mentes
3016 4928 3076 4981 in
3091 4941 3353 4981 errorem
3381 4923 3778 4980 traherentur.

2135 5013 2309 5068 Pueri
2343 5019 2541 5070 autem
2574 5020 2780 5087 pectus
2803 5032 3007 5072 earum
3038 5031 3239 5070 amore
3257 5017 3433 5084 atque
3457 5013 3783 5085 cupiditate

460 5234 836 5316 (lLSyntaxis
866 5237 1058 5294 verbis
1087 5232 1494 5316 Qui-{Campum
1525 5240 1745 5316 aoristg
1777 5245 1924 5316 este
1953 5239 2481 5316 frequentissimis,
2518 5259 2769 5316 eamque
2803 5251 3052 5303 tractare
3099 5246 3344 5302 memini
3395 5246 3469 5302 ad
3500 5246 3777 5302 Aristum.

385 5319 445 5374 p.
465 5305 932 5389 _49§.'Appianus
962 5325 1055 5378 v11,
1092 5312 1157 5389 14
1191 5327 1204 5366 :
1236 5305 1367 5366 Οὐδ’
1393 5309 1600 5389 ἤλπιζε
1615 5305 1828 5389 φάϐιον
1852 5311 1889 5389 ᾗ
1915 5310 2012 5389 τοῦ

2120 5312 2188 5365 ιπί
2226 5315 2333 5366 τῶν
2394 5305 2594 5389 στενῶν
2653 5305 2950 5389 βιάσεσθαι.
2982 5318 3067 5373 Ibi
3099 5335 3415 5374 monemur
3441 5318 3514 5374 ab
3549 5319 3782 5375 editore

386 5375 698 5455 vulgatum:
721 5375 1002 5452 βιάσασθαι
1032 5375 1386 5455 mutassese
1415 5375 1903 5455 cum'Musgravio
1938 5381 2328 5455 ip_pta'050’011'
2365 5386 2467 5442 sed
2497 5375 2817 5444 mutandus
2845 5375 2965 5445 non
2991 5395 3118 5445 erat
3145 5391 3420 5446 aoristus.

560 5447 815 5526 Esa‘lgu,
846 5455 881 5505 2
908 5469 922 5509 :
954 5449 1264 5526 Qqsijupc‘w
1294 5451 1633 5526 ήσονημὲνον
1668 5447 1926 5524 ἐποίησας
1957 5447 2144 5511 δόλον.

463 5515 539 5654 53)
564 5519 625 5586 C,
659 5515 812 5589 δέκα,
836 5527 904 5577 ut
934 5527 992 5577 et
1020 5515 1192 5580 infra:

487 5589 542 5660 4)
564 5589 654 5644 Sic
681 5593 790 5648 AC.
818 5593 1127 5660 Ignoratur
1153 5612 1191 5650 n

564 5589 654 5675 ξὶο
681 5593 790 5648 AC.
818 5593 1428 5675 Ignoraturnneu‘trum
1457 5593 1520 5650 τὸ
1548 5593 1807 5652 οἰκίσκον.
1841 5600 1986 5653 Puto

2120 5614 2148 5653 e
2178 5595 2427 5674 ἀντρώδη
2460 5600 2532 5656 ab
2563 5604 2804 5656 auctore
2835 5601 2962 5673 ipso
2997 5601 3302 5675 scriptum.

463 5660 531 5734 (5)
563 5662 630 5728 A,
663 5678 694 5717 θ
717 5660 1098 5734 corréctione,
1133 5665 1318 5741 βασιλ.
1351 5664 1581 5742 λέγεται.
