3994 6150
200 291 339 346 1147

1709 286 2073 343 ADDENDA.

3460 283 3611 338 1148

201 414 351 481 (Luc.
388 412 507 483 1v)?
530 413 680 477 Quid
710 413 888 484 igitur
916 417 971 468 te
1003 412 1264 475 adduxit,
1293 417 1359 467 ut
1378 428 1503 467 rem
1530 410 1841 481 hujusmo-

1963 406 2106 461 [Ῐάνυ
2138 425 2231 478 μοι
2263 403 2465 474 δοκεῖς,
2497 403 2751 474 δέσποτα,
2775 406 2875 473 τῆς
2896 401 3154 473 ἀληθείας
3173 405 3280 458 τῶν
3305 399 3599 477 δογμάτων

200 501 257 555 di
290 502 630 571 spurcitiem
662 502 991 571 appellares
1016 502 1042 555 ?
1065 504 1439 573 Margnopere
1472 516 1611 554 sane
1642 498 1788 553 mihi
1814 513 1848 551 θ.

203 588 542 659 dogmatum
571 594 897 643 vestrorum
928 590 1172 644 veritate
1204 590 1479 644 aberrare
1508 588 1745 642 videris.

275 677 377 730 Cui
401 677 501 731 ille
552 678 857 747 respondit
883 695 895 731 :
928 679 1015 732 Ita
1044 678 1329 749 profecto,
1363 677 1600 744 mulier,
1628 676 1754 729 haec
1785 667 1846 728 se

200 764 952 835 habent,quemadmodum
966 766 1070 820 abs
1086 772 1139 819 te
1154 766 1376 820 dictum
1401 765 1674 819 est.Licet
1688 762 1848 817 enim

202 853 566 922 quibuslibet
587 855 968 908 matrimonio
992 854 1543 925 copulari,exceptis
1567 852 1848 907 tameniis

203 940 303 1009 qui
335 940 734 1011 virginitatem
783 942 1011 996 Christo
1066 941 1251 996 semel
1295 941 1698 1012 promiserint.
1732 941 1847 1010 Ego

202 1028 359 1082 enim
379 1027 450 1082 ab
470 1045 537 1083 eo
558 1029 652 1083 die
668 1045 774 1099 pro
793 1046 898 1099 per
911 1029 1093 1083 divini
1107 1029 1385 1100 baptismi
1403 1029 1697 1083 lavacrum
1712 1028 1771 1097 aj
1782 1042 1850 1080 u-

199 1117 456 1171 ventutis
488 1117 912 1188 etignorantiaa
933 1133 1081 1172 meai
1110 1119 1366 1188 peccatis
1385 1121 1666 1188 purgatus
1694 1132 1847 1181 sum,

203 1219 418 1273 purum
451 1205 745 1274 meipsum
792 1204 1018 1259 Christo
1052 1204 1331 1259 exhibere
1362 1204 1663 1275 pollicitus
1695 1217 1847 1256 sum.

203 1292 470 1355 Quonam
492 1292 669 1363 igitur
688 1292 863 1348 modo
894 1300 1064 1364 pacta
1097 1309 1165 1347 ea
1195 1310 1325 1364 quas
1360 1310 1501 1348 cum
1535 1294 1650 1347 Deo
1684 1306 1852 1361 sanxi

205 1379 524 1434 dissolvere
555 1385 730 1451 atque
760 1381 1081 1453 infringere
1115 1381 1342 1437 audebo
1366 1381 1393 1435 ?

276 1470 529 1523 Rursum
553 1475 749 1524 autem
771 1470 845 1524 ad
868 1487 1004 1524 eum
1027 1470 1241 1525 mulier
1260 1470 1352 1524 his
1374 1469 1569 1524 verbis
1598 1484 1703 1524 usa
1722 1472 1812 1522 est
1836 1482 1851 1522 :

205 1556 289 1609 Sit
310 1572 450 1610 sane
474 1556 544 1611 de
569 1557 675 1612 hac
696 1574 758 1612 re
790 1563 855 1612 ut
882 1558 1006 1629 ipse
1039 1559 1152 1625 vis,
1186 1560 1259 1613 At
1282 1559 1549 1629 exiguam
1583 1557 1853 1612 alteram.

206 1659 272 1699 ac
296 1644 520 1699 nullius
534 1647 817 1701 momenti
836 1646 1219 1717 cupiditatem
1242 1662 1435 1701 meam
1460 1645 1854 1717 exple,siqui-

1960 495 2113 565 ὑμῶν
2145 492 2580 558 ἀποπλανᾶσθαι.

2026 672 2088 727 Ὀ
2130 667 2208 737 δὲ,
2260 669 2389 739 Nai,
2451 669 2634 744 φησὶν,
2697 670 2740 722 ὦ
2792 668 2966 741 γύναι·
3032 666 3204 729 οὕτως
3260 664 3375 742 ἔχει
3432 672 3601 722 ταῦτα

1956 760 2130 814 πάντα
2184 760 2363 822 καθὼς
2414 756 2656 831 εἷ’ρηκας.
2689 759 2929 833 Ἐφεῖται
2988 755 3091 829 γὰρ
3139 761 3255 818 τοῖς
3319 754 3597 831 βουλομέ-

1955 868 2068 909 νοις
2092 850 2251 923 γάμῳ
2280 851 2584 901 κοινωνεῖν·
2617 845 2742 901 ἀλλ’
2774 845 2835 900 οὐ
2889 849 3008 907 τοῖς
3065 845 3200 914 ἅπαξ
3253 844 3595 919 ἐπαγγελλο-

1962 938 2142 1009 μένοις
2171 940 2251 1007 τῷ
2280 936 2499 1009 Χριστῷ
2519 932 2883 1009 παρθενεύειν.
2947 933 3086 1006 Ἐγὼ
3142 933 3269 1007 γὰρ,
3330 932 3476 1005 ἐξότε
3516 936 3600 1004 τῷ

1958 1022 2175 1099 λουτρῷ
2207 1022 2563 1097 ἐκαθαρίσθην
2582 1027 2680 1078 τοῦ
2721 1021 2868 1086 θείου
2903 1019 3297 1097 βαπτίσματος,
3351 1024 3462 1075 τῶν
3496 1026 3602 1089 τῆς

1957 1111 2213 1179 νεότητος
2242 1111 2329 1163 καὶ
2359 1109 2573 1185 ἀγνοίας
2606 1130 2711 1182 μου
2740 1108 3091 1181 πταισμάτων
3150 1109 3382 1185 καθαρὸν
3430 1106 3605 1181 ἐμαυ-

1956 1198 2049 1252 τὸν
2102 1204 2440 1273 παραστῆσαι
2494 1202 2572 1270 τῷ
2610 1201 2828 1271 Χριστῷ
2885 1197 3274 1269 συνεταξάμην·
3335 1197 3426 1251 καὶ
3482 1200 3606 1259 πῶς

1959 1286 2025 1343 τὰ
2049 1285 2457 1362 ὡμολογημένα
2488 1290 2608 1358 Θεῷ
2629 1283 2880 1341 διαλῦσαι
2911 1283 3179 1357 τολμήσω
3215 1304 3231 1354 ς

2032 1465 2173 1539 Ἔφη
2209 1460 2266 1517 δὲ
2295 1463 2449 1526 αὖθις
2509 1464 2544 1531 ἡ
2603 1463 2763 1537 γυνή’
2792 1464 2974 1517 Ἔστω
3030 1462 3121 1516 καὶ
3176 1461 3337 1517 τοῦτό
3387 1483 3483 1516 σου
3536 1463 3607 1516 τὸ

1964 1552 2202 1624 θέλημα,
2232 1552 2414 1615 καθὼς
2448 1550 2695 1627 βούλοιο.
2718 1548 2930 1620 Ἃλλην
2988 1548 3046 1604 δὶ
3108 1549 3306 1624 μικράν
3333 1572 3454 1605 τινα
3510 1552 3606 1605 καὶ

1963 1637 2263 1712 οὐδαμινὴν
2287 1639 2581 1713 πλήρωσον
2613 1638 2897 1711 ἐπιθυμίαν
2955 1660 3081 1710 μου,
3137 1638 3283 1708 εἳπερ
3327 1636 3500 1701 ἅντως
3550 1639 3606 1693 ἐν

207 1732 341 1787 dem
374 1734 585 1787 animae
618 1751 764 1789 meae
788 1734 1039 1788 salutem
1066 1736 1277 1789 afferre
1298 1735 1401 1788 tibi
1431 1734 1593 1789 cordi
1617 1734 1848 1788 est.Hac

1964 1729 2195 1800 ἀληθείᾳ
2221 1731 2320 1799 τὴν
2353 1731 2535 1803 ψυχήν
2574 1749 2676 1800 μου
2710 1725 2885 1791 θέλεις
2954 1732 3143 1785 σῶσαι.
3192 1733 3457 1803 Συγγενοῦ
3510 1749 3607 1801 μοι

209 1820 493 1876 duntaxat
518 1828 693 1877 nocte
725 1839 957 1877 mecum
981 1838 1106 1876 rem
1124 1822 1481 1892 habe,atque
1514 1823 1682 1876 effice
1708 1826 1775 1875 ut
1797 1825 1848 1874 et

1963 1818 2125 1891 ταύτῃ
2153 1822 2222 1890 τῇ
2252 1817 2401 1872 νυκτὶ
2423 1818 2510 1871 καὶ
2550 1818 2735 1890 μόνον,
2765 1817 2852 1871 καὶ
2885 1820 2982 1871 τοῦ
3040 1821 3141 1871 σοῦ
3197 1816 3610 1893 κατπρυφῆσαί

209 1925 310 1980 ego
342 1914 443 1964 tua
472 1910 912 1980 pulchritudine
942 1911 1125 1979 fruar,
1161 1928 1227 1965 ac
1261 1916 1321 1964 tu
1353 1926 1597 1965 rursum
1648 1910 1855 1964 formas

204 2013 349 2052 meae
378 1998 670 2069 elegantia
705 1999 1019 2069 explearis,
1063 1998 1227 2062 Quod
1260 2000 1307 2053 si
1339 2000 1571 2066 feceris,
1601 1999 1712 2052 hoc
1746 1997 1853 2051 tibi

201 2085 608 2154 polliceor,me
631 2086 807 2139 simul
829 2092 1004 2156 atque
1020 2086 1854 2151 diesilluxerit,Christianam

202 2173 547 2243 religionem
563 2181 969 2244 suscepturam
989 2179 1164 2245 atque
1179 2192 1418 2229 omnem
1438 2175 1683 2229 deorum
1698 2190 1857 2229 meo-

202 2275 333 2313 rum
351 2260 575 2315 cultum
594 2261 729 2333 fuga
742 2263 1082 2317 relicturam
1098 2265 1444 2333 esse.Atque
1457 2263 1530 2317 ob
1546 2263 1857 2334 hujusmo-

200 2346 258 2400 di
273 2347 745 2416 consilium,non
760 2348 934 2403 modo
946 2349 1312 2417 veniam,sed
1335 2350 1514 2404 etiam
1534 2350 1852 2405 beneﬁcia,

206 2434 413 2489 salutis
436 2452 582 2489 meae
605 2452 802 2502 causa,
822 2452 856 2491 a
876 2438 992 2491 Deo
1017 2441 1117 2491 tuo
1140 2437 1543 2508 consequeris.
1564 2437 1852 2492 Gaudium

209 2523 389 2590 enim,
438 2522 632 2593 inquit
668 2524 966 2593 Scriptura
991 2529 1110 2590 tua,
1146 2526 1315 2578 estin
1348 2525 1492 2580 caelo
1526 2542 1705 2595 super
1734 2542 1853 2579 uno

207 2611 513 2673 peccatore
530 2605 939 2676 paenitentiam
964 2610 1356 2679 agente(Lucaz
1378 2609 1666 2677 11x).Nam
1686 2608 1733 2662 si
1776 2607 1850 2663 ob

206 2694 476 2747 scelerati
490 2694 749 2747 hominis
763 2694 1233 2765 resipiscentiam
1247 2696 1451 2750 laetitia
1470 2695 1530 2749 in
1544 2694 1689 2750 coelo
1704 2696 1854 2750 exci-

204 2786 382 2846 tatur,
416 2781 557 2851 quid
589 2782 785 2836 afferri
813 2786 1009 2852 potest
1038 2784 1182 2852 quin
1212 2784 1394 2855 hujus
1426 2784 1851 2855 resipiscentize

208 2870 400 2923 autori
430 2886 710 2941 magnum
738 2871 1052 2941 prmmium
1085 2871 1374 2926 debeatur
1392 2872 1419 2925 ‘I
1447 2873 1533 2926 Ita
1561 2877 1718 2927 certe
1758 2890 1851 2926 res

207 2974 268 3012 se
299 2957 495 3024 habet,
528 2974 638 3013 nec
669 2964 759 3013 est
788 2959 944 3029 quod
967 2959 1223 3014 dubites.
1252 2960 1403 3025 Quid
1428 2961 1454 3015 ‘2
1483 2962 1698 3015 Annon
1720 2978 1855 3031 apo-

206 3046 341 3099 stoli
372 3062 627 3116 quoque,
683 3046 986 3118 religionis
1025 3052 1230 3102 vestras
1286 3048 1486 3117 duces,
1545 3048 1851 3120 complura

1966 1927 2032 1979 με
2059 1904 2299 1968 κάλλους
2327 1905 2581 1975 ποίησον,
2610 1912 2710 1974 τῆς
2740 1903 2878 1977 ἐμῆς
2924 1926 2983 1959 τε
3031 1904 3193 1965 αὐτὸς
3248 1903 3608 1977 ἐμπλήσθητε.

1962 1995 2328 2067 ὡραιότητὸς.
2371 1995 2469 2049 Καὶ
2501 1993 2663 2068 λόγον
2696 2014 2781 2048 σοι
2832 1990 3057 2067 δίδωμι,
3108 1994 3222 2067 ἅμα
3270 1992 3417 2069 πρῶί
3470 1996 3613 2069 Χρι-

1964 2083 2184 2151 πιανήν
2230 2083 2598 2156 γενέσθαικαὶ
2628 2087 2799 2136 πᾶσαν
2847 2081 3095 2160 ἐκφυγεῖν
3149 2082 3247 2150 τὴν
3305 2086 3414 2136 τῶν
3466 2086 3605 2144 θεῶν

1965 2191 2070 2242 μου
2133 2167 2406 2245 λατρείαν.
2469 2169 2572 2226 Καὶ
2630 2168 2778 2224 ἔσται
2825 2191 2909 2224 σοι
2963 2169 3023 2224 ού
3088 2171 3253 2243 μόνον
3308 2171 3607 2246 συγγνώμη

1961 2255 2134 2313 ἕνεκεν
2165 2264 2266 2327 τῆς
2299 2260 2616 2330 οἱκονομίας
2646 2257 2866 2328 ταύτης,
2900 2256 3045 2313 ἀλλά
3073 2258 3164 2313 καὶ
3225 2256 3440 2334 δωρεῶν
3475 2258 3610 2313 ἀντ-

1962 2346 2185 2418 άμειψις
2236 2347 2381 2421 παρὰ
2430 2350 2509 2417 τῷ
2562 2350 2679 2417 Θεῷ
2708 2367 2804 2401 σου
2861 2342 3013 2401 ἕνεκα
3058 2352 3159 2416 τῆς
3227 2345 3364 2419 ἐμῆς
3422 2367 3611 2416 σωτη-

1962 2433 2097 2507 ρίας·
2135 2436 2288 2508 Χαρὰ
2327 2434 2457 2509 γὰρ,
2516 2434 2677 2511 φησὶν
2738 2437 2773 2503 ἡ
2833 2435 3016 2511 Γραφή
3077 2456 3173 2489 σου
3231 2436 3361 2507 (30),
3395 2435 3605 2509 γίνεται

1962 2524 2115 2579 278
2148 2522 2199 2575 ἐν
2233 2521 2449 2595 ούρανῷ
2477 2522 2557 2599 ἐφ’
2586 2522 2664 2578 ἐνὶ
2724 2522 3041 2597 ἁμαρτωλῷ
3101 2528 3471 2597 μετανοοῦντι.
3533 2524 3603 2580 Ei

1961 2609 2052 2665 οὖν
2083 2613 2229 2685 χαρὰ
2258 2611 2464 2686 γίνεται
2495 2613 2544 2665 ἐν
2579 2611 2791 2687 οὐρανῷ
2821 2608 2892 2666 δι’
2949 2611 3277 2689 ἐπιστροφὴν
3338 2614 3602 2687 ἁμαρτω-

1962 2697 2082 2766 λοῦ,
2114 2703 2193 2770 τῷ
2221 2699 2463 2771 προξένῳ
2490 2704 2590 2767 τῆς
2648 2697 2977 2773 ἐπιστροφῆς
3035 2698 3097 2752 οὐ
3159 2700 3328 2772 μέγας
3378 2698 3602 2776 έποφεί-

1963 2790 2113 2840 λεται
2148 2786 2339 2858 μισθός
2368 2805 2383 2854 ;
2415 2785 2543 2856 Ναὶ,
2577 2781 2748 2843 οὕτως
2778 2782 2921 2859 ἕχει,
2973 2785 3064 2840 καὶ
3124 2787 3202 2858 μή
3260 2782 3599 2862 ἀμφίϐαλλε.

1963 2874 2039 2931 Οὐ
2072 2872 2349 2929 πολλὰδὲ
2395 2874 2483 2928 καὶ
2544 2874 2596 2928 οἱ
2656 2875 2896 2949 ἀρχηγοὶ
2952 2881 3052 2943 τῆς
3108 2874 3398 2948 θρησκείας
3452 2877 3597 2948 ὑμῶν

1957 2961 2254 3017 ἀπόστολοι
2313 2963 2430 3017 κατ’
2490 2961 2805 3035 οἰκονομίαν
2861 2961 3103 3035 ἐποίουν,
3184 2959 3602 3037 παραϐαίνοντες

1961 3048 2069 3105 ἔσθ’
2109 3051 2198 3106 ὅτε
2255 3049 2504 3120 ἐντολὴν,
2559 3048 2715 3105 ἓνεκα
2776 3050 3021 3124 μείζονος
3071 3050 3301 3121 ἐντολῆς
3334 3072 3348 3121 ;
3380 3054 3455 3107 Ού
3508 3056 3601 3108 τὸν

207 3139 365 3189 certo
397 3135 645 3189 consilio
675 3134 991 3201 faciebant,
1048 3137 1311 3191 divinum
1336 3142 1696 3209 praaceptum
1723 3155 1848 3193 ma-

1963 3138 2179 3194 Παῦλον
2212 3111 2786 3212 λέγεταιυπιεριτεμεῖν.
2812 3111 2905 3192 τὸν
2960 3111 3227 3213 Τίμόθεον
3446 3138 3603 3196 ἕνεκα

198 3224 351 3294 joris
378 3224 658 3295 praecepti
712 3242 888 3280 causa
917 3225 1220 3280 interdum
1251 3226 1538 3281 violantes
1560 3227 1586 3280 ?
1640 3230 1851 3282 Annon

206 3312 424 3366 Paulus
454 3313 887 3379 Thimotheum,
919 3314 1346 3384 praastantioris
1377 3316 1609 3369 consilii
1650 3332 1847 3385 causa,

206 3399 648 3455 circumcidisse
680 3401 897 3455 dicitur
919 3403 1066 3471 (Act.
1095 3403 1206 3473 xvx)
1231 3403 1258 3457 ‘I
1279 3404 1456 3474 Atqui
1478 3405 1848 3459 circumcisio

208 3487 365 3559 apud
393 3489 756 3543 Christianos
789 3490 849 3544 in
877 3490 1124 3545 crimine
1153 3498 1467 3560 censetur;
1511 3510 1619 3547 nec
1651 3498 1849 3548 tamen

206 3576 310 3631 ille
341 3578 451 3632 hoc
481 3577 674 3633 facere
731 3579 1035 3635 dubitavit.
1095 3583 1284 3652 Atque
1341 3581 1456 3637 alia
1509 3570 1851 3654 hujusmodi

206 3666 502 3736 permulta
534 3667 594 3720 in
627 3668 941 3738 Scripturis
984 3668 1100 3723 tuis
1146 3670 1430 3740 reperies.
1466 3671 1769 3738 Quocirca,
1805 3671 1853 3725 si

208 3756 360 3809 serio
392 3756 604 3811 animae
631 3773 777 3811 mea)
810 3758 1062 3812 salutem
1095 3760 1305 3813 afferre
1356 3760 1543 3830 cupis,
1584 3761 1852 3832 exiguam

210 3845 364 3899 hanc
394 3863 587 3901 meam
625 3846 1008 3917 cupiditatem
1041 3849 1243 3919 exple:
1277 3854 1334 3903 et
1354 3866 1478 3921 ego,
1513 3867 1853 3921 quanquam

209 3933 431 4004 alioqui
461 3934 720 4006 perfecto
752 3936 1119 3990 matrimonii
1148 3954 1304 3992 nexu
1348 3944 1542 3993 tecum
1587 3939 1853 4010 copulari

206 4023 470 4093 cupiens,
509 4029 706 4080 tamen
758 4025 1042 4095 quoniam
1092 4026 1151 4081 id
1208 4027 1313 4080 tibi
1346 4027 1588 4083 minime
1619 4033 1852 4100 gratnm

209 4116 317 4178 est,
350 4130 466 4167 non
494 4114 623 4184 jam
657 4113 760 4167 tibi
810 4114 927 4168 vim
982 4115 1248 4183 afferam,
1304 4132 1507 4171 verum
1564 4116 1852 4187 quidquid

208 4200 407 4255 animo
439 4207 536 4257 tuo
570 4203 875 4272 insederit,
909 4204 1155 4275 posthac
1196 4205 1429 4261 faciam.
1462 4207 1545 4261 Tu
1577 4206 1753 4279 igitur
1777 4224 1851 4261 ne

210 4307 305 4345 me
338 4307 569 4361 quoque
599 4309 842 4363 prorsus
872 4294 1116 4363 abjicias
1157 4300 1214 4349 et
1273 4296 1616 4361 exsecreris,
1647 4312 1850 4349 verum

1959 3228 2269 3301 κρείττονος
2326 3227 2685 3298 οίκονομίαςς
2736 3225 2916 3282 καίτοι
2971 3230 3289 3302 παράνομον
3347 3231 3603 3303 Χριστια-

1955 3321 2071 3378 νοῖς
2102 3316 2434 3391 ἡπεριτομὴ
2493 3314 2831 3391 λελόγεσται·
2895 3314 3022 3370 ἀλλ’
3071 3313 3223 3388 ὅμως
3280 3316 3483 3379 ἐκεῖνος
3535 3318 3598 3372 ού

1957 3408 2306 3481 παρῃτήσατο
2338 3410 2502 3460 τοῦτο
2559 3410 2806 3473 ποιῆσαι,
2863 3407 2967 3462 Καὶ
3018 3405 3204 3461 πολλᾶ
3256 3409 3483 3463 τοιαῦτα
3540 3406 3596 3462 ἐν

1958 3501 2076 3559 ταῖς
2113 3500 2347 3571 Γραφαῖς
2399 3515 2492 3548 σου
2524 3494 2792 3569 εὑρήσεις.
2851 3493 2916 3551 Ei
2975 3494 3065 3549 οὗν
3125 3495 3261 3551 κατᾶ
3311 3495 3597 3567 ἀλήθειαν,

1958 3585 2137 3648 καθὼς
2169 3583 2362 3657 λέγεις,
2394 3582 2561 3637 σῶσαί
2595 3603 2697 3655 μου
2727 3585 2824 3651 τὴν
2858 3583 3042 3658 ψυχὴν
3101 3588 3301 3653 ζητεῖς,
3358 3586 3458 3654 τήν
3512 3608 3603 3659 μι-

1959 3671 2088 3743 κράν
2125 3692 2228 3743 μου
2256 3670 2453 3741 ταύτην
2488 3670 2770 3744 ἐπιθυμίαν
2826 3670 3145 3744 πλήρωσον.
3174 3673 3277 3729 Καὶ
3336 3674 3441 3749 ἐγὼ
3498 3676 3595 3747 μὶν

1956 3760 2139 3831 τελείᾳ
2170 3781 2255 3813 σοι
2279 3758 2537 3830 κοινωνίᾳ
2562 3762 2741 3834 γάμου
2795 3767 3129 3836 συναφθῆναι
3180 3765 3433 3832 ζητοῦσα,
3485 3763 3603 3818 ἐπεί

1962 3870 2047 3904 σοι
2079 3852 2139 3903 ού
2171 3847 2500 3922 καταθύμιόν
2533 3847 2640 3903 ἐστι
2681 3847 2863 3919 τοῦτο,
2927 3850 3027 3904 οὐκ
3085 3845 3161 3905 ἔτι
3224 3872 3280 3906 σε
3332 3874 3606 3928 καταναγ-

1961 3938 2130 4006 κάζω,
2177 3939 2244 3992 τὰ
2300 3938 2493 4013 ἀρεστά
2543 3958 2627 3991 σοι
2685 3937 2857 3992 πάντα
2929 3943 3185 3994 ποιοῦσω
3261 3939 3455 3996 λοιπὸν
3510 3944 3601 3997 καὶ

1961 4026 2120 4089 αὐτὸς
2158 4028 2232 4099 μὴ
2291 4027 2465 4096 πάντη
2504 4023 2758 4100 βδελύξῃ·
2822 4025 2969 4097 ἀλλ’,
3034 4028 3341 4092 ὑπακούσας
3377 4051 3483 4103 μου
3537 4032 3599 4087 τὸ

1962 4116 2097 4185 ἅπαξ
2145 4118 2328 4187 τοῦτο,
2386 4117 2576 4177 σώσεις
2636 4136 2723 4187 με,
2780 4121 2877 4184 τῆς
2928 4112 3327 4189 δεισιδαίμονος
3384 4118 3599 4189 πλάνης

1963 4204 2285 4279 ῥυσάμενος,
2315 4204 2382 4257 τὰ
2410 4201 2712 4277 δεδογμένα
2744 4201 2800 4257 δέ
2831 4224 2917 4258 σοι
2958 4204 3034 4265 εἷς
3091 4206 3155 4259 τὸ
3198 4206 3323 4276 ἑξῆς
3353 4209 3601 4277 ποιήσεις

1962 4290 2051 4347 διὰ
2084 4293 2213 4367 βίου
2245 4294 2462 4354 παντός.

212 4378 277 4434 in
308 4380 417 4434 hac
447 4396 569 4434 una
590 4396 651 4435 re
684 4382 828 4434 mihi
860 4380 1195 4453 obsequens
1226 4382 1479 4437 salutem
1510 4383 1657 4437 mihi
1680 4385 1845 4449 aﬂ‘er,
1870 4387 2043 4453 atque
2087 4400 2120 4437 a
2153 4382 2563 4453 superstitioso
2615 4398 2813 4437 errore
2869 4399 2965 4438 me
3014 4383 3223 4452 libera,
3280 4389 3342 4441 tu
3398 4392 3595 4443 autem

216 4477 495 4550 deinceps
526 4494 630 4548 per
659 4494 898 4534 omnem
921 4480 1051 4533 vitae
1085 4496 1325 4534 cursum
1345 4497 1475 4549 quae
1508 4479 1612 4533 tibi
1643 4480 1763 4535 visa
1788 4480 2011 4535 fuerint
2038 4479 2220 4534 facias
2250 4479 2474 4537 licebit.

283 4566 384 4620 His
405 4566 596 4621 verbis
616 4571 955 4636 utens(nam
974 4572 1032 4622 et
1050 4567 1306 4621 habebat
1321 4568 1421 4637 qui
1442 4567 1556 4637 ipsi
1579 4583 1847 4639 suggere-

2027 4564 2183 4623 Οὕτω
2216 4564 2446 4641 λέγουσα
2478 4566 2585 4637 (καὶ
2634 4564 2733 4641 γὰρ
2765 4567 2880 4642 εἶχε
2930 4566 3021 4621 τὸν
3079 4566 3489 4644 εἳσηγούμενον,
3547 4573 3593 4644 ᾧ

210 4655 420 4721 ret,cui
446 4656 622 4711 etiam
643 4671 815 4711 aures
834 4656 986 4711 clam
1010 4654 1559 4724 admovebat,atque
1590 4655 1852 4726 Scriptu-

210 4760 414 4798 rurum
435 4744 659 4815 peritus
679 4748 767 4799 est
789 4744 892 4797 ille
918 4743 1039 4797 vitii
1065 4743 1275 4798 artifex
1298 4741 1730 4814 diabolus),his,
1758 4744 1848 4797 in-

212 4833 606 4901 quam,verbis
629 4839 1089 4903 utens,eumque
1115 4832 1483 4900 demulcens,
1516 4850 1584 4889 ac
1615 4833 1764 4888 retia
1794 4838 1851 4887 et

211 4920 456 4991 laqueos
478 4923 591 4994 ipsi
616 4928 737 4977 tum
761 4938 795 4977 a
816 4922 1059 4988 dextris,
1084 4925 1208 4976 tum
1240 4938 1275 4977 a
1304 4922 1560 4977 sinistris
1590 4922 1851 4993 undique

211 5015 458 5065 nectens
476 5013 658 5065 animi
681 5012 863 5082 ipsius
879 5011 1085 5064 turrim
1098 5010 1613 5079 labefactare,insti
1625 5011 1850 5082 tutique

214 5098 401 5168 ipsius
414 5115 622 5153 nervos
637 5100 1040 5167 debilitare,ac
1053 5099 1411 5153 voluntatem
1427 5103 1483 5154 et
1496 5100 1849 5155 sententiam

214 5186 482 5241 emollire
506 5186 841 5257 incipiebat.
874 5188 1009 5241 Vitii
1036 5192 1233 5242 autem
1258 5192 1509 5254 sator,ac
1529 5188 1849 5259 proborum

209 5275 469 5330 virorum
485 5275 672 5330 hostis
686 5274 983 5330 labantem
1001 5275 1186 5346 ipsius
1199 5276 1465 5331 animum
1479 5277 1851 5350 conspiciens

286 5391 397 5464 (30)
431 5391 566 5447 Luc.
599 5408 693 5464 xv,
716 5394 771 5447 7.

284 5462 398 5535 (31)
432 5464 557 5518 Act.
584 5462 677 5517 ad.
701 5478 808 5527 xvr,
836 5462 887 5515 3.

1957 4652 2046 4707 καὶ
2102 4653 2170 4708 τὰ
2225 4653 2337 4708 ὦτα
2395 4653 2617 4728 ὑπεῖχεν
2676 4652 2809 4724 αὕτη
2888 4653 3149 4731 κρυφίωςυ
3225 4656 3315 4711 καὶ
3366 4659 3591 4737 Γραφῶν

1958 4738 2221 4817 ἔμπειρος
2255 4742 2281 4796 ὁ
2306 4742 2512 4816 λῃστὴς
2543 4742 2634 4813 ἦν,
2668 4742 2695 4795 ὁ
2726 4748 2825 4811 τῆς
2858 4740 3046 4804 κακίας
3093 4740 3259 4807 ὅντως
3319 4742 3592 4823 δημιουρ-

1957 4833 2049 4904 γὸς
2081 4830 2172 4884 καὶ
2204 4827 2575 4904 διδάσκαλος),
2602 4834 2826 4885 τοιαῦτα
2879 4836 3164 4907 τοιγαροῦν
3222 4831 3452 4908 λέγουσα
3507 4838 3595 4890 καί

1962 4918 2344 4989 ὑποσαίνουσα,
2403 4917 2590 4974 δίκτυᾶ
2645 4939 2703 4974 τε
2751 4919 2841 4972 καὶ
2898 4917 3130 4995 παγίδας
3183 4919 3242 4975 ἐκ
3298 4919 3483 4993 δεξιῶν
3541 4945 3595 4978 τε

1959 5009 2047 5063 καὶ
2102 5007 2150 5080 ἐξ
2201 5008 2495 5081 εὐωνύμων
2557 5007 2703 5079 αὐτῷ
2757 5007 3181 5083 περιπλέκουσα,
3239 5012 3330 5065 τὸν
3390 5011 3594 5088 πύργον

1959 5096 2121 5151 αὐτοῦ
2144 5104 2243 5165 τῆς
2280 5096 2463 5170 ψυχῆς
2525 5095 2856 5151 διασαλεύειν
2904 5094 3134 5171 ἤρχετο,
3179 5099 3270 5153 τὸν
3326 5099 3482 5155 τόνον
3541 5120 3594 5154 τε

1962 5184 2245 5259 ὑποχαλᾷν
2280 5187 2388 5257 (32)
2420 5186 2587 5239 αὐτοῦ
2642 5190 2740 5253 τῆς
2793 5183 3122 5260 προθέσεως,
3152 5187 3241 5240 καὶ
3298 5189 3397 5256 τήν
3447 5190 3588 5263 γνώ-

1965 5296 2071 5347 μην
2101 5276 2253 5331 279
2291 5273 2679 5349 μαλακωτέραν
2726 5277 2924 5330 ποιεῖν.
2982 5274 3044 5330 Ὁ
3102 5272 3161 5329 δὲ
3216 5276 3448 5353 σπορεὺς
3498 5284 3591 5347 τῆς

429 5535 707 5607 Georgius
739 5524 1009 5603 Acropol.
1042 5531 1255 5589 Histor.
1280 5553 1337 5608 p.
1390 5541 1455 5594 53
1490 5552 1506 5592 ε
1563 5534 1639 5591 Τὸ
1690 5536 1795 5588 τῶν

1971 5532 2153 5605 μάτων
2209 5530 2385 5605 χαλᾷν
2444 5524 3000 5625 εύεπήϐολον..(]οά.
3055 5534 3215 5603 3041,
3287 5536 3565 5617 ὑποχαλᾷν

213 5606 447 5666 melius.
