3994 6150
409 282 550 340 1149

1560 289 1734 344 VITA
1771 289 2119 345 BARLAAI
2153 290 2248 345 ΕΤ
2279 290 2619 348 ΙΟΔΒΔΡΗ.

3654 293 3795 354 1450

407 403 596 466 κακίας
624 403 713 458 καὶ
741 407 848 459 τῶν
909 404 1132 461 δικαίων
1190 404 1409 482 ἐχθρὸς,
1461 407 1828 480 σαλευομένην
1879 408 2042 464 αὐτοῦ

2170 430 2222 469 ιο
2255 430 2486 470 summa
2506 415 2643 470 inde
2674 415 2879 471 laetitia
2906 417 3201 489 perfusus,
3238 420 3436 474 statim
3480 419 3794 491 pestiferos

408 493 510 560 τήν
567 490 790 566 καρδίαν
850 491 980 548 ἱδὼν
1039 498 1213 569 χαρᾶς
1283 493 1539 568 ἔμπλεως
1593 497 1828 572 γεγονὼς
1880 501 2048 574 φωνεῖ

409 580 647 654 παρευθὺ
698 581 766 636 τὰ
822 582 915 636 σὺν
969 582 1113 655 αὐτῷ
1169 584 1581 658 παραγενόμενα
1633 590 1733 653 τῆς
1782 587 2046 658 πονηρίας

408 669 707 741 πνεύματα,
773 671 982 744 Ὁρᾶτε,
1039 670 1267 744 κράζων,
1327 670 1708 747 ὅπωςήκόρη
1768 672 1901 743 αὕτη
1963 671 2044 726 δι-

411 761 599 812 ανῦσαι
650 756 916 832 ἐπείγεται
976 759 1008 812 ἄ
1057 759 1156 813 οὐκ
1212 757 1562 832 ἠδυνήθημεν
1621 764 1784 834 ἡμεῖς
1837 763 2044 819 ἀνῦσαι.

409 850 568 900 Δεῦτε
599 846 714 915 οὗν,
765 845 1007 920 ἰσχυρῶς
1053 851 1143 900 νῦν
1196 845 1532 920 ἐπιπέσωμεν
1585 848 1750 921 αὐτῷ·
1804 849 1910 925 οὐχ
1957 849 2048 904 εὐ-

413 934 654 1008 ρήσομεν
687 933 789 1009 γὰρ
821 931 991 988 ἄλλον
1023 936 1209 1011 καιρὸν
1262 936 1462 991 οὑτωσὶ
1513 935 1820 1005 ἐπιτήδειον
1869 939 1931 992 τὸ
1962 937 2048 992 θέ-

411 1019 568 1092 λημα
597 1019 890 1096 πληρῶσαι
919 1027 1016 1077 τοῦ
1061 1025 1375 1098 πέμψαντος
1421 1028 1592 1097 ἡμᾶς.
1633 1029 1812 1081 Ταῦτα
1842 1023 2048 1080 συλλα-

412 1107 584 1179 λήσας
615 1110 643 1163 ὁ
674 1106 982 1185 δολιόφρων
1026 1117 1143 1174 τοῖς
1189 1112 1383 1167 ἑαυτοῦ
1434 1114 1607 1186 κυσὶν,
1663 1109 2046 1186 ἐπεμϐαίνουσι

409 1201 487 1268 τῷ
517 1200 748 1273 Χριστοῦ
799 1200 1118 1275 στρατιώτῃ,
1168 1202 1340 1263 πάσας
1390 1201 1554 1256 αὐτοῦ
1596 1209 1695 1273 τῆς
1743 1205 1929 1279 ψυχῆς
1954 1202 2050 1265 τὰς

412 1283 664 1358 δυνάμεις
719 1288 1064 1362 ταράξαντες,
1120 1290 1208 1343 καὶ
1270 1286 1444 1344 δεινὸν
1495 1285 1672 1365 ἔρωτα
1728 1297 1827 1359 τῆς
1881 1293 2048 1367 κόρης

413 1373 758 1447 ὑποθέμενοι,
788 1380 893 1451 πῦρ
923 1397 982 1432 τε
1019 1374 1382 1456 σφοδρότατον
1437 1378 1726 1453 ἐπιθυμίας
1758 1381 2051 1435 ἐκκαύσαν-

410 1482 498 1526 τες
527 1462 578 1516 ἐν
611 1463 777 1536 αὐτῷ.

482 1552 655 1628 Ὁρῶν
687 1550 746 1606 δὲ
775 1553 959 1608 ἑαυτὸν
1015 1552 1216 1618 ἐκεῖνος
1277 1555 1518 1631 ἰσχυρῶς
1576 1555 1912 1634 φλεγόμενον
1959 1557 2048 1612 καὶ

414 1641 550 1715 πρὸς
579 1641 677 1709 τὴν
724 1641 986 1716 ἁμαρτίαν
1044 1643 1618 1719 αἱχμαλωτιζόμενον,
1662 1649 1752 1700 καὶ
1793 1647 1920 1708 τοὺς
1953 1647 2047 1702 λο-

2159 503 2398 573 spiritus
2416 505 2514 574 qui
2547 521 2666 560 una
2697 521 2830 560 cum
2861 506 2968 561 illo
3019 506 3268 562 aderant
3314 507 3608 578 appellat:
3660 510 3794 563 Cer-

2157 590 2298 658 nite,
2333 593 2629 662 inquiens,
2664 611 2921 663 quonam
2956 601 3124 665 pacto
3156 596 3356 666 puella
3397 596 3510 650 ista
3559 612 3628 651 ea
3657 613 3789 667 per-

2159 680 2335 735 ﬁcere
2369 681 2688 736 contendat
2717 701 2846 753 qua)
2877 701 2910 738 a
2939 685 3110 738 nobis
3143 685 3347 755 perfici
3379 686 3774 755 nequiverunt

2155 771 2320 839 Agite
2343 771 2537 841 igitur,
2572 772 2786 825 acriter
2816 789 2973 826 nunc
3003 773 3064 825 in
3111 789 3246 827 eum
3284 774 3568 844 impetum
3614 773 3795 828 facia-

2157 875 2310 912 mus.
2342 861 2538 930 Neque
2571 861 2728 914 enim
2759 861 2832 914 ad
2860 860 3211 931 explendam
3243 863 3372 932 ejus
3403 878 3437 916 a
3465 879 3581 932 quo
3626 862 3792 917 missi

2159 963 2362 1001 sumus
2394 949 2754 1003 voluntatem
2789 949 2951 1004 aliud
2976 966 3142 1020 aeque
3197 955 3592 1022 opportunum
3644 957 3792 1006 tem-

2157 1051 2266 1106 pus
2289 1037 2717 1091 nanciscemur.
2758 1038 2889 1092 Haec
2918 1054 3052 1093 cum
3086 1039 3417 1110 versipellis
3460 1039 3561 1095 ille
3591 1039 3665 1094 ad
3699 1057 3794 1094 so-

2157 1124 2278 1178 cios
2299 1123 2563 1190 dixisset,
2590 1125 2650 1179 in
2694 1125 2908 1180 Christi
2961 1127 3210 1181 militem
3256 1127 3549 1196 insiliunt,
3583 1145 3793 1183 omnes

2157 1213 2338 1267 animi
2371 1214 2555 1284 ipsius
2587 1214 2738 1269 vires
2769 1215 3203 1285 perturbantes,
3226 1221 3402 1285 atque
3436 1216 3791 1270 acerrimum

2157 1302 2370 1372 puellae
2416 1319 2678 1357 amorem
2725 1303 2912 1374 ipsius
2952 1303 3174 1375 pectori
3224 1303 3574 1374 inserentes,
3616 1304 3792 1358 vehe-

2157 1390 2714 1462 mentissimumque
2745 1391 3009 1447 libidinis
3059 1392 3253 1464 ignem
3295 1392 3356 1446 in
3389 1393 3516 1463 ipso
3558 1391 3792 1447 inﬂam-

2157 1485 2410 1535 mantes.

2227 1569 2333 1624 Ille
2364 1575 2560 1625 autem
2585 1587 2718 1626 cum
2751 1571 3010 1642 seipsum
3057 1571 3436 1626 vehementer
3459 1571 3574 1637 uri,
3607 1569 3791 1641 capti-

2158 1675 2410 1729 vumque
2441 1659 2513 1714 ad
2537 1665 2843 1729 peccatum
2861 1659 3011 1714 trahi
3037 1660 3608 1731 perspiceret,atque
3644 1657 3794 1729 cogi-

415 1729 650 1803 γισμοὺς
703 1730 867 1784 αὐτοῦ
921 1732 1019 1800 τὴν
1074 1734 1347 1803 σωτηρίαν
1401 1738 1502 1798 τῆς
1557 1731 1726 1810 κόρης
1783 1736 1872 1790 καὶ
1913 1735 2047 1807 πρὸς

2170 1747 2413 1801 taliones
2437 1764 2592 1810 suas,
2617 1748 2830 1819 puellm
2853 1747 3102 1802 salutem
3135 1749 3696 1818 conversionemque
3719 1745 3794 1802 ad

416 1821 544 1874 Θεὸν
603 1819 923 1896 ἑπιστρφήν,
979 1822 1054 1886 ὡς
1111 1823 1387 1899 ἀγκίστρῳ
1445 1823 1659 1900 δέλεαρ,
1715 1830 1783 1900 τῇ
1833 1846 2054 1899 προκει-

420 1910 554 1982 μένῃ
583 1911 770 1982 πράξει
821 1913 1281 1984 περιτιθεμένους,
1313 1913 1402 1967 καὶ
1454 1913 1762 1988 ὀχλοῦντας
1811 1915 1957 1988 αὐτῷ
1986 1920 2054 1989 τῇ

423 2003 519 2053 τοῦ
551 1997 753 2074 ἐχθροῦ
797 1995 1047 2074 ὑποϐολῇ
1083 2003 1159 2074 μὴ
1192 2003 1454 2079 ἁμαρτίαν
1488 2005 1711 2060 εἶναιτὸ
1759 2005 1847 2060 ἐπὶ
1877 2027 2054 2075 σωτη-

421 2088 510 2163 ρίᾳ
567 2091 752 2163 ψυχῆς
809 2090 944 2160 ἅπαξ
995 2092 1204 2166 γυναικὶ
1254 2094 1638 2168 συγγενέσθαι,
1695 2096 1943 2164 στενάξας
2002 2095 2054 2149 έν

420 2177 622 2252 ἀπορίᾳ
667 2180 853 2253 ψυχῆς
888 2179 1072 2253 βύθιόν
1128 2200 1182 2233 τι
1236 2180 1325 2234 καὶ
1376 2183 1625 2250 τετηκὸς,
1666 2182 1850 2237 ἑαυτὸν
1907 2181 2058 2245 εὐθὺς

421 2267 557 2339 πρὸς
612 2267 786 2340 εὐχήν
841 2267 1146 2336 συντείνει,
1220 2269 1309 2322 καὶ
1385 2269 1611 2343 ὀχετοὺς
1683 2268 1928 2345 δαιιρύων
2004 2270 2054 2342 ἐξ

423 2353 686 2430 όφαλμῶν
720 2353 966 2429 δαψιλῶς
1007 2357 1282 2432 προχέων,
1318 2352 1448 2412 ἐϐόα
1489 2359 1624 2433 πρὸς
1679 2359 1770 2413 τὸν
1822 2356 2055 2432 δυνάμε-

419 2463 508 2497 νον
568 2441 756 2511 σώζεὶν
813 2441 942 2504 τοὺς
997 2443 1081 2497 ἐπ’
1137 2443 1282 2514 αὐτῷ
1329 2445 1673 2508 πεποιθότας·
1733 2446 1854 2502 Ἐπὶ
1925 2447 2054 2515 σοὶ,

421 2531 582 2606 Κύριε
616 2575 629 2600 ,
687 2529 934 2600 ἤλπισαο
997 2532 1072 2604 μή
1130 2534 1580 2607 καταισχυνθείην
1640 2533 1714 2595 εἰς
1769 2535 1863 2588 τὸν
1920 2533 2056 2588 αἰῶ-

421 2642 485 2674 να
512 2624 642 2694 (33),
677 2617 818 2693 μηδὲ
837 2620 1348 2694 καταγελασάτωσάν
1385 2642 1451 2694 με
1481 2623 1534 2676 οἱ
1563 2621 1756 2696 ἐχθροί
1789 2643 1892 2695 μου
1923 2625 2056 2696 (34),

423 2708 514 2762 τὸν
553 2715 652 2778 τῆς
701 2715 798 2777 σῆς
830 2707 1096 2782 ἐχόμενον
1155 2707 1348 2779 δεξῖᾶς’
1409 2707 1553 2764 ἀλλὰ
1605 2709 1910 2783 παράστηθί
1963 2731 2056 2783 μοι

427 2794 480 2850 ἐν
509 2799 572 2850 τ’
617 2797 675 2828 "*
823 2796 836 2814 ’
1035 2798 1049 2818 ‘
1214 2798 1226 2814 “
1326 2797 1339 2814 “
1445 2798 1458 2813 ⁸
1764 2799 1782 2828 ί
2001 2794 2026 2814 ”

541 2817 576 2869 ῃ
604 2817 717 2869 ωρᾳ
743 2817 934 2870 ταυτῃ,
965 2817 1051 2851 και
1101 2817 1238 2851 κατα
1287 2817 1350 2851 τ’)
1407 2818 1495 2851 σον
1526 2800 1678 2855 280
1730 2797 1946 2870 θέλημα
1971 2819 2058 2852 ευ-

427 2885 581 2939 θυνον
606 2885 700 2947 τὰς
732 2883 890 2946 ὁδούς
935 2905 1039 2957 μου
1083 2888 1216 2958 (35),
1248 2885 1336 2938 ἳνα
1367 2883 1596 2960 δοξασθῇ
1643 2886 1706 2940 τὸ
1750 2885 1924 2959 ὅνομά
1962 2907 2058 2941 σου

424 2973 486 3026 τὸ
516 2967 725 3046 ἔνδοξον
757 2972 848 3027 καὶ
888 2967 1118 3048 φοϐερὸν
1173 2971 1255 3027 ἐπ’
1313 2972 1436 3046 ἐμοὶ
1489 2978 1569 3046 τῷ
1599 2973 1778 3048 οἰκέτῃ
1825 2995 1942 3044 σου,
1975 2976 2057 3030 δτι

427 3061 723 3138 εὐλογητὸς
754 3061 802 3116 εἴ
829 3060 904 3122 είς
936 3061 1060 3122 τοὺς
1095 3061 1311 3122 αἰῶνας.
1345 3063 1548 3135 Ἀμήν,

496 3151 612 3226 Ἐφ’
645 3151 829 3211 ἱκανάς
878 3148 935 3204 δὶ
964 3149 1106 3226 ὥρας
1169 3150 1302 3222 μετᾶ
1358 3146 1600 3224 δακρύων
1658 3150 1943 3224 εὐξάμενος
1969 3153 2058 3206 καὶ

424 3236 613 3292 πολλὰ
667 3237 1088 3312 γονυκλιτήσας,
1141 3239 1376 3307 καθῆκεν
1435 3237 1616 3292 ἑαυτὸν
1661 3237 1748 3293 ἐπὶ
1803 3244 1899 3294 τοῦ
1932 3238 2060 3295 ἐδά-

427 3348 577 3403 φους.
634 3325 738 3381 Καὶ
798 3327 1044 3388 ὑπνώσας
1103 3327 1318 3399 μικρὸν,
1363 3326 1462 3398 ὁρᾷ
1518 3327 1703 3382 ἑαυτὸν
1741 3328 1844 3383 ὑπό
1898 3349 2060 3384 τινων

426 3416 670 3498 φοϐερῶν
731 3420 1072 3496 ἁρπαγέντα,
1123 3414 1212 3475 καὶ
1258 3421 1456 3480 τόπους
1505 3419 1596 3485 οὕς
1646 3418 1904 3476 οὐδέποτε
1959 3423 2062 3476 ἓω-

429 3511 576 3585 ράκει
635 3507 935 3579 διελθόντα,
965 3509 1055 3563 καὶ
1113 3504 1163 3563 ἔν
1223 3531 1328 3564 τινι
1359 3510 1650 3585 γενόμενον
1713 3511 1937 3584 μεγίστῃ
1967 3530 2065 3565 πε-

433 3596 576 3652 διάδι
606 3598 832 3673 ὠραιυις
861 3596 1040 3661 ἄνθεσι
1093 3598 1182 3652 καὶ
1214 3597 1334 3654 λίαν
1377 3596 1599 3654 εὐώδεσι
1645 3599 1894 3672 κομώσῃ,
1944 3595 2065 3661 ἔνθα

431 3688 569 3763 φυτὰ
630 3687 723 3760 μὶν
780 3687 924 3761 ἐώρα
996 3683 1312 3740 παντοδαπᾶ
1364 3687 1451 3740 καὶ
1509 3686 1778 3757 ποικίλα,
1835 3691 2066 3762 καρποῖς

431 3775 602 3846 ξένοις
644 3775 754 3830 τισὶ
810 3775 898 3829 καὶ
959 3773 1279 3846 θαυμασίοις
1343 3774 1620 3848 βρίθοντα,
1653 3772 1781 3829 ἰδεῖν
1829 3795 1887 3830 τε
1936 3773 2064 3844 ἡδί-

431 3884 578 3925 στοις
619 3863 708 3918 καὶ
765 3864 998 3936 ἅψασθαι
1044 3867 1338 3926 ποθεινοῖς.
1385 3864 1466 3919 Τά
1493 3884 1550 3918 τε
1593 3863 1774 3940 φύλλα
1810 3867 1916 3917 τῶν
1951 3861 2064 3918 δέν-

432 3951 572 4023 δρων
602 3952 830 4027 λιγυρὸν
863 3951 1066 4027 ὑπήχει
1099 3955 1206 4023 (36)
1264 3948 1400 4023 αὕρᾳ
1453 3953 1557 4005 τινὶ
1615 3951 1941 4026 λεπτοτάτῃ,
1971 3951 2060 4006 καὶ

431 4041 718 4116 ἀκόρεστον
751 4040 840 4094 καὶ
898 4041 1258 4114 χαριεστάτην
1316 4037 1662 4113 ἐκπέμποντα
1716 4038 1944 4094 εὐωδίαν
1977 4061 2061 4094 κι-

429 4129 686 4203 νούμενα,
732 4129 926 4204 Θρόνοι
981 4149 1040 4183 τε
1087 4129 1348 4183 ἀνέκειντο
1405 4129 1465 4182 ἐκ
1519 4128 1895 4203 καθαρωτάτου
1929 4147 2062 4202 χρυ-

433 4218 552 4272 σίου
603 4217 692 4272 καὶ
751 4215 918 4279 λίθων
973 4215 1170 4290 τιμίων
1229 4217 1748 4289 κατεσκευασμένοι,
1808 4218 2063 4290 λαμπράν

434 4308 549 4362 οἲαν
611 4305 809 4380 αἴγλῆν
865 4304 1127 4382 ἀφιέντες,
1175 4306 1264 4360 καὶ
1320 4303 1502 4360 κλῖναι
1563 4304 1614 4360 ἐν
1675 4304 1923 4376 ἐξάλλοις
1953 4306 2062 4360 τισὶ

433 4399 742 4469 στρωμναῖς
787 4393 873 4448 καὶ
903 4398 982 4465 τῷ
1009 4393 1205 4448 κάλλει
1231 4394 1330 4461 τὴν
1364 4390 1615 4468 διήγησιν
1647 4393 1904 4455 νικώσαις
1933 4414 2062 4447 κατ-

2161 1837 2343 1890 Deum
2365 1836 2476 1907 ipsi
2500 1841 2914 1908 proponentes,
2941 1836 3228 1907 ﬂagitium
3250 1842 3534 1906 tanquam
3555 1836 3798 1890 hamum

2162 1925 2476 1995 quemdam
2493 1941 2625 1979 esca
2641 1925 2924 1991 ocultare,
2938 1925 3241 1994 hostisque
3255 1925 3539 1979 instinctu
3561 1924 3674 1979 sibi
3696 1939 3797 1978 ne-

2161 2014 2382 2085 gotium
2398 2013 2959 2083 facessere,perinde
2973 2012 3246 2068 videlicet
3262 2029 3328 2068 ac
3341 2012 3533 2067 scelus
3545 2011 3794 2067 minime

2163 2102 2628 2157 essetservandm
2641 2102 2856 2156 animae
2869 2117 3046 2156 causa
3058 2117 3192 2154 cum
3210 2100 3458 2155 muliere
3471 2099 3655 2155 semel
3668 2115 3794 2154 rem

2160 2189 2378 2244 habere
2396 2190 2457 2243 in
2473 2189 2814 2260 hujusmodi
2831 2189 3013 2244 animi
3027 2189 3321 2243 anxietate
3337 2188 3687 2258 consiliique
3701 2203 3797 2258 pe-

2162 2279 2334 2333 nuria
2356 2279 2472 2333 alto
2494 2283 2732 2349 pectore
2755 2277 3171 2349 ingemiscens,
3196 2277 3456 2347 seipsum
3496 2276 3693 2330 statim
3724 2275 3800 2329 ad

2163 2369 2491 2422 orationem
2525 2367 2770 2434 confert,
2796 2372 2972 2437 atque
2994 2366 3208 2421 uberes
3233 2366 3628 2436 lacrymarum
3643 2365 3796 2418 rivos

2163 2473 2233 2511 ex
2262 2457 2450 2511 oculis
2471 2455 2854 2526 profundens,
2875 2455 2948 2508 ad
2971 2471 3104 2508 eum
3128 2455 3228 2524 qui
3247 2455 3497 2508 salutem
3520 2453 3592 2507 iis
3615 2453 3712 2522 qui
3737 2453 3800 2506 in

2164 2546 2291 2615 ipso
2307 2543 2613 2599 conﬁdunt
2626 2545 2835 2598 aﬂ‘erre
2849 2548 3041 2614 potest
3055 2542 3374 2597 clamabat:
3394 2543 3454 2596 In
3471 2541 3800 2606 te,Domine

2165 2633 2410 2703 speravi,
2430 2649 2551 2686 non
2573 2631 2900 2686 confundar
2923 2631 2982 2684 in
3005 2629 3463 2698 aaternum{Psal.
3497 2627 3634 2697 xxx)
3659 2645 3672 2694 ;
3697 2644 3803 2682 ne-

2165 2737 2278 2790 que
2292 2721 2579 2774 irrideant
2591 2736 2683 2774 me
2702 2719 2926 2773 inimici
2945 2718 3059 2772 mei
3081 2718 3297 2771 dextras
3314 2721 3429 2771 tuae
3444 2717 3798 2783 haerentem;

2163 2825 2364 2863 verum
2377 2810 2486 2863 hac
2498 2809 2642 2862 hora
2654 2824 2758 2878 pro
2774 2811 2873 2861 tua
2884 2806 3180 2861 voluntate
3195 2806 3340 2860 mihi
3355 2805 3627 2873 asta,vias
3641 2821 3802 2859 meas

2165 2897 2444 2968 dirigens,
2472 2902 2538 2950 ut
2557 2903 2826 2951 sanctum
2867 2901 3031 2949 tuum
3055 2899 3112 2948 et
3133 2894 3455 2966 gloriosum
3489 2910 3556 2949 ac
3594 2893 3802 2948 formi-

2165 2985 2426 3040 dandum
2450 3000 2667 3039 nomen
2690 2985 2753 3038 in
2779 3000 2872 3038 me
2902 2984 3124 3039 famulo
3159 2989 3257 3038 tuo
3287 2983 3638 3051 illustretur,
3663 2997 3806 3052 quo-

2170 3076 2329 3129 niam
2353 3073 2700 3128 benedictus
2721 3089 2782 3127 es
2819 3073 2881 3127 in
2919 3071 3152 3128 saecula.
3188 3074 3396 3126 Amen.
3431 3073 3598 3143 (Psal.
3631 3070 3804 3140 xxiv).

2242 3165 2383 3217 Cum
2398 3166 2594 3217 autem
2608 3160 2952 3232 perfaliquot
2970 3161 3144 3215 horas
3163 3177 3295 3214 cum
3313 3159 3589 3231 lacrymis
3601 3174 3806 3230 preces

2171 3251 2442 3317 fudisset,
2465 3265 2772 3322 genuaque
2791 3264 3055 3320 persaepe
3089 3248 3368 3314 ﬂexisset,
3390 3247 3451 3302 in
3493 3252 3710 3302 terram
3743 3263 3804 3301 se

2172 3340 2470 3411 prostavit,
2487 3339 2848 3410 paulumque
2880 3337 3598 3407 obdormiscensseipsum
3623 3352 3655 3390 a
3673 3336 3804 3406 qui-

2171 3428 2420 3482 busdam
2443 3427 2758 3482 horrendis
2788 3426 2925 3480 viris
2946 3426 3128 3496 arripi
3157 3425 3332 3492 videt,
3349 3425 3808 3497 regionibusque

2174 3515 2548 3586 quibusdam,
2583 3531 2727 3586 quas
2753 3530 3059 3583 nunquam
3091 3513 3335 3579 viderat,
3368 3513 3712 3583 peragratis,
3748 3513 3808 3566 in

2173 3604 2605 3675 amplissimum
2629 3619 2900 3673 campum
2917 3601 3155 3672 perduci
3169 3601 3432 3671 pulchris
3447 3600 3689 3654 floribus
3712 3605 3807 3654 at-

2174 3709 2286 3764 que
2302 3692 2525 3762 ingenti
2543 3691 2824 3746 suavitate
2843 3688 3282 3760 prmditum,ubi
3299 3693 3357 3742 et
3369 3687 3602 3758 plantas
3616 3688 3810 3741 omnis

2170 3779 2403 3850 generis
2417 3778 2695 3833 cernebat
2706 3776 3002 3832 inusitatis
3017 3775 3431 3846 quibusdamet
3445 3772 3809 3828 admirandis

2171 3866 2614 3929 fructibus,tum
2629 3865 2754 3919 visu
2765 3862 3217 3933 jucundissimis
3236 3867 3358 3916 tum
3374 3865 3654 3931 perceptu
3672 3851 3806 3914 sua;

2169 3950 3154 4008 vissimisredundantes.Arborum
3168 3966 3342 4020 porro
3356 3948 3496 4003 folia
3510 3964 3578 4002 ex
3591 3948 3806 4001 tenuis-

2173 4043 2321 4098 sima
2339 4040 2594 4112 quadam
2621 4056 2765 4095 aura
2782 4039 3016 4094 dulcem
3039 4053 3248 4092 sonum
3281 4035 3553 4104 edebant,
3577 4051 3644 4089 ac
3665 4034 3808 4089 dum

2169 4126 3100 4200 impellerentur,inexplebilemo
3109 4125 3264 4180 doris
3275 4122 3809 4196 fragrantiamemi-

2173 4218 2394 4271 tebant.
2411 4218 2560 4281 Quin
2580 4217 2756 4271 etiam
2779 4215 2947 4269 sedes
2969 4214 3091 4268 illic
3109 4213 3232 4269 sitae
3248 4217 3435 4280 erant,
3467 4227 3611 4268 auro
3633 4215 3808 4280 atque

2172 4306 2428 4377 ingentis
2450 4305 2622 4376 pretii
2647 4303 2941 4374 lapidibus
2963 4307 3222 4370 struetaa,
3261 4301 3630 4357 luculentum
3665 4315 3808 4353 sane

2175 4392 2558 4463 splendorem
2572 4394 2914 4459 aﬂ‘erentes;
2943 4391 3196 4461 lectique
3211 4391 3354 4446 item
3367 4389 3630 4444 illustres
3643 4387 3810 4441 miris

433 4481 821 4558 ηγλαῖσμέναι.
878 4481 1078 4536 ’Ὑδατά
1133 4501 1192 4535 τε
1247 4481 1499 4557 παρέρῥει
1558 4479 1752 4556 διαυγῆ
1813 4479 1932 4536 λίαν
1976 4483 2057 4536 καῖ

2178 4481 2530 4552 quibusdam
2550 4481 3027 4553 stragulis.atque
3042 4479 3333 4552 elegantia
3348 4493 3585 4533 omnem
3603 4475 3815 4531 oratio-

437 4571 598 4634 αὐτὰς
653 4569 1004 4648 εὐφραίνοντα
1058 4569 1153 4632 τὰς
1211 4571 1440 4644 ὁράσεις.
1473 4571 1584 4639 Τὴν
1645 4567 1701 4624 δὲ
1758 4571 2066 4644 θαυμαστὴν

433 4660 632 4730 ταύτην
664 4659 755 4713 καὶ
807 4656 1052 4732 μεγάλην
1102 4655 1329 4712 πεδιάδα
1377 4658 1430 4712 οἱ
1459 4653 1682 4736 φοϐεροὶ
1739 4657 1932 4714 ἐκεῖνοι
1989 4657 2072 4714 δι-

435 4749 723 4825 αγαγόντες
781 4747 938 4801 αὐτὸν
999 4745 1072 4807 εἴς
1125 4743 1288 4800 πόλιν
1339 4745 1629 4820 εἰσήγαγον
1691 4746 1912 4823 ἀῤῥητῳ
1963 4748 2070 4802 τινὶ

436 4833 784 4910 λαμπρότητι
833 4828 1293 4903 ἀποστίλϐουσαν,
1325 4833 1384 4888 ἐκ
1431 4835 1662 4909 χρυσίου
1691 4835 1784 4907 μὲν
1820 4833 2070 4911 διαυγοῦς

434 4925 499 4979 τὰ
525 4925 710 4999 τείχη,
772 4923 940 4978 λίθων
998 4919 1055 4976 δέ
1109 4923 1182 4976 ὧν
1229 4920 1404 4984 οὐδεὶς
1458 4924 1679 4977 πώποτε
1720 4922 1923 4996 έώραγε
1977 4923 2070 4985 τὰς

437 5012 684 5084 ἐπάλξεις
743 5007 972 5086 ἔχουσαν
1043 5011 1479 5086 ἀνεγηγερμένας
1545 5013 1657 5084 (37)
1692 5054 1705 5068 .
1764 5012 1828 5064 Ὦ
1869 5011 1948 5074 τίς
2009 5010 2066 5066 ἂν

529 5167 618 5232 33)
645 5164 798 5220 Psal.
832 5181 964 5230 xxx,
999 5167 1047 5219 1.
1081 5163 1162 5218 Cf.
1196 5180 1345 5232 xx1v,
1377 5167 1465 5218 20.

529 5235 619 5302 34)
652 5235 804 5291 Psal.
838 5251 990 5302 xxiv,
1022 5238 1074 5290 2.

2179 4571 2272 4624 nis
2284 4570 2622 4625 facultatem
2637 4575 2950 4641 superante
2962 4568 3246 4623 coornati.
3261 4566 3350 4622 Ad
3361 4582 3529 4636 aquae
3553 4563 3815 4636 proflue-

2178 4657 3236 4731 bantperquamlimpidaa,oculosque
3249 4657 3409 4727 ipsos
3427 4653 3812 4710 oblectantes.

2179 4751 2323 4803 Tum
2347 4753 2542 4802 autem
2563 4763 2666 4818 per
2689 4747 2983 4818 ingentem
3017 4751 3192 4816 atque
3212 4742 3624 4799 admirandum
3655 4741 3812 4794 hunc

2180 4851 2452 4906 campum
2474 4835 2754 4890 horrendi
2779 4835 2989 4889 illiviri
3014 4851 3148 4889 eum
3168 4833 3228 4887 in
3258 4832 3464 4887 urbem
3495 4827 3812 4900 quamdam

2179 4927 2653 4994 introduxerunt,
2685 4924 3068 4980 inenarrabili
3105 4921 3417 4994 splendore
3446 4920 3814 4986 rutilantem,

2181 5033 2250 5071 ex
2269 5014 2563 5086 pellucido
2579 5014 2818 5086 quidem
2832 5030 2974 5069 auro
2988 5027 3288 5080 muros,ex
3304 5009 3600 5080 lapidibus
3616 5013 3814 5064 autem

507 5302 618 5378 (35)
651 5306 803 5378 Psal.
834 5322 882 5371 ι’,
917 5307 948 5359 8
975 5323 985 5359 :
1023 5303 1348 5378 Κατεύθυνον
1384 5302 1612 5358 ἐνώπιόν
1645 5325 1740 5358 σου
1769 5305 1866 5373 τὴν
1900 5302 2022 5360 ὁδόν
2053 5326 2177 5378 μου.

511 5375 624 5449 (36)
655 5379 713 5445 C,
747 5375 984 5450 λιγυρῶς
1017 5375 1107 5432 ὑπ.
1142 5377 1524 5432 Aristaenetus
1554 5378 1597 5443 Ι,
1647 5378 1829 5448 Epist.
1863 5381 1914 5445 3,
1955 5395 2012 5449 p.
2055 5375 2057 5378 ’

480 5453 548 5502 ὢν
576 5447 837 5503 τεττίγων
867 5449 1044 5503 γορῶο
1076 5448 1176 5502 ubi
1207 5447 1426 5502 similia
1456 5448 1604 5503 loca.
1637 5465 1768 5503 quas
1792 5448 1852 5502 in
1883 5457 2024 5503 nota
2054 5470 2057 5503 ι

2170 5397 2173 5433 :
2229 5378 2306 5433 Τὸ
2337 5375 2572 5450 ἔμπνουν
2603 5382 2702 5445 τῆς

2170 5456 2189 5503 t
2213 5451 2501 5503 apposita.
2534 5446 2711 5503 Αινῦοἰ

442 5455 548 5503 τῶν
576 5455 837 5521 τεττίγων
867 5455 1044 5571 χορῷο
1076 5455 1176 5502 ubi
1207 5455 1426 5531 similia
1456 5455 1604 5511 loca,
1637 5465 1768 5518 quas
1792 5455 1852 5502 in
1883 5457 2024 5504 nota
2054 5456 2189 5505 sunt
2213 5455 2501 5521 apposita,
2534 5455 2757 5521 Λιγῦρὺν
2783 5455 3036 5504 ﬁrmant.

519 5522 628 5591 (37)
657 5523 724 5586 Α,
759 5518 866 5606 ἀπα
908 5519 1033 5600 ξεις.
1069 5519 1129 5586 C,
1162 5515 1246 5574 ἐπ.
1277 5515 1363 5590 ἐχ.
1396 5517 1871 5644 ἀναγεγραμμένας
1908 5521 1984 5574 De
2015 5517 2261 5602 ἐπάλξεσι
2292 5521 2419 5602 vide
2470 5526 2639 5602 [1on
2669 5519 2741 5574 ad
2760 5521 3033 5602 .Nicetam
3088 5523 3308 5644 Eugen.

449 5592 582 5644 ller.
618 5606 743 5644 nan.
773 5593 895 5644 569.
927 5589 1014 5644 lbi
1044 5605 1160 5644 auo
1189 5603 1331 5644 usus
1361 5605 1494 5644 sum
1525 5589 1585 5643 L1
1631 5605 1751 5644 anu
1780 5591 1946 5644 locus
1972 5590 2205 5644 facilius
2233 5595 2560 5644 reperietur
2587 5607 2650 5644 in
2671 5591 2992 5644 Reiskiana
3019 5597 3161 5644 tom.
3223 5593 3286 5644 V.

1631 5589 1751 5646 anii
1780 5591 1946 5646 locus
1972 5589 2205 5648 facilius
2233 5593 2560 5664 reperietur
2587 5591 2650 5646 in
2671 5590 2992 5648 Reiskiana
3019 5597 3161 5648 tom.
3180 5589 3286 5662 Ἰν,
3316 5589 3447 5663 pag.
3479 5591 3605 5660 777,
3633 5589 3721 5646 32.

519 5522 628 5591 (37)
657 5518 866 5586 Α,”ἀπά

449 5589 582 5648 Ηοίθ.
617 5606 743 5664 pag.
773 5593 895 5646 569.
927 5589 1014 5644 lbi
1044 5605 1160 5662 quo
1189 5589 1343 5650 usus
1361 5589 1585 5645 sum‘Li

2229 5378 2306 5433 Τὸ
2337 5373 2572 5452 ἔμπνουν
2603 5382 2710 5452 τῆς.
2733 5371 2898 5452 αὔρας
2927 5375 3154 5452 λιγυρὸν
3206 5375 3414 5452 ὑπηχεῖ
3465 5378 3542 5446 τῷ
3575 5371 3816 5446 μουσικῷ

3354 5537 3410 5591 p.
3444 5521 3532 5586 22,
3563 5517 3650 5591 ad;
3666 5514 3818 5570 Phil.
