3994 6150
138 307 273 369 1151
1647 302 1801 359 ADDJ

1912 300 2010 355 δι.
3384 280 3528 352 {1'52

133 429 375 488 nemine
412 442 675 500 unquam
708 424 847 481 visis
881 424 1095 497 pinnas
1118 440 1185 481 ac
1205 426 1647 498 propugnacula
1670 440 1763 479 ex-
1794 475 1801 489 ,

1912 417 2084 490 ιιείνης
2116 424 2257 476 εἴποι
2313 422 2377 476 τὸ
2432 418 2639 484 κάλλος
2688 424 2788 489 τῆς
2848 416 3067 481 πόλεως
3124 417 3269 475 281
3306 415 3396 471 καὶ
3424 418 3527 487 τὴν

135 524 361 575 structa
376 517 789 573 habentem.Et
806 514 937 585 quis
952 513 1189 569 tandem
1207 520 1297 569 est
1313 514 1411 584 qui
1428 514 1592 569 urbis
1611 513 1775 568 illius

1912 508 2221 585 ›αιδρότητα
2249 532 2264 581 ;
2298 516 2425 573 Φῶς
2458 508 2660 574 ἄνωθεν
2692 509 2865 565 πυκνά
2910 513 3031 563 ταῖς
3087 506 3263 562 ἀκτῖσι
3314 504 3527 577 διᾷττον

134 606 640 681 pulchritudinem
674 621 741 659 ac
775 603 1152 675 splendorem
1189 619 1461 658 sermone
1492 602 1775 671 consequi

1912 599 2057 660 πάσας
2110 599 2274 669 αὐτῆς
2324 600 2419 661 τὰς
2476 597 2740 659 πλατείας
2793 595 3060 672 ἐπλήρου·
3093 596 3179 649 καὶ
3236 594 3536 671 ὖπόπτεροί

135 695 365 769 possit?
386 696 504 749 Lux
525 709 697 764 porro
722 708 976 763 superne
997 691 1178 747 radiis
1201 691 1524 746 identidem
1550 691 1778 745 micans

1912 708 2028 749 wsc
2068 688 2334 762 στρατιαὶ,
2395 688 2530 761 αὐτῇ
2590 686 2785 757 ἑκάστη
2844 690 2958 763 φῶς
3020 682 3195 754 οὗσαῖ,
3246 684 3414 757 ταύτῃ
3442 683 3536 738 ἐπ-

140 802 345 840 omnes
366 784 552 854 ipsius
566 782 722 837 vicos
744 780 1228 851 implebat,atque
1251 781 1388 835 alati
1412 780 1653 850 quidam
1680 795 1777 832 ex-

1912 775 2150 850 8vﬁpouv,
2187 778 2351 852 μέλος
2379 776 2603 849 ᾄδουσαι
2636 780 2772 850 ἀκοῇ
2810 774 3028 852 βροτείᾳ
3067 771 3342 847 μηδέποτε
3372 774 3534 829 ἀκου-

138 872 551 929 ercituslucidi
592 887 800 925 omnes
822 871 883 924 in
928 887 997 925 ea
1031 870 1435 937 morabantur,
1485 866 1779 939 ejusmodi

1912 866 2031 928 ΓΘδὲν.
2066 867 2166 923 Καὶ
2225 873 2411 943 φωνῆς
2459 865 2661 935 ἤκουσε
2719 864 3005 940 λεγεύσης·
3049 861 3195 933 Αὕτη
3228 866 3263 932 ἡ
3297 860 3537 917 ἀνάπαυ-

136 968 374 1017 cantum
399 961 661 1024 edentes,
686 976 862 1029 quem
884 975 1189 1028 nunquam
1212 958 1478 1013 mortalis
1496 957 1655 1011 auris
1678 972 1779 1011 au-

1912 973 1973 1014 τις
1999 958 2108 1008 τῶν
2161 952 2402 1009 δικαίων·
2466 953 2599 1023 αὕαη
2651 955 2684 1022 ἠ
2734 951 3034 1029 εὐφροσύνη
3079 954 3187 1005 τῶν
3247 948 3537 1024 εὐαρεστη-

139 1049 519 1106 divit.Vocem
529 1064 641 1118 que
655 1046 950 1102 dicentem
964 1046 1169 1101 audiit:
1190 1048 1323 1101 Haec
1337 1062 1537 1101 eorum
1553 1045 1653 1115 qui
1659 1044 1785 1115 jus-

139 1139 330 1194 titiam
351 1136 644 1191 coluerint
666 1140 754 1188 est
773 1134 1146 1204 requies,hoc
1171 1150 1376 1189 eorum
1395 1133 1496 1204 qui
1523 1132 1782 1186 Domino

140 1243 259 1282 suae
281 1226 411 1279 vitae
439 1223 701 1278 rationes
723 1221 1031 1292 probarint
1060 1221 1583 1277 oblectamentum.
1618 1221 1783 1273 Hunc

142 1318 337 1369 autem
360 1329 428 1366 ex
444 1310 546 1365 illo
569 1310 699 1364 loco
718 1308 996 1364 eductum
1016 1309 1309 1365 terribiles
1332 1310 1419 1363 illi
1436 1308 1543 1362 viri
1566 1312 1782 1362 retror-

140 1417 272 1455 sum
300 1399 513 1454 ducere
542 1397 692 1453 velle
724 1397 1099 1452 dicebant.At
1130 1398 1254 1468 ipse
1275 1396 1651 1469 jucunditate
1683 1394 1787 1449 illa

140 1489 464 1558 laetitiaque
487 1486 671 1541 animi
713 1485 953 1541 omnino
1005 1491 1242 1557 raptus:
1278 1488 1357 1540 Ne
1403 1502 1519 1552 me,
1559 1500 1784 1554 quaeso,

1896 1042 2095 1096 σάντων
2144 1047 2222 1114 τῷ
2268 1042 2471 1119 Κυρίῳ.
2526 1044 2759 1105 Ἐκεῖθεν
2795 1038 2886 1095 οὗν
2942 1039 3289 1115 ἐξαγαγόντες
3322 1038 3375 1093 οἱ
3407 1059 3537 1116 φρι-

1890 1127 2215 1186 κωδέστατοι
2248 1130 2433 1206 ἄνδρες
2489 1131 2711 1200 ἐκεῖνοι,
2746 1129 2823 1192 εἷς
2852 1128 3101 1184 τούπίσω
3152 1127 3295 1203 ὂὶγειν
3323 1125 3535 1203 ἔλεγον.

1893 1218 1953 1274 Ὀ
1985 1215 2063 1287 δὲ,
2120 1225 2221 1289 τῆς
2274 1219 2608 1295 τερπότητος
2667 1217 2875 1288 ἐκείνης
2931 1216 3021 1272 καὶ
3076 1213 3349 1289 θυμηδίας
3407 1214 3543 1277 δ’λος

1892 1305 2207 1380 γενόμενος,
2240 1310 2332 1378 Μὴ
2393 1309 2689 1382 στερήσητέ
2730 1328 2817 1382 με,
2876 1305 3049 1381 ἔλεγε,
3110 1306 3188 1379 μὴ
3223 1305 3544 1379 στερήσητε,

1896 1391 2153 1465 δυσωπῶ,
2185 1399 2282 1465 τῆς
2328 1396 2566 1474 ἂρῥήτου
2619 1400 2793 1471 χαρᾶς
2846 1395 3069 1465 ταύτης·
3126 1392 3271 1449 ἀλλὰ
3303 1390 3425 1447 δότε
3446 1391 3543 1447 κά-

1898 1483 1992 1554 μοὶ
2024 1482 2075 1537 ἐν
2112 1488 2209 1556 μιᾷ
2237 1492 2337 1554 τῆς
2387 1486 2649 1560 μεγίστης
2705 1483 2908 1554 ταύτης
2955 1480 3170 1544 πόλεως
3201 1480 3370 1558 γωνίᾳ
3401 1477 3544 1535 διαι-

142 1576 470 1648 inquiebat,
492 1591 700 1643 neme,
722 1574 987 1645 inquam,
1007 1575 1120 1630 hac
1158 1574 1385 1643 lzntitia,
1428 1590 1558 1644 quae
1602 1572 1788 1627 nullis

1912 1573 2103 1634 τᾶσθαι.
2162 1573 2229 1629 Οἱ
2284 1570 2363 1645 δὶ,
2424 1571 2716 1628 Ἀδύνατόν
2762 1571 2871 1627 ἐστι
2914 1575 3030 1641 νῦν,
3061 1565 3270 1645 ἔλεγον,
3305 1567 3437 1625 εῖναί
3487 1589 3545 1623 σε

143 1665 339 1721 verbis
362 1663 837 1735 exprimipotest,
855 1664 1109 1733 private;
1130 1680 1330 1719 verum
1353 1664 1463 1717 hoc
1485 1662 1633 1717 mihi
1654 1676 1790 1716 cono

1912 1658 2125 1723 ἐνταῦθα
2155 1663 2283 1733 (38).
2318 1659 2493 1716 Ἀλλὰ
2539 1662 2696 1734 κόπῳ
2754 1659 2952 1732 πολλῷ
2981 1660 3069 1714 καὶ
3095 1657 3285 1735 ἱδρῶτι
3345 1656 3542 1733 ἐλεύσῃ

148 1753 440 1820 cedite,ut
463 1753 523 1807 in
556 1768 675 1807 uno
707 1750 1093 1822 amplissimae
1122 1752 1372 1823 hujusce
1403 1749 1654 1806 civitatis
1685 1764 1793 1803 an-

1912 1744 2023 1814 ὒδε,
2058 1727 2207 1824 εἴπερ
2240 1727 2426 1805 ἐαυτὸν
2464 1750 2644 1824 βιάσῃ.

149 1841 285 1911 gulo
317 1840 543 1913 degam.
577 1840 667 1894 llli
698 1844 895 1894 autem
922 1840 996 1895 ad
1028 1841 1186 1895 hunc
1205 1840 1446 1895 modum
1476 1836 1949 1911 respondebant:
1977 1838 2127 1894 Fieri
2152 1856 2310 1897 nunc
2332 1840 2578 1897 minime
2607 1844 2801 1912 potest
2827 1844 2894 1895 ut
2920 1839 3018 1895 hic
3049 1837 3129 1894 sis
3158 1855 3171 1894 :
3205 1838 3317 1893 hoc
3346 1843 3547 1893 autem

156 1929 360 1985 multis
389 1928 689 1983 laboribus
720 1945 789 1983 ac
818 1927 1131 1983 sudoribus
1158 1928 1398 1983 tandem
1428 1925 1832 1998 consequeris,
1860 1925 1908 1978 si
1940 1927 2179 1996 quidem
2198 1929 2303 1983 tibi
2335 1928 2445 2001 ipsi
2476 1929 2593 1984 vim
2623 1928 2917 1983 intuleris.

226 2020 344 2074 Hoc
358 2034 631 2073 sermone
653 2016 949 2087 habito,ac
962 2018 1219 2073 maximo
1236 2017 1339 2073 illo
1360 2032 1566 2087 campo
1587 2030 1794 2071 rursus

151 2110 621 2178 peragrato,cum
636 2106 698 2161 in
714 2106 1028 2161 tenebrosa
1039 2106 1187 2173 loca,
1203 2105 1514 2175 omnisque
1527 2102 1796 2159 masroris

152 2194 351 2265 plena,
384 2198 561 2263 atque
592 2210 730 2249 cum
762 2210 829 2248 eo
852 2193 1189 2264 splendore,
1222 2209 1399 2264 quem
1430 2192 1594 2263 prius
1622 2207 1796 2246 cons-

152 2286 416 2352 pexerat,
448 2298 515 2335 ac
543 2282 750 2336 laetitia
768 2280 872 2335 illa
896 2298 927 2336 e
951 2280 1238 2335 diametro
1262 2279 1797 2352 pugnantia,duxe-

154 2374 313 2425 runt.
339 2369 571 2423 Etenim
599 2370 849 2424 obscura
886 2386 1131 2439 prorsus
1156 2386 1225 2425 ac
1256 2369 1569 2424 tenebrosa
1606 2368 1793 2439 caligo

159 2463 304 2526 erat,
335 2463 511 2528 atque
552 2458 873 2513 afﬂictione
906 2475 972 2514 ac
1004 2459 1261 2514 tumultu
1313 2464 1471 2514 totus
1501 2458 1603 2513 ille
1632 2458 1798 2512 locus

157 2548 548 2606 redundabat.
563 2548 691 2603 Illic
705 2548 1073 2621 ignisfornax
1084 2546 1801 2617 accendebatur,etcarni-

160 2638 360 2693 ﬁcium
373 2637 658 2692 vermium
673 2654 856 2709 genus
869 2638 1159 2709 serpebat,
1180 2638 1538 2709 ultricesque
1556 2637 1799 2691 virtutes

156 2725 381 2782 fornaci
412 2726 826 2781 imminebant.
868 2728 949 2780 Ac
973 2727 1248 2781 nonnulli
1280 2727 1564 2782 miserum
1585 2726 1648 2780 in
1670 2742 1799 2779 mo-

158 2815 299 2869 dum
330 2815 450 2887 igni
482 2814 1175 2887 conﬂagrabant,voxque
1216 2815 1556 2887 hujusmodi
1594 2813 1798 2869 audie.

158 2902 363 2957 batur:
398 2903 501 2956 Hic
523 2903 947 2958 sceleratorum
969 2902 1132 2958 locus
1165 2910 1273 2971 est,
1305 2904 1401 2959 hic
1440 2919 1643 2958 eorum
1666 2917 1798 2957 cru-

160 2991 348 3045 ciatus
400 2990 501 3061 qui
548 2990 717 3046 foedis
747 2991 985 3063 ﬂagitiis
1040 2992 1263 3063 seipsos
1294 2991 1794 3048 contaminarunt.

1972 2016 2154 2070 Ταῦτα
2210 2018 2383 2071 εἷπον·
2442 2015 2530 2071 καὶ
2566 2060 2579 2086 ,
2635 2017 2732 2085 τὴν
2793 2015 3047 2090 μεγίστην
3103 2011 3257 2077 αὖθις
3312 2009 3540 2069 πεδιάδα

1904 2098 2209 2166 διελθόντες
2243 2151 2258 2176 ,
2318 2104 2395 2169 εἷς
2442 2105 2648 2167 τόπους
2704 2104 3013 2179 ἀπήνεγκαν
3074 2100 3381 2165 σκοτεινοὺς
3447 2100 3539 2156 καὶ

1903 2192 2081 2264 πάσης
2132 2192 2326 2265 ἀηδίας
2382 2194 2868 2269 πεπληρωμένους,
2903 2191 3199 2269 ἰσόρροπον
3258 2194 3359 2261 τῆς
3411 2190 3540 2266 ὁρα-

1905 2283 2088 2352 θείσης
2114 2281 2479 2359 φαιδρότητος
2513 2284 2576 2339 τὸ
2616 2284 2862 2359 λυπηρὸν
2908 2282 3296 2355 κεκτημένους.
3333 2280 3541 2341 Σκότος

1906 2370 2008 2446 γὰρ
2039 2374 2104 2441 ἦν
2151 2372 2381 2450 ἀφεγγὲς
2435 2374 2522 2427 καὶ
2577 2373 2801 2450 ζοφερὸν
2856 2369 3157 2431 παντελῶς·
3215 2368 3453 2441 Θλίψεως
3486 2364 3544 2421 δὲ

1904 2459 1995 2513 καὶ
2044 2468 2291 2535 ταραχῆς
2347 2462 2409 2515 τὸ
2465 2466 2567 2516 πᾶν
2627 2459 3033 2535 ἐπεπλήρωτο.
3093 2460 3257 2522 Ἔνθα
3309 2458 3543 2529 κάμινος

1905 2546 2099 2619 ἐξῆπτε
2155 2551 2267 2621 (39)
2323 2550 2491 2625 πυρὸς
2579 2548 2983 2627 ἀναφλεγομένη
3020 2568 3033 2581 ·
3091 2546 3183 2601 καὶ
3238 2544 3542 2615 σκωλήκων

1903 2636 2054 2709 γενος
2086 2638 2152 2705 ἦν
2183 2635 2509 2693 κολαστιλὸν
2538 2636 2703 2713 ἕρπον
2749 2638 2938 2694 ἐκεῖσε.
2994 2639 3254 2708 Δυνάμεις
3284 2631 3342 2689 δὲ
3365 2655 3544 2706 τιμω-

1905 2727 2122 2799 ρητικαὶ
2153 2725 2444 2803 ἐφεστῶσαι
2504 2730 2615 2801 (40)
2672 2730 2738 2800 τῇ
2795 2726 3029 2799 καμίνῳ,
3076 2725 3164 2779 καὶ
3220 2725 3371 2781 282
3401 2742 3547 2784 τινες

1904 2811 2156 2876 ἐλεεινῶς
2186 2819 2265 2883 τῶ
2311 2817 2439 2891 πυρὶ
2497 2816 2936 2888 κατακαιόμενοι.
2994 2812 3097 2871 Καὶ
3128 2813 3278 2891 φωνή
3312 2810 3543 2881 ἠκούετο

1907 2902 2163 2975 Αέγουσα·
2222 2904 2394 2965 Οὗτος
2439 2905 2467 2958 6
2523 2903 2691 2965 τόπος
2739 2910 2847 2960 τῶν
2898 2900 3262 2977 ἁμαρτωλῶν·
3314 2900 3449 2969 αὕτη
3504 2900 3537 2968 ἦ

1904 2988 2131 3053 κόλασις
2160 2995 2267 3046 τῶν
2301 2992 2546 3068 οράξεσιν
2608 2991 2860 3067 αἰσχραῖς
2917 2988 3136 3051 ἑαυτοὺς
3169 2988 3541 3063 μολυνάντων·

160 3080 300 3132 Post
329 3083 527 3133 autem
558 3079 628 3134 ab
660 3080 753 3133 his
787 3080 886 3149 qui
911 3096 1045 3135 eum
1066 3080 1209 3135 illuc
1240 3080 1709 3148 introduxerant,
1734 3094 1801 3132 ex

1912 3080 2025 3134 Ἐπὶ
2085 3079 2302 3142 τούτοις
2360 3079 2619 3155 ἐξήγαγον
2698 3080 2857 3134 αὐτὸν
2916 3078 3115 3143 ἐκεῖθεν
3175 3079 3226 3132 οἱ
3284 3076 3375 3132 καὶ
3434 3076 3547 3131 εἷσ-

164 3183 232 3220 eo
252 3166 380 3222 loco
403 3166 649 3223 eductus
667 3173 775 3223 est.
810 3168 1133 3239 Statimque
1156 3169 1229 3224 ad
1249 3185 1377 3224 sese
1400 3168 1655 3236 rediens,
1682 3170 1800 3221 toto

163 3271 406 3326 corpore
420 3256 932 3323 contremiscebat,
943 3257 1336 3327 lacrymzeque
1350 3257 1665 3311 ﬂuminum
1678 3256 1802 3310 ins-

165 3348 256 3397 tar
286 3359 357 3397 ex
380 3343 568 3414 ipsius
605 3344 792 3398 oculis
818 3344 1120 3403 ﬂuebant:
1171 3349 1347 3415 atque
1386 3344 1578 3399 omnis
1609 3344 1801 3415 impu-

163 3430 309 3485 dicas
340 3431 503 3485 illius
531 3432 770 3502 puellm,
831 3432 1317 3503 reliquarumque
1359 3433 1631 3498 aliarum,
1661 3430 1805 3510 pul-

166 3518 438 3574 chritudo
458 3520 663 3590 quovis
683 3536 847 3576 caeno
876 3528 934 3576 et
953 3522 1118 3577 sanie
1135 3522 1373 3577 fetidior
1392 3522 1505 3593 ipsi
1534 3521 1657 3575 visa
1677 3526 1801 3587 est;

167 3608 636 3679 memoriamque
667 3625 736 3664 ea
762 3625 890 3680 qua)
912 3609 1137 3665 viderat
1160 3610 1449 3677 recolens,
1475 3615 1597 3664 tum
1626 3608 1807 3663 bono-

168 3711 301 3749 rum
332 3694 571 3750 illorum
590 3696 911 3767 cupiditate
938 3703 1061 3752 tum
1086 3697 1353 3753 dolorum
1377 3696 1618 3751 illorum
1643 3701 1806 3751 metu

170 3788 493 3856 correptus,
526 3785 587 3840 in
635 3786 788 3840 lecto
811 3785 1069 3857 jacebat,
1120 3786 1203 3841 sic
1252 3788 1515 3853 affectus,
1548 3791 1614 3841 ut
1642 3785 1809 3841 nulla

168 3873 282 3943 ipsi
313 3874 665 3945 exsurgendi
698 3880 955 3945 potestas
995 3881 1168 3931 esset.

243 3962 315 4015 Ut
334 3967 531 4017 autem
544 3962 615 4017 de
629 3962 871 4017 adversa
889 3962 996 4017 filii
1018 3963 1353 4019 valetudine
1365 3964 1438 4019 ad
1459 3980 1656 4035 regem
1670 3963 1808 4019 alla-

170 4054 287 4105 tum
303 4050 618 4121 est,statim
641 4050 712 4106 ad
739 4068 871 4107 eum
896 4051 1191 4123 profectus
1214 4053 1498 4122 quidnam
1520 4052 1632 4123 ipsi
1655 4052 1807 4108 acci-

171 4138 355 4193 disset
387 4139 862 4211 percontabatur.
896 4140 1001 4196 Ille
1029 4146 1226 4196 autem
1256 4141 1541 4211 quidnam
1567 4141 1811 4195 vidisset

172 4226 431 4297 exponit,
450 4228 648 4298 aitque
675 4245 688 4283 :
713 4230 827 4283 Cur
846 4228 1095 4300 pedibus
1106 4230 1541 4301 meislaqueum
1563 4229 1808 4300 parasti,

172 4321 231 4371 et
250 4317 568 4373 incurvasti
612 4318 870 4375 animam
917 4337 1110 4376 meam
1134 4320 1300 4393 (Psal.
1327 4323 1430 4391 va)
1453 4320 1619 4375 ?Nisi
1653 4320 1809 4375 enim

1911 3168 2222 3243 αγαγόντες.
2256 3170 2380 3239 Καὶ,
2425 3170 2501 3231 εἷς
2534 3170 2717 3224 ἑαυτὸν
2766 3168 2919 3231 εὐθὺς
2965 3167 3160 3236 ἐλθὼν,
3195 3166 3455 3242 ἔντρομος
3480 3166 3550 3234 ἦν

1912 3255 2065 3318 ὅλος·
2128 3254 2330 3331 δάκρυα
2383 3255 2439 3312 δὲ
2496 3254 2818 3330 ποταμηδὸν
2869 3252 3123 3311 κατέδυον
3171 3255 3223 3309 οἳ
3270 3252 3550 3332 ὀφθαλμοῖ

1911 3344 2095 3402 αὐτοῦ.
2147 3350 2297 3400 Πᾶσα
2354 3343 2411 3400 δέ
2466 3348 2501 3415 ἡ
2536 3345 2808 3417 ὠραιότης
2867 3350 2965 3414 τῆς
3020 3343 3326 3400 ἀκολάστου
3381 3341 3556 3418 κόρης

1911 3432 2120 3503 ἐκείνης
2146 3433 2236 3488 καὶ
2291 3439 2399 3489 τῶν
2462 3434 2673 3490 λοιπῶν
2730 3431 3099 3508 δυσωδεστὲρα
3161 3426 3430 3508 βορϐόρου
3458 3430 3554 3485 καὶ

1913 3524 2142 3597 σαπρίας
2171 3522 2315 3595 αύτῷ
2346 3520 2658 3599 λελόγιστο,
2697 3524 2945 3599 Στρέφων
2979 3519 3036 3576 δὲ
3074 3520 3125 3575 ἐν
3163 3525 3232 3595 τῇ
3263 3523 3416 3595 ψυχῆ
3444 3524 3554 3574 τῶν

1913 3612 2214 3684 ὁραθὲντων
2270 3612 2368 3679 τὴν
2430 3614 2678 3684 μνήμην,
2733 3615 2813 3683 τῷ
2843 3609 2998 3683 πόθῳ
3052 3613 3159 3665 τῶν
3215 3609 3552 3684 ἀγαθῶνκαὶ

1911 3703 1990 3770 τῷ
2020 3694 2175 3776 φόϐῳ
2213 3703 2318 3753 τῶν
2352 3700 2582 3773 ἀνιαρῶν
2644 3698 2857 3753 ἐκείνων
2917 3698 3005 3752 ἐπὶ
3050 3705 3151 3769 τῆς
3205 3696 3394 3769 κλίνης
3422 3718 3553 3751 κατ-

1913 3786 2084 3842 ἐκειτο
2115 3787 2312 3857 ἥκιστα
2336 3787 2621 3863 ἐγερθῆναι
2654 3785 2967 3861 δυνάμενος.

1986 3964 2328 4042 Ἀνηγγέλθη
2390 3962 2448 4020 δὲ
2496 3970 2575 4037 τῷ
2636 3964 3033 4040 βασιλεῖήτοῦ
3088 3964 3208 4017 υἱοῦ
3257 3962 3552 4041 ἀρρωστία.

1917 4054 2019 4111 Καὶ
2046 4055 2105 4118 ὃς
2126 4053 2295 4109 ἐλθὼν
2343 4052 2599 4127 ἐπηρώτα
2652 4052 2707 4109 τί
2750 4054 2812 4109 τὸ
2872 4048 3105 4126 συμϐάν.
3150 4053 3211 4109 Ὀ
3243 4050 3299 4107 δὲ
3327 4053 3393 4107 τά
3422 4052 3553 4128 ὅρα·-

1918 4144 2074 4197 Θέντα
2145 4142 2290 4216 αύτῷ
2365 4141 2685 4217 διηγεῖται,
2742 4143 2832 4197 καί
2882 4159 3087 4217 φησιν·
3142 4139 3305 4197 Ἱνατί
3359 4139 3556 4215 παγίδα

1917 4231 2219 4305 ἡτοίμασας
2274 4236 2391 4295 τοῖς
2447 4231 2575 4286 ποσί
2610 4251 2735 4303 μου,
2792 4230 2881 4285 καὶ
2932 4230 3278 4303 κατέκαμψας
3330 4231 3427 4299 τὴν
3454 4232 3555 4302 ψυ-

1919 4325 2028 4397 χὴν
2084 4342 2187 4393 μου
2254 4324 2414 4393 (4Ι);
2474 4320 2519 4374 εἰ
2577 4322 2652 4393 μή
2711 4319 2813 4395 γὰρ
2864 4319 3065 4393 Κύριος
3114 4314 3383 4389 ἐϐοήθησέ
3438 4338 3553 4391 μοι,

170 4404 456 4461 Dominus
478 4406 802 4477 adjuvisset
820 4425 934 4477 me,
964 4410 1139 4480 paulo
1166 4412 1365 4465 minus
1397 4409 1721 4464 habitasset
1750 4409 1801 4463 in

1920 4406 2247 4485 παραϐραχὺ
2278 4409 2601 4484 παρῴκησεν
2635 4409 2692 4463 ἂν
2741 4412 2820 4480 τῷ
2850 4405 2951 4482 ᾅδῃ
2986 4409 3020 4476 ἡ
3054 4408 3206 4481 ψυχή
3243 4427 3368 4479 μου.
3399 4404 3556 4463 Ἀλλ’

169 4495 400 4551 inferno
416 4497 616 4552 anima
634 4514 763 4553 mea
779 4500 949 4571 (Psal.
964 4501 1179 4572 XXXIX).
1198 4504 1411 4556 Verum
1426 4516 1601 4571 quam
1621 4499 1812 4554 bonus

1922 4499 1997 4560 ὡς
2044 4499 2245 4571 ἀγαθὸς
2276 4499 2303 4552 6
2336 4497 2464 4558 Θεὸς
2519 4502 2599 4569 τῷ
2659 4493 2901 4570 Ἰσραὴλ,
2931 4500 3046 4557 τοῖς
3100 4495 3274 4550 εύθέσι
3328 4498 3395 4569 τῇ
3426 4514 3552 4570 καρ-

167 4584 349 4639 Israel
364 4587 516 4640 Deus
536 4586 629 4640 his
648 4588 747 4658 qui
760 4594 918 4643 recto
933 4589 1385 4659 suntcorde,qui
1407 4588 1582 4641 etiam
1598 4587 1801 4657 eripuit

1922 4584 2011 4657 δίᾳ
2040 4588 2190 4659 (42)ί
2246 4588 2307 4648 ὃς
2351 4588 2444 4641 καὶ
2490 4587 2590 4654 τήν
2645 4584 2781 4657 ἐμήν
2826 4576 3099 4660 ’ἐρρύσατο
3156 4585 3476 4639 ταπείνωσιν
3497 4582 3556 4638 ἐκ

166 4672 565 4730 humilitatem
598 4691 792 4730 meam
825 4676 896 4732 de
945 4678 1141 4733 medio
1172 4676 1503 4732 catulorum
1549 4675 1811 4742 leonum,

168 4761 413 4817 dormivi
458 4765 844 4821 conturbatus
876 4766 987 4837 (Ps.
1021 4768 1209 4835 Lxxu).
1258 4764 1369 4819 Sed
1408 4762 1662 4817 visitavit
1715 4778 1811 4816 me

168 4851 321 4908 Deus
351 4853 605 4911 salvator
632 4870 823 4921 meus,
842 4853 1108 4925 mihique
1133 4853 1369 4924 quantis
1392 4853 1431 4907 ii
1454 4851 1554 4924 qui
1571 4868 1705 4907 eum
1736 4850 1809 4906 ad

270 5086 356 5158 38)
390 5088 457 5153 A,
489 5082 552 5138 ἀδ
581 5085 709 5139 ε’ίναι
739 5089 830 5139 νῦν
864 5078 952 5139 ἕλε
990 5082 1047 5138 όν
1081 5103 1137 5137 σε
1167 5082 1271 5141 ἐντ.
1304 5086 1366 5156 C,
1398 5079 1483 5139 ἀδ.
1518 5080 1651 5137 εἶναί
1681 5103 1736 5137 σε
1767 5081 1873 5139 ἐντ.

245 5087 357 5225 ί39)
386 5159 453 5223 Α,
487 5154 681 5225 ἐξῆπτε
710 5160 930 5213 Forsan
954 5104 1240 5225 ἐξήπτετο.

267 5154 357 5224 39)
386 5159 453 5223 Α,
487 5154 681 5227 ἐξῆπτε
710 5160 930 5213 Forsan
960 5154 1240 5228 ἐξήπτετο.

1925 4671 2089 4747 μέσου
2118 4673 2389 4748 σκύμνων.
2440 4674 2781 4746 Ἐκοιμήθην
2837 4673 2941 4748 γὰρ
2997 4670 3391 4746 τεταραγμένος
3424 4674 3554 4746 (43).

1922 4761 2079 4817 Ἀλλ’
2134 4760 2459 4836 ἐπεσκέψατό
2515 4782 2582 4834 με
2639 4761 2689 4832 ἐξ
2739 4759 2907 4834 ὕψους
2938 4762 2965 4815 ὁ
2996 4760 3125 4821 Θεός
3159 4781 3264 4833 μου
3319 4760 3407 4815 καὶ
3438 4767 3553 4814 Σω-

1917 4851 2021 4924 τὴρ
2080 4871 2205 4925 μου,
2250 4852 2342 4906 καὶ
2398 4848 2565 4922 ἔδειξέ
2618 4870 2710 4924 μοι
2750 4848 2881 4905 θ’ίων
2928 4849 3139 4925 ἀγαθῶν
3189 4849 3551 4924 ἀπεστέρησαν

240 5244 352 5315 (40)
382 5244 637 5299 Verbum
690 5245 1070 5301 desiderater.
1115 5244 1340 5315 Billyus
1389 5244 1620 5298 videtur
1676 5244 1985 5299 meliorem
2040 5243 2318 5299 habuisse
2348 5244 2686 5311 lectionem,
2719 5243 2820 5315 qui
2853 5244 3129 5299 verterit:
3188 5244 3551 5313 davantagey

170 5318 321 5369 avoit
348 5318 561 5385 esprits,
596 5317 694 5386 qui
722 5320 992 5372 servaient
1020 5318 1086 5371 de
1118 5318 1430 5371 bourreaua:
1470 5315 1753 5370 au-dessus
1800 5315 1864 5370 de
1912 5315 1968 5369 la
2010 5318 2311 5384 fournaise.
2353 5318 2417 5371 In
2448 5316 2717 5371 versione
2756 5316 3214 5387 Trapezuntiana
3244 5321 3365 5371 tota
3395 5315 3554 5371 deest

176 5387 490 5441 sententia.

246 5458 353 5597 £41)
386 5458 539 5513 Psal.
571 5475 680 5526 LVI,
711 5460 741 5512 6
775 5474 788 5512 :
822 5453 1056 5532 Παγίδας
1085 5453 1385 5529 ἡτοίμασαν
1416 5460 1535 5517 τοῖς
1566 5454 1694 5511 ποσί
1727 5475 1796 5529 μο

264 5530 357 5597 42)
386 5529 542 5587 Psal.
568 5546 741 5597 Lxxn,
769 5534 817 5585 1.

1912 5455 1974 5510 Lai
2005 5454 2348 5531 κατέκαμψαν
2381 5457 2482 5527 τήν
2512 5457 2696 5532 ψυχήν
2721 5477 2838 5531 μιυ.

300 5531 357 5598 2)
386 5529 542 5587 Psal.
568 5546 741 5598 Lxxn,
769 5534 817 5585 1.

248 5596 356 5671 (43)
387 5600 539 5657 Psal.
572 5618 681 5671 LVI,
712 5596 746 5656 4
771 5617 785 5657 :
818 5599 917 5657 Καὶ
946 5598 1203 5677 ἐρρύσατο
1230 5600 1329 5669 τὴν
1360 5599 1547 5674 ψυχήν
1581 5618 1685 5673 μου
1715 5597 1798 5658 ἐκ.
1830 5618 1891 5673 μ.
1923 5617 2007 5657 σκ.
2038 5596 2117 5658 ἐκ.
2141 5618 2320 5675 τεταρ.
