3994 6150
320 212 462 268 1159

1859 217 2223 281 ΔΒΟΒΝΟᾹ.

3565 225 3708 294 “60

314 338 463 392 illud
490 336 774 411 intellige,
805 343 859 396 te
882 341 991 397 deo
1015 343 1117 399 abs
1140 348 1195 398 te
1219 345 1370 401 facto
1386 347 1781 419 antiquiorem
1803 362 1920 401 esse

2030 342 2429 428 ,πρεσϐύτερος
2484 346 2531 410 εί
2582 352 2679 412 τοῦ
2740 352 2841 413 ὑπὸ
2900 362 2995 415 σοῦ
3023 354 3317 437 γενομένου
3348 364 3490 427 θεοῦ.
3523 366 3705 423 Ταῦτα

316 428 494 499 Cujus
518 428 755 483 tandem
774 429 986 486 furoris
1011 434 1121 488 ista
1144 436 1566 492 sunt?Hocciue
1590 438 1692 492 tibi
1710 454 1956 509 persua-

317 516 550 583 sisti,te,
582 533 717 571 cum
762 518 938 575 homo
970 521 1069 590 sis,
1105 524 1287 578 Deum
1335 526 1568 581 efficere
1590 544 1761 598 posse
1788 527 1816 582 ?
1844 527 1951 591 Qui

314 603 552 659 tandem
570 605 725 661 istud
745 607 871 662 ﬁeri
890 615 1066 679 queat
1084 612 1394 677 ?Quocirca
1412 632 1531 671 non
1550 617 1853 673 hominem
1874 617 1952 672 ef-

312 692 669 757 ﬁcis,verum
699 695 960 752 hominis
992 707 1092 754 aut
1115 702 1447 775 cujuspiam
1489 706 1809 762 animantis
1831 708 1950 761 for-

308 798 616 837 mam.non
647 783 868 856 lingua,
903 802 1023 842 non
1053 786 1343 863 faucibus,
1379 812 1497 851 non
1530 790 1792 865 cerebro,
1826 807 1946 853 non

307 869 430 958 ulla
455 870 653 941 aliqua
684 872 922 930 interna
951 884 1113 948 parte
1144 878 1476 952 pruaditam;
1498 901 1562 941 ac
1593 883 1838 958 proinde
1872 903 1946 942 ne

307 957 566 1013 hominis
598 961 841 1030 quidem
872 971 973 1019 aut
1002 969 1322 1027 animantis
1353 957 1674 1031 similitudo
1707 983 1815 1042 est,
1842 977 1947 1032 sed

308 1045 537 1136 inutilis
568 1041 810 1104 omnino
838 1062 932 1108 res
963 1066 1028 1111 ac
1060 1050 1331 1117 Vanitatis
1363 1055 1557 1134 plena.
1592 1059 1739 1131 Quid
1768 1041 1947 1136 igitur

307 1133 483 1189 rebus
510 1152 719 1193 sensus
751 1144 1089 1213 expertibus
1123 1133 1600 1223 blandiris?Quid
1624 1133 1821 1212 mente
1843 1173 1941 1211 ca-

298 1243 571 1299 rentibus
590 1236 967 1299 etinulilibus
984 1238 1282 1303 assides?N
1290 1244 1358 1301 isi
1377 1246 1601 1311 latomi,
1636 1252 1731 1301 aut
1750 1246 1942 1301 archi-

298 1330 564 1401 tecti,aut
581 1332 941 1389 malleatoris
960 1351 1054 1389 ars
1077 1335 1513 1403 adesset,deum
1531 1352 1648 1389 non
1668 1334 1937 1390 haberes.

292 1422 413 1476 Nisi
441 1422 714 1477 custodes
746 1424 960 1494 praasto
983 1429 1200 1490 essent,
1235 1424 1410 1479 deum
1429 1429 1593 1479 tuum
1614 1424 1936 1479 amisisses.

292 1512 435 1566 Nam
454 1527 631 1581 quem
654 1529 808 1583 saepe
834 1512 1187 1568 stolidorum
1204 1513 1510 1569 hominum
1529 1506 1938 1585 copiosissima

291 1598 432 1654 urbs
451 1604 731 1671 tanquam
751 1600 949 1669 deum,
970 1607 1034 1656 ut
1050 1601 1120 1657 ab
1141 1620 1208 1658 eo
1226 1603 1612 1673 custodiatur,
1646 1602 1930 1671 obsecrat,

2061 437 2281 510 πολλῆς
2310 442 2418 498 ἐστι
2455 448 2665 517 μανίας.
2726 446 2989 511 Ιίέπδικας
3043 440 3100 505 δὲ
3159 453 3373 521 σαυτὸν,
3414 446 3703 528 ἅνθρωπος

2061 526 2156 601 ὤν,
2184 532 2301 585 θεὸν
2335 530 2587 598 δύνασθαι
2645 542 2869 593 ποιεῖν.“’
2902 538 3004 595 Καὶ
3059 535 3175 602 πῶς
3228 532 3504 616 ἓνδὲχεται
3534 548 3695 600 τοῦτο

2057 616 2334 689 γενέσθαις
2392 623 2528 678 ὥστε
2583 623 2647 678 αὖ
2706 627 2822 689 θεὸν
2877 632 3073 698 ποιεῖς,
3107 626 3251 683 ἀλλὰ
3293 629 3569 708 μόρφωμα
3600 634 3696 687 dv-

2059 709 2279 779 θρώπου
2337 712 2371 780 ἧ
2434 713 2575 779 ζώου
2628 714 2791 781 τινὸς,
2853 716 2926 787 μή
2981 715 3234 791 γλῶσσαν
3293 714 3445 793 ἔχον,
3484 723 3557 792 μὴ
3593 715 3696 777 λά-

2058 809 2221 871 ρυγγα
2253 800 2385 871 (65),
2452 802 2524 872 μή
2585 801 2905 879 ἐγκέφαλον,
2968 807 3107 877 μήτε
3134 810 3241 861 τῶν
3272 806 3421 869 ἐντός
3448 827 3522 863 τι’
3557 810 3697 866 ὥστε

2056 879 2178 939 οὕτε
2206 885 2498 962 ἀνθρώπου
2532 888 2673 945 ἐστὶν
2707 890 2987 965 ὁμοίωμα,
3011 892 3133 948 οὔτε
3159 896 3322 964 ζώου,
3357 895 3483 953 ἀλλ’
3514 896 3695 974 ἄχρη-

2054 988 2176 1028 στον
2208 975 2381 1047 πάντη
2412 979 2499 1033 καὶ
2548 982 2911 1051 ματαιότητος
2961 981 3189 1057 πλῆρες,
3221 984 3289 1041 Τί
3321 985 3412 1039 οὖν
3443 986 3510 1041 τὰ
3539 987 3688 1043 ἀναί-

2053 1056 2219 1143 σθητα
2272 1058 2624 1137 κολακεύεις;
2679 1068 2731 1123 τί
2788 1073 2904 1132 τοῖς
2961 1056 3239 1142 ἀκιοήτοις
3273 1075 3361 1129 καὶ
3394 1076 3683 1134 ἀνωφελέσι

2049 1155 2461 1227 προσκάθησαις
2521 1156 2583 1212 Εἴ
2649 1158 2724 1229 μὴ
2780 1158 2950 1235 τέχνη
3003 1164 3181 1233 παρῆν
3226 1167 3323 1217 τοῦ
3369 1161 3683 1238 λιθοξόουῆ

2048 1246 2147 1295 τοῦ
2174 1244 2422 1305 τέκτονος
2465 1243 2501 1313 ἤ
2552 1266 2649 1299 του
2692 1246 3061 1320 σφυροκόπου,
3111 1250 3228 1304 θεὸν
3277 1249 3379 1306 οὐκ
3427 1249 3487 1306 ἃν
3521 1254 3686 1328 εἶχες.

2050 1329 2111 1386 Εἰ
2160 1331 2237 1404 μὴ
2287 1330 2523 1409 φύλακες
2581 1335 2974 1407 παρεκάθηντο,
3028 1337 3314 1401 ἀπώλεσας
3352 1341 3411 1394 ἂν
3440 1342 3535 1397 τὸν
3567 1343 3686 1406 θεόν

2046 1434 2162 1470 σου.
2214 1418 2280 1491 ᾮ
2339 1417 2439 1491 γὰρ
2496 1416 2771 1480 πολλάκις
2826 1418 2991 1482 πόλις
3048 1420 3477 1498 πολυάνθρωπος
3531 1426 3684 1485 289

2044 1500 2293 1577 ἀφρόνων
2327 1502 2541 1579 εὔχεται
2589 1506 2664 1570 ὡς
2711 1511 2814 1578 θεῷ
2862 1506 3325 1585 διαφυλαχθῆναι,
3352 1513 3531 1585 τούτῳ
3563 1513 3685 1570 ὀλί-

2041 1611 2127 1676 γοι
2158 1590 2527 1676 παραμένουσι
2576 1592 2809 1676 φύλακες
2853 1593 2947 1651 ἵνα
3008 1598 3083 1669 μή
3134 1595 3343 1673 κλαπῇ.
3377 1600 3481 1655 Καὶ
3509 1601 3552 1656 εἷ
3589 1603 3686 1676 μὲν

290 1706 426 1744 cum
450 1706 516 1744 eo
540 1690 667 1762 ipso
688 1690 859 1761 pauci
893 1691 1188 1761 custodes,
1221 1708 1295 1746 ne
1331 1692 1708 1763 surripiatur,
1738 1708 1920 1746 rema-

2042 1670 2301 1747 ἀργυροῦς
2358 1673 2386 1726 ό
2440 1678 2677 1748 χρυσοῦς
2749 1672 2915 1745 ἔσται,
2997 1670 3681 1756 ἐπιμελῶςνφυλάσσεταυ

291 1780 540 1834 nent.Ac
559 1779 606 1833 si
630 1780 870 1848 quidem
897 1797 965 1835 ex
982 1785 1222 1852 argento
1244 1780 1331 1836 vel
1350 1798 1491 1836 auro
1522 1786 1770 1847 constet,
1803 1781 1933 1835 dili-

288 1871 493 1937 genter
515 1866 881 1934 custoditur;
916 1870 1183 1923 siautem
1209 1887 1278 1924 ex
1330 1869 1547 1940 lapide,
1582 1873 1680 1924 aut
1703 1869 1932 1940 argilla,

286 1962 387 2010 aut
412 1956 528 2010 alia
558 1956 811 2025 quadam
836 1957 1029 2011 viliori
1062 1955 1329 2025 materia,
1365 1958 1627 2029 seipsum
1655 1958 1929 2012 custodit.

284 2046 373 2098 Ita
404 2044 475 2097 de
502 2050 693 2099 vestra
724 2046 1022 2100 sententia
1054 2046 1340 2101 valentior
1370 2052 1459 2102 est
1518 2048 1567 2101 is
1599 2047 1699 2117 qui
1733 2064 1802 2101 ex
1835 2059 1933 2102 ar-

284 2131 425 2203 gilla
454 2148 631 2203 quam
663 2133 762 2203 qui
794 2150 864 2187 ex
896 2149 1037 2187 auro
1070 2134 1359 2189 conﬂatus
1392 2139 1501 2189 est.

356 2222 445 2275 An
463 2221 1007 2293 nonigituroptimo
1032 2223 1167 2294 jure
1186 2240 1284 2277 vos
1316 2223 1526 2279 stultos
1558 2227 1615 2278 et
1645 2240 1831 2279 caecos
1861 2240 1928 2280 ac

286 2308 532 2363 stolidos
554 2309 828 2365 homines
846 2310 1115 2380 irridere,
1148 2311 1239 2366 vel
1254 2313 1451 2383 potius
1469 2312 1629 2367 luctu
1646 2314 1927 2384 prosequi

282 2398 847 2470 possumus?quippe
863 2417 1041 2470 opera
1057 2407 1248 2456 vestra
1262 2401 1519 2456 furorem
1537 2402 1733 2472 potius
1748 2419 1926 2474 quam

278 2477 557 2557 pietatem
573 2479 861 2543 redolent.
897 2490 1039 2543 Nam
1059 2484 1156 2560 qui
1182 2484 1523 2545 reimilitari
1560 2489 1775 2558 studet,
1808 2496 1924 2545 sta-

277 2580 438 2630 tuam
458 2576 530 2630 ad
552 2576 826 2631 militaris
845 2578 1064 2648 speciei
1090 2578 1541 2634 similitudidem
1559 2596 1921 2650 expressam,

276 2680 342 2718 ac
365 2668 524 2718 certo
548 2664 675 2719 loco
705 2666 1224 2736 positam,Martem
1254 2668 1689 2738 nuncupat.Qui
1724 2674 1923 2723 autem

279 2753 597 2810 mulierum
622 2772 822 2810 amore
847 2755 921 2811 ad
944 2757 1239 2811 insaniam
1260 2774 1447 2828 usque
1473 2758 1920 2829 flagrat,animm

283 2858 402 2897 sum
436 2844 818 2913 cupiditatem
850 2845 1080 2915 pictura
1112 2846 1459 2915 informans,
1494 2847 1697 2901 vitium
1748 2865 1921 2903 suum

280 2928 454 2987 deum
475 2931 923 2999 efficit,Veneris
941 2934 1168 2989 scilicet
1183 2936 1424 2990 nomine
1439 2952 1573 2990 eum
1590 2936 1917 3007 appellans.

279 3021 443 3075 Alius
462 3038 665 3076 rursus
684 3022 1044 3077 temulentiaa
1069 3039 1187 3077 sum
1214 3041 1410 3092 causa,
1443 3024 1636 3079 efﬁcto
1669 3026 1911 3081 simula-

275 3127 394 3179 cro,
409 3111 698 3166 Bacchum
721 3112 915 3182 ipsum
936 3114 1569 3186 nominat.Eodemque
1588 3115 1761 3169 modo
1776 3116 1915 3171 alio-

271 3218 404 3256 rum
418 3202 693 3257 vitiorum
708 3202 905 3274 cupidi
920 3220 1123 3259 eorum
1145 3204 1461 3259 simulacra
1479 3207 1917 3263 constituerunt

268 3290 543 3360 vitiisque
566 3292 688 3345 suis
715 3290 961 3345 deorum
984 3308 1201 3347 nomen
1245 3292 1577 3364 imponunt.
1612 3296 1808 3366 anue
1843 3296 1913 3351 de

266 3394 445 3433 causa
465 3378 619 3449 apud
642 3395 846 3434 eorum
878 3396 1009 3435 aras
1052 3380 1385 3436 libidinosa}
1418 3382 1761 3438 saltationes
1790 3386 1910 3439 exi-

265 3470 521 3536 stunt,ac
539 3467 857 3523 meretricii
873 3468 1436 3539 cantus,furiosique
1456 3471 1911 3542 impetus.Quis-

262 3573 401 3611 nam
425 3562 625 3613 autem
643 3559 1068 3615 exsecrandum
1097 3576 1303 3615 eorum
1320 3560 1606 3633 ﬂagitium
1627 3562 1909 3635 deinceps

258 3662 729 3702 commemorare
752 3649 1616 3720 queat?Autquisfoedissimam
1640 3651 1905 3724 ipsorum

256 3734 571 3790 libidinem
596 3738 861 3792 oratione
892 3739 1383 3810 camplectens,os
1414 3757 1585 3796 suum
1617 3759 1904 3815 conspur-

255 3839 388 3878 care
414 3824 951 3880 sustineat?Verum
972 3827 1097 3881 haec
1113 3828 1388 3882 omnibus
1408 3830 1721 3900 perspicua
1740 3838 1899 3901 sunt,

256 3912 434 3967 etiam
459 3913 507 3967 si
531 3913 643 3984 ipsi
665 3916 1051 3970 taceamus.Hi
1075 3916 1158 3971 tui
1182 3916 1263 3971 dii
1289 3923 1445 3982 sunt,
1481 3936 1512 3973 o
1540 3922 1749 3975 statuis
1783 3923 1899 3977 tuis

2041 1759 2131 1814 ἐὰν
2163 1758 2220 1816 δὲ
2315 1760 2522 1826 λίθινος
2552 1763 2588 1832 ἢ
2634 1763 2889 1834 πήλινος,
2950 1766 2984 1835 ἢ
3045 1763 3224 1837 ἄλλης
3253 1769 3400 1831 τινὸς
3421 1772 3687 1842 τοιαύτης

2042 1850 2414 1923 εὐτελεστέρας
2492 1852 2654 1923 ὕλης,
2726 1854 2911 1909 ἑαυτὸν
2983 1855 3262 1933 φυλάσσεν
3327 1858 3684 1937 ἰσχυρότερος

2038 1940 2141 2015 γὰρ
2174 1939 2305 2006 ἴσως
2335 1941 2473 1998 ἐστὶν
2508 1943 2535 1998 ὁ
2565 1941 2798 2013 πήλινος
2828 1948 2923 1999 τοῦ
2955 1950 3162 2021 χρυσοῦ
3187 1949 3302 2002 καθ’
3332 1950 3502 2022 ἡμᾶς.

2106 2209 2214 2265 Οὐκ
2270 2212 2493 2275 εἰκότως
2548 2211 2689 2269 ἐστὶν
2746 2214 2884 2288 ὑμᾶς
2935 2214 3064 2279 τοὺς
3117 2217 3372 2293 ἄφρονας,
3430 2217 3678 2296 τυφλοὺς

2032 2301 2119 2354 καὶ
2180 2301 2482 2363 ἀσυνέτους.
2570 2300 2794 2366 δικαίως
2874 2303 3291 2380 καταγελᾶσθαι,
3353 2305 3567 2379 μᾶλλον
3621 2306 3683 2363 δὲ

2031 2392 2380 2459 πενθεῖσθαι;
2442 2390 2632 2464 μανίας
2683 2393 2787 2466 γὰρ
2842 2392 2909 2447 τὰ
2966 2388 3098 2467 ἔργα
3156 2395 3331 2467 ὑμῶν,
3395 2396 3498 2450 οὐκ
3527 2396 3679 2451 εὐσε-

2031 2472 2177 2539 ϐείας
2235 2477 2397 2536 ἰστίν.
2452 2480 2515 2537 Ὀ
2572 2481 2669 2552 μὲν
2725 2480 2825 2556 γὰρ
2894 2480 3140 2553 πόλεμον
3201 2481 3459 2553 ἀσκήσας,
3514 2506 3682 2559 στρα-

2028 2573 2290 2636 τιωτικῆς
2350 2567 2640 2641 όντίμιμον
2700 2566 2843 2632 ἰδέας
2902 2570 3087 2641 ξόανον
3149 2569 3389 2646 ῗδρύσας,
3422 2571 3672 2628 ἐκάλεσεν

2028 2656 2219 2729 ¹Ἄρην·
2280 2658 2308 2711 ὁ
2367 2654 2425 2712 δὶ
2494 2663 2922 2734 γυναικομανοῦς
2979 2659 3271 2732 ἐπιθυμίας
3325 2663 3427 2731 τὴν
3486 2664 3671 2738 ψυχὴν

2028 2744 2534 2819 ἀνατυπωσάμενος,
2593 2747 2912 2819 ἐθεοποίησε
2968 2751 3030 2806 τὸ
3086 2752 3277 2820 πάθος,
3336 2750 3669 2828 Ἀφροδίτην

2024 2835 2481 2910 προσαγορεύσας.
2540 2838 2772 2907 Ἄλλος,
2826 2845 2927 2903 τῆς
2994 2840 3186 2894 ἑαυτοῦ
3244 2839 3514 2914 φιλοινίας
3556 2841 3664 2895 ἓνε-

2022 2943 2134 2991 κεν,
2214 2922 2443 2981 ἔπλασεν
2527 2925 2782 2993 εἴδωλον,
2867 2927 2997 3003 ὅπερ
3084 2926 3309 2984 ἐκάλεσε
3392 2931 3654 2985 Διόνυσον.

2029 3013 2263 3085 Ὁμοίως
2324 3013 2381 3071 δὲ
2436 3016 2524 3071 καὶ
2571 3022 2678 3071 τῶν
2732 3017 2916 3072 ἄλλων
2965 3022 3145 3072 κακῶν
3198 3016 3527 3091 ἐπιθυμηταὶ
3552 3022 3656 3071 τῶν

2032 3100 2182 3157 ἰδίων
2237 3105 2422 3159 παθῶν
2477 3101 2701 3174 ἔστησαν
2777 3103 2999 3161 εἴδωλα·
3072 3106 3139 3161 τὰ
3204 3108 3351 3175 πάθη
3408 3109 3508 3181 γὰρ
3567 3108 3667 3161 αὖ·

2017 3196 2126 3247 τῶν
2186 3192 2340 3255 θεοὺς
2423 3193 2731 3267 ὠνόμασαν.
2793 3196 2890 3249 Καὶ
2966 3192 3054 3249 δια
3129 3199 3289 3251 τοῦτο
3347 3196 3495 3269 παρὰ
3549 3202 3669 3260 τοῖς

2019 3282 2194 3338 αὐτῶν
2259 3284 2475 3359 βωμοῖς
2559 3282 2858 3353 ἡδυπαθεῖς
2918 3284 3049 3339 εἶσιν
3131 3284 3416 3359 ὀρχήσεις,
3474 3305 3665 3361 πορνι-

2015 3378 2124 3429 κῶν
2184 3374 2439 3447 ἀσμάτων
2497 3375 2634 3449 ἦχοι
2684 3374 2774 3430 καὶ
2852 3372 3143 3448 μανιώδεις
3200 3374 3385 3449 ὁρμαί.
3446 3375 3547 3437 Τίς
3604 3374 3663 3431 δὶ

2015 3465 2193 3518 αὐτῶν
2246 3465 2474 3534 καθεξῆς
2526 3465 2623 3532 τήν
2686 3461 2952 3539 βδελυρὰν
3020 3462 3218 3533 ἐξείποι
3288 3464 3522 3538 πρᾶξινς
3583 3465 3664 3526 τίς

2013 3553 2272 3625 ἀνέξεται,
2328 3553 2425 3614 τὰς
2492 3553 2702 3607 ἐκείνων
2763 3551 3157 3628 αἰσχρολογίας
3207 3552 3543 3626 καταλέγων,
3595 3555 3661 3609 τὸ

2011 3644 2199 3697 ἑαυτοῦ
2235 3642 2469 3715 μολῦναι
2497 3641 2672 3715 στόμα
2700 3662 2711 3711 ;
2748 3641 2922 3698 Ἀλλὰ
2976 3647 3106 3696 πᾶσι
3138 3639 3326 3711 δῆλαι,
3356 3640 3453 3695 κᾶν
3488 3644 3658 3715 ἡμεῖς

2010 3736 2326 3805 σιωπῶμεν.
2387 3734 2567 3789 Ταῦτά
2614 3752 2710 3786 σου
2786 3731 2853 3786 τὰ
2927 3726 3257 3803 σεϐάσματα,
3312 3728 3489 3786 Θευδᾶ
3542 3736 3643 3784 τῶν

2008 3821 2213 3895 ξοάνων
2274 3843 2368 3876 σου
2428 3822 2882 3895 ἂναισθητότερεί
2942 3820 3158 3883 τούτοις
3218 3840 3283 3892 με
3340 3817 3641 3896 ἐπιτρέπεις

2004 3918 2349 3985 προσκυνεῖν,
2379 3916 2547 3966 ταῦτα
2588 3905 2832 3974 σέϐεσθαι
2860 3912 2872 3966 l
2931 3912 3044 3979 Τῆς
3090 3916 3190 3977 σῆς
3222 3906 3392 3971 ὅντως
3418 3930 3649 3977 κακουρ-

255 4002 547 4072 stupidior
565 4003 823 4060 Theuda.
867 4006 983 4059 Hos
1031 4010 1098 4059 ut
1126 4006 1389 4074 adorem,
1424 4007 1530 4063 hos
1562 4014 1627 4063 ut
1655 4027 1899 4066 venerer

2030 4004 2125 4063 νίας
2184 4002 2272 4055 καὶ
2332 4001 2585 4056 ἀσυνετου
2643 4000 2874 4073 γνώμης
2932 4001 2967 4068 ἡ
3030 3996 3229 4074 βουλή·
3289 3995 3417 4052 ἀλλ’
3457 3998 3652 4071 ὅμοιος

253 4089 696 4147 admones.Tuae
710 4094 974 4163 profecto
990 4093 1353 4166 improbitati
1368 4112 1433 4151 ac
1450 4097 1642 4152 stultae
1659 4104 1897 4154 senten-

251 4178 347 4231 tiae
363 4185 826 4237 consentaneum
841 4188 929 4237 est
942 4183 1095 4238 istud
1110 4184 1512 4253 consilium;at
1525 4187 1737 4243 similis
1750 4188 1896 4260 ipsis

249 4271 314 4326 tu
338 4267 649 4345 ﬁas,atque
673 4287 880 4330 omnes
906 4273 1006 4347 qui
1030 4275 1337 4332 conﬁdunt
1365 4276 1426 4331 in
1454 4276 1538 4332 eis
1570 4277 1678 4350 (Ps.
1715 4280 1891 4351 CXIII).

2000 4091 2176 4145 αὐτῶν
2234 4091 2433 4164 γένοιο,
2494 4089 2557 4144 σύ
2614 4109 2673 4143 τε
2725 4088 2815 4142 καὶ
2874 4087 3067 4149 πάντες
3129 4088 3181 4140 οἱ
3212 4085 3532 4148 πεποιθότες
3563 4086 3651 4141 ἐπ’

2003 4179 2185 4243 αὐτοῖς
2215 4182 2346 4255 (66).

318 4453 435 4524 Ego
458 4458 655 4510 autem
680 4456 863 4510 Deum
890 4469 1091 4509 meum
1112 4453 1545 4523 colam,meque
1572 4459 1755 4510 totum
1780 4456 1891 4526 ipsi

2079 4456 2233 4512 290
2265 4450 2403 4527 Ἐγὼ
2430 4448 2487 4505 δὲ
2541 4453 2620 4517 τῷ
2678 4452 2794 4520 Θεῷ
2857 4467 2962 4520 μου
3013 4442 3317 4519 λατρεύσω,
3358 4442 3450 4497 καὶ
3499 4441 3647 4513 αῦτῷ

246 4544 605 4599 consecrabo
632 4560 645 4612 ;
677 4544 815 4613 Deo,
850 4544 1113 4614 inquam,
1149 4543 1421 4607 creatori,
1450 4558 1517 4595 ac
1548 4560 1743 4597 rerum
1769 4561 1894 4599 om-

246 4634 412 4688 nium
442 4632 839 4705 gubernatori,
875 4649 980 4703 per
1012 4630 1327 4685 Dominum
1378 4635 1648 4684 nostrum
1690 4633 1890 4686 Jesum

241 4723 737 4792 Christum,spem
768 4725 1165 4789 nostram,per
1196 4734 1373 4788 quem
1404 4718 1583 4772 etiam
1610 4718 1683 4773 ad
1712 4720 1890 4774 lumi-

240 4827 384 4867 num
406 4813 639 4867 Patrem
664 4810 724 4864 in
748 4808 966 4880 Spiritu
1000 4810 1201 4862 sancto
1218 4822 1520 4861 accessum
1543 4807 1888 4875 habuimus,

240 4915 347 4971 per
377 4915 552 4969 quem
585 4898 657 4954 ab
689 4896 903 4953 acerba
923 4896 1200 4953 servitute
1222 4894 1281 4948 in
1306 4896 1491 4967 ipsius
1514 4898 1884 4969 sanguineli-

239 4987 428 5045 berati
453 4988 877 5059 sumus(Ephes.
903 4987 987 5059 ιι).
1022 4986 1142 5042 Nisi
1166 4985 1325 5040 enim
1346 4986 1474 5056 ipse
1495 4988 1674 5043 etiam
1697 5006 1884 5061 usque

311 5202 401 5272 (65

309 5275 402 5341 (66

309 5341 423 5413 (67)
452 5345 476 5397 Ι
504 5343 686 5414 Epist.
721 5341 794 5414 ad
818 5342 964 5414 Tim.
998 5341 1037 5409 ι,
1063 5347 1113 5396 1.

455 5202 516 5270 C,
548 5197 811 5327 εἳάραγγα·
847 5201 966 5290 im'o
999 5197 1270 5287 φάρυγγα.

451 5276 563 5327 Psa
593 5313 605 5325 .
640 5289 799 5327 cxul.
828 5274 859 5325 8
885 5288 898 5325 ε
951 5272 1152 5327 Ομοιοι
1180 5288 1270 5323 αυτ

2008 4543 2153 4607 θύσω
2185 4540 2314 4596 ὅλον
2351 4540 2601 4612 ἐμαυτὸν,
2631 4542 2709 4609 τῷ
2748 4534 2865 4607 Θεῷ
2909 4540 2988 4607 τῷ
3017 4533 3207 4607 κτίστῃ
3240 4532 3328 4587 καὶ
3360 4535 3644 4606 προνοητῇ

2002 4635 2109 4686 τῶν
2143 4630 2387 4685 ἁπάντων
2442 4624 2530 4681 διὰ
2576 4630 2670 4680 τοῦ
2722 4623 2925 4698 Κυρίου
2974 4626 3133 4695 ἡμῶν
3186 4624 3366 4691 Ἰησοῦ
3409 4620 3646 4695 Χριστοῦ

2000 4728 2099 4791 τῆς
2129 4717 2351 4782 ἐλπίδος
2381 4721 2541 4791 ἡμῶν
2580 4719 2715 4791 (67),
2768 4712 2839 4770 δι’
2888 4715 2949 4769 οὗ
2997 4714 3095 4782 τὴν
3136 4712 3505 4788 προσαγωγὴν
3561 4708 3650 4764 ἐσ-

2000 4812 2254 4885 χήκαμεν
2285 4810 2421 4885 πρὸς
2450 4807 2540 4861 τὸν
2604 4805 2813 4880 Πατέρα
2869 4805 2981 4876 (68)
3034 4806 3141 4856 τῶν
3197 4800 3389 4878 φώτων
3439 4803 3544 4871 (69)
3588 4797 3641 4853 ἐν

1999 4898 2273 4971 Ηνεύματι
2327 4896 2483 4970 ἁγίῳ,
2535 4892 2605 4949 δι’
2656 4894 2717 4948 οὗ
2774 4892 3219 4967 ἑξηγοράσθημεν
3292 4894 3392 4958 τῆς
3446 4893 3645 4959 πικρᾶς

1997 4985 2247 5050 δουλείας
2282 4987 2332 5042 ἐν
2366 4990 2445 5059 τῷ
2491 4985 2682 5058 αἳματι
2733 4981 2917 5039 αὐτοῦ.
2954 4981 3012 5036 Εἰ
3047 4981 3123 5054 μή
3155 4979 3258 5055 γὰρ
3284 4977 3644 5033 ἐταπείνωσεν

593 5313 605 5325 .
624 5258 799 5335 ἀιίίι,
828 5274 859 5325 8
885 5288 898 5325 :
925 5258 1165 5343 ’Ὁμοιοῖ
1180 5258 1362 5329 αὐτοῖς
1390 5269 1634 5341 γένοιντο
1675 5269 1725 5323 οῖ
1758 5275 2045 5332 ποιοῦντες
2075 5268 2210 5325 αὐτὰ
2237 5268 2326 5324 καὶ
2360 5268 2556 5329 πάντες
2587 5266 2638 5321 οἱ
2668 5262 2986 5327 πεποιθότες
3019 5261 3100 5316 ἐπ’
3132 5258 3334 5321 αὐτοῖς.

453 5401 635 5487 Epist.
680 5412 754 5469 ad
802 5401 1125 5483 Ephes.'u,
1177 5415 1281 5468 l8:
1336 5412 1416 5464 Δι’
1472 5406 1636 5463 αὐτοῦ
1684 5406 1887 5486 ἓχομεν

2030 5434 2037 5464 ι
2097 5433 2463 5490 προσαγωγην
2536 5410 2587 5465 οἱ
2630 5406 2928 5487 ἀμφότεροι
2977 5405 3055 5460 ἑνὶ
3085 5402 3350 5476 πνεύματι
3381 5401 3520 5475 πρὸς
3547 5401 3646 5457 τὸν

236 5486 462 5557 πατέρα.

309 5556 421 5645 (69)
447 5558 617 5619 Conf.
647 5574 708 5645 ρ.
744 5557 831 5629 l7,
862 5572 923 5620 n.
955 5556 1045 5615 54.
