3994 6150
341 249 482 307 1163

1888 251 2256 307 ADDINDA.

3605 256 3745 316 1164

336 375 562 445 tans,in
584 377 768 431 Deum
789 374 1019 441 incidit,
1047 390 1114 430 ac
1139 380 1383 447 repente
1404 376 1599 433 inanis
1631 382 1689 433 et
1720 378 1981 449 captivus

2095 375 2351 453 οὐδαμῶς
2384 378 2685 458 ἐχωρίσθη.
2718 380 2818 436 Καὶ
2847 381 2946 451 τὴν
2997 378 3153 459 φύσιν
3196 380 3357 453 ἡμῶν
3387 380 3487 450 τὴν
3520 379 3735 453 εὐτελῆ,

339 466 582 523 exstitit.
616 464 1104 537 Resurgititaque
1133 470 1201 520 ut
1221 466 1374 520 Deus
1402 483 1416 533 ;
1450 472 1625 538 atque
1656 468 1717 522 in
1750 468 1984 535 malum,

335 554 496 611 unde
519 554 686 609 nullo
709 554 884 609 modo
912 553 1211 625 digressus
1242 554 1453 625 fuerat,
1479 556 1766 625 ascendit,
1790 573 1856 612 ac
1879 573 1985 611 no-

342 648 524 699 stram
541 642 964 714 despicabilem
983 649 1160 713 atque
1175 644 1451 698 omnibus
1467 645 1808 700 inferiorem
1824 652 1989 701 natu-

340 751 469 790 ram
502 733 780 788 omnibus
812 733 1180 804 superiorem
1212 734 1490 801 reddidit,
1547 736 1990 807 immortalique

341 822 961 895 gloriarutilantemin
989 822 1188 894 gloriae
1216 823 1428 879 throno
1453 825 1780 881 collocavit.
1811 827 1989 892 Quid-

342 914 824 985 namigiturhinc
844 915 959 967 Deo
982 913 1166 967 Verbo
1183 914 1860 972 detrimenticonﬂatum
1880 923 1988 986 est,

342 1005 501 1078 quod
531 1009 594 1057 tu
627 1020 763 1058 eum
796 1002 1129 1057 maledictis
1160 1010 1336 1074 atque
1356 1006 1734 1061 contumellis
1757 1007 1991 1078 insequi

341 1113 463 1151 non
488 1092 832 1149 erubescis?
854 1093 1080 1161 Utrum,
1103 1110 1329 1163 quaeso,
1361 1112 1429 1147 ex
1456 1095 1545 1149 his
1577 1095 1806 1150 duobus
1838 1114 1990 1167 pras-

344 1183 597 1241 stantius
624 1186 954 1253 est,mempe
968 1182 1094 1236 haec
1109 1183 1587 1254 conﬁteri,atque
1600 1185 1992 1240 hunchonum

343 1274 776 1342 hominumque
789 1273 1278 1327 amantemDeum
1296 1275 1993 1345 venerari(quijustitiam

346 1361 1043 1431 mandat,continentiam
1070 1361 1690 1434 prmcipit,puritatem
1724 1365 1992 1435 praescri-

345 1452 534 1520 bit,ad
556 1450 1025 1507 misericordiam
1058 1467 1419 1521 propensum
1446 1469 1575 1507 esse
1604 1452 1793 1519 docet,
1817 1453 1994 1508 ﬁdem

348 1539 806 1611 praebet,pacem
826 1537 1393 1610 praedicatﬁpsamet
1411 1541 1624 1595 veritas
1647 1546 1704 1596 et
1720 1543 1993 1597 nomina-

348 1636 446 1685 tur
465 1636 524 1684 et
544 1628 913 1699 est,ipsamet
930 1627 1092 1682 chari
1102 1628 1231 1698 tas),
1247 1629 1994 1700 hunc,inquam,venerari;

2091 468 2190 535 τήν
2251 467 2466 523 πάντων
2527 469 2948 543 ἀσυνετωτέραν,
2999 469 3099 539 τήν
3153 468 3448 544 ἀγνώμονα
3500 468 3588 523 καὶ
3618 470 3745 539 ἡτι-

2098 558 2382 629 μωμὲνην,
2439 562 2544 613 τῶν
2604 560 2818 613 πάντων
2880 558 3150 632 ἀνωτέραν
3210 558 3501 626 πεποίηκε,
3533 559 3622 612 καὶ
3651 559 3741 613 ἐπὶ

2096 645 2288 719 θρόνου
2339 645 2501 720 δόξης
2558 647 2821 723 ἐνίδρυσε,
2896 645 3059 720 δόξης
3141 641 3577 702 ἀποστίλϐουσαν
3636 652 3750 722 (79)

2094 734 2377 792 ἀθανάτου.
2410 738 2507 799 Τίς
2541 735 2630 792 οὖν
2665 736 2809 809 αὖτῷ
2864 735 2945 809 τῷ
3000 740 3117 808 Θεῷ
3173 738 3260 791 καὶ
3295 734 3450 810 λόγῳ
3478 737 3742 813 προσεγέ-

2096 846 2215 879 νετο
2259 825 2493 890 ἐντεῦθεν
2548 821 2753 902 βλάϐη,
2804 825 2886 880 ὅτι
2939 823 3285 900 βλασφημεῖν
3320 824 3419 879 οὒκ
3448 824 3741 900 ἐρυθριᾷςς

2095 914 2154 968 Τί
2187 913 2279 983 δὲ;
2316 914 2529 989 βέλτιον
2577 920 2715 971 ταῦα
2769 914 3086 988 ὁμολογεῖν,
3146 915 3235 968 καὶ
3295 918 3546 969 τοιοῦτον
3587 909 3745 969 σέϐε-

2098 1015 2217 1067 σθαι
2278 1004 2427 1074 Θεὸν,
2483 1005 2683 1079 ἀγαθὸν
2737 1003 2826 1058 καὶ
2884 1002 3296 1079 φιλάνθρωπον,
3331 1003 3391 1065 ὅς
3435 1001 3750 1059 ἐντέλλεται

2100 1091 2465 1163 δικαιοσύνην,
2525 1092 2836 1169 ἐγκράτειαν
2898 1086 3196 1163 ἐπιτάσσει,
3253 1092 3596 1166 καθαρότητα
3654 1111 3754 1145 νο-

2104 1184 2339 1255 μοθετεῖ,
2395 1181 2564 1239 ἐλεεῖν
2626 1180 2888 1249 διδάσκει,
2944 1180 3124 1236 πίστιν
3207 1182 3463 1255 παρέχει,
3522 1180 3751 1253 εἰρήνην

2097 1272 2377 1345 κηρύσσει,
2438 1269 2806 1341 αὐτοαλήθεια
2852 1270 3172 1345 ὀνομαζεται
3230 1269 3320 1325 καὶ
3374 1268 3539 1339 ἔστιν,
3586 1269 3756 1324 αύτο-

2102 1360 2304 1436 αγάπη,
2368 1360 2794 1435 αὐτοαγαθότης·
2853 1357 3045 1415 τοῦτον
3107 1357 3325 1435 βέλτιον
3383 1354 3657 1428 σέϐεσθαι,
3718 1360 3754 1429 ἦ

2098 1449 2225 1511 τοὺς
2259 1451 2415 1513 θεούς
2472 1471 2589 1520 σου,
2641 1450 2768 1512 τοὺς
2824 1446 3167 1512 πολυπαθεῖς
3222 1448 3313 1503 καὶ
3370 1446 3595 1523 κακοὺς,
3623 1448 3760 1512 τοὺς

2102 1538 2367 1614 αἲσχροὺς
2399 1540 2487 1594 καὶ
2514 1544 2631 1601 τοῖς
2662 1538 2941 1614 πράγμασι
2985 1538 3077 1592 καὶ
3122 1542 3239 1599 τοῖς
3281 1536 3542 1608 ὀνόμασιν
3570 1557 3583 1606 ;
3609 1536 3760 1594 Οὐαὶ

2104 1628 2253 1700 ὑμῖν,
2284 1632 2391 1682 τῶν
2427 1626 2593 1692 λίθων
2641 1624 3025 1700 λιθωδέστεροι
3073 1626 3163 1681 καὶ
3213 1630 3325 1681 τῶν
3358 1624 3574 1700 ἀλόγων
3609 1625 3759 1681 ἀλο-

349 1736 425 1774 an
455 1723 661 1774 contra
692 1716 993 1788 improbos
1020 1721 1079 1771 et
1106 1716 1382 1787 plurimis
1404 1719 1643 1791 ﬂagitiis
1666 1718 1981 1789 devinctos,

2104 1719 2354 1793 γώτεροι,
2386 1724 2487 1787 τῆς
2516 1715 2793 1778 ἀπωλείας
2854 1715 2984 1786 υἱοὶ,
3036 1719 3133 1769 τοῦ
3192 1713 3419 1779 σκότους
3474 1712 3759 1789 κληρονό-

349 1825 417 1864 ac
441 1814 560 1864 tam
579 1807 754 1862 rebus
772 1807 917 1877 ipsis
935 1823 1113 1876 quam
1132 1808 1475 1864 nominibus
1493 1808 1680 1864 fmdos
1712 1814 1770 1863 et
1786 1809 1981 1865 obsce-

2105 1808 2239 1880 μοιί
2303 1808 2566 1881 μακάριος
2625 1802 2682 1860 δὲ
2739 1803 2842 1877 ἐγὼ
2898 1804 2987 1859 καὶ
3042 1805 3235 1865 πάντες
3294 1804 3345 1858 οἱ
3412 1805 3762 1878 Χριστιανοὶ,

349 1914 460 1953 nos
477 1897 618 1952 deos
640 1901 769 1951 tuos
789 1896 921 1950 ?Vaa
938 1895 1122 1962 vobis,
1149 1914 1181 1950 ο
1213 1897 1368 1951 saxis
1392 1896 1680 1965 duriores,
1718 1904 1775 1952 et
1804 1898 1981 1954 brutis

2103 1896 2229 1952 Θεὸν
2262 1894 2481 1971 ἔχοντες
2506 1896 2696 1971 ἀγαθὸν
2756 1894 2845 1948 καὶ
2904 1892 3288 1970 φιλάνθρωπον
3317 1894 3329 1948 l
3370 1893 3437 1949 Ol.
3468 1892 3570 1967 γὰρ
3601 1892 3761 1966 αὖτῷ

351 1986 733 2054 amentiores,
760 1991 935 2055 atque
969 1984 1277 2051 exitiiﬁlii,
1309 2002 1375 2041 ac
1410 1987 1790 2041 tenebrarum
1804 1988 1981 2043 haere-

2104 1985 2476 2059 λατρεύοντες,
2508 1982 2602 2038 κᾶν
2633 1982 2821 2058 ὀλίγον
2867 1985 3066 2057 χρόνον
3117 1980 3167 2037 ἐν
3214 1982 3293 2053 τῷ
3324 1985 3414 2037 νῦν
3452 1981 3555 2057 βίῳ
3582 2003 3759 2038 κακο-

353 2074 480 2129 des.
512 2076 726 2129 Beatus
742 2078 940 2128 autem
955 2090 1058 2143 ego
1074 2090 1142 2127 ac
1171 2073 1488 2128 Christiani
1512 2092 1741 2143 omnes,
1773 2078 1873 2147 qui
1889 2077 1981 2133 bo-

2102 2077 2440 2145 παθήσωσιν,
2500 2071 2644 2129 ἀλλὰ
2695 2071 2786 2126 τὸν
2846 2071 3111 2126 ἀθάνατον
3180 2076 3281 2139 τῆς
3336 2068 3756 2136 ἇνταποδόσεως

353 2180 497 2218 num
511 2162 1102 2233 acbenignumDeum
1115 2162 1475 2217 habemus.N
1482 2180 1575 2217 am
1589 2165 1689 2234 qui
1703 2166 1756 2220 ei
1769 2167 1859 2221 cul
1872 2172 1981 2223 tum

2107 2168 2259 2224 293
2315 2164 2519 2238 καρπὸν
2570 2163 2930 2237 τρυγήσουσιν
2983 2158 3033 2215 ἐν
3081 2158 3150 2233 τῇ
3201 2157 3448 2235 βασιλείᾳ
3486 2166 3584 2230 τῆς
3634 2162 3759 2216 ἀτε-

347 2251 892 2318 adhibent,etiamsi
910 2250 983 2306 ad
995 2250 1168 2305 breve
1181 2251 1423 2321 aliquod
1439 2257 1670 2324 tempus
1684 2256 1745 2309 in
1758 2257 1865 2312 hac
1880 2259 1981 2315 vita

2104 2256 2371 2326 λεύτήτου
2398 2254 2488 2308 καὶ
2520 2252 2664 2316 θείας
2701 2250 3122 2324 μακαριότητος.

346 2342 524 2397 rebus
554 2340 818 2397 adversis
850 2340 1289 2409 conﬂictentur,
1323 2345 1383 2396 at
1410 2341 1810 2401 immortalem
1842 2351 2041 2407 tamen
2067 2347 2358 2407 mercedis
2378 2346 2635 2401 fructum
2657 2342 2718 2396 in
2741 2341 3115 2412 sempiternae
3147 2356 3214 2396 ac
3244 2340 3455 2395 divinas
3482 2340 3756 2398 beatitu-

345 2431 505 2486 dinis
525 2448 710 2504 regno
732 2430 1085 2502 percipient.

413 2522 546 2579 CAP.
570 2520 1034 2576 XXXll.—Dixit
1054 2523 1253 2574 autem
1271 2520 1347 2575 ad
1368 2522 1796 2581 eumTheudas:
1820 2528 1905 2582 En
1928 2528 1994 2583 il-

339 2610 442 2666 lud
456 2610 839 2682 perspicuum
853 2608 1185 2679 est,multos
1200 2614 1257 2663 et
1270 2626 1513 2683 magnos
1528 2616 1585 2666 et
1598 2615 1893 2685 sapientes
1906 2618 1991 2672 vi-

340 2717 436 2755 ros
450 2706 627 2771 atque
641 2699 1092 2769 interpretes,ac
1110 2703 1233 2753 tum
1246 2700 1459 2754 virtute
1476 2705 1599 2756 tum
1614 2702 1883 2761 doctrina
1894 2706 1992 2761 ad-

339 2788 667 2855 mirabiles,
698 2788 1048 2860 religionem
1081 2789 1714 2857 nostraminstituisse,
1752 2810 1990 2850 omnes-

342 2895 456 2949 que
470 2878 631 2932 orbis
644 2882 814 2931 terraa
828 2892 995 2949 reges
1009 2892 1075 2931 ac
1092 2877 1392 2948 principes
1407 2894 1537 2934 eam
1552 2885 1617 2933 ut
1636 2881 1987 2951 praeclaram

338 2972 518 3038 atque
531 2966 692 3021 omni
707 2966 968 3037 periculo
983 2982 1225 3021 vacuam
1239 2968 1542 3037 excepisse
1568 2986 1583 3034 ;
1609 2970 1986 3028 Galilaeorum

336 3062 543 3112 contra
574 3056 906 3111 doctrinam
928 3057 1182 3111 rusticos
1208 3056 1497 3126 quosdam
1527 3073 1593 3113 ac
1613 3075 1906 3130 pauperes
1929 3067 1987 3117 et

335 3146 601 3218 abjectos
624 3145 800 3213 viros,
824 3161 1044 3214 eosque
1065 3161 1418 3215 perpaucos,
1440 3163 1551 3201 nec
1580 3148 1783 3218 plures
1804 3166 1983 3220 quam

335 3233 1209 3304 duodecim,praadicasse.Num
1224 3233 1400 3304 igitur
1411 3235 1766 3306 ignobilium
1780 3254 1847 3293 ac
1859 3256 1984 3294 rus-

336 3323 590 3377 ticorum
619 3320 960 3392 praedicatio
992 3321 1316 3375 multorum
1346 3338 1414 3378 ac
1441 3340 1796 3395 magnorum
1825 3328 1983 3383 viro-

331 3428 468 3466 rum
483 3412 702 3482 quique
719 3415 879 3465 tanta
891 3410 1196 3481 sapientiae
1209 3410 1381 3465 laude
1396 3411 1981 3486 ﬁoruerunt,legibus

330 3506 509 3571 atque
523 3499 811 3555 institutis
825 3500 1017 3570 potior
1029 3498 1303 3555 habenda
1318 3505 1408 3555 est
1430 3502 1457 3557 ?
1487 3502 1635 3566 Quid
1654 3509 1851 3559 autem
1874 3506 1981 3561 ha-

327 3590 433 3646 bes
459 3590 616 3646 unde
647 3590 757 3645 hos
789 3606 927 3645 vera
942 3589 1301 3654 dicere,illos
1316 3590 1555 3645 mentiri
1579 3592 1982 3651 demonstres?

398 3683 654 3737 Rursum
686 3680 862 3751 igitur
893 3679 1047 3749 regis
1084 3679 1243 3734 ﬁlius
1272 3679 1620 3751 respondit:
1644 3683 1864 3739 Asinus
1893 3702 1976 3756 es,

327 3788 361 3826 ο
392 3769 656 3838 Theuda,
685 3774 752 3824 ut
781 3768 897 3823 dici
930 3768 1102 3836 solet,
1132 3767 1323 3840 lyram
1354 3769 1624 3840 audiens,
1673 3777 1850 3844 atque
1882 3774 1977 3829 in-

323 3859 598 3915 tellectus
628 3874 839 3929 expers
867 3873 1153 3912 manens:
1205 3857 1314 3925 vel,
1366 3863 1431 3913 ut
1475 3860 1695 3916 rectius
1746 3861 1976 3935 loquar,

324 3948 687 4021 aspis,aures
710 3947 1097 4013 obturans,ne
1120 3946 1401 4017 praeclare
1418 3948 1857 4007 incantantium
1876 3969 1976 4008 vo-

327 4055 458 4094 cem
477 4037 760 4095 exaudias
788 4035 957 4107 (Psal.
989 4037 1140 4103 Lvu).
1170 4037 1348 4091 Recte
1378 4035 1557 4109 igitur
1586 4037 1657 4093 de
1681 4044 1737 4095 te
1775 4056 1809 4095 a
1837 4058 1976 4113 pro-

325 4128 507 4199 pheta
536 4126 760 4182 dictum
792 4129 918 4181 est:
952 4125 1009 4180 Si
1040 4130 1272 4181 mutare
1321 4131 1501 4197 queat
1549 4128 1814 4201 Ethiops
1845 4132 1975 4202 pel-

324 4216 448 4272 lem
481 4232 670 4282 suam,
703 4231 769 4270 ac
802 4214 1021 4285 pardus
1051 4214 1362 4270 varietates
1413 4233 1570 4283 suas,
1625 4223 1686 4273 tu
1736 4236 1973 4290 quoque

324 4304 503 4360 stulte
522 4308 582 4360 et
597 4303 1122 4369 caace,benefacere
1149 4304 1390 4375 poteris,
1426 4322 1561 4361 cum
1578 4308 1735 4364 mala
1746 4308 1940 4365 didice
1959 4340 1973 4351 -

321 4396 427 4450 ris.
478 4393 628 4459 Quin
676 4398 732 4448 te
781 4394 865 4448 vis
912 4392 1174 4449 veritatis
1223 4410 1400 4449 sensu
1430 4395 1660 4451 afﬁcit?
1687 4400 1831 4453 Nam
1862 4399 1972 4455 hoc

321 4484 518 4555 ipsum
540 4481 698 4553 quod
720 4482 869 4549 ais,a
884 4481 1085 4537 multis
1098 4481 1436 4538 admirabili
1452 4484 1971 4557 sapientiapraedi-

321 4572 398 4628 tis
414 4572 554 4627 viris
576 4570 836 4626 nefarios
860 4575 993 4626 tuos
1015 4571 1210 4627 cultus
1231 4570 1483 4639 laudari,
1508 4577 1685 4644 atque
1710 4590 1743 4629 a
1762 4575 1969 4631 multis

2174 2528 2335 2584 ΚΕΦ.
2370 2522 2493 2579 AB‘.
2553 2522 2696 2597 Ἐφη
2758 2516 2815 2573 δὲ
2866 2518 3002 2593 πρὸς
3055 2516 3215 2572 αὐτὸν
3266 2516 3294 2572 ὁ
3343 2514 3562 2579 Θευδᾶς,
3595 2516 3744 2576 Ἰδοὺ

2101 2616 2327 2695 φανερόν
2361 2611 2526 2676 ἐστιν,
2583 2608 2665 2665 ὅτι
2696 2609 2795 2677 τήν
2846 2608 2965 2671 καθ’
3014 2608 3162 2680 ἡμᾶς
3214 2605 3502 2681 θρησκείαν
3533 2605 3740 2663 πολλοὶ

2097 2706 2187 2760 καὶ
2222 2702 2447 2777 μεγάλοι
2480 2699 2662 2776 σοφοὶ,
2717 2697 2806 2752 καὶ
2867 2696 3148 2772 ἐξηγηταὶ,
3197 2695 3288 2750 καὶ
3319 2697 3611 2769 θαυμαστοὶ
3640 2698 3743 2766 τὴν

2098 2794 2293 2867 ἀρετὴν
2325 2792 2415 2846 καὶ
2474 2789 2807 2859 ἐπιστήμην,
2868 2783 3287 2857 ἐνομοθέτησαν,
3346 2784 3438 2839 καὶ
3468 2785 3662 2848 πάντες
3696 2787 3745 2840 οἱ

2101 2879 2345 2958 βασιλεῖς
2371 2886 2472 2949 τῆς
2526 2885 2629 2953 γῆς
2673 2876 2763 2931 καὶ
2824 2873 3074 2929 δυνάσται
3130 2873 3206 2936 ὡς
3241 2871 3417 2942 καλὴν
3450 2874 3541 2927 καὶ
3577 2871 3734 2947 μηδὲν

2096 2970 2364 3050 σφαλερὸν
2396 2966 2628 3043 ἔχουσαν
2684 2961 2952 3035 ἐδέξαντο,
3010 2963 3108 3030 τὴν
3163 2959 3220 3016 δὲ
3271 2966 3380 3017 τῶν
3430 2961 3735 3017 Γαλιλαίων

2093 3061 2347 3133 ἄγροικοί
2412 3080 2579 3123 τινες,
2637 3054 2860 3129 πτωχοί
2917 3074 2974 3107 τε
3028 3050 3117 3107 καὶ
3175 3050 3416 3113 εὐτελεῖς
3477 3050 3738 3126 ἐκήρυξαν

2092 3146 2303 3223 ἄνδρες,
2361 3147 2450 3202 καὶ
2508 3145 2664 3201 αὐτοὶ
2713 3143 3070 3217 εὐαρίθμητοι
3124 3140 3215 3195 καὶ
3269 3142 3344 3213 μὴ
3391 3141 3498 3195 τῶν
3531 3138 3742 3196 δώδεκα

2089 3238 2152 3292 τὸ
2185 3236 2383 3312 μέτρον
2419 3231 2857 3311 ὑπερϐαίνοντες.
2918 3233 3044 3295 ΙΙῶς
3076 3228 3166 3285 οὖν
3218 3233 3324 3284 τῶν
3361 3228 3587 3304 ὀλίγων,
3614 3230 3746 3301 ἀσή-

2095 3348 2209 3398 μων
2238 3325 2413 3381 τεκαὶ
2465 3323 2763 3399 ἀγροίκων,
2820 3324 2883 3375 τὸ
2937 3322 3195 3393 κήρυγμα
3243 3318 3617 3394 προτιμητέον
3649 3326 3746 3389 τῆς

2086 3419 2194 3470 τῶν
2227 3412 2453 3470 πολλῶν
2508 3414 2595 3468 καὶ
2661 3410 2911 3487 μεγάλων
2965 3408 3056 3463 καὶ
3116 3407 3278 3484 σοφίᾳ
3322 3408 3558 3481 τοσαύτῃ
3593 3405 3739 3481 λαμ-

2087 3506 2297 3579 ψάντων
2329 3504 2650 3579 νομοθεσίας
2677 3523 2691 3571 ;
2721 3501 2803 3564 τίς
2834 3498 2891 3555 δὶ
2932 3501 2966 3569 ἡ
3019 3495 3291 3569 ἀπόδειξις
3323 3496 3553 3562 τούτους
3592 3497 3737 3570 ἀληο

2089 3594 2284 3666 θεύειν,
2316 3594 2595 3656 κάκείνους
2617 3589 2902 3666 ψεύδεσθαι
2933 3609 2946 3659 ;

2157 3683 2322 3749 Αὖθις
2356 3682 2445 3738 οὖν
2475 3683 2503 3737 ὁ
2545 3686 2646 3738 τοῦ
2701 3677 2971 3756 βασιλέως
3013 3678 3130 3740 υἱὸς
3179 3676 3524 3751 ἀπεκρίνατο·
3559 3677 3734 3752 Τάχα,

2086 3770 2276 3843 Θευδῦ,
2335 3768 2458 3828 ὄνος
2520 3772 2585 3842 εἶ,
2636 3770 2699 3825 τὸ
2755 3773 2851 3824 τοῦ
2912 3766 3102 3841 λόγου,
3163 3765 3331 3834 λύρας
3382 3766 3588 3821 ἀκούων
3621 3770 3729 3836 (80)

2084 3863 2171 3916 καὶ
2206 3859 2457 3922 ἀσύνετος
2519 3858 2713 3933 μένων,
2777 3856 2991 3932 μᾶλλον
3043 3853 3100 3910 δὲ
3157 3853 3319 3916 ἀσπὶς
3355 3854 3501 3929 βύων
3531 3854 3597 3909 τὰ
3616 3854 3721 3908 ὦτα

2082 3955 2179 4005 τοῦ
2213 3951 2289 4023 μὴ
2321 3949 2546 4004 ἀκούσαι
2605 3954 2788 4026 φωνῆς
2842 3942 3151 4016 ἐπᾳδόντων
3184 3944 3314 4016 (81).
3351 3939 3552 4004 Καλῶς
3583 3941 3669 3997 οὖν
3697 3942 3723 3997 ὁ

2083 4041 2374 4116 προφήτης
2403 4038 2515 4092 εἶπε
2564 4035 2687 4111 περὶ
2745 4039 2858 4089 σοῦ’
2923 4033 2985 4089 Εἰ
3038 4036 3151 4105 (82)
3210 4027 3499 4103 ἀλλάξεται
3534 4029 3729 4103 Αἰθίοψ

2082 4129 2143 4183 τὸ
2175 4125 2347 4202 δέρμα
2378 4127 2546 4181 αὐτοῦ
2601 4124 2692 4179 καὶ
2748 4120 3019 4198 πάρδαλις
3065 4120 3132 4174 τὰ
3171 4117 3512 4191 ποικίλματα
3543 4118 3726 4188 αὐτῆς,

2082 4216 2171 4272 καὶ
2230 4218 2292 4270 σὺ
2351 4213 2558 4289 δυνήσῃ
2616 4212 2673 4268 εὖ
2729 4218 2954 4281 ποιῆσαι
3009 4209 3345 4283 μεμαθηκὼς
3373 4207 3529 4263 κατὰ.
3563 4207 3728 4280 Μωρέ

2079 4306 2169 4361 καὶ
2193 4304 2386 4381 τυφλέ,
2417 4309 2535 4367 πῶς
2568 4303 2667 4359 οὐκ
2723 4300 2839 4378 ἄγει
2895 4321 2953 4355 σε
3013 4300 3089 4361 είς
3124 4297 3374 4368 αἶ’σθησιν
3406 4300 3440 4366 ἡ
3466 4304 3565 4366 τῆς
3596 4297 3727 4367 ἀλη-

2080 4397 2224 4458 θείας
2259 4398 2413 4453 294
2444 4393 2640 4469 ἷσχύς;
2674 4395 2850 4450 Τοῦτο
2900 4391 3000 4465 γὰρ
3049 4388 3177 4443 αὐτὸ
3224 4388 3287 4443 τὸ
3327 4386 3473 4461 παρᾶ
3500 4384 3722 4441 πολλῶν

2084 4486 2178 4559 μὲν
2234 4484 2321 4539 ἐπὶ
2380 4483 2542 4560 σοφίᾳ
2594 4481 3025 4554 θαυμαζομένων
3089 4476 3423 4540 ἐπαινεῖσθαι
3461 4474 3524 4530 τὰ
3557 4474 3722 4549 μιαρὰ

2081 4596 2177 4629 σου
2210 4569 2540 4646 σεϐάσματα,
2572 4570 2719 4643 παρὰ
2766 4566 2995 4624 πολλῶν
3050 4564 3108 4621 δὲ
3169 4564 3441 4641 βασιλέων
3472 4563 3725 4640 κρατύνε-

316 4662 556 4736 regibus
578 4660 944 4727 conﬁrmari,
967 4665 1291 4732 contraque
1322 4660 1730 4733 Evangelicam
1751 4663 1969 4735 praedi-

2095 4666 2222 4732 ιθαι,
2257 4663 2320 4717 τὸ
2346 4660 2406 4717 δὲ
2436 4664 2695 4739 κήρυγμα
2730 4663 2827 4715 τοῦ
2877 4656 3212 4734 Εὐαγγελίου
3244 4656 3371 4730 παρ’
3402 4652 3608 4728 ὀλίγων
3636 4652 3728 4708 καὶ

321 4753 618 4809 cationem
639 4767 675 4807 a
703 4750 927 4823 paucis,
962 4750 1153 4821 iisque
1172 4750 1443 4806 obscuris
1471 4750 1609 4806 viris
1632 4752 1966 4823 praedicari,

316 4842 379 4899 id
398 4860 532 4899 vero
550 4848 673 4898 tum
686 4839 993 4914 religionis
1010 4844 1228 4895 nostras
1246 4839 1383 4911 vim,
1414 4844 1541 4897 tum
1560 4840 1964 4914 improborum

390 5014 499 5083 (79)
530 5014 774 5070 Videtur
802 5030 933 5070 esse
964 5012 1026 5067 in
1057 5013 1105 5067 Α
1133 5011 1387 5067 varietas
1418 5010 1875 5083 ἀπολάμπουσαν.

2079 4755 2309 4827 ἀσήμων
2368 4750 2577 4827 ἀνδρῶν
2658 4754 3029 4824 κηρυχθῆναι,
3116 4742 3347 4800 δεικνύει
3411 4745 3510 4811 τῆς
3566 4744 3727 4814 ἡμῶν

2082 4837 2388 4908 θεοσεϐείας
2443 4841 2545 4910 τήν
2606 4838 2764 4915 ἰσχὺν
2824 4837 2915 4893 καὶ
2971 4838 3082 4891 τῶν
3144 4833 3419 4909 ὑμετέρων
3471 4835 3729 4906 πονηρῶν

386 5078 498 5157 (80)
530 5087 610 5140 De
641 5086 753 5141 hoc
782 5084 1093 5158 proverbio
1124 5083 1416 5139 monitum
1446 5084 1557 5138 fuit
1598 5078 1671 5139 ad
1714 5087 1987 5144 Aristaan.
2034 5106 2075 5156 1,
2127 5105 2219 5160 ep.
2274 5091 2361 5156 17,
2407 5104 2468 5158 p.
2518 5090 2642 5143 473.
2692 5083 2971 5142 Libanius
3002 5088 3042 5138 t.
3076 5085 3172 5145 IV,
3205 5096 3335 5207 ἵεις.
3368 5080 3473 5134 837
3500 5094 3513 5133 :
3540 5078 3727 5132 Ταῦτα

386 5159 449 5207 οὗ
506 5154 778 5207 λέγοντος.
825 5156 914 5207 καὶ
961 5158 1162 5207 νειοῶν
1208 5154 1515 5207 ἁπτομένου
1574 5154 1666 5207 καὶ
1719 5155 1880 5207 μόνον
1951 5156 2009 5207 οὐ
2092 5157 2441 5207 δακρύοντος-
2494 5158 2558 5207 οὐ
2628 5154 2837 5207 μᾶλλον
2888 5152 3083 5207 -ὶῖκουεν
3138 5152 3173 5207 ἢ
3260 5151 3389 5207 ύρας
3442 5148 3725 5203 ἀκούσειεν

315 5152 449 5242 ἐμοῦ
482 5152 801 5228 ’λέγοντοςξ
825 5156 914 5210 καὶ
961 5158 1162 5237 χειρῶν
1196 5154 1515 5242 ’ἁπτομένορ
1574 5154 1666 5208 καὶ
1719 5155 1880 5227 μόνον
1951 5156 2009 5212 οὐ
2067 5152 2442 5232 δακρύοντος,
2494 5158 2569 5242 οὐ,Δ
2627 5154 2837 5239 μᾶλλον
2888 5152 3173 5242 ἤκουενςῆ

3271 5151 3282 5169 Ι

3260 5148 3389 5220 ύρας
3442 5148 3725 5228 ἀκούσειεν

314 5222 459 5304 ὄνος..
486 5222 1003 5304 Joannesullieros;
1035 5222 1162 5304 Yita
1189 5222 1429 5304 Joannis
1460 5222 1729 5304 Damast
1768 5247 1827 5304 ι)ἶ
1859 5232 1960 5285 249

2095 5236 2111 5286 )
2160 5222 2519 5304 μισόχριστος
2552 5222 2754 5290 ἐκεῖνος
2798 5222 2985 5301 ἅρχων
3017 5225 3152 5298 πρὸς
3179 5226 3249 5304 τα
3282 5222 3509 5304 ὑπὸοτὶοῦ
3538 5222 3728 5272 Ἰωαν-

309 5320 404 5353 νου
432 5298 700 5371 λεγόμενα
730 5293 857 5375 ξένος
884 5299 949 5366 ἦν
987 5295 1154 5367 λύρας
1188 5295 1423 5363 ἀκούων,
1453 5300 1614 5375 τοῦτο
1647 5295 1713 5365 δὴ
1761 5293 1916 5375 φάναι
1968 5321 1981 5350 ιι

2095 5293 2177 5370 τῆς
2226 5293 2549 5374 παροιμίας.
2586 5304 2748 5375 Lusit
2776 5293 3164 5375 noii'i_nﬁcete
3194 5297 3353 5375 circa
3482 5308 3723 5364 prover-

309 5371 475 5427 bium
509 5368 873 5426 Stratonicus
905 5387 998 5440 ap.
1030 5372 1373 5425 Machonem
1404 5368 1671 5425 Athenaei
1704 5368 1815 5440 vui,
1847 5374 1936 5439 41,
1970 5391 2020 5427 v.
2053 5368 2143 5430 50.
2176 5368 2339 5430 Adde
2376 5368 2592 5430 Vallin.
2624 5374 2699 5429 ad
2733 5375 2892 5429 Boet.
2923 5373 2996 5427 de
3027 5369 3261 5426 Consol.
3298 5385 3353 5440 ρ.
3392 5369 3474 5440 l5.

321 5512 348 5532 ν
381 5442 835 5532 (81),P§al."1‘vu,
866 5432 1176 5530 ρξ”Θυμὸς
1224 5440 1407 5504 αὐτοῖς
1454 5441 1591 5532 κατα
1643 5442 1742 5532 τῂν
1802 5432 2069 5515 ὀμοίωσιν
2128 5449 2223 5501 τοῦ
2280 5442 2479 5523 ὄφεως,
2535 5444 2665 5500 ὡσεὶ
2722 5440 2951 5505 ἀσπίδος
3007 5447 3196 5517 κωφῆς
3244 5432 3336 5494 καὶ
3388 5432 3625 5511 βυούσης
3652 5434 3729 5488 τά

310 5509 425 5589 ὦτα
458 5509 648 5589 αὐτῆς,
678 5512 795 5581 ἣτις
819 5509 1327 5589 ὀύκΑε-ἷσακούσεται
1360 5510 1545 5589 φωνὴν
1573 5509 1905 5589 ἐπᾳδόντων.

390 5587 502 5658 (82)
531 5588 744 5642 Jerem.
778 5601 901 5656 xm,
932 5586 1019 5639 23.

578 5731 595 5783 ἱ
