3994 6150
331 307 472 366 1160

1486 310 1660 366 VITA
1694 297 2044 367 BARIAAM
2079 301 2173 354 ET
2210 295 2548 354 JOABAPH.

3585 293 3725 352 1170

330 431 476 503 ἄξιον
531 429 974 504 ἐπιδιιξαμενους·
1025 428 1269 505 ἀνδριάσι
1337 429 1546 506 λέγεται
1604 429 1694 485 καὶ
1749 425 1974 498 στήλαις

2091 428 2182 477 tus
2204 422 2294 476 vel
2315 419 2540 476 strenui
2558 417 2863 488 animi,vel
2879 415 3272 472 amicitiamel
3289 417 3622 490 cujuspiam
3643 422 3732 476 aI-

329 522 579 593 τιμῆσαι.
615 519 680 577 Οἱ
713 517 770 574 δὲ
806 519 939 592 μετὰ
993 524 1158 574 ταῦτα
1211 521 1310 590 τὴν
1368 524 1476 575 τῶν
1532 519 1820 595 προγόνων
1875 515 1968 589 ἀγ-

329 611 621 680 νοήσαντες
675 610 924 684 γνώμην,
973 610 1063 664 καὶ
1118 608 1234 674 ὅτι,
1289 610 1514 682 μνήμης
1569 605 1720 663 ἕνεκα
1781 606 1968 679 μόνον,

329 704 446 761 τοῖς
481 696 762 752 ἐπαινετόν
818 719 868 751 τι
926 700 1214 768 ποιήσασιν
1270 695 1586 772 ἀνδριαντας
1615 695 1704 752 καὶ
1763 691 1970 764 στήλας

329 787 660 858 ἀνέστησαν,
709 787 843 841 κατᾶ
894 786 1087 861 μικρὸν
1130 786 1484 860 πλανώμενοι
1539 790 1605 861 τῇ
1653 789 1750 840 τοῦ
1804 785 1969 859 ἀρχε-

327 875 494 930 κάκου
553 873 810 948 δαίμονος
865 874 1128 951 ἐνεργείᾳ,
1190 876 1262 937 ὡς
1318 873 1599 937 ἀθανάτοις
1658 879 1802 937 θεοῖς
1857 876 1974 932 τοῖς

331 962 807 1036 ὁμοιοπάθέσικαὶ
865 969 1124 1041 φθαρτοῖς
1184 964 1488 1037 ἀνθρώποις
1549 964 1972 1039 προσετέθησαν,

327 1052 418 1106 καὶ
472 1052 655 1114 θυσίας
712 1053 899 1116 αὐτοῖς
976 1052 1064 1107 καὶ
1124 1051 1357 1114 σπονδάς
1426 1052 1809 1122 ἐπενοήσαντο,
1862 1052 1972 1103 τῶν

330 1136 605 1214 δαιμόνων
662 1139 920 1212 δηλονότι
976 1147 1092 1203 τοῖς
1148 1141 1356 1212 ξοάνοις
1413 1141 1836 1210 ἐνοικησάντων,
1882 1136 1973 1191 καὶ

329 1231 466 1305 πρὸς
507 1229 735 1292 ἑαυτοὺς
785 1231 885 1300 τήν
943 1231 1112 1304 τιμήν
1163 1232 1253 1286 καὶ
1311 1233 1406 1293 τὰς
1465 1231 1648 1292 θυσίας
1711 1225 1973 1302 μεθελκυ-

330 1320 557 1378 σάντων.
604 1321 833 1376 Ἐκεῖνοι
892 1320 1074 1375 τοίνυν
1132 1319 1261 1381 τοὺς
1318 1321 1394 1393 μή
1429 1318 1823 1393 δοκιμάζοντας
1881 1315 1975 1370 τὸν

331 1408 460 1462 Θεὸν
494 1406 638 1482 ἔχειν
671 1407 721 1462 ἐν
755 1407 1042 1482 ἐπιγνώσει
1085 1407 1327 1472 πείθουσι
1377 1409 1528 1471 θεοὺς
1579 1406 1776 1470 αὐτοὺς
1822 1407 1975 1478 ἠγεῖ-

334 1507 478 1566 σθαι,
514 1493 662 1550 δυοῖν
693 1497 875 1571 χάριν·
926 1496 995 1551 ’ἶν’
1043 1496 1194 1551 αὐτοὶ
1249 1497 1343 1569 μὲν
1392 1501 1460 1570 τῇ
1510 1496 1854 1572 προσηγορίᾳ
1885 1491 1977 1547 δο-

333 1586 578 1656 ξάζοιντο
603 1584 769 1658 ταύτῃ
799 1583 1042 1658 (ἥδονται
1082 1586 1207 1660 γὰρ,
1246 1587 1336 1640 ἅτε
1381 1587 1614 1659 πλήρεις
1659 1584 1977 1653 ἀλαζονείας

331 1668 503 1742 ὄντες,
536 1674 610 1736 ὡς
665 1673 777 1728 θεοὶ
836 1675 1136 1747 τιμᾶσθαι),
1200 1673 1396 1736 αὐτοὺς
1455 1672 1512 1728 δὲ
1566 1673 1658 1735 οὕς
1688 1673 1975 1742 ήπατήκα-

331 1783 412 1816 σιν
464 1760 539 1824 εἰς
595 1763 657 1816 τὸ
708 1761 1112 1835 ἡτοιμασμένον
1165 1762 1352 1824 αὐτοῖς
1401 1757 1654 1817 ἄσϐεστον
1705 1759 1972 1816 ἐλκύσωσι
2008 1788 2053 1853 Β

330 1854 436 1923 πῦρ
479 1853 572 1924 (2).
629 1851 783 1907 Ὅθεν
843 1856 1014 1905 πᾶσαν
1075 1850 1269 1913 αὐτοὺς
1326 1848 1570 1921 ἐδίδαξαν
1629 1847 1972 1924 παρανομίαν

329 1939 420 1994 καὶ
479 1938 838 2014 αἰσχρότητα,
899 1939 973 2001 ὡς
1032 1938 1169 2010 ἅπαξ
1224 1939 1596 2014 ὑποπαγέντας
1634 1943 1702 2013 τῇ
1758 1937 1975 1994 ἐκείνων

332 2026 531 2101 ἀπάτῃ.
565 2027 684 2084 Ἐπὶ
741 2031 932 2082 τοῦτον
993 2029 1086 2082 οὗν
1144 2026 1237 2083 τὸν
1296 2026 1589 2106 κολοφῶνα
1639 2032 1746 2081 τῶν
1796 2029 1975 2081 κακῶν

334 2115 585 2181 ἐλθόντες
642 2117 692 2171 οἱ
752 2113 1050 2191 ἄνθρωποι,
1113 2116 1482 2190 ἐσκοτισμὲνοι
1534 2112 1703 2186 ὄντες,
1753 2112 1977 2177 ἕκαστος

331 2209 428 2260 τοῦ
485 2201 633 2259 ἱδίου
690 2204 895 2269 πάθους
950 2206 1040 2261 καὶ
1087 2213 1187 2275 τῆς
1245 2203 1390 2268 ἰδίας
1449 2205 1736 2277 ἐπιθυμίας
1789 2199 1980 2273 ἔστησε

333 2293 542 2365 στήλην
579 2337 594 2364 ,
650 2295 737 2348 καὶ
799 2295 916 2358 θεὸν
977 2297 1127 2352 299
1187 2293 1472 2367 ὠνόμασε,
1537 2292 1824 2367 βδελυκτοὶ
1878 2298 1980 2362 τῆς

329 2380 564 2453 πλάνης,
620 2379 1160 2457 βδελυκτότεροιτῆς
1218 2381 1446 2446 ἀτοπίας
1473 2387 1580 2437 τῶν
1638 2402 1978 2456 προσκυνου-

339 2474 506 2546 μένων
540 2472 850 2548 γενόμενοι.
883 2474 1028 2535 Ἒως
1070 2473 1247 2529 ἐλθὼν
1281 2475 1308 2528 6
1341 2472 1536 2549 Κύριος
1567 2471 1658 2527 διὰ
1688 2471 1979 2547 σπλάγχνα

331 2560 517 2624 ἐλέους
549 2564 623 2635 (3)
652 2559 814 2616 αὐτοῦ
869 2560 1212 2636 ἐλυτρώσατο
1262 2563 1411 2633 ἡμᾶς
1453 2561 1581 2623 τοὺς
1628 2561 1978 2623 πιστεύοντας

332 2651 479 2722 αὖτῷ
506 2657 606 2720 τῆς
651 2655 896 2726 πονηρᾶς
944 2650 1147 2720 ταύτης
1178 2650 1268 2705 καὶ
1320 2649 1574 2725 ὀλεθρίου
1621 2649 1857 2719 πλάνης,
1889 2651 1978 2704 καὶ

332 2737 538 2809 ἐδίδαξε
565 2740 661 2807 τὴν
713 2738 896 2810 ἀληθῆ
953 2738 1298 2815 θεογνωσίαν.
1355 2738 1468 2796 Οὐκ
1524 2735 1768 2813 ἔστιγὰρ
1801 2761 1978 2809 σωτη-

339 2826 446 2900 ρία,
479 2827 523 2881 εἰ
567 2827 640 2900 μή
698 2827 749 2881 ἐν
784 2826 932 2900 αὐτῷ
987 2829 1083 2900 (4),
1133 2827 1226 2881 καὶ
1285 2827 1387 2882 οὐκ
1440 2822 1581 2881 ἔστιν
1644 2825 1816 2888 ἄλλος
1863 2827 1980 2888 θεὸς

338 2912 460 2969 οὔτε
516 2913 566 2969 ἐν
622 2914 852 2989 οὐρανῷ,
911 2912 1034 2970 οὕτε
1087 2914 1174 2970 ἐπὶ
1203 2914 1327 2990 γῆς,
1379 2914 1421 2970 εἰ
1485 2917 1560 2988 μή
1621 2914 1778 2976 αὐτὸς
1813 2915 1980 2987 μόνος

335 3003 362 3056 6
419 3007 517 3058 τοῦ
571 3005 768 3066 παντὸς
828 3005 1086 3076 ποιητὴς,
1128 3004 1356 3058 ὁπάντα
1413 3004 1588 3080 φέρων
1640 3008 1720 3075 τῷ
1773 3003 1977 3079 ῥήματι

328 3093 427 3160 τῆς
487 3090 765 3166 δυνάμεως
816 3093 1108 3165 αὐτοῦ
1149 3095 1242 3163 Τῷ
1299 3091 1450 3166 λόγῳ
1497 3092 1622 3167 γὰρ,
1683 3092 1814 3168 φησὶ
1873 3094 1970 3164 (6),

326 3178 530 3254 Κυρίου
580 3181 632 3234 οἱ
685 3180 910 3254 οὐρανοὶ
969 3181 1387 3255 ἐστερεώθησαν,
1448 3181 1647 3251 καὶτῷ
1705 3180 1971 3252 πνεύματι

327 3272 426 3322 τοῦ
486 3268 753 3342 στόματος
810 3268 972 3324 αὐτοῦ
1029 3275 1175 3324 πᾶσα
1227 3271 1260 3338 ἡ
1313 3266 1540 3342 δύναμις
1597 3271 1798 3324 αὐτῶν·
1857 3269 1968 3338 καὶ,

327 3356 502 3411 πάντα
531 3360 608 3429 (7)
640 3354 710 3411 δι’
740 3357 905 3412 αὐτοῦ
936 3357 1170 3432 ἐγένετο,
1201 3359 1290 3413 καὶ
1325 3359 1500 3434 χωρὶς
1553 3357 1715 3413 αὐτοῦ
1766 3357 1971 3432 ἐγένετο

331 3442 458 3500 οὐδὲ
487 3441 540 3499 ἐν
564 3445 592 3500 ’ὁ
617 3447 857 3521 γέγονεν.

2081 511 2266 566 terius
2280 510 2509 565 virtutis
2526 525 2675 580 Opus
2698 507 2986 562 memoria
3000 506 3243 579 dignum
3259 506 3730 577 edidissent,sta-

2082 601 2198 655 tuis
2221 616 2463 654 ornasse
2487 599 2722 653 dicitur.
2756 596 2982 652 Posteri
3014 597 3536 668 autem,majorum
3558 614 3731 662 men-

2082 693 2201 744 tem
2233 689 2594 760 ignorantes,
2627 702 2840 757 nempe
2887 684 3042 756 quod
3092 686 3396 740 memoriae
3442 685 3730 742 duntaxat

2083 795 2260 834 causa
2281 779 2352 831 iis
2376 777 2475 848 qui
2506 776 2678 831 laude
2710 775 2951 846 dignum
2978 775 3204 844 aliquid
3238 775 3574 830 effecissent
3603 782 3724 830 sta-

2084 871 2215 921 tuas
2245 871 2302 920 et
2332 867 2638 920 columnas
2667 863 3308 930 erexissent,dmmonis
3331 865 3453 919 vitii
3477 867 3727 920 auctrris

2084 973 2263 1025 opera
2285 955 2572 1024 paulatim
2594 953 3240 1019 aberrantes,homines
3263 953 3474 1008 iisdem
3497 956 3728 1025 passio-

2082 1044 2260 1098 nibus
2292 1043 2576 1097 obnoxios
2606 1059 2673 1097 ac
2700 1042 3062 1112 corruptioni
3089 1042 3410 1112 subjectos,
3443 1049 3728 1116 tanquam

2083 1131 2451 1186 immortales
2483 1131 2623 1186 deos
2672 1131 3014 1197 adorarunt,
3046 1131 3454 1202 sacriﬁciaque
3487 1133 3632 1203 ipsis
3662 1150 3731 1188 ac

2084 1220 2372 1276 libamina
2424 1221 2866 1292 excogitarunt:
2932 1219 3302 1275 daemonibus
3349 1221 3624 1277 videlicet
3665 1223 3728 1276 in

2086 1310 2296 1364 statuis
2326 1309 2750 1375 habitantibus,
2785 1314 2961 1378 atque
2993 1308 3334 1378 hujusmodi
3355 1310 3642 1366 honorem
3673 1315 3732 1365 et

2088 1399 2379 1454 sacriﬁcia
2399 1399 2471 1452 ad
2495 1415 2623 1453 sese
2650 1397 3251 1469 pertrahentibus.llli
3277 1398 3474 1470 itaque
3500 1416 3599 1454 eos
3626 1399 3729 1470 qui

2087 1489 2272 1541 Deum
2300 1488 2362 1541 in
2393 1488 2604 1541 notitia
2635 1487 2850 1542 habere
2883 1487 3129 1541 minime
3178 1487 3432 1557 probant
3460 1489 3634 1558 (Dom.
3663 1493 3726 1556 ι),

2086 1576 2306 1647 duplici
2341 1576 2412 1630 de
2443 1593 2621 1631 causa
2650 1581 2715 1630 ut
2745 1593 2805 1630 se
2833 1575 2974 1629 deos
3007 1592 3136 1630 esse
3169 1577 3509 1632 existiment
3537 1578 3727 1633 addu-

2086 1670 2229 1719 cunt
2254 1682 2266 1717 :
2300 1664 2506 1731 altera,
2539 1671 2604 1718 ut
2634 1664 2744 1735 ipsi
2776 1665 2888 1718 hoc
2909 1665 3153 1718 nomine
3183 1665 3729 1738 celebrentur,gau-

2087 1753 2230 1808 dent
2262 1755 2423 1808 enim
2454 1753 2588 1825 ipsi,
2619 1759 2821 1825 utpote
2852 1753 3008 1809 fastu
3039 1760 3214 1825 atque
3246 1755 3584 1828 arrogantia
3602 1756 3728 1826 ple-

2082 1845 2308 1911 ni,cum
2339 1845 2484 1916 ipsis
2515 1850 2796 1915 tanquam
2829 1844 2941 1898 diis
2962 1845 3154 1899 honor
3175 1845 3486 1913 tribuitur;
3518 1846 3727 1913 altera,

2082 1938 2148 1988 ut
2177 1951 2277 1988 eos
2309 1952 2458 2005 quos
2490 1935 2551 1989 in
2584 1934 2853 1989 fraudem
2881 1934 3222 1989 induxerint
3245 1935 3318 1990 ad
3336 1941 3730 2008 praeparatum

2085 2023 2197 2077 sibi
2226 2025 2654 2094 sempiternum
2687 2025 2884 2096 ignem
2934 2024 3193 2078 trahant.
3239 2025 3439 2095 quue
3485 2025 3730 2080 nomine

2084 2112 2244 2166 omni
2276 2111 2481 2183 ﬂagitii
2513 2129 2579 2167 ac
2629 2111 3012 2182 turpitudinis
3056 2129 3271 2184 genere
3302 2113 3461 2183 ipsos
3488 2112 3732 2168 erudie-

2083 2201 2394 2267 runt,adeo
2426 2206 2489 2255 ut
2521 2217 2728 2256 eorum
2759 2199 2953 2255 fraudi
2985 2202 3148 2272 atqui
3173 2202 3515 2272 imposturm
3548 2202 3733 2257 semel

2085 2291 2303 2345 addicti
2339 2291 2859 2358 homines,mentis
2891 2291 3153 2346 tenebris
3184 2292 3732 2363 circumfusi,atque

2085 2380 2158 2435 ad
2175 2379 2469 2435 malorum
2492 2381 2884 2451 colophoncm
2898 2381 3320 2450 venientes,sui
3340 2383 3590 2452 quisque
3608 2383 3733 2437 vitii

2085 2485 2152 2523 ac
2175 2487 2295 2524 suae
2319 2470 2658 2540 cupiditatis
2679 2475 2934 2524 statuam
2957 2470 3516 2542 ﬁxerint,deumque
3538 2473 3732 2526 nomi-

2086 2559 2438 2623 narint.Qua
2471 2558 2710 2628 quidem
2743 2559 2804 2613 in
2834 2575 2918 2627 re,
2952 2575 3086 2614 cum
3117 2559 3336 2614 erroris
3368 2560 3457 2614 sui
3487 2561 3731 2615 nomine

2088 2647 2430 2702 exsecrandi
2455 2648 2728 2715 sint,tum
2743 2664 2880 2702 vero
2906 2647 2979 2701 ob
2997 2664 3200 2703 earum
3216 2664 3416 2702 rerum
3439 2665 3584 2720 quas
3598 2650 3734 2704 ado-

2085 2743 2222 2792 rant
2251 2736 2680 2791 absurditatem
2710 2737 2920 2808 majori
2965 2737 3368 2792 exsecratione
3417 2737 3625 2809 dignos
3670 2756 3733 2793 se

2085 2826 2490 2897 praebuerunt.
2523 2825 2586 2878 Id
2608 2831 2806 2880 autem
2830 2825 3036 2880 tandiu
3059 2827 3254 2880 locum
3277 2825 3502 2893 habuit,
3536 2827 3733 2898 quoad

2087 2917 2371 2971 Dominus
2385 2932 2491 2986 per
2503 2916 2726 2970 viscera
2741 2915 3160 2971 misericordia:
3177 2933 3295 2970 suae
3310 2933 3418 2972 nos
3433 2917 3532 2987 qui
3549 2917 3734 2988 ipsius

2088 3004 2203 3059 fide
2227 3003 2458 3075 prmditi
2484 3021 2708 3069 sumus,
2738 3021 2807 3059 ex
2830 3004 3099 3076 improbo
3131 3022 3197 3060 ac
3219 3005 3499 3076 pestifero
3523 3006 3736 3078 hujus-

2087 3092 2247 3147 modi
2268 3109 2464 3146 errore
2478 3092 3024 3164 liberavit,veraque
3039 3093 3138 3148 Dei
3154 3094 3488 3165 cognitione
3500 3094 3735 3150 imbuit.

2086 3185 2284 3253 Neque
2311 3181 2470 3236 enim
2492 3182 2553 3236 in
2575 3181 2690 3237 alio
2714 3182 2836 3237 ullo
2859 3183 3020 3237 salus
3042 3187 3268 3251 est,nec
3297 3188 3514 3254 praeter
3535 3185 3733 3254 ipsum

2083 3271 2274 3326 solum
2307 3272 2406 3341 qui
2440 3270 2729 3326 mundum
2759 3272 2972 3340 effecit,
3005 3289 3072 3327 ac
3104 3272 3334 3327 virtutis
3389 3288 3509 3327 sum
3556 3273 3732 3329 verbo

2082 3362 2502 3440 omniaportat
2522 3363 2703 3432 (Hebr.
2728 3365 2793 3431 1),
2818 3362 2970 3417 alius
2993 3362 3138 3418 deus
3164 3368 3266 3418 aut
3287 3363 3347 3418 in
3369 3362 3516 3418 caalo
3539 3369 3642 3419 aut
3667 3364 3729 3419 in

2084 3455 2242 3506 terra
2273 3455 2380 3505 est.
2415 3451 2602 3506 Verbo
2665 3452 2823 3507 enim
2881 3452 3137 3519 Domini,
3171 3451 3364 3523 inquit
3417 3453 3540 3520 ille,
3593 3453 3729 3508 cmli

334 3537 552 3590 ﬁrmati
588 3542 746 3602 sunt,
775 3542 832 3592 et
863 3537 1075 3608 spiritu
1106 3537 1224 3592 oris
1255 3538 1384 3610 ejus
1415 3538 1610 3593 omnis
1638 3538 1822 3607 virtus
1854 3553 2057 3594 eorum
2089 3541 2260 3612 (Psal.
2295 3539 2472 3612 xxxn)
2497 3558 2512 3609 ;
2536 3545 2712 3612 atque
2741 3542 2942 3596 omnia
2988 3557 3094 3612 per
3134 3541 3329 3614 ipsum
3371 3541 3528 3597 facta
3567 3547 3728 3611 sunt,

333 3630 392 3679 et
422 3626 549 3681 sine
581 3626 706 3697 ipso
738 3627 957 3682 factum
992 3633 1079 3682 est
1109 3627 1259 3682 nihil
1291 3627 1446 3698 quod
1468 3628 1689 3682 factum
1719 3633 1809 3682 est
1839 3629 2016 3697 (Joan.
2049 3629 2110 3702 1).

402 3713 462 3769 Ὁ
490 3710 547 3767 δὲ
591 3711 810 3785 Θευδᾶς,
865 3713 1069 3768 τούτων
1124 3713 1352 3776 ἀκούσας
1407 3718 1515 3769 τῶν
1571 3713 1853 3790 ῥήμάτων,
1884 3715 1974 3770 καὶ

332 3802 414 3858 δτι
473 3801 695 3877 πλήρης
728 3802 956 3879 ὅλόγος
1015 3801 1361 3867 θεοδιδάκτου
1419 3804 1607 3881 σοφίας
1661 3803 1973 3880 ἐτύγχανεν,

331 3895 424 3946 οἷα
481 3892 714 3968 βροντῆς
774 3892 903 3968 ἤχῳ
958 3891 1348 3969 καταπλαγεὶς,
1402 3893 1613 3964 ἀφωνία
1669 3893 1971 3969 συνείχετο.

331 3981 467 4054 Ὀψὲ
498 3978 554 4035 δὲ
589 3981 680 4036 καὶ
738 3980 900 4054 μόλις
956 3982 1033 4044 εἷς
1091 3979 1336 4052 αθίσθησιν
1400 3982 1572 4038 ἐλθὼν
1624 3990 1725 4052 τῆς
1783 3984 1974 4038 ἑαυτοῦ

333 4068 659 4140 ἀθλιότητος
693 4069 892 4143 (ἥψατο
931 4071 1031 4146 γάρ
1087 4075 1193 4125 τῶν
1251 4070 1640 4144 ἐσκοτισμένων
1675 4071 1970 4148 ὀφθαλμῶν

328 4163 430 4226 τῆς
460 4154 684 4232 καρδίας
737 4159 904 4213 αὐτοῦ
931 4160 959 4212 ὁ
991 4160 1260 4235 σωτήριος
1321 4157 1504 4232 λόγος,
1545 4159 1633 4214 καὶ
1665 4159 1841 4222 πολὺς
1869 4166 1975 4216 τῶν

329 4244 609 4320 προτέρων
667 4247 830 4302 αὐτοῦ
889 4245 1056 4321 εἰσῄει
1139 4248 1518 4322 μετάμελος),
1574 4248 1663 4303 καὶ
1719 4256 1818 4318 τῆς
1865 4255 1971 4304 τῶν

2155 3720 2423 3776 Theudas
2452 3724 2650 3776 autem
2672 3736 2805 3775 cum
2827 3719 2954 3775 haec
2983 3719 3158 3774 verba
3179 3716 3517 3788 audivisset,
3550 3725 3728 3790 atque

2083 3808 2424 3879 hujusmodi
2439 3826 2775 3866 sermonem
2791 3809 3070 3863 divinitus
3084 3808 3279 3864 infusa
3291 3809 3586 3879 sapientia
3601 3809 3728 3880 ple-

2083 3914 2226 3951 num
2242 3913 2369 3952 esse
2383 3902 2965 3969 cerneret,tanquam
2980 3898 3224 3952 tonitrui
3239 3914 3383 3953 sono
3396 3898 3726 3969 perculsus,

2084 3983 2319 4038 silentio
2347 3985 2944 4041 tenebatur.Tandem
2976 3991 3173 4040 autem
3197 3985 3518 4055 aliquando
3547 3986 3730 4040 mise-

2083 4072 2232 4127 riam
2260 4090 2428 4128 suam
2467 4091 2794 4144 agnoscens
2842 4073 3280 4145 (obtenebratos
3330 4073 3488 4128 enim
3531 4073 3728 4128 cordis

2084 4161 2269 4232 ipsius
2290 4163 2492 4216 oculos
2511 4162 2787 4217 salutaris
2807 4162 3075 4217 doctrina
3087 4162 3608 4234 tetigerat)ingenti
3626 4179 3728 4218 an-

2085 4253 2287 4304 teactae
2308 4251 2437 4304 vita:
2465 4250 2833 4321 pmnitudine
2859 4252 3102 4306 affectus
3128 4255 3235 4318 est;
3259 4256 3434 4322 atque
3448 4251 3726 4307 condem-

330 4330 578 4388 εἰδώλων
610 4332 822 4404 πλάνης
873 4335 1193 4412 καταγνοὺς,
1225 4342 1304 4407 τῷ
1344 4337 1525 4415 φέγγει
1559 4344 1656 4406 τῆς
1707 4333 1974 4401 εὐσεϐείας

2086 4343 2220 4392 nato
2242 4338 2537 4393 idolorum
2559 4357 2778 4408 errore,
2803 4339 2876 4394 ad
2899 4340 3136 4410 pietatis
3157 4340 3352 4395 lucem
3376 4342 3726 4409 accurrit,ac

329 4420 695 4497 προσέδραμε.
754 4424 854 4479 Καὶ
913 4425 975 4478 τὸ
1028 4424 1118 4479 ὄπ’
1159 4423 1364 4480 ἐκείνου
1420 4426 1565 4480 αὕτω
1622 4433 1718 4496 τῆς
1756 4429 1974 4501 μοχθη-

336 4515 434 4584 ρᾶς
466 4511 692 4587 ἀγωγῆς
740 4513 954 4584 ἀπήστη
1014 4513 1103 4567 καὶ
1159 4515 1415 4570 τοσοῦτον
1474 4515 1657 4570 ἑαυτὸν
1715 4520 1831 4577 τοῖς
1861 4515 1976 4571 ἀτί-

335 4620 465 4671 μοις
521 4598 898 4672 ἐξεπολέμωσε
945 4603 1135 4665 πάθεσι
1212 4603 1301 4657 καὶ
1362 4603 1629 4678 μαγείαις,
1691 4606 1821 4674 ὅσην
1878 4606 1980 4679 ἀρα

329 4685 440 4760 πρὸ
477 4687 674 4744 τούτου
718 4690 818 4757 τήν
871 4689 1010 4764 πρὸς
1068 4691 1202 4745 αὖτά
1260 4691 1443 4767 φιλίαν
1490 4692 1787 4751 ἐσπείσατο.
1844 4694 1979 4752 Τότε

334 4777 430 4848 μὲν
461 4777 565 4850 γὰρ
599 4775 652 4831 ἐν
690 4778 839 4850 μέσῳ
859 4782 957 4832 τοῦ
998 4777 1277 4852 συνεδρίου
1327 4779 1511 4847 ἑστὼς,
1555 4785 1650 4835 τοῦ
1711 4781 1979 4856 βασιλέως

325 4866 829 4939 προκαθεζομένου,
887 4865 1097 4942 μεγάλῃ
1158 4871 1226 4940 τῇ
1288 4871 1442 4944 φωνῇ
1493 4864 1716 4939 ἐϐόησεν
1753 4890 1766 4902 ·
1825 4874 1978 4928 300

329 4949 604 5021 Ἀληθῶς,
637 4954 682 5006 ὧ
716 4952 964 5028 βασιλεῦ,
1020 4958 1234 5025 πνεῦμα
1285 4958 1417 5008 θεοῦ
1467 4954 1606 5010 οἰκεῖ
1661 4955 1711 5010 ἐν
1764 4960 1844 5028 τῷ
1901 4959 1978 5030 (8)

2082 4426 2359 4498 deinceps
2372 4429 2703 4484 ascelerata
2717 4435 2769 4484 et
2784 4429 3144 4484 exsecranda
3155 4429 3282 4484 vita:
3296 4430 3524 4485 ratione
3536 4447 3726 4501 usque

2088 4516 2233 4570 adeo
2267 4533 2394 4572 sese
2417 4519 2684 4584 removit,
2715 4523 3064 4590 tantumque
3088 4535 3221 4573 cum
3250 4517 3521 4590 turpibus
3541 4518 3726 4574 animi

2088 4606 2501 4661 affectionibus
2557 4607 2918 4679 magicisque
2980 4607 3204 4662 artibus
3252 4607 3478 4662 bellum
3524 4607 3728 4678 gessit,

2088 4699 2374 4764 quantum
2390 4701 2524 4751 ante
2539 4697 2756 4752 amoris
2778 4697 2964 4752 fwdus
2979 4715 3113 4752 cum
3136 4697 3281 4768 ipsis
3296 4697 3556 4751 ferierat.
3584 4699 3729 4751 Nam

2089 4789 2210 4837 tum
2227 4785 2286 4837 in
2302 4785 2496 4840 medio
2515 4786 2765 4839 concilio
2781 4785 3328 4856 stans,prmsidente
3342 4801 3497 4856 rege,
3516 4799 3732 4855 magna

2087 4889 2225 4926 voce
2242 4873 2588 4928 exclamavit
2609 4891 2621 4926 :
2649 4876 2818 4941 Vere,
2840 4892 2870 4928 ο
2887 4891 3008 4940 rex,
3035 4873 3276 4944 spiritus
3298 4873 3399 4926 Dei
3416 4873 3476 4925 in
3493 4871 3615 4926 filio
3630 4876 3728 4926 tuo

2087 4959 2335 5030 habitat,
2357 4977 2490 5016 vere
2503 4961 2671 5016 fracti
2694 4978 2760 5016 ac
2783 4962 3040 5033 superati
3056 4977 3280 5028 sumus,
3305 4977 3414 5016 nec
3427 4959 3728 5016 defensio-

406 5103 485 5185 (2)
512 5106 868 5188 μειμΙΙπδχν,
897 5109 958 5188 41
996 5104 1341 5188 ε“ι]ορεόεσθε
1371 5106 1625 5188 ἀπ’ᾼέμοῦ
1657 5108 2109 5188 αἲξ-κατηραμένοι
2141 5109 2216 5172 εἰς
2247 5111 2308 5165 τὸ
2334 5115 2440 5188 πῦρ
2470 5112 2530 5167 τὸ
2561 5111 2802 5184 αἰώνιον,
2831 5113 2892 5168 τὸ
2922 5111 3332 5185 ἡτοιμασμένον
3361 5115 3440 5185 τῷ
3471 5106 3727 5185 Διαϐόλῳ

324 5172 562 5252 καξλτοξς
594 5172 862 5252 ἀγγέλοις
886 5176 1070 5235 αὐτοῦ.
1104 5172 1269 5234 Conf.
1303 5195 1432 5251 pag.
1469 5172 1556 5249 66,
1590 5197 1648 5252 II,
1682 5183 1768 5235 78.

405 5246 478 5316 (3)
511 5246 652 5302 Luc.
676 5246 715 5315 ἰ,
741 5251 828 5303 78.

657 5321 876 5402 ‘Apo‘st':
899 5337 971 5402 ιγ,
1007 5325 1072 5375 12
1098 5320 1240 5402 εΑΚαὶ
1276 5319 1375 5374 οὐκ
1403 5319 1543 5375 ἔστιν
1575 5317 1628 5375 ἐν
1654 5318 1810 5395 ἄλλῳ
1841 5319 1974 5378 οὐδε

2118 5327 2378 5402 σωτηρία.

405 5389 478 5464 (ξ)
510 5389 694 5464 Epist.
720 5389 803 5445 ad
835 5391 1007 5448 Hebr.
1041 5409 1080 5464 ι,
1111 5394 1164 5451 3.

403 5457 479 5596 (ὅ)
509 5457 665 5514 Psal.
699 5477 878 5529 χχχιι,
909 5464 960 5515 6.

424 5527 478 5596 7)
515 5530 682 5585 Joan.
715 5548 751 5596 ι,
789 5534 840 5588 3.

424 5527 478 5598 7)
515 5530 682 5585 Joan.
715 5548 751 5597 ι,
789 5534 840 5588 3.

402 5598 478 5692 (_8_)
503 5600 604 5692 Est
633 5603 886 5658 varietas
911 5599 1112 5658 ἐνοικεῖ
1146 5607 1245 5677 τῷ.
1289 5606 1475 5664 Habet
1502 5609 1713 5682 πνεῦμα
1762 5605 1902 5663 οἶκεῖ
1930 5607 1974 5663 ἐν

2086 5610 2182 5669 iul.
2239 5610 2315 5668 ad
2345 5615 2511 5674 Rom.
2549 5629 2662 5686 vm,
2695 5615 2748 5685 9,
2786 5615 2844 5670 11
2879 5632 2893 5684 ;
2949 5620 3007 5671 et
3048 5613 3353 5692 πνεύματος
3393 5609 3732 5678 ἐνοικοῦντος

325 5683 382 5745 ἐν
415 5685 467 5743 ΙΙ
496 5685 570 5745 ad
602 5687 748 5746 Tim.
780 5705 820 5758 I,
854 5692 941 5764 14,
