3994 6150
289 295 423 359 1171

1803 299 2174 366 ADDINDA.

3544 307 3690 379 H72

288 443 429 484 nem
450 425 637 484 ullam
670 415 982 501 habemus,
1014 446 1124 486 nec
1147 430 1220 486 ad
1261 447 1329 487 ea
1359 447 1490 503 quae
1512 431 1584 487 ab
1607 431 1733 505 ipso
1767 450 1931 489 com-

2064 431 2148 506 ιίῷ
2179 449 2293 488 σου⁶
2345 434 2570 506 ἀληθῶς
2616 437 2920 511 ἡττήμεθα,
2968 440 3058 494 καὶ
3108 437 3370 515 οὐδεμίαν
3419 442 3497 499 ἔτι
3549 446 3687 502 ἀπο-

296 523 629 575 memOrata
653 524 810 589 sunt,
830 519 922 575 vel
954 519 1157 575 oculos
1192 521 1352 592 ipsos
1387 521 1690 578 obvertere
1729 537 1942 594 possu-

296 623 452 663 mus.
502 610 743 680 Magnus
792 609 973 681 igitur
1019 627 1220 665 revera
1267 612 1736 667 Christianorum
1787 614 1939 667 Deus

298 702 407 766 est,
440 713 655 770 magna
685 697 874 770 ipsius
900 699 1067 768 ﬁdes,
1100 717 1314 772 magna
1337 702 1635 772 mysteria.

365 880 690 935 Conversus
711 880 911 952 itaque
936 880 1009 936 ad
1030 882 1183 954 regis
1208 881 1416 948 filium,
1443 883 1524 938 ait
1549 901 1560 936 :
1587 883 1938 954 Dic,qu:nso,

303 985 336 1024 ο
360 969 518 1024 claro
542 985 609 1024 ac
629 969 848 1025 illustri
866 971 1065 1025 animo
1083 970 1351 1043 praedite,
1379 974 1613 1027 Deusne
1643 988 1738 1027 me
1768 987 1939 1027 exce-

293 1063 504 1130 pturus
531 1062 640 1126 est,
666 1058 713 1113 si
737 1057 808 1113 ab
833 1059 1119 1132 improbis
1137 1060 1833 1128 actionibus-abscedens,
1867 1061 1940 1116 ad

298 1164 433 1203 eum
466 1164 561 1202 me
594 1153 936 1204 convertere
957 1149 984 1204 ?
1005 1149 1174 1219 Sane,
1209 1149 1403 1222 inquit
1429 1149 1690 1205 veritatis
1722 1167 1938 1222 praeco,

299 1237 738 1308 sane,inquam,
763 1242 820 1292 te
843 1238 1112 1310 excipiet,
1137 1256 1461 1311 omnesque
1484 1241 1625 1297 item
1648 1241 1747 1310 qui
1766 1240 1940 1312 adip-

295 1342 427 1381 sum
446 1342 573 1382 sese
596 1327 1011 1383 converterint.
1040 1331 1153 1384 Nec
1183 1347 1318 1385 vero
1341 1330 1563 1402 vulgari
1588 1330 1763 1384 modo
1785 1329 1942 1384 exci-

300 1417 651 1488 piet;verum
667 1423 731 1472 ut
745 1417 866 1472 ﬁlio
880 1433 910 1472 e
925 1418 1250 1491 longinqua
1261 1421 1498 1492 regione
1513 1420 1784 1476 redeunti
1810 1420 1942 1491 (Lu-

302 1522 377 1560 cae
390 1506 499 1577 xv),
527 1507 755 1573 hocest,
781 1506 1258 1564 asceleratavitre
1282 1511 1512 1565 ratione
1535 1509 1608 1564 ad
1633 1509 1939 1563 meliorem

299 1594 526 1667 frugem
549 1613 679 1651 sese
702 1600 1086 1667 convertenti,
1113 1598 1341 1654 obviam
1373 1599 1652 1671 prodibit,
1686 1614 1940 1668 eumque

300 1685 692 1755 amplectetur
721 1693 779 1741 et
809 1688 1282 1755 exosculabitur;
1317 1706 1382 1744 ac
1413 1690 1636 1760 peccati
1680 1688 1940 1743 foeditate

2051 521 2248 611 λογίαν,
2293 519 2517 598 ἔχομεν,
2581 525 2705 581 οὕτε
2761 526 3214 606 ἀντοφθαλμῆσαι
3274 533 3413 603 πρὸς
3460 533 3529 588 τά
3555 536 3688 611 παρ’

2049 609 2207 664 οὐτοῦ
2239 609 2504 685 λεγόμενα
2553 612 2816 689 ίσχύομεν
2852 657 2866 672 .
2927 619 3107 691 Μέγας
3143 617 3235 674 οὖν
3265 625 3347 692 τῷ
3376 617 3492 677 ὄντι
3523 623 3550 676 ὁ
3579 609 3688 680 τῶν

2049 704 2389 770 Χριστιανῶν
2450 703 2600 774 Θεὸς,
2665 703 2872 778 μεγάλη
2925 708 2959 776 ἡ
3001 708 3184 771 πίστις
3239 710 3442 784 αὐτῶν,
3477 714 3688 788 μεγάΛα

2045 789 2113 844 τὰ
2147 792 2437 865 μυστήρια.

2121 879 2498 958 Ἐπιστραφεὶς
2541 877 2598 936 δὲ
2633 883 2768 958 πρὸς
2813 885 2904 939 τὸν
2955 884 3070 941 υἶὸν
3114 884 3215 962 ἔφη
3265 892 3362 943 τοῦ
3397 889 3687 965 βασιλέως’

2049 967 2188 1042 Λέγε
2221 989 2314 1040 μοι
2366 969 2571 1039 τοίνυν,
2605 972 2650 1025 ὦ
2679 975 3056 1048 πεφωτισμένε
3101 977 3200 1046 τὴν
3241 979 3446 1052 ψυχήψ
3478 976 3693 1055 δέχεταί

2055 1077 2119 1130 με
2178 1058 2206 1110 ὁ
2263 1060 2522 1132 Χριστὸς,
2577 1059 2644 1131 εἲ,
2702 1061 2762 1116 ἐκ
2815 1067 2923 1117 τῶν
2964 1069 3224 1141 πονηρῶν
3280 1088 3388 1140 μου
3444 1069 3688 1140 πράξεων

2049 1146 2304 1219 ἀποστὰς,
2364 1146 2672 1224 ἐπιστρέψω
2729 1152 2868 1226 πρὸς
2926 1151 3122 1225 αὐτόνς
3181 1154 3303 1226 Ναὶ,
3336 1155 3690 1233 φησίνὸτῆς

2050 1234 2310 1306 ἀληθείας
2361 1237 2554 1311 κήρυξ,
2619 1239 2728 1311 ναὶ,
2789 1237 3007 1316 δέχεται
3090 1243 3181 1297 καὶ
3239 1245 3296 1298 σε
3351 1244 3443 1298 καὶ
3488 1243 3690 1308 πάντας

2048 1323 2172 1386 τοὺς
2203 1324 2279 1387 εἷς
2311 1325 2468 1380 αὐτὸν
2498 1326 2930 1407 ἐπιστρέφοντας.
2986 1330 3206 1407 Δέχεναι
3239 1329 3294 1388 δὶ
3338 1332 3446 1409 οὐχ
3475 1333 3687 1404 ἁπλῶς,

2051 1413 2178 1470 ἀλλ’
2213 1459 2227 1486 ,
2285 1417 2359 1478 ὡς
2419 1419 2521 1490 υἱῷ
2571 1419 2678 1474 ἀπὸ
2741 1425 2950 1495 μακρᾶς
2999 1420 3402 1496 ἐπιδημήσαντι
3476 1426 3688 1500 χώρας,

2050 1509 2402 1578 προσυπατνᾷ
2428 1510 2507 1578 τῷ
2554 1506 2614 1561 ἐκ
2665 1510 2764 1576 τῆς
2821 1507 2950 1564 ὁδοῦ
3004 1514 3111 1566 τῶν
3155 1512 3398 1586 ἀνομιῶν
3444 1511 3689 1588 ἐπιστρέ-

2053 1588 2231 1669 φόντι·
2287 1594 2378 1648 καὶ
2431 1599 2622 1650 τοῦτον
2674 1595 2988 1673 περιλαϐὼν
3035 1603 3453 1671 κατασπάζεται,
3485 1602 3573 1656 καὶ
3623 1603 3689 1656 τὸ

2050 1689 2149 1752 τῆς
2205 1684 2471 1758 ἁμαρτίας
2529 1686 2720 1761 αἶσχος
2774 1687 3065 1762 περιελὼν,
3097 1690 3285 1746 αὐτίκα
3331 1689 3546 1764 ἱμάτιον
3592 1712 3690 1746 πε-

301 1772 790 1845 detracta,statim
808 1775 920 1848 ipsi
935 1778 1350 1833 vestimentum
1367 1778 1940 1848 salutarisimponet,

2064 1774 2289 1844 οιτίθησι
2337 1775 2650 1851 σωτηρίου,
2697 1779 2786 1834 καὶ
2840 1782 3042 1848 στολὴν
3093 1783 3484 1856 Ααμπροτάτης
3533 1801 3688 1858 περι-

299 1864 768 1937 charissimaque
791 1867 992 1938 gloriae
1015 1869 1166 1923 stola
1189 1887 1321 1924 eum
1345 1869 1941 1940 induens,mysticum

303 1956 580 2028 supernis
598 1955 917 2011 virtutibus
941 1959 1530 2031 epulumperaget,ob
1553 1964 1851 2031 receptam
1868 1957 1944 2012 vi-

303 2047 521 2101 delicet
545 2063 707 2102 ovem
732 2046 1023 2118 perditam
1037 2048 1254 2103 festum
1271 2048 1426 2104 diem
1447 2048 1943 2118 celebransﬂbid).

297 2137 556 2206 Ipsemet
575 2135 734 2189 enim
752 2135 1036 2190 Dominus
1057 2137 1264 2208 ingens
1282 2137 1344 2191 in
1357 2137 1503 2192 ccelo
1524 2137 1802 2209 gaudium
1818 2151 1946 2190 esse

305 2225 451 2279 dixit
472 2241 650 2295 super
670 2241 787 2280 uno
809 2230 1116 2296 peccatore
1165 2228 1573 2299 paenitentiam
1605 2233 1833 2300 agente.
1867 2229 1947 2281 Ac

305 2329 578 2369 rursum:
611 2316 736 2369 Non
763 2315 895 2369 veni
916 2332 1123 2371 vocare
1142 2317 1359 2388 justos,
1382 2317 1482 2373 sed
1513 2323 1851 2390 peccatores
1874 2315 1948 2371 ad

306 2403 718 2476 pmnitentiam
753 2405 929 2473 (Lucae
974 2406 1047 2477 v).
1101 2407 1172 2460 Et
1215 2423 1324 2477 per
1372 2407 1758 2478 prophetam:
1811 2406 1947 2460 Vivo

309 2509 436 2566 ego,
470 2492 614 2548 dicit
641 2493 928 2549 Dominus
955 2511 969 2549 :
1001 2495 1139 2550 nolo
1189 2502 1440 2551 mortem
1467 2496 1813 2568 peccatoris,
1846 2495 1950 2550 sed

312 2582 500 2655 magis
516 2588 582 2637 ut
601 2589 976 2639 convertatur
997 2600 1030 2639 a
1053 2585 1143 2640 via
1165 2602 1271 2641 sua
1292 2591 1349 2640 et
1369 2587 1539 2640 vivat.
1573 2585 1952 2641 Convertimi-

315 2674 377 2728 ni
409 2689 444 2729 a
471 2673 566 2728 via
595 2679 788 2729 vestra
817 2675 1008 2743 mala;
1044 2680 1102 2730 et
1144 2693 1325 2746 quare
1373 2677 1708 2732 moriemini
1742 2676 1953 2731 domus

313 2762 536 2817 Israel?
554 2763 840 2833 iniquitas
862 2764 1048 2835 iniqui
1064 2782 1182 2820 non
1205 2766 1578 2821 nocebiteiin
1603 2781 1954 2838 quacunque

317 2851 411 2905 die
443 2867 759 2907 conversus
808 2852 987 2907 fuerit
1034 2854 1104 2908 ab
1149 2854 1463 2924 iniquitate
1505 2871 1630 2923 sua,
1666 2860 1723 2910 et
1753 2854 1958 2909 fecerit

310 2941 628 3013 justitiam,
670 2946 729 2996 et
770 2941 832 2996 in
875 2941 1156 2997 mandato
1204 2945 1334 2998 vitae
1383 2944 1790 3012 ambulaverit,
1841 2943 1958 2998 vita

318 3031 552 3097 vivet,et
578 3047 702 3085 non
731 3031 1253 3088 morietur.0mnia
1273 3038 1513 3104 peccata
1544 3051 1673 3103 quae
1697 3032 1955 3099 admisit,

318 3135 440 3173 non
453 3119 1415 3192 memorabuntur,quiajudicium
1431 3121 1782 3192 etjustitiam
1799 3120 1937 3174 fecit

324 3209 386 3264 in
404 3209 549 3280 ipsis
569 3209 721 3264 vivet
740 3211 927 3264 Ezech.
952 3211 1172 3282 xxxm).
1200 3213 1280 3265 Ac
1317 3228 1555 3266 rursum
1585 3227 1689 3281 per
1709 3210 1960 3264 alterum

319 3299 669 3370 prophetam
710 3299 1030 3354 exclamat:
1065 3300 1382 3364 Lavamini,
1416 3299 1621 3354 mundi
1654 3304 1961 3365 estote,au-

323 3389 472 3443 ferte
484 3387 708 3442 malum
722 3388 1141 3460 cogitationum
1155 3394 1481 3444 vestrarum
1499 3389 1572 3442 ob
1587 3389 1773 3443 oculis
1791 3387 1961 3454 meis,

325 3476 609 3547 quiescite
632 3492 801 3548 agere
822 3493 1114 3547 perverse,
1137 3478 1345 3533 discite
1367 3477 1803 3532 benefacere.Si
1833 3477 1961 3531 fue-

324 3569 447 3624 rint
465 3574 705 3639 peccata
726 3572 918 3623 vestra
941 3568 1092 3623 sicut
1113 3568 1725 3638 coccinum,tanquam
1749 3567 1846 3621 nix
1870 3565 1965 3620 de-

328 3658 722 3725 albabuntur;
757 3664 814 3712 et
843 3659 890 3711 si
939 3657 1164 3712 fuerint
1191 3658 1370 3713 rubra
1398 3658 1556 3712 velut
1591 3657 1962 3726 vermiculus,

322 3748 490 3802 sicut
510 3749 647 3803 lana
667 3747 801 3803 alba
823 3747 1262 3820 erunt(lsaiae1).
1283 3749 1427 3802 Cum
1448 3746 1725 3819 igiturhaa
1745 3745 1966 3817 pollici-

327 3837 583 3890 tationes
606 3837 678 3890 iis
702 3837 800 3905 qui
819 3836 891 3891 ad
912 3836 1220 3891 meliorem
1238 3836 1462 3907 frugem
1483 3853 1610 3891 sese
1633 3835 1963 3906 receperint

324 3940 358 3978 a
391 3925 504 3978 Deo
519 3925 834 3995 proposita:
860 3925 1005 3992 sint;
1031 3940 1105 3978 ne
1129 3925 1444 3990 cuncteris,
1473 3941 1505 3978 ο
1523 3925 1968 3991 homo,necmo-

323 4030 455 4068 ram
473 4013 661 4069 ullam
682 4012 985 4080 adhibeas;
1007 4030 1210 4068 verum
1225 4013 1297 4068 ad
1323 4013 1617 4068 Christum
1643 4012 1967 4084 benignum

328 4104 514 4157 Deum
545 4107 814 4158 nostrum
833 4101 1068 4173 accede,
1101 4107 1160 4157 et
1184 4101 1546 4169 illuminare,
1581 4107 1638 4157 et
1657 4101 1836 4157 facies
1868 4106 1968 4156 tua

331 4208 454 4246 non
477 4192 871 4247 confundetur
891 4193 1057 4264 (Psal.
1090 4196 1284 4262 χχχιι).
1319 4194 1459 4247 Nam
1494 4192 1670 4246 simul
1700 4197 1874 4262 atque
1907 4191 1967 4245 in

329 4279 510 4334 divini
542 4281 912 4352 baptismatis
938 4283 1225 4354 piscinam
1257 4282 1573 4337 immersus
1604 4281 1806 4350 fueris,
1849 4285 1970 4334 tota

331 4370 544 4424 Veteris
570 4369 830 4425 hominis
855 4373 1369 4443 spurcities,atque
1384 4373 1658 4426 universa
1680 4370 1968 4425 scelerum

331 4460 565 4514 sarcina
585 4459 646 4514 in
669 4476 821 4530 aqua
843 4460 1364 4532 sepelietur,atque
1386 4461 1446 4514 in
1469 4460 1724 4514 nihilum
1744 4458 1966 4513 dilabe-

1943 3163 2034 3229 το

2052 1858 2236 1918 ϐαλὼν
2272 1861 2430 1935 δόξης
2463 1868 2562 1940 (9),
2614 1869 2876 1940 μυστικῆν
2935 1875 3055 1932 ταῖς
3088 1868 3198 1925 ἅνω
3252 1868 3537 1944 δυνάμεσιν
3566 1868 3687 1924 ἐπι-

2049 1951 2200 2008 τελεῖ
2246 1954 2586 2032 εὐφροσύνην
2618 2001 2634 2029 ,
2689 1958 2788 2028 τήν
2840 1958 3168 2038 ἐπιστροφήν
3244 1960 3517 2035 ἑορτάζων
3588 1958 3689 2014 τοῦ

2055 2038 2416 2106 ἀπολωλότος
2445 2041 2724 2118 προϐάτου
2771 2049 2905 2121 (10).
2959 2049 3134 2114 Αὐτὸς
3163 2048 3265 2124 γάρ
3298 2045 3397 2127 ἔφη
3431 2050 3459 2104 ὁ
3490 2049 3688 2124 Κύριος

2054 2132 2230 2206 χαρὰν
2277 2131 2511 2206 γίνεσθαι
2543 2133 2593 2189 ἐν
2628 2135 2842 2212 οὐρανῷ
2891 2137 3147 2213 μεγίστην
3207 2137 3294 2193 ἐπὶ
3327 2138 3404 2193 ἑνὶ
3437 2138 3692 2214 ἀμαρτω-

2056 2220 2140 2292 λῷ
2174 2226 2517 2292 μετανοοῦντι
2546 2224 2678 2298 (12).
2703 2225 2800 2280 Καὶ
2827 2224 3013 2299 πάλιν,
3039 2227 3152 2284 Οὐκ
3171 2227 3362 2298 ἦλθον,
3394 2228 3524 2305 φησί
3557 2229 3698 2301 (12),

2055 2309 2280 2366 καλέσαι
2323 2309 2584 2382 δικαίους,
2646 2311 2791 2370 ἀλλὰ
2847 2315 3207 2392 ἀμαρτῶλοὺς
3261 2317 3336 2380 εἷς
3392 2317 3697 2390 μετάνοιαν.

2061 2399 2206 2471 Φησὶ
2275 2397 2331 2455 δὲ
2385 2401 2475 2456 καὶ
2543 2399 2630 2457 διὰ
2694 2408 2790 2458 τοῦ
2856 2407 3141 2482 προφήτου
3209 2407 3342 2478 (13)’
3411 2409 3494 2459 Ζῶ
3561 2403 3698 2479 ἐγὼ,

2061 2489 2204 2564 Λέγει
2273 2491 2524 2565 Κύριος*
2595 2491 2656 2546 οὐ
2747 2491 3023 2569 βούλομαι
3091 2497 3239 2552 ³01
3309 2493 3401 2549 τὸν
3470 2492 3696 2558 θάνατον

2058 2582 2154 2634 τοῦ
2212 2578 2546 2656 ἀμαρτωλοῦ
2601 2580 2693 2636 καὶ
2774 2577 3000 2645 ἀσεϐοῦς
3035 2627 3049 2654 ,
3136 2583 3209 2645 ὡς
3265 2582 3326 2638 τὸ
3387 2581 3699 2657 ἐπιστρέψαι

2063 2668 2169 2722 ἀπὸ
2226 2675 2327 2737 τῆς
2381 2666 2510 2723 ὁδοῦ
2569 2669 2737 2724 αὐτοῦ
2790 2671 2879 2724 καὶ
2940 2674 3034 2744 ζῇν
3094 2671 3252 2726 αὐτόν
3288 2687 3302 2702 ⁸
3378 2672 3699 2746 ἀποστροφῇ

2064 2756 2433 2834 ἀποστρέψατε
2483 2758 2589 2812 ἀπὸ
2627 2766 2727 2828 τῆς
2762 2757 2890 2814 ὁδοῦ
2951 2759 3102 2833 ὑμῶν
3160 2766 3260 2830 τῆς
3313 2765 3575 2836 πονηρᾶς·
3607 2759 3697 2813 καὶ

2065 2846 2205 2902 ἱνατί
2262 2848 2647 2919 ἀποθνήσκετε,
2708 2848 2858 2911 οἶκος
2913 2846 3172 2924 Ἰσραήλ;
3228 2847 3694 2922 ἀνομία(14)γάρ

2067 2935 2273 3008 ἀνόμου
2333 2935 2393 2990 οὐ
2455 2937 2531 3009 μή
2589 2938 2806 3012 κακώσῃ
2853 2936 3032 2992 αὐτόν·
3066 2937 3116 2993 έν
3213 2937 3271 2993 ἃν
3329 2938 3506 3012 ἡμέρᾳ
3555 2935 3688 2989 ἀπο-

2065 3026 2268 3100 στρέψη
2300 3026 2404 3080 ἀπὸ
2450 3033 2550 3095 τῆς
2606 3025 2828 3101 ἀνομίας
2882 3027 3044 3082 αὐτοῦ
3099 3028 3186 3082 καὶ
3245 3031 3454 3100 ποιήσῃ
3483 3026 3691 3082 δικαιο-

2068 3114 2232 3185 σύνην
2266 3162 2279 3185 ,
2337 3117 2424 3169 καὶ
2486 3114 2539 3170 ἐν
2595 3117 2975 3192 προστάγματι
3035 3121 3180 3187 ζωῆς
3231 3115 3650 3194 διαπορεῦσηται
3683 3160 3701 3188 ,

2072 3209 2184 3278 ζωῇ
2219 3207 2435 3275 ζήσεται
2467 3205 2555 3260 καὶ
2588 3205 2652 3260 αὖ
2705 3208 2782 3279 μή
2837 3207 3100 3282 ἀποθάνῃ·
3160 3211 3323 3262 πᾶσαι
3358 3207 3411 3262 αἱ
3444 3205 3702 3281 ἁμαρτίαι

2071 3294 2234 3348 αὐτοῦ
2265 3295 2325 3356 ἅς
2373 3294 2612 3370 ἥμαρτεν
2664 3294 2725 3349 οὐ
2789 3296 2863 3367 μή
2905 3299 3229 3368 μνησθῶσιν·
3290 3295 3372 3351 ὅτι
3419 3295 3592 3368 κρίμα
3623 3291 3708 3348 δι-

2070 3379 2361 3454 καιοσύνης
2417 3382 2666 3454 ἐποίησεν
2705 3430 2719 3454 ,
2773 3385 2825 3438 ἐν
2878 3380 3012 3458 αὖτῇ
3067 3387 3303 3456 ζήσεται.
3365 3384 3468 3440 Καὶ
3530 3383 3705 3453 αὖθις,

2071 3470 2382 3540 Λοόσασθε,
2435 3469 2503 3526 δι’
2556 3473 2738 3548 ἑτέρου
2802 3475 2902 3546 βοᾷ
2955 3475 3238 3551 προφήτου
3297 3477 3427 3547 (ίὸ),
3479 3472 3710 3541 καθαροί

2069 3560 2304 3637 γένεσθε,
2361 3559 2633 3636 ἀφέλεοε,
2693 3561 2786 3626 τάς
2857 3561 3124 3636 πονηρίας
3183 3563 3287 3617 ἀπὸ
3341 3565 3448 3616 τῶν
3507 3559 3706 3636 ψυχῶν

2074 3653 2224 3724 ὑμῶν
2280 3651 2530 3705 ἀπέναντι
2595 3655 2702 3705 τῶν
2763 3647 3056 3727 ὀφθαλμῶν
3120 3669 3244 3724 μου·
3302 3651 3572 3714 παύσασθε
3601 3650 3709 3706 ἀπὸ

2069 3745 2177 3794 τῶν
2209 3745 2482 3815 πονηριῶν
2525 3740 2697 3812 ὑμῶν’
2751 3739 2944 3812 μάθετε
2989 3739 3154 3796 καλὸν
3210 3744 3405 3796 ποιεῖν·
3437 3739 3528 3794 καὶ
3560 3737 3713 3795 δεῦτε

2072 3829 2163 3885 καὶ
2221 3827 2629 3905 διαλεχθῶμεν·
2690 3831 2776 3885 καὶ
2833 3829 2919 3884 ἐὰν
2953 3827 3082 3884 ὦσιν
3142 3830 3196 3884 αἱ
3255 3829 3516 3902 ἁμαρτίαι
3552 3830 3704 3903 ὑμῶν

2075 3921 2150 3982 ὡς
2199 3924 2472 3997 φονικοῦν,
2532 3919 2606 3982 ὡς
2667 3919 2827 3994 χιόνα
2879 3917 3145 3989 λευκανῶ,
3204 3918 3291 3972 ἐάν
3355 3915 3412 3973 δὲ
3460 3916 3588 3973 ὦσιν
3636 3918 3706 3980 ὡς

2073 4011 2342 4078 κόκκινον,
2378 4008 2505 4062 ὡσεὶ
2553 4006 2695 4083 ἔριον
2742 4007 3007 4065 λευκανῶ.
3057 4008 3302 4065 Τοιύτων
3355 4007 3447 4062 οὗν
3478 4029 3708 4082 προκει-

2081 4100 2250 4172 μένων
2284 4095 2624 4173 ἐπαγγελιῶν
2656 4097 2800 4161 παρά
2826 4101 2922 4152 τοῦ
2954 4101 3087 4151 Θεοῦ
3133 4101 3246 4159 τοῖς
3306 4095 3705 4176 ἐπιστρέφουσι,

2081 4190 2153 4263 μή
2191 4185 2382 4261 μελλε,
2413 4187 2458 4240 ὦ
2487 4184 2757 4263 ἄνθρωπε,
2793 4185 2932 4259 μηδὲ
2979 4181 3313 4240 ἀναϐάλλου·
3347 4184 3494 4240 ἀλλά
3539 4185 3709 4260 πρὸσο

2077 4277 2200 4333 ελοε
2257 4278 2391 4351 πρὸς
2451 4277 2705 4351 Χριστὸν,
2750 4278 2841 4331 τὸν
2897 4273 3283 4354 φιλάνθρωπον
3341 4275 3470 4330 Θεὸν
3522 4277 3707 4346 ἡμῶν,

2075 4367 2165 4422 γαὶ
2197 4366 2518 4445 φωτίσθητι,
2552 4365 2641 4420 καὶ
2670 4365 2733 4419 τὸ
2775 4364 3065 4441 πρόσωπόν
3127 4386 3225 4418 σου
3275 4363 3336 4418 οὗ
3393 4364 3466 4435 μή
3519 4384 3706 4418 καται-

2077 4459 2286 4531 σχυνθῇ
2321 4458 2454 4528 (16).
2485 4459 2633 4526 Ἅμα
2679 4452 2778 4530 γάρ
2835 4458 2914 4525 τῷ
2968 4450 3258 4508 καταδῦναί
3319 4473 3374 4507 σε
3399 4455 3462 4525 τῇ
3493 4449 3702 4522 κολυμ-

330 4553 464 4617 tur;
498 4553 678 4619 tuque
711 4551 1075 4605 novusilliuc
1089 4567 1153 4606 ac
1180 4554 1593 4618 recens,atque
1616 4547 1686 4601 ab
1710 4546 1952 4601 omnila.

2079 4541 2257 4618 ϐήθρᾳ
2282 4548 2378 4599 τοῦ
2437 4542 2580 4607 θείου
2643 4542 3031 4618 βαπτίσματος,
3064 4542 3194 4598 ὅλον
3253 4541 3315 4598 τὸ
3371 4544 3555 4616 αἶσχος
3605 4541 3702 4592 τοῦ

336 4637 408 4692 be
434 4656 620 4711 purus
643 4639 1261 4708 conscendes,nullam
1287 4637 1510 4709 peccati
1541 4637 1733 4690 labem
1753 4641 1854 4690 aut
1872 4653 1969 4690 ru-

334 4746 465 4802 gam
481 4735 676 4785 tecum
691 4729 998 4785 ferens.Ac
1014 4729 1293 4798 deinceps
1306 4729 1366 4781 in
1385 4732 1436 4780 te
1452 4727 1628 4780 situm
1646 4725 1756 4780 erit
1769 4732 1971 4798 utpur-

330 4818 751 4890 gationemper
779 4818 1003 4872 viscera
1031 4813 1453 4870 misericordia:
1484 4813 1584 4868 Dei
1612 4813 1799 4868 nostri
1832 4813 1973 4868 hinc

2079 4629 2320 4687 παλαιοῦ
2362 4632 2646 4708 ἀνθρώπου
2693 4631 2781 4686 καὶ
2839 4631 2968 4694 ὅλος
3019 4632 3046 4686 ὁ
3096 4632 3294 4708 φόρτος
3339 4628 3445 4684 τῶν
3481 4625 3706 4684 πολλῶν

2082 4719 2488 4794 ἁμαρτημάτων
2544 4717 2853 4774 ἔνθάπτεται
2889 4723 2968 4791 τῷ
3021 4717 3174 4774 ὕδατι
3234 4722 3346 4792 (17)
3399 4716 3490 4772 καὶ
3547 4717 3623 4777 εἷς
3651 4717 3714 4770 τὸ

2085 4811 2158 4884 μή
2192 4809 2252 4864 ’ὸν
2301 4815 2497 4884 χωρεῖ,
2550 4805 2670 4873 νέος
2718 4805 2774 4862 δὲ
2823 4807 2884 4862 σὺ
2935 4807 3133 4871 ἐκεῖθεν
3188 4809 3340 4866 302
3368 4809 3455 4863 καὶ
3516 4806 3716 4868 παντὸς

402 5014 479 5087 (9)
512 5019 805 5087 Respectu
845 5011 1113 5087 adverba
1144 5012 1310 5068 Luca)
1343 5013 1402 5068 in
1434 5011 1714 5087 parabola
1745 5010 1850 5066 filii
1879 5009 2128 5085 prodigi,
2160 5028 2286 5083 cap.
2325 5010 2408 5066 13.

431 5085 516 5156 10)
548 5085 837 5156 Respectu
869 5085 942 5142 ad
965 5086 1098 5140 Luc.
1131 5103 1221 5154 xv,
1255 5087 1307 5153 4,
1340 5103 1468 5156 sqq.
1503 5085 1666 5140 Conf.
1700 5103 1756 5156 p.
1791 5087 1875 5139 96.

433 5158 520 5226 11)
548 5158 719 5227 Apud
750 5160 883 5212 Luc.
916 5175 1004 5227 xv,
1048 5161 1099 5211 7.

404 5227 518 5298 (12)
549 5227 718 5297 Apud
748 5230 882 5282 Luc.
913 5232 1000 5283 32.

405 5301 518 5368 (13)
548 5299 752 5352 Ezech.
785 5315 978 5367 χχχιιι,
1014 5302 1098 5352 11.
1131 5299 1298 5354 Conf.
1329 5314 1486 5366 xvm,
1518 5298 1572 5369 3,
1596 5300 1686 5367 23,
1718 5299 1807 5365 30,
1841 5300 1927 5351 31.

406 5369 516 5440 (14)
544 5370 746 5424 Ezech.
779 5387 980 5438 χχχιιι,
1014 5373 1099 5441 12,
1125 5373 1210 5426 13.

409 5442 518 5513 (15)
549 5442 734 5513 Isa._I,
769 5443 852 5494 16.

408 5505 524 5586 (16)
555 5505 932 5586 ΡεειΙΑξξαΧιιι.
969 5515 998 5566 5
1035 5529 1048 5586 ς
1078 5510 1418 5586 Προσέλθατε
1446 5511 1584 5586 πρὸς
1635 5509 1810 5586 ,αὐτὸν
1858 5508 1946 5564 καὶ
2007 5505 2332 5586 φωτίσθητε,
2365 5508 2454 5565 καὶ
2483 5508 2551 5564 τὰ
2603 5507 2869 5586 πρόσωπα
2897 5507 3047 5582 ὑμῶν
3078 5505 3140 5562 οὐ
3195 5508 3273 5581 μή
3331 5510 3734 5582 καταισχυνθῇ.

337 5581 528 5642 Verbo
560 5581 857 5658 φωτίσθητι
890 5581 1220 5656 baptismus
1250 5581 1556 5642 innuitur:
1591 5584 1663 5640 cf.
1697 5602 1755 5656 p.
1789 5584 1877 5651 85,
1907 5600 1968 5654 p.
1997 5581 2050 5639 2.

410 5684 524 5758 (17)
554 5683 720 5742 Conf.
750 5701 809 5758 p.
842 5686 932 5755 89,
962 5699 1023 5741 n.
1058 5684 1146 5740 73.
