3994 6150
378 267 537 322 ,1173

1571 271 1747 327 VITA
1784 271 2132 326 BARLAAM
2169 272 2262 326 ΕΤ
2296 272 2637 326 ΙΟΔΒΔΡΗ.

3631 285 3640 312 .-
3663 264 3801 322 1114

398 386 574 464 ῥύπου
628 389 864 466 καθαρὸς
932 387 1134 465 ἆνέρχῃ
1167 433 1182 460 ,
1247 387 1453 463 μηδένα
1508 390 1700 447 σπίλον
1754 391 1790 461 ἢ
1853 388 2033 468 ῥυτίδα

2159 398 2523 449 contractam
2554 391 2774 449 tuearis
2804 395 2981 463 atque
3003 405 3334 448 conserves.

396 475 659 549 ἁμαρτίας
680 476 1094 553 ἐπιφερόμενος,
1125 478 1215 532 καὶ
1246 475 1441 532 λοιπὸν
1471 478 1559 532 ἐπὶ
1612 479 1696 534 σοί
1726 478 1837 534 ἐστι
1867 479 1930 534 τὸ
1961 477 2282 556 διαφυλάξαι
2329 481 2501 553 ἑαυτῷ
2547 482 2646 550 τὴν
2707 479 2905 544 ἐκεῖθέν
2934 501 3018 536 σοι
3075 477 3511 554 προσγινομένην
3542 475 3796 552 κάθαρσιν

401 562 492 620 διὰ
521 563 813 641 σπλάγχνα
841 565 1028 630 ελέους
1055 569 1188 622 Θεοῦ
1213 569 1373 638 ἡμῶν
1400 570 1531 640 (18).

464 655 529 710 Ὃ
565 655 660 727 μὶν
714 657 809 708 οὖν
858 653 1080 723 Θευδᾶς,
1128 654 1342 718 τούτοις
1389 658 1725 734 κατηχηθεὶς
1776 663 1892 721 τοῖς
1935 656 2038 733 ῥη-

400 764 582 816 μασιν,
617 740 806 816 ἔξεισιν
835 744 1052 814 εὐθέως,
1099 745 1186 799 καὶ
1235 747 1298 801 τὸ
1353 749 1594 823 πονηρὸν
1649 746 1822 802 έκεῖνο
1875 767 2040 802 κατα-

397 829 582 886 λαϐὼν
626 830 840 908 ἄντρον,
898 834 987 888 καὶ
1041 835 1138 896 τὰς
1191 834 1382 890 ἑαυτοῦ
1438 831 1622 891 λαϐὼν
1687 836 1915 911 μαγικᾶς
1956 835 2044 910 βί-

395 916 588 993 ϐλους,
621 921 695 984 ὡς
725 921 916 984 κακίας
943 921 1120 992 πάσης
1154 924 1424 1000 ἂπαρχᾶς,
1453 925 1527 988 ὡς
1559 926 1759 1001 ὀργίων
1793 924 2044 999 δαιμονι-

389 1015 502 1066 κῶν
537 1011 865 1087 θησαυροὺς,
897 1013 1028 1086 πυρὶ
1078 1014 1421 1072 κατέκαυσεν.
1470 1016 1652 1077 Αὐτὸς
1695 1013 1752 1070 δὲ
1797 1017 1858 1070 τὸ
1898 1017 2043 1086 σπή-

393 1099 548 1156 λαιον
594 1096 1002 1173 καταλαμϐάνει
1052 1107 1149 1156 τοῦ
1195 1103 1344 1177 ἱεροῦ
1397 1101 1588 1179 ἀνδρὸς
1636 1103 1860 1176 ἐκείνου,
1908 1104 2044 1179 πρὸς

392 1189 452 1244 ’ὸν
484 1188 574 1244 καί
618 1190 646 1244 ὁ
677 1189 881 1265 Ναχὼρ
935 1188 1269 1261 ἀπεληλύθει
1321 1195 1457 1267 (19),
1487 1194 1673 1248 καὶτὰ
1719 1195 1835 1249 κατ’
1885 1193 2042 1248 αὐτὸν

394 1275 661 1352 διηγεῖται
710 1278 904 1349 πάντα,
955 1279 1104 1335 κόνιν
1141 1281 1236 1354 μὲν
1294 1280 1377 1336 ἰπὶ
1412 1281 1654 1360 κεφαλῆς
1701 1280 2046 1357 καταχεάμε-

391 1387 505 1436 νος,
545 1367 728 1442 βαρεῖς
759 1388 820 1422 τε
868 1367 1148 1445 ἀναφέρων
1206 1369 1541 1444 στεναγμοὺς
1587 1372 1678 1426 καὶ
1718 1369 1896 1426 λούων
1927 1375 2044 1432 τοῖς

391 1453 644 1530 δάκρυσιν
679 1457 890 1526 ἑαυτὸν,
922 1459 1147 1528 καθεξῆς
1177 1456 1235 1513 δὲ
1294 1465 1372 1531 τῷ
1396 1458 1610 1533 γέροντι
1657 1460 1751 1522 τὰς
1805 1459 2044 1535 μυσαρὰς

390 1544 559 1598 αὐτοῦ
615 1542 980 1620 διηγούμενος
1047 1548 1286 1621 πράξεις.
1349 1549 1593 1611 Ἐκεῖνος
1643 1545 1743 1618 δὲ,
1807 1548 1930 1623 περὶ
1984 1549 2045 1603 τὸ

392 1638 562 1690 σῶσαι
594 1637 781 1710 ψυχὴν
833 1635 924 1690 καὶ
952 1642 1054 1706 τῆς
1083 1641 1181 1691 τοῦ
1233 1634 1424 1693 δολίου
1470 1636 1764 1711 δράκοντος
1815 1637 2046 1712 ἐξαρπά-

389 1745 478 1780 σαι
538 1726 813 1802 φάρυγγος
891 1725 1273 1802 εύτεχνότατος
1329 1726 1401 1783 ὢν
1436 1775 1452 1800 ,

393 1813 600 1888 ῥήμασι
657 1814 954 1890 σωτηρίοις
989 1857 1004 1884 ,
1080 1815 1336 1894 ἐγγυᾶται
1402 1819 1501 1889 τήν
1561 1815 1746 1895 ἔφεσιν
1782 1862 1797 1891 ,
1874 1817 2040 1874 ἳλεων

394 1902 740 1979 ὑπισχνεῖται
770 1905 862 1959 τὸν
916 1902 1196 1974 δικαστήν.
1245 1907 1380 1964 Εἶτα
1428 1910 1747 1983 κατηχήσας
1794 1906 1886 1962 καὶ
1934 1929 2036 1976 νη-

391 1990 595 2046 στεύειν
656 1989 743 2046 έπὶ
802 1991 1018 2056 πολλὰς
1077 1993 1455 2070 ἐντειλάμενος
1510 1995 1743 2071 ἡμέρας,
1795 2000 1875 2069 τῷ
1907 1997 2038 2069 θείῳ

382 2081 630 2158 καθαίρει
690 2084 1046 2158 βαπτίσματι.
1108 2087 1213 2141 Καὶ
1255 2087 1322 2156 ἦν
1357 2085 1699 2161 ὁόίνθρωπος
1759 2090 2033 2159 μετανοῶν

384 2172 628 2250 γνησίως
684 2172 858 2235 πάσας
918 2173 1082 2229 αὐτοῦ
1135 2175 1230 2238 τὰς
1283 2176 1511 2250 ἡμέρας.
1573 2175 1657 2250 ἐφ’
1700 2175 1786 2238 οἶς
1816 2177 2038 2248 ἐπλημ-

395 2262 624 2338 μέλησε,
652 2260 879 2340 δάκρυσί
905 2285 964 2320 τε
1011 2266 1101 2321 καὶ
1150 2272 1473 2341 στεναγμοῖς
1502 2269 1594 2323 τὸν
1623 2267 1755 2323 Θεὸν
1788 2265 2036 2339 ἐξιλιού-

393 2373 578 2426 μενος.

457 2443 624 2498 ΚΕΦ,
660 2447 780 2501 ΛΓ’.
812 2441 873 2499 Ὁ
925 2439 982 2497 δέ
1013 2463 1073 2518 γε
1122 2441 1400 2518 βασιλεὺς,
1447 2443 1655 2500 τούτων
1698 2443 1868 2508 οὕτως
1899 2447 2036 2501 ἀπο-

385 2524 593 2584 ϐάντων
628 2571 643 2597 ,
691 2529 953 2595 πάντοθεν
1000 2529 1390 2606 ἐξαπορηθιὶς,
1452 2530 1624 2603 δῆλος
1676 2534 1742 2604 ἦν
1791 2532 2034 2611 ἰσχυρῶς

383 2619 686 2691 ἀνιώμενος
716 2619 805 2674 καὶ
859 2616 1034 2674 πολὺν
1067 2621 1160 2675 τὸν
1213 2619 1379 2676 σάλον
1441 2620 1617 2698 φέρων
1674 2621 1728 2678 έν
1758 2627 1827 2698 τῇ
1854 2627 2031 2700 ψυχῇ.

387 2706 730 2781 Συγκαλέσας
793 2705 850 2762 δὲ
904 2709 1056 2773 αὖθις
1128 2709 1245 2764 ὅσοι
1305 2717 1404 2780 τῆς
1460 2710 1769 2788 συγκλήτου
1829 2712 2036 2788 βουλῆς

386 2793 701 2871 ἐτύγχανον,
733 2795 1020 2852 ἐσκέπτετο
1051 2800 1202 2856 808
1232 2801 1285 2854 τί
1319 2797 1513 2856 λοιπὸν
1562 2805 1643 2874 τῶ
1690 2800 1815 2874 ἰδίῳ
1863 2805 2028 2874 ποιή-

388 2903 522 2938 σειεν
550 2885 672 2956 υἱῷ.
701 2883 924 2950 Πολλὰς
971 2883 1028 2941 δὶ
1083 2886 1287 2962 βουλὰς
1333 2893 1438 2944 τῶν
1475 2887 1703 2944 πολλων
1755 2891 2032 2965 ὑποθεμέ-

382 2992 512 3042 νων,
555 2973 582 3027 ὁ
615 2972 869 3049 ἀνωτέρω
930 2977 1321 3048 μνημονευθεὶς
1369 2978 1614 3052 Ἀραχής
1645 2977 1848 3042 ἐκεῖνος
1897 2983 2030 3055 (20),

2220 661 2447 716 'l‘eudas
2496 661 2673 734 igitur
2719 661 2812 717 his
2856 660 3048 717 verbis
3094 659 3424 726 institutus,
3470 658 3671 714 statim
3722 673 3792 713 ex

2149 752 2285 806 aula
2308 750 2555 823 excedit,
2581 757 2754 822 atque
2778 751 2850 807 ad
2875 751 3223 808 sceleratam
3243 750 3590 822 speluncam
3625 764 3792 803 suam

2151 841 2470 912 profectus,
2493 841 2749 913 magicos
2763 840 2946 896 libros
2963 857 3100 895 suos
3120 845 3401 910 tanquam
3419 838 3660 894 sceleris
3677 853 3798 892 om-

2153 931 2246 986 nis
2268 931 2582 1002 primitias,
2598 948 2663 986 ac
2677 931 3104 986 diabolicorum
3118 946 3470 986 arcanorum
3483 929 3794 984 thesauros

2155 1022 2399 1076 exussit.
2439 1023 2568 1093 Ipse
2601 1028 2794 1077 autem
2829 1021 2904 1076 ad
2935 1021 3292 1076 sacrosancti
3341 1019 3502 1075 illius
3540 1019 3673 1086 viri,
3721 1017 3796 1073 ad

2154 1126 2331 1181 quem
2347 1111 2522 1165 etiam
2543 1111 3385 1182 Nachorperrexerat,autrum
3403 1125 3530 1164 sese
3548 1107 3796 1176 confert,

2153 1216 2473 1271 rerumque
2500 1217 2741 1256 suarum
2755 1200 3022 1255 omnium
3046 1203 3266 1254 statum
3285 1197 3397 1270 ipsi
3416 1197 3677 1269 exponit,
3703 1212 3797 1251 ca-

2154 1290 2262 1363 piti
2285 1306 2389 1344 suo
2412 1295 2632 1346 terram
2654 1304 3317 1362 aspergens,gravesque
3339 1287 3594 1360 gemitus
3614 1284 3796 1340 edens

2155 1397 2223 1435 ac
2245 1380 2797 1451 seipsumlacrymis
2815 1375 3551 1450 perfundens,nefariaque
3573 1391 3679 1430 sua
3691 1373 3794 1430 ﬂa-

2155 1471 2297 1543 gitia
2319 1469 2447 1524 seni
2471 1469 2677 1524 ordine
2700 1485 3194 1524 commemorans.
3227 1467 3334 1521 Ille
3365 1471 3584 1532 autem,
3603 1469 3668 1520 ut
3691 1464 3792 1535 qui

2157 1559 2364 1614 salutis
2382 1559 2595 1613 anima:
2615 1558 3134 1628 aﬂ‘erendae,atque
3148 1573 3217 1612 ex
3231 1555 3563 1626 versipellis
3583 1554 3794 1609 draco-

2155 1644 2250 1699 nis
2269 1643 2538 1699 faucibus
2561 1643 2879 1714 eripiendaa
2895 1643 3292 1714 peritissimus
3314 1645 3490 1710 esset,
3515 1639 3792 1696 salutari-

1526 1727 1813 1800 κατεπᾴδει
1873 1728 2032 1784 αὐτὸν

2146 1735 2253 1790 bus
2273 1735 2466 1789 verbis
2487 1751 2621 1790 eum
2643 1733 2960 1801 demulcet,
2986 1750 3050 1788 ac
3071 1732 3234 1788 velut
3259 1729 3790 1796 excantat,veniam

2154 1824 2427 1896 spondet,
2450 1840 2517 1878 ac
2543 1823 2863 1895 propitium
2887 1826 2945 1878 et
2968 1821 3202 1878 facilem
3234 1821 3346 1892 ipsi
3362 1820 3629 1893 judicem
3664 1819 3791 1875 fore

2147 1913 2483 1986 pollicetur.
2507 1915 2588 1968 Ac
2616 1917 2822 1984 postea
2839 1929 2975 1967 cum
2998 1928 3132 1967 eum
3155 1910 3503 1966 Christianae
3529 1909 3666 1964 fidei
3687 1923 3792 1963 ru-

2149 2002 2428 2058 dimentis
2451 2001 2780 2069 imbuisset,
2797 2001 3239 2071 multorumque
3255 2000 3484 2056 dierum
3489 1999 3512 2072 j
3523 1997 3792 2070 ejunium

2148 2092 2262 2162 ipsi
2298 2091 2629 2157 indixisset,
2666 2106 2801 2145 eum
2829 2090 3027 2144 divino
3063 2089 3359 2161 baptismo
3399 2086 3685 2143 lustravit.
3710 2087 3792 2140 Ac

2145 2181 2427 2252 deinceps
2439 2197 2544 2251 per
2561 2196 2798 2234 omnem
2816 2179 2945 2232 vitae
2967 2195 3206 2234 cursum
3224 2177 3326 2232 ille
3340 2177 3570 2232 sincero
3591 2175 3791 2230 animo

2148 2270 2220 2326 de
2250 2270 2527 2326 admissis
2582 2269 2907 2325 sceleribus
2957 2267 3369 2340 paenitentiam
3415 2265 3552 2338 egit,
3597 2265 3792 2336 lacry-

2146 2361 2378 2432 misque
2411 2377 2478 2416 ac
2504 2358 2818 2431 gemitibus
2849 2359 3033 2413 Deum
3059 2357 3295 2429 placare
3327 2356 3572 2411 studuit.

2217 2451 2348 2504 CAP.
2380 2449 2617 2502 XXXIII.
2642 2477 2709 2488 --
2732 2449 2869 2512 Quas
2893 2464 3028 2502 cum
3043 2446 3117 2502 ad
3133 2447 3293 2501 hunc
3309 2444 3551 2501 modum
3564 2443 3790 2500 evenis-

2147 2543 2298 2607 sent,
2317 2554 2421 2592 rex
2442 2536 2675 2591 consilii
2700 2535 2903 2607 inopia
2922 2535 3186 2606 undique
3209 2534 3616 2602 destitutus,in
3629 2534 3786 2606 gravi

2145 2627 2320 2699 plane
2343 2641 2593 2682 maerore
2614 2625 2976 2695 versabatur,
2991 2625 3311 2695 animoque
3324 2639 3684 2696 mognopere
3697 2623 3787 2694 ja-

2145 2717 2431 2773 ctabatur.
2458 2716 2669 2770 Coacto
2692 2719 2889 2770 autem
2911 2730 3148 2768 rursum
3167 2711 3692 2783 senatu,quiqnam
3711 2711 3785 2765 de

2144 2805 2266 2860 filio
2281 2821 2386 2860 suo
2408 2804 2626 2859 faceret
2639 2802 3158 2874 dispiciebat.Cum
3173 2807 3368 2857 autem
3382 2799 3553 2856 multi
3567 2799 3787 2855 multas

2145 2894 2471 2950 sententias
2489 2893 2550 2948 in
2572 2892 2835 2948 medium
2862 2891 3272 2964 protulissent,
3300 2889 3523 2945 Arches
3551 2888 3675 2957 ille,
3707 2888 3779 2944 de

2145 3001 2261 3056 quo
2281 2983 2551 3055 superius
2572 2982 2939 3038 mentionem
2958 2981 3340 3052 fecimus,qui
3354 2984 3411 3034 et
3428 2979 3646 3035 ducum
3665 2995 3787 3035 om-

382 3060 797 3139 ἐπιφανέστερος
853 3064 952 3131 τὴν
1012 3064 1311 3139 ἡγεμονίαν
1363 3066 1454 3121 καὶ
1507 3087 1724 3141 πρωτος
1767 3076 1870 3139 τῆς
1901 3070 2028 3145 βου-

2146 3074 2307 3128 nium
2321 3071 2686 3128 clarissimus
2700 3075 2844 3142 erat,
2861 3070 3262 3142 etprincipem
3279 3069 3340 3124 in
3364 3073 3573 3124 senatu
3585 3068 3785 3124 locum

383 3155 485 3219 λῆς
543 3149 848 3226 ὑπάρχων,
896 3146 998 3226 ἔφη
1050 3157 1130 3224 τῷ
1186 3153 1420 3228 βασιλεῖ.
1475 3155 1537 3213 Τί
1589 3151 1719 3226 ἔδει,
1776 3157 2021 3234 βασιλεῦ,

378 3244 606 3306 ποιῆσαι
638 3243 716 3310 τῷ
755 3239 859 3311 υἱῷ
915 3261 1014 3294 σου
1043 3241 1133 3295 καὶ
1167 3241 1229 3296 ού
1260 3243 1660 3319 πεποιήκαμεν,
1703 3249 1800 3301 τοῦ
1841 3254 2024 3304 πεῖσαι

383 3326 544 3380 αὐτὸν
572 3331 692 3388 τοῖς
730 3328 1023 3404 ἡμετέροις
1076 3328 1292 3394 ἕπεσθαι
1322 3329 1552 3408 δόγμασι
1597 3335 1687 3389 καὶ
1730 3341 1848 3399 τοῖς
1881 3343 2024 3401 θεοῖς

383 3417 546 3487 ἡμῶν
589 3413 908 3491 λατρεύειν;
959 3416 1138 3488 ’Δλλ’,
1172 3420 1247 3482 ὡς
1299 3419 1431 3494 ὁρῶ,
1481 3422 1763 3494 ἀνηνύτοις
1813 3425 2023 3502 ἐπιχει-

384 3507 608 3577 ροῦμεψ
669 3505 730 3559 ἐκ
780 3505 990 3582 φύσεως
1040 3507 1143 3582 γὰρ
1202 3507 1370 3581 αὐτῷ,
1422 3512 1458 3581 ἢ
1491 3518 1590 3581 τῆς
1645 3512 1822 3589 τύχης
1868 3515 2022 3586 ἴσως,

378 3592 442 3646 τὸ
475 3589 786 3669 φιλόνεικόν
818 3614 877 3649 τε
895 3596 982 3648 καὶ
1018 3595 1357 3668 ἀμείλικτον.
1409 3599 1470 3656 Ei
1500 3601 1594 3672 μὲν
1629 3599 1720 3656 οὗν
1770 3602 2023 3678 βασάνοις

383 3680 542 3735 αὐτὸν
571 3679 816 3736 έκδοῦναι
875 3682 1159 3754 θελήσειας
1203 3685 1293 3740 καὶ
1337 3689 1653 3765 τιμωρίαις,
1706 3690 1768 3745 σύ
1809 3714 1868 3748 τε
1917 3715 2027 3749 πο·

383 3769 580 3843 λέμιος
612 3769 705 3846 ἔσῃ
731 3776 832 3838 τῆς
891 3772 1100 3848 φύσεως
1146 3775 1237 3830 καὶ
1289 3777 1350 3831 ού
1409 3780 1588 3854 πατὴρ
1619 3774 1695 3836 ἔτι
1749 3781 2026 3858 κληθήσῃ,

381 3860 626 3914 κάκεῖνον
685 3863 1014 3936 ζημιωθήσῃ
1075 3863 1310 3937 ἑτοίμως
1368 3863 1567 3941 ἔχοντα
1607 3868 1739 3946 ὑπὲρ
1789 3877 2026 3946 Χριστοῦ

387 3947 696 4006 ἀποθανεῖν.
731 3949 983 4004 Λείπεται
1039 3955 1170 4025 γοῦν
1225 3957 1385 4008 τοῦτο
1440 3955 1604 4028 μόνον
1659 3965 1908 4028 ποιῆσαιο
1943 3959 2027 4016 δι-

389 4034 534 4092 ελεῖν
566 4035 712 4109 αύτῷ
735 4037 833 4106 τήν
871 4036 1172 4112 βασιλείαν,
1203 4041 1293 4094 καὶ
1341 4041 1418 4104 εἷς
1460 4048 1521 4099 τὸ
1550 4042 1848 4102 ἐπιϐάλλον
1881 4047 2028 4122 αύτῷ

395 4124 558 4199 μέρος
613 4125 916 4200 βασιλεύειν
973 4125 1302 4202 ἐπιτρέψαι.
1376 4132 1522 4202 Καὶ,
1581 4133 1630 4188 εἷ
1680 4136 1774 4208 μὲν
1829 4139 1863 4206 ἡ
1921 4143 2028 4193 τῶν

387 4214 722 4290 πραγμάτων
765 4213 922 4291 φύσις
979 4216 1070 4270 καὶ
1099 4219 1134 4286 ἡ
1171 4219 1407 4293 μέριμνα
1460 4225 1567 4276 τῶν
1633 4224 1904 4298 βιωτικῶν
1936 4227 2030 4282 έλ-

384 4301 617 4357 κύσωσιν
678 4303 842 4357 αὐτὸν
901 4302 993 4358 τὸν
1044 4303 1308 4380 ἡμέτερον
1357 4307 1688 4366 ἀσπάσασθαι
1741 4313 1940 4371 σκοπόν
1971 4337 2029 4370 τε

2133 3161 2458 3228 obtinebat,
2483 3161 2576 3216 his
2599 3161 2672 3216 ad
2694 3177 2891 3233 regem
2914 3159 3106 3215 verbis
3128 3175 3273 3214 usus
3305 3164 3428 3214 est:
3459 3157 3776 3228 Quidnam,

2133 3267 2166 3306 ο
2195 3267 2321 3317 rex,
2347 3249 2468 3304 filio
2491 3253 2590 3304 tuo
2613 3249 2806 3304 facere
2834 3249 3096 3320 oportuit
3116 3247 3276 3319 quod
3297 3264 3416 3303 non
3433 3247 3774 3314 fecerimus,

2131 3345 2198 3395 ut
2217 3339 2290 3394 ad
2313 3339 2617 3411 sequenda
2635 3344 2840 3394 nostra
2855 3337 3414 3411 dogmata,deosque
3429 3342 3665 3393 nostros
3686 3354 3779 3393 co-

2130 3429 2340 3486 lendos
2363 3446 2497 3484 eum
2514 3428 2934 3484 induceremus
2952 3428 2980 3483 ?
3001 3429 3236 3493 Verum,
3259 3431 3324 3481 ut
3342 3426 3530 3495 video,
3549 3425 3772 3498 impos-

2134 3519 2331 3575 sibilia
2343 3517 2742 3592 aggredimur:
2762 3517 3056 3589 siquidem
3071 3534 3106 3573 a
3120 3516 3775 3588 naturaipsi,autetiam

2130 3610 2382 3665 fortasse
2420 3627 2454 3665 a
2486 3610 2745 3678 fortuna,
2764 3609 3091 3681 pervicacia
3111 3613 3171 3663 et
3189 3607 3376 3663 animi
3399 3607 3650 3664 durities
3681 3608 3774 3663 in-

2133 3699 2246 3754 sita
2271 3703 2378 3754 est.
2411 3700 2614 3769 Itaque
2647 3697 2696 3752 si
2740 3698 2935 3768 ipsum
2981 3697 3290 3768 suppliciis
3311 3713 3380 3752 ac
3416 3697 3775 3753 cruciatibus

2135 3787 2369 3843 afﬁcere
2427 3787 2490 3842 in
2539 3787 2802 3842 animum
2863 3785 3186 3853 induxeris,
3219 3790 3346 3840 tum
3377 3785 3503 3856 ipse
3547 3790 3776 3840 naturai

2135 3876 2366 3930 hostem
2414 3881 2470 3930 te
2526 3875 2838 3947 praebebis,
2879 3874 3185 3947 patrisque
3233 3891 3453 3930 nomen
3501 3873 3776 3941 amittes,

2137 3970 2259 4018 tum
2283 3965 2470 4036 ipsius
2489 3965 2784 4036 jacturam
2806 3964 3007 4031 facies,
3029 3969 3097 4018 ut
3118 3963 3219 4035 qui
3246 3981 3351 4034 pro
3373 3964 3606 4018 Christo
3624 3980 3780 4017 mor-

2136 4059 2255 4109 tem
2280 4060 2556 4126 appetere
2598 4058 2838 4126 paratus
2875 4054 2970 4109 sit.
3004 4053 3319 4124 Reliquum
3372 4059 3462 4108 est
3506 4053 3684 4124 igitur
3713 4057 3779 4106 ut

2136 4143 2289 4198 hanc
2326 4144 2617 4198 rationem
2663 4142 2850 4210 ineas,
2891 4158 3104 4212 nempe
3135 4147 3200 4197 ut
3241 4158 3490 4214 regnum
3544 4158 3680 4197 cum
3706 4159 3774 4197 eo

2135 4231 2430 4302 partiaris,
2458 4232 2629 4302 eique
2669 4232 2730 4284 in
2755 4248 2824 4286 ea
2850 4236 3014 4302 parte
3041 4248 3170 4302 quas
3201 4231 3273 4287 ad
3305 4248 3440 4286 eum
3468 4233 3779 4289 attinuerit

2137 4320 2282 4392 regii
2341 4320 2608 4374 muneris
2659 4319 3233 4375 administrationem
3279 4322 3634 4380 committas.
3693 4325 3776 4378 Ac

381 4392 470 4446 καὶ
505 4391 650 4466 βίον,
710 4387 856 4446 ἔσται
915 4394 1052 4466 ἡμῖν
1111 4395 1247 4450 κατὰ
1300 4399 1501 4453 σκοπὸν
1558 4401 1619 4454 τὸ
1667 4406 1910 4478 πρᾶίγμα⁸
1959 4407 2026 4461 τὰ

429 4480 442 4495 \
537 4479 551 4497 ε
713 4483 742 4494 ~
820 4479 848 4497 Λ
885 4475 914 4497 ρ
1031 4482 1078 4497 ΔΙ
1250 4487 1277 4497 ο
1324 4487 1334 4497 ι
1435 4490 1461 4497 ρ.
1499 4482 1546 4497 ιι..
1646 4487 1668 4497 ιι
1773 4491 1784 4497 Α
1817 4491 1849 4497 ,μ

2146 4409 2186 4464 si
2217 4408 2458 4479 quidem
2487 4409 2858 4481 negotiorum
2888 4415 3118 4480 natura,
3158 4426 3476 4482 rerumque
3523 4412 3777 4468 munda-

383 4480 486 4555 γὰρ
537 4479 785 4554 ἱσχυρῶς
820 4475 1184 4554 βεϐαιωθέντα
1211 4487 1279 4558 τῇ
1311 4487 1464 4560 ψυχῇ
1496 4482 1590 4558 ἔθη
1642 4475 2028 4562 δυσεξϋάλειπτά

386 4566 493 4656 είσι
530 4567 621 4622 καὶ
667 4568 851 4656 πειθοῖ
903 4566 1116 4642 μᾶλλον
1147 4570 1182 4640 ἢ
1215 4573 1307 4647 βίᾳ
1353 4571 1752 4646 μεταϐάλλεται
1801 4584 1932 4656 (21).
1965 4583 2030 4639 Εἰ

385 4652 445 4745 δέ
494 4659 568 4745 τῇ
625 4654 888 4732 θρησκείᾳ
943 4665 1242 4735 παραμενεῖ
1477 4669 1587 4720 τῶν
1643 4652 1977 4745 Χριστιανῶν
2013 4716 2028 4744 ,

383 4743 515 4799 αὐτὸ
545 4742 614 4813 δὴ
641 4747 826 4813 τοῦτο,
865 4746 929 4800 τὸ
984 4748 1060 4819 μή
1123 4751 1465 4822 ζημιωθῆναί
1493 4774 1549 4808 σε
1594 4742 1704 4829 (23)
1747 4758 1840 4812 τὸν
1889 4742 2030 4830 υἱὸν,

381 4831 529 4890 ἔσται
589 4855 673 4889 σοι
729 4841 832 4904 τῆς
893 4835 1127 4910 ἄθυμίας
1179 4844 1366 4902 ποσῶς
1422 4845 1790 4919 παραμύθιον.
1849 4853 2032 4906 Ταῦτα

382 4923 484 4976 τοῦ
513 4923 728 4999 Ἀραχῆ
764 4922 1034 4995 εἰπόντος,
1090 4927 1284 4990 πάντες
1343 4931 1774 5008 συνεμαρτύρουν
1829 4937 2033 4993 ἀποδε-

382 5009 617 5102 χόμενοι
653 5013 753 5080 τήν
811 5013 1062 5102 γνιίιμην.
1127 5016 1439 5073 Συντίθεται
1487 5020 1668 5076 τοίνυν
1699 5021 1788 5078 καὶ
1820 5025 1847 5079 ὁ
1878 5025 2030 5102 βασι-

386 5099 514 5162 λεὺς
547 5100 688 5155 οὕτω
716 5104 879 5156 τνῦτα
909 5098 1236 5170 διατεθῆναι.

460 5227 570 5297 (18)
596 5230 734 5282 Luc.
768 5229 810 5290 i,
842 5229 930 5284 ³78.

485 5300 570 5371 l9)
600 5298 764 5371 Qonf.
793 5315 922 5371 pag.
954 5301 1079 5356 259.

479 5370 569 5458 292
601 5368 767 5458 ξοητο
795 5368 933 5458 εις
951 5375 1090 5458 λιβρι

601 5440 661 5516 φ,
701 5434 1180 5516 μεταϐάλλόμενα.

477 5511 564 5584 ἓξ)
593 5511 664 5584 ἐν
693 5511 1008 5584 παρειμένα.

455 5579 569 5654 (23)
598 5579 819 5638 Forsan
842 5579 950 5642 σοι.

2139 4515 2352 4554 narum
2384 4515 2524 4554 cura
2555 4515 2688 4554 eum
2719 4499 2794 4554 ad
2838 4499 3176 4555 institutum
3207 4505 3480 4556 nostrum
3525 4502 3777 4574 vitaeque

2138 4603 2324 4660 genus
2354 4586 2832 4658 amplectendum
2865 4589 3277 4660 pertraxerint,
3329 4607 3425 4646 res
3481 4589 3655 4645 nobis
3709 4607 3779 4644 ex

2141 4677 2436 4732 sententia
2466 4676 2761 4732 succedet.
2794 4678 2981 4732 Mores
3013 4677 3232 4732 etenim
3281 4677 3343 4732 in
3373 4679 3572 4733 animo
3601 4678 3780 4732 vehe-

2138 4770 2372 4820 menter
2398 4765 2759 4821 corroborati
2791 4782 2943 4838 mgre
2966 4766 3218 4839 expungi
3251 4772 3426 4837 atque
3445 4766 3779 4822 oblitterari

2139 4858 2407 4926 possunt,
2447 4853 2878 4925 verborumque
2933 4856 3131 4927 potius
3177 4854 3482 4910 blanditiis
3514 4871 3693 4926 quam
3722 4857 3775 4909 vi

2141 4947 2596 4998 commutantur.
2615 4943 2714 4997 Sin
2737 4949 2933 4998 autem
2964 4943 3025 4997 in
3046 4943 3514 4998 Christianorum
3535 4943 3776 5016 regione

2141 5031 2484 5103 perstiterit,
2515 5030 2663 5086 illud
2684 5031 2878 5104 ipsum
2900 5036 3078 5103 certe,
3103 5033 3260 5103 quod
3291 5032 3414 5090 ﬁlio
3443 5050 3564 5089 non
3583 5034 3663 5090 sis
3689 5051 3782 5092 or-
