3994 6150
270 231 416 293 1175

1794 237 2162 294 ΔΒΒΒΝΟΔ.

3532 250 3677 307 1176

269 358 445 416 batus
476 375 791 417 maerorem
822 364 988 417 tuum
1017 361 1219 434 aliqua
1246 379 1317 417 ex
1338 367 1503 434 parte
1534 360 1845 433 mitigabit.
1875 360 2037 415 Hanc
2064 361 2395 418 orationem
2423 379 2558 419 cum
2592 364 2848 420 Araches
2887 365 3217 437 habuisset,
3246 385 3456 428 omnes
3485 373 3674 445 ipsius

271 448 633 505 sententiam
653 450 1137 522 comprobarunt,
1167 467 1235 507 ac
1264 452 1511 523 proinde
1542 467 1645 506 rex
1676 466 1736 506 se
1759 451 1841 505 ita
1869 453 2139 505 acturum
2169 452 2445 507 assensit.

341 539 547 609 Itaque
560 539 843 610 postridie
857 556 991 595 cum
1007 540 1318 607 illuxisset,
1334 541 1525 596 ﬁlium
1543 540 1915 605 accivit,eum

2098 538 2195 592 Καὶ
2227 536 2293 608 δὴ
2352 539 2864 615 προσκαλεσάμενος
2894 539 3080 615 ἕωθεν,
3112 541 3215 619 ἔφη
3246 551 3327 620 τῷ
3356 548 3481 621 uitia‘
3514 553 3671 610 304

275 628 602 698 queitaest
619 628 941 684 allocutus:
979 630 1084 684 Hic
1128 630 1297 698 mihi,
1329 648 1362 685 o
1385 636 1543 698 nate,
1584 635 1920 701 postremus

274 716 349 772 ad
371 722 428 771 te
454 734 647 772 sermo
670 722 779 785 est,
802 718 895 773 cui
914 718 1030 773 nisi
1058 719 1501 791 quamprimum
1524 718 1812 790 parueris,
1842 720 1924 772 at-

275 822 389 877 que
409 806 473 860 in
495 807 605 862 hac
627 806 837 862 saltem
859 824 921 862 re
939 808 1195 879 pectoris
1218 810 1335 864 mei
1358 808 1623 863 dolorem
1646 807 1921 862 leuiveris

274 914 396 954 non
413 897 744 966 ultra,mihi
765 899 1347 972 crede,indulgenter
1362 905 1553 955 tecum
1568 915 1759 971 agam.
1784 900 1921 952 Per-

272 991 552 1043 contante
580 992 781 1042 autem
801 987 905 1042 illo
951 987 1094 1058 quid
1118 988 1229 1043 sibi
1253 989 1363 1045 hoc
1388 1004 1664 1044 sermone
1706 987 1918 1042 vellet:

271 1078 558 1144 Quonam,
577 1075 774 1147 inquit
790 1075 914 1144 ille,
932 1077 1139 1133 multis
1161 1079 1451 1149 susceptis
1476 1076 1780 1133 laboribus
1798 1093 1924 1148 per-

270 1165 526 1222 fractum
556 1170 616 1221 et
643 1171 1055 1223 contumacem
1081 1173 1134 1222 te
1153 1167 1227 1223 ad
1257 1184 1465 1223 omnes
1494 1167 1709 1239 reperi,
1733 1170 1799 1220 ut
1821 1165 1922 1236 qui

272 1254 461 1311 nullis
476 1270 742 1325 unquam
766 1256 1140 1311 sermonibus
1162 1257 1311 1313 meis
1334 1255 1666 1329 parendum
1681 1255 1785 1310 tibi
1810 1254 1921 1309 du-

274 1345 454 1411 xeris,
478 1360 603 1416 age,
629 1344 814 1400 diviso
837 1345 1086 1416 imperio
1109 1362 1241 1401 meo
1288 1346 1348 1401 id
1369 1346 1605 1411 faciam,
1638 1351 1703 1400 ut
1733 1350 1795 1400 tu
1827 1361 1921 1399 se-

280 1432 740 1505 paratimdegas,
758 1449 825 1489 ac
846 1450 1096 1506 regnum
1119 1450 1308 1507 geras.
1336 1437 1424 1489 Ita
1440 1435 1568 1506 jam
1596 1434 1721 1501 tibi,
1742 1448 1921 1504 quam

277 1522 466 1593 cupis,
485 1522 639 1577 viam
684 1520 912 1594 ingredi
958 1528 1082 1579 tuto
1106 1524 1328 1579 licebit.
1353 1524 1558 1579 Divina
1584 1530 1783 1578 autem
1820 1521 1924 1577 illa

278 1612 498 1682 anima,
523 1628 868 1682 quanquam
901 1612 1125 1684 alioqui
1158 1630 1358 1685 regem
1380 1613 1490 1668 hoc
1522 1612 1633 1667 sibi
1666 1610 1924 1667 labefac-

280 1700 442 1756 tandi
466 1700 556 1755 sui
579 1700 839 1755 instituti
859 1717 1038 1758 causa
1066 1718 1397 1773 preponere
1430 1707 1797 1772 compertum
1816 1700 1923 1755 ha-

275 1790 464 1855 beret,
513 1789 1047 1861 obtemperandum
1101 1796 1300 1846 tamen
1333 1791 1521 1861 duxit,
1555 1791 1666 1845 hoc
1697 1790 1926 1845 scilicet

2026 630 2196 692 Οὗτός
2230 653 2323 703 μοι
2352 631 2664 695 τελευταῖος
2723 630 2832 704 ἤδη
2866 636 3001 710 πρὸς
3030 636 3087 691 σὲ
3118 635 3311 712 λόγος,
3361 640 3464 694 υἱέ·
3499 639 3664 717 οὗπερ

2027 717 2073 771 εἰ
2124 721 2199 791 μὴ
2250 718 2405 783 εὐθὺς
2454 722 2722 791 κατήκοος
2767 723 2898 797 γένῃ
2948 724 3039 778 καὶ
3095 726 3190 780 κᾶν
3241 725 3524 801 ἐντούτῳ
3570 730 3670 797 τὴν

2024 805 2164 879 ἐμὴν
2224 808 2559 883 θεραπεύσῃς
2615 807 2836 885 καρδίαν
2872 856 2888 879 ,
2949 812 3048 868 οὐκ
3103 811 3180 869 ἔτι
3241 836 3362 883 σου,
3421 814 3477 871 εὖ
3538 814 3668 887 ἴσθι,

2027 894 2303 982 φείσομαι.
2357 899 2466 955 Τοῦ
2517 895 2575 952 δὶ
2627 899 2748 953 υἱοῦ
2794 902 3107 974 πυθομένου
3136 902 3220 966 τίς
3268 907 3305 974 ἡ
3353 909 3450 960 τοῦ
3499 903 3671 982 λόγου

2027 981 2278 1058 δύναμις,
2340 986 2617 1063 Ἐπείπερ,
2648 988 2804 1065 φησὶ,
2835 988 3024 1046 πολλὰ
3080 994 3348 1067 μογήσας,
3381 981 3666 1050 άνένδοτόν

2026 1094 2083 1129 σε
2108 1075 2244 1150 πρὸς
2273 1075 2447 1130 πάντα
2493 1076 2657 1151 αὗρον
2686 1081 2784 1133 τοῦ
2832 1079 3121 1150 πεισθῆναί
3153 1103 3261 1154 μου
3286 1087 3405 1144 τοῖς
3457 1082 3673 1158 λόγοις,

2027 1159 2185 1234 δεῦρο
2213 1158 2279 1231 δὴ
2313 1160 2529 1233 λοιπὸν,
2588 1165 2686 1234 τήν
2745 1165 3022 1240 βασιλείαν
3082 1165 3305 1241 διελὼν,
3363 1170 3461 1226 ἀνά
3512 1171 3675 1246 μέρος

2026 1250 2159 1305 εἶναί
2206 1272 2265 1306 σε
2292 1251 2382 1307 καὶ
2419 1250 2725 1328 βασιλεύειν
2763 1257 3006 1326 ποιήσω’
3036 1256 3127 1312 καὶ
3180 1256 3327 1314 ἔσται
3360 1280 3445 1315 σοι
3477 1257 3673 1316 λοιπὸν

2026 1337 2108 1393 ἐπ’
2140 1338 2321 1402 ἁδείας
2352 1340 2418 1409 ἦν
2452 1340 2511 1394 ἂν
2561 1345 2737 1416 ποθῇς
2778 1341 2912 1398 ἰέναι
2963 1343 3111 1404 ὁδόν.
3164 1351 3366 1403 Γνοῦσα
3398 1346 3457 1404 δὲ
3486 1351 3521 1418 ἡ
3555 1349 3672 1405 θεία

2028 1429 2179 1504 ψυχὴ
2203 1426 2380 1499 ἐκείνη
2411 1429 2503 1484 καὶ
2530 1434 2692 1486 τοῦτο
2741 1431 2825 1486 ἐπ’
2877 1431 3085 1507 ὀλίσθῳ
3131 1442 3234 1506 τῆς
3266 1435 3432 1493 αὐτοῦ
3476 1458 3671 1511 προαι-

2031 1518 2224 1593 ρέσεως
2255 1513 2555 1595 προϐαλεῖν
2601 1520 2694 1575 τὸν
2748 1521 2995 1596 βασιλέα,
3028 1523 3183 1598 ὅμως
3215 1524 3514 1582 ἐπακοῦσαι
3545 1548 3669 1582 συι-

2029 1603 2189 1675 εῖδεν,
2236 1604 2350 1676 ἵνα,
2406 1609 2503 1670 τὰς
2560 1609 2728 1664 αὐτοῦ
2787 1607 3009 1687 διαδράς
3068 1618 3280 1689 χεῖρας,
3336 1617 3441 1685 τήν
3488 1616 3674 1671 ἐπιθυ-

2034 1697 2308 1769 μουμένην
2364 1699 2512 1769 αὑτῷ
2567 1697 2896 1772 πορεύσηται
2956 1698 3105 1758 ὁδόν.
3161 1699 3479 1759 ’Υπολαὲὼν
3556 1703 3671 1776 οῦν,

2027 1789 2107 1857 τῷ
2142 1782 2358 1861 βασιλεῖ
2386 1782 2511 1863 ἔφη·
2568 1788 2711 1862 Ἐγὼ
2741 1788 2835 1860 μὲν
2869 1788 3099 1853 ἐπόθουν
3144 1792 3236 1846 τὸν
3293 1794 3440 1848 θεῖον
3470 1792 3673 1849 ἐκεῖνον

277 1878 499 1942 animo,
529 1882 596 1932 ut
634 1893 704 1933 ex
735 1878 923 1949 ipsius
953 1878 1232 1934 manibus
1263 1879 1522 1951 elapsus,
1556 1879 1714 1934 viam
1746 1893 1923 1949 quam

2037 1879 2264 1944 ζητῆσαι
2323 1871 2511 1949 ἄνδρα,
2569 1878 2661 1931 τὸν
2725 1874 3077 1949 ὑποδείξαντά
3130 1901 3223 1954 μοι
3280 1884 3380 1952 τὴν
3423 1882 3549 1939 ὁδὸν
3574 1890 3675 1953 τῆς

277 1967 589 2039 expetebat
608 1965 1037 2040 ingrederetur.
1061 1969 1408 2023 Sermonem
1424 1968 1603 2040 igitur
1624 1967 1925 2038 excipiens

278 2057 352 2114 ad
377 2073 577 2128 regem
607 2057 721 2112 ait:
761 2056 1051 2127 Equidem
1082 2058 1209 2129 ipse
1234 2058 1500 2113 divinum
1528 2057 1698 2112 illum
1733 2057 1925 2111 virum

280 2145 381 2217 qui
412 2145 560 2199 mihi
590 2144 802 2201 salutis
832 2146 946 2199 iter
970 2147 1456 2202 commonstravit
1497 2161 1764 2216 quaerere
1794 2161 1927 2217 ges-

279 2233 524 2301 tiebam,
557 2233 854 2304 rebusque
912 2234 1190 2291 omnibus
1233 2235 1427 2291 valere
1449 2234 1658 2305 jussis,
1690 2250 1826 2289 cum
1858 2249 1927 2287 eo

284 2321 576 2393 quidquid
598 2321 745 2377 mihi
766 2322 897 2378 vitas
915 2323 1212 2395 reliquum
1238 2329 1328 2379 est
1358 2323 1686 2379 traducere.
1713 2323 1929 2376 Verum

282 2409 565 2482 quoniam
589 2427 695 2482 per
716 2416 832 2478 te,o
853 2417 1040 2484 pater,
1063 2412 1212 2467 mihi
1235 2428 1304 2468 ea
1323 2429 1454 2483 quas
1476 2410 1639 2467 cordi
1663 2416 1821 2479 sunt,
1842 2410 1929 2465 fav

2036 1962 2331 2038 σωτηρίας,
2375 1964 2489 2030 καὶ,
2542 1969 2674 2020 πᾶσι
2729 1965 2938 2041 χαίρειν
2981 1966 3224 2037 εἰπόντα,
3260 1972 3376 2043 μετ’
3403 1972 3569 2027 αὐτοῦ
3612 1972 3675 2028 τὸ

2033 2050 2229 2107 λοιπὸν
2260 2059 2361 2122 τῆς
2410 2058 2554 2123 ζωῆς
2612 2074 2717 2127 μου
2748 2052 3011 2111 διανύσαιο
3044 2055 3170 2112 ἀλλ’
3201 2056 3316 2114 ἐπεί
3364 2082 3456 2134 με,
3486 2063 3674 2137 πάτερ,

2035 2141 2097 2197 ού
2141 2147 2444 2218 συγχωρεῖς
2484 2142 2552 2198 τὰ
2604 2144 2911 2219 καταθύμια
2966 2149 3241 2221 πράττειν,
3297 2148 3561 2223 πείθομαί
3590 2172 3675 2206 σοι

2037 2229 2089 2286 ἐν
2121 2231 2321 2304 τούτῳ.
2383 2233 2472 2288 Ἐν
2533 2233 2613 2294 οἷς
2657 2233 2758 2309 γάρ
2808 2234 2876 2289 οὐ
2922 2234 3197 2310 πρόκειται
3256 2240 3541 2317 προφανὴς
3573 2241 3674 2295 ἀπ-

2038 2318 2207 2375 ώλεια
2236 2320 2325 2375 καὶ
2356 2323 2490 2375 Θεοῦ
2536 2319 2921 2398 ἀλλοτρίωσις,
2971 2324 3137 2380 καλὸν
3194 2330 3273 2398 τῷ
3303 2327 3467 2403 πατρὶ
3496 2330 3675 2385 πείθε-

2039 2417 2180 2471 σθαι.

281 2518 415 2557 cere
444 2500 688 2556 minime
718 2500 877 2571 licet,
906 2502 1015 2558 hac
1047 2502 1108 2557 in
1135 2518 1199 2557 re
1232 2502 1336 2557 tibi
1365 2518 1593 2557 morem
1623 2517 1781 2574 gero,
1815 2498 2110 2571 siquidem
2136 2499 2198 2553 in
2228 2498 2321 2554 his
2349 2498 2526 2554 rebus
2556 2500 2615 2555 in
2647 2501 2861 2572 quibus
2895 2503 3273 2576 perspicuum
3306 2506 3549 2563 exitium
3587 2512 3673 2564 at-

283 2607 398 2661 que
423 2589 779 2645 abalienatio
811 2606 845 2645 a
875 2592 994 2646 Deo
1027 2607 1145 2646 non
1168 2592 1539 2663 proponitur,
1570 2590 1723 2663 patri
1756 2589 2164 2661 obtemperare
2181 2588 2496 2660 pulchrum
2527 2593 2636 2644 est.

350 2682 471 2735 Rex
488 2679 687 2751 itaque
707 2695 942 2736 summa
963 2679 1166 2735 laetitia
1186 2680 1789 2752 perfusus,regionem
1803 2696 1923 2734 om-

277 2784 416 2824 nem
438 2768 690 2839 imperio
705 2785 809 2823 suo
832 2784 899 2824 ac
912 2768 1121 2823 ditioni
1143 2768 1471 2840 subjectam
1492 2770 1552 2823 in
1567 2768 1713 2824 duas
1726 2772 1922 2840 partes

277 2855 820 2928 dividit,ﬁliumque
841 2873 1040 2930 regem
1054 2863 1310 2927 creat,ac
1330 2858 1661 2914 diademate
1681 2860 1925 2912 exornat

277 2946 556 3018 regiaque
572 2946 734 3001 omni
758 2946 947 3019 gloria
966 2948 1312 3020 insignitum
1351 2948 1412 3003 in
1433 2965 1561 3003 eam
1588 2947 1752 3019 regni
1783 2962 1922 3017 par-

279 3039 400 3091 tem
413 3051 544 3105 quae
559 3035 671 3106 ipsi
685 3035 969 3092 attributa
983 3036 1574 3093 eratcumluculenta
1592 3034 1919 3090 satellitum

279 3140 461 3179 manu
483 3124 727 3193 emittit;
749 3125 1117 3196 principibus
1130 3131 1327 3182 autem
1341 3142 1409 3182 ac
1425 3124 1693 3189 ducibus,
1719 3123 1922 3193 reique

280 3213 558 3269 militaris
574 3213 868 3284 praefectis
893 3219 952 3268 et
980 3215 1253 3286 satrapis,
1284 3216 1335 3269 si
1367 3230 1619 3284 quorum
1653 3212 1924 3267 voluntas

2102 2677 2282 2750 Χαρᾶς
2316 2675 2407 2730 οὗν
2444 2674 2526 2730 ὅτι
2584 2674 2843 2748 πλείστης
2872 2679 2899 2733 ὁ
2935 2677 3191 2753 βασιλεὺς
3244 2679 3509 2752 πλησθεὶς
3538 2681 3672 2740 διαι-

2033 2769 2116 2838 ρεῖ
2161 2764 2257 2837 μὲν
2308 2764 2407 2832 τὴν
2462 2763 2702 2835 ὑποτελῆ
2762 2766 2909 2839 αὐτῷ
2967 2769 3156 2845 χώραν
3212 2776 3385 2827 πᾶσαν
3443 2773 3522 2836 εἷς
3551 2771 3666 2845 δύο,

2032 2858 2339 2927 χειροτονεῖ
2377 2849 2434 2907 δὲ
2488 2853 2579 2909 τὸν
2639 2854 2755 2909 υἱόν
2818 2855 3069 2931 βασιλέα,
3122 2864 3321 2932 κοσμεῖ
3372 2865 3450 2933 τῷ
3481 2859 3664 2931 διαδή-

2036 2962 2199 3015 ματι,
2255 2941 2342 2997 καὶ
2377 2986 2392 3013 ,
2449 2943 2593 3017 πάσῃ
2641 2948 2837 2998 τοῦτον
2898 2944 3156 3021 βασιλικῇ
3213 2947 3660 3024 καταλαμπρύνας

2033 3027 2183 3105 δόξῃ,
2217 3031 2292 3093 εἷς
2322 3031 2421 3100 τὴν
2472 3032 2849 3109 ἄφορισθεῖσαν
2893 3034 3045 3107 αύτῴ
3096 3034 3361 3109 ἐκπέμπει
3396 3036 3664 3112 βασιλείαν

2035 3121 2168 3193 μετά
2197 3120 2456 3194 λαμπρᾶς
2498 3118 2841 3199 δορυφορίας.
2891 3124 3022 3185 Τοῖς
3080 3122 3309 3200 ἄρχουσι
3342 3124 3400 3182 δέ
3428 3128 3518 3182 καὶ
3547 3130 3669 3202 ἡγε-

2036 3210 2186 3279 μόσι,
2242 3214 2565 3285 στρατηγοῖς
2614 3230 2674 3264 τε
2728 3213 2818 3265 καὶ
2878 3212 3175 3287 σατράπαις
3231 3212 3463 3287 κελεύει,
3511 3217 3669 3271 παντὶ

283 3301 368 3355 ita
386 3300 643 3369 tulisset,
669 3318 805 3357 cum
851 3301 974 3357 filio
1000 3318 1104 3356 suo
1133 3317 1199 3356 ac
1221 3318 1356 3373 rege
1376 3299 1794 3372 proﬁciscendi
1815 3316 1921 3371 po-

2037 3302 2113 3371 τῷ
2149 3297 2495 3373 βουλομένῳ,
2553 3297 2804 3353 ἀπελθεῖν
2863 3300 2999 3373 μετὰ
3047 3305 3145 3355 τοῦ
3193 3303 3313 3357 υἱοῦ
3368 3303 3535 3359 αὐτοῦ
3581 3305 3667 3359 καὶ

283 3393 560 3444 testatem
588 3388 748 3444 facit.
768 3391 958 3459 Atque
972 3389 1270 3460 ingentem
1290 3389 1609 3459 quamdam
1631 3405 1697 3445 ac
1715 3404 1925 3443 nume-

287 3475 657 3531 rosissimam
686 3476 918 3544 urbem,
950 3476 1012 3531 in
1045 3492 1160 3546 qua
1188 3477 1407 3549 regiam
1430 3477 1632 3532 sedem
1663 3476 1926 3543 haberet,

290 3564 899 3637 assignat,omniaque
924 3582 993 3621 ea
1018 3583 1148 3638 qum
1169 3566 1407 3639 regibus
1428 3567 1786 3621 conveniunt
1814 3564 1927 3636 ipsi

290 3655 574 3727 impertit.
599 3657 743 3712 Tum
770 3656 949 3730 igitur
976 3657 1196 3729 regiam
1221 3656 1632 3712 auctoritatem
1657 3673 1724 3710 ac
1755 3660 1929 3727 pote-

289 3749 501 3800 statem
532 3752 741 3801 nactus
760 3747 1059 3818 Josaphat,
1083 3763 1218 3802 cum
1249 3745 1322 3801 ad
1337 3762 1467 3800 eam
1489 3745 1694 3799 urbem
1727 3745 1787 3798 in
1815 3758 1933 3814 qua

290 3850 360 3888 ea
388 3850 519 3904 qum
568 3834 643 3889 ad
671 3852 919 3907 regnum
968 3834 1292 3907 gerendum
1323 3834 1702 3906 pertinebant
1730 3838 1935 3904 parata

292 3927 462 3977 erant
488 3922 767 3989 venisset,
817 3922 1129 3978 dominiczn
1184 3922 1478 3994 passionis
1534 3923 1786 3995 signum,
1821 3922 1933 3976 hoc

291 4015 401 4082 est,
433 4010 828 4066 venerandam
872 4011 1081 4066 Christi
1132 4027 1365 4066 crucem
1398 4011 1459 4064 in
1491 4011 1739 4082 singulis
1769 4009 1933 4064 urbis

291 4100 554 4155 turribus
607 4099 959 4156 collocavit.
1003 4098 1303 4155 Idolorum
1354 4104 1551 4154 autem
1601 4098 1845 4153 delubra
1877 4102 1935 4151 et

294 4205 425 4243 aras
460 4187 694 4259 dejecit,
727 4194 903 4259 atque
929 4205 964 4243 a
990 4187 1396 4244 fundamentis
1426 4188 1571 4259 ipsis
1601 4188 1772 4254 eruit,
1798 4187 1934 4242 nul-

294 4277 382 4332 las
406 4276 680 4331 videlicet
709 4277 1032 4348 impietatis
1062 4277 1348 4348 reliquias
1379 4277 1681 4348 linquens.

362 4369 554 4437 Atque
585 4365 643 4420 in
675 4364 872 4420 media
900 4365 1045 4420 urbe
1073 4366 1286 4437 ingens
1310 4383 1375 4420 ac
1399 4365 1750 4436 praeclarum
1776 4370 1931 4418 tem-

291 4456 458 4527 plum
475 4453 703 4510 Christo
722 4454 971 4509 Domino
991 4455 1279 4521 excitavit,
1304 4454 1579 4525 plebique
1602 4452 1932 4525 imperavit,

294 4548 361 4599 ut
389 4543 463 4599 ad
480 4559 612 4598 eum
638 4542 835 4598 locum
858 4543 1062 4598 crebro
1088 4560 1450 4609 commeans,
1478 4544 1591 4596 Deo
1615 4558 1720 4612 per
1741 4541 1932 4595 crucis

293 4633 700 4689 adorationem
732 4633 957 4687 cultum
987 4632 1315 4688 adhiberet.
1367 4634 1440 4685 At
1472 4635 1609 4684 tunc
1638 4629 1763 4699 ipse
1796 4632 1932 4683 ante

295 4739 504 4778 omnes
516 4722 579 4779 iu
596 4722 856 4778 medium
870 4719 1573 4793 prodiens,intentissimo
1587 4719 1784 4773 animo
1803 4735 1931 4789 pre-

294 4829 392 4868 ces
411 4811 1051 4880 fundebat,omnesque
1073 4825 1173 4864 eos
1192 4808 1289 4879 qui
1306 4807 1414 4862 sub
1432 4807 1619 4879 ipsius
1640 4812 1929 4879 potestate

295 4919 362 4957 ac
382 4902 605 4957 ditione
627 4906 797 4956 erant
812 4898 1112 4967 monebat,
1136 4896 1655 4964 obsecrabat,nihil
1675 4895 1933 4966 denique

292 4989 802 5063 praetermittebat,
819 5005 934 5059 quo
952 4986 1110 5058 ipsos
1123 5002 1157 5040 a
1173 4985 1580 5057 superstitioso
1595 5000 1791 5039 errore
1805 4983 1934 5039 abs-

296 5080 578 5145 traheret,
602 5083 777 5147 atque
800 5078 873 5131 ad
896 5075 1192 5131 Christum
1224 5074 1599 5147 adjungeret:
1637 5073 1931 5128 idolorum

294 5166 489 5223 cultus
518 5165 786 5219 fraudem
817 5171 991 5235 atque
1015 5164 1401 5235 imposturam
1423 5162 1931 5229 indicabat,Evan-

292 5256 431 5329 gelii
462 5252 944 5325 prmdicationem
978 5252 1325 5324 exponebat,
1358 5252 1461 5307 Dei
1504 5250 1662 5306 verbi
1693 5250 1932 5321 plenam

296 5341 682 5414 indulgentias
710 5339 1132 5395 demissionem
1164 5339 1680 5403 commemorabat,
1715 5337 1933 5393 adven-

294 5443 390 5492 tus
412 5434 598 5507 ipsius
623 5431 912 5487 miracula
926 5431 1303 5502 praedicabat,
1337 5431 1528 5488 crucis
1550 5429 1928 5501 supplicium,

291 5540 401 5603 per
429 5522 588 5599 quod
609 5520 862 5577 salutem
887 5521 1187 5576 consecuti
1214 5536 1439 5591 sumus,
1460 5519 1813 5588 declarabat,
1836 5535 1932 5574 re-

1960 4675 2007 4740 D

2040 3383 2327 3461 βασιΛέως.
2364 3385 2466 3441 Καὶ
2493 3384 2654 3440 πόλιν
2683 3386 2801 3441 τινὰ
2831 3386 3073 3463 μεγάλην
3120 3389 3210 3444 καὶ
3240 3387 3668 3467 πολυάνθρωπον

2036 3474 2280 3549 ἀφορίζει
2311 3476 2462 3532 305
2497 3474 2662 3530 αὐτοῦ
2715 3479 2785 3549 τῇ
2831 3474 3100 3551 βασιλείᾳ,
3133 3478 3223 3532 καὶ
3285 3481 3455 3534 πάντα
3486 3477 3677 3535 δίδωσι

2036 3562 2103 3617 τὰ
2131 3562 2405 3638 πρέποντα
2464 3563 2793 3639 βασιλεῦσιν.
2842 3565 2973 3619 Τότε
3031 3563 3098 3634 δὴ
3129 3566 3254 3622 τότε
3279 3569 3379 3637 τήν
3433 3567 3675 3639 ἐξουσίαν

2038 3648 2370 3726 παραλαϐὼν
2405 3653 2432 3707 ὁ
2466 3654 2696 3730 Ἰωάσαιρ
2743 3660 2842 3722 τῆς
2903 3652 3202 3729 βασιλείας,
3250 3656 3408 3725 ἡνίκα
3438 3658 3539 3726 τὴν
3571 3657 3677 3713 πό-

2039 3738 2125 3795 λιν
2183 3735 2476 3796 κατέλαϐεν
2532 3736 2657 3795 ἔνθα
2708 3741 2777 3795 τὰ
2827 3748 2928 3811 τῆς
2999 3740 3277 3817 βασιλείας
3346 3744 3679 3821 ηὐτρέπιστο

2040 3830 2208 3901 αὐτῷ,
2239 3831 2301 3883 τὸ
2350 3833 2448 3884 τοῦ
2505 3827 2824 3884 δεσποτικοῦ
2884 3831 2977 3903 μὲν
3039 3830 3242 3896 πάθους
3297 3839 3554 3906 σημεῖον,
3588 3837 3679 3891 τὸν

2042 3911 2336 3990 σεϐάσμιον
2388 3918 2614 3991 σταυρὸν
2670 3921 2771 3973 τοῦ
2828 3918 3063 3994 Χριστοῦ
3095 3963 3109 3989 ,
3169 3917 3375 3994 ἑκάστῳ
3433 3922 3676 4000 ἐφίστησι

2039 4013 2138 4075 τῆς
2184 4004 2398 4068 πόλεως
2440 4006 2651 4082 πύργῳ·
2706 4005 2832 4069 τοὺς
2892 4003 2950 4061 δὶ
3004 4005 3325 4072 εἷδωλικοὺς
3371 4011 3537 4074 ναοὺς
3589 4011 3677 4068 καὶ

2046 4093 2268 4169 βωμοὺς
2314 4096 2571 4168 περιστὰς
2626 4093 2987 4171 ἐπολιόρκει,
3036 4097 3301 4153 κατέσειεν
3338 4142 3353 4167 ,
3408 4100 3676 4177 άνώρυττε

2039 4183 2101 4238 τὸ
2132 4178 2349 4258 ἔδαφος,
2403 4181 2724 4255 ἐξεκάλυπτε
2769 4183 2898 4246 τοὺς
2927 4184 3231 4258 θεμελίους,
3269 4184 3440 4260 μηδὲν
3490 4188 3677 4264 λείψα-

2041 4292 2127 4326 νον
2158 4274 2255 4340 τῆς
2281 4266 2525 4333 ἀσεϐείας
2547 4271 2886 4330 καταλιπών.

2113 4361 2262 4417 Κατὰ
2319 4358 2376 4415 δὲ
2431 4361 2599 4433 μέσης
2656 4368 2757 4431 τῆς
2811 4361 3027 4425 πόλεως
3080 4364 3205 4418 ναὸν
3270 4364 3432 4439 μέγαν
3486 4387 3541 4421 τε
3580 4367 3671 4421 καὶ·

2042 4446 2351 4523 περικαλλῆ
2379 4453 2459 4521 τῷ
2489 4449 2728 4525 Δεσπότῃ
2762 4450 3015 4525 ἀνεγείρει
3057 4453 3296 4526 Χριστῷ.
3332 4455 3426 4509 Καὶ
3460 4453 3659 4508 κελεύει

2039 4538 2101 4591 τὸ
2133 4536 2349 4606 πλῆθος
2379 4536 2491 4592 ἐκεῖ
2520 4538 2743 4612 συνεχὲς
2771 4536 3243 4613 ἐπιχωριάζοντας
3276 4542 3557 4617 προσάγειν
3586 4547 3663 4614 τῷ

2044 4629 2158 4697 Θεῷ
2180 4625 2242 4679 τὸ
2300 4619 2459 4687 σέϐας
2517 4622 2605 4680 διὰ
2654 4632 2752 4695 τῆς
2797 4630 2894 4681 τοῦ
2946 4632 3177 4703 σταυροῦ
3233 4633 3670 4704 προσκυνήσεως,

2038 4713 2114 4775 εἷς
2149 4713 2309 4786 μέσον
2359 4714 2466 4789 πρὸ
2522 4715 2737 4769 πάντων
2781 4713 2939 4776 αὐτὸς
2996 4718 3283 4790 παρελθὼν
3336 4721 3424 4775 καὶ
3476 4720 3673 4776 ἐκτενε-

2042 4801 2206 4877 στάτῃ
2240 4800 2427 4866 διδους
2457 4803 2643 4858 ἐαυτὸν
2678 4800 2879 4874 δεήσει.
2912 4804 3121 4868 Πάντας
3153 4802 3210 4861 δὶ
3257 4806 3385 4870 τοῦς
3444 4809 3547 4863 ὑπὸ
3574 4810 3671 4878 τὴν

2040 4893 2203 4947 αὑτοῦ
2236 4897 2396 4968 χεῖρα
2440 4894 2767 4967 γενομένους
2811 4891 3094 4964 ἐνουθέτει,
3143 4894 3457 4969 παρεκάλει,
3506 4896 3675 4952 πάντα

2039 4980 2211 5037 ἐποίει
2240 4985 2337 5035 τοῦ
2386 4981 2693 5035 ἀποσπάσαι
2748 4983 2846 5050 τῆς
2885 4978 3284 5055 δεισιδαίμονος
3330 4982 3544 5053 πλάνης
3585 4983 3673 5039 καὶ

2036 5075 2116 5142 τῷ
2146 5073 2361 5145 Χριστῴ
2401 5068 2699 5123 οἰκειῶσαισ
2756 5070 2855 5138 τήν
2912 5069 3121 5141 ἀπάτην
3184 5066 3241 5126 δὲ
3269 5069 3547 5128 ὑπεδείκνυ
3575 5079 3673 5143 τῆς

2038 5156 2440 5231 εἶδωλομανίας
2464 5158 2553 5213 καὶ
2599 5158 2663 5213 τὸ
2692 5158 2953 5233 κήρυγμα
2997 5157 3346 5234 κατήγγελλε
3373 5165 3470 5215 τοῦ
3505 5161 3676 5236 Εὐαγ-

2036 5246 2246 5324 γελίου,
2277 5248 2344 5301 τά
2367 5246 2492 5321 περὶ
2520 5252 2621 5316 τῆς
2644 5251 2742 5301 τοῦ
2798 5250 2930 5301 Θεοῦ
2982 5248 3160 5323 Λόγου
3221 5246 3418 5323 διεξῄει
3476 5271 3674 5325 συγκα-

2036 5331 2336 5406 ταϐάσεως,
2382 5335 2450 5390 τὰ
2497 5336 2768 5407 θαυμάσια
2822 5335 3079 5410 ἐκήρυττε
3121 5342 3222 5406 τῆς
3251 5338 3419 5392 αὐτοῦ
3466 5358 3675 5413 παρου-

2039 5425 2173 5497 σίας,
2199 5424 2262 5479 τὸ
2292 5424 2463 5489 πάθος
2524 5423 2781 5498 ἐγνώριζε
2834 5427 2932 5478 τοῦ
2987 5428 3218 5500 σταυροῦ
3263 5422 3335 5479 δι’
3380 5425 3473 5481 οὗν
3506 5426 3674 5480 σεσώ-

2038 5524 2228 5590 σμεθα,
2275 5512 2375 5584 τήν
2432 5518 2535 5584 τῆς
2593 5510 2928 5577 ἀναστάσεως
2982 5509 3210 5588 δύναμιν
3254 5513 3346 5569 καὶ
3388 5513 3489 5585 τήν
3536 5515 3674 5594 πρὸς
