3964 6144
268 300 431 358 ’1179

1804 293 2167 349 ADDIIDA.

3536 281 3679 339 1180

292 428 453 491 sunt,
478 426 611 494 post
627 425 826 476 autem
849 419 953 490 qui
975 416 1250 474 militaris
1277 416 1503 472 ordinis
1522 419 1709 482 erant,
1742 430 1810 470 ac
1839 430 1931 469 re-

2055 413 2288 486 ψυχικὴν
2325 406 2712 485 ἀπελάμϐανον
2747 405 2950 486 ὑγείαν·
2990 406 3137 463 ἀλλά
3187 404 3255 475 δὴ
3285 403 3375 460 καὶ
3423 402 3541 459 ὅσοι
3583 403 3673 458 νό-

290 512 523 583 liquum
543 510 857 581 vulgus.Ac
871 508 971 579 qui
994 508 1353 578 baptismum
1388 504 1933 577 suscipiebant,non

289 599 464 655 modo
496 598 831 653 animarum
846 597 1160 651 sanitatem
1191 594 1933 665 consequebantur,verum

292 688 471 744 etiam
490 686 829 757 quicunque
845 682 1107 754 corporis
1121 682 1342 737 morbis
1357 688 1415 737 et
1426 682 1688 737 febribus
1700 680 1935 735 labora-

288 776 451 845 bant,
477 775 707 845 abjecta
728 772 892 827 omni
916 771 1162 827 adversa
1189 771 1547 837 valetudine,
1580 776 1705 825 tum
1734 770 1932 823 animo

288 880 458 935 puro,
486 868 610 917 tum
641 862 868 933 integro
901 876 1145 931 corpore
1195 878 1225 915 e
1277 860 1505 931 piscina
1546 857 2013 924 revertebantur,

292 951 566 1007 sanitate.

360 1039 444 1095 Ob
458 1053 708 1109 eamque
720 1053 962 1093 causam
981 1037 1191 1108 ingens
1206 1035 1518 1090 hominum
1532 1034 1847 1090 multitudo
1859 1033 1932 1089 ad

289 1144 490 1199 regem
519 1128 799 1197 Josaphat
846 1125 1242 1195 undecunque
1287 1124 1646 1191 conﬂuebat,
1698 1123 1934 1195 pietatis

291 1216 561 1272 doctrina
577 1215 648 1270 ab
674 1232 740 1270 eo
762 1213 947 1269 imbui
974 1218 1506 1284 exposcens,atque
1525 1212 1724 1267 omnia
1746 1210 1937 1265 idolo-

292 1321 427 1361 rum
460 1304 682 1375 templa
711 1302 1477 1372 evertebantur,omnesque
1507 1318 1648 1372 opes
1669 1317 1735 1356 ac
1757 1316 1936 1371 pecu-

295 1394 411 1448 nias
440 1394 504 1447 in
532 1392 689 1447 fanis
719 1391 1039 1447 reconditas
1071 1391 1589 1457 abstrahebantur,
1614 1405 1936 1459 eorumque

294 1482 425 1537 loco
440 1486 815 1538 sacrosancta
839 1481 1060 1551 templa
1082 1482 1197 1535 Deo
1220 1479 1933 1548 exmdiﬁcabantur,opes-

295 1588 407 1642 que
432 1571 566 1625 iltas
590 1569 965 1641 ingentisque
984 1570 1158 1641 pretii
1183 1575 1373 1623 vestes
1398 1586 1465 1624 ac
1496 1569 1804 1623 thesauros
1835 1582 1937 1620 rex

291 1659 570 1729 Josaphat
598 1658 745 1729 ipsis
777 1658 1137 1730 assignabat,
1167 1659 1343 1713 vilem
1376 1657 1603 1713 scilicet
1630 1674 1696 1712 ac
1728 1672 1935 1726 super-

289 1763 605 1803 vacaneam
621 1746 785 1802 illam
798 1747 1107 1802 materiam
1130 1748 1242 1802 hac
1256 1747 1484 1802 ratione
1507 1747 1715 1801 utilem
1730 1762 1795 1799 ac
1812 1745 1939 1798 fru-

293 1840 560 1891 ctuosam
581 1835 1236 1891 efﬁciens.Exsecrandi
1249 1853 1422 1907 porro
1437 1834 1863 1905 daemones,qui
1878 1832 1939 1888 in

293 1924 450 1980 fanis
480 1924 601 1979 illis
629 1930 689 1980 et
718 1922 1003 1979 altaribus
1052 1924 1588 1991 commorabantur,
1622 1922 1939 1977 attrocissi-

299 2029 464 2069 mum
490 2012 551 2067 in
573 2012 817 2068 modum
840 2012 1221 2079 vexabantur,
1269 2029 1335 2067 ac
1370 2012 1740 2084 fugabantur,
1773 2027 1943 2065 coor-

301 2106 541 2169 tamque
563 2100 676 2155 sibi
723 2101 1123 2155 calamitatem
1158 2100 1535 2154 audientibus
1574 2099 1777 2153 multis
1822 2097 1945 2151 cla-

303 2188 566 2244 mabant.
598 2191 787 2257 Atque
806 2188 1059 2242 ﬁnitima
1076 2187 1181 2241 illa
1200 2188 1471 2242 universa
1491 2187 1649 2258 regio
1672 2185 1947 2241 tenebro-

307 2291 374 2331 sa
393 2276 658 2346 ipsorum
682 2275 887 2330 fraude
910 2280 1084 2346 atque
1108 2276 1436 2345 impostura
1464 2273 1847 2342 liberabatur,
1878 2289 1945 2328 ac

303 2364 772 2419 Christianorum
788 2364 925 2418 ﬁdei
953 2364 1025 2419 ab
1051 2364 1213 2418 omni
1238 2363 1370 2419 labe
1393 2380 1460 2418 ac
1479 2363 1943 2435 reprehensione

303 2452 507 2508 liberm
538 2452 669 2508 luce
700 2452 1177 2508 collustrabatur.

372 2540 675 2612 Siquidem
692 2541 819 2611 ipse
834 2557 1069 2612 quoque
1086 2558 1190 2597 rex
1203 2541 1480 2597 omnibus
1496 2541 1727 2596 virtutis
1749 2557 1915 2596 exem
1929 2573 1947 2582 -

304 2630 437 2702 plar
466 2635 613 2697 erat,
637 2646 704 2685 ac
734 2629 1063 2700 permultos
1094 2630 1167 2684 ad
1198 2630 1467 2685 eamdem
1497 2630 1858 2685 voluntatem
1893 2634 1951 2683 et

307 2719 662 2774 sententiam
695 2717 987 2774 excitabat
1036 2722 1093 2772 et
1140 2718 1565 2774 inflammabat.
1599 2717 1948 2790 Hujusmodi

309 2808 527 2877 quippe
544 2806 914 2877 principatus
933 2811 1109 2877 atque
1124 2807 1357 2878 imperii
1376 2813 1587 2862 natura
1602 2812 1950 2877 est;semper

308 2896 467 2949 enim
491 2894 712 2949 subditi
731 2894 803 2949 ad
830 2911 963 2949 eum
985 2896 1085 2965 qui
1103 2911 1300 2950 rerum
1318 2896 1541 2967 potitur
1562 2912 1689 2950 sese
1708 2911 1945 2965 compo-

304 2986 669 3053 nunt,eaque
689 2999 888 3038 amare
911 2999 976 3039 ac
990 2984 1320 3038 consectari
1339 2984 1778 3054 solent,quibus
1792 2984 1949 3053 prin-

306 3072 500 3141 cipem
515 3070 796 3126 delectari
810 3072 1091 3127 sentiunt.
1104 3073 1269 3137 Hinc,
1289 3074 1406 3127 Deo
1419 3072 1489 3127 ad
1488 3072 1511 3143 j
1521 3072 1948 3142 uvante,pietas

304 3160 450 3231 ipsis
467 3160 810 3231 augebatur,
842 3178 1137 3231 novosque
1156 3161 1217 3215 in
1241 3160 1365 3215 dies
1392 3176 1740 3232 progressus
1772 3160 1951 3215 facie-

304 3248 497 3317 bat,ac
526 3266 624 3304 rex
644 3250 704 3303 in
723 3250 937 3304 Christi
951 3250 1367 3304 mandatorum
1379 3249 1848 3304 observationem
1865 3253 1952 3303 to-

306 3342 403 3391 tus
419 3336 822 3406 incumbebat,
854 3344 1028 3408 atque
1044 3337 1312 3409 exipsius
1335 3338 1616 3393 charitate
1638 3337 1951 3409 pendebat.

310 3426 563 3494 Eratque
581 3425 743 3478 verbi
761 3426 961 3495 gratiae
982 3426 1450 3496 dispensator,ac
1465 3426 1786 3481 multarum
1816 3425 1952 3481 ani-

310 3528 541 3567 marum
571 3513 949 3584 gubernator,
982 3514 1055 3569 ad
1087 3514 1189 3569 Dei
1228 3520 1463 3586 portum
1494 3531 1594 3570 eas
1623 3514 1951 3585 appellens.

307 3603 541 3657 Etenim
555 3602 702 3657 illud
717 3603 1091 3674 exploratum
1106 3603 1360 3658 habebat
1383 3604 1647 3659 omnium
1660 3605 1953 3676 regiorum

306 3706 625 3745 numerum
648 3691 757 3745 hoc
780 3692 1126 3762 primarium
1145 3697 1201 3747 et
1229 3694 1787 3763 praastantissimum
1801 3710 1949 3761 esse,

310 3784 377 3833 ut
399 3780 672 3834 homines
693 3779 871 3835 adDei
895 3785 1116 3835 metum
1133 3797 1201 3836 ac
1204 3781 1349 3852 justi
1360 3782 1451 3836 tite
1466 3782 1687 3836 cultum
1704 3782 1952 3837 erudiat:

313 3868 473 3937 quod
488 3868 663 3922 etiam
682 3868 807 3938 ipse
824 3869 1100 3935 faciebat,
1121 3870 1380 3940 seipsum
1392 3870 1664 3925 videlicet
1679 3871 1751 3926 ad
1766 3872 1954 3941 impe-

309 3957 401 4010 rio
421 3957 708 4012 tenendas
730 3957 915 4011 animi
937 3958 1411 4028 perturbationes
1430 3978 1797 4032 comparans,
1819 3962 1956 4017 sub-

309 4044 581 4115 ditosque
604 4061 738 4099 suos
752 4044 1101 4114 admonens,
1126 4052 1302 4118 atque
1321 4049 1527 4119 optimi
1546 4050 1807 4104 naucleri
1832 4050 1953 4104 ins-

310 4133 657 4203 tarjustitiae
676 4133 905 4189 clavum
930 4133 1136 4190 sedulo
1157 4139 1387 4191 tenens.
1411 4138 1555 4191 Nam
1569 4138 1693 4192 haec
1716 4138 1954 4193 demum

307 4220 417 4274 viri
449 4221 615 4292 regni
662 4221 759 4277 lex
807 4239 873 4278 ac
924 4240 1133 4279 norma
1191 4230 1299 4293 est,
1356 4225 1639 4280 nimirum
1692 4226 1955 4297 volupta-

311 4307 472 4362 tibus
501 4308 812 4379 imperare,
851 4310 1041 4382 iisque
1091 4312 1406 4381 dominari,
1456 4315 1955 4385 quemadmodum

309 4397 436 4468 ipse
470 4396 649 4452 etiam
678 4399 950 4456 faciebat.
984 4402 1207 4473 Quippe
1251 4420 1362 4459 nec
1401 4404 1472 4458 de
1524 4405 1817 4475 majorum
1849 4422 1954 4459 no-

308 4485 560 4555 bilitate,
594 4504 704 4545 nec
736 4488 807 4544 de
853 4489 1013 4563 regia
1055 4491 1261 4563 gloria,
1320 4492 1383 4546 in
1432 4509 1549 4562 qua
1588 4492 1951 4563 versabatur,
1982 4477 2029 4541 D

310 4574 433 4630 ullo
467 4577 641 4633 modo
684 4594 814 4634 sese
862 4580 1115 4635 efferens
1170 4580 1679 4651 (quandoquidem
1728 4581 1954 4635 luteum

2044 520 2159 563 σοις
2214 502 2349 570 ἠσαν
2407 504 2747 573 σωματικαῖς
2804 497 2893 553 καὶ
2975 496 3256 571 πηρώσεσι
3336 494 3670 566 πιεζόμενοι,

2042 589 2215 643 πάντα
2234 588 2585 662 ἀποθέμενοι,
2616 588 2842 663 καθαροὶ
2893 587 2988 647 τάς
3038 582 3241 658 ψυχὰς,
3294 582 3469 656 ἂρτιοι
3513 578 3564 633 δὲ
3606 578 3674 631 τὰ.

2044 682 2291 749 σώματα,
2339 684 2438 747 τῆς
2491 679 2636 739 θείας
2690 678 2994 751 ἀνήρχοντο
3053 674 3204 730 308
3262 666 3669 744 κολυμϐήθρας,

2045 766 2327 837 θεραπείαν
2358 769 2724 842 τρυγήσαντες
2754 768 2943 839 ψυχῶν
2976 784 3031 817 τε
3062 763 3206 835 ὁμοῦ
3236 762 3322 816 καὶ
3384 758 3672 830 σωμάτων.

2064 862 2342 929 percepta
2379 857 2656 912 videlicet
2684 861 2808 911 tum
2839 854 3176 910 animorum
3208 857 3333 906 tum
3363 864 3674 920 corporum

2113 1034 2300 1098 Ἔνθεν
2323 1054 2407 1088 τοι
2440 1031 2529 1089 καὶ
2560 1031 2799 1109 συνέρρει
2831 1032 2968 1102 πρὸς
3018 1029 3109 1086 τὸν
3163 1026 3393 1103 βπσιλέα
3439 1025 3674 1101 Ἰωάσαφ

2041 1124 2382 1197 πανταχόθεν
2412 1123 2481 1177 τὰ
2509 1120 2723 1193 πλήθη,
2786 1126 3062 1194 μυηθῆναι
3118 1120 3218 1187 τήν
3267 1110 3538 1171 εὐσέϐειαν
3586 1113 3677 1168 ὑπ’

2043 1212 2206 1267 αὐτοῦ
2239 1216 2545 1282 ζητοῦντες.
2603 1212 2699 1267 Καὶ
2754 1212 2929 1266 πάντα
2988 1210 3082 1282 μὶν
3139 1207 3533 1263 κατεσκάπτετο
3590 1201 3675 1257 εἶ·-

2045 1298 2256 1356 δωλικά
2293 1297 2625 1375 σεϐάσματα,
2686 1300 2937 1379 ἀφῄρητο
2986 1297 3044 1353 δὶ
3090 1303 3195 1358 πᾶς
3223 1298 3251 1351 ὁ
3282 1294 3519 1354 πλοῦτος
3567 1294 3677 1362 (30)

2041 1392 2131 1443 καὶ
2164 1390 2229 1444 τὰ
2254 1389 2585 1463 ἀποκείμενα
2613 1394 2730 1451 τοῖς
2764 1387 3068 1450 εἷδωλείοις
3099 1387 3378 1460 Χρήματα·
3421 1383 3510 1437 καὶ
3560 1380 3681 1456 ἱερά

2040 1478 2241 1551 τεμένη
2272 1478 2353 1548 τῷ
2384 1483 2499 1550 Θεῷ
2524 1475 2963 1550 ἀντῳκοδομεῖτο
2993 1477 3125 1547 (31).
3179 1472 3275 1529 Καὶ
3317 1471 3410 1526 τὸν
3461 1469 3678 1525 ἐκεῖνων

2045 1565 2285 1621 πλοῦτον
2321 1566 2505 1630 αὐτοῖς
2536 1566 2625 1621 καὶ
2677 1567 2772 1628 τάς
2828 1561 3153 1625 πολυτελεῖς
3204 1562 3427 1629 ἐσθῆτας
3459 1557 3487 1612 ὃ
3520 1559 3679 1633 βασι-

2044 1654 2170 1710 λεῦ)
2204 1656 2436 1732 Ἰωάσαφ
2466 1655 2554 1709 καὶ
2584 1654 2710 1716 τοὺς
2757 1650 3061 1727 θησαυροὺς
3110 1650 3336 1705 ἀνετίθει
3400 1650 3531 1721 (32),
3578 1647 3679 1713 τὴν

2044 1741 2237 1816 ἄτιμον
2265 1742 2474 1813 ἐκείνην
2514 1744 2604 1799 καὶ
2661 1744 2919 1818 περιττὴν
2980 1740 3117 1810 ὕλην
3175 1737 3385 1813 ἐνεργὸν
3446 1737 3682 1798 ἐντεῦθεν

2045 1836 2219 1887 ποιῶν
2248 1832 2338 1887 καὶ
2371 1831 2674 1910 ὠφέλιμον.
2707 1832 2769 1885 Οἱ
2801 1829 2858 1886 δὲ
2886 1835 3003 1891 τοῖς
3056 1830 3274 1904 βωμοῖς
3319 1823 3544 1885 ἐκείνοις
3591 1822 3681 1877 καὶ

2044 1927 2201 1983 ναοῖς
2259 1924 2370 1994 (33)
2423 1916 2788 1997 διατρίϐοντες
2846 1918 3038 1995 μιαροὶ
3118 1915 3371 1988 δαίμονες
3453 1911 3684 1987 διωγμῷ

2047 2009 2428 2085 χαλεπωτάτῳ
2457 2007 2785 2079 ἠλαύνοντο,
2816 2007 2906 2062 καὶ
2954 2008 3055 2075 τὴν
3115 2004 3447 2059 ἐπελθοῦσαν
3500 2001 3683 2060 αὐτοῖς

2049 2097 2329 2173 συμφορὰν
2382 2100 2459 2159 εἰς
2513 2096 2740 2153 πολλῶν
2802 2095 3036 2166 ἐπήκοον
3095 2088 3334 2148 ἀνεϐόων
3391 2093 3523 2163 (34).
3582 2088 3685 2145 Καὶ

2049 2186 2415 2261 ἠλευθεροῦτο
2446 2188 2480 2256 ἡ
2513 2186 2829 2262 περέχωρος
2875 2190 3016 2239 πᾶσα
3064 2182 3243 2253 ἐκείνη
3301 2187 3404 2250 τῆς
3464 2183 3687 2254 ζογερᾶς

2053 2274 2226 2329 αὐτῶν
2264 2275 2492 2346 ἀπάτης,
2521 2280 2601 2347 τῷ
2628 2274 2769 2352 φωτί
2806 2295 2866 2329 τε
2912 2271 3321 2347 περιελάμπετο
3376 2275 3476 2339 τῆς
3536 2269 3690 2341 ἄμω-

2057 2366 2233 2438 μήτου
2262 2369 2369 2419 τῶν
2401 2367 2736 2441 Χριστιανῶν
2768 2363 3018 2426 πίστεως.

2126 2540 2347 2616 Ἀμέλει
2400 2541 2489 2596 καὶ
2552 2540 2808 2618 βασιλεὺς
2871 2540 3069 2618 ἀγαθὸν
3146 2545 3304 2595 πᾶσιν
3393 2534 3694 2613 ὑπόδειγμα

2053 2633 2144 2701 ἦν,
2180 2631 2269 2685 καὶ
2301 2628 2550 2693 πολλοὺς
2600 2631 2686 2685 ἐπὶ
2740 2632 2840 2699 τήν
2902 2631 3098 2704 ὁμοίαν
3158 2630 3388 2704 γνώμην
3441 2625 3691 2703 ἀνὲφλεγε

2053 2722 2145 2776 καὶ
2177 2720 2389 2791 ἐξῆπτε.
2420 2724 2675 2775 Τοιοῦτον
2723 2720 2824 2795 γὰρ
2881 2722 2916 2789 ἡ
2977 2717 3212 2789 ἐξουσία·
3273 2720 3686 2794 συμμορφοῦται

2052 2808 2220 2883 ταύτῃ
2251 2810 2331 2864 ἀεὶ
2360 2810 2422 2863 τὸ
2454 2810 2801 2885 ὑποχείριον,
2850 2813 2958 2864 τῶν
3008 2807 3183 2862 αὐτῶν
3229 2826 3288 2861 τε
3337 2803 3490 2883 φιλεῖ
3545 2804 3681 2878 ἕρᾷν,

2052 2900 2272 2953 κάκεῖνα
2302 2895 2637 2968 ἐπιτηδεύειν
2669 2900 2859 2972 οἷσπερ
2910 2896 2968 2951 ἃν
3018 2896 3108 2952 τὸν
3154 2893 3398 2970 ἄρχοντα
3443 2892 3675 2961 αἴσθηται

2056 2988 2319 3063 χαίροντα
2349 2988 2480 3059 (35).
2514 2989 2666 3043 ³09
2700 2988 2999 3055 Ἐντεῦθεν,
3054 2988 3153 3040 τοῦ
3200 2987 3335 3039 Θεοῦ
3379 2983 3676 3054 συνεργοῦν.

2058 3098 2171 3143 τος,
2202 3078 2237 3145 ἡ
2270 3072 2512 3130 εὐσέϐεια
2543 3074 2804 3145 ηὐξάνετο
2836 3073 2887 3129 ἐν
2920 3073 3106 3135 αὐτοῖς
3148 3072 3239 3127 καὶ
3282 3068 3547 3126 ἐπεδίδου.
3588 3065 3687 3121 Καὶ

2059 3163 2204 3226 ὅλως
2238 3165 2302 3233 ἦν
2333 3165 2440 3219 τῶν
2492 3168 2588 3218 τοῦ
2646 3167 2882 3239 Χριστοῦ
2939 3160 3175 3218 ἐντολῶν
3233 3160 3323 3216 καὶ
3380 3167 3480 3230 τῆς
3532 3156 3690 3212 αὐτοῦ

2059 3255 2274 3328 ἀγάπης
2316 3250 2684 3325 ἐξηρτημένος
2731 3253 2759 3307 ὁ
2814 3251 3093 3329 βασιλεὺς,
3138 3250 3431 3322 οἰκονόμος
3489 3269 3548 3302 τε
3600 3249 3693 3300 τοῦ

2060 3340 2231 3417 λόγου
2260 3348 2361 3410 τῆς
2388 3342 2639 3415 χάριτος,
2671 3342 2762 3396 καὶ
2811 3345 3005 3415 ψυχῶν
3054 3336 3395 3414 κυϐερνήτης
3447 3336 3695 3407 πολλῶν,

2060 3430 2135 3493 εἷς
2165 3428 2257 3486 τόν
2290 3427 2488 3502 λιμένα
2517 3434 2614 3484 τοῦ
2670 3435 2807 3485 Θεοῦ
2864 3430 3062 3492 ταύτας
3114 3428 3487 3505 καθορμίζων.
3546 3423 3695 3495 ᾚδει

2059 3520 2161 3595 γὰρ
2205 3523 2366 3574 τοῦτο
2425 3518 2555 3573 εἶναι
2615 3520 2720 3594 πρὸ
2780 3517 2992 3574 πάντων
3055 3518 3321 3594 βασιλέως
3373 3514 3556 3591 ἔργον,
3610 3514 3697 3568 ἳνα

2058 3606 2186 3669 τοὺς
2207 3607 2525 3681 ἀνθρώπους
2584 3605 2770 3682 διδάξῃ
2821 3609 2912 3663 τὸν
2959 3608 3089 3662 Θεὸν
3145 3602 3426 3683 φοϐεῖσθαι
3486 3605 3577 3658 καὶ
3633 3603 3695 3657 τὸ

2061 3694 2267 3751 δίκαιον
2297 3700 2505 3769 τηρεῖν.
2547 3697 2614 3753 ’Ὀ
2660 3693 2725 3764 δὴ
2772 3697 2860 3750 καὶ
2914 3695 3106 3750 ἐποίειο
3156 3694 3344 3749 ἑαυτόν
3393 3714 3451 3747 τε
3502 3692 3579 3755 εἷς
3632 3692 3693 3745 τὸ

2065 3784 2379 3861 βασιλεῦσαι
2410 3790 2517 3839 τῶν
2542 3786 2730 3840 παθῶν
2760 3785 3118 3860 καταρτίζῶν,
3167 3785 3258 3839 καὶ
3305 3789 3422 3847 τοῖς
3462 3783 3550 3837 ὐπ’
3600 3780 3695 3835 αὗ-

2058 3873 2150 3928 τὸν
2178 3874 2251 3932 ὡς
2280 3869 2617 3947 κυϐερνήτης
2646 3871 2862 3945 ἀριστος
2922 3870 3257 3946 διακατέχων
3307 3866 3549 3945 ἀκριϐῶς
3594 3875 3693 3937 τῆς

2062 3961 2313 4033 εὐνομίας
2343 3960 2469 4023 τοὺς
2503 3958 2711 4023 οἷάκας.
2744 3964 2920 4017 Τοῦτο
2967 3963 3067 4035 γὰρ
3110 3961 3236 4035 ’ὀρος
3284 3959 3553 4029 ἀληθινῆς
3604 3960 3695 4031 βα-

2062 4047 2291 4119 σιλείας,
2320 4051 2382 4104 τὸ
2418 4048 2720 4124 βασιλεύειν
2753 4050 2845 4104 καὶ
2874 4055 3091 4125 κρατεῖν
3120 4053 3226 4103 τῶν
3280 4046 3516 4117 ἡδονῶν·
3567 4048 3695 4120 ’ὅπερ

2061 4138 2265 4199 ἐκεῖνος
2309 4137 2500 4194 ἐποίει.
2558 4137 2680 4193 Ἐπὶ
2735 4138 3020 4213 προγόνων
3085 4136 3263 4209 μέντοι
3322 4134 3558 4212 εὐγενείᾳ
3609 4132 3694 4189 καὶ

2059 4230 2129 4301 τῇ
2160 4226 2285 4300 περὶ
2317 4227 2474 4281 αὐτὸν
2508 4223 2645 4300 οὔσῃ
2684 4225 2942 4299 βασιλικῇ
2971 4223 3097 4300 δόξῃ
3161 4222 3424 4298 μηδόλως
3474 4218 3696 4296 ἐναϐρυ-

2060 4314 2309 4388 νόμενος,
2338 4314 2496 4377 εἰδὼς
2527 4314 2609 4370 ὅτι
2641 4314 2877 4386 πήλινον
2905 4314 3106 4389 ἔχομεν
3140 4317 3337 4377 πάντες
3365 4318 3460 4368 τοῦ
3514 4314 3696 4386 γένους

2062 4406 2384 4477 προπάτορα
2441 4406 2577 4477 (36),
2635 4403 2724 4458 καὶ
2777 4407 2872 4458 τοῦ
2930 4403 3091 4458 αὐτοῦ
3168 4402 3479 4481 φυράματος
3536 4400 3687 4471 ἐσμὲν

2060 4490 2321 4546 πλούσιοί
2350 4511 2409 4547 τε
2437 4490 2525 4546 καὶ
2558 4490 2806 4560 πένητες,
2859 4488 2910 4545 ἐν
2960 4485 3181 4563 ἀϐύσσῳ
3229 4489 3288 4545 δὲ
3341 4506 3686 4565 ταπεινοφρο-

2066 4578 2232 4650 σύνης
2259 4579 2341 4635 ἀεὶ
2377 4581 2468 4635 τὸν
2498 4584 2624 4635 νοῦν
2657 4576 2980 4652 ὶμϐἀλλων,
3005 4579 3097 4634 καὶ
3139 4586 3241 4649 τῆς
3288 4578 3477 4635 ἐκεῖθεν
3525 4596 3690 4650 μακα-

525 4754 585 4830 g,
620 4754 648 4830 ῥ
677 4755 920 4830 πᾷςμπλ,
944 4755 1130 4830 Supra
1158 4755 1317 4830 idem
1346 4750 1571 4830 ἀστεῖοι,
1604 4772 1708 4828 pro
1741 4753 1937 4829 ἄρτιον

2058 4744 2132 4815 od
2162 4776 2280 4816 non
2305 4760 2718 4818 omittendum.

526 4826 587 4899 ς,
619 4825 740 4899 ἰερά
771 4822 1164 4899 δὶ-τῷ-θίτεμ.
1191 4822 1640 4899 ἀντῳκοδόμητό.

524 4897 585 4971 (ξ,
617 4894 850 4971 ἐσ’θί-καὶ
881 4894 1008 4959 τοὺς
1038 4894 1163 4971 Θησ.
1340 4898 1399 4954 Ἰ.
1432 4894 1575 4971 ἀνετ.

384 4964 497 5048 (θ3)
530 4967 607 5048 C,‘
629 4968 679 5048 οἱ
712 4964 769 5021 δὲ
798 4972 916 5048 τοῖς
946 4964 1099 5027 ναοῖς
1132 4964 1357 5048 ἐκείνοις
1380 4970 1481 5048 καὶ.
1495 4971 1739 5048 βωμοῖς.
1767 5002 1836 5014 -
1870 4972 1940 5029 Si]

2055 4990 2097 5030 .a
2127 4975 2199 5033 ef.
2235 4992 2292 5048 p.
2329 4978 2449 5032 320.
2478 4976 2767 5033 Minucius
2797 4976 2917 5034 Fel.
2949 4992 2999 5031 c.
3028 4978 3127 5030 27:
3162 4996 3190 5026 ι(
3223 4971 3703 5031 άωιηοιιεε...ειιὶ›

315 5038 525 5111 statuis
539 5039 1002 5111 _et_imaginibus
1034 5041 1360 5095 consecrati
1392 5038 1766 5098 delitescunt.
1799 5066 1827 5095 »

387 5106 499 5176 (34)
529 5108 591 5187 Ο,
622 5103 817 5187 ἐϐόων.
850 5110 1144 5187 Libanius_
1160 5112 1332 5182 epist.
1360 5115 1493 5187 ’,ΞΟ-ε
1553 5113 1631 5169 Τὸ
1689 5133 1790 5187 γαρ

1897 5114 2077 5191 ρυσίον
2132 5114 2492 5191 εἷσπραττὲτω
2544 5118 2663 5190 μὶν,
2710 5116 3069 5191 εἶσπραττὲτω
3214 5117 3360 5191 παρὰ
3381 5120 3491 5191 τῶν
3523 5114 3709 5172 λελοι-

387 5133 499 5176 κοαν)
529 5133 589 5174 υ,
622 5133 817 5166 εοοων.
852 5133 1128 5166 Lwanlus
1160 5133 1332 5182 eplSL.
1394 5133 1493 5167 ZU:
1553 5133 1631 5169 '1'0
1689 5133 1790 5187 γαρ
1897 5135 1940 5186 ρι

315 5174 501 5278 πότέυν
532 5176 632 5278 xiv
662 5180 831 5248 τάξιν,
864 5180 950 5234 καὶ
982 5179 1201 5255 προσέτι
1232 5200 1291 5255 γε
1318 5184 1425 5278 τῶν
1458 5133 1940 5278 ἠπατῃκότων.ἒ(]

450 5250 477 5278 θ(
654 5267 824 5278 Iun-nm
861 5255 1212 5278 nh“‘n-‘:-—A
1252 5270 1352 5278 ΑΑ-ι
1437 5260 1552 5278 ι--Α
1689 5274 1799 5278 ..-μ
1855 5260 1940 5278 nn:

2055 5137 2077 5170 ν
2132 5133 2492 5191 εισπραττετω
2544 5133 2663 5190 μεν,
2710 5133 3069 5191 εισπραττετω
3124 5133 3177 5171 οι
3214 5136 3360 5191 παρα
3381 5138 3491 5171 των
3523 5133 3566 5171 Λι

2055 5206 2063 5242 :
2088 5192 2248 5278 3‘03?
2282 5189 2954 5278 additapraap‘ositione:
2986 5193 3100 5278 Τῶν
3130 5187 3566 5278 ἐξηπατηκότων.

390 5240 620 5330 (35),Αᾶ
652 5240 829 5330 quam
861 5240 1218 5330 sententiam
1239 5240 1416 5330 :copf.
1437 5240 1579 5330 tom.
1613 5240 1658 5330 l,
1689 5240 1940 5330 pag.V3—3l

2055 5240 2063 5314 ζ
2094 5240 2150 5317 ιζ
2168 5240 2607 5316 ’ἠξιεῖἰίἆέῗιίᾏὲιῖ

2689 5278 2822 5346 ςωο.
2854 5278 2981 5349 cap.
3017 5265 3081 5315 19
3106 5257 3211 5349 :‘ﬁA
3237 5259 3336 5334 γὰρ
3368 5257 3705 5349 ἄνμεμτράτ-

310 5335 474 5371 τοντα
505 5318 749 5445 θεωρῶσι
776 5322 935 5444 800d.
961 5327 1095 5378 2991
1131 5327 1199 5392 Α,
1231 5323 1444 5405 ὁρῶσι),
1484 5326 1551 5378 τὰ
1595 5318 1729 5382 αὐτά
1767 5318 1872 5381 ita?
1927 5318 2078 5384 αὐτοῖ
2134 5330 2386 5403 πράττειν
2444 5332 2817 5405 συνενεχθῶσι·
2849 5318 3053 5405 πέᾧυκε
3083 5330 3149 5406 γά
3215 5318 3333 5391 π’ωξτ
3361 5336 3480 5393 ταῖς
3510 5318 3594 5387 ἄρ’
3624 5336 3706 5390 αῖς

314 5384 603 5459 συμμεταϐ
639 5387 773 5444 λλεσ
809 5410 862 5443 αι
890 5392 951 5445 τὸ
988 5393 1255 5459 ὑπήκοον.
1289 5395 1430 5451 Vide
1461 5399 1701 5459 Rupert.
1735 5398 1808 5453 ad
1837 5402 1897 5454 T.
1928 5402 2042 5459 Liv.
2074 5407 2113 5459 ι.
2145 5406 2206 5457 21
2235 5421 2252 5459 :
2301 5408 2377 5459 et.
2428 5404 2528 5459 aui
2562 5405 2919 5459 sententiam
2946 5351 3234 5459 exemplis
3263 5349 3703 5459 illustravityhi-

314 5384 773 5459 συμμεταϐὶλλεσ

442 5392 862 5476 μεταϐἑλλεσθαι
890 5392 951 5474 τό
988 5392 1430 5476 ὑπήκοονςνίάᾲ
1461 5399 1701 5476 Rup_el_'t.
1735 5398 1808 5453 ad
1837 5402 1897 5476 Τἶ
1919 5402 1940 5476 il

2074 5407 2113 5469 i,
2145 5392 2206 5457 2'1
2235 5421 2252 5472 ;
2301 5408 2377 5473 et,
2428 5404 2528 5474 qui
2562 5392 3154 5475 sententiam'exenip

312 5464 567 5543 διοικίζοίῇ
602 5464 896 5543 Geamogn.
928 5464 991 5518 in
1021 5466 1181 5521 Mise.
1215 5466 1367 5543 Lips.
1403 5464 1675 5543 tomflll,
1709 5486 1838 5543 pag.
1873 5474 1997 5527 290.

3182 5403 3234 5459 is
3263 5389 3703 5459 illustravitnbi-

378 5532 493 5623 (73,6)
520 5534 777 5623 ﬁasilius
806 5536 948 5594 Mac.
982 5552 1160 5607 praec.
1192 5552 1243 5594 c.
1273 5532 1339 5591 {4
1364 5553 1377 5592 :
1406 5535 1592 5609 Πηλὸς
1622 5532 1909 5613 η’μῶνντοῦ
1939 5568 1940 5571 η

2055 5562 2129 5605 mc
2174 5542 2249 5605 εἷς
2300 5544 2532 5622 ὑπάρχει
2563 5546 2885 5623 προπάτωρ,
2914 5540 3010 5602 κᾶν
3037 5545 3155 5601 κατ’
3182 5542 3453 5616 ἀλλήλων
3486 5544 3539 5602 οἱ
3570 5542 3700 5619 χόες

308 5602 625 5683 γυσώμεθα.
