3964 6144
361 257 499 319 1181

1524 269 1695 325 VITA
1731 261 2082 324 ιΔΒῐιΔᾹΠ
2116 259 2211 320 ET
2245 262 2588 320 JOASAPH.

3596 265 3749 324 Ηω

348 386 618 470 ’βιότητος
655 387 1023 460 μεμνημένος,
1055 385 1314 464 πάροικον
1377 391 1472 462 μὶν
1523 389 1711 445 ἑαυτὸν
1757 391 1993 463 (3'7)1:&'n

2117 403 2323 443 omnes
2360 385 2596 460 generis
2647 388 2948 441 auctorem
2999 385 3307 454 habemus,
3362 388 3756 464 ejusdemque

357 474 584 538 ἐνταῦθα
648 473 951 550 ἐλογίζετο,
1012 475 1189 532 ἐκεῖνα
1247 473 1305 532 δὲ
1362 477 1645 552 ἐγίνωσκεν
1701 475 1814 532 ἴδια
1865 477 1998 532 εἶναι

2117 477 2345 548 argillaa
2369 491 2660 547 pauperas
2677 491 2844 545 aeque
2863 489 2929 530 ac
2945 473 3153 529 divites
3175 476 3428 548 sumus),
3460 494 3663 534 verum
3692 483 3755 536 in

357 563 432 616 ὧν
465 562 526 617 ἂν
575 562 710 637 μετᾶ
761 564 862 632 τήν
921 564 1130 629 ἐνθένδε
1183 565 1348 641 τύχοι
1409 563 1696 640 ἐκδημίαν.
1741 565 1891 623 Ἐπεὶ
1945 563 1993 621 Si

2111 565 2466 619 humilitatis
2492 563 2772 634 abyssum
2807 569 3067 618 mentem
3100 578 3266 618 suam
3310 565 3545 621 assidue
3561 569 3751 640 conji-

356 651 531 707 πάντα
585 651 769 714 καλῶς
822 655 967 728 εἶχεν
1021 654 1190 728 αὐτῷ,
1251 654 1340 710 καὶ
1397 656 1599 720 πάντας
1663 657 1819 714 810
1871 652 2000 716 τοὺς

367 741 472 796 ὑπὸ
504 746 664 816 χεῖρα
719 747 821 810 τῆς
871 741 1107 804 παλαιᾶς
1165 743 1484 815 ἀπαλλάξας
1536 743 1751 815 πλάνης
1797 762 2001 817 πατρο-

2111 653 2668 723 ciens,futuramque
2682 652 3110 707 beatitudinem
3124 653 3311 707 animo
3327 659 3386 708 et
3397 655 3747 726 cogitatione

2114 741 2904 812 complectens,inquilinum
2923 741 3018 796 hic
3041 741 3299 812 seipsum
3324 758 3450 797 esse
3473 743 3745 812 ducebat;

355 827 694 903 παραδότου,
755 827 985 894 δούλους
1044 833 1328 908 εἰργάσατο
1411 837 1507 888 τοῦ
1580 832 1993 908 ἐξαγοράσαντος

2111 845 2179 883 ea
2199 834 2397 884 autem
2419 830 2657 901 propria
2683 846 2810 884 esse
2836 830 3147 898 statuebat,
3174 830 3388 901 quibus
3415 837 3548 902 post
3571 833 3750 904 hujus

355 921 504 993 ἡμᾶς
526 926 627 988 τῆς
684 924 929 996 πονηρᾶς
976 917 1229 986 δουλείας
1281 925 1360 994 τῷ
1415 920 1588 995 τιμίῳ
1665 923 1832 978 αὐτοῦ
1911 921 1998 976 αἳ-

359 1028 486 1082 ματι
519 1011 652 1079 (38),
684 1005 932 1080 δεύτερον
963 1007 1138 1064 ἐννοεῖ
1203 1008 1388 1086 ἔργον,
1442 1011 1542 1080 τήν
1593 1017 1694 1080 τῆς
1753 1008 1996 1073 εὐποιίας

352 1097 574 1171 ἀρετήν.
606 1097 942 1172 Σωφροσύνη
973 1099 1075 1174 γὰρ
1105 1099 1194 1153 καὶ
1220 1093 1530 1168 δικαιοσύνη
1583 1097 1693 1170 ἤδη
1752 1119 1998 1175 προκατ-

355 1185 582 1258 ώροωτο
632 1185 802 1257 αὐτῷ,
862 1186 938 1247 ὡς
1003 1187 1094 1242 τὸν
1147 1187 1403 1266 στέφανον
1486 1194 1589 1258 τῆς
1643 1186 1996 1262 σωφροσύνης

354 1270 748 1346 ἀναδησαμένῳ
776 1274 867 1329 καὶ
895 1275 994 1344 τὴν
1026 1275 1307 1352 πορφύραν
1335 1278 1435 1346 τῆς
1493 1273 1837 1346 δικαιοσύνης
1887 1276 1996 1349 ἀμ-

356 1363 697 1440 φιασαμένῳ.
756 1362 988 1418 Ἑνενόει
1046 1367 1136 1417 οὖν
1195 1368 1292 1418 τοῦ
1339 1365 1585 1440 ἐπιγείου
1631 1363 1874 1420 πλούτου
1929 1364 1993 1418 τὸ

351 1451 578 1506 ἄστατον
629 1450 913 1524 ποταμίων
976 1448 1181 1507 ὑδάτων
1245 1455 1528 1526 μιμεῖσθαι
1585 1453 1678 1508 τὸν
1760 1451 1990 1528 δρόμον.

2106 918 2236 972 vitm
2266 918 2803 990 peregrinationem
2833 917 3146 974 frueretur.
3197 920 3342 974 Cum
3391 925 3591 976 autem
3622 921 3748 977 hinc

2105 1007 2388 1078 praeclare
2403 1008 2700 1079 gessisset,
2725 1012 2902 1078 atque
2923 1024 3133 1063 omnes
3163 1009 3377 1079 quibus
3409 1016 3682 1080 praeerat,
3713 1029 3748 1067 a

2104 1095 2286 1150 veteri
2307 1100 2484 1167 atque
2499 1113 2533 1151 a
2547 1095 2813 1168 patribus
2831 1096 3046 1150 tradito
3070 1113 3268 1152 errore
3294 1097 3593 1166 liberatos,
3619 1101 3750 1171 ejus

2107 1185 2207 1254 qui
2229 1200 2337 1240 nos
2357 1185 2618 1256 pretioso
2636 1201 2740 1240 suo
2765 1184 3050 1256 sanguine
3067 1201 3139 1240 ex
3157 1187 3318 1241 mala
3339 1188 3619 1242 servitute
3648 1203 3747 1243 re—

2105 1272 2494 1330 demitservos
2508 1274 3097 1344 eﬂ’ecisset,posteaid
3109 1276 3308 1330 animo
3319 1276 3538 1348 agitare
3551 1277 3746 1349 coepit,

2105 1368 2171 1418 ut
2199 1363 2608 1418 beneﬁcentiae
2637 1379 2705 1418 ac
2734 1362 3063 1435 largitionis
3110 1364 3385 1420 virtutem
3431 1366 3744 1422 excoleret.

2103 1454 2247 1508 Nam
2278 1452 2733 1524 temperantiam
2785 1451 3025 1523 quidem
3063 1468 3130 1506 ac
3153 1453 3450 1524 justitiam
3481 1455 3747 1510 numeris

349 1539 497 1594 Ἐκεῖ
551 1537 728 1594 τοίνυν
787 1536 1010 1594 ἔσπευδε
1062 1545 1255 1596 τοῦτον
1302 1541 1617 1612 ἀποθέσθαι,
1677 1540 1818 1597 ὅπου
1870 1540 1992 1596 οὕτε

2105 1541 2221 1613 iam
2234 1541 2512 1596 omnibus
2523 1541 3063 1611 absolverat,ut-qui
3085 1546 3146 1596 et
3160 1543 3564 1612 temperantia
3577 1560 3744 1599 coro-

345 1629 447 1698 οής
502 1624 624 1683 οὕτε
683 1629 884 1704 βρῶσις
942 1628 1214 1706 ἀφανίζει,
1271 1631 1362 1685 καὶ
1450 1631 1587 1686 ὅπου
1643 1629 1875 1686 κλέπται
1927 1629 1990 1684 ού

2101 1646 2179 1685 na
2190 1630 2612 1701 redimitus,etj
2623 1629 2839 1684 ustitia)
2853 1645 3114 1700 purpura
3125 1632 3381 1686 convesti
3391 1637 3482 1686 tus
3491 1633 3746 1688 esset.Il-

348 1714 722 1788 διορύσσουσιν
781 1715 907 1772 οὐδὲ
955 1717 1251 1774 κλέπτουσι
1308 1722 1440 1792 (39).
1514 1721 1614 1774 Καὶ
1664 1717 1730 1788 δὴ
1788 1719 1988 1793 ἤρξατο

2105 1719 2203 1774 lud
2218 1720 2394 1791 igitur
2404 1718 3305 1783 animadvertebat,terrenarum
3319 1736 3496 1791 Opum
3510 1720 3745 1776 incons-

343 1804 515 1860 πάντα
538 1811 654 1867 τοῖς
694 1807 885 1877 πένησι
940 1803 1208 1880 διανέμειν
1265 1809 1333 1862 τὰ
1388 1809 1673 1884 χρήματα,
1726 1804 1988 1880 μηδόλως

347 1895 523 1949 αὐτῶν
557 1891 895 1972 φειδόμενος.
929 1895 1083 1964 ᾝδει
1133 1898 1238 1972 γὰρ
1295 1897 1370 1960 ὡς
1416 1897 1444 1951 ὁ
1479 1895 1723 1974 μεγάλης
1752 1896 1992 1967 ἐξουσίας

346 1979 751 2058 ἐπιλαϐόμενος
777 1984 870 2040 τὸν
932 1982 1138 2060 δοτῆρα
1191 1991 1296 2054 τῆς
1347 1985 1582 2056 ἐξουσίας
1637 1985 1844 2065 ὀφείλει
1900 2003 1993 2058 μι-

347 2077 566 2146 μεῖσθαι
595 2072 734 2127 κατὰ
765 2070 1019 2146 δύναμιν,
1053 2071 1106 2126 έν
1137 2073 1318 2146 τούτῳ
1345 2069 1410 2128 81-.
1454 2071 1690 2146 μάλιστα
1737 2073 1829 2130 τὸν
1861 2075 1988 2129 Θεὸν

351 2162 674 2234 μιμήσεται,
704 2160 757 2214 έν
790 2163 868 2232 τῷ
902 2158 1072 2234 μηδὲν
1118 2163 1366 2235 ¹ἡγεῖσθαι
1425 2166 1522 2217 τοῦ
1571 2160 1740 2218 ἐλεεῖν
1794 2181 1991 2237 προτι-

349 2250 575 2323 μότερον
607 2253 736 2322 (40).
768 2250 929 2324 Ὑπὲρ
959 2248 1188 2325 χρυσίον
1213 2249 1302 2304 οὖν
1353 2250 1445 2306 καὶ
1480 2250 1633 2306 λίθον
1660 2250 1844 2324 τίμιον
1889 2257 1991 2320 τῆς

345 2336 588 2400 εὐποιίας
612 2338 708 2393 τὸν
739 2335 978 2392 πλοῦτον
1011 2340 1186 2411 έαυτῳ
1215 2339 1577 2416 συναθροίζων
1606 2339 1698 2409 ἦν,
1755 2341 1846 2395 τὸν
1899 2347 1992 2400 καὶ

345 2424 452 2481 ὦδε
475 2425 931 2502 κατευφραίνοντα
959 2430 1028 2500 τῇ
1059 2424 1248 2482 ἐλπίδι
1275 2430 1379 2497 τῆς
1410 2426 1723 2500 μελλούσης
1751 2427 1993 2484 ἀπολαύ-

346 2535 505 2585 σεως,
550 2512 704 2570 ἠκεῖ
756 2511 1262 2590 καταγλυκαίνοντα
1317 2516 1388 2586 τῇ
1444 2515 1606 2590 πείρᾳ
1681 2519 1780 2582 τῆς
1837 2515 1994 2571 ἐλπι-

347 2604 564 2674 σθείσης
647 2603 1072 2678 μακαριότητος.
1134 2606 1414 2661 Ἐντεῦθεν
1463 2606 1778 2678 ἡρευνῶντο
1848 2605 1994 2678 αὐτῷ

352 2690 606 2765 calami,
641 2693 692 2746 οἱ
722 2689 774 2745 ἐν
829 2691 1128 2765 μετάλλοις
1182 2690 1721 2766 κατακεκλεισμένοι,
1780 2693 1833 2748 οἱ
1891 2693 1995 2748 ὑπὸ

351 2778 637 2834 δανειστῶν
697 2779 1151 2857 συμπνιγόμενοιο
1211 2781 1323 2853 καὶ,
1377 2784 1538 2836 πᾶσιν
1598 2781 1846 2858 ἀφθόνως
1882 2777 1996 2836 ἔπι-

353 2873 613 2944 χορηγῶν
647 2870 842 2941 πάντα,
873 2871 1053 2945 πατήρ
1080 2870 1146 2938 ἦν
1191 2870 1442 2925 ἀπάντων
1489 2875 1598 2925 τῶν
1654 2872 1906 2949 ὀρφανῶν
1938 2891 1996 2927 τε

347 2957 438 3013 καὶ
469 2958 661 3032 χηρῶν
693 2958 784 3013 καὶ
815 2959 1062 3029 πενήτων
1093 2963 1228 3033 (41),
1279 2963 1424 3016 III
1465 2960 1645 3036 πατὴρ
1703 2959 1994 3038 φιλόστορ-

347 3068 443 3122 γος
472 3049 561 3102 καὶ
595 3049 814 3122 ἀγαθὸς,
843 3049 1029 3103 ἑαυτὸν
1087 3047 1263 3104 δοκῶν
1319 3049 1617 3126 εὐεργετεῖν
1675 3048 1735 3104 ἐκ
1763 3057 1862 3120 τῆς
1913 3049 1989 3113 εἰς

2100 1809 2348 1863 tantiam
2361 1808 2784 1879 proﬂuentium
2799 1823 3086 1877 aquarum
3102 1824 3339 1863 cursum
3353 1807 3743 1880 imitarizquo-

2100 1897 2256 1952 circa
2270 1897 2392 1952 illic
2405 1913 2503 1952 eas
2516 1897 2838 1952 recondere
2864 1893 3238 1968 properabat,
3262 1897 3361 1952 ubi
3377 1914 3570 1969 neque
3583 1900 3746 1954 tinea

2099 2003 2294 2057 neque
2308 1985 2510 2057 rubigo
2527 1985 2981 2051 demolitur,nec
2994 1985 3151 2040 fures
3165 1986 3744 2042 eil‘odiuntacfuran-

2103 2079 2219 2140 tur;
2242 2075 2442 2145 itaque
2465 2074 2594 2128 sine
2623 2074 2747 2128 ulla
2767 2074 3140 2145 purcimonia
3164 2071 3448 2144 pecunias
3459 2075 3740 2130 omnesin

2097 2178 2391 2234 pauperes
2410 2161 2764 2216 distribuere
2782 2161 2974 2232 capit.
3007 2161 3160 2216 Illud
3173 2162 3334 2217 enim
3363 2167 3739 2233 perspectum

2100 2249 2374 2316 habebat,
2407 2249 2460 2304 ei
2490 2249 2590 2320 qui
2632 2249 2706 2304 ad
2731 2249 3029 2321 ingentem
3053 2249 3380 2320 potentiam
3409 2251 3744 2320 pervenerit

2102 2339 2429 2395 curandum
2459 2355 2586 2393 esse
2617 2342 2683 2392 ut
2711 2353 2847 2392 eum
2877 2337 3046 2409 cujus
3091 2337 3380 2394 beneﬂcio
3414 2339 3739 2409 potentiam

2102 2433 2453 2484 consecutus
2483 2427 2562 2482 sit
2589 2443 2694 2497 pro
2723 2426 2944 2481 viribus
2966 2426 3268 2494 imitetur;
3298 2427 3410 2482 hac
3439 2443 3614 2498 porro
3645 2443 3737 2482 ra-

2101 2518 2261 2572 tione
2293 2532 2427 2571 eum
2457 2515 2530 2570 ad
2561 2514 2662 2570 Dei
2699 2515 3090 2570 imitationem
3149 2531 3526 2570 accessurum
3585 2532 3738 2584 esse,

2104 2606 2153 2660 si
2182 2605 2333 2660 nihil
2363 2603 2771 2659 misericordia
2817 2603 3013 2673 potius
3048 2607 3230 2674 atque
3274 2603 3578 2673 antiquius
3620 2603 3738 2657 du-

2103 2699 2215 2749 cat.
2247 2691 2642 2758 Quamobrem
2673 2690 2909 2762 pietatis
2938 2705 3102 2762 Opes,
3137 2707 3266 2762 qua:
3301 2695 3360 2746 et
3403 2690 3500 2746 hic
3525 2690 3739 2746 futura

2101 2781 2416 2852 voluptatis
2443 2796 2546 2852 spe
2575 2780 2839 2834 animum
2870 2779 3192 2848 oblectant,
3224 2784 3284 2834 et
3323 2779 3446 2834 illic
3493 2785 3740 2850 sperate

2101 2869 2485 2925 beatitudinis
2513 2868 2708 2923 fructu
2737 2868 3003 2923 animum
3043 2867 3395 2935 exhilarant,
3429 2884 3606 2939 super
3635 2883 3741 2922 au-

2101 2975 2235 3014 rum
2266 2963 2324 3012 et
2352 2957 2610 3029 lapidem
2640 2957 2965 3028 pretiosum
3005 2957 3116 3012 sibi
3166 2956 3497 3029 aggerebat.
3531 2959 3742 3010 Postea

2104 3062 2370 3125 carceres
2400 3062 2537 3101 suos
2575 3050 2975 3118 perscrutans,
3007 3049 3133 3100 tum
3162 3045 3235 3101 iis
3266 3045 3366 3116 qui
3397 3045 3472 3100 ad
3501 3044 3743 3099 metalla

394 3100 441 3110 __
600 3100 625 3103 _,
669 3100 814 3118 ,νυ-η
1322 3100 1402 3104 -_-
1485 3100 1608 3104 ---__
1678 3100 1735 3104 ---
1776 3100 1860 3120 --μ
1915 3100 1986 3113 --τ

350 3100 545 3198 άύτοὺς
573 3100 869 3211 γεύομένης
904 3136 1224 3214 εὐεργεσίας.
1280 3100 1702 3214 Πλούάίύδωρος
1757 3138 1860 3214 γὰρ
1913 3133 1986 3192 ὤν

2105 3121 2369 3193 domnati
2392 3142 2711 3204 erant,tum
2730 3138 2801 3193 iis
2825 3138 2925 3209 qui
2949 3153 2982 3192 a
3001 3137 3394 3192 creditoribus
3409 3135 3742 3208 strangula-

349 3225 450 3292 τήν
482 3225 667 3298 ψυχὴν
700 3225 790 3279 καὶ
819 3229 898 3298 τῷ
929 3221 1040 3282 ὄντι
1103 3225 1550 3300 βασιλικώτατος,
1610 3232 1769 3281 πᾶσιν
1810 3223 1990 3281 ἔδίδου

2105 3226 2406 3293 bantur,ac
2428 3226 2686 3297 denique
2700 3227 2976 3281 omnibus
2992 3225 3193 3281 omnia
3207 3227 3442 3298 copiose
3455 3223 3743 3279 submini-

354 3309 604 3385 δαψιλῶς
631 3318 747 3375 τοῖς
779 3313 1096 3388 χρῄζουσινο
1129 3315 1596 3390 ἀπειροπλασίους
1625 3316 1729 3392 γὰρ
1760 3314 1987 3386 ἤλπιζεν

356 3401 489 3477 ὑπὲρ
519 3401 726 3456 τούτων
759 3397 996 3476 ἀμοιϐὰς
1026 3403 1372 3477 κομίσασθαι,
1406 3404 1529 3459 ὅταν
1561 3400 1695 3478 ἔλθῃ
1727 3403 1756 3458 ὁ
1804 3402 1991 3480 καιρὰς

345 3496 452 3559 τῆς
480 3494 586 3545 τῶν
619 3487 794 3566 ἔργων
823 3489 1262 3554 ἀνταποδόσεως.

2100 3315 2505 3386 strabat.0rph
2514 3331 2586 3368 an
2595 3331 2764 3369 orum
2779 3315 3045 3369 omnium
3061 3319 3119 3368 et
3131 3313 3436 3368 viduarum
3451 3328 3516 3368 ac
3527 3327 3743 3384 paupe-

2099 3419 2232 3458 rum
2263 3407 2431 3474 pater
2461 3401 2928 3474 erat,indulgens
2959 3404 3206 3473 inquam
3236 3419 3302 3458 ac
3332 3402 3624 3474 benignus
3641 3417 3742 3472 pa-

2100 3496 2213 3557 ter,
2240 3497 2416 3562 atque
2438 3492 2521 3547 ita
2541 3496 2934 3563 comparatus,
2953 3497 3020 3545 ut
3048 3491 3308 3562 seipsum
3337 3490 3629 3546 beneflcio
3652 3489 3736 3545 af-

373 3583 546 3636 ficere
579 3581 963 3650 existimaret,
997 3599 1131 3638 cum
1163 3583 1224 3637 in
1254 3599 1353 3638 eos
1383 3582 1659 3638 beneficii
1684 3581 1909 3652 aliquid
1933 3579 2223 3636 conferre.
2256 3582 2401 3635 Nam
2423 3597 2559 3636 cum
2590 3581 2787 3635 animo
2809 3579 3228 3634 liberalissimo
3279 3596 3346 3634 ac
3401 3594 3534 3634 vere
3577 3578 3737 3649 regio

354 3670 636 3741 praeditus
659 3675 835 3738 esset,
867 3671 1174 3743 egentibus
1207 3671 1482 3727 omnibus
1503 3672 1727 3727 affatim
1758 3670 2091 3736 tribuebat;
2125 3685 2240 3740 quo
2271 3669 2502 3723 scilicet
2528 3669 2778 3723 inﬁnitis
2808 3668 3072 3740 partibus
3094 3668 3381 3739 majorem
3401 3666 3738 3723 mercedem

359 3757 500 3812 hinc
525 3763 812 3830 speraret,
846 3775 981 3813 cum
1007 3763 1239 3830 tempus
1269 3758 1418 3813 illud
1442 3759 1777 3814 advenisset
1801 3774 1916 3830 quo
1939 3771 2166 3812 merces
2197 3756 2532 3812 actionibus
2563 3755 2943 3828 rependenda
2973 3761 3146 3811 esset.

429 3847 719 3920 Πανταχοῦ
751 3842 809 3899 δὲ
834 3851 933 3914 τῆς
961 3845 1220 3915 τοιαύτης
1275 3845 1438 3900 αὐτοῦ
1491 3848 1682 3920 φήμης
1733 3845 1785 3900 ἐν
1817 3843 1996 3922 ὁλίφῳ

357 3927 766 4004 διαϐαινούσης,
798 3933 992 3995 πάντες
1023 3935 1160 4007 πρὸς
1203 3932 1384 4003 αὐτὸν,
1448 3933 1627 4009 ὥσπερ
1687 3933 1790 3989 ὑπὸ
1846 3953 1994 3997 τινος

358 4022 535 4094 ὀσμῆς
573 4021 746 4098 μύρου
799 4027 1172 4095 κεκινημένοι,
1227 4023 1344 4077 καθ’
1401 4022 1627 4093 ἑκάστην
1687 4021 1993 4099 συνέρρεον,

359 4104 624 4178 σωμάτων
655 4126 714 4160 τε
771 4106 912 4178 ὁμοῦ
967 4105 1058 4160 καὶ
1111 4108 1303 4179 ψυχῶν
1357 4106 1544 4160 πενίαν
1591 4105 1991 4179 ἀποτιθέμενοι,

357 4194 445 4248 καὶ
478 4193 530 4249 ἐν
559 4199 675 4256 τοῖς
704 4195 957 4250 ἁπάντων
989 4195 1252 4268 στόμασιν
1293 4196 1358 4263 ἦν
1401 4197 1531 4269 (42).
1592 4195 1714 4271 Οὐχ
1743 4197 1771 4251 ὁ
1828 4191 1994 4274 φόϐος

358 4283 462 4359 γὰρ
489 4284 577 4338 καὶ
609 4285 645 4352 ἡ
669 4284 920 4359 τυραννὶς
973 4283 1120 4338 εἷλκε
1173 4283 1265 4338 τὸν
1320 4281 1478 4352 λαὸν,
1506 4282 1633 4339 ἀλλ’
1654 4285 1682 4338 ὁ
1708 4286 1875 4348 πόθος
1903 4285 1993 4339 καὶ

2174 3844 2318 3899 Cum
2341 3850 2539 3901 autem
2553 3845 2652 3917 huj
2663 3845 2897 3900 usmodi
2919 3845 3105 3916 ipsius
3123 3844 3282 3900 fama
3301 3842 3460 3899 brevi
3479 3857 3740 3915 quaqua-

2101 3949 2336 3989 versum
2355 3950 2559 4006 sparsa
2577 3938 2965 4002 esset,omnes
2986 3933 3058 3989 ad
3077 3949 3212 3989 eum
3225 3938 3511 4004 tanquam
3541 3931 3739 4003 aliquo

2102 4023 2388 4095 unguenti
2409 4023 2588 4079 odore
2619 4023 2920 4091 concitati,
2954 4022 3216 4093 quotidie
3246 4021 3645 4088 conﬂuebant,
3675 4023 3744 4073 ut

2102 4115 2228 4166 tum
2260 4129 2594 4183 corporum,
2626 4117 2752 4167 tum
2784 4113 3115 4167 animarum
3138 4114 3545 4182 paupertatem
3566 4123 3741 4163 excu-

2102 4204 2498 4272 terent;atque
2521 4201 2646 4272 ipse
2669 4199 2944 4255 omnibus
2975 4200 3038 4254 in
3061 4215 3160 4254 ore
3180 4204 3324 4255 erat.
3356 4201 3554 4268 Neque
3579 4197 3739 4252 enim

2103 4294 2293 4344 terror
2313 4305 2380 4344 ac
2405 4289 2712 4360 tyrannica
2732 4290 2816 4344 vis
2829 4288 3112 4360 populum
3135 4288 3742 4359 pertrahebat,verum

360 4373 395 4441 ἡ
426 4372 561 4448 πρὸς
593 4370 750 4426 αὐτὸν
783 4370 842 4426 ἐκ
887 4369 1111 4444 καρδίας
1159 4370 1366 4446 ἀγάπη,
1424 4373 1545 4442 ἣτις
1601 4371 1660 4426 ἐκ
1715 4374 1852 4430 Osci}
1906 4373 1993 4427 καὶ

2105 4377 2463 4432 desiderium
2485 4394 2552 4432 ac
2574 4378 2840 4433 sincerus
2863 4394 2998 4450 erga
3020 4393 3149 4433 eam
3167 4394 3353 4443 amor,
3383 4376 3484 4448 qui
3501 4375 3741 4446 quidem

360 4467 459 4530 τῆς
496 4459 661 4515 αὐτοῦ
689 4457 990 4530 καλλίστης
1020 4457 1304 4522 πολιτείας
1336 4460 1653 4536 ἐνεφυτεύθη
1678 4466 1797 4524 ταῖς
1853 4463 1990 4517 πάν-

359 4570 468 4605 των
497 4551 722 4623 ψυχαῖς.
780 4546 911 4602 Τότε
967 4545 1034 4616 δὴ
1064 4547 1187 4602 τότε
1238 4547 1330 4602 καὶ
1382 4550 1434 4603 οἳ
1483 4553 1560 4621 τῷ
1615 4549 1779 4625 πατρὶ
1828 4551 1994 4606 αὐτοῦ

369 4636 717 4710 ὑποκείμεναι
774 4634 922 4708 αύτῷ
978 4634 1191 4710 μᾶλλον
1249 4637 1648 4709 προσετίθεντο,
1726 4639 1839 4709 καὶ,
1895 4641 1997 4708 τὴν

2102 4466 2382 4522 divinitus
2399 4471 2576 4538 atque
2590 4484 2657 4521 ex
2673 4467 3360 4538 przrstantissimaipsius
3372 4467 3504 4520 vitae
3515 4465 3744 4520 ratione

2104 4557 2166 4611 in
2191 4556 2457 4610 omnium
2481 4555 2695 4611 animis
2713 4555 2931 4611 insitus
2948 4556 3243 4611 erat.Tum
3265 4555 3464 4628 igitur,
3496 4554 3742 4625 tum,in-

2107 4644 2357 4716 quam,ii
2380 4661 2613 4717 quoque
2637 4645 2737 4716 qui
2760 4645 2868 4702 sub
2881 4645 3067 4718 patris
3083 4645 3269 4718 ipsius
3286 4644 3534 4716 imperio
3553 4646 3742 4710 erant,

577 4780 730 4861 Ῑξεςξιὶἐ
767 4796 1004 4861 ιιι-ιδῃ,
1033 4781 1168 4861 ﬁgi
1186 4783 1460 4854 Παροικος
1487 4777 1594 4854 ἰγώ
1617 4778 1737 4854 εἶμι
1770 4777 1822 4836 έν
1848 4785 1918 4855 τῇ
1948 4788 1993 4858 γὲ

2105 4784 2143 4840 ιὶ
2171 4783 2440 4860 παρεπίδη
2453 4805 2576 4860 μος,
2608 4787 2788 4852 καθὼς
2818 4787 3011 4850 πάντες
3042 4786 3094 4842 οἱ
3122 4787 3348 4861 πατέρες
3384 4803 3510 4858 μου.

437 4852 547 4923 (38)
579 4852 744 4907 Conf.
778 4869 836 4923 p.
872 4853 971 4906 178
993 4857 1050 4906 et
1071 4853 1192 4906 326.

438 4926 546 4994 (39)
587 4923 750 4978 Conf.
781 4939 910 4994 pag.
943 4925 1031 4989 91,
1065 4939 1124 4979 n.
1148 4925 1239 4976 93.

436 4992 549 5064 (40)
581 4995 661 5048 De
699 4992 1014 5062 sententia,
1048 4995 1233 5048 Deum
1265 4992 1487 5048 imitari
1537 4993 1636 5064 qui
1671 4994 1746 5049 sit
1767 4993 1993 5052 beneﬁc

436 5081 538 5121 irc.
569 5066 600 5118 8
627 5081 640 5118 :
665 5087 693 5115 «
719 5065 852 5119 Haec
884 5065 984 5124 qui
1012 5064 1190 5120 faciat
1218 5085 1246 5115 ››
1281 5065 1402 5124 (qui
1435 5081 1556 5119 non
1585 5066 1761 5121 modo
1794 5068 1993 5123 extollz

2113 4998 2243 5055 vide
2272 5004 2315 5054 t.
2347 5000 2391 5067 Ι,
2424 5016 2554 5124 Sag.
2589 5003 2711 5084 l3l,
2770 5018 2830 5059 n.
2889 5004 2919 5056 3
2950 5015 3118 5082 ;pag.
3169 5000 3296 5066 451,
3325 4998 3378 5053 8.
3407 4997 3608 5080 Cicero
3635 5015 3740 5082 pro

2105 5075 2420 5124 icentema
2465 5089 2810 5124 versarium.
2864 5071 2967 5124 sed
3016 5077 3194 5124 etiam
3241 5069 3566 5124 amplificet
3613 5087 3739 5124 elus

365 5066 538 5140 Marc,
569 5066 600 5118 8
627 5081 640 5118 :
665 5087 693 5115 «
719 5065 866 5140 llaec
884 5065 984 5134 qui
1012 5064 1190 5140 faciat
1218 5085 1246 5115 ››
1281 5065 1402 5135 (qui
1435 5081 1556 5119 non
1585 5066 1761 5121 modo
1794 5068 2036 5124 extollat
2059 5064 2420 5140 jacentema

2465 5069 2810 5140 versarium,
2864 5071 2967 5126 sed
2990 5069 3194 5125 ﬁetiam
3241 5069 3566 5142 amplificet
3613 5069 3739 5142 ejus

365 5135 678 5214 pristinam
697 5135 1117 5214 dignitatem),
1139 5154 1179 5214 ιι
1183 5151 1304 5189 non
1333 5151 1436 5214 ego
1477 5153 1611 5214 eum
1645 5153 1786 5214 cum
1810 5135 2226 5214 summisiviris
2249 5158 2548 5213 comparo,
2572 5143 2676 5198 sed
2711 5135 3082 5198 simillimum
3096 5143 3234 5214 iDeo
3259 5135 3480 5214 judico.
3504 5163 3532 5194 ››

438 5207 560 5293 (Ηὶ
579 5205 738 5293 Ρείέι.
763 5205 994 5293 ῐξξνιιηῦ
1028 5205 1184 5291 {TBG
1212 5205 1416 5293 πατρός
1444 5209 1552 5260 τῶν
1570 5207 1827 5292 ⁴εὸρφιιινῶν
1857 5208 1946 5293 καὶ
1978 5230 1993 5262 ι

2108 5215 2168 5293 of)
2196 5205 2545 5293 τῶνλχηρῶνξ
2575 5215 2826 5270 Joannes
2858 5215 3061 5284 Chrys.
3095 5205 3281 5268 Hom:
3304 5213 3385 5267 De
3438 5216 3736 5269 mansuet.

438 5240 564 5330 \Tlg
585 5240 607 5260 Ι.
633 5240 738 5295 Ocal-
765 5240 932 5274 LAVII,
964 5240 994 5259 υ
1029 5248 1042 5262 ι
1083 5240 1184 5261 ιυυ
1220 5240 1414 5293 abun-('15
1455 5240 1552 5260 suav
1581 5240 1827 5283 υμγιινων
1859 5240 1946 5262 λιιι
1980 5240 2168 5285 κρνιυυ
2196 5240 2304 5266 των
2335 5240 2515 5287 χηρωῒ

367 5291 543 5358 pag.“
583 5292 620 5358 ’ί
729 5281 901 5358 πρᾷος
932 5275 1412 5358 ὁρφςνῶνῆπατηρ,
1448 5280 1640 5358 χηρῶν
1671 5278 1998 5358 προστάτης,
2029 5281 2214 5358 πενίας
2236 5280 2515 5358 κηδεμών.

582 5348 669 5428 ρε
685 5346 990 5428 locutione.
1013 5346 1146 5401 εἶναι
1177 5346 1228 5428 ἐν
1261 5346 1606 5428 πόματὶξθι
1623 5346 1993 5428 parilibus,'_e}

2105 5346 2510 5428 .d_Aristaa'n.1,
2545 5359 2594 5424 l,
2631 5372 2760 5428 pag,
2795 5358 2919 5428 247.
2943 5357 3173 5428 Evenus
3202 5355 3397 5428 Epigr.
3432 5354 3565 5428 Mc
3599 5352 3738 5428 Πάν-

367 5414 564 5506 Ξ-ωνῃδί
591 5414 876 5506 Ἑλλήνων
905 5416 1159 5506 κείσομαι
1205 5418 1258 5472 έν
1307 5414 1563 5506 στύματι·
1623 5414 1704 5475 ibi
1746 5421 1872 5502 cod.
1921 5414 1993 5476 '27

2152 5421 2204 5478 ἐν
2237 5414 2543 5506 στόμασιν,
2582 5414 2762 5506 ’έιιουά
2815 5427 2938 5482 fere
2994 5414 3560 5506 m_alim.f'l‘heognis
3588 5427 3735 5506 240':

373 5485 606 5569 nonam
637 5485 886 5561 κείμενος
915 5488 966 5544 ἐν
999 5485 1284 5565 στύμασιν.
1307 5485 1463 5548 ΝοΙίι
1491 5497 1690 5549 tamen
1721 5491 1993 5564 quisquax

2105 5497 2325 5555 ressius
2354 5485 2723 5568 argutari‘de
2753 5514 2872 5555 uno
2902 5496 3060 5569 quod
3091 5501 3247 5553 esset
3276 5485 3490 5553 Graecis
3547 5495 3738 5552 omni-

370 5558 484 5618 bus
505 5574 623 5616 ore.
