3964 6144
255 247 396 304 H83

1766 228 2131 289 ADDBNDA.

3495 232 3646 289 1184

255 372 329 427 ad
353 385 487 426 eum
514 368 710 439 potius
741 380 868 421 sese
908 362 1331 435 adjungebant,
1365 359 1644 428 omnique
1676 355 1905 427 abjecto

2022 354 2227 427 πλάνην
2286 362 2460 415 πᾶσαν
2518 356 2925 429 ἀποτιθέμενοι,
2970 356 3069 424 τὴν
3125 352 3385 424 ἀλήθειαν
3429 353 3648 428 εὐηγγε-

255 476 475 526 errore,
508 457 815 512 veritatem
848 452 1264 524 praedicabant.
1298 453 1377 504 Ac
1400 449 1611 504 domus
1660 445 1900 517 quidem

258 548 536 617 Josaphat
557 542 860 599 crescebat
902 547 961 595 et
1002 538 1430 603 invalescebat;
1462 538 1671 592 domus
1704 539 1899 590 autem

258 635 533 689 Abenner
562 629 941 685 decrescebat
964 644 1030 681 ac
1062 621 1898 693 debilitabatur,quemadmo-

262 724 402 777 dum
434 722 661 776 scilicet
690 720 760 773 de
792 717 1004 773 Davidc
1037 734 1103 771 ac
1147 715 1319 770 Saule
1367 714 1427 767 in
1481 716 1702 785 Regum
1750 709 1902 763 libro

264 810 566 882 proditum
599 813 687 861 est
713 807 804 867 (II.
838 809 968 874 Reg.
1005 805 1081 874 ιι).

327 896 780 952 ΟΑΡ.ΧΧΧΙν.-
797 896 928 947 Haec
945 910 1047 947 rex
1068 892 1345 946 Abenner
1365 888 1901 959 conspiciens,tan-

258 987 393 1041 dem
420 982 743 1055 aliquando
778 985 1015 1051 recepta
1056 986 1273 1049 mente,
1324 978 1609 1032 falsorum
1658 977 1903 1030 deorum

259 1089 502 1130 suorum
525 1078 700 1142 atque
716 1066 1747 1139 inanisimposturaeimbecillitatem
1761 1080 1902 1118 con-

259 1162 578 1217 demnavit.
604 1163 683 1214 Ac
697 1174 933 1213 rursum
958 1158 1174 1211 coactis
1196 1155 1476 1211 senatorii
1492 1154 1717 1208 ordinis
1738 1152 1902 1222 prin-

260 1250 647 1320 cipibus,qua3
671 1248 795 1317 ipse
822 1245 880 1299 in
908 1246 1104 1299 animo
1121 1244 1452 1308 haberet,in
1478 1243 1669 1298 lucem
1699 1246 1906 1312 protu-

258 1336 644 1393 lit.0mnibus
668 1340 866 1389 autem
890 1333 1096 1389 eadem
1117 1329 1909 1399 conﬁrmantibus(visitarat

260 1426 422 1481 enim
446 1442 547 1479 eos
570 1425 777 1479 Oriens
802 1439 873 1478 ex
908 1422 1027 1476 alto
1050 1422 1227 1491 (Luca:
1253 1422 1312 1491 1),
1344 1421 1455 1474 hoc
1484 1425 1593 1487 est,
1628 1417 1907 1484 Salvator,

259 1513 536 1569 exaudita
560 1509 1061 1566 videlicetfamuli
1086 1510 1174 1563 sui
1195 1510 1475 1579 Josaphat
1495 1507 1910 1577 oratione),rex

259 1602 333 1656 de
365 1601 457 1655 his
488 1600 665 1655 rebus
697 1599 889 1653 ﬁlium
921 1598 1239 1654 certiorem
1258 1597 1594 1652 faciendum
1618 1612 1745 1651 esse
1769 1611 1910 1649 cen-

2010 442 2247 513 λίζοντο.
2289 447 2387 501 Καὶ
2447 450 2475 502 ὁ
2536 448 2631 521 μὲν
2688 447 2833 507 οἶκος
2870 449 2967 500 τοῦ
3025 446 3258 520 Ἰωάσαφ
3312 440 3507 513 ηὔξανε
3556 442 3647 496 καὶ

2008 531 2355 605 ἐκραταιοῦτο
2386 539 2518 607 (43),
2559 538 2587 590 ὁ
2618 533 2675 589 δὲ
2732 538 2880 596 οἶκος
2931 538 3029 588 τοῖ’)
3089 528 3353 607 Ἀϐεννήρ
3412 529 3649 600 ἠλαττο-

2009 628 2167 677 νοῦτο
2201 628 2309 698 (44)
2339 625 2429 681 καὶ
2460 624 2694 695 ἠσθένει,
2743 627 2981 698 καθάπερ
3035 627 3187 681 312
3248 620 3315 691 δὴ
3373 623 3498 696 περὶ
3550 627 3650 677 τοῦ

2013 708 2175 764 Δαυῗδ
2207 712 2295 765 καὶ
2326 716 2420 767 τοῦ
2454 712 2638 767 Σαοὺλ
2676 714 2704 781 ἦ
2738 716 2842 764 τῶν
2870 708 3166 764 Βασιλειῶν
3227 707 3530 784 διαγορεύει
3565 708 3642 782 βία

1994 795 2145 859 ¹ὅλος
2173 801 2305 872 (45).

2085 890 2248 944 ΚΕΦ.
2284 894 2403 945 ΛΔ.
2437 888 2619 945 Ταῦτα
2644 888 2785 963 ὁρῶν
2845 887 2872 941 ὁ
2936 884 3189 962 βασιλεὺς
3250 880 3512 959 Ἀϐεννὴρ
3554 885 3655 958 ὀψὲ

2011 978 2099 1031 καὶ
2136 976 2299 1050 μόλις
2352 979 2429 1040 εἷς
2460 978 2804 1047 συναίσθησιν
2860 976 3057 1046 ἐλθὼν,
3116 981 3222 1030 τῶν
3273 975 3464 1029 ἑαυτοῦ
3522 996 3657 1029 κατ-

2014 1063 2269 1137 εγίνωσκε
2301 1062 2669 1138 ψευδωνύμων
2700 1066 2831 1120 θεῶν
2884 1072 2983 1134 τῆς
3039 1062 3310 1125 ἀσθενείας
3368 1063 3455 1117 καὶ
3501 1070 3664 1131 κενῆς

2013 1151 2246 1222 ἀπάτης.
2281 1153 2406 1221 Καὶ,
2438 1151 2799 1222 ἐκκλησιάσας
2858 1154 3010 1217 αὖθις
3062 1151 3193 1214 τοὺς
3249 1151 3501 1225 πρώτους
3555 1156 3661 1219 τῆς

2019 1239 2246 1316 βουλῆς,
2286 1240 2352 1295 τά
2409 1240 2760 1314 μελετώμενα
2816 1239 2962 1312 αὖτῷ
3008 1239 3082 1301 είς
3131 1240 3245 1315 φῶς
3296 1237 3469 1314 ἐξῆγε.
3519 1237 3661 1291 Πάν-

2012 1349 2118 1382 των
2150 1326 2206 1382 δὲ
2246 1329 2315 1384 τά
2360 1328 2493 1384 αὐτά
2526 1324 2889 1404 βεϐαιούντων
2974 1328 3325 1402 (ἐπεσκέψατο
3383 1326 3484 1401 γὰρ
3556 1325 3661 1381 αὖ·

2003 1419 2146 1483 ,τοὺς
2178 1418 2417 1488 ἀνατολὴ
2464 1420 2516 1490 ἐξ
2575 1419 2744 1493 ὕψους
2803 1422 2937 1492 (46),
2971 1420 3000 1473 ὁ
3056 1420 3250 1488 Σωτὴρ
3279 1424 3379 1487 τῆς
3425 1414 3669 1487 δεήσεως

2017 1507 2247 1570 ἀκούσας
2273 1508 2370 1563 τοῦ
2420 1511 2749 1584 θεράποντος
2809 1507 2979 1561 αὐτοῦ
3037 1508 3315 1584 Ἰωάσαφ),
3376 1503 3522 1575 ἔδοξε
3575 1511 3664 1578 τῷ

2022 1598 2232 1671 βασικεῖ
2261 1595 2405 1667 δῆλα
2431 1602 2599 1652 ταῦτα
2628 1602 2709 1669 τῷ
2738 1598 2841 1669 υἱῷ
2894 1603 3144 1666 ποιῆσαι.
3178 1602 3379 1673 Γραφει
3435 1595 3525 1650 οὗν
3582 1598 3657 1669 τῇ

2542 1686 2570 1698 ~

263 1692 401 1746 suit.
435 1691 638 1759 Itaque
683 1687 966 1758 postridie
1009 1687 1323 1758 epistolam
1371 1685 1443 1741 ad
1496 1702 1629 1740 eum
1679 1682 1903 1752 scribit,

2022 1685 2138 1755 ἑξῆς
2172 1685 2466 1755 ἐπιστολήν
2498 1686 2575 1757 τῷ
2606 1684 2856 1763 Ἰωάσαφ,
2899 1684 3257 1760 περιέχουσαν
3288 1683 3480 1745 οὕτως·

264 1780 376 1834 hoc
408 1778 675 1848 exemplo
700 1793 715 1831 :

338 1889 367 1918 «
391 1871 513 1924 Rex
540 1866 820 1921 Abenner
849 1865 1199 1921 charissimo
1222 1881 1325 1920 suo
1354 1864 1475 1919 ﬁlio
1501 1863 1780 1933 Josaphat
1809 1877 1904 1916 sa-

264 1956 470 2012 lutem.

335 2067 364 2095 «
388 2045 780 2115 Cogitationes
812 2042 1033 2109 multae,
1056 2059 1088 2096 o
1120 2041 1464 2096 charissime
1496 2040 1603 2109 fili,
1634 2039 1903 2093 animum

263 2132 748 2198 subeuntes,eum
770 2130 1110 2201 gravissime
1133 2129 1505 2185 conturbant.
1530 2128 1760 2181 Etenim
1787 2144 1902 2182 no-

267 2225 389 2273 stra
409 2219 808 2273 omniainstar
826 2217 972 2271 fumi
991 2215 1242 2271 deficere
1264 2220 1439 2285 atque
1462 2231 1904 2286 evanescere,ac

264 2311 471 2360 contra
492 2305 842 2376 religionem
865 2310 1027 2359 tuam
1049 2304 1169 2359 sole
1193 2305 1411 2358 clarius
1432 2304 1653 2375 fulgere
1676 2306 1905 2376 conspi-

265 2396 525 2461 ciens,ea
547 2411 677 2464 quae
701 2411 733 2448 a
763 2400 817 2448 te
851 2394 995 2448 mihi
1024 2394 1181 2448 dicta
1205 2399 1346 2448 sunt
1373 2409 1509 2447 vera
1540 2409 1668 2447 esse
1702 2394 1859 2448 sensi
1888 2407 1901 2456 ;

269 2483 547 2553 quodque
570 2484 767 2538 densas
788 2482 1076 2537 scelerum
1096 2483 1493 2553 etimpietatis
1516 2481 1773 2537 tenebra)
1796 2500 1903 2537 nos

262 2572 346 2626 ita
375 2570 724 2637 obruebant,
774 2576 839 2625 ut
884 2570 945 2625 in
977 2570 1284 2625 veritatem
1334 2571 1536 2625 oculos
1581 2570 1903 2641 conjicere,

260 2666 436 2731 atque
451 2660 716 2715 omnium
732 2676 929 2714 rerum
943 2665 1249 2730 parentem
1262 2664 1319 2713 et
1330 2659 1717 2714 architectum
1731 2676 1907 2730 agno-

266 2766 429 2804 scere
459 2751 705 2804 minime
735 2765 1065 2819 possemus,
1085 2766 1286 2803 verum
1315 2749 1509 2803 lucem
1538 2765 1726 2819 usque
1758 2749 1904 2803 adeo

267 2838 639 2908 splendidam
661 2838 765 2891 abs
791 2842 844 2891 te
868 2837 1039 2891 nobis
1061 2837 1544 2901 demonstratam,
1559 2837 1812 2891 occlusis
1834 2836 1907 2890 de

269 2925 564 2980 industria
602 2925 788 2980 oculis
818 2927 1151 2995 perspicere
1182 2940 1611 2992 recusaremus,
1645 2931 1819 2995 atque
1850 2930 1907 2979 te

265 3012 469 3068 multis
492 3013 666 3067 malls
687 3013 1080 3082 afﬁceremus,
1106 3018 1164 3067 et
1186 3015 1239 3084 (ο
1263 3029 1357 3067 me
1377 3012 1716 3081 miserum!)
1748 3011 1905 3066 haud

2083 1861 2347 1926 Βασιλεὺς
2376 1860 2634 1939 Ἀὖεννήρ
2686 1868 2766 1935 τῷ
2821 1864 3187 1935 ποθεινοτάτῳ
3239 1864 3343 1934 υἱῷ
3392 1861 3646 1941 Ἰωάσαφ,

2013 1952 2246 2027 χαίρειν.

2081 2042 2350 2116 Λογισμοὶ
2383 2039 2611 2111 πολλοὶ,
2645 2042 2720 2103 εἰς
2748 2042 2847 2110 τήν
2882 2040 3019 2114 έμὴν
3082 2038 3529 2116 ὑπεισερχόμενοι
3550 2042 3649 2113 ψυ-

2012 2132 2145 2203 χὴν,
2177 2127 2387 2199 δεινῶς,
2422 2129 2667 2207 φίλτατε,
2698 2134 3043 2206 τυραννοῦσιν
3094 2132 3225 2202 (47),
3256 2130 3358 2186 υἱέ.
3414 2131 3491 2184 Τά
3543 2130 3643 2204 γὰρ

2014 2220 2251 2294 ἡμέτερα
2279 2219 2452 2274 πάντα
2482 2219 2804 2275 ἐκλείποντα
2848 2221 3018 2294 ὁρῶν,
3080 2219 3136 2273 δν
3185 2219 3386 2294 τρόπον
3441 2220 3647 2280 καπνὸς

2014 2306 2251 2361 ἐκλείπει
2299 2309 2433 2380 (48),
2492 2307 2557 2362 τά
2600 2315 2700 2377 τῆς
2752 2312 2849 2381 σῇς
2909 2305 2966 2362 δὲ
3023 2306 3308 2383 θρησκείας
3361 2306 3649 2380 λάμποντα

2017 2396 2148 2470 ὑπὲρ
2178 2392 2360 2467 ἥλιον,
2392 2394 2468 2457 εἷς
2497 2396 2741 2467 αἴσθησιν
2794 2394 2851 2450 δὲ
2900 2394 3096 2462 ἐλθὼν,
3156 2394 3334 2465 ἀληθῆ
3394 2397 3460 2449 τὰ
3506 2394 3650 2468 παρά

2013 2489 2108 2539 σοῦ
2171 2484 2263 2557 μοὶ
2310 2484 2393 2538 ἀεὶ
2446 2483 2716 2559 λεγόμενα
2780 2480 2989 2557 ἔγνωκα
3020 2487 3176 2554 εἶναι,
3204 2483 3293 2538 καὶ
3351 2483 3647 2544 ὅτισκότος

2013 2575 2159 2645 ἡμᾶς
2200 2571 2335 2646 βαθὺ
2366 2576 2472 2627 τῶν
2527 2573 2805 2645 ἁμαρτιῶν
2839 2573 2927 2627 καὶ
2985 2579 3087 2641 τῆς
3142 2567 3387 2634 ἀσεϐείας
3445 2570 3643 2625 ἐκάλυ-

2013 2682 2165 2731 πτεν,
2196 2663 2271 2722 ὡς
2297 2660 2531 2716 ἐντεῦθεν
2560 2658 2685 2715 οὐδὲ
2729 2662 2864 2737 πρὸς
2912 2662 3010 2729 τήν
3066 2660 3328 2730 ἀλήθειαν
3361 2656 3644 2734 διαϐλέψαι

2013 2750 2100 2804 καὶ
2129 2750 2220 2804 τὸν
2241 2750 2491 2803 ἀπάντων
2526 2750 2874 2824 Δημιουργὸν
2931 2751 3258 2820 καταμαθεῖν
3318 2746 3636 2820 ἠδυνάμεθα·

2015 2835 2160 2892 ἀλλά
2188 2836 2277 2891 καὶ
2310 2840 2422 2910 φῶς
2456 2835 2596 2890 οὕτω
2628 2835 3053 2909 τηλαυγέστερον
3085 2833 3173 2890 διά
3202 2839 3297 2891 σοῦ
3328 2835 3629 2910 ἀναδειχθὲν

2012 2929 2171 2998 ἡμῖν,
2202 2928 2328 2989 τοὺς
2356 2925 2675 3001 ὀφθαλμοὺς
2712 2925 2997 2998 μύσαντες,
3022 2928 3186 2997 ἡμεῖν
3221 2927 3350 3001 ὁρᾷν
3394 2925 3489 2981 οὐκ
3515 2927 3635 2994 ἡΘε-

2017 3016 2285 3087 λήσαμεν,
2316 3011 2503 3069 πολλὰ
2536 3016 2629 3086 μέν
2663 3035 2748 3068 σοι
2778 3016 2915 3069 κακά
2954 3011 3339 3087 ὲνδειξάμενοι,
3399 3011 3639 3075 ἐλεεινῶς

263 3117 481 3171 paucos
508 3100 871 3155 Christianos
892 3101 1192 3155 crudelem
1216 3101 1276 3154 in
1306 3100 1549 3155 modum
1582 3100 1905 3154 trucidare-

2022 3102 2254 3161 313δέ
2283 3107 2378 3179 φεῦ
2412 3102 2535 3159 ίκαὶ
2594 3107 2700 3156 τῶν
2731 3104 3067 3175 Χριστιανῶν
3128 3103 3231 3156 οὐκ
3286 3100 3509 3177 ὀλίγους
3564 3103 3645 3156 ἀν-

262 3189 524 3259 mus:qui
548 3188 791 3259 quidem
815 3189 1028 3243 invicta
1042 3189 1306 3258 potentia
1322 3190 1465 3258 ipsis
1492 3204 1661 3258 opem
1678 3189 1903 3242 ferente

263 3276 727 3341 corroborati,ad
749 3281 1077 3331 extremum
1096 3292 1283 3346 usque
1300 3276 1573 3346 spiritum
1594 3277 1905 3331 adversum

268 3365 980 3419 immanitatemnostram
1014 3365 1391 3420 dimicarunt.
1427 3367 1591 3420 Nunc
1615 3383 1771 3432 vero,
1805 3367 1905 3421 de-

263 3456 449 3507 tracta
462 3468 532 3506 ex
546 3453 732 3507 oculis
750 3453 969 3507 nostris
986 3470 1184 3509 crassa
1206 3454 1310 3508 illa
1333 3453 1602 3525 caligine,
1628 3456 1905 3526 exiguum

264 3540 581 3610 quemdam
594 3541 852 3595 veritatis
865 3540 1096 3595 radium
1112 3542 1817 3613 cernimus,priorumque
1832 3543 1905 3596 vi-

268 3629 482 3683 tiorum
517 3628 821 3699 pamitudo
853 3630 1122 3684 animum
1144 3630 1320 3684 subit.
1348 3632 1561 3685 Verum
1582 3631 1739 3686 hunc
1758 3649 1907 3702 quo-

265 3733 378 3787 que
401 3717 779 3787 splendorem
802 3717 919 3772 alia
938 3717 1248 3771 horrendae
1272 3717 1698 3788 desperationis
1721 3720 1908 3775 nubes

263 3805 534 3859 exoriens
553 3806 886 3876 opprimere
911 3811 1087 3874 atque
1115 3807 1445 3876 exstingere
1468 3812 1735 3872 conatur,
1760 3808 1906 3863 mihi

260 3893 535 3948 videlicet
547 3901 923 3965 peccatorum
938 3910 1204 3949 meorum
1219 3895 1662 3951 multitudinem
1678 3897 1749 3951 ob
1768 3915 1907 3952 ocu-

262 3982 355 4036 los
380 3999 743 4054 proponens,
769 3983 1043 4053 quodque
1058 3984 1184 4055 jam
1208 4000 1311 4055 ego
1335 3984 1562 4039 Christo
1582 3985 1713 4039 odio
1732 3992 1907 4057 atque

264 4072 653 4127 exsecrationi
672 4089 1019 4143 sum,eaque
1032 4073 1093 4126 in
1107 4073 1396 4143 causa,utj
1407 4089 1501 4127 am
1526 4073 1597 4127 ab
1621 4074 1747 4145 ipso
1763 4076 1908 4130 reci-

263 4161 321 4229 pi
336 4161 831 4230 nequeam,utqui
844 4161 1152 4216 adversum
1166 4178 1301 4215 eum
1313 4161 1908 4233 rebellarim,ipsique

2013 3189 2245 3261 ελόντες,
2279 3188 2492 3259 οἿτινες,
2522 3194 2591 3263 τῇ
2650 3190 2974 3264 συνεργούσῃ
3030 3188 3212 3252 αὐτοῖς
3261 3191 3467 3264 ἀμάχῳ
3552 3188 3645 3244 δυ-

2013 3278 2170 3351 νάμει
2198 3278 2640 3353 κραταιούμενοι,
2673 3275 2762 3332 διά
2808 3276 3001 3339 τέλους
3034 3278 3171 3351 πρὸς
3224 3278 3324 3346 τήν
3379 3279 3645 3352 ἡμετέραν

2016 3368 2277 3440 ὡμότητα
2331 3367 2651 3441 ὑπερέσχον.
2712 3367 2840 3420 Νυνῖ
2874 3364 2953 3434 δὲ,
3010 3367 3109 3435 τήν
3156 3372 3388 3442 παχεῖαν
3437 3366 3643 3436 ἐκείνην

2015 3456 2189 3531 ἀχλὺν
2220 3461 2326 3511 τῶν
2381 3456 2663 3530 ἡμετέρων
2724 3457 2989 3527 ὀμμάτων
3047 3453 3414 3529 περιελόντες,
3476 3454 3642 3531 αὐγήν

2014 3565 2135 3599 τινα
2169 3546 2361 3618 μικράν
2390 3550 2490 3613 τῆς
2520 3544 2779 3613 ἀληθείας
2811 3545 3046 3616 ὁρῶμεν,
3094 3545 3183 3598 καὶ
3234 3548 3340 3598 τῶν
3373 3545 3647 3619 προτέρων

2020 3631 2352 3706 μεταμέλεια
2381 3631 2680 3705 εἰσέρχεται
2706 3636 2911 3688 κακῶν.
2952 3630 3127 3687 Ἀλλά
3159 3632 3248 3685 καὶ
3303 3631 3504 3701 ταύτην
3545 3633 3643 3700 τὴν

2017 3721 2188 3796 αὐγὴν
2236 3722 2394 3797 νέφος
2454 3718 2593 3774 ἂλλο
2652 3718 2831 3790 δεινῆς
2891 3719 3250 3796 ἀπογνώσεως
3318 3719 3644 3788 ἐπιπολάζον

2019 3810 2283 3879 σκοτίζειν
2339 3815 2607 3884 πειρᾶται,
2659 3809 2721 3862 τὸ
2770 3810 2984 3877 πλῆθος
3042 3803 3495 3882 προϐαλλόμενον
3536 3813 3643 3862 τῶν

2018 3898 2163 3970 ἐμῶν
2195 3902 2398 3969 κακῶν,
2429 3898 2517 3951 καὶ
2553 3898 2633 3951 δτι
2665 3894 2959 3970 βδελυκτὸς
2994 3894 3101 3967 ἤδη
3164 3897 3272 3971 ἐγὼ
3325 3901 3403 3969 τῷ
3432 3901 3645 3971 Χριστῷ

2016 3987 2104 4040 καὶ
2135 3980 2497 4061 διπρόσδεκτός
2550 3983 2686 4057 εἷ’μι,
2737 3984 2811 4045 ὡς
2845 3986 3150 4054 ἀποστάτης
3205 3985 3291 4038 καὶ
3377 3982 3641 4056 πολέμιος

2018 4075 2181 4130 αὐτοῦ
2209 4074 2466 4148 γεγονώς.
2498 4074 2557 4127 Τί
2590 4073 2678 4126 οὗν
2733 4073 2868 4147 πρὸς
2898 4076 3085 4142 ταῦτα,
3143 4074 3330 4127 τέκνον
3377 4073 3641 4147 γλυκύτα-

2016 4183 2129 4231 τον,
2162 4160 2336 4237 λέγεις
2364 4160 2548 4225 αὐτὸς,
2580 4157 2725 4228 δῆλά
2760 4181 2851 4232 μοι
2880 4163 3112 4233 τάχιστα
3164 4160 3415 4231 ποίησον,
3464 4160 3547 4215 καὶ
3588 4160 3638 4214 τί

256 4247 485 4302 bellum
513 4248 850 4303 indixerim.
884 4249 1034 4313 Quid
1083 4250 1259 4321 igitur
1290 4250 1436 4321 spei,
1487 4268 1520 4304 o
1554 4252 1899 4307 suavissime

2022 4249 2099 4304 δεῖ
2127 4254 2301 4304 ποιεῖν
2339 4269 2405 4321 με
2433 4249 2522 4302 τὸν
2554 4247 2643 4301 σὸν
2674 4247 2877 4320 πατέρα
2925 4244 3159 4319 δίδαξον,
3217 4249 3307 4302 καὶ
3364 4248 3495 4322 πρὸς
3526 4247 3635 4301 ἐπί-

258 4335 366 4401 ﬁli,
387 4336 459 4390 ad
481 4337 604 4391 hanc
622 4337 803 4403 dicas,
838 4337 928 4391 fac
953 4338 1393 4408 quamprimum
1417 4338 1621 4405 sciam,
1656 4356 1722 4393 ac
1757 4340 1899 4410 quid

2005 4358 2205 4413 γνωσιν
2232 4337 2643 4411 χειραγώγησον
2674 4339 2771 4389 τοῦ
2798 4335 3186 4409 συμφέροντος.

261 4425 408 4477 mihi
439 4425 590 4495 patri
624 4430 721 4480 tuo
744 4425 1083 4481 faciendum
1106 4427 1183 4481 sit
1210 4426 1381 4490 doce,
1407 4430 1584 4496 atque
1616 4426 1690 4480 ad
1713 4429 1841 4497 ejus
1867 4428 2023 4498 quod
2055 4430 2118 4482 in
2148 4444 2275 4481 rem
2306 4442 2499 4481 meam
2527 4426 2791 4481 futurum
2824 4426 2919 4496 sit,
2942 4425 3342 4497 cognitionem
3394 4443 3482 4482 me
3510 4430 3625 4480 tan-

259 4529 436 4582 quam
475 4520 747 4584 porrecta
778 4530 960 4569 manu
982 4515 1073 4569 fac
1096 4515 1297 4569 ducas.
1329 4514 1484 4567 Vale.
1522 4536 1549 4563 »

335 4603 494 4657 Hanc
530 4603 840 4674 epistolam
867 4620 1000 4657 cum
1040 4604 1320 4673 Josaphat
1357 4602 1703 4671 accepisset,
1738 4620 1906 4673 quaa-

259 4706 373 4760 que
410 4690 471 4745 in
495 4707 562 4745 eo
588 4690 1045 4745 continebantur
1079 4688 1327 4759 legendo
1374 4694 1765 4759 peragrasset,
1798 4706 1905 4743 vo-

254 4778 487 4848 luptate
500 4779 679 4834 simul
694 4778 1156 4833 etadmiratione
1173 4776 1267 4831 ani
1281 4792 1408 4830 mus
1426 4776 1610 4847 ipsius
1625 4776 1903 4848 impletus

257 4872 365 4922 est.
389 4869 575 4939 Atque
594 4869 658 4923 in
676 4867 1017 4923 cubiculum
1037 4882 1209 4919 suum
1233 4865 1547 4920 confestim
1580 4866 1903 4939 ingressus,

327 5020 664 5090 (43)];11011,
694 5021 762 5072 80
797 5035 809 5071 :
842 5016 903 5071 τὸ
934 5011 1233 5090 δὲ-παιδίον
1258 5011 1448 5090 ηὔξανε
1477 5015 1568 5069 καὶ
1590 5014 1965 5090 ἐκραταιοῦτο.

2088 4600 2299 4671 Ταύτην
2332 4602 2430 4669 τὴν
2464 4600 2757 4669 ἐπιστολὴν
2818 4601 2845 4655 ὁ
2906 4602 3136 4678 Ἰωάσαιρ
3196 4598 3500 4675 δεξάμενος,
3555 4604 3638 4656 καὶ

2015 4691 2079 4744 τά
2110 4689 2461 4764 ἐμφερόμενα
2490 4688 2754 4758 ἐπελθὼν,
2796 4686 2999 4758 ἡδονῆς
3034 4691 3174 4762 ὁμοῦ
3230 4692 3317 4744 καὶ
3378 4690 3645 4763 θαύματος

2013 4779 2112 4847 τὴν
2145 4778 2327 4852 ψυχὴν
2354 4775 2688 4852 ἐπληροῦτο.
2722 4776 2818 4839 Εἲς
2851 4779 2912 4831 τὸ
2939 4778 3129 4832 ἑαυτοῦ
3187 4776 3244 4832 δὲ
3270 4786 3513 4851 ταμιεῖον
3538 4778 3647 4834 εἷσο

2015 4864 2189 4929 ελθὼν
2220 4864 2400 4937 εὐθὺς,
2431 4867 2521 4921 καὶ
2578 4865 2665 4921 ἐπὶ
2694 4865 2987 4940 πρόσωπον
3051 4867 3223 4921 πεσὼν
3276 4865 3501 4923 ἐνωπιον
3552 4872 3647 4922 τοῦ

328 5085 437 5173 (Αἰξί)
468 5085 886 5173 (3.,Πὴλαττοῦτιξ
926 5088 1329 5173 Syllaba,nqua
1358 5085 1850 5173 A‘a‘ugetur,‘no'n
1882 5090 2047 5173 valde
2081 5090 2202 5173 vim
2230 5089 2345 5173 loci
2378 5094 2580 5173 auget.‘
2602 5089 2741 5173 Plu‘s
2774 5105 2803 5144 e
2834 5090 3107 5173 restituta
3130 5089 3365 5173 syllaba
3390 5090 3646 5173 lucrabi:

258 5168 356 5233 tur
386 5159 640 5214 Basilius
670 5161 811 5233 Μαί).
847 5163 1022 5233 Prisc.
1056 5177 1103 5233 c_.
1140 5160 1227 5225 58,
1253 5159 1337 5233 sic
1360 5157 1552 5233 editus
1585 5158 1735 5233 ε-Καὶγ
1758 5160 1891 5231 τίμα

2050 5159 2138 5213 καὶ
2178 5157 2482 5233 ἀποδέχοιῖ
2515 5160 2589 5233 μή

258 5182 356 5217 tur
386 5182 640 5214 nasutus
670 5182 811 5213 Μίιυ.
847 5182 1022 5214 ιΤἰΕῧ-
1056 5182 1103 5213 Cv.
1140 5182 1227 5225 00,
1253 5182 1335 5212 510
1360 5182 1552 5212 ευιιυδ
1585 5182 1719 5212 ζιλαι
1758 5182 1891 5231 τιμα
1923 5182 2017 5232 μιν
2050 5182 2138 5213 και
2178 5182 2456 5233 αποοεχου
2556 5182 2565 5211 7

254 5230 381 5305 τοὺς
410 5228 942 5305 κεχαρισμένους-τῷ
971 5228 1255 5301 πνεύματι.
1288 5228 1493 5283 Melius
1525 5230 1653 5284 cod.
1682 5232 1814 5285 2991
1868 5233 1932 5299 A,
1964 5232 2461 5305 κεχαριτωμένους.
2515 5182 2565 5286 ῗί

332 5302 445 5373 (45)
470 5299 520 5355 Il
550 5299 687 5372 Reg.
704 5317 808 5373 ﬁlii,
843 5299 895 5355 1.

355 5370 439 5436 46)
474 5372 608 5427 Luc.
633 5370 678 5436 ἰ,
696 5370 791 5424 78.

355 5442 442 5513 47)
470 5442 532 5515 β,
562 5439 940 5515 ταράττουσιν,
975 5441 1235 5515 etmodo
1280 5442 1410 5497 sine
1444 5438 1539 5499 εἷς.

331 5511 437 5588 (48)
471 5511 707 5571 Locutio
738 5511 977 5568 biblica.
1010 5511 1223 5568 Confer
1250 5529 1383 5586 pag.
1416 5516 1541 5586 295,
1569 5530 1628 5573 n.
1653 5515 1739 5571 87.

2566 5160 2581 5179 ἱ

2640 5158 2765 5220 τοὺς
2824 5158 3053 5234 εὐγενεῖς
3091 5158 3182 5230 τῷ
3237 5160 3469 5232 σώματι,
3502 5160 3645 5215 ἀλλά

2572 5231 2707 5287 abet
2728 5237 2784 5287 et
2843 5230 2939 5303 μέν
2973 5230 3089 5303 οὗν,
3117 5230 3465 5303 opportune.
