3964 6144
302 292 446 375 1189
1462 294 1637 349 νιτΑ
1671 291 1959 348 BARLAA

2074 291 2154 347 ΕΤ
2187 292 2508 349 JOASAPH

300 437 384 473 σιν
416 418 550 490 (64)’
584 412 725 489 ὅθεν,
768 422 868 489 τῆς
921 416 1056 490 πρὸς
1111 413 1654 485 αὐτὸνίοίκειότητος
1705 414 1934 480 ὀλισθῆ-

2074 415 2161 487 psi
2178 415 2513 486 interdicto,
2537 417 2647 476 hoc
2671 423 2760 477 est
2783 420 2930 494 ligni
2961 423 3255 481 scientia.
3289 427 3411 491 Quo
3443 425 3684 498 quidem

304 527 423 576 σαν,
459 505 534 567 εἷς
561 507 656 569 τάς
689 505 905 570 πολλὰς
957 505 1153 568 ταύτας
1200 504 1574 579 περιπίπτωκε
1621 501 1830 564 πλάνας
1877 503 1938 558 τὸ

2074 505 2326 560 nandato
2348 506 2725 577 violato,eum
2741 527 2770 565 e
2794 512 3067 583 paradiso
3083 515 3688 572 exterminavit.Unde

305 595 640 669 ἀνθρώπινον
699 596 878 671 γένος,
938 593 1208 651 δουλωθὶν
1286 598 1404 657 ταῖς
1487 591 1775 666 ἁμαρτίαις
1849 592 1940 645 καὶ

311 683 578 739 ὑποπεσὸν
609 688 689 756 τῷ
719 683 928 756 θανάτῳ
959 680 1047 738 διά
1094 690 1193 752 τῆς
1241 679 1561 758 τυραννίδος
1607 684 1705 736 τοῦ
1755 673 1941 734 διαϐό-

306 771 429 828 λοιν
462 772 542 840 ὅς,
580 771 932 847 ὑποχειρίους
991 772 1128 842 ἅπαξ
1183 771 1311 834 τοὺς
1365 771 1682 845 ἀνθρώπους
1732 763 1941 838 λαϐὼν,

305 859 583 923 πάντελῶς
615 859 960 924 ἐπιλαθέσθαι
992 861 1262 931 πεποίηκε
1287 864 1384 916 τοῦ
1434 864 1568 916 Θεοῦ
1613 859 1702 914 καὶ
1749 855 1946 913 δεσπό-

305 971 425 1019 του,
457 949 546 1004 καὶ
576 948 726 1022 αύτῷ
769 949 1012 1004 ἀνέπεισε
1068 949 1343 1024 λατρεύειν
1405 947 1494 1004 διὰ
1542 955 1640 1017 τῆς
1696 952 1805 1003 τῶν
1869 945 1947 1000 εἷ-

311 1035 504 1094 δώλων
569 1042 822 1112 μυσαμᾶς
871 1041 1308 1113 προσκυνήσεως.
1371 1037 1808 1112 Σπλαγχνισθείς
1855 1034 1945 1089 οὗν

312 1129 339 1182 ὁ
368 1127 578 1190 πλάσας
615 1129 761 1201 ἡμᾶς
792 1127 939 1198 Θεὸς,
994 1125 1210 1200 εὐδοκία
1265 1130 1362 1182 τοῦ
1416 1127 1628 1201 Ηατρὸς
1675 1125 1761 1179 καὶ
1822 1145 1948 1178 συν-

313 1216 466 1293 εργίᾳ
518 1221 614 1272 τοῦ
669 1215 827 1292 ἁγίου
917 1217 1232 1290 Πνεύματος
1312 1219 1446 1289 (65),
1521 1211 1811 1285 εὐδόκησεν
1889 1212 1950 1267 ἐκ

316 1305 588 1382 Παρθένου
621 1305 796 1379 ἁγίας,
853 1311 952 1374 τῆς
1012 1305 1279 1360 Θεοτόκου
1337 1303 1573 1380 Μαρίας,
1627 1304 1744 1367 καθ’
1801 1304 1950 1374 ἡμᾶς

312 1400 595 1472 τεχθῆναυ
627 1396 739 1465 καὶ,
772 1397 992 1461 πάθεσιν
1052 1396 1326 1470 ὁμιλήσας
1359 1397 1386 1450 ὁ
1416 1395 1649 1468 ἀπαθῆς,
1700 1393 1788 1450 διὰ
1833 1391 1952 1468 τρί-

314 1507 412 1557 της
439 1506 498 1541 τε
527 1487 737 1560 ἡμέρας
765 1485 826 1540 ἐκ
848 1489 1052 1560 νεκρῶν
1111 1485 1360 1555 ἀναστάς,
1410 1483 1757 1558 ἐλυτρώσατο
1805 1485 1952 1556 ἡμᾶς

315 1579 412 1630 τοῦ
438 1573 710 1650 προτέρου
739 1574 1019 1646 ἐπιτιμίου
1052 1577 1160 1648 (66)
1189 1574 1277 1629 καὶ
1310 1571 1506 1637 κλέους
1549 1577 1646 1628 τοῦ
1683 1572 1957 1649 προτέρου,

317 1662 540 1734 ἡξίωσε.
573 1663 921 1737 Συνανήγαγε
947 1662 1048 1740 γὰρ
1092 1664 1240 1732 ἡμᾶς
1291 1661 1366 1724 εἷς
1416 1661 1676 1737 ούρανοὸς
1725 1658 1956 1735 ἀνερχό-

324 1772 507 1827 μενος,
565 1751 686 1816 ἀθεν
745 1749 1008 1826 ἐτύγχανε
1062 1746 1467 1818 καταϐεϐηκώς·
1527 1750 1582 1806 ’ὸν
1637 1750 1728 1804 καὶ
1805 1747 1956 1812 αὖθις

322 1842 467 1913 ἥξειν
502 1843 654 1899 318
705 1839 1054 1914 πιστεύομεν,
1107 1837 1199 1894 τίνα
1252 1840 1314 1894 τὸ
1371 1838 1600 1914 πλάσμα
1653 1839 1714 1893 τὸ
1772 1839 1962 1894 ἑαυτοῦ

325 1932 616 2002 ἀναστήσῃ.
646 1927 948 1986 Ἀποδώσει
1001 1926 1058 1984 δὲ
1109 1928 1316 2002 ἑκάστῳ
1372 1929 1509 1983 κατά
1560 1927 1628 1983 τὰ
1679 1924 1813 2004 ἔργα
1867 1927 1961 1983 αύ-

324 2025 419 2076 τοῦ
453 2022 592 2094 (67).
628 2019 994 2082 Ἐπὶίτοὺτοις
1046 2020 1145 2088 τὴν
1196 2015 1562 2092 ἐκδεχομένην
1612 2016 1739 2079 τοὺς
1789 2016 1964 2087 ἀξίους

325 2111 436 2165 τῶν
495 2108 736 2182 οὐρανῶν
797 2106 1170 2182 ἐμυσταγώγει
1254 2103 1531 2180 βασιλείαν
1588 2109 1697 2179 (68)
1756 2103 1845 2160 καί
1898 2106 1966 2159 τὰ

330 2197 617 2275 ἀπόρρητα
666 2196 863 2271 ἀγαθά.
917 2196 1027 2264 Τὴν
1086 2195 1451 2268 ἀποκειμένην
1535 2199 1652 2256 τοῖς
1737 2193 1966 2272 φαύλοις

324 2287 638 2366 προσετίθει
672 2288 923 2364 βάσανον,
970 2286 1034 2342 τὸ
1089 2280 1345 2340 ἄσϐεστον
1400 2288 1531 2359 πῦρ,
1587 2285 1649 2342 τὸ
1707 2283 1962 2360 ἐξώτερον

325 2377 539 2446 σκότος,
596 2377 686 2431 τὸν
741 2374 1097 2445 ἀτελεύτητον
1159 2374 1423 2445 σκώληκα
1475 2377 1608 2447 (69),
1683 2375 1773 2429 καὶ
1833 2375 1964 2444 ὅσην

326 2465 501 2538 ἃλλην
536 2466 588 2520 οἱ
617 2471 714 2536 τῆς
757 2461 1022 2540 ἁμαρτίας
1073 2460 1264 2519 δοῦλοι
1305 2460 1531 2518 κόλασιν
1580 2461 1794 2527 ἑαυτοῖς
1840 2460 1970 2532 ἐθη-

326 2553 604 2632 σαύρισαν.

2049 598 2108 647 et
2131 593 2280 664 ipse,
2305 600 2364 649 et
2400 612 2570 664 uxor,
2613 615 2682 653 ea
2717 616 2896 670 quam
2937 618 3070 656 cum
3111 619 3180 659 eo
3229 603 3527 659 habebant
3555 620 3691 659 con-

2042 682 2355 754 junctione
2385 684 2558 756 lapsi,
2593 687 2655 741 in
2689 689 2798 744 hos
2828 691 3046 747 multos
3078 709 3307 748 errores
3329 693 3690 758 inciderunt,

2051 779 2291 843 peccato
2317 773 2594 830 videlicet
2620 777 2682 831 in
2714 779 3054 836 servitutem
3103 782 3344 850 addicti,
3396 784 3692 853 mortique

2050 877 2155 932 per
2174 861 2394 917 diaboli
2421 865 2796 934 tyrannidem
2819 868 3059 925 obnoxii
3085 872 3410 936 eii‘ecti.Qui
3427 873 3690 943 quidem,

2053 951 2393 1006 hominibus
2415 954 2600 1008 semel
2623 954 2684 1008 in
2705 962 3058 1026 potestatem
3083 975 3247 1015 suam
3270 961 3548 1029 redactis,
3580 962 3692 1017 hoc

2055 1040 2192 1111 egit,
2225 1045 2290 1094 ut
2317 1041 2420 1095 Dei
2450 1058 2517 1096 ac
2552 1044 2780 1100 Domini
2815 1046 3112 1103 oblivione
3143 1065 3387 1120 prorsus
3415 1066 3692 1122 caperen-

2055 1127 2440 1199 tur,ipsisque
2455 1133 2748 1201 persuasit
2764 1139 2829 1188 ut
2848 1151 2955 1207 per
2966 1137 3389 1193 exsecrandam
3401 1139 3697 1194 idolorum

2057 1217 2468 1274 adorationem
2489 1220 2605 1276 sibi
2636 1223 2865 1279 cultum
2888 1224 3260 1281 adhiberent.
3285 1230 3359 1282 At
3385 1244 3518 1283 vero
3551 1230 3703 1283 Deus

2059 1311 2291 1362 creator
2312 1312 2534 1376 noster,
2563 1311 2948 1368 miseratione
2965 1315 3580 1389 commotus,benigna
3599 1319 3703 1373 Pa-

2059 1395 2167 1451 tris
2194 1395 2491 1452 voluntate
2514 1413 2581 1454 ac
2603 1400 2852 1471 Spiritus
2875 1405 3064 1459 sancti
3085 1405 3367 1476 adjuncta
3397 1421 3600 1478 opera,
3634 1422 3706 1463 ex

2062 1484 2298 1557 Virgine
2329 1491 2534 1542 sancta
2562 1489 2750 1543 nostri
2781 1489 2973 1546 instar
3002 1492 3064 1547 in
3097 1491 3292 1549 lucem
3338 1493 3434 1549 edi
3486 1493 3704 1565 voluit;

2062 1588 2316 1646 cumque
2351 1576 2616 1631 cruciatu
2645 1578 2891 1634 aﬂ‘ectus
2921 1581 3131 1636 fuisset
3161 1582 3210 1637 is
3238 1583 3338 1653 qui
3379 1599 3414 1638 a
3460 1600 3708 1655 perpes-

2065 1663 2233 1717 sione
2266 1663 2550 1718 immunis
2580 1671 2722 1734 erat,
2759 1668 2953 1723 triduo
3001 1675 3134 1741 post
3182 1686 3217 1724 a
3266 1675 3457 1727 morte
3506 1671 3581 1727 ad
3623 1673 3706 1727 vi-

2069 1755 2187 1806 tam
2211 1751 2517 1820 excitatus,
2549 1770 2658 1809 nos
2683 1771 2718 1810 a
2746 1755 2929 1826 priori
2960 1758 3146 1813 multa
3175 1763 3233 1813 et
3259 1759 3721 1817 condemnatio-'

2070 1857 2144 1896 ne
2176 1840 2464 1909 liberavit,
2497 1845 3014 1918 prmstantiorique
3037 1847 3225 1918 gloria
3245 1848 3498 1904 donavit.
3521 1849 3708 1920 Siqui-

2073 1928 2207 1984 dem
2252 1929 2315 1984 in
2361 1929 2575 1985 caelum
2634 1933 2984 2002 ascendens,
3040 1935 3220 1991 simul
3276 1953 3385 1991 nos
3435 1954 3502 1993 eo
3551 1938 3710 1993 unde

2075 2017 2484 2085 descenderat,
2517 2020 2726 2076 evexit.
2754 2023 2939 2086 Quem
2961 2023 3139 2079 etiam
3170 2041 3377 2080 rursus
3400 2031 3711 2082 venturum

2073 2106 2392 2174 credimus,
2422 2111 2490 2162 ut
2519 2108 2868 2180 figmentum
2899 2128 3071 2166 suum
3115 2113 3190 2167 ad
3237 2113 3415 2170 vitam
3458 2119 3710 2182 revocet;

2074 2200 2251 2266 atque
2280 2194 2602 2266 unicuique
2647 2198 2976 2254 secundum
3025 2201 3212 2272 ipsius
3254 2218 3436 2274 opera
3481 2203 3711 2259 reddat.

2074 2288 2288 2340 Postea
2316 2284 2390 2340 de
2420 2285 2522 2340 illo
2554 2287 2838 2343 ccelorum
2891 2305 3095 2362 regno,
3147 2291 3306 2362 quod
3353 2308 3453 2347 eos
3505 2292 3604 2364 qui
3653 2291 3716 2347 id

2075 2378 2490 2447 promerentur
2513 2381 2736 2442 manet,
2769 2377 2946 2434 verba
2973 2379 3134 2450 fecit,
3167 2385 3343 2451 atque
3366 2397 3583 2436 arcana
3612 2380 3719 2436 illa

2074 2462 2250 2532 bona,
2282 2463 2773 2536 reconditamque
2805 2466 2950 2521 item
2982 2467 3272 2539 improbis
3311 2486 3548 2541 poenam
3577 2486 3720 2542 pro-

2076 2552 2296 2623 posuit,
2327 2551 2612 2608 nimirum
2645 2553 2842 2626 ignem
2871 2571 3180 2627 nunquam
3231 2558 3716 2631 extinguendum,

326 2646 623 2716 tenebras,
654 2644 1054 2702 immortalem
1083 2658 1364 2712 vermem,
1394 2646 1726 2714 cateraque
1759 2643 2190 2697 tormentorum
2219 2655 2457 2714 genera,
2490 2657 2620 2712 quas
2673 2644 2898 2716 peccati
2945 2645 3096 2700 servi
3144 2645 3258 2700 sibi
3310 2646 3456 2719 ipsis
3502 2662 3716 2703 recon-

331 2735 630 2790 diderunt.

400 2826 576 2879 Ταῦτα
603 2824 776 2878 πάντα
805 2819 992 2899 λόγοις
1031 2817 1335 2892 πλειστοις,
1386 2817 1478 2876 καὶ
1528 2817 1772 2893 δαψιλῶς
1819 2817 1968 2891 αύτῳ

2149 2819 2282 2874 Haec
2311 2818 2516 2874 omnia
2542 2819 2997 2891 quamplurimis
3028 2823 3424 2893 sermonibus,
3467 2841 3534 2880 ac
3583 2823 3714 2896 Spi-
3797 2804 3806 2811 ’

329 2911 734 2988 ἐνυπάρχουσαν
761 2911 861 2980 τὴν
888 2914 986 2966 τοῦ
1034 2909 1346 2983 Πνεύματος
1397 2912 1728 2983 μαρτυροῦσι
1777 2908 1959 3000 χάριν,

2077 2907 2226 2962 ritus
2257 2907 2445 2962 sancti
2475 2908 2725 2979 gratiam
2756 2908 2991 2965 abunde
3043 2910 3157 2981 ipsi
3207 2911 3401 2966 inesse
3444 2912 3718 2967 testanti-

327 2997 576 3072 διεξελὼν
637 3002 769 3073 (70),
824 3000 937 3055 εἶτα
989 2999 1076 3053 καὶ
1135 2999 1198 3053 τὸ
1253 2996 1657 3072 ἀνεξιχνίαστον
1730 2995 1959 3071 πέλαγος

2078 2996 2189 3052 bus
2220 3002 2723 3068 prosecutus,tum
2754 2997 2992 3054 demum
3017 2999 3550 3073 impervestigabile
3573 3001 3723 3057 divi-

324 3096 425 3159 τῆς
479 3093 578 3145 τοῦ
635 3093 770 3144 Θεοῦ
829 3085 1188 3163 διηγούμενος
1243 3085 1654 3165 φιλανθρωπίας
1698 3085 1789 3141 καὶ
1848 3084 1959 3147 οἷός

2078 3102 2170 3140 nm
2194 3085 2580 3158 benignitatis
2610 3087 2856 3160 pelagus
2905 3089 3219 3156 enarravit,
3269 3106 3566 3162 quamque
3617 3090 3719 3145 ille

327 3178 467 3235 ἐστιν
499 3176 724 3253 ἕτοιμος
755 3177 1006 3253 δέχεσθαι
1047 3179 1146 3247 τήν
1197 3178 1486 3250 μετάνοιαν
1531 3180 1640 3232 τῶν
1689 3176 1826 3251 πρὸς
1876 3173 1959 3229 αύ·

2081 3190 2286 3230 eorum
2319 3175 2419 3247 qui
2450 3174 2525 3230 ad
2555 3191 2691 3230 eum
2737 3191 2864 3230 sese
2913 3182 3264 3233 convertunt
3309 3179 3718 3250 paenitentiam

327 3269 421 3323 τὸν
454 3267 907 3345 ἐπιστρεφόντων,
941 3267 1028 3322 καὶ
1062 3267 1136 3329 ὡς
1169 3265 1267 3322 οὐκ
1290 3262 1430 3322 ἔστιν
1486 3265 1722 3341 ἁμαρτία
1767 3267 1959 3319 νικῶσα

2079 3262 2335 3318 libenter
2351 3264 2955 3336 exspectet,quodque
2981 3265 3214 3322 nullum
3246 3267 3438 3322 scelus
3465 3268 3540 3322 sit
3561 3265 3719 3338 quod

325 3358 426 3428 τήν
459 3356 622 3412 αὐτοῦ
652 3355 1079 3432 εὐσπλαγχνίαν,
1139 3355 1289 3432 εἰπερ
1347 3353 1651 3428 θελήσομεν
1705 3359 1959 3427 μετανοῆ-

2081 3352 2267 3424 ipsius
2281 3351 2726 3408 misericordam
2739 3355 3053 3425 superet,si
3067 3355 3306 3425 quidem
3325 3355 3398 3412 ad
3411 3356 3721 3412 meliorem

331 3467 420 3503 σαι
451 3448 588 3520 (70),
649 3444 710 3501 ἔκ
761 3442 989 3500 πολλῶν
1045 3441 1104 3499 Si
1156 3448 1318 3499 τοῦτο
1376 3440 1832 3518 παραδειγμάτων
1881 3440 1972 3496 καὶ

330 3540 612 3614 γραφικῶν
674 3535 1022 3608 παραστήσας
1084 3537 1418 3611 μαρτυριῶν,
1451 3533 1479 3588 ὁ
1521 3532 1616 3606 μὲν
1663 3528 1821 3593 τέλος
1876 3529 1976 3589 ἒπ-

334 3627 497 3698 έθηκε
523 3631 604 3699 τῷ
636 3625 812 3702 λόγῳ.

406 3717 570 3772 ΚΕΦ.
607 3715 730 3772 AE'.
763 3715 1089 3787 Κατανυγεὶς
1120 3710 1177 3769 δὲ
1206 3714 1234 3768 ὁ
1269 3709 1524 3788 βασιλεὺς
1580 3705 1840 3785 Ἀϐεννήρ
1887 3707 1974 3764 ἐπὶ

331 3807 402 3877 τῇ
431 3800 763 3875 θεοδιδάκτῳ
793 3801 959 3876 σοφίᾳ
984 3801 1171 3876 ταύτῃ,
1203 3803 1358 3874 φωνῇ
1393 3798 1603 3876 μεγάλῃ
1629 3799 1718 3854 καὶ
1773 3809 1977 3873 θερμο-

333 3894 468 3964 τάτῃ
505 3896 658 3968 ψυχῇ
713 3892 806 3946 τὸν
868 3897 1090 3961 σωτῆρα
1142 3890 1374 3966 Χιρστὸν
1437 3883 1738 3963 ὡμολόγει,
1797 3887 1977 3957 πάσης

334 3981 569 4043 ἀποστάς
609 3977 1018 4052 δεισιδαίμονος
1077 3977 1290 4048 πλάνης
1349 3977 1482 4050 (72).
1539 3976 1692 4033 319
1748 3975 1818 4030 Τὸ
1877 3996 1978 4046 ση-

337 4067 488 4142 μεῖόν
517 4089 577 4124 τε
633 4071 927 4126 προσκυνεῖ
975 4069 1076 4120 τοῦ
1133 4067 1409 4134 ζωοποιοῦ
1458 4065 1689 4138 σταυροῦ
1749 4061 1851 4117 ὑπὸ
1905 4065 1975 4136 τῇ

333 4157 546 4214 πάντων
607 4151 728 4231 ὄψει
782 4159 894 4230 (73)
953 4153 1041 4210 καὶ
1096 4153 1173 4217 εἶς
1231 4151 1465 4224 ἐπήκοον
1526 4153 1771 4207 ἁπάντων
1845 4153 1975 4208 Θεὸν

331 4246 586 4322 κηρύττει
618 4246 882 4317 ἀληθινὸν
912 4245 1006 4300 τὸν
1039 4242 1240 4320 Κύριον
1268 4244 1430 4315 ἡμῶν
1459 4241 1668 4312 Ἰησοῦν
1711 4236 1972 4317 Χριστόν·

330 4339 430 4408 τήν
457 4358 515 4392 τε
543 4334 806 4413 προτέραν
864 4328 1116 4392 ἀσέϐειαν
1159 4329 1467 4403 διεξελθὼν,
1518 4331 1619 4400 τήν
1670 4329 1871 4386 οἰκείαν
1920 4352 1981 4387 τε

333 4426 468 4482 κατά
494 4430 602 4482 τῶν
634 4427 970 4502 Χριστιανῶν
1003 4422 1267 4496 ὠμότητα
1322 4421 1411 4476 καὶ
1467 4417 1780 4498 μιαιφονίαν
1825 4419 1982 4498 ἐλέγ-

407 4554 519 4624 (64)
550 4552 715 4624 Conf.
748 4567 880 4622 pag.
911 4553 1000 4618 47,
1034 4567 1101 4604 n-
1128 4551 1184 4605 7.

425 4623 516 4694 65)
547 4623 713 4680 Conf.
745 4638 911 4695 pagg.
945 4625 1034 4692 51,
1067 4624 1157 4676 52.

426 4697 516 4767 66)
547 4695 711 4767 Coni.
743 4709 874 4766 pag.
909 4695 999 4748 5b.

407 4764 519 4840 (67)
547 4765 716 4840 (Ioni.
749 4764 808 4836 p.
840 4767 933 4840 55,
956 4780 1023 4840 τι.
1055 4764 1146 4840 25.

405 4835 520 4909 (68)
551 4838 716 4894 Conf.
744 4835 876 4909 pag.
909 4838 998 4903 60,
1039 4849 1101 4891 ιι.
1131 4835 1223 4909 ευ.

408 4903 524 4980 (69)
548 4909 714 4980 Conf.
744 4903 878 4980 pag.
913 4909 1002 4980 66,
1033 4921 1096 4960 n.
1130 4907 1224 4975 77,
1253 4903 1343 4958 78.

406 4979 516 5052 (70)
544 4979 711 5052 Conf.
746 4979 847 5052 pp;
873 4979 965 5046 94,
997 4979 1087 5032 95.

407 5046 522 5192 (71)
553 5053 613 5116 C,
649 5046 958 5121 διεξελθεῖν.

428 5125 520 5191 72)
549 5123 754 5178 Glossa
781 5122 844 5176 in
873 5124 921 5177 Α
947 5136 958 5174 :

2077 3440 2310 3513 frugem
2340 3441 2536 3496 redire
2562 3441 2626 3499 in
2658 3443 2928 3498 animum
2977 3443 3352 3500 inducamus.
3387 3445 3552 3510 Quod
3585 3463 3722 3501 cum

2081 3529 2285 3585 multis
2304 3530 2592 3601 exemplis
2612 3546 2681 3586 ac
2705 3530 3024 3602 Scriptura)
3045 3533 3402 3588 testimoniis
3425 3533 3724 3591 declaras-

2083 3624 2194 3686 set,
2227 3619 2481 3675 orationi
2512 3620 2693 3674 finem
2724 3619 3030 3690 imposuit.

2157 3709 2289 3763 CAP.
2323 3707 2543 3762 XXXV.
2574 3738 2638 3750 -
2672 3710 2791 3763 Rex
2827 3713 3026 3764 autem
3057 3708 3339 3764 divinitus
3370 3711 3586 3768 tradita
3614 3714 3725 3769 hac

2086 3796 2378 3868 sapientia
2397 3796 3037 3870 compunctus,ingen.ti
3052 3813 3189 3852 voce
3212 3814 3279 3853 ac
3291 3797 3724 3856 ferventissimo

2089 3884 2288 3940 animo
2334 3884 2630 3940 Christum
2679 3885 3039 3941 Salvatorem
3070 3886 3403 3955 conﬁtetur,
3445 3893 3621 3959 atque
3650 3888 3724 3944 ab

2086 3973 2248 4028 omni
2272 3972 2680 4044 superstitioso
2703 3988 2901 4026 errore
2923 3971 3570 4044 absceditzviviﬁcaaque
3593 3991 3731 4030 cru~

2093 4063 2178 4118 cis
2200 4061 2434 4134 signum
2454 4061 2923 4134 inspectantibus
2965 4060 3242 4116 omnibus
3272 4061 3497 4130 adorat,
3523 4068 3582 4117 et
3620 4079 3724 4120 au-

2086 4151 2390 4207 dientibus
2420 4151 2695 4206 omnibus
2721 4151 2905 4206 Deum
2948 4166 3148 4206 verum
3180 4166 3247 4206 ac
3279 4151 3591 4207 Dominum
3613 4169 3727 4207 no-

2088 4253 2272 4304 strum
2303 4250 2502 4304 Jesum
2532 4246 2830 4302 Christum
2850 4246 3347 4318 praedicat.Atque
3369 4262 3732 4305 commemo-

2008 4303 2054 4368 Ι)
2087 4341 2219 4392 rata
2247 4337 2428 4408 priori
2461 4352 2569 4391 sua
2597 4335 2922 4407 impietate,
2956 4339 3016 4390 et
3045 4334 3323 4391 adversus
3355 4337 3720 4394 Christianos

2088 4425 2437 4482 crudelitate
2470 4430 2528 4480 et
2570 4424 2942 4480 immanitate
2963 4424 3376 4498 condemnata,
3408 4425 3618 4500 ingens
3647 4425 3723 4484 ad

428 5113 520 5191 72)
549 5113 754 5178 Glossa
781 5122 844 5176 in
873 5124 921 5177 Α
947 5136 960 5174 :
993 5115 1181 5194 στίχος
1202 5113 1511 5194 ἔμμετρος.
1543 5113 1717 5194 Quod
1741 5118 1834 5194 est
1854 5131 1985 5170 vere
2005 5117 2503 5194 animadversum.
2533 5117 2798 5194 Similem
2820 5119 3134 5194 habuimus
3155 5121 3728 5180 animadversionem

335 5186 466 5275 pag.
501 5186 624 5249 237.
658 5186 1166 5286 Fecitmonaqbus
1198 5186 1544 5286 iﬂprpdens
1570 5186 1971 5286 versiculum,
1997 5188 2194 5286 facere
2223 5191 2325 5260 qui
2353 5190 2708 5286 :gluit,Anpn
2739 5190 2880 5245 fecit
2907 5191 3196 5286 'l‘heodor.
3231 5194 3614 5286 lzrodromurs,
3634 5195 3725 5286 vel

339 5265 531 5286 ‘I'\L_I-_
582 5265 635 5286 2..
682 5265 932 5286 ΑΔΣΑΔ---
971 5280 1025 5286 _._
1063 5268 1173 5286 ιιι-ν.
1298 5275 1362 5286 Α..
1391 5273 1586 5286 ηιηηηα
1702 5274 1767 5286 nn
1797 5275 1893 5286 “an
2049 5278 2056 5284 -
2171 5278 2282 5286 ...ιη
2465 5278 2475 5286 .
2592 5280 2622 5286 _
2668 5261 2824 5286 ,ζμ-Α-.
2882 5279 2921 5286 _
2994 5281 3085 5286 μ---
3109 5283 3121 5286 -
3175 5283 3231 5286 ___
3304 5285 3307 5286 ,
3370 5267 3416 5286 γ’*
3507 5274 3523 5286 Α
3678 5285 3681 5286 ,

337 5257 557 5338 l’biles,
582 5265 645 5319 in
677 5265 937 5338 editione
969 5257 1601 5338 s_altem_:l‘h_orlaciana‘
1632 5257 1915 5338 (Pro_fuss.
1938 5267 1959 5338 _1

2079 5263 2140 5338 Ι,Δ
2171 5257 2300 5334 pag.
2352 5263 2475 5338 65):
2530 5258 2834 5338 ’ᾼτλάντον
2881 5259 3122 5338 πέλαγος
3170 5261 3450 5338 πελαγοῦς
3491 5257 3728 5338 Αίγαίου

378 5335 525 5398 άοος.
546 5327 882 5407 ’Ὲυςὶοὺίιῐιι
911 5334 1005 5388 isti
1040 5332 1467 5386 versiﬁcatores
1493 5327 1673 5399 pedes
1705 5328 1959 5399 trisyllal

342 5335 526 5480 Βάθος.
551 5409 681 5480 _Nec
703 5406 1273 5480 agnosciturpoetaa.
1289 5416 1603 5480 manus,_p.
1637 5415 1762 5470 seq.
1787 5416 1849 5480 _v,
1881 5402 1946 5455 35

2109 5327 2277 5387 Bent?
2323 5327 2506 5388 codex
2561 5334 2739 5386 283i:
2793 5327 3146 5388 Ἀτλαντὶκὸν
3194 5327 3449 5411 πέλαγος,
3504 5327 3725 5409 Αἰγαῖον

2074 5406 2282 5480 [γραῦς
2311 5403 2401 5480 καὶ
2431 5400 2596 5480 πάλιν
2640 5405 2807 5478 γραῦς
2851 5402 2942 5458 καὶ
2989 5402 3177 5463 πάλιν.
3231 5411 3565 5465 Mensuram
3617 5408 3725 5465 im.

378 5407 526 5469 άθος.
558 5406 674 5462 Nec
703 5406 1044 5479 agnoscitur
1070 5408 1273 5480 poeta).
1289 5416 1590 5524 manus,§

379 5479 526 5524 habit.
551 5477 724 5524 lentia
756 5477 978 5524 codicis
1003 5493 1017 5524 :
1049 5477 1115 5524 Ὦ
1141 5492 1328 5524 γοαυς.
1358 5470 1448 5524 καὶ
1478 5471 1556 5524 πά

337 5470 526 5550 plebit
551 5477 724 5550 lectio
740 5470 1017 5550 Vcodicisg
1035 5470 1115 5550 fit
1141 5470 1448 5550 Yeu5<,_mi
1478 5470 1643 5550 πάλιν

409 5551 515 5619 (73)
547 5549 763 5621 Dicunt
791 5544 960 5621 δίεπ’
989 5540 1131 5621 ὄψει.
1154 5540 1494 5606 Theodorus
1523 5545 1669 5600 Pror

336 5613 519 5693 ligen'.
545 5616 638 5677 in?
669 5625 807 5680 ante
836 5613 982 5694 ὄψει.

1592 5440 1603 5451 .
1637 5415 1762 5470 seq.
1787 5416 1849 5478 δ’,
1881 5402 1946 5455 35

2074 5406 2282 5478 [γραῦς
2311 5403 2401 5457 καὶ
2431 5400 2596 5478 πάλιν
2640 5405 2807 5478 γραῦς
2851 5402 2942 5458 καὶ
2989 5402 3177 5463 πάλιν.
3231 5400 3729 5465 Mensuram'im.

1671 5472 1869 5598 γραῦς,
1898 5471 1988 5524 καὶ
2014 5471 2178 5530 πάλὶν
2208 5479 2395 5550 γραῦς,
2426 5472 2613 5558 πάλιν.
2654 5471 2688 5478 ’⁷
2953 5544 2967 5556 .
3633 5547 3645 5560 .
3689 5549 3699 5560 .

1712 5559 1758 5598 ι’.
1791 5541 2055 5598 Galeam.
2086 5548 2190 5598 305
2217 5565 2232 5598 :
2264 5547 2362 5598 Καὶ
2389 5545 2537 5598 ταυτ’
2563 5539 2685 5598 ὄψει
2735 5547 2832 5598 τοῦ
2888 5547 3054 5598 φίλου
3105 5551 3471 5598 mutua-udam)-
3523 5552 3699 5598 nmis}

1712 5539 1758 5598 r.
1791 5541 1959 5601 Galea

2086 5539 2362 5606 305Ξ’Καὶ
2385 5539 2537 5600 ⁷ταῦτ’
2563 5539 2685 5617 ὄψει
2735 5547 2832 5601 τοῦ
2888 5544 3054 5624 φίλου
3105 5551 3471 5627 φυτοσπόρου.
3523 5547 3734 5610 Omisit
