3964 6144
256 395 392 452 1197

1437 395 1607 448 VITA
1639 385 1992 444 BABLAAM
2027 384 2121 438 ΕΤ
2152 383 2495 444 ΙΟΔΒΔΡΗ.

3513 385 3656 444 4198

250 520 311 574 τὸ
362 515 725 594 χειρόγραφον
777 519 883 590 (96)
929 519 1035 572 τῶν
1090 517 1257 571 αὐτοῦ
1300 513 1674 587 πταισμάτων,
1703 509 1889 566 καὶτᾶ

2025 509 2188 579 psius
2218 509 2449 566 chartas
2479 525 2787 582 concerpe,
2832 513 3184 581 sanctosque
3218 514 3372 579 tuos,
3406 527 3553 582 quos
3585 517 3644 567 et

249 612 601 682 γραμματεῖα
658 605 945 682 διάρρηξον
999 611 1108 661 τῶν
1169 606 1331 660 αὑτοῦ
1389 603 1750 683 ὀφλημάτων,
1799 600 1888 656 καὶ

249 695 376 758 τοὺς
409 693 599 770 ἁγίους
648 716 742 748 σου
798 694 1133 767 κατάλλαξον
1193 693 1338 767 αὑτῷ
1395 693 1484 756 οῦς
1530 692 1660 766 πυρί
1701 713 1760 746 τε
1799 689 1890 745 καὶ

252 785 388 858 ξίφει
420 783 650 838 ἀνεῖλεν·
694 782 936 853 ἐπίταξον
986 782 1182 845 αὐτοὺς
1237 785 1310 855 μὴ
1355 783 1473 838 κατ’
1519 783 1683 836 αὑτοῦ
1733 777 1892 855 ὀργί-

251 880 449 944 ζεσθαι.
483 875 662 928 Πάντα
703 873 806 947 γὰρ
858 869 1053 927 δυνατά
1103 894 1191 927 σοι
1245 877 1324 945 τῷ
1375 872 1588 927 πάντων
1632 869 1892 942 Δεσπότῃ,

247 960 374 1018 ἀλλ’
413 961 448 1030 ἢ
485 961 646 1034 μόνον
703 961 765 1015 τὸ
828 961 903 1032 μὴ
962 960 1132 1016 ἐλεεῖν
1191 961 1319 1025 τοῦς
1371 963 1446 1034 μή
1480 959 1896 1037 ἐπιστρέφοντας

246 1053 381 1126 πρὸς
415 1051 492 1106 σέ·
524 1054 689 1105 τοῦτο
740 1048 1025 1106 ἀδύνατον.
1075 1051 1145 1104 Τὸ
1186 1052 1286 1126 γὰρ
1340 1045 1492 1114 ἔλεός
1539 1071 1634 1104 σου
1668 1047 1895 1122 ἐκκέχυ-

248 1161 345 1195 ταο
377 1140 464 1194 ἐπὶ
494 1139 718 1207 πάντας,
769 1138 858 1192 καὶ
911 1139 1104 1207 σώζεις
1149 1137 1276 1200 τοὺς
1322 1136 1786 1210 ἐπικαλουμένους
1815 1156 1894 1203 σε,

252 1227 421 1302 Κύριε
480 1227 659 1297 Ἰησοῦ
715 1225 933 1302 Χριστέ,
988 1226 1072 1280 ’ὁτι
1131 1226 1323 1300 πρέπει
1371 1243 1461 1279 σοι
1510 1223 1637 1297 δόξα
1663 1223 1736 1286 εἷς
1765 1222 1896 1284 τοὺς

254 1316 476 1378 αῗῶνας.
511 1317 710 1388 Ἀμήν.

320 1403 581 1468 Τοιαὺτας
611 1403 776 1478 εὐχάς
831 1403 920 1458 καὶ
981 1401 1190 1474 δεήσεις
1249 1404 1546 1477 προσέφερε
1588 1401 1668 1474 τῷ
1697 1405 1814 1474 Θεῷ
1843 1398 1896 1456 ἐν

253 1495 412 1558 ὅλαις
439 1495 573 1550 ἒπτά
597 1493 851 1568 ἡμέραις,
888 1491 1156 1564 μηδόλως
1188 1497 1285 1546 τοῦ
1317 1495 1603 1566 μνήματος
1633 1490 1898 1560 ἀποστὰς,

259 1586 335 1657 μὴ
394 1584 650 1659 βρώσεως
709 1584 743 1651 ἢ
798 1582 1009 1644 πόσεως
1062 1582 1379 1656 τοπαράπαν
1447 1582 1704 1654 μνησθεὶς
1762 1581 1898 1652 (97),

259 1675 397 1747 μήτε
451 1675 555 1745 μῆν
601 1671 950 1732 ἀναπαύσεως
1003 1669 1176 1725 ὕπνου
1237 1673 1545 1745 μετασχών·
1606 1669 1751 1724 ἀλλᾶ
1808 1667 1900 1723 δά-

256 1783 412 1836 κρυσι
450 1761 546 1832 μὶν
574 1760 636 1816 τὸ
689 1757 885 1837 ἔδαφος
942 1754 1159 1835 ἕϐρεχε,
1218 1764 1538 1833 στεναγμοῖς
1594 1757 1650 1813 δὲ
1702 1758 1900 1832 ἆσιγή-

1998 599 2133 671 igne
2164 606 2223 656 et
2247 602 2438 671 gladio
2471 602 2542 657 de
2566 602 2760 656 medio
2785 602 3210 671 sustulit(Psal.
3233 604 3486 674 Lxxvm),
3513 620 3652 659 cum

2001 693 2129 760 ipsa
2158 691 2218 745 in
2249 692 2498 763 gratiam
2530 691 2729 757 reduc,
2761 691 2984 761 eisque,
3017 707 3092 744 ne
3142 691 3254 761 ipsi
3289 691 3563 747 infensos
3594 699 3655 748 et

2002 784 2184 842 iratos
2231 797 2359 835 sese
2409 781 2713 851 praebeant
2755 781 3000 851 impera.
3047 781 3258 836 Omnia
3286 782 3505 853 quippe
3537 783 3643 838 tibi

2003 869 2271 924 omnium
2304 870 2552 924 Domino
2581 869 2888 940 possibilia
2913 874 3070 936 sunt,
3103 870 3214 924 hoc
3236 885 3353 924 uno
3379 876 3645 942 excepto,

2005 957 2161 1027 quod
2186 959 2329 1028 quin
2361 963 2416 1012 te
2448 974 2653 1012 eorum
2681 958 2780 1027 qui
2811 973 2940 1013 sese
2972 956 3043 1012 ad
3075 962 3130 1011 te
3162 963 3516 1013 convertunt
3542 961 3648 1013 mi-

2005 1051 2219 1113 sereat,
2252 1047 2444 1100 facere
2475 1063 2595 1100 non
2620 1052 2806 1116 potes.
2836 1046 3238 1101 Misericordia
3269 1047 3428 1102 enim
3462 1053 3563 1104 tua
3592 1050 3654 1106 in

2007 1151 2213 1189 omnes
2244 1134 2460 1189 diffusa
2491 1139 2601 1196 est,
2651 1140 2827 1204 atque
2875 1134 2948 1188 iis
2998 1151 3033 1189 a
3080 1133 3295 1205 quibus
3335 1136 3650 1205 invocaris,

2009 1223 2262 1278 salutem
2294 1223 2491 1293 aﬂ'ers,
2522 1223 2772 1278 Domine
2795 1223 2931 1277 Jesu
2952 1222 3204 1291 Christe,
3237 1225 3521 1295 quoniam
3551 1225 3655 1281 de-

2007 1316 2102 1366 cet
2129 1317 2186 1366 te
2213 1311 2398 1383 gloria
2422 1311 2484 1366 in
2509 1311 2745 1367 saacula.
2780 1313 2990 1366 Amen.

2081 1401 2432 1472 Hujusmodi
2489 1416 2695 1472 preces
2744 1406 2801 1455 et
2851 1399 3150 1454 orationes
3198 1401 3316 1456 Deo
3347 1401 3653 1472 offerebat,

2010 1495 2234 1560 septem
2265 1489 2390 1544 dies
2420 1506 2454 1544 a
2476 1489 2746 1560 sepulcro
2774 1488 3017 1544 omnino
3049 1505 3169 1543 non
3196 1488 3647 1559 discedens,nec

2009 1579 2122 1634 cibi
2178 1578 2500 1649 quidquam
2548 1583 2650 1633 aut
2695 1582 2868 1649 potus
2917 1577 3258 1643 admittens,
3294 1595 3402 1633 nec
3445 1596 3650 1636 rursus

2010 1683 2218 1722 somno
2247 1683 2460 1738 corpus
2489 1683 2790 1733 recreans,
2822 1683 3022 1721 verum
3057 1672 3114 1720 et
3148 1666 3426 1738 lacrymis
3459 1669 3652 1726 solum

2010 1757 2209 1827 rigans
2240 1757 2408 1822 (Psal.
2443 1757 2610 1825 chI),
2631 1759 2688 1810 et
2717 1771 2852 1810 cum
2883 1755 3139 1810 luctibus
3164 1773 3404 1811 omnem
3437 1758 3653 1812 oratio-

259 1871 372 1912 τοις
405 1849 711 1924 εὐχόμενος
743 1846 992 1904 διετέλει.
1026 1853 1103 1922 Τῇ
1138 1846 1304 1924 ὀγδόῃ
1331 1846 1388 1902 δὲ
1427 1847 1503 1910 εἷς
1542 1848 1604 1902 τὸ
1634 1845 1899 1902 παλάτιον

2022 1855 2103 1909 nis
2132 1853 2472 1908 facultatem
2517 1852 2935 1924 superantibus
2966 1853 3028 1908 in
3059 1853 3325 1908 oratione
3358 1860 3652 1926 perstans.

263 1936 594 2007 ἐπανελθὼν,
645 1939 814 1992 πάντα
863 1937 954 1992 τὸν
1013 1937 1250 1992 πλοῦτον
1283 1937 1370 1992 καὶ
1401 1938 1468 1991 τὰ
1496 1939 1758 2013 χρήματα
1786 1941 1902 1998 τοῖς

260 2029 454 2098 πένησι
506 2024 790 2098 διένειμεν,
851 2026 923 2088 ὡς
987 2025 1180 2099 μηκέτι
1217 2025 1614 2103 ὑπολειφθῆναί
1647 2046 1766 2080 τινα
1792 2029 1900 2079 τῶν

259 2116 448 2190 χρείαν
485 2115 748 2191 ἐχόντων.

329 2208 495 2262 ΚΕΦ.
533 2205 642 2273 Λζ’.
697 2205 784 2260 Ἐν
841 2202 1059 2278 ὀλίγαις
1109 2200 1166 2257 δὲ
1212 2205 1446 2278 ἡμέραις
1489 2205 1588 2272 τὴν
1641 2201 1899 2271 τοιαύτην

254 2292 476 2355 τελέσας
508 2291 781 2348 διακονίαν
827 2292 917 2346 καὶ
967 2291 1168 2355 πάντας
1213 2292 1340 2353 τοὺς
1388 2291 1691 2366 θησαυροὺς
1738 2311 1904 2346 κατα-

257 2383 517 2450 κενώσας,
568 2381 720 2441 ’ὁπως
783 2378 1046 2452 μέλλοντι
1103 2380 1200 2448 τήν
1270 2381 1458 2448 πετήν
1514 2379 1729 2433 εἰσιέναι
1788 2379 1900 2433 πύ-

260 2469 365 2540 λην
397 2472 506 2542 (98)
569 2465 739 2540 μηδὲν
789 2468 937 2539 αὒτῷ
993 2465 1336 2540 ἐμποδίσειεν
1371 2469 1397 2520 ὁ
1427 2470 1534 2520 τῶν
1595 2471 1899 2542 χρημάτων

259 2556 428 2633 ὄγκος
475 2561 607 2630 (99),
660 2560 727 2630 τῇ
775 2559 1176 2630 τεσσαρακοστῇ
1225 2556 1407 2630 ἡμέρᾳ
1435 2561 1536 2624 τῆς
1573 2561 1670 2609 τοῦ
1697 2556 1900 2630 πατρὸς

258 2647 537 2715 τελευτῆς,
604 2647 828 2718 μνήμην
903 2643 1048 2716 αὗτῷ
1118 2643 1314 2713 τελῶν,
1389 2641 1648 2718 συγκαλεῖ
1703 2641 1904 2708 πάντας

255 2736 382 2798 τοὺς
430 2735 480 2790 ἐν
513 2734 658 2790 τέλει
690 2734 779 2790 καὶ
837 2733 963 2796 τοὺς
1019 2733 1380 2809 στρατιωτικᾶ
1435 2734 1901 2809 περιεζωσμένους

258 2824 349 2879 καὶ
404 2828 500 2878 τοῦ
555 2824 854 2880 πολιτικοῦ
912 2821 1049 2877 λαοῦ
1107 2822 1207 2876 οὐκ
1283 2825 1436 2880 820
1495 2823 1740 2898 ὀλίγους.
1800 2820 1901 2878 Καὶ

259 2912 608 2986 προκαθίσας,
667 2913 741 2974 ὡς
794 2909 936 2980 ἔθος,
1008 2911 1169 2987 φησὶν
1233 2909 1308 2972 εἷς
1367 2909 1608 2982 ἐπήκοον
1665 2912 1901 2966 πάντων

261 2999 425 3069 Ἰδοὺ,
473 3001 652 3063 καθὼς
707 3001 890 3074 ὁρᾶτε,
938 2994 1215 3070 Ἀϐηννὴρ
1264 3000 1445 3073 πατήρ
1495 3020 1598 3072 μου
1629 3000 1716 3054 καὶ
1754 2999 1906 3075 βασι-

261 3087 384 3150 λεὺς
411 3087 663 3159 τέθνηκεν
715 3088 788 3150 ὡς
833 3091 912 3150 εἷς
957 3092 1064 3142 τῶν
1115 3089 1388 3158 πενήτῶν,
1437 3087 1526 3142 καὶ
1576 3084 1730 3142 οὐδὲν
1763 3086 1907 3160 αὐτῷ

260 3174 384 3232 οὔτε
411 3178 438 3232 ὁ
470 3178 708 3239 πλοῦτος
747 3175 871 3231 οὔτε
899 3178 934 3245 ἡ
971 3175 1228 3252 βασιλικὴ
1285 3175 1432 3250 δόξα,
1483 3174 1606 3231 οὔτε
1658 3178 1763 3249 μὴν
1797 3175 1906 3251 ἐγὼ

261 3267 289 3321 ὁ
321 3263 642 3342 φιλοπάτωρ
673 3266 814 3331 υἱὸς,
848 3266 974 3320 οὑτε
1021 3287 1106 3327 τις
1153 3269 1260 3320 τῶν
1291 3263 1502 3320 λοιπῶν
1535 3265 1699 3320 αὐτοῦ
1730 3265 1902 3343 φίλων

259 3353 351 3408 καὶ
381 3359 674 3429 συγγενῶν,
729 3354 999 3429 βοηθῆσαι
1044 3352 1264 3428 ἴσχυσεν
1313 3354 1460 3427 αὐτῷ
1487 3356 1575 3410 καὶ
1603 3361 1704 3425 τῆς
1732 3355 1908 3429 ἀπαρ-

263 3444 491 3512 αιτήτου
545 3444 734 3517 ψήφου
815 3441 1110 3513 ἐξελέσθαι.
1173 3440 1330 3498 Ἀλλ’
1407 3442 1597 3517 ὑπάγει
1657 3445 1792 3519 πρὸς
1844 3445 1912 3498 τὰ

268 3531 468 3595 ἐκεῖθέν
529 3529 909 3606 δικαιωτήρια.
973 3531 1140 3606 λόγον
1203 3529 1404 3608 ὑφέξων
1459 3538 1557 3601 τῆς
1633 3531 1912 3595 πολιτείας

269 3625 367 3676 τοῦ
397 3620 666 3694 παρόντος
729 3621 874 3695 βίου,
933 3617 1138 3693 μηδένα
1191 3624 1298 3675 τῶν
1356 3621 1602 3676 ἁπάντων
1657 3622 1908 3697 συνεργὸν

271 3707 634 3782 ἐπαγόμενος,
693 3708 820 3764 ἀλλ’
894 3709 930 3777 ἢ
1010 3708 1149 3782 μόνα
1219 3710 1286 3762 τὰ
1358 3707 1502 3780 αὐτῷ
1557 3710 1914 3784 πεπραγμένα

268 3798 439 3853 ὁποῖα
466 3795 526 3852 ἃν
642 3799 718 3855 Τὸ
750 3799 882 3853 αὐτὸ
932 3794 989 3851 δὲ
1034 3801 1195 3852 τοῦτο
1234 3798 1324 3851 καὶ
1355 3803 1485 3852 πᾶσι
1512 3804 1628 3859 τοῖς
1651 3800 1750 3868 τὴν
1785 3797 1910 3871 βρό-

265 3907 410 3942 τειον
469 3884 704 3960 λαχοῦσι
764 3885 920 3963 φύσιν
980 3883 1294 3959 συμϐαίνειν
1344 3889 1568 3961 πέφυκε,
1596 3888 1685 3942 καὶ
1727 3885 1914 3950 ἄλλως

271 3975 372 4030 οὑκ
400 3969 531 4029 ἔστι.
566 3979 676 4029 Νῦν
711 3972 803 4028 οὖν
851 3975 1113 4029 ἀκούσατέ
1167 3997 1292 4048 μου,
1344 3975 1492 4052 φίλοι
1541 3977 1627 4030 καὶ
1665 3973 1911 4052 ἀδελφοὶ,

269 4062 403 4128 λαὸς
433 4062 630 4136 Κυρίου
659 4063 748 4118 καὶ
774 4062 982 4138 κλῆρος
1023 4063 1195 4138 ἅγιος,
1241 4063 1338 4125 οῦς
1365 4063 1653 4138 ἐξηγόρασε
1683 4065 1912 4138 Χριστὸς

270 4152 299 4206 ὁ
332 4152 462 4214 Θεὸς
489 4154 648 4224 ἡμῶν
681 4157 760 4224 τῷ
811 4152 981 4225 τιμίῳ
1040 4153 1205 4207 αὐτοῦ
1263 4151 1453 4226 αἵματι
1507 4154 1595 4207 καὶ
1653 4153 1912 4229 ἐρῥύσατο

267 4247 368 4309 τῆς
398 4239 633 4304 παλαιᾶς
662 4241 877 4309 πλάνης
932 4243 1018 4296 καὶ
1081 4241 1331 4305 δουλείας
1377 4245 1472 4297 τοῦ
1521 4243 1911 4314 ἀντικειμένου.

270 4328 438 4386 Αὐτοὶ
472 4326 652 4384 οἷ’δατε
678 4330 776 4398 τὴν
827 4328 880 4384 ἐν
931 4331 1057 4404 ὑμῖν
1109 4331 1469 4408 ἀναστροφήν,
1505 4351 1630 4402 μου,
1663 4333 1737 4392 ὡς
1770 4331 1914 4401 ἐξότε

270 4418 366 4472 τὸν
395 4419 628 4492 Χριστὸν
660 4413 825 4489 ἔγνων
876 4419 964 4473 καὶ
1016 4417 1213 4482 δοῦλος
1262 4418 1426 4474 αὐτοῦ
1478 4420 1718 4492 ἠξιώθην
1766 4423 1912 4496 γενέ-

275 4507 420 4575 σθαι,
478 4505 652 4562 πάντα
711 4509 964 4580 μισήσας,
1026 4507 1186 4562 αὑτὸν
1248 4507 1555 4578 ἐπεπόθησα
1607 4503 1791 4580 μόνον,
1822 4509 1910 4564 καὶ

2010 1943 2221 1998 Octavo
2237 1947 2431 1997 autem
2447 1941 2705 2012 denique
2725 1941 2818 1995 die
2836 1941 2898 1995 in
2916 1941 3200 2012 palatium
3215 1958 3656 2014 reversus,opes

2009 2048 2216 2085 omnes
2247 2047 2313 2085 ac
2336 2031 2618 2102 pecunias
2650 2029 3008 2101 pauperibus
3041 2029 3380 2098 distribuit;
3415 2030 3561 2086 adeo
3592 2035 3657 2085 ut

2009 2119 2209 2174 nullus
2215 2120 2341 2190 jam
2357 2119 2455 2190 qui
2473 2135 2669 2173 rerum
2686 2117 3651 2190 inOpiapremeretur,superesset.

2079 2209 2210 2264 CAP.
2243 2207 2487 2262 XXXVI.
2519 2238 2583 2248 —
2613 2206 2943 2278 Paucisque
2984 2206 3193 2262 diebus
3223 2207 3282 2261 in
3309 2207 3652 2278 hujusmodi

2008 2297 2341 2352 ministerio
2373 2297 2613 2364 exactis,
2645 2312 2853 2350 omnes
2893 2295 3202 2351 thesauros
3250 2296 3559 2351 exhausit:
3593 2295 3654 2351 id

2007 2385 2284 2440 videlicet
2313 2400 2514 2456 agens,
2546 2401 2620 2440 ne
2670 2390 2980 2456 angustam
3012 2389 3239 2455 portam
3272 2385 3520 2441 introire
3546 2401 3654 2456 pa-

2007 2475 2163 2530 ranti
2196 2473 2583 2544 pecuniarum
2633 2473 2824 2528 moles
2873 2473 3370 2543 impedimentum
3393 2476 3652 2529 afferret.

2008 2566 2083 2618 At
2110 2579 2244 2617 vero
2277 2561 2729 2633 quadragesimo
2779 2577 2814 2616 a
2861 2562 3090 2632 paterni
3141 2561 3335 2616 obitus
3387 2562 3482 2617 die
3530 2578 3658 2618 me-

2009 2651 2261 2707 moriam
2312 2650 2499 2721 ipsius
2552 2649 2884 2716 celebrans,
2944 2650 3322 2721 magistratus
3349 2666 3558 2705 omnes
3589 2667 3659 2706 ac

2009 2739 2279 2795 militatis
2327 2738 2534 2794 classis
2584 2742 2641 2792 et
2696 2737 2915 2808 plebeii
2975 2737 3201 2792 ordinis
3246 2737 3405 2793 haud
3435 2755 3656 2809 paucos

2009 2833 2323 2894 convocat;
2351 2832 2528 2898 atque
2578 2826 2641 2880 in
2691 2826 2851 2898 regio
2894 2827 3106 2882 throno
3160 2826 3395 2895 sedens,
3429 2829 3656 2884 cunctis

2009 2917 2386 2972 audientibus
2418 2916 2571 2970 hanc
2593 2915 2922 2970 orationem
2946 2915 3182 2970 habuit:
3206 2917 3386 2983 En,ut
3405 2917 3517 2988 ipsi
3537 2933 3660 2972 cer-

2007 3005 2456 3070 nitis,Abenner
2475 3020 2578 3058 rex
2598 3020 2666 3058 ac
2681 3009 2849 3075 pater
2866 3003 3220 3072 meus,haud
3245 3020 3420 3060 secus
3439 3021 3504 3060 ac
3521 3021 3660 3076 pau-

2006 3110 2217 3166 perum
2236 3093 2424 3164 quivis
2441 3096 2694 3148 mortem
2713 3092 2966 3148 obiit.Ac
2980 3109 3089 3148 nec
3113 3092 3468 3159 divitiae,nec
3493 3111 3657 3164 opes,

2016 3201 2126 3238 nec
2142 3183 2304 3255 regia
2319 3182 2639 3256 gloria,nec
2651 3198 2888 3237 rursum
2903 3198 3006 3254 ego
3020 3183 3203 3253 patris
3217 3183 3660 3238 amantissimus

2021 3272 2200 3339 ﬁlius,
2217 3288 2329 3327 nec
2349 3271 2717 3342 reliquorum
2738 3270 2926 3342 ipsius
2953 3271 3281 3326 amicorum
3307 3288 3374 3326 ac
3395 3277 3666 3344 cognato-

2018 3377 2150 3415 rum
2169 3361 2486 3431 quisquam
2511 3376 2682 3431 opem
2704 3359 2817 3431 ipsi
2840 3365 2898 3415 et
2918 3360 3205 3415 auxilium
3235 3361 3662 3432 alierre,atque

2019 3449 2092 3503 ab
2107 3447 2429 3503 inevitabili
2445 3448 2742 3503 sententia
2754 3448 2950 3519 ipsum
2965 3448 3223 3504 eximere
3237 3451 3659 3520 potuit;verum

2021 3535 2094 3590 ad
2113 3536 2260 3590 illud
2279 3535 2629 3600 tribunal,ut
2643 3536 2952 3607 praasentis
2970 3537 3099 3590 vita:
3117 3537 3410 3592 rationem
3429 3537 3660 3608 reddat,

2021 3627 2437 3700 proﬁciscitur,
2456 3627 2759 3680 neminem
2786 3627 3032 3680 omnino
3055 3627 3157 3696 qui
3189 3627 3303 3696 ipsi
3337 3627 3662 3697 Opituletur

2023 3733 2226 3771 secum
2257 3715 2502 3780 ducens,
2536 3715 2610 3768 iis
2640 3715 2928 3770 duntaxat
2977 3715 3236 3786 exceptis
3267 3715 3664 3787 (quaecunque

2023 3805 2262 3861 tandem
2294 3804 2396 3858 illa
2424 3803 2666 3873 fuerint)
2694 3820 2824 3874 qum
2851 3804 2923 3858 ab
2956 3819 3024 3858 eo
3047 3809 3211 3876 gesta
3238 3809 3395 3860 sunt.
3421 3806 3539 3860 Hoc
3561 3819 3666 3860 au-

2022 3899 2142 3948 tem
2163 3894 2358 3965 ipsum
2382 3908 2614 3964 quoque
2637 3892 2913 3948 omnibus
2935 3893 3034 3963 qui
3062 3893 3372 3948 mortalem
3391 3898 3666 3948 naturam

2022 3982 2178 4037 nacti
2197 3986 2335 4036 sunt
2351 3981 2690 4053 contingere
2709 3985 2921 4037 natura
2932 3987 3339 4052 comparatum
3354 3985 3664 4052 est,neque

2022 4072 2194 4126 aliter
2217 4071 2342 4126 ﬁeri
2375 4075 2587 4141 potest.
2621 4072 2784 4124 Nunc
2815 4069 2991 4141 igitur
3019 4070 3218 4124 audite
3248 4085 3364 4137 me,
3396 4085 3428 4124 ο
3456 4069 3563 4124 filii
3593 4085 3663 4126 ac

2021 4160 2252 4227 fratres,
2282 4160 2451 4232 plebs
2492 4160 2744 4228 Domini,
2786 4164 2844 4214 et
2893 4163 3098 4214 sancta
3143 4159 3480 4223 haireditas,
3513 4174 3664 4230 quos

2022 4249 2287 4304 Christus
2300 4250 2454 4303 Deus
2466 4247 2936 4318 nosterpretioso
2959 4248 3245 4320 sanguine
3267 4265 3372 4303 suo
3389 4248 3664 4316 redemit;

2023 4342 2198 4407 atque
2217 4352 2252 4391 a
2273 4335 2452 4390 veteri
2476 4351 2675 4390 errore
2690 4340 2748 4389 et
2760 4335 3078 4391 adversarii
3099 4337 3381 4391 servitute
3403 4336 3465 4391 in
3487 4335 3668 4392 liber-

2025 4431 2205 4480 tatem
2225 4423 2556 4479 vindicavit.
2584 4425 2695 4479 Vos
2717 4440 2912 4480 meam
2934 4423 3088 4480 inter
3105 4441 3204 4480 vos
3220 4425 3354 4479 vitaa
3375 4425 3673 4482 rationem

2033 4514 2221 4569 nostis
2249 4530 2260 4567 :
2289 4529 2502 4584 nempe
2531 4512 2687 4584 quod
2711 4529 2781 4568 ex
2803 4529 2918 4584 quo
2946 4517 3211 4584 tempore
3233 4513 3450 4568 Christi
3473 4513 3679 4586 cogni—

272 4594 436 4650 τοῦτό
499 4617 592 4668 μοι
651 4597 717 4664 ἦν
773 4595 1134 4668 καταθύμιον,
1191 4603 1292 4666 τῆς
1353 4596 1523 4666 ζάλης
1551 4600 1646 4651 τοῦ
1683 4596 1802 4673 βίου
1833 4619 1901 4653 κα

2036 4603 2258 4658 tionem
2271 4607 2623 4658 consecutus
2637 4602 2957 4673 divinoque
2972 4601 3261 4658 beneﬁcio
3275 4602 3461 4673 ipsius
3475 4585 3676 4658 servus

277 4685 504 4757 ματαίας
580 4680 788 4758 τύρϐης
869 4683 1248 4754 ὑπεξελθόντα,
1329 4685 1493 4758 μόνον
1574 4686 1726 4758 μόνῳ
1777 4687 1925 4760 αὐτῷ

275 4779 509 4828 συνεῖναι
542 4773 632 4828 καὶ
663 4772 714 4828 ἐν
749 4774 1012 4849 ἀταράχῳ
1041 4772 1254 4847 γαλήνῃ
1309 4775 1493 4848 ψυχῆς
1533 4771 1818 4830 δουλεῦσαι
1847 4780 1926 4848 τῷ

274 4861 392 4933 Θεῴ
427 4883 531 4935 μου
561 4861 654 4916 καὶ
703 4859 952 4935 δεσπότῃ.
1003 4859 1184 4917 Ἀλλὰ
1234 4881 1300 4933 με
1345 4861 1601 4936 κατέσχεν
1634 4865 1668 4931 ἡ
1694 4867 1790 4918 τοῦ
1819 4885 1924 4917 πα-

271 4950 405 5023 τρός
439 4971 544 5023 μου
575 4945 838 5018 ἔνστασις,
899 4950 992 5005 κάὶ
1049 4948 1245 5019 ἐντολή
1293 4951 1328 5018 ἡ
1378 4954 1540 5022 τιμᾷν
1567 4950 1695 5013 τοὺς
1725 4954 1922 5027 γεννή-

274 5059 441 5112 τορας
469 5039 766 5094 κελεύουσα
817 5045 914 5110 (1).
965 5040 1146 5109 ”Οθεν,
1206 5042 1339 5093 Θεοῦ
1394 5041 1579 5114 χάριτι
1609 5039 1700 5094 καὶ
1734 5061 1922 5112 συνερ-

273 5129 417 5202 γείᾳ,
479 5129 578 5183 οὑκ
621 5129 696 5190 εἰς
742 5128 916 5202 μάτην
973 5128 1252 5195 ἐκοπίασα,
1313 5125 1430 5182 οὐδ’
1489 5127 1566 5192 είς
1621 5129 1772 5184 κενὸν
1829 5131 1924 5193 τὰς

273 5216 532 5280 τοιαύτας
588 5218 842 5274 ἀνάλωσα
883 5218 1114 5294 ἡμέρας
1166 5213 1294 5272 ἀλλ’
1347 5216 1545 5273 ἐκεῖνόν
1587 5238 1645 5272 τε
1673 5217 1924 5291 ᾠκείωσα

351 5397 462 5466 (96)
494 5397 578 5470 Cf.
608 5416 668 5470 p.
700 5399 790 5465 88,
823 5415 883 5454 n.
920 5401 1008 5455 72.

352 5472 460 5535 (97)
498 5469 582 5537 Cf,
606 5469 662 5540 p.
701 5473 822 5537 ιοιι,
857 5487 916 5525 n.
949 5473 1037 5526 36.

349 5541 464 5613 (98)
497 5541 663 5613 Conf.
695 5558 754 5613 p.
789 5545 911 5609 129,
941 5559 1003 5597 n.
1039 5543 1090 5610 3,

353 5610 466 5683 (99)
498 5611 662 5666 Conf.
696 5610 756 5683 p.
792 5614 915 5681 128,

2035 4693 2278 4747 effectus
2301 4691 2738 4758 sum,omnibus
2760 4690 2894 4746 aliis
2916 4691 3092 4746 rebus
3120 4691 3474 4760 contemptis
3496 4696 3674 4761 atque

2033 4779 2167 4834 odio
2190 4779 2429 4846 habitis,
2454 4779 2642 4849 ipsius
2673 4778 2959 4834 duntaxat
2975 4777 3295 4849 cupiditate
3318 4776 3676 4849 ﬂagravi,id-

2035 4883 2148 4938 que
2180 4883 2366 4922 unum
2392 4867 2538 4921 mihi
2565 4866 2626 4921 in
2651 4867 2798 4922 votis
2837 4866 2970 4935 fuit,
2995 4872 3058 4921 ut
3082 4885 3152 4921 ex
3177 4867 3356 4937 hujus
3377 4865 3506 4920 vitae
3531 4870 3678 4920 tem-

2033 4961 2466 5027 pestate,atque
2486 4955 2650 5011 inani
2665 4956 3111 5027 perturbatione
3129 4972 3196 5010 ac
3210 4955 3466 5010 tumultu
3489 4970 3682 5027 egres-

2034 5059 2156 5110 sus,
2181 5044 2339 5099 solus
2371 5061 2505 5099 cum
2536 5045 2665 5114 ipso
2698 5044 2824 5098 solo
2856 5042 3347 5099 consuetudinem
3371 5043 3680 5113 haberem,

2033 5137 2207 5202 atque
2231 5133 2290 5186 in
2306 5149 2538 5188 summa
2551 5133 2734 5188 animi
2751 5131 3180 5203 tranquillitate
3198 5133 3314 5187 Deo
3331 5149 3462 5186 meo
3484 5149 3551 5188 ac
3569 5133 3682 5188 Do-

2032 5223 2193 5278 mino
2217 5223 2741 5279 servirem.Verum
2756 5239 2852 5277 me
2864 5221 3049 5292 patris
3066 5222 3182 5276 mei
3203 5221 3264 5278 in
3279 5222 3574 5278 diversum
3592 5222 3682 5278 ni-

353 5679 644 5753 (l)'Exod.
675 5679 770 5751 ix,
807 5679 908 5739 12Ξ
941 5679 1090 5755 Τίμα
1117 5682 1209 5737 τὸν
1241 5679 1454 5758 Πατέρα
1484 5701 1581 5736 σου
1611 5681 1700 5736 καὶ
1729 5682 1828 5751 τὴν
1865 5705 1902 5757 μ

2022 5703 2074 5739 >α
2130 5699 2251 5755 σου,
2295 5682 2387 5739 ’ίνα
2446 5686 2502 5740 εὗ
2555 5707 2637 5742 σοι
2669 5685 2961 5761 γένηται...
3011 5688 3176 5746 Conf.
3224 5689 3458 5743 Denter.
3507 5701 3558 5752 ν,
3596 5682 3686 5741 46.
