  <div class='ocr_page' id='page_1' title='image "/cluster/home/n/w/nwhite01/storage/ocr_20150623/96/mdp.39015008972211/617.png"; bbox 0 0 3964 6144; ppageno 0'>
   <div class='ocr_carea' id='block_1_1' title="bbox 245 260 383 316">
    <p class='ocr_par' dir='ltr' id='par_1_1' title="bbox 245 260 383 316">
     <span class='ocr_line' id='line_1_1' title="bbox 245 260 383 316; baseline -0.007 0"><span class='ocrx_word' id='word_1_1' title='bbox 245 260 383 316; x_wconf 85' lang='grc'>1203</span> 
     </span>
    </p>
   </div>
   <div class='ocr_carea' id='block_1_2' title="bbox 1776 261 2144 316">
    <p class='ocr_par' dir='ltr' id='par_1_2' title="bbox 1776 261 2144 316">
     <span class='ocr_line' id='line_1_2' title="bbox 1776 261 2144 316; baseline 0 0"><span class='ocrx_word' id='word_1_2' title='bbox 1776 261 2144 316; x_wconf 75' lang='grc' dir='ltr'>ΔΟΒΕΝΒΔ.</span> 
     </span>
    </p>
   </div>
   <div class='ocr_carea' id='block_1_3' title="bbox 3506 263 3648 320">
    <p class='ocr_par' dir='ltr' id='par_1_3' title="bbox 3506 263 3648 320">
     <span class='ocr_line' id='line_1_3' title="bbox 3506 263 3648 320; baseline 0.007 -1"><span class='ocrx_word' id='word_1_3' title='bbox 3506 263 3648 320; x_wconf 75' lang='grc'>1204</span> 
     </span>
    </p>
   </div>
   <div class='ocr_carea' id='block_1_4' title="bbox 242 385 1898 464">
    <p class='ocr_par' dir='ltr' id='par_1_4' title="bbox 242 386 1888 447">
     <span class='ocr_line' id='line_1_4' title="bbox 242 386 1888 447; baseline -0.002 -2"><span class='ocrx_word' id='word_1_4' title='bbox 242 389 541 447; x_wconf 77' lang='lat' dir='ltr'>sententia</span> <span class='ocrx_word' id='word_1_5' title='bbox 562 388 1101 447; x_wconf 88' lang='lat' dir='ltr'>deducebant.Tum</span> <span class='ocrx_word' id='word_1_6' title='bbox 1123 393 1321 445; x_wconf 90' lang='lat' dir='ltr'>autem</span> <span class='ocrx_word' id='word_1_7' title='bbox 1334 406 1437 444; x_wconf 90' lang='lat' dir='ltr'>rex</span> <span class='ocrx_word' id='word_1_8' title='bbox 1449 388 1797 443; x_wconf 90' lang='lat' dir='ltr'>Barachiam</span> <span class='ocrx_word' id='word_1_9' title='bbox 1819 386 1888 441; x_wconf 91' lang='lat' dir='ltr'>il-</span> 
     </span>
    </p>
   </div>
   <div class='ocr_carea' id='block_1_5' title="bbox 2012 385 3642 464">
    <p class='ocr_par' dir='ltr' id='par_1_5' title="bbox 2012 385 3642 464">
     <span class='ocr_line' id='line_1_5' title="bbox 2012 385 3642 464; baseline 0.002 -23"><span class='ocrx_word' id='word_1_10' title='bbox 2012 385 2284 461; x_wconf 79' lang='grc' dir='ltr'>Βαραχίανι</span> <span class='ocrx_word' id='word_1_11' title='bbox 2308 386 2531 455; x_wconf 76' lang='grc' dir='ltr'>ἐκεῖνον,</span> <span class='ocrx_word' id='word_1_12' title='bbox 2566 386 2623 441; x_wconf 80' lang='grc' dir='ltr'>ὅν</span> <span class='ocrx_word' id='word_1_13' title='bbox 2654 387 2747 442; x_wconf 83' lang='grc' dir='ltr'>καὶ</span> <span class='ocrx_word' id='word_1_14' title='bbox 2796 386 2999 463; x_wconf 89' lang='grc' dir='ltr'>φθάσας</span> <span class='ocrx_word' id='word_1_15' title='bbox 3059 388 3086 442; x_wconf 99' lang='lat'>6</span> <span class='ocrx_word' id='word_1_16' title='bbox 3145 386 3309 464; x_wconf 83' lang='grc' dir='ltr'>λόγος</span> <span class='ocrx_word' id='word_1_17' title='bbox 3371 386 3642 461; x_wconf 73' lang='grc' dir='ltr'>ἐδήλωσε,</span> 
     </span>
    </p>
   </div>
   <div class='ocr_carea' id='block_1_6' title="bbox 242 479 1889 551">
    <p class='ocr_par' dir='ltr' id='par_1_6' title="bbox 242 479 1889 551">
     <span class='ocr_line' id='line_1_6' title="bbox 242 479 1889 551; baseline -0.002 -17"><span class='ocrx_word' id='word_1_18' title='bbox 242 479 391 547; x_wconf 90' lang='lat' dir='ltr'>lum,</span> <span class='ocrx_word' id='word_1_19' title='bbox 435 479 506 533; x_wconf 91' lang='lat' dir='ltr'>de</span> <span class='ocrx_word' id='word_1_20' title='bbox 551 497 666 550; x_wconf 90' lang='lat' dir='ltr'>quo</span> <span class='ocrx_word' id='word_1_21' title='bbox 691 496 871 551; x_wconf 87' lang='lat' dir='ltr'>supra</span> <span class='ocrx_word' id='word_1_22' title='bbox 906 479 1087 534; x_wconf 91' lang='lat' dir='ltr'>locuti</span> <span class='ocrx_word' id='word_1_23' title='bbox 1134 496 1361 546; x_wconf 91' lang='lat' dir='ltr'>sumus,</span> <span class='ocrx_word' id='word_1_24' title='bbox 1402 495 1590 533; x_wconf 90' lang='lat' dir='ltr'>manu</span> <span class='ocrx_word' id='word_1_25' title='bbox 1634 483 1842 532; x_wconf 90' lang='lat' dir='ltr'>tenens</span> <span class='ocrx_word' id='word_1_26' title='bbox 1877 492 1889 531; x_wconf 94' lang='lat'><strong>:</strong></span> 
     </span>
    </p>
   </div>
   <div class='ocr_carea' id='block_1_7' title="bbox 246 567 1889 639">
    <p class='ocr_par' dir='ltr' id='par_1_7' title="bbox 246 567 1889 639">
     <span class='ocr_line' id='line_1_7' title="bbox 246 567 1889 639; baseline -0.003 -16"><span class='ocrx_word' id='word_1_27' title='bbox 246 569 433 633; x_wconf 83' lang='lat' dir='ltr'>Hunc,</span> <span class='ocrx_word' id='word_1_28' title='bbox 460 568 675 638; x_wconf 87' lang='lat' dir='ltr'>inquit,</span> <span class='ocrx_word' id='word_1_29' title='bbox 724 584 755 621; x_wconf 92' lang='grc' dir='ltr'>ο</span> <span class='ocrx_word' id='word_1_30' title='bbox 796 567 1030 632; x_wconf 81' lang='lat' dir='ltr'>fratres,</span> <span class='ocrx_word' id='word_1_31' title='bbox 1080 568 1237 622; x_wconf 89' lang='lat' dir='ltr'>hunc</span> <span class='ocrx_word' id='word_1_32' title='bbox 1292 567 1459 621; x_wconf 86' lang='lat' dir='ltr'>vobis</span> <span class='ocrx_word' id='word_1_33' title='bbox 1500 584 1699 639; x_wconf 80' lang='lat' dir='ltr'><strong>regem</strong></span> <span class='ocrx_word' id='word_1_34' title='bbox 1735 582 1889 620; x_wconf 91' lang='lat' dir='ltr'>creo.</span> 
     </span>
    </p>
   </div>
   <div class='ocr_carea' id='block_1_8' title="bbox 245 656 1889 728">
    <p class='ocr_par' dir='ltr' id='par_1_8' title="bbox 245 656 1889 728">
     <span class='ocr_line' id='line_1_8' title="bbox 245 656 1889 728; baseline -0.002 -17"><span class='ocrx_word' id='word_1_35' title='bbox 245 658 510 726; x_wconf 88' lang='lat' dir='ltr'>Cumque</span> <span class='ocrx_word' id='word_1_36' title='bbox 530 657 631 710; x_wconf 92' lang='lat' dir='ltr'>ille</span> <span class='ocrx_word' id='word_1_37' title='bbox 659 657 1049 728; x_wconf 85' lang='lat' dir='ltr'>ejusmodirei</span> <span class='ocrx_word' id='word_1_38' title='bbox 1078 656 1889 720; x_wconf 88' lang='lat' dir='ltr'>vehementerobluctaretur,</span> 
     </span>
    </p>
   </div>
   <div class='ocr_carea' id='block_1_9' title="bbox 246 742 1893 815">
    <p class='ocr_par' dir='ltr' id='par_1_9' title="bbox 246 742 1893 815">
     <span class='ocr_line' id='line_1_9' title="bbox 246 742 1893 815; baseline -0.001 -18"><span class='ocrx_word' id='word_1_39' title='bbox 246 744 496 798; x_wconf 89' lang='lat' dir='ltr'>invitum</span> <span class='ocrx_word' id='word_1_40' title='bbox 529 761 664 798; x_wconf 91' lang='lat' dir='ltr'>eum</span> <span class='ocrx_word' id='word_1_41' title='bbox 692 760 757 798; x_wconf 75' lang='lat' dir='ltr'>ac</span> <span class='ocrx_word' id='word_1_42' title='bbox 772 749 1201 815; x_wconf 83' lang='lat' dir='ltr'>repugnantem</span> <span class='ocrx_word' id='word_1_43' title='bbox 1225 744 1286 798; x_wconf 91' lang='lat' dir='ltr'>in</span> <span class='ocrx_word' id='word_1_44' title='bbox 1302 744 1460 815; x_wconf 87' lang='lat' dir='ltr'>regio</span> <span class='ocrx_word' id='word_1_45' title='bbox 1489 745 1700 798; x_wconf 83' lang='lat' dir='ltr'>throno</span> <span class='ocrx_word' id='word_1_46' title='bbox 1716 742 1893 797; x_wconf 90' lang='lat' dir='ltr'>collo-</span> 
     </span>
    </p>
   </div>
   <div class='ocr_carea' id='block_1_10' title="bbox 246 831 1889 904">
    <p class='ocr_par' dir='ltr' id='par_1_10' title="bbox 246 831 1889 904">
     <span class='ocr_line' id='line_1_10' title="bbox 246 831 1889 904; baseline -0.001 -17"><span class='ocrx_word' id='word_1_47' title='bbox 246 832 671 903; x_wconf 90' lang='lat' dir='ltr'>cat,ipsiusque</span> <span class='ocrx_word' id='word_1_48' title='bbox 704 831 881 903; x_wconf 92' lang='lat' dir='ltr'>capiti</span> <span class='ocrx_word' id='word_1_49' title='bbox 912 832 1187 887; x_wconf 81' lang='lat' dir='ltr'>diadema</span> <span class='ocrx_word' id='word_1_50' title='bbox 1207 833 1671 904; x_wconf 89' lang='lat' dir='ltr'>imponit,atque</span> <span class='ocrx_word' id='word_1_51' title='bbox 1701 848 1889 887; x_wconf 89' lang='lat' dir='ltr'>annu-</span> 
     </span>
    </p>
   </div>
   <div class='ocr_carea' id='block_1_11' title="bbox 246 920 1889 993">
    <p class='ocr_par' dir='ltr' id='par_1_11' title="bbox 246 920 1889 993">
     <span class='ocr_line' id='line_1_11' title="bbox 246 920 1889 993; baseline -0.001 -18"><span class='ocrx_word' id='word_1_52' title='bbox 246 922 370 976; x_wconf 92' lang='lat' dir='ltr'>lum</span> <span class='ocrx_word' id='word_1_53' title='bbox 392 921 621 989; x_wconf 80' lang='lat' dir='ltr'>regium</span> <span class='ocrx_word' id='word_1_54' title='bbox 643 920 830 991; x_wconf 90' lang='lat' dir='ltr'>ipsiin</span> <span class='ocrx_word' id='word_1_55' title='bbox 854 938 1097 976; x_wconf 89' lang='lat' dir='ltr'>manum</span> <span class='ocrx_word' id='word_1_56' title='bbox 1124 922 1566 993; x_wconf 63' lang='lat' dir='ltr'>prmbet.A‘tque</span> <span class='ocrx_word' id='word_1_57' title='bbox 1588 921 1661 975; x_wconf 92' lang='lat' dir='ltr'>ad</span> <span class='ocrx_word' id='word_1_58' title='bbox 1683 920 1889 975; x_wconf 85' lang='lat' dir='ltr'>Orien-</span> 
     </span>
    </p>
   </div>
   <div class='ocr_carea' id='block_1_12' title="bbox 246 1009 1893 1082">
    <p class='ocr_par' dir='ltr' id='par_1_12' title="bbox 246 1009 1893 1082">
     <span class='ocr_line' id='line_1_12' title="bbox 246 1009 1893 1082; baseline -0.001 -17"><span class='ocrx_word' id='word_1_59' title='bbox 246 1016 365 1065; x_wconf 90' lang='lat' dir='ltr'><strong>tem</strong></span> <span class='ocrx_word' id='word_1_60' title='bbox 398 1015 582 1077; x_wconf 84' lang='lat' dir='ltr'>stans,</span> <span class='ocrx_word' id='word_1_61' title='bbox 625 1026 731 1080; x_wconf 91' lang='lat' dir='ltr'>pro</span> <span class='ocrx_word' id='word_1_62' title='bbox 782 1026 918 1082; x_wconf 88' lang='lat' dir='ltr'>rege</span> <span class='ocrx_word' id='word_1_63' title='bbox 970 1028 1175 1081; x_wconf 84' lang='lat' dir='ltr'><strong>preces</strong></span> <span class='ocrx_word' id='word_1_64' title='bbox 1206 1010 1380 1078; x_wconf 82' lang='lat' dir='ltr'>fudit,</span> <span class='ocrx_word' id='word_1_65' title='bbox 1404 1011 1516 1064; x_wconf 90' lang='lat' dir='ltr'>hoc</span> <span class='ocrx_word' id='word_1_66' title='bbox 1547 1009 1819 1064; x_wconf 87' lang='lat' dir='ltr'>videlicet</span> <span class='ocrx_word' id='word_1_67' title='bbox 1859 1025 1893 1063; x_wconf 90' lang='lat' dir='ltr'>a</span> 
     </span>
    </p>
   </div>
   <div class='ocr_carea' id='block_1_13' title="bbox 249 1099 1889 1171">
    <p class='ocr_par' dir='ltr' id='par_1_13' title="bbox 249 1099 1889 1171">
     <span class='ocr_line' id='line_1_13' title="bbox 249 1099 1889 1171; baseline -0.002 -18"><span class='ocrx_word' id='word_1_68' title='bbox 249 1104 363 1154; x_wconf 80' lang='lat' dir='ltr'>Deo</span> <span class='ocrx_word' id='word_1_69' title='bbox 390 1099 719 1171; x_wconf 82' lang='lat' dir='ltr'>postulans,</span> <span class='ocrx_word' id='word_1_70' title='bbox 778 1105 845 1153; x_wconf 91' lang='lat' dir='ltr'>ut</span> <span class='ocrx_word' id='word_1_71' title='bbox 886 1100 989 1153; x_wconf 90' lang='lat' dir='ltr'>Dei</span> <span class='ocrx_word' id='word_1_72' title='bbox 1042 1100 1222 1153; x_wconf 83' lang='lat' dir='ltr'>ﬁdem</span> <span class='ocrx_word' id='word_1_73' title='bbox 1254 1103 1597 1153; x_wconf 80' lang='lat' dir='ltr'>constanter</span> <span class='ocrx_word' id='word_1_74' title='bbox 1640 1102 1889 1165; x_wconf 89' lang='lat' dir='ltr'>teneret,</span> 
     </span>
    </p>
   </div>
   <div class='ocr_carea' id='block_1_14' title="bbox 246 1188 1891 1246">
    <p class='ocr_par' dir='ltr' id='par_1_14' title="bbox 246 1188 1891 1246">
     <span class='ocr_line' id='line_1_14' title="bbox 246 1188 1891 1246; baseline -0.003 0"><span class='ocrx_word' id='word_1_75' title='bbox 246 1207 315 1246; x_wconf 87' lang='lat' dir='ltr'>ac</span> <span class='ocrx_word' id='word_1_76' title='bbox 346 1189 561 1243; x_wconf 77' lang='lat' dir='ltr'>Christi</span> <span class='ocrx_word' id='word_1_77' title='bbox 593 1188 1009 1244; x_wconf 82' lang='lat' dir='ltr'>mandatorum</span> <span class='ocrx_word' id='word_1_78' title='bbox 1040 1189 1154 1243; x_wconf 89' lang='lat' dir='ltr'>iter</span> <span class='ocrx_word' id='word_1_79' title='bbox 1181 1188 1251 1244; x_wconf 85' lang='lat' dir='ltr'>ab</span> <span class='ocrx_word' id='word_1_80' title='bbox 1276 1189 1437 1243; x_wconf 89' lang='lat' dir='ltr'>omni</span> <span class='ocrx_word' id='word_1_81' title='bbox 1460 1190 1615 1244; x_wconf 83' lang='lat' dir='ltr'>ﬂexu</span> <span class='ocrx_word' id='word_1_82' title='bbox 1629 1188 1891 1244; x_wconf 90' lang='lat' dir='ltr'>alienum</span> 
     </span>
    </p>
   </div>
   <div class='ocr_carea' id='block_1_15' title="bbox 246 1277 1889 1349">
    <p class='ocr_par' dir='ltr' id='par_1_15' title="bbox 246 1277 1889 1349">
     <span class='ocr_line' id='line_1_15' title="bbox 246 1277 1889 1349; baseline -0.001 -15"><span class='ocrx_word' id='word_1_83' title='bbox 246 1279 559 1334; x_wconf 86' lang='lat' dir='ltr'>inveniret.</span> <span class='ocrx_word' id='word_1_84' title='bbox 599 1277 816 1332; x_wconf 83' lang='lat' dir='ltr'>Adhaec</span> <span class='ocrx_word' id='word_1_85' title='bbox 866 1295 971 1349; x_wconf 93' lang='lat' dir='ltr'>pro</span> <span class='ocrx_word' id='word_1_86' title='bbox 1004 1278 1159 1333; x_wconf 89' lang='lat' dir='ltr'>clero</span> <span class='ocrx_word' id='word_1_87' title='bbox 1193 1280 1371 1333; x_wconf 91' lang='lat' dir='ltr'>etiam</span> <span class='ocrx_word' id='word_1_88' title='bbox 1411 1285 1586 1349; x_wconf 89' lang='lat' dir='ltr'>atque</span> <span class='ocrx_word' id='word_1_89' title='bbox 1619 1279 1889 1334; x_wconf 87' lang='lat' dir='ltr'>universo</span> 
     </span>
    </p>
   </div>
   <div class='ocr_carea' id='block_1_16' title="bbox 246 1368 1893 1441">
    <p class='ocr_par' dir='ltr' id='par_1_16' title="bbox 246 1368 1893 1441">
     <span class='ocr_line' id='line_1_16' title="bbox 246 1368 1893 1441; baseline 0.001 -19"><span class='ocrx_word' id='word_1_90' title='bbox 246 1384 418 1441; x_wconf 82' lang='lat' dir='ltr'>grege</span> <span class='ocrx_word' id='word_1_91' title='bbox 447 1371 723 1439; x_wconf 86' lang='lat' dir='ltr'>precatus</span> <span class='ocrx_word' id='word_1_92' title='bbox 741 1372 848 1435; x_wconf 89' lang='lat' dir='ltr'>est,</span> <span class='ocrx_word' id='word_1_93' title='bbox 881 1384 1053 1439; x_wconf 92' lang='lat' dir='ltr'>opem</span> <span class='ocrx_word' id='word_1_94' title='bbox 1085 1368 1355 1423; x_wconf 84' lang='lat' dir='ltr'>videlicet</span> <span class='ocrx_word' id='word_1_95' title='bbox 1403 1374 1462 1423; x_wconf 88' lang='lat' dir='ltr'>et</span> <span class='ocrx_word' id='word_1_96' title='bbox 1490 1369 1776 1423; x_wconf 84' lang='lat' dir='ltr'>auxilium</span> <span class='ocrx_word' id='word_1_97' title='bbox 1825 1385 1893 1423; x_wconf 89' lang='lat' dir='ltr'>ac</span> 
     </span>
    </p>
   </div>
   <div class='ocr_carea' id='block_1_17' title="bbox 250 1455 1890 1528">
    <p class='ocr_par' dir='ltr' id='par_1_17' title="bbox 250 1455 1890 1528">
     <span class='ocr_line' id='line_1_17' title="bbox 250 1455 1890 1528; baseline -0.002 -16"><span class='ocrx_word' id='word_1_98' title='bbox 250 1456 503 1512; x_wconf 85' lang='lat' dir='ltr'>salutem</span> <span class='ocrx_word' id='word_1_99' title='bbox 524 1455 720 1528; x_wconf 89' lang='lat' dir='ltr'>ipsisa</span> <span class='ocrx_word' id='word_1_100' title='bbox 751 1457 867 1510; x_wconf 91' lang='lat' dir='ltr'>Deo</span> <span class='ocrx_word' id='word_1_101' title='bbox 900 1461 1131 1527; x_wconf 89' lang='lat' dir='ltr'>petens,</span> <span class='ocrx_word' id='word_1_102' title='bbox 1163 1463 1339 1527; x_wconf 88' lang='lat' dir='ltr'>atque</span> <span class='ocrx_word' id='word_1_103' title='bbox 1365 1466 1423 1511; x_wconf 85' lang='lat' dir='ltr'>ut</span> <span class='ocrx_word' id='word_1_104' title='bbox 1447 1456 1736 1528; x_wconf 87' lang='lat' dir='ltr'>quidquid</span> <span class='ocrx_word' id='word_1_105' title='bbox 1779 1456 1890 1527; x_wconf 76' lang='lat' dir='ltr'>ipsi</span> 
     </span>
    </p>
   </div>
   <div class='ocr_carea' id='block_1_18' title="bbox 244 1545 1508 1619">
    <p class='ocr_par' dir='ltr' id='par_1_18' title="bbox 244 1545 1508 1619">
     <span class='ocr_line' id='line_1_18' title="bbox 244 1545 1508 1619; baseline -0.001 -18"><span class='ocrx_word' id='word_1_106' title='bbox 244 1545 619 1619; x_wconf 85' lang='lat' dir='ltr'>postularent</span> <span class='ocrx_word' id='word_1_107' title='bbox 636 1545 708 1600; x_wconf 90' lang='lat' dir='ltr'>ad</span> <span class='ocrx_word' id='word_1_108' title='bbox 731 1546 1051 1600; x_wconf 85' lang='lat' dir='ltr'>utilitatem</span> <span class='ocrx_word' id='word_1_109' title='bbox 1076 1546 1508 1601; x_wconf 86' lang='lat' dir='ltr'>moderaretur.</span> 
     </span>
    </p>
   </div>
   <div class='ocr_carea' id='block_1_19' title="bbox 319 1634 1893 1703">
    <p class='ocr_par' dir='ltr' id='par_1_19' title="bbox 319 1634 1893 1703">
     <span class='ocr_line' id='line_1_19' title="bbox 319 1634 1893 1703; baseline -0.001 -12"><span class='ocrx_word' id='word_1_110' title='bbox 319 1635 436 1691; x_wconf 87' lang='lat' dir='ltr'>Hac</span> <span class='ocrx_word' id='word_1_111' title='bbox 474 1634 741 1689; x_wconf 89' lang='lat' dir='ltr'>oratione</span> <span class='ocrx_word' id='word_1_112' title='bbox 782 1634 1004 1703; x_wconf 90' lang='lat' dir='ltr'>habita,</span> <span class='ocrx_word' id='word_1_113' title='bbox 1064 1652 1381 1690; x_wconf 83' lang='lat' dir='ltr'>conversus</span> <span class='ocrx_word' id='word_1_114' title='bbox 1418 1635 1491 1691; x_wconf 91' lang='lat' dir='ltr'>ad</span> <span class='ocrx_word' id='word_1_115' title='bbox 1526 1634 1893 1702; x_wconf 89' lang='lat' dir='ltr'>Barachiam,</span> 
     </span>
    </p>
   </div>
   <div class='ocr_carea' id='block_1_20' title="bbox 1998 473 3643 553">
    <p class='ocr_par' dir='ltr' id='par_1_20' title="bbox 1998 473 3643 553">
     <span class='ocr_line' id='line_1_20' title="bbox 1998 473 3643 553; baseline 0.002 -26"><span class='ocrx_word' id='word_1_116' title='bbox 1998 476 2309 549; x_wconf 85' lang='grc' dir='ltr'>κατασχὼν,</span> <span class='ocrx_word' id='word_1_117' title='bbox 2342 479 2571 547; x_wconf 88' lang='grc' dir='ltr'>Τοῦτον,</span> <span class='ocrx_word' id='word_1_118' title='bbox 2602 477 2772 544; x_wconf 78' lang='grc' dir='ltr'>εἶπεν,</span> <span class='ocrx_word' id='word_1_119' title='bbox 2807 473 3057 553; x_wconf 80' lang='grc' dir='ltr'>ἀδελφοὶ,</span> <span class='ocrx_word' id='word_1_120' title='bbox 3121 476 3248 548; x_wconf 88' lang='grc' dir='ltr'>ὑμῖν</span> <span class='ocrx_word' id='word_1_121' title='bbox 3287 476 3643 552; x_wconf 86' lang='grc' dir='ltr'>προχειρίζο-</span> 
     </span>
    </p>
   </div>
   <div class='ocr_carea' id='block_1_21' title="bbox 2002 562 3643 641">
    <p class='ocr_par' dir='ltr' id='par_1_21' title="bbox 2002 562 3643 641">
     <span class='ocr_line' id='line_1_21' title="bbox 2002 562 3643 641; baseline 0.003 -26"><span class='ocrx_word' id='word_1_122' title='bbox 2002 583 2096 634; x_wconf 89' lang='grc' dir='ltr'>μαι</span> <span class='ocrx_word' id='word_1_123' title='bbox 2137 563 2382 637; x_wconf 84' lang='grc' dir='ltr'>βασιλέα.</span> <span class='ocrx_word' id='word_1_124' title='bbox 2415 569 2516 618; x_wconf 89' lang='grc' dir='ltr'>Τοῦ</span> <span class='ocrx_word' id='word_1_125' title='bbox 2567 562 2623 619; x_wconf 66' lang='grc' dir='ltr'>δὲ</span> <span class='ocrx_word' id='word_1_126' title='bbox 2683 566 2931 640; x_wconf 81' lang='grc' dir='ltr'>ἰσχυρῶς</span> <span class='ocrx_word' id='word_1_127' title='bbox 2962 563 3100 639; x_wconf 86' lang='grc' dir='ltr'>πρὸς</span> <span class='ocrx_word' id='word_1_128' title='bbox 3123 564 3185 618; x_wconf 84' lang='grc' dir='ltr'>τὸ</span> <span class='ocrx_word' id='word_1_129' title='bbox 3226 569 3450 641; x_wconf 84' lang='grc' dir='ltr'>πρᾶγμα</span> <span class='ocrx_word' id='word_1_130' title='bbox 3480 565 3643 620; x_wconf 89' lang='grc' dir='ltr'>ἀπει-</span> 
     </span>
    </p>
   </div>
   <div class='ocr_carea' id='block_1_22' title="bbox 2000 651 3643 729">
    <p class='ocr_par' dir='ltr' id='par_1_22' title="bbox 2000 651 3643 729">
     <span class='ocr_line' id='line_1_22' title="bbox 2000 651 3643 729; baseline 0.003 -24"><span class='ocrx_word' id='word_1_131' title='bbox 2000 655 2245 721; x_wconf 65' lang='grc' dir='ltr'>θοῦντος,</span> <span class='ocrx_word' id='word_1_132' title='bbox 2306 652 2504 708; x_wconf 79' lang='grc' dir='ltr'>ἃκοντα</span> <span class='ocrx_word' id='word_1_133' title='bbox 2543 653 2633 707; x_wconf 82' lang='grc' dir='ltr'>καὶ</span> <span class='ocrx_word' id='word_1_134' title='bbox 2695 656 2770 726; x_wconf 80' lang='grc' dir='ltr'>μὴ</span> <span class='ocrx_word' id='word_1_135' title='bbox 2833 651 3166 729; x_wconf 87' lang='grc' dir='ltr'>βουλόμενον</span> <span class='ocrx_word' id='word_1_136' title='bbox 3225 657 3293 727; x_wconf 82' lang='grc' dir='ltr'>τῇ</span> <span class='ocrx_word' id='word_1_137' title='bbox 3383 654 3643 729; x_wconf 79' lang='grc' dir='ltr'>βασιλικῇ</span> 
     </span>
    </p>
   </div>
   <div class='ocr_carea' id='block_1_23' title="bbox 1998 737 3642 820">
    <p class='ocr_par' dir='ltr' id='par_1_23' title="bbox 1998 737 3642 820">
     <span class='ocr_line' id='line_1_23' title="bbox 1998 737 3642 820; baseline 0.004 -27"><span class='ocrx_word' id='word_1_138' title='bbox 1998 737 2149 814; x_wconf 81' lang='grc' dir='ltr'>ἀρχῇ</span> <span class='ocrx_word' id='word_1_139' title='bbox 2175 738 2544 816; x_wconf 81' lang='grc' dir='ltr'>ἐγκαθίστησι,</span> <span class='ocrx_word' id='word_1_140' title='bbox 2577 742 2665 795; x_wconf 83' lang='grc' dir='ltr'>καὶ</span> <span class='ocrx_word' id='word_1_141' title='bbox 2697 745 2764 815; x_wconf 77' lang='grc' dir='ltr'>τῇ</span> <span class='ocrx_word' id='word_1_142' title='bbox 2797 742 3009 820; x_wconf 81' lang='grc' dir='ltr'>κεφαλῇ</span> <span class='ocrx_word' id='word_1_143' title='bbox 3070 740 3232 797; x_wconf 82' lang='grc' dir='ltr'>αὐτοῦ</span> <span class='ocrx_word' id='word_1_144' title='bbox 3284 742 3344 796; x_wconf 84' lang='grc' dir='ltr'>τὸ</span> <span class='ocrx_word' id='word_1_145' title='bbox 3398 740 3642 816; x_wconf 86' lang='grc' dir='ltr'>διάδημα</span> 
     </span>
    </p>
   </div>
   <div class='ocr_carea' id='block_1_24' title="bbox 1998 831 3643 904">
    <p class='ocr_par' dir='ltr' id='par_1_24' title="bbox 1998 831 3643 904">
     <span class='ocr_line' id='line_1_24' title="bbox 1998 831 3643 904; baseline 0.002 -21"><span class='ocrx_word' id='word_1_146' title='bbox 1998 831 2333 904; x_wconf 70' lang='grc' dir='ltr'>περιτίθησι,</span> <span class='ocrx_word' id='word_1_147' title='bbox 2364 833 2455 886; x_wconf 85' lang='grc' dir='ltr'>τὸν</span> <span class='ocrx_word' id='word_1_148' title='bbox 2515 831 2799 903; x_wconf 80' lang='grc' dir='ltr'>βασιλικόν</span> <span class='ocrx_word' id='word_1_149' title='bbox 2855 855 2913 887; x_wconf 90' lang='grc' dir='ltr'>τε</span> <span class='ocrx_word' id='word_1_150' title='bbox 2972 831 3261 889; x_wconf 70' lang='grc' dir='ltr'>δακτύλιον</span> <span class='ocrx_word' id='word_1_151' title='bbox 3310 831 3530 888; x_wconf 83' lang='grc' dir='ltr'>δίδωσιν</span> <span class='ocrx_word' id='word_1_152' title='bbox 3562 835 3643 898; x_wconf 72' lang='grc' dir='ltr'>εἷς</span> 
     </span>
    </p>
   </div>
   <div class='ocr_carea' id='block_1_25' title="bbox 1998 921 3643 1000">
    <p class='ocr_par' dir='ltr' id='par_1_25' title="bbox 1998 921 3643 1000">
     <span class='ocr_line' id='line_1_25' title="bbox 1998 921 3643 1000; baseline 0.004 -28"><span class='ocrx_word' id='word_1_153' title='bbox 1998 921 2096 988; x_wconf 76' lang='grc' dir='ltr'>τήν</span> <span class='ocrx_word' id='word_1_154' title='bbox 2130 926 2313 995; x_wconf 84' lang='grc' dir='ltr'>χεῖρα.</span> <span class='ocrx_word' id='word_1_155' title='bbox 2348 921 2472 995; x_wconf 81' lang='grc' dir='ltr'>Καὶ,</span> <span class='ocrx_word' id='word_1_156' title='bbox 2506 923 2634 985; x_wconf 84' lang='grc' dir='ltr'>στάς</span> <span class='ocrx_word' id='word_1_157' title='bbox 2678 924 2813 977; x_wconf 84' lang='grc' dir='ltr'>κατά</span> <span class='ocrx_word' id='word_1_158' title='bbox 2870 921 3158 992; x_wconf 79' lang='grc' dir='ltr'>ἀνατολὰς,</span> <span class='ocrx_word' id='word_1_159' title='bbox 3218 922 3415 997; x_wconf 78' lang='grc' dir='ltr'>ηὕξατο</span> <span class='ocrx_word' id='word_1_160' title='bbox 3472 923 3643 1000; x_wconf 66' lang='grc' dir='ltr'>εὐχήν</span> 
     </span>
    </p>
   </div>
   <div class='ocr_carea' id='block_1_26' title="bbox 1996 1009 3641 1087">
    <p class='ocr_par' dir='ltr' id='par_1_26' title="bbox 1996 1009 3641 1087">
     <span class='ocr_line' id='line_1_26' title="bbox 1996 1009 3641 1087; baseline 0.004 -25"><span class='ocrx_word' id='word_1_161' title='bbox 1996 1013 2075 1080; x_wconf 78' lang='grc' dir='ltr'>τῷ</span> <span class='ocrx_word' id='word_1_162' title='bbox 2136 1009 2350 1083; x_wconf 82' lang='grc' dir='ltr'>βασιλεῖ</span> <span class='ocrx_word' id='word_1_163' title='bbox 2411 1009 2675 1086; x_wconf 86' lang='grc' dir='ltr'>Βαραχία·</span> <span class='ocrx_word' id='word_1_164' title='bbox 2762 1011 3153 1087; x_wconf 76' lang='grc' dir='ltr'>ἀπερίτρεπτον</span> <span class='ocrx_word' id='word_1_165' title='bbox 3212 1012 3357 1085; x_wconf 83' lang='grc' dir='ltr'>αὐτῷ</span> <span class='ocrx_word' id='word_1_166' title='bbox 3414 1015 3514 1083; x_wconf 72' lang='grc' dir='ltr'>τὴν</span> <span class='ocrx_word' id='word_1_167' title='bbox 3564 1014 3641 1076; x_wconf 72' lang='grc' dir='ltr'>εἷς</span> 
     </span>
    </p>
   </div>
   <div class='ocr_carea' id='block_1_27' title="bbox 1999 1097 3646 1173">
    <p class='ocr_par' dir='ltr' id='par_1_27' title="bbox 1999 1097 3646 1173">
     <span class='ocr_line' id='line_1_27' title="bbox 1999 1097 3646 1173; baseline 0.004 -22"><span class='ocrx_word' id='word_1_168' title='bbox 1999 1097 2128 1152; x_wconf 74' lang='grc' dir='ltr'>Θεὸν</span> <span class='ocrx_word' id='word_1_169' title='bbox 2160 1098 2509 1173; x_wconf 80' lang='grc' dir='ltr'>φυλαχθῆναι</span> <span class='ocrx_word' id='word_1_170' title='bbox 2541 1103 2688 1157; x_wconf 73' lang='grc'>331</span> <span class='ocrx_word' id='word_1_171' title='bbox 2726 1100 2903 1155; x_wconf 84' lang='grc' dir='ltr'>πίστιν</span> <span class='ocrx_word' id='word_1_172' title='bbox 2961 1102 3051 1155; x_wconf 85' lang='grc' dir='ltr'>καὶ</span> <span class='ocrx_word' id='word_1_173' title='bbox 3111 1100 3309 1170; x_wconf 83' lang='grc' dir='ltr'>ἀκλινῆ</span> <span class='ocrx_word' id='word_1_174' title='bbox 3367 1103 3467 1171; x_wconf 79' lang='grc' dir='ltr'>τήν</span> <span class='ocrx_word' id='word_1_175' title='bbox 3508 1104 3646 1158; x_wconf 86' lang='grc' dir='ltr'>κατά</span> 
     </span>
    </p>
   </div>
   <div class='ocr_carea' id='block_1_28' title="bbox 1996 1185 3642 1265">
    <p class='ocr_par' dir='ltr' id='par_1_28' title="bbox 1996 1185 3642 1265">
     <span class='ocr_line' id='line_1_28' title="bbox 1996 1185 3642 1265; baseline 0.004 -26"><span class='ocrx_word' id='word_1_176' title='bbox 1996 1185 2091 1249; x_wconf 78' lang='grc' dir='ltr'>τὰς</span> <span class='ocrx_word' id='word_1_177' title='bbox 2120 1185 2343 1250; x_wconf 77' lang='grc' dir='ltr'>ἐντολὰς</span> <span class='ocrx_word' id='word_1_178' title='bbox 2371 1191 2467 1241; x_wconf 90' lang='grc' dir='ltr'>τοῦ</span> <span class='ocrx_word' id='word_1_179' title='bbox 2498 1190 2736 1263; x_wconf 85' lang='grc' dir='ltr'>Χριστοῦ</span> <span class='ocrx_word' id='word_1_180' title='bbox 2769 1190 2945 1264; x_wconf 75' lang='grc' dir='ltr'>εὑρεῖν</span> <span class='ocrx_word' id='word_1_181' title='bbox 2992 1190 3237 1265; x_wconf 88' lang='grc' dir='ltr'>πορείαν.</span> <span class='ocrx_word' id='word_1_182' title='bbox 3300 1188 3407 1245; x_wconf 73' lang='grc' dir='ltr'>Σὺν</span> <span class='ocrx_word' id='word_1_183' title='bbox 3462 1190 3642 1264; x_wconf 76' lang='grc' dir='ltr'>τούτῳ</span> 
     </span>
    </p>
   </div>
   <div class='ocr_carea' id='block_1_29' title="bbox 2000 1271 3643 1355">
    <p class='ocr_par' dir='ltr' id='par_1_29' title="bbox 2000 1271 3643 1355">
     <span class='ocr_line' id='line_1_29' title="bbox 2000 1271 3643 1355; baseline 0.003 -26"><span class='ocrx_word' id='word_1_184' title='bbox 2000 1271 2057 1329; x_wconf 72' lang='grc' dir='ltr'>δὲ</span> <span class='ocrx_word' id='word_1_185' title='bbox 2089 1275 2432 1351; x_wconf 77' lang='grc' dir='ltr'>ὑπερηύχετο</span> <span class='ocrx_word' id='word_1_186' title='bbox 2463 1278 2559 1331; x_wconf 78' lang='grc' dir='ltr'>τοῦ</span> <span class='ocrx_word' id='word_1_187' title='bbox 2588 1277 2800 1355; x_wconf 77' lang='grc' dir='ltr'>κλήρου</span> <span class='ocrx_word' id='word_1_188' title='bbox 2831 1279 2919 1333; x_wconf 78' lang='grc' dir='ltr'>καὶ</span> <span class='ocrx_word' id='word_1_189' title='bbox 2977 1282 3074 1334; x_wconf 87' lang='grc' dir='ltr'>τοῦ</span> <span class='ocrx_word' id='word_1_190' title='bbox 3131 1279 3393 1352; x_wconf 77' lang='grc' dir='ltr'>ποιμνίου</span> <span class='ocrx_word' id='word_1_191' title='bbox 3425 1281 3643 1352; x_wconf 83' lang='grc' dir='ltr'>παντὸς,</span> 
     </span>
    </p>
   </div>
   <div class='ocr_carea' id='block_1_30' title="bbox 2000 1363 3641 1446">
    <p class='ocr_par' dir='ltr' id='par_1_30' title="bbox 2000 1363 3641 1446">
     <span class='ocr_line' id='line_1_30' title="bbox 2000 1363 3641 1446; baseline 0.004 -29"><span class='ocrx_word' id='word_1_192' title='bbox 2000 1364 2321 1438; x_wconf 78' lang='grc' dir='ltr'>αἰτούμενος</span> <span class='ocrx_word' id='word_1_193' title='bbox 2350 1363 2636 1440; x_wconf 79' lang='grc' dir='ltr'>ἀντίληψιν</span> <span class='ocrx_word' id='word_1_194' title='bbox 2688 1367 2871 1430; x_wconf 80' lang='grc' dir='ltr'>αὐτοῖς</span> <span class='ocrx_word' id='word_1_195' title='bbox 2930 1368 3075 1444; x_wconf 88' lang='grc' dir='ltr'>παρά</span> <span class='ocrx_word' id='word_1_196' title='bbox 3132 1367 3334 1446; x_wconf 83' lang='grc' dir='ltr'>Κυρίου</span> <span class='ocrx_word' id='word_1_197' title='bbox 3390 1370 3479 1423; x_wconf 85' lang='grc' dir='ltr'>καὶ</span> <span class='ocrx_word' id='word_1_198' title='bbox 3536 1391 3641 1423; x_wconf 85' lang='grc' dir='ltr'>σιο-</span> 
     </span>
    </p>
   </div>
   <div class='ocr_carea' id='block_1_31' title="bbox 1999 1452 3640 1532">
    <p class='ocr_par' dir='ltr' id='par_1_31' title="bbox 1999 1452 3640 1532">
     <span class='ocr_line' id='line_1_31' title="bbox 1999 1452 3640 1532; baseline 0.004 -27"><span class='ocrx_word' id='word_1_199' title='bbox 1999 1452 2216 1528; x_wconf 83' lang='grc' dir='ltr'>τηρίαν,</span> <span class='ocrx_word' id='word_1_200' title='bbox 2249 1453 2339 1508; x_wconf 87' lang='grc' dir='ltr'>καὶ</span> <span class='ocrx_word' id='word_1_201' title='bbox 2366 1458 2469 1509; x_wconf 80' lang='grc' dir='ltr'>πᾶν</span> <span class='ocrx_word' id='word_1_202' title='bbox 2498 1454 2687 1531; x_wconf 80' lang='grc' dir='ltr'>ὅτιπερ</span> <span class='ocrx_word' id='word_1_203' title='bbox 2719 1454 2779 1511; x_wconf 79' lang='grc' dir='ltr'>ἂν</span> <span class='ocrx_word' id='word_1_204' title='bbox 2809 1456 2995 1519; x_wconf 73' lang='grc' dir='ltr'>αὐτοῖς</span> <span class='ocrx_word' id='word_1_205' title='bbox 3053 1457 3129 1520; x_wconf 83' lang='grc' dir='ltr'>είς</span> <span class='ocrx_word' id='word_1_206' title='bbox 3188 1455 3401 1528; x_wconf 67' lang='grc' dir='ltr'>αἴτησιν</span> <span class='ocrx_word' id='word_1_207' title='bbox 3434 1457 3470 1532; x_wconf 75' lang='grc' dir='ltr'><strong>ᾗ</strong></span> <span class='ocrx_word' id='word_1_208' title='bbox 3503 1457 3640 1532; x_wconf 86' lang='grc' dir='ltr'>πρὸς</span> 
     </span>
    </p>
   </div>
   <div class='ocr_carea' id='block_1_32' title="bbox 1998 1541 2873 1619">
    <p class='ocr_par' dir='ltr' id='par_1_32' title="bbox 1998 1541 2873 1619">
     <span class='ocr_line' id='line_1_32' title="bbox 1998 1541 2873 1619; baseline 0.007 -24"><span class='ocrx_word' id='word_1_209' title='bbox 1998 1541 2060 1596; x_wconf 88' lang='grc' dir='ltr'>τὸ</span> <span class='ocrx_word' id='word_1_210' title='bbox 2089 1542 2359 1619; x_wconf 74' lang='grc' dir='ltr'>συμφέρον</span> <span class='ocrx_word' id='word_1_211' title='bbox 2385 1543 2873 1619; x_wconf 79' lang='grc' dir='ltr'>οἷκονομούμενον.</span> 
     </span>
    </p>
   </div>
   <div class='ocr_carea' id='block_1_33' title="bbox 2072 1630 3637 1713">
    <p class='ocr_par' dir='ltr' id='par_1_33' title="bbox 2072 1630 3637 1713">
     <span class='ocr_line' id='line_1_33' title="bbox 2072 1630 3637 1713; baseline 0.002 -26"><span class='ocrx_word' id='word_1_212' title='bbox 2072 1630 2261 1692; x_wconf 78' lang='grc' dir='ltr'>Οὕτως</span> <span class='ocrx_word' id='word_1_213' title='bbox 2294 1632 2581 1706; x_wconf 78' lang='grc' dir='ltr'>εὐξάμενος</span> <span class='ocrx_word' id='word_1_214' title='bbox 2631 1633 2972 1713; x_wconf 74' lang='grc' dir='ltr'>ἐπιστραφεὶς</span> <span class='ocrx_word' id='word_1_215' title='bbox 3030 1634 3178 1712; x_wconf 79' lang='grc' dir='ltr'>λέγει</span> <span class='ocrx_word' id='word_1_216' title='bbox 3232 1641 3313 1708; x_wconf 78' lang='grc' dir='ltr'>τῷ</span> <span class='ocrx_word' id='word_1_217' title='bbox 3370 1636 3637 1710; x_wconf 77' lang='grc' dir='ltr'>Βαραχίᾳ²</span> 
     </span>
    </p>
   </div>
   <div class='ocr_carea' id='block_1_34' title="bbox 246 1715 1898 1799">
    <p class='ocr_par' dir='ltr' id='par_1_34' title="bbox 246 1726 1893 1799">
     <span class='ocr_line' id='line_1_34' title="bbox 246 1726 1893 1799; baseline -0.001 -16"><span class='ocrx_word' id='word_1_218' title='bbox 246 1729 329 1784; x_wconf 88' lang='lat' dir='ltr'>ait</span> <span class='ocrx_word' id='word_1_219' title='bbox 368 1744 379 1781; x_wconf 92' lang='lat'><strong>:</strong></span> <span class='ocrx_word' id='word_1_220' title='bbox 405 1728 490 1781; x_wconf 89' lang='lat' dir='ltr'>En</span> <span class='ocrx_word' id='word_1_221' title='bbox 516 1726 853 1793; x_wconf 88' lang='lat' dir='ltr'>tibi,frater,</span> <span class='ocrx_word' id='word_1_222' title='bbox 875 1727 985 1781; x_wconf 91' lang='lat' dir='ltr'>hoc</span> <span class='ocrx_word' id='word_1_223' title='bbox 1019 1727 1359 1798; x_wconf 81' lang='lat' dir='ltr'>praecipiam</span> <span class='ocrx_word' id='word_1_224' title='bbox 1389 1728 1546 1798; x_wconf 90' lang='lat' dir='ltr'>quod</span> <span class='ocrx_word' id='word_1_225' title='bbox 1576 1727 1893 1799; x_wconf 83' lang='lat' dir='ltr'>Apostolus</span> 
     </span>
    </p>
   </div>
   <div class='ocr_carea' id='block_1_35' title="bbox 2012 1715 3637 1799">
    <p class='ocr_par' dir='ltr' id='par_1_35' title="bbox 2012 1715 3637 1799">
     <span class='ocr_line' id='line_1_35' title="bbox 2012 1715 3637 1799; baseline 0.002 -26"><span class='ocrx_word' id='word_1_226' title='bbox 2012 1715 2141 1774; x_wconf 71' lang='grc' dir='ltr'>Ἰδού</span> <span class='ocrx_word' id='word_1_227' title='bbox 2174 1742 2280 1787; x_wconf 84' lang='grc' dir='ltr'>σοι,</span> <span class='ocrx_word' id='word_1_228' title='bbox 2313 1718 2532 1799; x_wconf 70' lang='grc' dir='ltr'>ἀδελφέ,</span> <span class='ocrx_word' id='word_1_229' title='bbox 2578 1720 2905 1796; x_wconf 78' lang='grc' dir='ltr'>ἔντέλλομαι</span> <span class='ocrx_word' id='word_1_230' title='bbox 2963 1725 3141 1787; x_wconf 82' lang='grc' dir='ltr'>καθὼς</span> <span class='ocrx_word' id='word_1_231' title='bbox 3198 1724 3329 1779; x_wconf 71' lang='grc' dir='ltr'>ποτὶ</span> <span class='ocrx_word' id='word_1_232' title='bbox 3386 1726 3412 1777; x_wconf 89' lang='grc' dir='ltr'>ὁ</span> <span class='ocrx_word' id='word_1_233' title='bbox 3471 1724 3637 1781; x_wconf 80' lang='grc' dir='ltr'>Ἀπό-</span> 
     </span>
    </p>
   </div>
   <div class='ocr_carea' id='block_1_36' title="bbox 257 1814 1895 1888">
    <p class='ocr_par' dir='ltr' id='par_1_36' title="bbox 257 1814 1895 1888">
     <span class='ocr_line' id='line_1_36' title="bbox 257 1814 1895 1888; baseline -0.001 -16"><span class='ocrx_word' id='word_1_234' title='bbox 257 1822 509 1872; x_wconf 88' lang='lat' dir='ltr'>testatus</span> <span class='ocrx_word' id='word_1_235' title='bbox 529 1820 617 1870; x_wconf 90' lang='lat' dir='ltr'>est</span> <span class='ocrx_word' id='word_1_236' title='bbox 651 1832 663 1869; x_wconf 87' lang='lat'><strong><em>:</em></strong></span> <span class='ocrx_word' id='word_1_237' title='bbox 698 1815 949 1869; x_wconf 86' lang='lat' dir='ltr'>Attende</span> <span class='ocrx_word' id='word_1_238' title='bbox 981 1814 1085 1869; x_wconf 89' lang='lat' dir='ltr'>tibi</span> <span class='ocrx_word' id='word_1_239' title='bbox 1115 1816 1316 1887; x_wconf 91' lang='lat' dir='ltr'>ipsi,et</span> <span class='ocrx_word' id='word_1_240' title='bbox 1341 1817 1613 1871; x_wconf 88' lang='lat' dir='ltr'>universo</span> <span class='ocrx_word' id='word_1_241' title='bbox 1654 1816 1812 1888; x_wconf 86' lang='lat' dir='ltr'>gregi</span> <span class='ocrx_word' id='word_1_242' title='bbox 1835 1817 1895 1871; x_wconf 91' lang='lat' dir='ltr'>in</span> 
     </span>
    </p>
   </div>
   <div class='ocr_carea' id='block_1_37' title="bbox 252 1905 1895 1978">
    <p class='ocr_par' dir='ltr' id='par_1_37' title="bbox 252 1905 1895 1978">
     <span class='ocr_line' id='line_1_37' title="bbox 252 1905 1895 1978; baseline -0.001 -17"><span class='ocrx_word' id='word_1_243' title='bbox 252 1923 367 1978; x_wconf 89' lang='lat' dir='ltr'>quo</span> <span class='ocrx_word' id='word_1_244' title='bbox 394 1910 448 1960; x_wconf 91' lang='lat' dir='ltr'>te</span> <span class='ocrx_word' id='word_1_245' title='bbox 471 1905 720 1976; x_wconf 90' lang='lat' dir='ltr'>Spiritus</span> <span class='ocrx_word' id='word_1_246' title='bbox 748 1910 987 1959; x_wconf 88' lang='lat' dir='ltr'>sanctus</span> <span class='ocrx_word' id='word_1_247' title='bbox 1008 1922 1207 1977; x_wconf 81' lang='lat' dir='ltr'>regem</span> <span class='ocrx_word' id='word_1_248' title='bbox 1238 1906 1525 1976; x_wconf 88' lang='lat' dir='ltr'>posuit,ut</span> <span class='ocrx_word' id='word_1_249' title='bbox 1546 1906 1759 1961; x_wconf 87' lang='lat' dir='ltr'>Christi</span> <span class='ocrx_word' id='word_1_250' title='bbox 1782 1922 1895 1977; x_wconf 89' lang='lat' dir='ltr'>po-</span> 
     </span>
    </p>
   </div>
   <div class='ocr_carea' id='block_1_38' title="bbox 255 1994 1896 2067">
    <p class='ocr_par' dir='ltr' id='par_1_38' title="bbox 255 1994 1896 2067">
     <span class='ocr_line' id='line_1_38' title="bbox 255 1994 1896 2067; baseline 0 -18"><span class='ocrx_word' id='word_1_251' title='bbox 255 1995 483 2067; x_wconf 91' lang='lat' dir='ltr'>pulum,</span> <span class='ocrx_word' id='word_1_252' title='bbox 529 2010 707 2065; x_wconf 86' lang='lat' dir='ltr'>quem</span> <span class='ocrx_word' id='word_1_253' title='bbox 759 1994 996 2064; x_wconf 90' lang='lat' dir='ltr'>proprio</span> <span class='ocrx_word' id='word_1_254' title='bbox 1046 1994 1331 2065; x_wconf 87' lang='lat' dir='ltr'>sanguine</span> <span class='ocrx_word' id='word_1_255' title='bbox 1357 1995 1688 2065; x_wconf 85' lang='lat' dir='ltr'>acquisivit,</span> <span class='ocrx_word' id='word_1_256' title='bbox 1728 2011 1896 2066; x_wconf 86' lang='lat' dir='ltr'>regas</span> 
     </span>
    </p>
   </div>
   <div class='ocr_carea' id='block_1_39' title="bbox 257 2082 1896 2155">
    <p class='ocr_par' dir='ltr' id='par_1_39' title="bbox 257 2082 1896 2155">
     <span class='ocr_line' id='line_1_39' title="bbox 257 2082 1896 2155; baseline -0.002 -16"><span class='ocrx_word' id='word_1_257' title='bbox 257 2087 403 2155; x_wconf 77' lang='lat' dir='ltr'>(Act.</span> <span class='ocrx_word' id='word_1_258' title='bbox 432 2085 547 2155; x_wconf 86' lang='lat' dir='ltr'>xx).</span> <span class='ocrx_word' id='word_1_259' title='bbox 582 2086 651 2137; x_wconf 88' lang='lat' dir='ltr'>Et</span> <span class='ocrx_word' id='word_1_260' title='bbox 673 2082 1176 2154; x_wconf 87' lang='lat' dir='ltr'>quemadmodum</span> <span class='ocrx_word' id='word_1_261' title='bbox 1192 2085 1379 2137; x_wconf 91' lang='lat' dir='ltr'>Deum</span> <span class='ocrx_word' id='word_1_262' title='bbox 1401 2089 1535 2138; x_wconf 86' lang='lat' dir='ltr'>ante</span> <span class='ocrx_word' id='word_1_263' title='bbox 1556 2100 1649 2138; x_wconf 90' lang='lat' dir='ltr'>me</span> <span class='ocrx_word' id='word_1_264' title='bbox 1677 2100 1896 2155; x_wconf 85' lang='lat' dir='ltr'>cogno-</span> 
     </span>
    </p>
   </div>
   <div class='ocr_carea' id='block_1_40' title="bbox 254 2172 1895 2242">
    <p class='ocr_par' dir='ltr' id='par_1_40' title="bbox 254 2172 1895 2242">
     <span class='ocr_line' id='line_1_40' title="bbox 254 2172 1895 2242; baseline -0.001 -15"><span class='ocrx_word' id='word_1_265' title='bbox 254 2173 408 2239; x_wconf 80' lang='lat' dir='ltr'>visti,</span> <span class='ocrx_word' id='word_1_266' title='bbox 444 2188 699 2242; x_wconf 90' lang='lat' dir='ltr'>eumque</span> <span class='ocrx_word' id='word_1_267' title='bbox 741 2188 889 2242; x_wconf 88' lang='lat' dir='ltr'>puro</span> <span class='ocrx_word' id='word_1_268' title='bbox 923 2172 1120 2225; x_wconf 89' lang='lat' dir='ltr'>animo</span> <span class='ocrx_word' id='word_1_269' title='bbox 1169 2177 1225 2224; x_wconf 92' lang='lat' dir='ltr'>et</span> <span class='ocrx_word' id='word_1_270' title='bbox 1246 2173 1609 2226; x_wconf 86' lang='lat' dir='ltr'>conscientia</span> <span class='ocrx_word' id='word_1_271' title='bbox 1639 2172 1895 2241; x_wconf 87' lang='lat' dir='ltr'>coluisti,</span> 
     </span>
    </p>
   </div>
   <div class='ocr_carea' id='block_1_41' title="bbox 254 2260 1901 2330">
    <p class='ocr_par' dir='ltr' id='par_1_41' title="bbox 254 2260 1901 2330">
     <span class='ocr_line' id='line_1_41' title="bbox 254 2260 1901 2330; baseline -0.001 -15"><span class='ocrx_word' id='word_1_272' title='bbox 254 2263 339 2316; x_wconf 90' lang='lat' dir='ltr'>ita</span> <span class='ocrx_word' id='word_1_273' title='bbox 365 2278 523 2315; x_wconf 90' lang='lat' dir='ltr'>nunc</span> <span class='ocrx_word' id='word_1_274' title='bbox 554 2277 788 2330; x_wconf 89' lang='lat' dir='ltr'>quoque</span> <span class='ocrx_word' id='word_1_275' title='bbox 810 2260 1023 2330; x_wconf 88' lang='lat' dir='ltr'>majori</span> <span class='ocrx_word' id='word_1_276' title='bbox 1042 2260 1235 2314; x_wconf 91' lang='lat' dir='ltr'>studio</span> <span class='ocrx_word' id='word_1_277' title='bbox 1263 2261 1324 2314; x_wconf 92' lang='lat' dir='ltr'>in</span> <span class='ocrx_word' id='word_1_278' title='bbox 1362 2260 1474 2315; x_wconf 91' lang='lat' dir='ltr'>hoc</span> <span class='ocrx_word' id='word_1_279' title='bbox 1505 2260 1801 2329; x_wconf 90' lang='lat' dir='ltr'>incumbe,</span> <span class='ocrx_word' id='word_1_280' title='bbox 1836 2265 1901 2314; x_wconf 90' lang='lat' dir='ltr'>ut</span> 
     </span>
    </p>
   </div>
   <div class='ocr_carea' id='block_1_42' title="bbox 256 2348 1899 2423">
    <p class='ocr_par' dir='ltr' id='par_1_42' title="bbox 256 2348 1899 2423">
     <span class='ocr_line' id='line_1_42' title="bbox 256 2348 1899 2423; baseline 0 -18"><span class='ocrx_word' id='word_1_281' title='bbox 256 2350 369 2423; x_wconf 89' lang='lat' dir='ltr'>ipsi</span> <span class='ocrx_word' id='word_1_282' title='bbox 410 2349 541 2403; x_wconf 65' lang='lat' dir='ltr'>vitae</span> <span class='ocrx_word' id='word_1_283' title='bbox 592 2354 704 2402; x_wconf 65' lang='lat' dir='ltr'>tua)</span> <span class='ocrx_word' id='word_1_284' title='bbox 737 2348 999 2403; x_wconf 88' lang='lat' dir='ltr'>rationes</span> <span class='ocrx_word' id='word_1_285' title='bbox 1028 2349 1262 2419; x_wconf 90' lang='lat' dir='ltr'>probes.</span> <span class='ocrx_word' id='word_1_286' title='bbox 1297 2350 1419 2413; x_wconf 93' lang='lat' dir='ltr'>Quo</span> <span class='ocrx_word' id='word_1_287' title='bbox 1453 2349 1611 2403; x_wconf 89' lang='lat' dir='ltr'>enim</span> <span class='ocrx_word' id='word_1_288' title='bbox 1644 2350 1835 2420; x_wconf 84' lang='lat' dir='ltr'>majus</span> <span class='ocrx_word' id='word_1_289' title='bbox 1866 2366 1899 2405; x_wconf 87' lang='lat' dir='ltr'>a</span> 
     </span>
    </p>
   </div>
   <div class='ocr_carea' id='block_1_43' title="bbox 256 2439 1897 2511">
    <p class='ocr_par' dir='ltr' id='par_1_43' title="bbox 256 2439 1897 2511">
     <span class='ocr_line' id='line_1_43' title="bbox 256 2439 1897 2511; baseline -0.001 -16"><span class='ocrx_word' id='word_1_290' title='bbox 256 2443 373 2496; x_wconf 89' lang='lat' dir='ltr'>Deo</span> <span class='ocrx_word' id='word_1_291' title='bbox 400 2439 716 2510; x_wconf 89' lang='lat' dir='ltr'>imperium</span> <span class='ocrx_word' id='word_1_292' title='bbox 743 2445 1095 2493; x_wconf 89' lang='lat' dir='ltr'>consecutus</span> <span class='ocrx_word' id='word_1_293' title='bbox 1109 2455 1266 2508; x_wconf 91' lang='lat' dir='ltr'>es,eo</span> <span class='ocrx_word' id='word_1_294' title='bbox 1291 2456 1523 2510; x_wconf 88' lang='lat' dir='ltr'>quoque</span> <span class='ocrx_word' id='word_1_295' title='bbox 1546 2440 1897 2511; x_wconf 85' lang='lat' dir='ltr'>majoraipsi</span> 
     </span>
    </p>
   </div>
   <div class='ocr_carea' id='block_1_44' title="bbox 257 2528 1896 2600">
    <p class='ocr_par' dir='ltr' id='par_1_44' title="bbox 257 2528 1896 2600">
     <span class='ocr_line' id='line_1_44' title="bbox 257 2528 1896 2600; baseline -0.001 -16"><span class='ocrx_word' id='word_1_296' title='bbox 257 2528 551 2600; x_wconf 88' lang='lat' dir='ltr'>rependas</span> <span class='ocrx_word' id='word_1_297' title='bbox 591 2530 927 2599; x_wconf 85' lang='lat' dir='ltr'>oportet.Ac</span> <span class='ocrx_word' id='word_1_298' title='bbox 949 2528 1197 2599; x_wconf 87' lang='lat' dir='ltr'>proinde</span> <span class='ocrx_word' id='word_1_299' title='bbox 1220 2528 1597 2599; x_wconf 87' lang='lat' dir='ltr'>gratitudinis</span> <span class='ocrx_word' id='word_1_300' title='bbox 1629 2528 1896 2583; x_wconf 90' lang='lat' dir='ltr'>debitum</span> 
     </span>
    </p>
   </div>
   <div class='ocr_carea' id='block_1_45' title="bbox 260 2617 1899 2689">
    <p class='ocr_par' dir='ltr' id='par_1_45' title="bbox 260 2617 1899 2689">
     <span class='ocr_line' id='line_1_45' title="bbox 260 2617 1899 2689; baseline 0 -16"><span class='ocrx_word' id='word_1_301' title='bbox 260 2619 311 2674; x_wconf 91' lang='lat' dir='ltr'>ei</span> <span class='ocrx_word' id='word_1_302' title='bbox 344 2618 513 2689; x_wconf 87' lang='lat' dir='ltr'>cujus</span> <span class='ocrx_word' id='word_1_303' title='bbox 539 2617 845 2671; x_wconf 85' lang='lat' dir='ltr'>beneﬁciis</span> <span class='ocrx_word' id='word_1_304' title='bbox 868 2622 1074 2671; x_wconf 92' lang='lat' dir='ltr'>auctus</span> <span class='ocrx_word' id='word_1_305' title='bbox 1108 2634 1167 2672; x_wconf 90' lang='lat' dir='ltr'>es</span> <span class='ocrx_word' id='word_1_306' title='bbox 1186 2618 1683 2688; x_wconf 82' lang='lat' dir='ltr'>persolve,sancta</span> <span class='ocrx_word' id='word_1_307' title='bbox 1713 2618 1899 2689; x_wconf 89' lang='lat' dir='ltr'>ipsius</span> 
     </span>
    </p>
   </div>
   <div class='ocr_carea' id='block_1_46' title="bbox 258 2705 1899 2780">
    <p class='ocr_par' dir='ltr' id='par_1_46' title="bbox 258 2705 1899 2780">
     <span class='ocr_line' id='line_1_46' title="bbox 258 2705 1899 2780; baseline -0.001 -18"><span class='ocrx_word' id='word_1_308' title='bbox 258 2711 554 2780; x_wconf 76' lang='lat' dir='ltr'>praecepta</span> <span class='ocrx_word' id='word_1_309' title='bbox 585 2705 1127 2777; x_wconf 89' lang='lat' dir='ltr'>custodiens,atque</span> <span class='ocrx_word' id='word_1_310' title='bbox 1151 2706 1221 2761; x_wconf 91' lang='lat' dir='ltr'>ab</span> <span class='ocrx_word' id='word_1_311' title='bbox 1254 2707 1414 2760; x_wconf 89' lang='lat' dir='ltr'>omni</span> <span class='ocrx_word' id='word_1_312' title='bbox 1446 2706 1537 2761; x_wconf 86' lang='lat' dir='ltr'>via</span> <span class='ocrx_word' id='word_1_313' title='bbox 1561 2706 1622 2760; x_wconf 89' lang='lat' dir='ltr'>in</span> <span class='ocrx_word' id='word_1_314' title='bbox 1654 2706 1899 2761; x_wconf 82' lang='lat' dir='ltr'>exitium</span> 
     </span>
    </p>
   </div>
   <div class='ocr_carea' id='block_1_47' title="bbox 262 2794 1901 2867">
    <p class='ocr_par' dir='ltr' id='par_1_47' title="bbox 262 2794 1901 2867">
     <span class='ocr_line' id='line_1_47' title="bbox 262 2794 1901 2867; baseline -0.002 -14"><span class='ocrx_word' id='word_1_315' title='bbox 262 2797 513 2852; x_wconf 88' lang='lat' dir='ltr'>ducente</span> <span class='ocrx_word' id='word_1_316' title='bbox 545 2794 1139 2850; x_wconf 85' lang='lat' dir='ltr'>deﬂectens.Utenim</span> <span class='ocrx_word' id='word_1_317' title='bbox 1172 2794 1320 2849; x_wconf 90' lang='lat' dir='ltr'>iniis</span> <span class='ocrx_word' id='word_1_318' title='bbox 1347 2795 1446 2865; x_wconf 90' lang='lat' dir='ltr'>qui</span> <span class='ocrx_word' id='word_1_319' title='bbox 1464 2796 1901 2867; x_wconf 86' lang='lat' dir='ltr'>navigant,cum</span> 
     </span>
    </p>
   </div>
   <div class='ocr_carea' id='block_1_48' title="bbox 257 2883 1901 2955">
    <p class='ocr_par' dir='ltr' id='par_1_48' title="bbox 257 2883 1901 2955">
     <span class='ocr_line' id='line_1_48' title="bbox 257 2883 1901 2955; baseline -0.001 -15"><span class='ocrx_word' id='word_1_320' title='bbox 257 2891 438 2941; x_wconf 89' lang='lat' dir='ltr'>nauta</span> <span class='ocrx_word' id='word_1_321' title='bbox 470 2883 764 2955; x_wconf 89' lang='lat' dir='ltr'>quispiam</span> <span class='ocrx_word' id='word_1_322' title='bbox 788 2883 1385 2955; x_wconf 86' lang='lat' dir='ltr'>peccat,exiguumiis</span> <span class='ocrx_word' id='word_1_323' title='bbox 1417 2884 1517 2955; x_wconf 89' lang='lat' dir='ltr'>qui</span> <span class='ocrx_word' id='word_1_324' title='bbox 1548 2884 1901 2939; x_wconf 86' lang='lat' dir='ltr'>simulnavi-</span> 
     </span>
    </p>
   </div>
   <div class='ocr_carea' id='block_1_49' title="bbox 258 2972 1897 3047">
    <p class='ocr_par' dir='ltr' id='par_1_49' title="bbox 258 2972 1897 3047">
     <span class='ocr_line' id='line_1_49' title="bbox 258 2972 1897 3047; baseline -0.002 -17"><span class='ocrx_word' id='word_1_325' title='bbox 258 2980 399 3047; x_wconf 89' lang='lat' dir='ltr'>gant</span> <span class='ocrx_word' id='word_1_326' title='bbox 422 2973 844 3028; x_wconf 88' lang='lat' dir='ltr'>detrimentum</span> <span class='ocrx_word' id='word_1_327' title='bbox 879 2974 1050 3026; x_wconf 66' lang='lat' dir='ltr'>affert</span> <span class='ocrx_word' id='word_1_328' title='bbox 1078 2990 1091 3038; x_wconf 91' lang='lat'><strong>;</strong></span> <span class='ocrx_word' id='word_1_329' title='bbox 1125 2989 1258 3027; x_wconf 91' lang='lat' dir='ltr'>cum</span> <span class='ocrx_word' id='word_1_330' title='bbox 1290 2978 1486 3027; x_wconf 88' lang='lat' dir='ltr'>autem</span> <span class='ocrx_word' id='word_1_331' title='bbox 1520 2972 1897 3043; x_wconf 84' lang='lat' dir='ltr'>gubernator,</span> 
     </span>
    </p>
   </div>
   <div class='ocr_carea' id='block_1_50' title="bbox 262 3060 1899 3133">
    <p class='ocr_par' dir='ltr' id='par_1_50' title="bbox 262 3060 1899 3133">
     <span class='ocr_line' id='line_1_50' title="bbox 262 3060 1899 3133; baseline -0.001 -15"><span class='ocrx_word' id='word_1_332' title='bbox 262 3064 549 3118; x_wconf 70' lang='lat' dir='ltr'>universm</span> <span class='ocrx_word' id='word_1_333' title='bbox 582 3060 713 3115; x_wconf 91' lang='lat' dir='ltr'>navi</span> <span class='ocrx_word' id='word_1_334' title='bbox 746 3060 989 3115; x_wconf 87' lang='lat' dir='ltr'>exitium</span> <span class='ocrx_word' id='word_1_335' title='bbox 1022 3061 1289 3129; x_wconf 90' lang='lat' dir='ltr'>accersit,</span> <span class='ocrx_word' id='word_1_336' title='bbox 1325 3062 1405 3116; x_wconf 91' lang='lat' dir='ltr'>ita</span> <span class='ocrx_word' id='word_1_337' title='bbox 1429 3062 1605 3116; x_wconf 90' lang='lat' dir='ltr'>etiam</span> <span class='ocrx_word' id='word_1_338' title='bbox 1630 3062 1689 3115; x_wconf 92' lang='lat' dir='ltr'>in</span> <span class='ocrx_word' id='word_1_339' title='bbox 1723 3079 1899 3133; x_wconf 82' lang='lat' dir='ltr'>regno</span> 
     </span>
    </p>
   </div>
   <div class='ocr_carea' id='block_1_51' title="bbox 258 3149 1902 3221">
    <p class='ocr_par' dir='ltr' id='par_1_51' title="bbox 258 3149 1902 3221">
     <span class='ocr_line' id='line_1_51' title="bbox 258 3149 1902 3221; baseline -0.001 -14"><span class='ocrx_word' id='word_1_340' title='bbox 258 3168 369 3207; x_wconf 91' lang='lat' dir='ltr'>usu</span> <span class='ocrx_word' id='word_1_341' title='bbox 400 3151 578 3215; x_wconf 89' lang='lat' dir='ltr'>venit,</span> <span class='ocrx_word' id='word_1_342' title='bbox 609 3154 674 3204; x_wconf 89' lang='lat' dir='ltr'>ut</span> <span class='ocrx_word' id='word_1_343' title='bbox 703 3166 838 3204; x_wconf 90' lang='lat' dir='ltr'>cum</span> <span class='ocrx_word' id='word_1_344' title='bbox 900 3149 1196 3221; x_wconf 89' lang='lat' dir='ltr'>quispiam</span> <span class='ocrx_word' id='word_1_345' title='bbox 1229 3167 1459 3215; x_wconf 90' lang='lat' dir='ltr'>eorum,</span> <span class='ocrx_word' id='word_1_346' title='bbox 1520 3150 1618 3221; x_wconf 91' lang='lat' dir='ltr'>qui</span> <span class='ocrx_word' id='word_1_347' title='bbox 1652 3151 1902 3205; x_wconf 88' lang='lat' dir='ltr'>subsunt</span> 
     </span>
    </p>
   </div>
   <div class='ocr_carea' id='block_1_52' title="bbox 258 3239 1900 3313">
    <p class='ocr_par' dir='ltr' id='par_1_52' title="bbox 258 3239 1900 3313">
     <span class='ocr_line' id='line_1_52' title="bbox 258 3239 1900 3313; baseline -0.002 -17"><span class='ocrx_word' id='word_1_348' title='bbox 258 3245 481 3313; x_wconf 86' lang='lat' dir='ltr'>peccat,</span> <span class='ocrx_word' id='word_1_349' title='bbox 515 3256 635 3293; x_wconf 91' lang='lat' dir='ltr'>non</span> <span class='ocrx_word' id='word_1_350' title='bbox 668 3243 785 3293; x_wconf 91' lang='lat' dir='ltr'>tam</span> <span class='ocrx_word' id='word_1_351' title='bbox 818 3239 1003 3292; x_wconf 88' lang='lat' dir='ltr'>alium</span> <span class='ocrx_word' id='word_1_352' title='bbox 1037 3255 1215 3308; x_wconf 88' lang='lat' dir='ltr'>quam</span> <span class='ocrx_word' id='word_1_353' title='bbox 1265 3239 1525 3310; x_wconf 91' lang='lat' dir='ltr'>seipsum</span> <span class='ocrx_word' id='word_1_354' title='bbox 1558 3239 1733 3294; x_wconf 69' lang='lat' dir='ltr'>laedat</span> <span class='ocrx_word' id='word_1_355' title='bbox 1765 3258 1777 3306; x_wconf 89' lang='lat'><strong>;</strong></span> <span class='ocrx_word' id='word_1_356' title='bbox 1808 3241 1900 3294; x_wconf 90' lang='lat' dir='ltr'>sin</span> 
     </span>
    </p>
   </div>
   <div class='ocr_carea' id='block_1_53' title="bbox 258 3327 1901 3398">
    <p class='ocr_par' dir='ltr' id='par_1_53' title="bbox 258 3327 1901 3398">
     <span class='ocr_line' id='line_1_53' title="bbox 258 3327 1901 3398; baseline -0.002 -14"><span class='ocrx_word' id='word_1_357' title='bbox 258 3335 456 3385; x_wconf 89' lang='lat' dir='ltr'>autem</span> <span class='ocrx_word' id='word_1_358' title='bbox 488 3344 588 3381; x_wconf 83' lang='lat' dir='ltr'>rex</span> <span class='ocrx_word' id='word_1_359' title='bbox 621 3327 744 3397; x_wconf 91' lang='lat' dir='ltr'>ipse</span> <span class='ocrx_word' id='word_1_360' title='bbox 776 3331 1197 3398; x_wconf 84' lang='lat' dir='ltr'>peccet.totum</span> <span class='ocrx_word' id='word_1_361' title='bbox 1228 3343 1475 3397; x_wconf 84' lang='lat' dir='ltr'>regnum</span> <span class='ocrx_word' id='word_1_362' title='bbox 1507 3327 1901 3383; x_wconf 84' lang='lat' dir='ltr'>labefactatac</span> 
     </span>
    </p>
   </div>
   <div class='ocr_carea' id='block_1_54' title="bbox 259 3415 1902 3487">
    <p class='ocr_par' dir='ltr' id='par_1_54' title="bbox 259 3415 1902 3487">
     <span class='ocr_line' id='line_1_54' title="bbox 259 3415 1902 3487; baseline -0.001 -15"><span class='ocrx_word' id='word_1_363' title='bbox 259 3418 614 3472; x_wconf 89' lang='lat' dir='ltr'>detrimento</span> <span class='ocrx_word' id='word_1_364' title='bbox 646 3415 1314 3485; x_wconf 79' lang='lat' dir='ltr'>afﬁcit.Quapr0pter,ut</span> <span class='ocrx_word' id='word_1_365' title='bbox 1342 3416 1613 3487; x_wconf 89' lang='lat' dir='ltr'>ingentes</span> <span class='ocrx_word' id='word_1_366' title='bbox 1643 3416 1902 3471; x_wconf 84' lang='lat' dir='ltr'>rationes</span> 
     </span>
    </p>
   </div>
   <div class='ocr_carea' id='block_1_55' title="bbox 254 3504 1903 3577">
    <p class='ocr_par' dir='ltr' id='par_1_55' title="bbox 254 3504 1903 3577">
     <span class='ocr_line' id='line_1_55' title="bbox 254 3504 1903 3577; baseline -0.001 -16"><span class='ocrx_word' id='word_1_367' title='bbox 254 3504 674 3571; x_wconf 84' lang='lat' dir='ltr'>redditurus,si</span> <span class='ocrx_word' id='word_1_368' title='bbox 708 3504 849 3574; x_wconf 91' lang='lat' dir='ltr'>quid</span> <span class='ocrx_word' id='word_1_369' title='bbox 872 3520 1074 3557; x_wconf 90' lang='lat' dir='ltr'>eorum</span> <span class='ocrx_word' id='word_1_370' title='bbox 1098 3522 1226 3575; x_wconf 61' lang='lat' dir='ltr'>qua:</span> <span class='ocrx_word' id='word_1_371' title='bbox 1260 3522 1406 3575; x_wconf 90' lang='lat' dir='ltr'>opus</span> <span class='ocrx_word' id='word_1_372' title='bbox 1438 3506 1556 3559; x_wconf 88' lang='lat' dir='ltr'>sint</span> <span class='ocrx_word' id='word_1_373' title='bbox 1572 3506 1903 3577; x_wconf 68' lang='lat' dir='ltr'>praetermi-</span> 
     </span>
    </p>
   </div>
   <div class='ocr_carea' id='block_1_56' title="bbox 262 3592 1902 3667">
    <p class='ocr_par' dir='ltr' id='par_1_56' title="bbox 262 3592 1902 3667">
     <span class='ocr_line' id='line_1_56' title="bbox 262 3592 1902 3667; baseline -0.002 -16"><span class='ocrx_word' id='word_1_374' title='bbox 262 3595 652 3667; x_wconf 88' lang='lat' dir='ltr'>seris,magno</span> <span class='ocrx_word' id='word_1_375' title='bbox 686 3592 879 3647; x_wconf 91' lang='lat' dir='ltr'>studio</span> <span class='ocrx_word' id='word_1_376' title='bbox 894 3608 1225 3664; x_wconf 90' lang='lat' dir='ltr'>magnaque</span> <span class='ocrx_word' id='word_1_377' title='bbox 1246 3610 1385 3648; x_wconf 89' lang='lat' dir='ltr'>cura</span> <span class='ocrx_word' id='word_1_378' title='bbox 1402 3595 1654 3665; x_wconf 86' lang='lat' dir='ltr'>teipsum</span> <span class='ocrx_word' id='word_1_379' title='bbox 1674 3596 1735 3649; x_wconf 90' lang='lat' dir='ltr'>in</span> <span class='ocrx_word' id='word_1_380' title='bbox 1749 3595 1902 3648; x_wconf 92' lang='lat' dir='ltr'>bono</span> 
     </span>
    </p>
   </div>
   <div class='ocr_carea' id='block_1_57' title="bbox 261 3682 1905 3754">
    <p class='ocr_par' dir='ltr' id='par_1_57' title="bbox 261 3682 1905 3754">
     <span class='ocr_line' id='line_1_57' title="bbox 261 3682 1905 3754; baseline -0.001 -15"><span class='ocrx_word' id='word_1_381' title='bbox 261 3683 877 3753; x_wconf 81' lang='lat' dir='ltr'>custodi,voluptatem</span> <span class='ocrx_word' id='word_1_382' title='bbox 909 3698 1145 3736; x_wconf 90' lang='lat' dir='ltr'>omnem</span> <span class='ocrx_word' id='word_1_383' title='bbox 1177 3682 1250 3737; x_wconf 92' lang='lat' dir='ltr'>ad</span> <span class='ocrx_word' id='word_1_384' title='bbox 1280 3689 1587 3754; x_wconf 90' lang='lat' dir='ltr'>peccatum</span> <span class='ocrx_word' id='word_1_385' title='bbox 1606 3689 1661 3737; x_wconf 90' lang='lat' dir='ltr'>te</span> <span class='ocrx_word' id='word_1_386' title='bbox 1680 3688 1905 3754; x_wconf 89' lang='lat' dir='ltr'>pertra-</span> 
     </span>
    </p>
   </div>
   <div class='ocr_carea' id='block_1_58' title="bbox 265 3771 1905 3843">
    <p class='ocr_par' dir='ltr' id='par_1_58' title="bbox 265 3771 1905 3843">
     <span class='ocr_line' id='line_1_58' title="bbox 265 3771 1905 3843; baseline -0.002 -13"><span class='ocrx_word' id='word_1_387' title='bbox 265 3776 504 3829; x_wconf 86' lang='lat' dir='ltr'>hentem</span> <span class='ocrx_word' id='word_1_388' title='bbox 536 3772 670 3827; x_wconf 91' lang='lat' dir='ltr'>odio</span> <span class='ocrx_word' id='word_1_389' title='bbox 703 3771 1119 3826; x_wconf 89' lang='lat' dir='ltr'>insectare.Ait</span> <span class='ocrx_word' id='word_1_390' title='bbox 1148 3773 1307 3827; x_wconf 89' lang='lat' dir='ltr'>enim</span> <span class='ocrx_word' id='word_1_391' title='bbox 1333 3773 1905 3843; x_wconf 81' lang='lat' dir='ltr'>ApostoluszPacem</span> 
     </span>
    </p>
   </div>
   <div class='ocr_carea' id='block_1_59' title="bbox 267 3860 1906 3930">
    <p class='ocr_par' dir='ltr' id='par_1_59' title="bbox 267 3860 1906 3930">
     <span class='ocr_line' id='line_1_59' title="bbox 267 3860 1906 3930; baseline -0.001 -12"><span class='ocrx_word' id='word_1_392' title='bbox 267 3862 578 3918; x_wconf 88' lang='lat' dir='ltr'>sectamini</span> <span class='ocrx_word' id='word_1_393' title='bbox 605 3878 740 3915; x_wconf 90' lang='lat' dir='ltr'>cum</span> <span class='ocrx_word' id='word_1_394' title='bbox 771 3860 1069 3925; x_wconf 91' lang='lat' dir='ltr'>omnibus,</span> <span class='ocrx_word' id='word_1_395' title='bbox 1103 3866 1161 3915; x_wconf 91' lang='lat' dir='ltr'>et</span> <span class='ocrx_word' id='word_1_396' title='bbox 1200 3861 1748 3930; x_wconf 86' lang='lat' dir='ltr'>sanctiﬁcationem,</span> <span class='ocrx_word' id='word_1_397' title='bbox 1780 3864 1906 3917; x_wconf 90' lang='lat' dir='ltr'>sine</span> 
     </span>
    </p>
   </div>
   <div class='ocr_carea' id='block_1_60' title="bbox 263 3949 1908 4023">
    <p class='ocr_par' dir='ltr' id='par_1_60' title="bbox 263 3949 1908 4023">
     <span class='ocr_line' id='line_1_60' title="bbox 263 3949 1908 4023; baseline 0 -17"><span class='ocrx_word' id='word_1_398' title='bbox 263 3968 379 4023; x_wconf 90' lang='lat' dir='ltr'>qua</span> <span class='ocrx_word' id='word_1_399' title='bbox 400 3966 574 4005; x_wconf 91' lang='lat' dir='ltr'>nemo</span> <span class='ocrx_word' id='word_1_400' title='bbox 608 3949 824 4004; x_wconf 91' lang='lat' dir='ltr'>videbit</span> <span class='ocrx_word' id='word_1_401' title='bbox 840 3951 1023 4003; x_wconf 91' lang='lat' dir='ltr'>Deum</span> <span class='ocrx_word' id='word_1_402' title='bbox 1047 3950 1198 4019; x_wconf 85' lang='lat' dir='ltr'>(Heb.</span> <span class='ocrx_word' id='word_1_403' title='bbox 1233 3952 1349 4018; x_wconf 83' lang='lat' dir='ltr'>xu).</span> <span class='ocrx_word' id='word_1_404' title='bbox 1384 3954 1599 4005; x_wconf 82' lang='lat' dir='ltr'>Rerum</span> <span class='ocrx_word' id='word_1_405' title='bbox 1619 3953 1908 4006; x_wconf 87' lang='lat' dir='ltr'>humana-</span> 
     </span>
    </p>
   </div>
   <div class='ocr_carea' id='block_1_61' title="bbox 266 4036 1905 4109">
    <p class='ocr_par' dir='ltr' id='par_1_61' title="bbox 266 4036 1905 4109">
     <span class='ocr_line' id='line_1_61' title="bbox 266 4036 1905 4109; baseline -0.001 -13"><span class='ocrx_word' id='word_1_406' title='bbox 266 4058 398 4096; x_wconf 89' lang='lat' dir='ltr'>rum</span> <span class='ocrx_word' id='word_1_407' title='bbox 425 4038 713 4095; x_wconf 89' lang='lat' dir='ltr'>circulum</span> <span class='ocrx_word' id='word_1_408' title='bbox 736 4036 1157 4101; x_wconf 87' lang='lat' dir='ltr'>animadverte,</span> <span class='ocrx_word' id='word_1_409' title='bbox 1186 4054 1301 4107; x_wconf 90' lang='lat' dir='ltr'>quo</span> <span class='ocrx_word' id='word_1_410' title='bbox 1335 4044 1505 4109; x_wconf 89' lang='lat' dir='ltr'>pacto</span> <span class='ocrx_word' id='word_1_411' title='bbox 1537 4040 1812 4095; x_wconf 90' lang='lat' dir='ltr'>videlicet</span> <span class='ocrx_word' id='word_1_412' title='bbox 1846 4042 1905 4095; x_wconf 90' lang='lat' dir='ltr'>in</span> 
     </span>
    </p>
   </div>
   <div class='ocr_carea' id='block_1_62' title="bbox 263 4126 1905 4198">
    <p class='ocr_par' dir='ltr' id='par_1_62' title="bbox 263 4126 1905 4198">
     <span class='ocr_line' id='line_1_62' title="bbox 263 4126 1905 4198; baseline -0.002 -12"><span class='ocrx_word' id='word_1_413' title='bbox 263 4131 468 4186; x_wconf 90' lang='lat' dir='ltr'>orbem</span> <span class='ocrx_word' id='word_1_414' title='bbox 497 4128 783 4193; x_wconf 75' lang='lat' dir='ltr'>volvatur,</span> <span class='ocrx_word' id='word_1_415' title='bbox 835 4126 983 4181; x_wconf 91' lang='lat' dir='ltr'>alias</span> <span class='ocrx_word' id='word_1_416' title='bbox 1013 4131 1186 4195; x_wconf 68' lang='lat' dir='ltr'>atqm</span> <span class='ocrx_word' id='word_1_417' title='bbox 1223 4127 1366 4174; x_wconf 56' lang='lat' dir='ltr'>ME»;</span> <span class='ocrx_word' id='word_1_418' title='bbox 1427 4127 1541 4180; x_wconf 77' lang='lat' dir='ltr'>alio</span> <span class='ocrx_word' id='word_1_419' title='bbox 1582 4134 1758 4198; x_wconf 88' lang='lat' dir='ltr'>atque</span> <span class='ocrx_word' id='word_1_420' title='bbox 1791 4129 1905 4183; x_wconf 88' lang='lat' dir='ltr'>alio</span> 
     </span>
    </p>
   </div>
   <div class='ocr_carea' id='block_1_63' title="bbox 267 4216 1908 4286">
    <p class='ocr_par' dir='ltr' id='par_1_63' title="bbox 267 4216 1908 4286">
     <span class='ocr_line' id='line_1_63' title="bbox 267 4216 1908 4286; baseline -0.001 -12"><span class='ocrx_word' id='word_1_421' title='bbox 267 4218 445 4275; x_wconf 91' lang='lat' dir='ltr'>modo</span> <span class='ocrx_word' id='word_1_422' title='bbox 470 4234 569 4272; x_wconf 91' lang='lat' dir='ltr'>eas</span> <span class='ocrx_word' id='word_1_423' title='bbox 601 4216 797 4270; x_wconf 88' lang='lat' dir='ltr'>ferens</span> <span class='ocrx_word' id='word_1_424' title='bbox 829 4232 896 4269; x_wconf 90' lang='lat' dir='ltr'>ac</span> <span class='ocrx_word' id='word_1_425' title='bbox 918 4221 1203 4285; x_wconf 79' lang='lat' dir='ltr'>torquens</span> <span class='ocrx_word' id='word_1_426' title='bbox 1237 4235 1248 4281; x_wconf 80' lang='lat'>;</span> <span class='ocrx_word' id='word_1_427' title='bbox 1278 4216 1541 4286; x_wconf 50' lang='lat' dir='ltr'>nitidque</span> <span class='ocrx_word' id='word_1_428' title='bbox 1574 4217 1908 4281; x_wconf 87' lang='lat' dir='ltr'>stude,utin</span> 
     </span>
    </p>
   </div>
   <div class='ocr_carea' id='block_1_64' title="bbox 266 4304 1910 4373">
    <p class='ocr_par' dir='ltr' id='par_1_64' title="bbox 266 4304 1910 4373">
     <span class='ocr_line' id='line_1_64' title="bbox 266 4304 1910 4373; baseline 0.001 -14"><span class='ocrx_word' id='word_1_429' title='bbox 266 4307 427 4361; x_wconf 89' lang='lat' dir='ltr'>varia</span> <span class='ocrx_word' id='word_1_430' title='bbox 445 4322 645 4359; x_wconf 87' lang='lat' dir='ltr'>earum</span> <span class='ocrx_word' id='word_1_431' title='bbox 661 4304 984 4358; x_wconf 87' lang='lat' dir='ltr'>mutatione</span> <span class='ocrx_word' id='word_1_432' title='bbox 1009 4304 1168 4373; x_wconf 89' lang='lat' dir='ltr'>pium</span> <span class='ocrx_word' id='word_1_433' title='bbox 1194 4305 1456 4359; x_wconf 90' lang='lat' dir='ltr'>animum</span> <span class='ocrx_word' id='word_1_434' title='bbox 1473 4312 1910 4361; x_wconf 75' lang='lat' dir='ltr'>constanterre-</span> 
     </span>
    </p>
   </div>
   <div class='ocr_carea' id='block_1_65' title="bbox 274 4390 1907 4463">
    <p class='ocr_par' dir='ltr' id='par_1_65' title="bbox 274 4390 1907 4463">
     <span class='ocr_line' id='line_1_65' title="bbox 274 4390 1907 4463; baseline -0.001 -14"><span class='ocrx_word' id='word_1_435' title='bbox 274 4392 788 4463; x_wconf 87' lang='lat' dir='ltr'>tineas.Siquidem</span> <span class='ocrx_word' id='word_1_436' title='bbox 809 4406 928 4445; x_wconf 89' lang='lat' dir='ltr'>una</span> <span class='ocrx_word' id='word_1_437' title='bbox 959 4406 1092 4444; x_wconf 90' lang='lat' dir='ltr'>cum</span> <span class='ocrx_word' id='word_1_438' title='bbox 1121 4390 1297 4445; x_wconf 87' lang='lat' dir='ltr'>rebus</span> <span class='ocrx_word' id='word_1_439' title='bbox 1324 4393 1907 4461; x_wconf 71' lang='lat' dir='ltr'>commutari,dubizn</span> 
     </span>
    </p>
   </div>
   <div class='ocr_carea' id='block_1_66' title="bbox 2008 1804 3639 1887">
    <p class='ocr_par' dir='ltr' id='par_1_66' title="bbox 2008 1804 3639 1887">
     <span class='ocr_line' id='line_1_66' title="bbox 2008 1804 3639 1887; baseline 0.002 -25"><span class='ocrx_word' id='word_1_440' title='bbox 2008 1804 2203 1870; x_wconf 87' lang='grc' dir='ltr'>στολος</span> <span class='ocrx_word' id='word_1_441' title='bbox 2278 1813 2383 1880; x_wconf 81' lang='grc'>(14)</span> <span class='ocrx_word' id='word_1_442' title='bbox 2471 1807 2887 1887; x_wconf 74' lang='grc' dir='ltr'>διεμαρτύρατο.</span> <span class='ocrx_word' id='word_1_443' title='bbox 2949 1811 3193 1887; x_wconf 88' lang='grc' dir='ltr'>Πρόσεχε</span> <span class='ocrx_word' id='word_1_444' title='bbox 3262 1817 3466 1884; x_wconf 85' lang='grc' dir='ltr'>σεαυτῷ</span> <span class='ocrx_word' id='word_1_445' title='bbox 3547 1810 3639 1866; x_wconf 78' lang='grc' dir='ltr'>καὶ</span> 
     </span>
    </p>
   </div>
   <div class='ocr_carea' id='block_1_67' title="bbox 2004 1898 3640 1975">
    <p class='ocr_par' dir='ltr' id='par_1_67' title="bbox 2004 1898 3640 1975">
     <span class='ocr_line' id='line_1_67' title="bbox 2004 1898 3640 1975; baseline 0.002 -25"><span class='ocrx_word' id='word_1_446' title='bbox 2004 1898 2156 1951; x_wconf 80' lang='grc' dir='ltr'>παντὶ</span> <span class='ocrx_word' id='word_1_447' title='bbox 2190 1902 2267 1970; x_wconf 79' lang='grc' dir='ltr'>τῷ</span> <span class='ocrx_word' id='word_1_448' title='bbox 2298 1919 2559 1973; x_wconf 82' lang='grc' dir='ltr'>ποιμνιῳ,</span> <span class='ocrx_word' id='word_1_449' title='bbox 2592 1899 2643 1954; x_wconf 84' lang='grc' dir='ltr'>έν</span> <span class='ocrx_word' id='word_1_450' title='bbox 2671 1899 2715 1973; x_wconf 84' lang='grc' dir='ltr'>ᾧ</span> <span class='ocrx_word' id='word_1_451' title='bbox 2748 1922 2805 1954; x_wconf 92' lang='grc' dir='ltr'>σε</span> <span class='ocrx_word' id='word_1_452' title='bbox 2833 1901 2893 1954; x_wconf 86' lang='grc' dir='ltr'>τὸ</span> <span class='ocrx_word' id='word_1_453' title='bbox 2954 1904 3164 1973; x_wconf 87' lang='grc' dir='ltr'>Πνεῦμα</span> <span class='ocrx_word' id='word_1_454' title='bbox 3193 1902 3254 1955; x_wconf 89' lang='grc' dir='ltr'>τὸ</span> <span class='ocrx_word' id='word_1_455' title='bbox 3308 1902 3460 1975; x_wconf 80' lang='grc' dir='ltr'>ἅγιον</span> <span class='ocrx_word' id='word_1_456' title='bbox 3492 1898 3640 1954; x_wconf 78' lang='grc' dir='ltr'>ἔθετο</span> 
     </span>
    </p>
   </div>
   <div class='ocr_carea' id='block_1_68' title="bbox 2010 1985 3639 2065">
    <p class='ocr_par' dir='ltr' id='par_1_68' title="bbox 2010 1985 3639 2065">
     <span class='ocr_line' id='line_1_68' title="bbox 2010 1985 3639 2065; baseline 0.002 -26"><span class='ocrx_word' id='word_1_457' title='bbox 2010 1985 2258 2061; x_wconf 80' lang='grc' dir='ltr'>βασιλέα,</span> <span class='ocrx_word' id='word_1_458' title='bbox 2292 1988 2597 2061; x_wconf 83' lang='grc' dir='ltr'>ποιμαίνειν</span> <span class='ocrx_word' id='word_1_459' title='bbox 2653 1991 2715 2044; x_wconf 87' lang='grc' dir='ltr'>τὸ</span> <span class='ocrx_word' id='word_1_460' title='bbox 2773 1987 2901 2044; x_wconf 88' lang='grc' dir='ltr'>λαὸν</span> <span class='ocrx_word' id='word_1_461' title='bbox 2958 1994 3054 2044; x_wconf 89' lang='grc' dir='ltr'>τοῦ</span> <span class='ocrx_word' id='word_1_462' title='bbox 3113 1988 3312 2065; x_wconf 85' lang='grc' dir='ltr'>Κυρίου</span> <span class='ocrx_word' id='word_1_463' title='bbox 3371 1989 3427 2044; x_wconf 78' lang='grc' dir='ltr'>δν</span> <span class='ocrx_word' id='word_1_464' title='bbox 3484 2010 3639 2064; x_wconf 84' lang='grc' dir='ltr'>περι-</span> 
     </span>
    </p>
   </div>
   <div class='ocr_carea' id='block_1_69' title="bbox 2006 2075 3641 2153">
    <p class='ocr_par' dir='ltr' id='par_1_69' title="bbox 2006 2075 3641 2153">
     <span class='ocr_line' id='line_1_69' title="bbox 2006 2075 3641 2153; baseline 0.002 -26"><span class='ocrx_word' id='word_1_465' title='bbox 2006 2078 2301 2145; x_wconf 79' lang='grc' dir='ltr'>εποιήσατο</span> <span class='ocrx_word' id='word_1_466' title='bbox 2335 2075 2423 2131; x_wconf 77' lang='grc' dir='ltr'>διὰ</span> <span class='ocrx_word' id='word_1_467' title='bbox 2451 2082 2546 2131; x_wconf 88' lang='grc' dir='ltr'>τοῦ</span> <span class='ocrx_word' id='word_1_468' title='bbox 2573 2076 2802 2151; x_wconf 65' lang='grc' dir='ltr'>αἵματος</span> <span class='ocrx_word' id='word_1_469' title='bbox 2826 2082 2921 2132; x_wconf 90' lang='grc' dir='ltr'>τοῦ</span> <span class='ocrx_word' id='word_1_470' title='bbox 2979 2076 3145 2133; x_wconf 76' lang='grc' dir='ltr'>ἱδίου.</span> <span class='ocrx_word' id='word_1_471' title='bbox 3182 2077 3283 2135; x_wconf 78' lang='grc' dir='ltr'>Καὶ</span> <span class='ocrx_word' id='word_1_472' title='bbox 3314 2077 3490 2140; x_wconf 81' lang='grc' dir='ltr'>καθὼς</span> <span class='ocrx_word' id='word_1_473' title='bbox 3536 2079 3641 2153; x_wconf 86' lang='grc' dir='ltr'>πρὸ</span> 
     </span>
    </p>
   </div>
   <div class='ocr_carea' id='block_1_70' title="bbox 2007 2161 3643 2243">
    <p class='ocr_par' dir='ltr' id='par_1_70' title="bbox 2007 2161 3643 2243">
     <span class='ocr_line' id='line_1_70' title="bbox 2007 2161 3643 2243; baseline 0.002 -26"><span class='ocrx_word' id='word_1_474' title='bbox 2007 2161 2143 2236; x_wconf 80' lang='grc' dir='ltr'>ἐμοῦ</span> <span class='ocrx_word' id='word_1_475' title='bbox 2177 2163 2348 2240; x_wconf 74' lang='grc' dir='ltr'>ἔγνως</span> <span class='ocrx_word' id='word_1_476' title='bbox 2372 2166 2464 2221; x_wconf 90' lang='grc' dir='ltr'>τὸν</span> <span class='ocrx_word' id='word_1_477' title='bbox 2497 2168 2624 2221; x_wconf 88' lang='grc' dir='ltr'>Θεὸν</span> <span class='ocrx_word' id='word_1_478' title='bbox 2658 2168 2748 2221; x_wconf 84' lang='grc' dir='ltr'>καὶ</span> <span class='ocrx_word' id='word_1_479' title='bbox 2781 2164 3103 2243; x_wconf 82' lang='grc' dir='ltr'>έλάτρευσας</span> <span class='ocrx_word' id='word_1_480' title='bbox 3133 2168 3283 2239; x_wconf 84' lang='grc' dir='ltr'>αὖτῷ</span> <span class='ocrx_word' id='word_1_481' title='bbox 3315 2166 3365 2222; x_wconf 74' lang='grc' dir='ltr'>ἰν</span> <span class='ocrx_word' id='word_1_482' title='bbox 3425 2168 3643 2241; x_wconf 82' lang='grc' dir='ltr'>καθαρῷ</span> 
     </span>
    </p>
   </div>
   <div class='ocr_carea' id='block_1_71' title="bbox 2007 2251 3646 2326">
    <p class='ocr_par' dir='ltr' id='par_1_71' title="bbox 2007 2251 3646 2326">
     <span class='ocr_line' id='line_1_71' title="bbox 2007 2251 3646 2326; baseline 0.001 -20"><span class='ocrx_word' id='word_1_483' title='bbox 2007 2251 2292 2326; x_wconf 78' lang='grc' dir='ltr'>συνειδότι,</span> <span class='ocrx_word' id='word_1_484' title='bbox 2326 2255 2466 2310; x_wconf 78' lang='grc' dir='ltr'>οὕτω</span> <span class='ocrx_word' id='word_1_485' title='bbox 2504 2256 2594 2309; x_wconf 78' lang='grc' dir='ltr'>καὶ</span> <span class='ocrx_word' id='word_1_486' title='bbox 2643 2260 2733 2309; x_wconf 85' lang='grc' dir='ltr'>νῦν</span> <span class='ocrx_word' id='word_1_487' title='bbox 2792 2255 3016 2311; x_wconf 84' lang='grc' dir='ltr'>πλείονα</span> <span class='ocrx_word' id='word_1_488' title='bbox 3073 2254 3313 2324; x_wconf 77' lang='grc' dir='ltr'>σπουδὴν</span> <span class='ocrx_word' id='word_1_489' title='bbox 3349 2253 3646 2309; x_wconf 78' lang='grc' dir='ltr'>ένδείκνυσο</span> 
     </span>
    </p>
   </div>
   <div class='ocr_carea' id='block_1_72' title="bbox 2010 2343 3647 2421">
    <p class='ocr_par' dir='ltr' id='par_1_72' title="bbox 2010 2343 3647 2421">
     <span class='ocr_line' id='line_1_72' title="bbox 2010 2343 3647 2421; baseline -0.001 -23"><span class='ocrx_word' id='word_1_490' title='bbox 2010 2343 2359 2420; x_wconf 81' lang='grc' dir='ltr'>εὐαρεστῆσαι</span> <span class='ocrx_word' id='word_1_491' title='bbox 2400 2344 2565 2417; x_wconf 78' lang='grc' dir='ltr'>αὐτῷ.</span> <span class='ocrx_word' id='word_1_492' title='bbox 2620 2347 2709 2408; x_wconf 75' lang='grc' dir='ltr'>Ὠς</span> <span class='ocrx_word' id='word_1_493' title='bbox 2762 2347 2861 2421; x_wconf 88' lang='grc' dir='ltr'>γάρ</span> <span class='ocrx_word' id='word_1_494' title='bbox 2928 2347 3017 2400; x_wconf 88' lang='grc' dir='ltr'>καὶ</span> <span class='ocrx_word' id='word_1_495' title='bbox 3100 2346 3342 2419; x_wconf 81' lang='grc' dir='ltr'>μεγάλης</span> <span class='ocrx_word' id='word_1_496' title='bbox 3406 2345 3647 2415; x_wconf 76' lang='grc' dir='ltr'>ήξιώθης</span> 
     </span>
    </p>
   </div>
   <div class='ocr_carea' id='block_1_73' title="bbox 2009 2427 3649 2510">
    <p class='ocr_par' dir='ltr' id='par_1_73' title="bbox 2009 2427 3649 2510">
     <span class='ocr_line' id='line_1_73' title="bbox 2009 2427 3649 2510; baseline 0 -24"><span class='ocrx_word' id='word_1_497' title='bbox 2009 2434 2160 2508; x_wconf 84' lang='grc' dir='ltr'>παρὰ</span> <span class='ocrx_word' id='word_1_498' title='bbox 2204 2438 2300 2488; x_wconf 87' lang='grc' dir='ltr'>τοῦ</span> <span class='ocrx_word' id='word_1_499' title='bbox 2359 2439 2495 2489; x_wconf 87' lang='grc' dir='ltr'>Θεοῦ</span> <span class='ocrx_word' id='word_1_500' title='bbox 2549 2434 2749 2510; x_wconf 87' lang='grc' dir='ltr'>ἀρχῆς,</span> <span class='ocrx_word' id='word_1_501' title='bbox 2807 2437 3051 2507; x_wconf 72' lang='grc' dir='ltr'>τοσούτῳ</span> <span class='ocrx_word' id='word_1_502' title='bbox 3108 2434 3353 2507; x_wconf 84' lang='grc' dir='ltr'>μείζονος</span> <span class='ocrx_word' id='word_1_503' title='bbox 3411 2427 3649 2506; x_wconf 80' lang='grc' dir='ltr'>ἀμοιϐῆς</span> 
     </span>
    </p>
   </div>
   <div class='ocr_carea' id='block_1_74' title="bbox 2010 2521 3646 2599">
    <p class='ocr_par' dir='ltr' id='par_1_74' title="bbox 2010 2521 3646 2599">
     <span class='ocr_line' id='line_1_74' title="bbox 2010 2521 3646 2599; baseline 0 -23"><span class='ocrx_word' id='word_1_504' title='bbox 2010 2521 2297 2599; x_wconf 73' lang='grc' dir='ltr'>ὀφειλέτης</span> <span class='ocrx_word' id='word_1_505' title='bbox 2324 2523 2604 2599; x_wconf 70' lang='grc' dir='ltr'>ὑπάρχεις.</span> <span class='ocrx_word' id='word_1_506' title='bbox 2640 2525 2848 2580; x_wconf 83' lang='grc' dir='ltr'>Οὐκοῦν</span> <span class='ocrx_word' id='word_1_507' title='bbox 2883 2522 3084 2586; x_wconf 80' lang='grc' dir='ltr'>ἀπόδος</span> <span class='ocrx_word' id='word_1_508' title='bbox 3142 2528 3223 2595; x_wconf 76' lang='grc' dir='ltr'>τῷ</span> <span class='ocrx_word' id='word_1_509' title='bbox 3280 2522 3529 2597; x_wconf 73' lang='grc' dir='ltr'>εὐεργέτῃ</span> <span class='ocrx_word' id='word_1_510' title='bbox 3584 2523 3646 2576; x_wconf 82' lang='grc' dir='ltr'>τὸ</span> 
     </span>
    </p>
   </div>
   <div class='ocr_carea' id='block_1_75' title="bbox 2011 2609 3642 2688">
    <p class='ocr_par' dir='ltr' id='par_1_75' title="bbox 2011 2609 3642 2688">
     <span class='ocr_line' id='line_1_75' title="bbox 2011 2609 3642 2688; baseline -0.001 -22"><span class='ocrx_word' id='word_1_511' title='bbox 2011 2616 2181 2686; x_wconf 87' lang='grc' dir='ltr'>χρέος</span> <span class='ocrx_word' id='word_1_512' title='bbox 2212 2616 2310 2681; x_wconf 72' lang='grc' dir='ltr'>τῆς</span> <span class='ocrx_word' id='word_1_513' title='bbox 2342 2612 2713 2688; x_wconf 80' lang='grc' dir='ltr'>εὐχαριστίας,</span> <span class='ocrx_word' id='word_1_514' title='bbox 2769 2615 2863 2675; x_wconf 79' lang='grc' dir='ltr'>τὰς</span> <span class='ocrx_word' id='word_1_515' title='bbox 2922 2613 3078 2688; x_wconf 81' lang='grc' dir='ltr'>ἁγίας</span> <span class='ocrx_word' id='word_1_516' title='bbox 3132 2611 3296 2667; x_wconf 76' lang='grc' dir='ltr'>αὐτοῦ</span> <span class='ocrx_word' id='word_1_517' title='bbox 3354 2609 3642 2685; x_wconf 78' lang='grc' dir='ltr'>φυλάσσων</span> 
     </span>
    </p>
   </div>
   <div class='ocr_carea' id='block_1_76' title="bbox 2010 2700 3643 2776">
    <p class='ocr_par' dir='ltr' id='par_1_76' title="bbox 2010 2700 3643 2776">
     <span class='ocr_line' id='line_1_76' title="bbox 2010 2700 3643 2776; baseline -0.001 -21"><span class='ocrx_word' id='word_1_518' title='bbox 2010 2700 2231 2763; x_wconf 73' lang='grc' dir='ltr'>ἐντολάς</span> <span class='ocrx_word' id='word_1_519' title='bbox 2262 2701 2352 2755; x_wconf 84' lang='grc' dir='ltr'>καὶ</span> <span class='ocrx_word' id='word_1_520' title='bbox 2382 2702 2557 2771; x_wconf 82' lang='grc' dir='ltr'>πάσης</span> <span class='ocrx_word' id='word_1_521' title='bbox 2589 2701 2848 2757; x_wconf 81' lang='grc' dir='ltr'>ἐκκλίνων</span> <span class='ocrx_word' id='word_1_522' title='bbox 2909 2700 3036 2756; x_wconf 81' lang='grc' dir='ltr'>ὁδοῦ</span> <span class='ocrx_word' id='word_1_523' title='bbox 3087 2700 3162 2763; x_wconf 83' lang='grc' dir='ltr'>εἷς</span> <span class='ocrx_word' id='word_1_524' title='bbox 3221 2701 3495 2755; x_wconf 77' lang='grc' dir='ltr'>ἀπώλειαν</span> <span class='ocrx_word' id='word_1_525' title='bbox 3555 2721 3643 2776; x_wconf 79' lang='grc' dir='ltr'>φε-</span> 
     </span>
    </p>
   </div>
   <div class='ocr_carea' id='block_1_77' title="bbox 2012 2789 3640 2866">
    <p class='ocr_par' dir='ltr' id='par_1_77' title="bbox 2012 2789 3640 2866">
     <span class='ocr_line' id='line_1_77' title="bbox 2012 2789 3640 2866; baseline -0.001 -23"><span class='ocrx_word' id='word_1_526' title='bbox 2012 2789 2238 2865; x_wconf 73' lang='grc' dir='ltr'>ρούσης.</span> <span class='ocrx_word' id='word_1_527' title='bbox 2283 2798 2482 2865; x_wconf 79' lang='grc' dir='ltr'>’Ὠσπερ</span> <span class='ocrx_word' id='word_1_528' title='bbox 2540 2789 2639 2866; x_wconf 70' lang='grc' dir='ltr'>γὰρ</span> <span class='ocrx_word' id='word_1_529' title='bbox 2700 2789 2787 2845; x_wconf 83' lang='grc' dir='ltr'>ἐπὶ</span> <span class='ocrx_word' id='word_1_530' title='bbox 2843 2795 2950 2844; x_wconf 81' lang='grc' dir='ltr'>τῶν</span> <span class='ocrx_word' id='word_1_531' title='bbox 3009 2790 3307 2861; x_wconf 87' lang='grc' dir='ltr'>πλεόντων,</span> <span class='ocrx_word' id='word_1_532' title='bbox 3363 2789 3486 2845; x_wconf 81' lang='grc' dir='ltr'>ὅταν</span> <span class='ocrx_word' id='word_1_533' title='bbox 3550 2789 3640 2861; x_wconf 76' lang='grc' dir='ltr'>μὶν</span> 
     </span>
    </p>
   </div>
   <div class='ocr_carea' id='block_1_78' title="bbox 2009 2876 3639 2957">
    <p class='ocr_par' dir='ltr' id='par_1_78' title="bbox 2009 2876 3639 2957">
     <span class='ocr_line' id='line_1_78' title="bbox 2009 2876 3639 2957; baseline -0.001 -25"><span class='ocrx_word' id='word_1_534' title='bbox 2009 2877 2211 2948; x_wconf 76' lang='grc' dir='ltr'>ναύτης</span> <span class='ocrx_word' id='word_1_535' title='bbox 2234 2876 2414 2957; x_wconf 83' lang='grc' dir='ltr'>σφαλῇ</span> <span class='ocrx_word' id='word_1_536' title='bbox 2450 2881 2581 2952; x_wconf 81' lang='grc'>(15),</span> <span class='ocrx_word' id='word_1_537' title='bbox 2618 2879 2815 2954; x_wconf 83' lang='grc' dir='ltr'>μικρὰν</span> <span class='ocrx_word' id='word_1_538' title='bbox 2846 2881 2995 2957; x_wconf 82' lang='grc' dir='ltr'>φέρει</span> <span class='ocrx_word' id='word_1_539' title='bbox 3050 2886 3167 2941; x_wconf 86' lang='grc' dir='ltr'>τοῖς</span> <span class='ocrx_word' id='word_1_540' title='bbox 3223 2879 3451 2935; x_wconf 83' lang='grc' dir='ltr'>πλέουσι</span> <span class='ocrx_word' id='word_1_541' title='bbox 3508 2877 3639 2953; x_wconf 83' lang='grc' dir='ltr'>βλά-</span> 
     </span>
    </p>
   </div>
   <div class='ocr_carea' id='block_1_79' title="bbox 2016 2963 3632 3043">
    <p class='ocr_par' dir='ltr' id='par_1_79' title="bbox 2016 2963 3632 3043">
     <span class='ocr_line' id='line_1_79' title="bbox 2016 2963 3632 3043; baseline -0.002 -21"><span class='ocrx_word' id='word_1_542' title='bbox 2016 2963 2142 3037; x_wconf 81' lang='grc' dir='ltr'>ϐην’</span> <span class='ocrx_word' id='word_1_543' title='bbox 2178 2967 2303 3022; x_wconf 82' lang='grc' dir='ltr'>ὅταν</span> <span class='ocrx_word' id='word_1_544' title='bbox 2352 2966 2409 3022; x_wconf 73' lang='grc' dir='ltr'>δέ</span> <span class='ocrx_word' id='word_1_545' title='bbox 2462 2969 2488 3022; x_wconf 90' lang='lat'>6</span> <span class='ocrx_word' id='word_1_546' title='bbox 2543 2963 2899 3043; x_wconf 71' lang='grc' dir='ltr'>κυϐερνήτης,</span> <span class='ocrx_word' id='word_1_547' title='bbox 2962 2970 3160 3030; x_wconf 87' lang='grc' dir='ltr'>παντὸς</span> <span class='ocrx_word' id='word_1_548' title='bbox 3217 2968 3488 3043; x_wconf 80' lang='grc' dir='ltr'>ἐργάζεται</span> <span class='ocrx_word' id='word_1_549' title='bbox 3540 2970 3632 3020; x_wconf 90' lang='grc' dir='ltr'>τοῦ</span> 
     </span>
    </p>
   </div>
   <div class='ocr_carea' id='block_1_80' title="bbox 1929 3054 3641 3157">
    <p class='ocr_par' dir='ltr' id='par_1_80' title="bbox 1929 3054 3641 3157">
     <span class='ocr_line' id='line_1_80' title="bbox 1929 3054 3641 3157; baseline -0.002 -45"><span class='ocrx_word' id='word_1_550' title='bbox 1929 3091 1971 3157; x_wconf 74' lang='lat' dir='ltr'><strong>G</strong></span> <span class='ocrx_word' id='word_1_551' title='bbox 2011 3056 2211 3112; x_wconf 85' lang='grc' dir='ltr'>πλοίου</span> <span class='ocrx_word' id='word_1_552' title='bbox 2242 3056 2539 3111; x_wconf 86' lang='grc' dir='ltr'>ἀπώλειαν·</span> <span class='ocrx_word' id='word_1_553' title='bbox 2576 3055 2717 3110; x_wconf 76' lang='grc' dir='ltr'>οὓτω</span> <span class='ocrx_word' id='word_1_554' title='bbox 2747 3058 2833 3110; x_wconf 86' lang='grc' dir='ltr'>καὶ</span> <span class='ocrx_word' id='word_1_555' title='bbox 2876 3057 2925 3111; x_wconf 88' lang='grc' dir='ltr'>ἐν</span> <span class='ocrx_word' id='word_1_556' title='bbox 2964 3055 3283 3130; x_wconf 86' lang='grc' dir='ltr'>βασιλείοις,</span> <span class='ocrx_word' id='word_1_557' title='bbox 3345 3054 3405 3111; x_wconf 75' lang='grc' dir='ltr'>ἄν</span> <span class='ocrx_word' id='word_1_558' title='bbox 3447 3055 3533 3128; x_wconf 86' lang='grc' dir='ltr'>μέν</span> <span class='ocrx_word' id='word_1_559' title='bbox 3556 3076 3641 3115; x_wconf 89' lang='grc' dir='ltr'>τις</span> 
     </span>
    </p>
   </div>
   <div class='ocr_carea' id='block_1_81' title="bbox 2009 3143 3647 3219">
    <p class='ocr_par' dir='ltr' id='par_1_81' title="bbox 2009 3143 3647 3219">
     <span class='ocr_line' id='line_1_81' title="bbox 2009 3143 3647 3219; baseline -0.003 -18"><span class='ocrx_word' id='word_1_560' title='bbox 2009 3150 2116 3201; x_wconf 85' lang='grc' dir='ltr'>τῶν</span> <span class='ocrx_word' id='word_1_561' title='bbox 2150 3143 2473 3219; x_wconf 71' lang='grc' dir='ltr'>ἀρχομένων</span> <span class='ocrx_word' id='word_1_562' title='bbox 2502 3144 2716 3219; x_wconf 81' lang='grc' dir='ltr'>ἁμάρτῃ</span> <span class='ocrx_word' id='word_1_563' title='bbox 2750 3148 2878 3215; x_wconf 86' lang='grc'>(16),</span> <span class='ocrx_word' id='word_1_564' title='bbox 2939 3144 3000 3199; x_wconf 79' lang='grc' dir='ltr'>οὐ</span> <span class='ocrx_word' id='word_1_565' title='bbox 3052 3150 3311 3199; x_wconf 89' lang='grc' dir='ltr'>τοσοῦτον</span> <span class='ocrx_word' id='word_1_566' title='bbox 3352 3146 3413 3199; x_wconf 84' lang='grc' dir='ltr'>τὸ</span> <span class='ocrx_word' id='word_1_567' title='bbox 3469 3144 3647 3197; x_wconf 81' lang='grc' dir='ltr'>κοινὸν</span> 
     </span>
    </p>
   </div>
   <div class='ocr_carea' id='block_1_82' title="bbox 2011 3230 3653 3309">
    <p class='ocr_par' dir='ltr' id='par_1_82' title="bbox 2011 3230 3653 3309">
     <span class='ocr_line' id='line_1_82' title="bbox 2011 3230 3653 3309; baseline -0.003 -18"><span class='ocrx_word' id='word_1_568' title='bbox 2011 3237 2162 3291; x_wconf 73' lang='lat'><strong>332</strong></span> <span class='ocrx_word' id='word_1_569' title='bbox 2195 3232 2318 3287; x_wconf 75' lang='grc' dir='ltr'>ὅσον</span> <span class='ocrx_word' id='word_1_570' title='bbox 2371 3234 2559 3288; x_wconf 70' lang='grc' dir='ltr'>ἑαυτὸν</span> <span class='ocrx_word' id='word_1_571' title='bbox 2590 3230 2784 3302; x_wconf 83' lang='grc' dir='ltr'>ἀδικεῖ,</span> <span class='ocrx_word' id='word_1_572' title='bbox 2844 3233 2904 3287; x_wconf 84' lang='grc' dir='ltr'>ἃν</span> <span class='ocrx_word' id='word_1_573' title='bbox 2966 3232 3021 3288; x_wconf 73' lang='grc' dir='ltr'>δὲ</span> <span class='ocrx_word' id='word_1_574' title='bbox 3080 3234 3239 3295; x_wconf 82' lang='grc' dir='ltr'>αὐτὸς</span> <span class='ocrx_word' id='word_1_575' title='bbox 3297 3236 3325 3289; x_wconf 93' lang='lat'>6</span> <span class='ocrx_word' id='word_1_576' title='bbox 3376 3231 3653 3309; x_wconf 75' lang='grc' dir='ltr'>βασιλεὺς,</span> 
     </span>
    </p>
   </div>
   <div class='ocr_carea' id='block_1_83' title="bbox 2009 3317 3655 3398">
    <p class='ocr_par' dir='ltr' id='par_1_83' title="bbox 2009 3317 3655 3398">
     <span class='ocr_line' id='line_1_83' title="bbox 2009 3317 3655 3398; baseline -0.001 -22"><span class='ocrx_word' id='word_1_577' title='bbox 2009 3323 2186 3392; x_wconf 88' lang='grc' dir='ltr'>πάσης</span> <span class='ocrx_word' id='word_1_578' title='bbox 2219 3322 2496 3398; x_wconf 73' lang='grc' dir='ltr'>ἐργάζεται</span> <span class='ocrx_word' id='word_1_579' title='bbox 2526 3328 2625 3391; x_wconf 81' lang='grc' dir='ltr'>τῆς</span> <span class='ocrx_word' id='word_1_580' title='bbox 2657 3322 2939 3383; x_wconf 72' lang='grc' dir='ltr'>πολιτείας</span> <span class='ocrx_word' id='word_1_581' title='bbox 2977 3317 3211 3396; x_wconf 82' lang='grc' dir='ltr'>βλάϐην.</span> <span class='ocrx_word' id='word_1_582' title='bbox 3269 3323 3357 3383; x_wconf 75' lang='grc' dir='ltr'>Ὠς</span> <span class='ocrx_word' id='word_1_583' title='bbox 3419 3320 3655 3397; x_wconf 85' lang='grc' dir='ltr'>μεγάλας</span> 
     </span>
    </p>
   </div>
   <div class='ocr_carea' id='block_1_84' title="bbox 2013 3408 3657 3488">
    <p class='ocr_par' dir='ltr' id='par_1_84' title="bbox 2013 3408 3657 3488">
     <span class='ocr_line' id='line_1_84' title="bbox 2013 3408 3657 3488; baseline -0.002 -23"><span class='ocrx_word' id='word_1_584' title='bbox 2013 3412 2102 3465; x_wconf 81' lang='grc' dir='ltr'>οῦν</span> <span class='ocrx_word' id='word_1_585' title='bbox 2169 3412 2371 3488; x_wconf 80' lang='grc' dir='ltr'>ὑφέξων</span> <span class='ocrx_word' id='word_1_586' title='bbox 2424 3411 2670 3480; x_wconf 79' lang='grc' dir='ltr'>εὐθύνας,</span> <span class='ocrx_word' id='word_1_587' title='bbox 2731 3409 2777 3465; x_wconf 66' lang='grc' dir='ltr'>εἳ</span> <span class='ocrx_word' id='word_1_588' title='bbox 2832 3432 2882 3463; x_wconf 89' lang='grc' dir='ltr'>τι</span> <span class='ocrx_word' id='word_1_589' title='bbox 2940 3408 3188 3485; x_wconf 85' lang='grc' dir='ltr'>παρίδοις</span> <span class='ocrx_word' id='word_1_590' title='bbox 3240 3416 3347 3464; x_wconf 83' lang='grc' dir='ltr'>τῶν</span> <span class='ocrx_word' id='word_1_591' title='bbox 3399 3408 3657 3481; x_wconf 76' lang='grc' dir='ltr'>δεόντων,</span> 
     </span>
    </p>
   </div>
   <div class='ocr_carea' id='block_1_85' title="bbox 2017 3494 3653 3574">
    <p class='ocr_par' dir='ltr' id='par_1_85' title="bbox 2017 3494 3653 3574">
     <span class='ocr_line' id='line_1_85' title="bbox 2017 3494 3653 3574; baseline -0.001 -20"><span class='ocrx_word' id='word_1_592' title='bbox 2017 3501 2150 3573; x_wconf 85' lang='grc' dir='ltr'>μετά</span> <span class='ocrx_word' id='word_1_593' title='bbox 2179 3498 2396 3567; x_wconf 78' lang='grc' dir='ltr'>πολλῆς</span> <span class='ocrx_word' id='word_1_594' title='bbox 2430 3494 2706 3573; x_wconf 84' lang='grc' dir='ltr'>ἀκριϐείας</span> <span class='ocrx_word' id='word_1_595' title='bbox 2737 3498 2972 3568; x_wconf 78' lang='grc' dir='ltr'>φύλαττε</span> <span class='ocrx_word' id='word_1_596' title='bbox 3005 3500 3223 3553; x_wconf 82' lang='grc' dir='ltr'>σεαυτὸν</span> <span class='ocrx_word' id='word_1_597' title='bbox 3282 3498 3333 3552; x_wconf 81' lang='grc' dir='ltr'>έν</span> <span class='ocrx_word' id='word_1_598' title='bbox 3392 3503 3470 3568; x_wconf 80' lang='grc' dir='ltr'>τῷ</span> <span class='ocrx_word' id='word_1_599' title='bbox 3523 3498 3653 3574; x_wconf 88' lang='grc' dir='ltr'>ἀγα-</span> 
     </span>
    </p>
   </div>
   <div class='ocr_carea' id='block_1_86' title="bbox 2015 3585 3648 3664">
    <p class='ocr_par' dir='ltr' id='par_1_86' title="bbox 2015 3585 3648 3664">
     <span class='ocr_line' id='line_1_86' title="bbox 2015 3585 3648 3664; baseline -0.002 -20"><span class='ocrx_word' id='word_1_600' title='bbox 2015 3594 2114 3661; x_wconf 78' lang='grc' dir='ltr'>θῷ.</span> <span class='ocrx_word' id='word_1_601' title='bbox 2150 3589 2395 3658; x_wconf 89' lang='grc' dir='ltr'>Μίσησον</span> <span class='ocrx_word' id='word_1_602' title='bbox 2429 3594 2598 3642; x_wconf 82' lang='grc' dir='ltr'>πᾶσαν</span> <span class='ocrx_word' id='word_1_603' title='bbox 2628 3585 2831 3657; x_wconf 75' lang='grc' dir='ltr'>ἡδονὴν</span> <span class='ocrx_word' id='word_1_604' title='bbox 2864 3589 3000 3660; x_wconf 88' lang='grc' dir='ltr'>πρὸς</span> <span class='ocrx_word' id='word_1_605' title='bbox 3056 3587 3323 3664; x_wconf 81' lang='grc' dir='ltr'>ἁμαρτίαν</span> <span class='ocrx_word' id='word_1_606' title='bbox 3364 3586 3648 3642; x_wconf 62' lang='grc' dir='ltr'>ἕλκουσαν</span> 
     </span>
    </p>
   </div>
   <div class='ocr_carea' id='block_1_87' title="bbox 2015 3677 3657 3759">
    <p class='ocr_par' dir='ltr' id='par_1_87' title="bbox 2015 3677 3657 3759">
     <span class='ocr_line' id='line_1_87' title="bbox 2015 3677 3657 3759; baseline -0.001 -26"><span class='ocrx_word' id='word_1_607' title='bbox 2015 3680 2146 3759; x_wconf 83' lang='grc' dir='ltr'>φησὶ</span> <span class='ocrx_word' id='word_1_608' title='bbox 2180 3679 2281 3753; x_wconf 82' lang='grc' dir='ltr'>γὰρ</span> <span class='ocrx_word' id='word_1_609' title='bbox 2315 3680 2341 3733; x_wconf 92' lang='grc' dir='ltr'>ὁ</span> <span class='ocrx_word' id='word_1_610' title='bbox 2372 3677 2709 3741; x_wconf 87' lang='grc' dir='ltr'>Ἀποστολος</span> <span class='ocrx_word' id='word_1_611' title='bbox 2739 3682 2866 3751; x_wconf 75' lang='grc'>(17)·</span> <span class='ocrx_word' id='word_1_612' title='bbox 2930 3678 3169 3749; x_wconf 74' lang='grc' dir='ltr'>Εἰρήνην</span> <span class='ocrx_word' id='word_1_613' title='bbox 3235 3677 3457 3733; x_wconf 82' lang='grc' dir='ltr'>διώκετε</span> <span class='ocrx_word' id='word_1_614' title='bbox 3519 3679 3657 3752; x_wconf 86' lang='grc' dir='ltr'>μετά</span> 
     </span>
    </p>
   </div>
   <div class='ocr_carea' id='block_1_88' title="bbox 2014 3765 3653 3843">
    <p class='ocr_par' dir='ltr' id='par_1_88' title="bbox 2014 3765 3653 3843">
     <span class='ocr_line' id='line_1_88' title="bbox 2014 3765 3653 3843; baseline -0.002 -20"><span class='ocrx_word' id='word_1_615' title='bbox 2014 3771 2250 3836; x_wconf 88' lang='grc' dir='ltr'>πάντων,</span> <span class='ocrx_word' id='word_1_616' title='bbox 2282 3768 2489 3822; x_wconf 82' lang='grc' dir='ltr'>καὶτὸν</span> <span class='ocrx_word' id='word_1_617' title='bbox 2526 3768 2816 3842; x_wconf 82' lang='grc' dir='ltr'>ἀγιασμὸν,</span> <span class='ocrx_word' id='word_1_618' title='bbox 2879 3767 2938 3820; x_wconf 75' lang='grc' dir='ltr'>οὗ</span> <span class='ocrx_word' id='word_1_619' title='bbox 3001 3767 3177 3843; x_wconf 81' lang='grc' dir='ltr'>χωρὶς</span> <span class='ocrx_word' id='word_1_620' title='bbox 3228 3765 3405 3827; x_wconf 79' lang='grc' dir='ltr'>οὐδεὶς</span> <span class='ocrx_word' id='word_1_621' title='bbox 3462 3767 3653 3840; x_wconf 77' lang='grc' dir='ltr'>’ὄψεται</span> 
     </span>
    </p>
   </div>
   <div class='ocr_carea' id='block_1_89' title="bbox 2012 3856 3655 3933">
    <p class='ocr_par' dir='ltr' id='par_1_89' title="bbox 2012 3856 3655 3933">
     <span class='ocr_line' id='line_1_89' title="bbox 2012 3856 3655 3933; baseline 0.007 -20"><span class='ocrx_word' id='word_1_622' title='bbox 2012 3859 2102 3913; x_wconf 89' lang='grc' dir='ltr'>τὸν</span> <span class='ocrx_word' id='word_1_623' title='bbox 2136 3857 2353 3931; x_wconf 69' lang='grc' dir='ltr'>Κόριον.</span> <span class='ocrx_word' id='word_1_624' title='bbox 2394 3858 2503 3912; x_wconf 81' lang='grc' dir='ltr'>Τὸν</span> <span class='ocrx_word' id='word_1_625' title='bbox 2559 3856 2760 3911; x_wconf 80' lang='grc' dir='ltr'>κύκλον</span> <span class='ocrx_word' id='word_1_626' title='bbox 2820 3856 3082 3931; x_wconf 86' lang='grc' dir='ltr'>πρόσεχε,</span> <span class='ocrx_word' id='word_1_627' title='bbox 3138 3857 3284 3919; x_wconf 79' lang='grc' dir='ltr'>ὅστις</span> <span class='ocrx_word' id='word_1_628' title='bbox 3339 3860 3655 3933; x_wconf 72' lang='grc' dir='ltr'>περιτρέχει</span> 
     </span>
    </p>
   </div>
   <div class='ocr_carea' id='block_1_90' title="bbox 2015 3944 3655 4025">
    <p class='ocr_par' dir='ltr' id='par_1_90' title="bbox 2015 3944 3655 4025">
     <span class='ocr_line' id='line_1_90' title="bbox 2015 3944 3655 4025; baseline 0.001 -24"><span class='ocrx_word' id='word_1_629' title='bbox 2015 3952 2117 4001; x_wconf 80' lang='grc' dir='ltr'>τῶν</span> <span class='ocrx_word' id='word_1_630' title='bbox 2149 3946 2504 4020; x_wconf 79' lang='grc' dir='ltr'>ἀνθρωπίνων</span> <span class='ocrx_word' id='word_1_631' title='bbox 2564 3945 2918 4021; x_wconf 82' lang='grc' dir='ltr'>πράγμάτων,</span> <span class='ocrx_word' id='word_1_632' title='bbox 2983 3944 3184 4000; x_wconf 78' lang='grc' dir='ltr'>ἂλλοτε</span> <span class='ocrx_word' id='word_1_633' title='bbox 3238 3944 3423 4009; x_wconf 71' lang='grc' dir='ltr'>ἄλλως</span> <span class='ocrx_word' id='word_1_634' title='bbox 3478 3948 3655 4025; x_wconf 84' lang='grc' dir='ltr'>φέρων</span> 
     </span>
    </p>
   </div>
   <div class='ocr_carea' id='block_1_91' title="bbox 2016 4032 3658 4115">
    <p class='ocr_par' dir='ltr' id='par_1_91' title="bbox 2016 4032 3658 4115">
     <span class='ocr_line' id='line_1_91' title="bbox 2016 4032 3658 4115; baseline 0 -24"><span class='ocrx_word' id='word_1_635' title='bbox 2016 4037 2152 4091; x_wconf 84' lang='grc' dir='ltr'>αὐτά</span> <span class='ocrx_word' id='word_1_636' title='bbox 2180 4036 2268 4089; x_wconf 82' lang='grc' dir='ltr'>καὶ</span> <span class='ocrx_word' id='word_1_637' title='bbox 2304 4037 2626 4110; x_wconf 60' lang='grc' dir='ltr'>περιφέρων</span> <span class='ocrx_word' id='word_1_638' title='bbox 2674 4035 2763 4087; x_wconf 84' lang='grc' dir='ltr'>καὶ</span> <span class='ocrx_word' id='word_1_639' title='bbox 2820 4032 2873 4088; x_wconf 81' lang='grc' dir='ltr'>ἐν</span> <span class='ocrx_word' id='word_1_640' title='bbox 2929 4038 2996 4108; x_wconf 83' lang='grc' dir='ltr'>τῇ</span> <span class='ocrx_word' id='word_1_641' title='bbox 3051 4035 3258 4089; x_wconf 72' lang='grc' dir='ltr'>τούτων</span> <span class='ocrx_word' id='word_1_642' title='bbox 3300 4036 3658 4115; x_wconf 82' lang='grc' dir='ltr'>ἀγχιστρόφῳ</span> 
     </span>
    </p>
   </div>
   <div class='ocr_carea' id='block_1_92' title="bbox 2020 4116 3652 4200">
    <p class='ocr_par' dir='ltr' id='par_1_92' title="bbox 2020 4116 3652 4200">
     <span class='ocr_line' id='line_1_92' title="bbox 2020 4116 3652 4200; baseline 0.001 -22"><span class='ocrx_word' id='word_1_643' title='bbox 2020 4120 2298 4198; x_wconf 74' lang='grc' dir='ltr'>μεταϐολῇ</span> <span class='ocrx_word' id='word_1_644' title='bbox 2329 4118 2711 4196; x_wconf 82' lang='grc' dir='ltr'>ἀμετάϐλητον</span> <span class='ocrx_word' id='word_1_645' title='bbox 2742 4116 2835 4196; x_wconf 78' lang='grc' dir='ltr'>ἔχε</span> <span class='ocrx_word' id='word_1_646' title='bbox 2872 4122 2962 4177; x_wconf 85' lang='grc' dir='ltr'>τὸν</span> <span class='ocrx_word' id='word_1_647' title='bbox 2998 4118 3193 4193; x_wconf 79' lang='grc' dir='ltr'>εὐσεϐῆ</span> <span class='ocrx_word' id='word_1_648' title='bbox 3221 4122 3491 4200; x_wconf 88' lang='grc' dir='ltr'>λογισμόν</span> <span class='ocrx_word' id='word_1_649' title='bbox 3522 4129 3652 4200; x_wconf 88' lang='grc'>(18).</span> 
     </span>
    </p>
   </div>
   <div class='ocr_carea' id='block_1_93' title="bbox 2016 4207 3653 4288">
    <p class='ocr_par' dir='ltr' id='par_1_93' title="bbox 2016 4207 3653 4288">
     <span class='ocr_line' id='line_1_93' title="bbox 2016 4207 3653 4288; baseline 0.001 -20"><span class='ocrx_word' id='word_1_650' title='bbox 2016 4215 2084 4268; x_wconf 90' lang='grc' dir='ltr'>Τὸ</span> <span class='ocrx_word' id='word_1_651' title='bbox 2141 4214 2240 4288; x_wconf 86' lang='grc' dir='ltr'>γάρ</span> <span class='ocrx_word' id='word_1_652' title='bbox 2310 4207 2858 4284; x_wconf 76' lang='grc' dir='ltr'>συμμεταϐάλλεσθαι</span> <span class='ocrx_word' id='word_1_653' title='bbox 2942 4218 3060 4273; x_wconf 81' lang='grc' dir='ltr'>ταῖς</span> <span class='ocrx_word' id='word_1_654' title='bbox 3154 4217 3261 4267; x_wconf 77' lang='grc' dir='ltr'>τῶν</span> <span class='ocrx_word' id='word_1_655' title='bbox 3319 4214 3653 4288; x_wconf 84' lang='grc' dir='ltr'>πραγμάτων</span> 
     </span>
    </p>
   </div>
   <div class='ocr_carea' id='block_1_94' title="bbox 2020 4295 3653 4375">
    <p class='ocr_par' dir='ltr' id='par_1_94' title="bbox 2020 4295 3653 4375">
     <span class='ocr_line' id='line_1_94' title="bbox 2020 4295 3653 4375; baseline 0.001 -20"><span class='ocrx_word' id='word_1_656' title='bbox 2020 4297 2367 4373; x_wconf 81' lang='grc' dir='ltr'>μεταϐολαῖς,</span> <span class='ocrx_word' id='word_1_657' title='bbox 2402 4298 2645 4359; x_wconf 87' lang='grc' dir='ltr'>διανοίας</span> <span class='ocrx_word' id='word_1_658' title='bbox 2678 4295 2937 4353; x_wconf 83' lang='grc' dir='ltr'>ἀϐεϐαίου</span> <span class='ocrx_word' id='word_1_659' title='bbox 2960 4302 3281 4375; x_wconf 81' lang='grc' dir='ltr'>τεκμήριον.</span> <span class='ocrx_word' id='word_1_660' title='bbox 3317 4303 3392 4355; x_wconf 77' lang='grc' dir='ltr'>Σὺ</span> <span class='ocrx_word' id='word_1_661' title='bbox 3438 4302 3495 4357; x_wconf 72' lang='grc' dir='ltr'>δὲ</span> <span class='ocrx_word' id='word_1_662' title='bbox 3550 4304 3653 4357; x_wconf 59' lang='grc' dir='ltr'>πά.</span> 
     </span>
    </p>
   </div>
   <div class='ocr_carea' id='block_1_95' title="bbox 2014 4385 3655 4465">
    <p class='ocr_par' dir='ltr' id='par_1_95' title="bbox 2014 4385 3655 4465">
     <span class='ocr_line' id='line_1_95' title="bbox 2014 4385 3655 4465; baseline 0 -21"><span class='ocrx_word' id='word_1_663' title='bbox 2014 4411 2131 4464; x_wconf 87' lang='grc' dir='ltr'>γιος</span> <span class='ocrx_word' id='word_1_664' title='bbox 2159 4387 2271 4459; x_wconf 66' lang='grc' dir='ltr'>ἔσο,</span> <span class='ocrx_word' id='word_1_665' title='bbox 2308 4388 2358 4443; x_wconf 84' lang='grc' dir='ltr'>ἐν</span> <span class='ocrx_word' id='word_1_666' title='bbox 2394 4392 2472 4459; x_wconf 79' lang='grc' dir='ltr'>τῷ</span> <span class='ocrx_word' id='word_1_667' title='bbox 2502 4387 2690 4461; x_wconf 86' lang='grc' dir='ltr'>ἀγαθῷ</span> <span class='ocrx_word' id='word_1_668' title='bbox 2748 4386 2891 4449; x_wconf 80' lang='grc' dir='ltr'>ὅλως</span> <span class='ocrx_word' id='word_1_669' title='bbox 2955 4385 3338 4462; x_wconf 75' lang='grc' dir='ltr'>ἐρηρεισμένος</span> <span class='ocrx_word' id='word_1_670' title='bbox 3372 4393 3505 4465; x_wconf 82' lang='grc'>(19).</span> <span class='ocrx_word' id='word_1_671' title='bbox 3562 4393 3655 4461; x_wconf 79' lang='grc' dir='ltr'>Μὴ</span> 
     </span>
    </p>
   </div>
   <div class='ocr_carea' id='block_1_96' title="bbox 269 4453 1898 4555">
    <p class='ocr_par' dir='ltr' id='par_1_96' title="bbox 269 4479 1898 4555">
     <span class='ocr_line' id='line_1_96' title="bbox 269 4479 1898 4555; baseline -0.002 -16"><span class='ocrx_word' id='word_1_672' title='bbox 269 4480 754 4555; x_wconf 87' lang='lat' dir='ltr'>atqueinstabilis</span> <span class='ocrx_word' id='word_1_673' title='bbox 772 4479 987 4534; x_wconf 89' lang='lat' dir='ltr'>mentis</span> <span class='ocrx_word' id='word_1_674' title='bbox 1018 4485 1429 4551; x_wconf 80' lang='lat' dir='ltr'>argumentum</span> <span class='ocrx_word' id='word_1_675' title='bbox 1454 4482 1645 4534; x_wconf 85' lang='lat' dir='ltr'>ost.Tu</span> <span class='ocrx_word' id='word_1_676' title='bbox 1670 4498 1801 4535; x_wconf 88' lang='lat' dir='ltr'>vero</span> <span class='ocrx_word' id='word_1_677' title='bbox 1821 4483 1898 4536; x_wconf 71' lang='lat' dir='ltr'>fac</span> 
     </span>
    </p>
   </div>
   <div class='ocr_carea' id='block_1_97' title="bbox 2012 4453 3655 4555">
    <p class='ocr_par' dir='ltr' id='par_1_97' title="bbox 2018 4474 3655 4554">
     <span class='ocr_line' id='line_1_97' title="bbox 2018 4474 3655 4554; baseline -0.005 -21"><span class='ocrx_word' id='word_1_678' title='bbox 2018 4478 2247 4553; x_wconf 84' lang='grc' dir='ltr'>έπαίρου</span> <span class='ocrx_word' id='word_1_679' title='bbox 2309 4475 2397 4531; x_wconf 80' lang='grc' dir='ltr'>διὰ</span> <span class='ocrx_word' id='word_1_680' title='bbox 2444 4483 2542 4545; x_wconf 81' lang='grc' dir='ltr'>τῆς</span> <span class='ocrx_word' id='word_1_681' title='bbox 2603 4474 2941 4551; x_wconf 83' lang='grc' dir='ltr'>προσκαίρου</span> <span class='ocrx_word' id='word_1_682' title='bbox 3005 4474 3163 4549; x_wconf 83' lang='grc' dir='ltr'>δόξης</span> <span class='ocrx_word' id='word_1_683' title='bbox 3224 4479 3359 4554; x_wconf 81' lang='grc' dir='ltr'>πρὸς</span> <span class='ocrx_word' id='word_1_684' title='bbox 3432 4482 3655 4554; x_wconf 47' lang='grc' dir='ltr'>μάταιον</span> 
     </span>
    </p>
   </div>
   <div class='ocr_carea' id='block_1_98' title="bbox 266 4568 1912 4639">
    <p class='ocr_par' dir='ltr' id='par_1_98' title="bbox 266 4568 1912 4639">
     <span class='ocr_line' id='line_1_98' title="bbox 266 4568 1912 4639; baseline -0.002 -13"><span class='ocrx_word' id='word_1_685' title='bbox 266 4574 328 4627; x_wconf 91' lang='lat' dir='ltr'>in</span> <span class='ocrx_word' id='word_1_686' title='bbox 359 4572 570 4625; x_wconf 89' lang='lat' dir='ltr'>virtute</span> <span class='ocrx_word' id='word_1_687' title='bbox 597 4570 805 4624; x_wconf 85' lang='lat' dir='ltr'>ﬁrmus</span> <span class='ocrx_word' id='word_1_688' title='bbox 837 4569 1013 4637; x_wconf 90' lang='lat' dir='ltr'>sis,ac</span> <span class='ocrx_word' id='word_1_689' title='bbox 1042 4585 1286 4639; x_wconf 90' lang='lat' dir='ltr'>prorsus</span> <span class='ocrx_word' id='word_1_690' title='bbox 1318 4568 1631 4621; x_wconf 90' lang='lat' dir='ltr'>stabilitus.</span> <span class='ocrx_word' id='word_1_691' title='bbox 1668 4570 1748 4624; x_wconf 89' lang='lat' dir='ltr'>Ob</span> <span class='ocrx_word' id='word_1_692' title='bbox 1770 4575 1912 4623; x_wconf 79' lang='lat' dir='ltr'>tem-</span> 
     </span>
    </p>
   </div>
   <div class='ocr_carea' id='block_1_99' title="bbox 267 4656 1909 4735">
    <p class='ocr_par' dir='ltr' id='par_1_99' title="bbox 267 4656 1909 4735">
     <span class='ocr_line' id='line_1_99' title="bbox 267 4656 1909 4735; baseline -0.003 -18"><span class='ocrx_word' id='word_1_693' title='bbox 267 4658 929 4735; x_wconf 85' lang='lat' dir='ltr'>porariametcaducam</span> <span class='ocrx_word' id='word_1_694' title='bbox 956 4656 1202 4727; x_wconf 89' lang='lat' dir='ltr'>gloriam</span> <span class='ocrx_word' id='word_1_695' title='bbox 1236 4656 1396 4709; x_wconf 90' lang='lat' dir='ltr'>inani</span> <span class='ocrx_word' id='word_1_696' title='bbox 1422 4662 1649 4711; x_wconf 88' lang='lat' dir='ltr'>tumore</span> <span class='ocrx_word' id='word_1_697' title='bbox 1662 4658 1909 4714; x_wconf 88' lang='lat' dir='ltr'>minime</span> 
     </span>
    </p>
   </div>
   <div class='ocr_carea' id='block_1_100' title="bbox 271 4744 1909 4817">
    <p class='ocr_par' dir='ltr' id='par_1_100' title="bbox 271 4744 1909 4817">
     <span class='ocr_line' id='line_1_100' title="bbox 271 4744 1909 4817; baseline -0.003 -10"><span class='ocrx_word' id='word_1_698' title='bbox 271 4751 564 4807; x_wconf 89' lang='lat' dir='ltr'>insolesce</span> <span class='ocrx_word' id='word_1_699' title='bbox 598 4768 611 4817; x_wconf 87' lang='lat'><strong>;</strong></span> <span class='ocrx_word' id='word_1_700' title='bbox 646 4763 870 4813; x_wconf 88' lang='lat' dir='ltr'>verum,</span> <span class='ocrx_word' id='word_1_701' title='bbox 930 4750 1242 4817; x_wconf 84' lang='lat' dir='ltr'>repurgato</span> <span class='ocrx_word' id='word_1_702' title='bbox 1272 4744 1494 4813; x_wconf 90' lang='lat' dir='ltr'>animo,</span> <span class='ocrx_word' id='word_1_703' title='bbox 1537 4750 1764 4802; x_wconf 62' lang='lat' dir='ltr'>natura</span> <span class='ocrx_word' id='word_1_704' title='bbox 1796 4751 1909 4802; x_wconf 75' lang='lat' dir='ltr'>tuaa</span> 
     </span>
    </p>
   </div>
   <div class='ocr_carea' id='block_1_101' title="bbox 346 4936 1578 5019">
    <p class='ocr_par' dir='ltr' id='par_1_101' title="bbox 346 4936 1578 5019">
     <span class='ocr_line' id='line_1_101' title="bbox 346 4936 1578 5019; baseline -0.006 -17"><span class='ocrx_word' id='word_1_705' title='bbox 346 4948 458 5019; x_wconf 79' lang='grc'>(14)</span> <span class='ocrx_word' id='word_1_706' title='bbox 492 4942 714 5019; x_wconf 72' lang='lat' dir='ltr'>Paulus</span> <span class='ocrx_word' id='word_1_707' title='bbox 742 4940 803 4994; x_wconf 90' lang='lat' dir='ltr'>in</span> <span class='ocrx_word' id='word_1_708' title='bbox 834 4936 994 5019; x_wconf 43' lang='lat' dir='ltr'>actis</span> <span class='ocrx_word' id='word_1_709' title='bbox 1016 4936 1335 5019; x_wconf 59' lang='lat' dir='ltr'>apostolor.</span> <span class='ocrx_word' id='word_1_710' title='bbox 1368 4956 1462 5007; x_wconf 88' lang='lat' dir='ltr'>xx,</span> <span class='ocrx_word' id='word_1_711' title='bbox 1482 4939 1578 5019; x_wconf 42' lang='lat'>‘2§.</span> 
     </span>
    </p>
   </div>
   <div class='ocr_carea' id='block_1_102' title="bbox 2020 4563 3654 4643">
    <p class='ocr_par' dir='ltr' id='par_1_102' title="bbox 2020 4563 3654 4643">
     <span class='ocr_line' id='line_1_102' title="bbox 2020 4563 3654 4643; baseline 0.001 -23"><span class='ocrx_word' id='word_1_712' title='bbox 2020 4568 2265 4643; x_wconf 75' lang='grc' dir='ltr'>φύσημα’</span> <span class='ocrx_word' id='word_1_713' title='bbox 2316 4564 2461 4619; x_wconf 83' lang='grc' dir='ltr'>ἀλλά</span> <span class='ocrx_word' id='word_1_714' title='bbox 2507 4566 2892 4639; x_wconf 81' lang='grc' dir='ltr'>κεκαθαρμένιρ</span> <span class='ocrx_word' id='word_1_715' title='bbox 2950 4563 3205 4639; x_wconf 86' lang='grc' dir='ltr'>λογισμῷ</span> <span class='ocrx_word' id='word_1_716' title='bbox 3259 4569 3321 4622; x_wconf 88' lang='grc' dir='ltr'>τὸ</span> <span class='ocrx_word' id='word_1_717' title='bbox 3380 4567 3654 4624; x_wconf 77' lang='grc' dir='ltr'>οὗτιδανὸν</span> 
     </span>
    </p>
   </div>
   <div class='ocr_carea' id='block_1_103' title="bbox 2016 4654 3655 4732">
    <p class='ocr_par' dir='ltr' id='par_1_103' title="bbox 2016 4654 3655 4732">
     <span class='ocr_line' id='line_1_103' title="bbox 2016 4654 3655 4732; baseline 0 -21"><span class='ocrx_word' id='word_1_718' title='bbox 2016 4664 2114 4725; x_wconf 78' lang='grc' dir='ltr'>τῆς</span> <span class='ocrx_word' id='word_1_719' title='bbox 2148 4657 2337 4710; x_wconf 72' lang='grc' dir='ltr'>ἑαυτοῦ</span> <span class='ocrx_word' id='word_1_720' title='bbox 2368 4655 2475 4708; x_wconf 86' lang='grc' dir='ltr'>νόει</span> <span class='ocrx_word' id='word_1_721' title='bbox 2509 4655 2738 4732; x_wconf 77' lang='grc' dir='ltr'>φύσεως,</span> <span class='ocrx_word' id='word_1_722' title='bbox 2770 4654 2832 4709; x_wconf 87' lang='grc' dir='ltr'>τὸ</span> <span class='ocrx_word' id='word_1_723' title='bbox 2862 4654 3041 4729; x_wconf 79' lang='grc' dir='ltr'>βραχύ</span> <span class='ocrx_word' id='word_1_724' title='bbox 3106 4675 3166 4709; x_wconf 91' lang='grc' dir='ltr'>τε</span> <span class='ocrx_word' id='word_1_725' title='bbox 3219 4656 3308 4711; x_wconf 85' lang='grc' dir='ltr'>καὶ</span> <span class='ocrx_word' id='word_1_726' title='bbox 3368 4658 3655 4732; x_wconf 76' lang='grc' dir='ltr'>ὠκύμορον</span> 
     </span>
    </p>
   </div>
   <div class='ocr_carea' id='block_1_104' title="bbox 2018 4741 3659 4821">
    <p class='ocr_par' dir='ltr' id='par_1_104' title="bbox 2018 4741 3659 4821">
     <span class='ocr_line' id='line_1_104' title="bbox 2018 4741 3659 4821; baseline 0.002 -22"><span class='ocrx_word' id='word_1_727' title='bbox 2018 4748 2115 4815; x_wconf 78' lang='grc' dir='ltr'>τῆς</span> <span class='ocrx_word' id='word_1_728' title='bbox 2146 4741 2374 4808; x_wconf 79' lang='grc' dir='ltr'>ἐνταῦθα</span> <span class='ocrx_word' id='word_1_729' title='bbox 2408 4747 2551 4813; x_wconf 85' lang='grc' dir='ltr'>ζωῆς</span> <span class='ocrx_word' id='word_1_730' title='bbox 2593 4742 2683 4797; x_wconf 87' lang='grc' dir='ltr'>καὶ</span> <span class='ocrx_word' id='word_1_731' title='bbox 2748 4743 2839 4797; x_wconf 84' lang='grc' dir='ltr'>τὸν</span> <span class='ocrx_word' id='word_1_732' title='bbox 2903 4746 3321 4818; x_wconf 85' lang='grc' dir='ltr'>συνεζευγμένον</span> <span class='ocrx_word' id='word_1_733' title='bbox 3377 4750 3446 4820; x_wconf 78' lang='grc' dir='ltr'>τῇ</span> <span class='ocrx_word' id='word_1_734' title='bbox 3502 4750 3659 4821; x_wconf 87' lang='grc' dir='ltr'>σαρκὶ</span> 
     </span>
    </p>
   </div>
   <div class='ocr_carea' id='block_1_105' title="bbox 349 5006 1898 5088">
    <p class='ocr_par' dir='ltr' id='par_1_105' title="bbox 349 5006 1893 5088">
     <span class='ocr_line' id='line_1_105' title="bbox 349 5006 1893 5088; baseline -0.002 -17"><span class='ocrx_word' id='word_1_735' title='bbox 349 5006 457 5088; x_wconf 75' lang='grc'>(15)</span> <span class='ocrx_word' id='word_1_736' title='bbox 492 5018 555 5081; x_wconf 85' lang='grc' dir='ltr'>Α,</span> <span class='ocrx_word' id='word_1_737' title='bbox 590 5010 793 5088; x_wconf 36' lang='grc' dir='ltr'>σφαίλης</span> <span class='ocrx_word' id='word_1_738' title='bbox 827 5006 1257 5088; x_wconf 32' lang='grc' dir='ltr'>(1,.σφαλῆτ15ξ81.</span> <span class='ocrx_word' id='word_1_739' title='bbox 1287 5016 1344 5064; x_wconf 91' lang='lat' dir='ltr'>et</span> <span class='ocrx_word' id='word_1_740' title='bbox 1374 5006 1551 5084; x_wconf 80' lang='grc' dir='ltr'>σφαλῇ</span> <span class='ocrx_word' id='word_1_741' title='bbox 1586 5011 1741 5088; x_wconf 79' lang='lat' dir='ltr'>apud</span> <span class='ocrx_word' id='word_1_742' title='bbox 1774 5014 1893 5085; x_wconf 69' lang='lat' dir='ltr'>Agit</span> 
     </span>
    </p>
   </div>
   <div class='ocr_carea' id='block_1_106' title="bbox 2012 5006 3667 5088">
    <p class='ocr_par' dir='ltr' id='par_1_106' title="bbox 2012 5011 3667 5088">
     <span class='ocr_line' id='line_1_106' title="bbox 2012 5011 3667 5088; baseline 0.001 -21"><span class='ocrx_word' id='word_1_743' title='bbox 2012 5030 2097 5068; x_wconf 87' lang='lat' dir='ltr'>1m</span> <span class='ocrx_word' id='word_1_744' title='bbox 2125 5028 2180 5088; x_wconf 61' lang='grc' dir='ltr'>ρ.</span> <span class='ocrx_word' id='word_1_745' title='bbox 2251 5014 2335 5067; x_wconf 86' lang='grc'>10.</span> <span class='ocrx_word' id='word_1_746' title='bbox 2396 5028 2571 5088; x_wconf 80' lang='lat' dir='ltr'>quem</span> <span class='ocrx_word' id='word_1_747' title='bbox 2620 5014 2825 5066; x_wconf 90' lang='lat' dir='ltr'>noster</span> <span class='ocrx_word' id='word_1_748' title='bbox 2885 5011 3217 5081; x_wconf 91' lang='lat' dir='ltr'>descripsit.</span> <span class='ocrx_word' id='word_1_749' title='bbox 3279 5012 3366 5067; x_wconf 93' lang='lat' dir='ltr'>Ibi</span> <span class='ocrx_word' id='word_1_750' title='bbox 3416 5013 3667 5085; x_wconf 90' lang='lat' dir='ltr'>diligens</span> 
     </span>
    </p>
   </div>
   <div class='ocr_carea' id='block_1_107' title="bbox 277 5081 2515 5153">
    <p class='ocr_par' dir='ltr' id='par_1_107' title="bbox 277 5081 2515 5153">
     <span class='ocr_line' id='line_1_107' title="bbox 277 5081 2515 5153; baseline -0.003 -8"><span class='ocrx_word' id='word_1_751' title='bbox 277 5081 588 5146; x_wconf 81' lang='lat' dir='ltr'>adnotator</span> <span class='ocrx_word' id='word_1_752' title='bbox 619 5081 982 5140; x_wconf 79' lang='lat' dir='ltr'>Damkenius</span> <span class='ocrx_word' id='word_1_753' title='bbox 1012 5081 1199 5134; x_wconf 87' lang='lat' dir='ltr'>nostri</span> <span class='ocrx_word' id='word_1_754' title='bbox 1235 5081 1426 5136; x_wconf 86' lang='lat' dir='ltr'>locum</span> <span class='ocrx_word' id='word_1_755' title='bbox 1460 5081 1733 5153; x_wconf 79' lang='lat' dir='ltr'>apposuit</span> <span class='ocrx_word' id='word_1_756' title='bbox 1764 5101 1792 5138; x_wconf 93' lang='lat' dir='ltr'>e</span> <span class='ocrx_word' id='word_1_757' title='bbox 1824 5081 2091 5139; x_wconf 71' lang='lat' dir='ltr'>versione</span> <span class='ocrx_word' id='word_1_758' title='bbox 2123 5083 2515 5153; x_wconf 73' lang='lat' dir='ltr'>Trapezuntii.</span> 
     </span>
    </p>
   </div>
   <div class='ocr_carea' id='block_1_108' title="bbox 347 5153 3674 5235">
    <p class='ocr_par' dir='ltr' id='par_1_108' title="bbox 347 5153 3674 5235">
     <span class='ocr_line' id='line_1_108' title="bbox 347 5153 3674 5235; baseline -0.001 -23"><span class='ocrx_word' id='word_1_759' title='bbox 347 5162 456 5235; x_wconf 78' lang='grc'>(16)</span> <span class='ocrx_word' id='word_1_760' title='bbox 482 5160 549 5219; x_wconf 83' lang='grc' dir='ltr'>Α,</span> <span class='ocrx_word' id='word_1_761' title='bbox 582 5156 834 5235; x_wconf 40' lang='lat' dir='ltr'>augeat.</span> <span class='ocrx_word' id='word_1_762' title='bbox 864 5153 1720 5235; x_wconf 42' lang='lat' dir='ltr'>lf’r‘aatuirscripturamqodicis</span> <span class='ocrx_word' id='word_1_763' title='bbox 1749 5157 2015 5235; x_wconf 28' lang='lat' dir='ltr'>cuquam</span> <span class='ocrx_word' id='word_1_764' title='bbox 2038 5229 2048 5235; x_wconf 83' lang='lat'>_</span> <span class='ocrx_word' id='word_1_765' title='bbox 2075 5159 2468 5235; x_wconf 66' lang='lat' dir='ltr'>et__Agapetus</span> <span class='ocrx_word' id='word_1_766' title='bbox 2530 5153 3015 5235; x_wconf 41' lang='lat' dir='ltr'>habet.mUbiq&#39;ue</span> <span class='ocrx_word' id='word_1_767' title='bbox 3103 5173 3172 5235; x_wconf 34' lang='grc' dir='ltr'>ην</span> <span class='ocrx_word' id='word_1_768' title='bbox 3198 5156 3674 5235; x_wconf 44' lang='lat' dir='ltr'>et_oz~confudit</span> 
     </span>
    </p>
   </div>
   <div class='ocr_carea' id='block_1_109' title="bbox 267 5223 2479 5320">
    <p class='ocr_par' dir='ltr' id='par_1_109' title="bbox 267 5223 2479 5320">
     <span class='ocr_line' id='line_1_109' title="bbox 267 5223 2479 5320; baseline -0.003 -35"><span class='ocrx_word' id='word_1_769' title='bbox 267 5223 1032 5320; x_wconf 39' lang='lat' dir='ltr'>iotacismus&#39;.;”l;heopliilu‘s</span> <span class='ocrx_word' id='word_1_770' title='bbox 1058 5223 1468 5320; x_wconf 46' lang='lat' dir='ltr'>QIexInllomil.</span> <span class='ocrx_word' id='word_1_771' title='bbox 1505 5226 1670 5314; x_wconf 40' lang='lat' dir='ltr'>Cujus</span> <span class='ocrx_word' id='word_1_772' title='bbox 1702 5244 1783 5280; x_wconf 80' lang='lat' dir='ltr'>res</span> <span class='ocrx_word' id='word_1_773' title='bbox 1816 5223 1975 5316; x_wconf 45' lang='lat' dir='ltr'>homo</span> <span class='ocrx_word' id='word_1_774' title='bbox 2003 5228 2216 5320; x_wconf 56' lang='lat' dir='ltr'>similis,</span> <span class='ocrx_word' id='word_1_775' title='bbox 2368 5228 2435 5279; x_wconf 79' lang='lat'>2‘3</span> <span class='ocrx_word' id='word_1_776' title='bbox 2468 5242 2479 5279; x_wconf 88' lang='lat'><strong><em>:</em></strong></span> 
     </span>
     <span class='ocr_line' id='line_1_110' title="bbox 485 5296 2479 5320; baseline 0 0"><span class='ocrx_word' id='word_1_777' title='bbox 485 5297 609 5320; x_wconf 61' lang='lat' dir='ltr'>___S_</span> <span class='ocrx_word' id='word_1_778' title='bbox 733 5314 922 5320; x_wconf 67' lang='lat'>_..-.__-</span> <span class='ocrx_word' id='word_1_779' title='bbox 1020 5312 1045 5320; x_wconf 60' lang='grc' dir='ltr'>,ς</span> <span class='ocrx_word' id='word_1_780' title='bbox 1099 5312 1162 5320; x_wconf 76' lang='grc' dir='ltr'>Α-</span> <span class='ocrx_word' id='word_1_781' title='bbox 1366 5302 1522 5320; x_wconf 63' lang='grc' dir='ltr'>ιρι-...ιι</span> <span class='ocrx_word' id='word_1_782' title='bbox 1559 5296 1700 5320; x_wconf 71' lang='grc'>-¹›-..</span> <span class='ocrx_word' id='word_1_783' title='bbox 1757 5304 1805 5320; x_wconf 76' lang='grc' dir='ltr'>..ι</span> <span class='ocrx_word' id='word_1_784' title='bbox 1872 5318 2018 5320; x_wconf 37' lang='grc' dir='ltr'>-.-μμ</span> <span class='ocrx_word' id='word_1_785' title='bbox 2120 5315 2210 5320; x_wconf 68' lang='lat'>-_-</span> <span class='ocrx_word' id='word_1_786' title='bbox 2268 5296 2360 5320; x_wconf 48' lang='grc' dir='ltr'>Ι--.</span> <span class='ocrx_word' id='word_1_787' title='bbox 2436 5302 2479 5320; x_wconf 74' lang='grc' dir='ltr'>..ι</span> 
     </span>
    </p>
   </div>
   <div class='ocr_carea' id='block_1_110' title="bbox 2542 5219 3671 5290">
    <p class='ocr_par' dir='ltr' id='par_1_110' title="bbox 2542 5219 3671 5290">
     <span class='ocr_line' id='line_1_111' title="bbox 2542 5219 3671 5290; baseline 0.001 -12"><span class='ocrx_word' id='word_1_788' title='bbox 2542 5223 2655 5278; x_wconf 76' lang='grc' dir='ltr'>Οὐκ</span> <span class='ocrx_word' id='word_1_789' title='bbox 2698 5219 2862 5277; x_wconf 80' lang='grc' dir='ltr'>οἷ’δειν</span> <span class='ocrx_word' id='word_1_790' title='bbox 2918 5219 3020 5284; x_wconf 71' lang='grc' dir='ltr'>ἕως</span> <span class='ocrx_word' id='word_1_791' title='bbox 3076 5219 3176 5276; x_wconf 90' lang='grc' dir='ltr'>τοῦ</span> <span class='ocrx_word' id='word_1_792' title='bbox 3228 5226 3317 5275; x_wconf 86' lang='grc' dir='ltr'>νῦν</span> <span class='ocrx_word' id='word_1_793' title='bbox 3370 5224 3454 5279; x_wconf 83' lang='grc' dir='ltr'>ὃτι</span> <span class='ocrx_word' id='word_1_794' title='bbox 3510 5225 3671 5290; x_wconf 79' lang='grc' dir='ltr'>οὗτος</span> 
     </span>
    </p>
   </div>
   <div class='ocr_carea' id='block_1_111' title="bbox 277 5292 1898 5371">
    <p class='ocr_par' dir='ltr' id='par_1_111' title="bbox 277 5292 1892 5371">
     <span class='ocr_line' id='line_1_112' title="bbox 277 5292 1892 5371; baseline 0 -19"><span class='ocrx_word' id='word_1_795' title='bbox 277 5292 611 5371; x_wconf 28' lang='grc' dir='ltr'>ἔστι-πικρὸς</span> <span class='ocrx_word' id='word_1_796' title='bbox 642 5298 668 5350; x_wconf 93' lang='lat'>6</span> <span class='ocrx_word' id='word_1_797' title='bbox 698 5292 944 5353; x_wconf 75' lang='grc' dir='ltr'>θάνατος.</span> <span class='ocrx_word' id='word_1_798' title='bbox 974 5295 1162 5350; x_wconf 85' lang='lat' dir='ltr'>Codex</span> <span class='ocrx_word' id='word_1_799' title='bbox 1199 5297 1332 5349; x_wconf 88' lang='grc'>1013</span> <span class='ocrx_word' id='word_1_800' title='bbox 1366 5302 1527 5351; x_wconf 88' lang='lat' dir='ltr'>tenet</span> <span class='ocrx_word' id='word_1_801' title='bbox 1556 5292 1717 5349; x_wconf 79' lang='grc' dir='ltr'>οἷ’δειν</span> <span class='ocrx_word' id='word_1_802' title='bbox 1753 5304 1810 5351; x_wconf 88' lang='lat' dir='ltr'>et</span> <span class='ocrx_word' id='word_1_803' title='bbox 1865 5318 1892 5351; x_wconf 91' lang='grc' dir='ltr'>ο</span> 
     </span>
    </p>
   </div>
   <div class='ocr_carea' id='block_1_112' title="bbox 2012 5292 3671 5371">
    <p class='ocr_par' dir='ltr' id='par_1_112' title="bbox 2012 5292 3671 5371">
     <span class='ocr_line' id='line_1_113' title="bbox 2012 5292 3671 5371; baseline 0.002 -20"><span class='ocrx_word' id='word_1_804' title='bbox 2012 5318 2044 5368; x_wconf 87' lang='lat'>;,</span> <span class='ocrx_word' id='word_1_805' title='bbox 2070 5300 2215 5370; x_wconf 83' lang='lat' dir='ltr'>Lege</span> <span class='ocrx_word' id='word_1_806' title='bbox 2249 5292 2397 5371; x_wconf 65' lang='grc' dir='ltr'>ᾔδειν</span> <span class='ocrx_word' id='word_1_807' title='bbox 2430 5302 2487 5352; x_wconf 79' lang='lat' dir='ltr'>et</span> <span class='ocrx_word' id='word_1_808' title='bbox 2518 5294 2713 5356; x_wconf 70' lang='grc' dir='ltr'>οὕτως.</span> <span class='ocrx_word' id='word_1_809' title='bbox 2767 5327 2830 5337; x_wconf 88' lang='lat'>--</span> <span class='ocrx_word' id='word_1_810' title='bbox 2873 5299 3000 5351; x_wconf 84' lang='lat' dir='ltr'>Mox</span> <span class='ocrx_word' id='word_1_811' title='bbox 3054 5297 3114 5360; x_wconf 90' lang='lat' dir='ltr'>C,</span> <span class='ocrx_word' id='word_1_812' title='bbox 3175 5292 3428 5367; x_wconf 76' lang='grc' dir='ltr'>παρίδῃς.</span> <span class='ocrx_word' id='word_1_813' title='bbox 3464 5304 3671 5371; x_wconf 78' lang='lat' dir='ltr'>Agap.,</span> 
     </span>
    </p>
   </div>
   <div class='ocr_carea' id='block_1_113' title="bbox 283 5367 526 5427">
    <p class='ocr_par' dir='ltr' id='par_1_113' title="bbox 283 5367 526 5427">
     <span class='ocr_line' id='line_1_114' title="bbox 283 5367 526 5427; baseline -0.008 0"><span class='ocrx_word' id='word_1_814' title='bbox 283 5367 526 5427; x_wconf 72' lang='grc' dir='ltr'>παρίδοι.</span> 
     </span>
    </p>
   </div>
   <div class='ocr_carea' id='block_1_114' title="bbox 378 5433 1221 5510">
    <p class='ocr_par' dir='ltr' id='par_1_114' title="bbox 378 5433 1221 5510">
     <span class='ocr_line' id='line_1_115' title="bbox 378 5433 1221 5510; baseline -0.007 -14"><span class='ocrx_word' id='word_1_815' title='bbox 378 5445 466 5510; x_wconf 83' lang='grc'>17)</span> <span class='ocrx_word' id='word_1_816' title='bbox 496 5438 677 5510; x_wconf 79' lang='lat' dir='ltr'>Epist.</span> <span class='ocrx_word' id='word_1_817' title='bbox 712 5435 785 5490; x_wconf 87' lang='lat' dir='ltr'>ad</span> <span class='ocrx_word' id='word_1_818' title='bbox 808 5433 986 5510; x_wconf 80' lang='lat' dir='ltr'>Hebr.</span> <span class='ocrx_word' id='word_1_819' title='bbox 1008 5452 1108 5505; x_wconf 68' lang='grc' dir='ltr'>χιι,</span> <span class='ocrx_word' id='word_1_820' title='bbox 1136 5438 1221 5510; x_wconf 70' lang='grc'>14.</span> 
     </span>
    </p>
   </div>
   <div class='ocr_carea' id='block_1_115' title="bbox 382 5507 1220 5581">
    <p class='ocr_par' dir='ltr' id='par_1_115' title="bbox 382 5507 1220 5581">
     <span class='ocr_line' id='line_1_116' title="bbox 382 5507 1220 5581; baseline -0.01 -13"><span class='ocrx_word' id='word_1_821' title='bbox 382 5507 463 5579; x_wconf 79' lang='grc'>18)</span> <span class='ocrx_word' id='word_1_822' title='bbox 496 5507 773 5581; x_wconf 80' lang='lat' dir='ltr'>Séquitur</span> <span class='ocrx_word' id='word_1_823' title='bbox 788 5507 1026 5577; x_wconf 86' lang='lat' dir='ltr'>Agapet.</span> <span class='ocrx_word' id='word_1_824' title='bbox 1040 5580 1047 5581; x_wconf 14' lang='grc' dir='ltr'>ί</span> <span class='ocrx_word' id='word_1_825' title='bbox 1061 5524 1111 5581; x_wconf 78' lang='lat' dir='ltr'>c.</span> <span class='ocrx_word' id='word_1_826' title='bbox 1137 5509 1220 5562; x_wconf 90' lang='grc'>11.</span> 
     </span>
    </p>
   </div>
   <div class='ocr_carea' id='block_1_116' title="bbox 351 5516 1117 5659">
    <p class='ocr_par' dir='ltr' id='par_1_116' title="bbox 351 5516 1117 5659">
     <span class='ocr_line' id='line_1_117' title="bbox 382 5516 1111 5581; baseline -0.01 -13"><span class='ocrx_word' id='word_1_827' title='bbox 382 5516 463 5579; x_wconf 77' lang='grc'>18)</span> <span class='ocrx_word' id='word_1_828' title='bbox 496 5516 773 5581; x_wconf 85' lang='lat' dir='ltr'>Sequitur</span> <span class='ocrx_word' id='word_1_829' title='bbox 788 5516 1026 5577; x_wconf 83' lang='lat' dir='ltr'>Agapet.</span> <span class='ocrx_word' id='word_1_830' title='bbox 1061 5524 1111 5561; x_wconf 91' lang='lat' dir='ltr'>c.</span> 
     </span>
     <span class='ocr_line' id='line_1_118' title="bbox 351 5516 1117 5659; baseline -0.009 -17"><span class='ocrx_word' id='word_1_831' title='bbox 351 5516 460 5659; x_wconf 71' lang='grc' dir='ltr'>ί19)</span> <span class='ocrx_word' id='word_1_832' title='bbox 482 5581 647 5640; x_wconf 87' lang='lat' dir='ltr'>Conf.</span> <span class='ocrx_word' id='word_1_833' title='bbox 675 5581 915 5653; x_wconf 87' lang='lat' dir='ltr'>Agapet.</span> <span class='ocrx_word' id='word_1_834' title='bbox 946 5592 995 5631; x_wconf 90' lang='lat' dir='ltr'>c.</span> <span class='ocrx_word' id='word_1_835' title='bbox 1031 5578 1117 5635; x_wconf 86' lang='grc'>13.</span> 
     </span>
    </p>
   </div>
  </div>
