3964 6144
307 278 444 337 i209

1475 290 1646 346 "TA
1679 285 2030 345 BABLAAM
2064 287 2157 343 ΒΤ
2188 287 2526 346 ῙΟΔΒΔΡΗ.

3552 290 3689 347 1210

303 405 404 490 τὴν
441 405 782 481 ὑποστροφὴν
831 406 1196 484 ἀπηγόρευονο
1238 411 1338 479 τήν
1390 411 1575 481 πόλιν,
1609 413 1685 472 ὡς
1741 411 1933 484 μηκέτι

2048 413 2194 470 fore.
2222 415 2341 470 Hoc
2363 431 2634 471 sermone
2654 416 2874 483 habito,
2909 417 3311 490 spectantibus
3340 416 3616 473 omnibus
3649 435 3679 474 e

308 489 531 547 δυνατόν
564 490 802 567 ὄμμασιν
834 497 1066 570 ὀφθῆναι
1111 503 1228 562 τοῖς
1255 499 1483 568 ἑαυτῶν,
1526 495 1936 574 ἀπεδίδρασκον.

2045 502 2263 574 palatio
2285 505 2552 571 excedit;
2575 521 2642 559 ac
2679 507 2876 560 statim
2909 524 3115 562 omnes
3145 507 3454 578 desperato
3487 507 3681 561 reditu

305 581 394 642 Ὠς
445 579 503 635 δὲ
553 589 654 650 τῆς
711 582 929 646 πόλεως
985 580 1086 655 ἔξω
1142 587 1412 662 γεγόνασι,
1473 586 1636 660 μόλις
1687 587 1837 652 ποτὶ,
1869 588 1933 658 τῇ

2046 607 2180 645 eum
2205 592 2624 662 sequebantur,
2648 600 2823 664 atque
2847 613 2915 650 ex
2931 596 3098 661 urbe,
3127 601 3190 650 ut
3211 611 3385 665 quam
3397 596 3526 665 jam
3548 611 3686 649 con-

305 673 453 742 τομῇ
482 675 579 724 τοῦ
627 668 792 746 λόγου
833 678 1218 745 παραινοῦντος
1264 673 1426 729 αὐτοῦ
1474 676 1563 730 καὶ
1617 673 1933 750 δριμυτέραν

2045 681 2272 751 spicere
2285 681 2534 736 minime
2547 689 2806 752 possent,
2833 683 3260 754 profugiebant.
3287 685 3677 752 Posteaquam

309 779 416 811 που
443 759 543 826 τήν
587 757 899 831 ἐπιτίμησιν
951 761 1321 838 ἐπιφέροντος,
1370 764 1460 818 ἀπ’
1507 765 1676 818 αὐτοῦ
1724 761 1935 838 διεῤῥά-

306 867 477 920 γησαν
514 891 530 916 ,
585 847 674 902 καὶ
723 845 939 910 ἄκοντες
997 849 1370 926 ἐπανήρχοντο
1403 895 1417 920 ,
1474 857 1691 915 πυκνῶς
1747 851 1935 914 αὐτοῖς

302 939 411 990 τῶν
467 934 765 1011 ὀφθαλμῶν
843 937 1310 1016 ἐπιοτρεφομὲνων
1345 981 1359 1005 ,
1416 941 1502 994 καὶ
1569 942 1637 1009 τὴ
1713 939 1932 1014 πορείαν

300 1029 414 1084 τοῖς
443 1024 598 1078 ποσὶν
643 1021 1018 1099 ἐγκοπτόντων
1048 1029 1180 1099 (38).
1209 1028 1364 1089 Τινὶς
1416 1026 1475 1083 δὶ
1518 1032 1625 1082 τῶν
1677 1027 1933 1102 θερμοτέ-

300 1132 408 1186 ρων
469 1113 560 1167 καὶ
616 1111 939 1186 ὀδυρόμενοι
1019 1118 1169 1173 8³7
1243 1115 1510 1190 μακρόθεν
1592 1114 1933 1186 ἠκολούθουν

297 1201 468 1272 αὐτῷ,
525 1197 630 1264 ἓως
685 1201 720 1272 ὴ
773 1201 863 1275 νὺξ
914 1200 1218 1268 ἐπελθοῦσα
1273 1201 1544 1276 διέστησεν
1604 1204 1800 1268 αὐτοὺς
1839 1205 1932 1261 ἀπ’

298 1287 583 1360 ἀλλήλων.

368 1468 526 1522 ΚΕΦ.
584 1469 701 1525 AZ‘.
763 1465 1019 1538 Ἐξῆλθεν
1073 1465 1166 1524 οὗν
1223 1472 1334 1524 τῶν
1396 1468 1686 1544 βασιλείων
1737 1471 1765 1524 ὁ
1809 1491 1926 1544 γεν-

295 1559 447 1616 ναῖος
472 1554 675 1618 ἐκεῖνος
699 1557 933 1631 χαίρων,
974 1558 1048 1619 ὡς
1079 1555 1204 1612 ὅταν
1236 1556 1295 1612 ἐκ
1345 1564 1551 1632 μακρᾶς
1597 1557 1804 1634 ἐξορίας
1857 1559 1931 1621 εἰς

297 1645 397 1711 τὴν
432 1640 572 1698 ἷδίαν
625 1665 708 1706 τις
767 1644 1201 1720 ἐπανερχόμενος
1253 1646 1568 1722 γηθοσύνως
1621 1647 1928 1722 πορεύοιτο.

301 1734 406 1833 "Kal
440 1737 505 1803 ἦν
535 1732 907 1833 ἐνδεδυμένος,
958 1734 1147 1833 ἔξωθεν
1357 1736 1500 1833 τὰ
1533 1734 1688 1800 ἔθους
1716 1739 1930 1833 ἱμάτια,
1958 1769 2006 1833 Β

298 1819 497 1886 ἔσωθεν
532 1819 589 1877 δὶ
615 1823 678 1877 τὸ
706 1824 950 1899 τρίχινον
983 1823 1145 1898 ῥάκος
1196 1823 1368 1879 ἐκεῖνο
1417 1823 1549 1901 ὅπερ
1602 1827 1630 1879 ὁ
1663 1823 1928 1901 Βαρλαᾶμ

297 1911 442 1984 οὗτῷ
495 1909 719 1966 δεδώκει
776 1914 906 1985 (39).
964 1917 1044 1986 Τῇ
1102 1911 1160 1968 δὲ
1213 1915 1362 1968 νυκτὶ
1424 1915 1600 1989 ἐκείνῃ
1656 1915 1730 1977 εἷς
1789 1916 1930 1970 οἰκί-

296 2020 422 2054 σκον
483 2002 597 2071 (49)
655 1999 891 2068 πένητός
952 2021 1096 2061 τινος
1168 2001 1641 2071 καταντήσας,τά
1696 2002 1928 2076 περικεί-

301 2108 434 2161 μενα
490 2086 637 2159 αύτῷ
686 2087 862 2161 ἄμφια
910 2083 1177 2158 ἐκϐαλὼν,
1233 2087 1544 2144 τελευταίαν
1596 2089 1796 2157 ταύτην
1843 2091 1930 2145 εῦ-

297 2176 480 2230 ποιΐαν
509 2181 589 2248 τῷ
619 2175 806 2246 πένητι
863 2174 1072 2231 δίδωσι·
1130 2176 1219 2231 καὶ
1276 2177 1417 2232 οὕτω
1473 2184 1595 2240 ταῖς
1652 2177 1852 2233 ἐκείνου
1877 2201 1935 2234 τε

299 2265 386 2319 καὶ
419 2262 648 2320 πολλῶν
683 2263 878 2338 ἐτέρων
907 2266 1154 2335 πενήτων
1197 2264 1385 2340 εὐχαῖς
1429 2265 1712 2340 ἐπίκουρον
1743 2267 1934 2322 ἑαυτοῦ

295 2354 387 2408 τὸν
421 2354 550 2408 Θεὸν
583 2353 827 2426 Θέμενος,
873 2353 962 2408 καὶ
1005 2355 1102 2421 τήν
1158 2353 1322 2408 αὐτοῦ
1351 2357 1513 2430 χάριν
1545 2355 1634 2410 καὶ
1679 2357 1930 2429 βοήθειαν

301 2443 374 2504 ὡς
424 2442 642 2514 ἱμάτιον
704 2441 977 2516 σωτηρίου
1034 2444 1146 2516 (41)
1194 2441 1286 2497 καὶ
1340 2447 1548 2518 χιτῶνα
1603 2443 1936 2522 εὐφροσύνης

302 2531 475 2602 ἑαυτῷ
533 2525 1006 2605 περιϐαλλόμενος
1038 2577 1053 2599 ,
1106 2529 1194 2584 ἐπὶ
1261 2531 1352 2586 τὸν
1424 2530 1686 2606 ἐρημικὸν
1744 2530 1938 2602 ἐξῆλθε

303 2620 450 2696 βίον,
487 2620 563 2691 μὴ
615 2616 776 2694 ἄρτον
825 2617 1235 2696 ἐπιφερόμενος,
1301 2619 1377 2690 μὴ
1408 2617 1577 2694 ὕδωρ,
1614 2617 1744 2692 μηδ’
1795 2617 1936 2674 ἄλλο

299 2712 484 2762 τιτῶν
513 2707 647 2782 πρὸς
701 2707 908 2782 τροφὴν
968 2703 1313 2777 ἐπιτηδείων,
1351 2709 1425 2780 μή
1459 2709 1675 2780 ἱμάτιον
1724 2705 1936 2762 ἐνδεδυ·

307 2793 485 2868 μένος,
518 2795 642 2851 ἀλλ’
672 2796 708 2866 ἢ
737 2801 800 2850 τὸ
849 2793 1088 2870 σκληρὸν
1136 2793 1308 2849 ἐκεῖνο
1359 2795 1520 2871 ῥάκος
1553 2798 1741 2870 μόνον,
1772 2795 1937 2872 οὗπερ

301 2885 408 2957 πρὸ
451 2888 646 2957 μικροῦ
705 2884 1078 2956 ἐμνήσθημεν.
1140 2885 1300 2956 Πόθῳ
1355 2883 1459 2960 γάρ
1515 2907 1620 2940 τινι
1683 2887 1941 2964 ὑπερφυεῖ

300 2973 390 3026 καί
445 2971 606 3046 ἔρωτι
661 2970 792 3044 θείῳ
847 2971 1075 3046 τρωθεὶς
1129 2973 1227 3042 τήν
1286 2974 1472 3046 ψυχὴν
1531 2977 1628 3028 τοῦ
1680 2975 1938 3039 ἀθανάτου

304 3060 573 3137 βασιλέως
605 3064 838 3136 Χριστοῦ
868 3105 882 3132 ,
917 3059 1060 3123 ὅλως
1107 3063 1172 3129 ἧν
1206 3065 1302 3116 τοῦ
1331 3063 1674 3135 ποθουμένου
1723 3063 1934 3134 ἐξεστη-

297 3122 427 3218 κὼς,
482 3122 1071 3221 ὃλωςῑὴλλοιωμένος
1126 3153 1266 3220 Θεῷ,
1322 3122 1561 3224 κάτοχος
1613 3154 1682 3224 τῇ
1738 3122 1933 3206 τούτόυ
1966 3122 2010 3188 C

296 3237 495 3312 ἀγάπῃ,
551 3238 782 3310 κραταιὰ
828 3235 950 3310 γάρ,
1012 3236 1173 3314 φησὶν
1230 3238 1386 3310 (42),
1437 3237 1511 3299 ὡς
1568 3243 1676 3314 πῦρ
1725 3237 1932 3314 ἀγάπη·

299 3324 557 3394 τοιαύτην
592 3324 752 3386 αὐτὸς
783 3323 888 3379 ἆπδ
919 3331 1018 3392 τῆς
1050 3323 1194 3388 θείας
1225 3324 1440 3398 ἀγάπης
1493 3323 1706 3396 ἐδέξατο
1741 3326 1931 3400 μέθην,

297 3412 388 3468 καὶ
442 3414 594 3470 888
627 3410 800 3474 οὕτως
857 3411 1111 3484 ἐξεκαύθη
1163 3417 1242 3484 τῷ
1294 3410 1459 3487 δίψει,
1517 3416 1654 3470 κατὰ
1706 3417 1797 3469 τὸν
1848 3417 1932 3470 εἶ-

297 3501 470 3556 πόντα
508 3504 638 3573 (43)’
697 3505 792 3558 ‘Ov
844 3501 1046 3574 τρόπον
1103 3501 1416 3571 ἐπιποθεῖ-ἡ
1456 3497 1652 3582 ἔλαφος
1697 3504 1785 3558 επὶ
1840 3507 1937 3569 τὰς

298 3591 477 3664 πηγὰς
529 3593 638 3644 τῶν
701 3586 943 3654 ὑδάτων,
1001 3588 1174 3652 οὕτως
1223 3587 1474 3654 ἐπιποθεῖ
1530 3594 1561 3660 ἡ
1621 3595 1774 3667 ψυχή
1832 3614 1934 3665 μου

288 3679 425 3753 πρὸς
481 3678 558 3745 σε,
605 3678 632 3731 ὁ
664 3677 817 3738 Θεόςο
880 3675 1131 3750 ἐδιψησεν
1187 3679 1223 3747 ἠ
1277 3680 1433 3753 ψυχή
1493 3700 1597 3752 μου
1653 3683 1786 3755 πρὸς
1841 3683 1934 3737 τὸν

291 3767 419 3821 Θεὸν
450 3767 543 3820 τὸν
605 3765 855 3840 ίσχυρὸν,
911 3767 1004 3820 τὸν
1065 3769 1259 3834 ζῶντα·
1319 3767 1408 3821 καὶ
1464 3769 1704 3839 καθὼςή
1737 3791 1938 3844 τετρω--

294 3855 431 3928 μένη
492 3860 593 3922 τῆς
649 3852 908 3922 τοιαύτης
969 3853 1182 3928 ἀγάπης
1237 3857 1350 3927 (44)
1406 3856 1558 3930 ψυχή
1622 3857 1725 3930 βοᾷ
1779 3857 1830 3912 ἐν
1861 3862 1939 3929 τῷ

289 3944 534 4014 ’ᾼσματι
589 3945 698 3996 τῶν
759 3940 1034 4012 ᾀσματων·
1099 3939 1460 4015 Ἐκαρδίωσας
1513 3947 1622 4015 (45)
1671 3947 1816 4017 ἡμᾶς
1859 3951 1939 4018 τῷ

288 4033 441 4106 πόθῳ
501 4053 622 4099 σου,
682 4028 1017 4103 ἐκαρδίωσας
1067 4033 1238 4103 ἡμᾶς’
1289 4033 1408 4086 καὶο
1462 4033 1639 4106 Δεῖξόν
1674 4039 1781 4106 (46)
1842 4057 1937 4108 μοι

289 4123 388 4190 τὴν
418 4120 540 4195 ὄψιν
595 4141 714 4191 σου,
744 4117 836 4174 καὶ
884 4117 1170 4174 ἀκούτισόν
1206 4139 1299 4192 μοι
1356 4123 1455 4188 τὴν
1511 4124 1695 4198 φωνήν
1752 4141 1866 4179 σου·
1902 4128 1936 4196 ἠ

294 4209 395 4285 γὰρ
429 4210 582 4284 φωνή
616 4229 712 4264 σου
743 4207 896 4286 φωνή
927 4204 1087 4277 ἡδεῖα
1116 4209 1202 4264 καὶ
1237 4210 1270 4278 ἡ
1303 4205 1426 4283 ὄψις
1459 4231 1556 4265 σου
1585 4210 1779 4287 ὡραία.

2043 771 2240 821 autem
2256 783 2286 821 e
2300 769 2531 823 civitate
2546 772 2761 842 egressi
2777 776 2934 835 sunt,
2953 773 3045 825 vix
3067 771 3305 826 tandem
3329 776 3502 841 atque
3525 787 3677 842 aegre

2042 856 2236 910 acrius
2251 872 2350 912 eos
2365 858 2492 926 ipso
2508 858 2888 926 admonente,
2915 864 3092 929 atque
3109 859 3285 913 etiam
3310 858 3674 929 superiorem

2039 943 2338 1000 interdum
2361 946 2830 1018 objurgationem
2853 947 2946 1017 adj
2957 947 3309 1018 ungente,ab
3325 963 3392 1000 eo
3407 947 3671 1001 distracti

2039 1037 2199 1100 sunt,
2231 1040 2405 1104 atque
2436 1034 2602 1088 inviti
2630 1035 3094 1101 revertebantur,
3126 1035 3449 1090 identidem
3471 1035 3674 1089 oculos

2036 1119 2430 1190 reﬂectentes,
2464 1138 2533 1176 ac
2561 1123 2812 1193 pedibus
2841 1124 2996 1178 inter
3033 1123 3458 1179 ambulandum
3489 1123 3671 1178 offen-

2037 1205 2552 1264 dentes.Nonnulli
2576 1216 2772 1265 autem
2805 1228 2876 1266 ex
2896 1212 2969 1266 iis
2987 1213 3086 1282 qui
3105 1211 3440 1266 ferventiori
3473 1212 3670 1265 animo

2036 1296 2270 1367 praaditi
2295 1298 2756 1370 erant,lugentes
2779 1299 3011 1354 eminus
3032 1300 3230 1370 ipsum
3249 1299 3670 1369 sequebantur,

2037 1385 2422 1456 quoadusque
2452 1403 2567 1441 nox
2596 1388 2802 1443 oborta
2823 1405 2923 1442 eos
2953 1389 3108 1442 inter
3137 1405 3198 1442 se
3229 1388 3534 1459 disjunxit.

2107 1474 2238 1529 CAP.
2263 1475 2537 1530 XXXVII.
2563 1506 2626 1516 —-
2652 1478 2982 1531 Generosus
3002 1477 3180 1548 igitur
3199 1477 3300 1530 ille
3337 1477 3423 1530 vir
3444 1493 3512 1531 ex
3534 1477 3670 1531 aula

2039 1577 2309 1633 egressus
2330 1568 2438 1631 est,
2470 1564 2717 1634 perinde
2757 1565 2927 1619 lmtus
2969 1571 3146 1635 atque
3176 1565 3407 1631 alacris,
3440 1569 3507 1619 ut
3533 1581 3668 1620 cum

2038 1649 2332 1719 quispiam
2355 1666 2385 1703 e
2399 1650 2720 1721 longinquo
2739 1668 2805 1706 ac
2827 1651 3107 1706 diuturno
3122 1651 3328 1706 exsilio
3343 1651 3403 1704 in
3418 1651 3668 1721 patriam

2039 1752 2102 1790 se
2123 1737 2516 1808 refert.Atque
2534 1745 2773 1793 externe
2799 1741 3038 1810 quidem
3062 1757 3161 1795 eas
3183 1740 3398 1810 quibus
3419 1740 3504 1793 uti
3524 1740 3672 1794 sole-

2037 1824 2350 1892 bat,vestes
2360 1827 2856 1898 gerebat,interne
2869 1834 3065 1884 autem
3079 1829 3337 1883 cilicium
3352 1828 3500 1882 illud
3513 1827 3671 1897 quod

2039 1914 2305 1970 Barlaam
2320 1917 2430 1986 ipsi
2448 1916 2602 1970 dono
2615 1916 3067 1972 dederat.Porro
3081 1922 3250 1971 nocte
3263 1917 3367 1970 illa
3381 1917 3438 1969 in
3453 1933 3667 1987 paupe-

2037 2004 2120 2058 ris
2143 2003 2452 2073 cujusdam
2467 2004 2574 2058 viri
2597 2005 3014 2060 domunculam
3038 2022 3100 2059 se
3122 2004 3453 2069 conferens,
3478 2009 3670 2058 vestes

2042 2105 2140 2144 eas
2154 2090 2622 2160 quibusindutus
2643 2096 2767 2145 erat
2779 2091 3002 2162 abjicit,
3023 2097 3504 2161 postremumque
3526 2089 3673 2142 illud

2041 2177 2398 2232 beneficium
2422 2179 2613 2249 egenti
2637 2179 2861 2233 tribuit.
2886 2180 3148 2249 Cumque
3165 2179 3237 2233 ad
3259 2179 3415 2232 hunc
3435 2177 3677 2232 modum

2042 2270 2168 2320 tum
2191 2265 2352 2320 illius
2372 2271 2498 2321 tum
2527 2266 2850 2321 multorum
2871 2267 3124 2322 aliorum
3148 2282 3473 2337 pauperum
3497 2266 3681 2336 preci-

2043 2353 2155 2408 bus
2168 2355 2268 2408 Dei
2282 2371 2455 2425 opem
2468 2360 2644 2425 atque
2657 2355 2942 2410 auxilium
2959 2355 3069 2409 sibi
3091 2355 3414 2422 accivisset,
3433 2354 3680 2425 ejusque

2045 2442 2298 2514 gratiaet
2313 2442 2586 2512 praesidio
2608 2447 2886 2512 tanquam
2902 2442 3109 2497 salutis
3121 2442 3467 2497 vestimento
3488 2458 3554 2496 ac
3584 2440 3684 2495 lm-

2048 2530 2191 2584 titias
2205 2531 2384 2601 pallio
2399 2547 2526 2586 sese
2537 2531 2849 2598 induisset,
2872 2531 2945 2586 ad
2960 2531 3284 2586 solitariam
3298 2531 3474 2584 vitam
3487 2545 3681 2584 exces-

2049 2619 2144 2684 sit,
2169 2635 2289 2673 non
2303 2635 2538 2690 panem,
2559 2635 2679 2674 non
2693 2635 2928 2688 aquam,
2953 2634 3070 2672 non
3093 2617 3413 2686 quidquam
3436 2617 3597 2670 aliud
3611 2633 3680 2670 ex

2049 2707 2122 2761 iis
2135 2723 2265 2777 quas
2279 2706 2351 2761 ad
2365 2706 2579 2762 victum
2593 2706 2926 2760 necessaria
2939 2710 3287 2759 suntsecum
3301 2704 3518 2768 ferens,
3543 2704 3676 2758 nul-

2049 2795 2290 2865 lumque
2311 2795 2474 2849 aliud
2497 2794 2908 2849 indumentum
2927 2798 3378 2865 gerens,pr£eter
3405 2808 3681 2863 asperum

2049 2883 2197 2938 illud
2223 2884 2506 2952 cilicium,
2539 2883 2610 2938 de
2643 2900 2758 2953 quo
2789 2883 2963 2952 paulo
2995 2887 3129 2936 ante
3160 2881 3523 2935 mentionem
3545 2881 3679 2937 feci.

2048 2973 2278 3027 Etenim
2294 2972 2578 3044 singulari
2592 2970 2847 3042 quodam
2863 2969 3157 3025 desiderio
3170 2985 3237 3023 ac
3249 2968 3444 3024 divino
3456 2969 3683 3024 immor‘

2049 3061 2185 3116 talis
2207 3062 2358 3134 regis
2389 3061 2602 3116 Christi
2650 3076 2850 3116 amore
2873 3059 3128 3125 saucius,
3152 3063 3270 3113 toto
3303 3059 3500 3114 animo
3530 3059 3592 3112 in
3623 3056 3682 3111 id

2043 3151 2199 3222 quod
2213 3150 2448 3206 amabat
2459 3148 3022 3215 incumbebat,totus
3035 3152 3199 3202 extra
3213 3163 3274 3202 se
3289 3152 3587 3217 raptus,ac
3599 3146 3684 3200 di-

2047 3239 2265 3294 vinitus
2289 3237 2882 3307 immutatus,Deique
2909 3235 3193 3290 charitate
3223 3235 3384 3290 omni
3419 3251 3487 3288 ex
3516 3240 3683 3305 parte

2043 3334 2369 3399 correptus.
2402 3327 2588 3382 Fortis
2619 3326 2798 3394 enim,
2833 3324 3027 3395 inquit
3055 3323 3176 3390 ille,
3210 3323 3362 3378 sicut
3391 3339 3549 3377 mors
3580 3323 3678 3377 di-

2042 3417 2216 3472 lectio
2247 3418 2425 3484 (Cam'.
2478 3416 2613 3486 VIII).
2647 3416 2890 3469 Tantam
2919 3411 3196 3466 videlicet
3225 3412 3350 3482 ipse
3382 3427 3453 3465 ex
3482 3411 3679 3466 divino

2045 3522 2244 3561 amore
2259 3505 2666 3559 temulentiam
2678 3506 3174 3568 contraxerat,tan
3183 3506 3356 3570 taque
3369 3499 3463 3554 siti
3478 3505 3685 3555 aestua-

2043 3594 2360 3661 bat,instar
2380 3593 2602 3647 scilicet
2615 3592 2778 3646 illius
2792 3590 2892 3660 qui
2908 3588 3157 3644 dicebat:
3173 3587 3682 3652 Quemadmodum

2045 3681 2342 3737 desiderat
2379 3697 2583 3736 cervus
2611 3679 2684 3734 ad
2715 3680 2910 3732 fontes
2941 3693 3248 3746 aquarum,
3276 3677 3358 3730 ita
3387 3675 3687 3730 desiderat

2045 3771 2245 3825 anima
2261 3786 2394 3825 mea
2416 3769 2490 3824 ad
2512 3773 2567 3822 te
2590 3769 2762 3822 Deus.
2790 3765 2979 3820 Sitivit
3001 3765 3201 3819 anima
3230 3780 3363 3819 mea
3392 3763 3465 3818 ad
3496 3765 3679 3819 Deum

2045 3863 2269 3917 fontem
2291 3861 2480 3914 vivum
2505 3857 2672 3928 (Psal.
2696 3858 2826 3926 xm).
2859 3857 2929 3909 Et
2953 3853 3452 3925 quemadmodum
3482 3853 3683 3908 anima

2049 3951 2173 4014 illa,
2205 3966 2335 4020 quae
2366 3946 2708 4018 hujusmodi
2757 3945 3042 4000 charitate
3091 3941 3397 3997 vulnerata
3443 3947 3586 4009 erat,
3621 3942 3681 3996 in

2049 4039 2286 4094 Cantico
2301 4036 2666 4092 canticorum
2687 4033 3115 4089 ait:Vulnerata
3135 4029 3420 4085 charitate
3434 4045 3537 4101 ego
3553 4047 3684 4084 sum

2047 4127 2228 4193 (Cant.
2261 4127 2340 4194 ιι).
2374 4128 2454 4180 Ac
2483 4139 2718 4178 rursum
2746 4138 2758 4176 :
2797 4119 3050 4176 Ostende
3080 4119 3226 4173 mihi
3259 4118 3469 4172 faciem
3502 4123 3679 4184 tuam,

2050 4222 2108 4271 et
2130 4216 2222 4270 fac
2247 4231 2340 4270 me
2370 4211 2574 4268 audire
2605 4226 2806 4266 vocem
2839 4213 3000 4264 tuam
3025 4225 3038 4274 ;
3093 4223 3200 4262 vox
3229 4205 3391 4262 enim
3422 4211 3522 4261 tua
3547 4207 3679 4262 dul-

2049 4309 2153 4372 cis,
2185 4309 2244 4358 et
2271 4302 2450 4357 facies
2481 4306 2581 4354 tua
2611 4299 2842 4354 decora.

290 4427 372 4482 ita
401 4431 466 4480 ut
495 4421 665 4499 δόξεις
694 4428 751 4478 et
779 4419 1046 4499 διαφύγῃς
1079 4423 1298 4499 optime
1330 4424 1640 4499 quadrent.
1675 4427 1817 4484 Vide
1847 4435 1970 4486 not.
2000 4432 2074 4488 ad
2103 4430 2376 4494 Aristum,
2409 4441 2537 4499 pag.
2570 4425 2709 4499 25§_;
2743 4421 3090 4499 Hasium_ad
3120 4420 3258 4499 Lyd.
3294 4421 3675 4499 De‘ostentis,

289 4516 348 4569 p.
381 4499 504 4569 316.
535 4494 765 4569 Addam
796 4494 1005 4569 novam
1037 4494 1364 4569 verborum
1380 4497 1574 4569 Basilii

1675 4501 1933 4558 roximor

2091 4489 2430 4557 lectionem:
2467 4489 2558 4550 Sic
2594 4489 2749 4549 edita
2779 4499 2955 4564 sunt:
2991 4491 3094 4546 Καὶ
3117 4489 3263 4545 ὁῖτᾶ
3295 4493 3358 4544 σὰ
3391 4489 3675 4564 λογοπραέ

286 4559 508 4642 γοῦντές
547 4563 804 4644 οὐδεμίαν
828 4559 1003 4644 ἕξουσι
1031 4561 1225 4644 ’λαϐὴν
1256 4569 1373 4644 ,τοῦ
1408 4559 1710 4642 μέμφεσθαι
1764 4571 1828 4625 τὰ
1884 4572 2315 4644 προσπίπτοντα.
2381 4568 2542 4622 Idem
2601 4566 2804 4633 codex,
2866 4559 3676 4637 λογοπραγμονοῦντεςίνθῒὺο

292 4637 532 4712 perraro
552 4643 622 4712 _et
651 4637 766 4703 hic,
798 4642 861 4691 ut
885 4637 1140 4712 videtur,
1171 4637 1415 4712 optimo.

365 4709 804 4788 (332_G10588t01j
829 4707 904 4762 ad
933 4705 1258 4788 {nagginfein
1284 4723 1296 4760 :
1329 4708 1541 4788 stilos.
1574 4712 1789 4768 Versus
1818 4719 1908 4788 est
1935 4713 2200 4788 quidem,
2234 4711 2338 4788 sed
2370 4709 2667 4788 politioris,
2691 4724 2801 4762 nec
2831 4705 3413 4788 notandus._l§3tenim
3445 4705 3492 4758 si
3518 4707 3675 4788 niam-

288 4776 429 4853 bici,
459 4776 622 4853 iique
654 4778 909 4853 maxime
938 4776 1205 4853 legitimi,
1237 4776 1621 4853 scriptoribus
1650 4776 2231 4852 prosaiciskxcidere
2264 4776 2741 4853 imprudentibus
2769 4783 3034 4850 possunt,
3073 4776 3214 4847 quid
3272 4776 3487 4830 mirum
3513 4776 3677 4831 facil~

288 4848 464 4907 limes
494 4848 632 4923 illos
663 4849 879 4923 sapius
909 4848 1245 4923 orationem
1267 4849 1492 4923 ingredi
1519 4849 1546 4904 ?
1575 4848 1737 4923 conf.
1771 4871 1827 4923 p.
1863 4856 1984 4908 318.

356 4924 468 4994 (39)
503 4921 644 4995 Vide
674 4914 886 4995 p.185.
918 4949 988 4960 —
1013 4919 1086 4995 C._
1133 4914 1409 4995 ἐδεδώκειἰ
1437 4921 1675 4995 Prm‘tuli
1723 4914 1973 4995 formam
2032 4927 2348 4995 augmento
2401 4926 2726 4995 carentem,
2758 4925 2821 4974 ut
2852 4923 2910 4995 et
2964 4933 3094 4995 pag.
3159 4919 3279 4995 192,
3311 4933 3359 4995 εἰ
3385 4917 3674 4995 Lucianus

287 4987 459 5066 Agin.
485 4994 574 5066 23_‘
605 4987 952 5066 ἀτξελέιπτοιε
983 4989 1166 5066 codex
1199 4991 1355 5066 1310,
1384 4987 1766 5066 ἀπολέλειπτο.
1804 4993 1930 5066 lbi_d

2044 4987 2398 5066 ,ξίέγεγόνειν
2436 5009 2448 5046 :
2509 4991 2712 5066 codex,
2743 4987 2980 5066 γεγόνειῆ
3029 4987 3262 5066 Joseph.
3293 4989 3563 5066 _Maccab.
3592 4992 3637 5066 76‘
3655 5007 3668 5045 :

289 5063 356 5121 Ei
380 5069 479 5137 γὰρ
509 5061 577 5116 τὰ
604 5060 874 5137 πάθημτοῦ
903 5057 1172 5137 λογισμοῦ
1208 5057 1574 5135 ἐκεκρατήκει,
1599 5061 1812 5124 τούτοις
1844 5063 1935 5118 οὗν
1967 5057 2252 5137 ἀπεδόμην
2282 5063 2382 5131 τὴν
2431 5067 2531 5131 τῆς
2565 5057 2904 5135 ἐπικρατείας
2935 5057 3251 5131 μαρτυρίαν.
3286 5059 3478 5114 Codex
3509 5063 3666 5129 3010,

288 5127 463 5205 nem-3.;
494 5141 552 5190 et
579 5151 685 5206 pro
719 5127 832 5190 οῦν.
863 5127 1082 5204 optime
1113 5127 1193 5187 ἂν.

356 5208 468 5278 (40)
499 5208 559 5278 C,
592 5206 761 5278 οἶκον,

357 5272 466 5349 (41)
493 5277 574 5331 Cf.
616 5276 801 5347 Epist.
830 5272 904 5329 ad
933 5274 1145 5349 Eph_es.
1166 5289 1245 5349 γι.
1273 5275 1364 5349 ⁸17.

375 5342 462 5410 42)
503 5342 682 5401 Cant:
703 5349 859 5401 cant.
891 5342 1007 5413 mf,
1040 5347 1094 5412 6,
1125 5343 1226 5398 ubi
1257 5342 1332 5405 ὡς
1363 5343 1610 5407 θάνατος,

375 5415 464 5485 43)
496 5417 648 5471 Psal.
683 5433 793 5471 xLI.
826 5418 923 5472 1...

494 5487 660 5565 gant.
693 5491 848 5565 cant.
880 5501 941 5550 Il,
969 5487 1000 5539 5
1034 5500 1048 5540 :
1077 5484 1398 5565 Τετρωμένη
1430 5485 1647 5560 ἀγάπης
1676 5484 1808 5565 ἐγώ.

355 5556 463 5632 (15)
493 5557 641 5632 ibid.
674 5574 748 5625 IV,
774 5559 833 5632 ‘9,
865 5571 1001 5611 cum
1029 5556 1325 5614 varietate.

354 5627 466 5704 (ιο)
491 5627 639 5686 Ibid.
671 5643 732 5701 ιι,
765 5627 850 5685 ιι.
