3964 6144
308 270 441 328 1211

1822 265 2187 322 ADDBNDA.

3550 263 3701 319 1212

358 398 613 469 Hujusce
633 395 796 452 omni
814 411 1086 451 sermone
1110 393 1540 467 praestantioris
1562 391 1933 465 pulchritudi‘

2131 388 2343 460 Ταύτης
2371 397 2470 460 τῆς
2520 391 2893 462 ἀνεκλαλήτου
2923 392 3259 467 ὡραιότητος
3314 391 3543 463 Χριστοῦ
3597 389 3698 443 τὸν

309 488 403 542 nis
433 487 643 542 Christi
673 484 985 551 desiderio,
1012 491 1292 554 tanquam
1324 485 1455 555 igne
1479 483 1733 553 quodam
1759 483 1817 536 in
1838 498 1946 552 pe-

311 581 471 632 ctore
513 579 774 645 accepto,
807 574 1208 644 apostolorum
1242 574 1477 639 chorus,
1506 588 1572 626 ac
1620 575 1945 640 martyrum

308 664 564 737 agmina,
599 663 795 717 omnia
825 678 893 715 ea
912 678 1041 730 quas
1074 660 1261 715 oculis
1283 664 1608 714 cernuntur
1640 664 1947 727 contemp-

306 757 531 818 serunt,
565 756 740 820 atque
779 750 940 803 omni
973 749 1109 803 huic
1139 748 1311 802 lluxaa
1344 754 1401 801 et
1430 747 1666 801 caducas
1700 747 1829 799 vita:
1853 746 1941 799 in-

305 856 553 896 numera
584 843 1009 893 tormentorum
1040 843 1099 891 et
1142 837 1347 890 mortis
1399 851 1617 907 genera
1668 834 1945 904 prastule-

303 934 444 984 runt
465 927 674 982 divinae
701 926 1163 997 pulchritudinis
1189 942 1390 980 amore
1413 926 1748 996 ﬂagrantes,
1767 929 1944 993 atque

303 1019 603 1090 ingentem
636 1016 737 1071 Dei
765 1015 933 1069 Verbi
957 1031 1094 1086 erga
1131 1031 1239 1068 nos
1264 1030 1529 1068 amorem
1551 1030 1685 1067 cum
1725 1012 1944 1067 animis

306 1106 429 1161 suis
449 1109 811 1177 reputantes.
836 1103 1000 1157 Hunc
1024 1103 1219 1173 ignem
1242 1118 1375 1156 cum
1398 1102 1714 1171 prazclarus
1737 1101 1942 1166 etiam,

308 1211 375 1249 ac
389 1208 634 1264 corpore
648 1190 891 1262 quidem
912 1191 1149 1257 nobilis,
1168 1196 1444 1245 cmterum
1458 1189 1630 1259 longe
1652 1188 1942 1243 nobiliore

304 1300 371 1337 ac
403 1281 587 1352 magis
618 1280 776 1350 regio
809 1279 1007 1333 animo
1029 1278 1311 1349 praaditus
1340 1278 1425 1331 vir
1456 1278 1519 1331 in
1548 1277 1740 1347 seipso
1773 1292 1940 1331 acce—

304 1370 507 1441 pisset,
541 1374 779 1423 terrena
809 1367 1008 1422 omnia
1038 1383 1279 1437 prorsus
1310 1370 1683 1436 aspernatur,
1734 1380 1942 1419 omnes

304 1458 567 1528 corporis
596 1456 923 1527 voluptates
953 1455 1275 1527 proculcat,
1307 1471 1447 1525 opes
1480 1461 1538 1510 et
1564 1455 1813 1526 gloriam
1843 1460 1940 1509 at-

308 1565 421 1619 que
452 1548 742 1601 humanos
766 1547 1018 1601 honores
1041 1562 1147 1616 pro
1179 1545 1366 1598 nihilo
1385 1544 1569 1610 ducit,
1590 1542 1863 1598 diadema
1886 1547 1943 1596 et

307 1652 628 1709 purpuram
651 1635 872 1706 abjicit,
905 1650 1255 1689 aranearum
1288 1633 1422 1687 telis
1452 1633 1655 1687 viliora
1686 1648 1755 1686 ea
1786 1632 1937 1686 exis-

2054 479 2220 534 πόθον
2272 480 2322 535 ἐν
2383 480 2580 559 καρδίᾳ
2637 480 2920 554 δεξάμενος
2952 483 2978 537 ὁ
3009 486 3115 535 τῶν
3177 475 3495 534 ἀποστόλων
3525 480 3699 554 χορὸς

2053 568 2278 623 καὶτῶν
2332 571 2618 645 μαρτύρων
2673 573 2725 626 οἱ
2782 569 2949 643 δῆμοι
3003 571 3215 623 πάντων
3278 565 3553 642 ὑπερεῖδον
3580 573 3698 621 τῶν

2055 657 2371 730 ὁρωμένων,
2429 662 2608 729 πάσης
2640 658 2697 714 δὲ
2728 666 2870 728 ζωῆς
2924 666 3023 727 τῆς
3074 658 3427 731 προσκαίρου,
3487 658 3571 710 καὶ
3626 656 3697 710 τα

2057 745 2222 820 μυρία
2249 751 2356 801 τῶν
2420 747 2663 821 βασάνων
2720 749 2807 801 καὶ
2861 747 3097 801 θανάτων
3160 745 3276 815 εἶ’δη
3338 744 3691 820 προείλοντο,

2054 833 2361 909 ἐρασθέντες
2406 841 2502 891 τοῦ
2532 837 2674 891 θείου
2706 837 2946 899 κάλλους
2974 836 3062 891 καὶ
3118 837 3181 890 τὸ
3237 834 3360 907 περὶ
3400 837 3547 904 ἡμᾶς
3595 836 3701 889 τοῦ

2052 922 2198 979 θείου
2228 926 2408 1000 Λόγου
2440 924 2788 1000 λογισάμενοι
2842 925 3089 1004 φίλτρον.
3148 930 3314 978 Τοῦτο
3371 926 3432 978 τὸ
3463 929 3566 998 πῦρ
3601 926 3701 978 καὶ

2053 1014 2081 1067 ὁ
2111 1013 2278 1076 καλὸς
2310 1014 2487 1084 οὗτος,
2520 1015 2607 1070 καὶ
2663 1016 2879 1089 εύγενής
2926 1017 3019 1087 μὲν
3074 1020 3152 1087 τῷ
3202 1016 3438 1086 σώματι,
3488 1014 3704 1088 εὐγενέ-

2052 1123 2242 1165 στατος
2275 1103 2331 1158 δὲ
2372 1104 2584 1177 μᾶλλον
2636 1105 2725 1160 καὶ
2785 1105 3218 1179 βασιλικώτατος
3265 1105 3361 1173 τὴν
3395 1105 3606 1177 ψυχήν,
3645 1103 3698 1156 ἐν

2052 1192 2223 1264 ἐαυτῷ
2282 1192 2591 1266 δεξάμενος,
2644 1195 2856 1249 πάντων
2920 1196 3059 1266 ὁμοῦ
3116 1198 3223 1248 τῶν
3284 1192 3488 1267 γηίνων
3532 1214 3702 1247 κατα-

2050 1284 2258 1353 φρονεῖ,
2282 1287 2438 1334 πατεῖ
2462 1283 2632 1343 πάσας
2662 1281 2757 1342 τὰς
2807 1285 2902 1335 τοῦ
2964 1282 3216 1352 σώματος
3269 1278 3491 1349 ἡδονὰς,
3530 1281 3700 1351 ὑπερ-

2053 1371 2152 1439 ορᾷ
2206 1367 2448 1423 πλούτου
2495 1370 2581 1424 καὶ
2644 1366 2803 1441 δόξης
2878 1370 2963 1423 καὶ
3023 1376 3122 1437 τῆς
3179 1369 3324 1441 παρὰ
3398 1366 3699 1441 ἅνθρωπων

2050 1462 2240 1527 τιμῆς,
2274 1456 2583 1511 ἀποτίθεται
2635 1455 2880 1529 διάδημα
2933 1457 3022 1511 καὶ
3068 1454 3395 1529 ἁλουργίδα,
3424 1460 3533 1509 τῶν
3567 1455 3702 1529 ἀρα-

2054 1543 2222 1618 χνίων
2274 1544 2601 1621 ὑφασμάτων
2662 1544 3009 1621 εὐτελέστερα
3056 1550 3221 1599 ταῦτα
3284 1544 3651 1617 λογισάμενος
3685 1591 3700 1613 ,

2050 1634 2186 1705 πρὸς
2218 1635 2390 1687 πάντα
2428 1632 2485 1688 δὲ
2512 1634 2579 1689 τὰ
2634 1634 2862 1689 ἐπίπονα
2919 1633 3007 1688 καὶ
3067 1632 3288 1708 λυπηρὰ
3316 1638 3411 1687 τοῦ
3469 1635 3700 1702 ἀσκητι-

312 1726 548 1792 timans,
572 1729 748 1794 atque
770 1724 844 1778 ad
866 1723 1065 1777 omnia
1086 1721 1233 1776 dura
1254 1726 1312 1775 et
1330 1721 1576 1776 accerba
1595 1720 1933 1776 monasticae

2050 1725 2147 1776 κοῦ
2181 1722 2300 1797 βίου
2330 1723 2627 1797 προθύμως
2660 1724 2844 1778 ἐαυτὸν
2896 1721 3199 1792 ἐκδίδωσιν,
3232 1721 3546 1794 Ἐκολλτςθη
3586 1728 3698 1794 (47)

307 1814 434 1868 vitae
465 1813 661 1868 studia
682 1817 952 1882 prompto
985 1812 1183 1866 animo
1216 1826 1343 1865 sese
1378 1809 1575 1875 tradit,
1596 1808 1747 1863 illud
1776 1808 1942 1863 Psal-

306 1902 496 1956 mistaa
523 1900 809 1972 (clamans
839 1917 852 1952 :
904 1899 1167 1953 Adhaesit
1206 1900 1407 1953 anima
1455 1914 1587 1953 mea
1634 1902 1766 1967 post
1796 1902 1873 1964 te,
1907 1914 1940 1951 ο

306 1990 554 2051 Christe,
588 1988 871 2057 suscipiat
891 2003 984 2041 me
1008 1986 1248 2041 dextera
1276 1992 1377 2040 tua
1408 1986 1575 2057 (Psal.
1606 1988 1770 2054 var).

373 2078 637 2146 Cumque
659 2076 733 2129 ad
754 2077 910 2128 hunc
934 2074 1194 2138 modum,
1227 2074 1414 2128 oculis
1436 2091 1471 2128 a
1498 2079 1659 2143 tergo
1692 2073 1939 2127 minime

302 2164 675 2231 contortis,in
696 2163 967 2216 intimam
981 2162 1363 2216 solitudinem
1394 2178 1455 2215 se
1486 2161 1943 2225 contulisset,at-

303 2268 416 2323 que
440 2251 793 2305 caducarum
813 2266 1012 2303 rerum
1037 2249 1469 2315 confusionem,
1494 2253 1782 2319 tanquam
1809 2264 1936 2302 mo-

304 2339 686 2394 lestissimam
716 2338 1017 2408 quandam
1039 2337 1327 2391 sarcinam
1357 2342 1414 2391 et
1442 2341 1711 2391 catenam
1732 2352 1938 2390 excus-

307 2429 499 2492 sisset,
527 2427 738 2498 spiritu
758 2426 1088 2491 laatabatur,
1112 2426 1514 2496 conjectisque
1532 2425 1594 2477 in
1616 2424 1935 2490 Christum,

302 2517 472 2586 cujus
502 2514 794 2569 desiderio
822 2512 1084 2579 ardebat,
1111 2512 1330 2579 oculis;
1365 2512 1438 2567 ad
1464 2528 1620 2580 eum,
1654 2517 1937 2583 tanquam

299 2603 372 2659 ad
394 2608 745 2674 praesentem
758 2608 933 2672 atque
947 2602 1133 2671 ipsius
1149 2618 1347 2655 vocem
1363 2600 1703 2654 audientem
1716 2599 1938 2654 clama-

298 2692 679 2762 bat,eumque
696 2688 1705 2761 alloquebaturhisvidelicetverbis
1718 2694 1892 2742 utens
1919 2704 1932 2742 :

298 2783 379 2835 Ne
385 2780 533 2851 jam,
558 2796 816 2849 quaaso,o
840 2778 1317 2844 Domine,oculus
1334 2794 1502 2832 meus
1534 2777 1781 2847 hujusce
1802 2777 1934 2830 vita;

298 2868 455 2923 bona
474 2868 696 2934 videat;
720 2885 832 2921 nec
854 2883 1116 2938 prznsens
1134 2867 1360 2922 vanitas
1384 2870 1646 2921 mentem
1677 2881 1870 2919 meam
1900 2880 1935 2919 a

298 2962 569 3027 suscepto
593 2956 805 3011 itinere
828 2955 1155 3021 abstrahat;
1175 2970 1398 3022 verum,
1413 2954 1657 3008 Domine
1680 2954 1930 3019 mi,ocn-

296 3046 386 3100 los
418 3062 581 3100 meos
612 3044 1019 3116 spiritualibus
1055 3044 1332 3115 lacrymis
1352 3042 1554 3113 imple,
1578 3058 1931 3114 gressusque

294 3150 458 3189 meos
479 3134 685 3206 dirige,
704 3133 1111 3203 famulumque
1135 3138 1301 3186 tuum
1324 3130 1595 3185 Barlaam
1610 3131 1758 3184 mihi
1777 3146 1932 3185 com-

293 3228 578 3278 monstra.
603 3222 762 3288 Mihi,
796 3222 1061 3291 inquam,
1088 3235 1223 3274 eum
1254 3235 1359 3289 per
1386 3234 1563 3289 quem
1591 3218 1738 3271 mihi
1771 3217 1931 3272 salus

290 3317 458 3381 parta
490 3316 579 3365 est
606 3309 873 3375 ostende,
919 3314 983 3361 ut
1013 3307 1290 3361 solitariae
1321 3322 1389 3361 ac
1429 3305 1769 3360 monasticae
1798 3306 1928 3360 vita;

291 3398 693 3453 sinceritatem
724 3413 830 3467 per
860 3397 1053 3466 ipsum
1085 3395 1408 3460 addiscam,
1442 3410 1509 3449 ac
1540 3410 1661 3449 non
1692 3393 1763 3447 ob
1791 3395 1930 3449 hos-

292 3486 414 3540 tilis
482 3485 628 3539 belli
685 3484 1041 3554 imperitiam
1097 3484 1159 3537 in
1217 3482 1488 3537 fraudem
1547 3481 1813 3537 inducar.
1848 3484 1932 3537 Da

293 3573 459 3637 mihi,
488 3573 752 3642 Domine,
784 3572 937 3626 viam
979 3588 1174 3626 meam
1204 3570 1489 3636 nancisci,
1523 3586 1628 3641 per
1666 3586 1843 3640 quam
1874 3575 1932 3625 te

292 3662 606 3733 adipiscar,
640 3661 926 3731 quoniam
956 3660 1157 3715 anima
1185 3675 1319 3714 mea
1349 3659 1432 3713 tui
1465 3659 1758 3714 desiderio
1790 3675 1929 3714 sau-

290 3752 382 3806 cia
406 3756 515 3819 est,
548 3756 722 3819 teque
755 3750 963 3805 salutis
990 3748 1215 3803 fontem
1246 3747 1525 3803 ardenter
1555 3748 1697 3802 sitit.

364 3840 496 3892 Haac
528 3854 728 3892 secum
768 3840 1052 3906 perpetuo
1100 3835 1385 3899 volvebat,
1416 3840 1593 3904 atque
1641 3835 1714 3889 ad
1748 3837 1930 3890 Deum

291 3926 667 3995 loquebatur,
697 3940 803 3994 per
824 3923 1150 3977 orationem
1171 3940 1237 3976 ac
1260 3922 1749 3977 sublimissimam
1792 3940 1931 3978 con-

296 4014 741 4084 templationem
765 4012 877 4082 ipsi
901 4027 1029 4065 sese
1050 4011 1440 4081 conjungens.
1458 4014 1650 4080 Atque
1682 4012 1765 4065 ita
1786 4028 1927 4065 con-

293 4109 456 4158 tento
488 4118 691 4173 gressu
722 4105 978 4171 emptum
1002 4100 1113 4154 iter
1144 4098 1593 4168 exsequebatur,
1628 4098 1701 4152 ad
1732 4098 1927 4153 locum

292 4208 427 4247 eum
450 4191 510 4245 in
529 4206 643 4261 quo
664 4188 930 4244 Barlaam
950 4186 1199 4260 degebat
1216 4187 1520 4258 pervenire
1541 4187 1927 4244 contendens.

294 4279 501 4334 Herbis
532 4294 704 4348 porro
738 4279 811 4330 iis
842 4293 973 4346 quae
1003 4277 1065 4330 in
1105 4276 1337 4331 deserto
1370 4275 1701 4330 existebant
1729 4276 1931 4331 aleba-

291 4374 404 4424 tur.
434 4371 631 4439 Neque
666 4368 844 4434 enim,
868 4366 1067 4437 utjam
1092 4382 1125 4419 a
1147 4382 1239 4419 me
1258 4372 1786 4420 commemoratum
1818 4372 1925 4433 est,

2056 1810 2220 1884 βοῶν,
2278 1812 2322 1864 ὧ
2352 1814 2545 1885 Χριστέ
2606 1834 2730 1884 μου,
2791 1811 3069 1881 ἐκολλήθη
3104 1816 3136 1879 ἡ
3170 1815 3319 1886 ψυχή
3362 1834 3465 1883 μου
3517 1812 3697 1866 ὀπίσω

2051 1918 2166 1953 σου·
2202 1900 2352 1956 389
2384 1898 2600 1973 ἐμοῦδέ
2630 1896 2953 1955 ἀντελάϐετο
2985 1903 3019 1969 ἡ
3054 1898 3197 1971 δεξιά
3227 1921 3347 1957 σου.

2122 2076 2218 2129 Καὶ
2249 2075 2421 2138 οὕτως
2481 2078 2869 2153 ἀμεταστρεπτὶ
2904 2080 3167 2151 ’χωρήσας
3220 2078 3295 2140 εἷς
3321 2077 3384 2131 τὸ
3428 2085 3531 2145 τῆς
3567 2078 3696 2151 ἐρή-

2051 2181 2161 2235 μου
2197 2165 2383 2238 βάθος,
2431 2166 2522 2219 καὶ
2579 2167 2653 2228 ὡς
2709 2168 2879 2239 ἄχθος
2934 2187 2984 2218 τι
3015 2167 3103 2220 καὶ
3135 2165 3321 2221 κλοιὸν
3387 2168 3691 2241 βαρύτατον

2046 2248 2380 2323 ἀποθέμενος
2408 2257 2516 2305 τῶν
2564 2254 2905 2325 προσκαίρων
2936 2255 3036 2321 τὴν
3070 2255 3328 2329 σύγχυσιν
3368 2296 3381 2320 ,
3415 2255 3691 2330 εὐφράνθη

2044 2343 2124 2409 τῷ
2164 2341 2448 2411 πνεύματι,
2509 2341 2598 2394 καὶ
2645 2346 2725 2413 τῷ
2770 2344 3099 2413 ποθουμένῳ
3154 2342 3394 2405 ἀτενίσας
3452 2348 3691 2416 Χριστῷ,

2046 2422 2177 2481 ἐϐόα
2233 2429 2369 2501 πρὸς
2419 2428 2600 2495 αὐτὸν,
2635 2431 2709 2489 ὡς
2768 2429 2992 2503 παρόντι
3050 2429 3137 2483 καὶ
3194 2437 3293 2497 τῆς
3352 2437 3537 2506 φωνῆς
3601 2430 3693 2484 ἐπ-

2045 2513 2218 2569 αΐοντι
2276 2514 2683 2590 διαλεγόμενος·
2737 2518 2828 2584 Μὴ
2887 2519 2954 2571 τὰ
3010 2519 3200 2591 ἀγαθὰ,
3244 2519 3397 2593 φησὶ,
3456 2523 3558 2572 τοῦ
3601 2519 3690 2573 κό-

2043 2624 2187 2675 σμου
2239 2605 2434 2659 τούτου
2486 2603 2591 2658 ἴδοι
2624 2607 2651 2658 ὁ
2685 2604 2969 2679 ὀφθαλμὸς
3030 2627 3133 2677 μου
3191 2604 3302 2677 ἔτι,
3368 2606 3554 2681 Κύριε
3612 2610 3683 2680 μή

2047 2692 2463 2766 μετεωρισθείην
2497 2694 2603 2747 ἀπὸ
2630 2700 2730 2762 τῆς
2783 2692 2939 2768 δεῦρο
2995 2696 3086 2749 τὸν
3116 2699 3238 2748 νοῦν
3276 2696 3380 2750 ὑπὸ
3429 2702 3529 2764 τῆς
3560 2716 3685 2768 παρ·

2042 2779 2209 2849 ούσης
2272 2782 2634 2853 ματαιότητος
2698 2786 2835 2853 (48)-
2893 2780 3018 2837 ἁλλ’
3074 2778 3359 2854 ἔμπλησον
3414 2784 3542 2847 τοὺς
3588 2785 3677 2861 ὀφ-

2042 2867 2290 2940 θαλμοὺς
2351 2890 2477 2941 μου,
2535 2870 2695 2941 Κύριε
2730 2914 2743 2937 ,
2804 2868 3049 2944 δακρύων
3118 2877 3517 2943 πνευματικῶν.
3576 2871 3670 2927 Καὶ

2039 2956 2358 3011 κατεύθυνον
2414 2959 2481 3011 τὰ
2534 2954 2846 3029 διαϐήματά
2907 2980 3010 3029 μου
3073 2962 3204 3032 (49),
3260 2960 3350 3013 κάὶ
3407 2958 3665 3029 ὑπόδειξόν

2046 3066 2145 3117 μοι
2174 3046 2265 3099 τὸν
2300 3046 2389 3099 σὸν
2423 3043 2726 3119 θεράποντα
2779 3046 3064 3120 Βαρλαάμ,
3123 3046 3428 3119 Ὑπόδειξόν
3465 3069 3556 3121 μοι
3583 3047 3667 3101 τὸν

2041 3132 2169 3204 ἐμοὶ
2203 3133 2472 3206 σωτηρίας
2503 3134 2796 3207 γενόμενον
2850 3134 3130 3207 πρόξενον,
3160 3137 3250 3190 ἳνα
3278 3136 3369 3190 καὶ
3429 3142 3524 3191 τοῦ
3554 3136 3673 3211 ἐρη-

2043 3225 2206 3293 μικοῦ
2241 3220 2360 3294 βίου
2388 3219 2583 3274 τούτου
2622 3223 2709 3275 καὶ
2772 3222 3066 3290 ἀσκητικοῦ
3121 3220 3189 3277 δι’
3247 3224 3411 3279 αὐτοῦ
3439 3226 3538 3291 τὴν
3574 3227 3679 3297 (50)

2038 3303 2311 3382 ἀκρίϐειαν
2349 3310 2579 3380 μὰθοιμι
2637 3309 2727 3363 καὶ
2777 3312 2852 3380 μὴ
2884 3315 2952 3382 τῇ
2986 3311 3202 3383 ἀπειρίᾳ
3250 3313 3357 3365 τῶν
3416 3311 3678 3384 πολέμων

2036 3400 2133 3451 τοῦ
2162 3396 2361 3470 ἐχθροῦ
2412 3395 2807 3451 ὑποσκελισθῶ.
2867 3400 2966 3459 Δός
3028 3420 3143 3470 μοι,
3204 3400 3388 3472 Κύριε,
3421 3402 3521 3467 τὴν
3556 3399 3677 3454 ὁδον

2040 3485 2214 3557 εὑρεῖν
2249 3482 2319 3537 δι’
2347 3485 2412 3551 ἧς
2442 3484 2688 3558 ἐπιτύχω
2721 3506 2841 3549 σου,
2879 3485 2962 3540 ὅτι
3012 3486 3272 3560 τέτρωται
3306 3490 3337 3554 ἡ
3370 3490 3523 3562 ψυχὴ
3582 3510 3681 3560 μου

2036 3576 2117 3643 τῷ
2142 3572 2298 3643 πόοῳ
2329 3592 2451 3643 σου,
2482 3572 2572 3625 καὶ
2604 3574 2662 3626 σὲ
2691 3570 2833 3646 διψῶ
2864 3575 2963 3641 τὴν
2995 3594 3182 3648 πηγην
3230 3581 3329 3643 τῆς
3383 3576 3681 3645 σωτηρίας.

2109 3837 2291 3891 Ταῦτα
2343 3832 2559 3913 ἔστρεφε
2618 3837 2737 3899 καθ’
2795 3837 2982 3891 ἐαυτὸν
3038 3838 3141 3905 ἀεὶ,
3190 3839 3277 3893 καὶ
3330 3844 3410 3911 τῷ
3449 3844 3568 3911 Θεῷ
3600 3838 3680 3895 δι-

2040 3922 2275 3999 ελέγετο,
2308 3920 2397 3978 διὰ
2422 3928 2736 3998 προσευχῆς
2767 3924 2912 3995 αὐτῷ
2941 3924 3030 3979 καὶ
3063 3926 3289 4000 θεωρίας
3328 3928 3683 4000 ὑψηλοτάτης

2040 4012 2348 4083 ἐνούμενος.
2383 4012 2485 4068 Καὶ
2515 4012 2656 4066 οὕτω
2685 4012 2950 4073 συντόνως
2983 4015 3080 4082 τὴν
3115 4012 3429 4090 ὁδοιπορίαν
3472 4015 3679 4087 διήνυε,

2036 4101 2127 4154 τὸν
2158 4104 2341 4173 χῶρον
2389 4097 2633 4154 σπεύδων
2695 4096 3045 4170 καταλαϐεῖν,
3108 4099 3232 4166 ἔνθα
3285 4103 3553 4178 Βαρλαὰμ
3603 4105 3683 4161 δι-

2036 4193 2188 4261 ἦγεν.
2222 4188 2503 4264 Ἐτρέφετο
2536 4186 2593 4242 δὲ
2621 4194 2740 4251 ταῖς
2792 4191 3083 4262 φνομέναις
3118 4191 3370 4266 βοτάναις
3399 4196 3537 4248 κατά
3587 4198 3679 4263 τὴν

2035 4269 2264 4349 ἔρημον·
2300 4272 2582 4351 οὐδὲνγὰρ
2643 4276 2783 4331 ἄλλο
2847 4278 3155 4355 ἐπεφέρετο,
3212 4279 3451 4355 καθάπερ
3510 4277 3675 4357 ἔφθην

2037 4362 2201 4417 εἰπὼν
2234 4367 2366 4435 (51),
2400 4363 2444 4417 εἰ
2498 4366 2571 4437 μὴ
2637 4367 2796 4437 μόνον
2854 4368 2915 4421 τὸ
2974 4372 3131 4441 σῶμα
3187 4368 3249 4423 τὸ
3303 4367 3441 4425 ἴδιον
3497 4371 3676 4426 καὶτὸ

289 4464 506 4530 praeter
536 4473 747 4527 corpus
770 4471 837 4510 ac
853 4470 1081 4526 pannos
1103 4454 1240 4509 illos
1270 4454 1483 4524 quibus
1512 4455 1752 4509 indutus
1776 4460 1919 4522 erat,

2047 4450 2193 4514 idxoq
2225 4451 2253 4505 ’ὀ
2285 4446 2702 4527 περιεϐέϐλητο.

291 4547 616 4620 quidquam
648 4544 808 4599 aliud
838 4559 1037 4598 secum
1067 4541 1313 4598 ferebat.

357 4636 643 4689 Caeterum
659 4649 790 4687 cum
806 4632 1079 4703 exiguum
1090 4646 1156 4686 ac
1168 4629 1393 4684 nullius
1405 4630 1646 4684 omnino
1662 4626 1925 4685 momen-

287 4723 331 4778 ti
348 4724 567 4778 victum
581 4726 670 4777 est
683 4720 880 4775 herbis
894 4719 1003 4775 sibi
1026 4723 1279 4791 pararet,
1299 4734 1467 4788 aqua)
1489 4717 1739 4788 penuria
1754 4734 1925 4789 pror-

288 4829 388 4867 sus
420 4810 741 4877 laborabat,
765 4809 924 4880 quod
944 4806 1215 4861 videlicet
1236 4805 1491 4861 solitudo
1517 4805 1620 4860 illa
1638 4822 1806 4877 aquae
1820 4823 1918 4862 ex-

286 4917 422 4973 pers
437 4905 609 4956 esset.
626 4902 770 4953 Cum
798 4898 977 4969 igitur
997 4894 1120 4949 sole
1131 4895 1257 4965 jam
1285 4894 1392 4947 sub
1417 4894 1725 4950 meridiem
1746 4897 1921 4951 vehe-

282 4994 516 5044 menter
536 4988 778 5043 ardente
808 4987 921 5040 iter
940 4983 1180 5046 faceret,
1205 4982 1609 5037 vehementius
1624 4983 1696 5037 ob
1710 4988 1919 5039 mstum

283 5079 342 5133 in
358 5078 521 5133 arida
536 5078 773 5148 regione
788 5075 883 5129 siti
907 5071 1211 5145 ﬂagrabat,
1234 5076 1408 5141 atque
1425 5077 1755 5128 extremaet
1783 5090 1915 5146 gra-

281 5167 521 5221 vissima
542 5180 807 5217 mrumna
830 5162 1164 5216 vexabatur.
1197 5161 1411 5214 Verum
1432 5161 1732 5232 cupiditas
1743 5168 1917 5216 natu-

382 5288 471 5356 47)
504 5284 656 5341 Psal.
689 5301 819 5347 Lm,
851 5286 899 5339 8.

2100 4625 2273 4682 Ἀλλά
2300 4629 2505 4705 τροφήν
2560 4630 2653 4700 μὶν
2713 4629 2931 4703 μετρίαν
2964 4632 3054 4685 καὶ
3087 4630 3393 4701 οὐδαμινὴν
3451 4634 3511 4689 ἐκ
3564 4642 3672 4691 τῶν

2033 4715 2273 4801 βοτανῶν
2306 4716 2693 4791 ποριζόμενος,
2725 4715 2921 4782 ὕδατος
2951 4719 3233 4782 παντελῶς
3263 4724 3419 4779 340
3452 4724 3670 4801 ἠπόρει,

2028 4799 2260 4877 ἀνύδρου
2299 4805 2387 4859 καὶ
2422 4804 2584 4875 ξηρᾶς
2619 4802 2785 4876 οὕσης
2840 4813 2939 4876 τῆς
2997 4806 3205 4881 ἐρήμου
3265 4808 3488 4882 ἐκείνης.
3527 4799 3667 4881 ’Ἤδη

2026 4891 2203 4947 τοίνυν
2259 4893 2380 4968 περὶ
2433 4894 2529 4954 τὰς
2590 4889 2933 4967 μεσημϐριας
2972 4940 2985 4963 ,
3068 4900 3164 4950 τοῦ
3216 4897 3379 4966 ἡλίου
3440 4899 3668 4976 σφοδρὸν

2028 4982 2362 5057 φλέγοντος,
2419 4987 2521 5050 τῆς
2568 4980 2885 5058 ὁδοιπορίας
2943 4983 3249 5058 ἐχόμενος,
3310 4987 3669 5064 σφοδρότερον

2029 5070 2187 5131 αὐτὸς
2217 5068 2469 5147 ἐφλέγετο
2492 5068 2542 5124 ἐν
2577 5068 2719 5144 δίψει
2751 5071 3027 5145 καύματος
3069 5071 3120 5126 ἐν
3171 5072 3407 5151 ἀνύδρω,
3439 5079 3528 5131 καὶ
3577 5088 3670 5144 τήν

2029 5159 2262 5234 ἐσχάτην
2321 5159 2749 5237 ἐταλαιπωρεῖτο
2798 5162 3195 5237 ταλαιπωρίαψ
3262 5164 3389 5220 ἀλλ’
3446 5165 3591 5221 ἐνίκα
3643 5166 3669 5219 ὁ

375 5349 464 5424 48)
496 5357 647 5428 Psal.
683 5370 871 5422 cxvm,
898 5356 969 5428 57
999 5350 1390 5428 εἈπόστρεψον
1422 5351 1550 5415 τοὺς
1576 5349 1897 5428 ὀφθαλμούς
1930 5373 2035 5428 μου
2063 5356 2161 5409 τοῦ
2193 5353 2270 5427 μή
2295 5349 2427 5409 ἰδεῖν
2463 5354 2800 5428 ματαιότητα

378 5431 467 5497 49)
498 5426 661 5497 Conf.
695 5442 825 5497 pag.
860 5427 977 5491 182,
1006 5440 1071 5497 n,
1102 5427 1190 5479 76.

354 5493 465 5572 (50)
493 5499 557 5572 C,
590 5493 718 5572 βίου
744 5493 865 5568 τῆν,
890 5494 1101 5552 mediis
1131 5493 1387 5552 omissis.

352 5570 462 5645 (δι)
489 5570 630 5643 Pag.
658 5570 786 5627 337.
