3964 6144
313 285 454 344 1213

1458 289 1634 346 VITA
1668 288 2010 346 BABLAAI
2046 290 2140 344 ΕΤ
2171 291 2510 348 ΙΟΔΒΛΡΗ.

3556 286 3696 343 1214

307 410 483 474 πόθος
513 410 612 479 τὴν
641 407 819 486 φύσιν,
847 409 938 465 καὶ
968 411 1003 480 ἡ
1037 407 1186 483 δίψα,
1217 411 1283 479 ἢν
1315 411 1453 486 πρὸς
1481 411 1571 464 τὸν
1612 410 1738 465 Θεὸν
1772 406 1946 484 ἔδίψα,

2063 428 2189 468 ram
2221 413 2508 486 vincebat,
2541 431 2609 471 ac
2640 416 2768 471 sitis
2792 431 2864 471 ea
2918 414 3114 470 divina
3161 427 3278 484 qua
3322 409 3694 466 afﬁciebatur

311 501 412 568 τὴν
443 498 624 574 φλόγα
653 497 896 574 ἐδρόσιζε
922 506 1023 569 τῆς
1049 505 1144 554 τοῦ
1169 497 1362 564 ὕδατος
1391 497 1570 574 δίψης.

387 587 447 644 Ὁ
481 584 538 641 δὲ
573 586 868 660 μισόκαλος
895 588 986 643 καὶ
1013 589 1269 664 φθονερὸς
1303 583 1584 658 διάϐολος,
1619 588 1694 661 μή
1749 587 1947 665 ὑποφέο

313 696 420 750 ρων
455 674 507 730 ἐν
539 675 683 748 αὖτῷ
711 677 809 746 τὴν
848 676 1104 747 τοιαύτην
1165 678 1291 753 ὁρᾷν
1351 677 1604 753 πρόθεσιν
1660 677 1750 732 καὶ
1808 675 1948 730 οὕτω

322 763 658 840 θερμοτάτην
687 765 822 836 πρὸς
874 764 966 819 τὸν
1020 765 1148 820 Θεὸν
1207 767 1446 841 ἀγάπην,
1505 763 1752 827 πολλοὺς
1803 764 1950 836 αὖτῷ

312 852 448 908 κατὰ
492 854 590 922 τὴν
648 847 854 925 ἔρημον
913 853 1156 928 ἐξήγειρε
1210 853 1566 927 πειρασμοὺς,
1621 848 1947 909 ὑποϐάλλων

311 940 458 1013 αὐτῷ
484 942 596 1015 (53)
631 943 856 1014 μνήμην
912 948 1012 1011 τῆς
1073 942 1364 1018 βασιλικῆς
1421 942 1585 998 αὐτοῦ
1643 940 1803 1015 δόξης
1858 940 1948 996 καὶ

311 1035 409 1098 τῆς
463 1029 873 1104 παρισταμένης
929 1031 1080 1102 αὖτῷ
1140 1030 1533 1106 λαμπροτάτης
1601 1027 1948 1105 δορυφορίας,

308 1116 483 1196 φίλων
514 1139 573 1172 τε
627 1119 718 1172 καὶ
778 1122 1045 1196 συγγενῶν
1103 1119 1192 1174 καὶ
1252 1117 1567 1193 ὁμηλίκων,
1617 1118 1707 1174 καὶ
1766 1119 1842 1182 ὡς
1895 1118 1951 1172 αἱ

305 1209 519 1263 πάντων
548 1206 722 1282 ψυχαὶ
746 1214 847 1277 τῆς
903 1207 1069 1262 αὐτοῦ
1116 1209 1415 1283 ὶξήρτηντο
1470 1210 1682 1282 ψυχῆς,
1735 1205 1947 1268 καὶτὰς

305 1294 477 1358 ἄλλοις
509 1295 718 1358 ἀοὲσεις
743 1300 841 1352 τοῦ
874 1295 1016 1372 βίου·
1077 1297 1191 1352 εἶτα
1239 1299 1302 1353 τὸ
1355 1296 1539 1372 τραχὺ
1597 1303 1697 1366 τῆς
1754 1296 1952 1370 ἀρετῆς

304 1380 678 1461 προεϐάλλετο
709 1384 798 1439 καὶ
829 1385 954 1448 τοὺς
991 1383 1241 1448 πολλοὺς
1297 1386 1471 1456 αὐτῆς
1524 1383 1758 1460 ἱδρῶτας
1815 1389 1946 1456 (53),

305 1477 403 1529 τοῦ
437 1472 689 1546 σώματός
719 1493 777 1528 τε
813 1475 912 1544 τήν
970 1473 1248 1530 ἀσθένειαν
1299 1473 1390 1530 καὶ
1440 1475 1501 1529 τὸ
1545 1473 1804 1546 ἀσύνηθες
1855 1472 1953 1528 αὗ-

308 1565 406 1618 τοῦ
438 1560 489 1616 ἑν
517 1566 587 1636 τῇ
645 1560 866 1636 τοιαύτῃ
924 1561 1295 1637 ταλαιπωρίᾳ,
1353 1563 1442 1618 καὶ
1495 1567 1591 1618 τοῦ
1642 1563 1843 1638 χρόνου
1889 1561 1953 1616 τὸ

315 1657 517 1724 μῆκος,
547 1651 645 1720 τὴν
679 1649 730 1705 ἐν
764 1648 952 1726 χερσίν
983 1671 1042 1706 τε
1101 1651 1332 1726 ανάγκην
1377 1655 1476 1718 τῆς
1524 1648 1706 1725 δίψης,
1759 1650 1848 1705 καὶ
1889 1650 1952 1704 τὸ

311 1735 628 1813 μηδαμόθεν
681 1735 993 1814 ἐκδέχεσθαι
1045 1739 1389 1814 παράκλησιν
1418 1737 1636 1811 ἣτὲλος
1681 1742 1776 1794 τοῦ
1823 1758 1947 1793 τοσ-

311 1825 473 1882 ούτου
499 1826 692 1880 κόπων
727 1826 815 1880 καὶ
848 1824 994 1889 ὃλως
1025 1825 1200 1882 πολὺν
1253 1827 1398 1900 αὐτῷ
1443 1827 1628 1903 ἤγειρε
1669 1825 1948 1902 κονιορτὸν

305 1919 414 1971 τῶν
448 1913 733 1990 λογισμῶν
766 1913 818 1970 ἐν
849 1918 919 1988 τῇ
951 1912 1163 1986 διανοίᾳ
1189 1917 1326 1990 (54),
1348 1917 1486 1979 καθά
1532 1936 1637 1970 που
1686 1916 1775 1970 καὶ
1823 1915 1946 1988 περὶ

308 2008 405 2060 τοῦ
439 2002 680 2080 μεγάλου
711 2003 1008 2080 γέγραπται
1039 2008 1190 2062 341
1228 2005 1546 2062 Ἀντωνίου.

2067 501 2195 556 sitis
2224 518 2390 572 aquae
2421 503 2723 560 ﬂammam
2755 504 3078 559 minuebat.

2124 591 2341 644 Atvero
2356 591 2456 646 ille
2470 592 2611 647 boni
2631 593 2908 647 inimicus
2933 598 2990 646 et
3010 589 3245 646 invidus
3267 587 3558 653 diabolus,
3580 587 3689 640 hu-

2047 677 2311 749 jusmodi
2330 681 2510 735 animi
2535 681 2872 736 institutum
2893 686 3070 751 atque
3093 695 3279 750 usque
3301 677 3446 732 adeo
3466 675 3687 730 arden-

2056 771 2175 821 tem
2224 768 2410 838 ipsius
2463 785 2599 842 erga
2648 771 2831 824 Deum
2880 769 3227 824 charitatem
3273 764 3687 837 indignissimo

2055 857 2252 911 animo
2285 859 2672 929 perspiciens,
2707 859 2923 914 multas
2953 858 3066 929 ipsi
3098 857 3160 910 in
3191 854 3511 910 solitudine
3561 858 3691 907 ten-

2056 944 2308 1000 tationes
2331 946 2642 1012 excitabat,
2695 947 2868 1018 regis:
2925 945 3207 1000 nimirum
3256 943 3443 1014 ipsius
3491 940 3692 1012 gloriae

2057 1031 2673 1105 splendidissimisque
2692 1035 3016 1090 satellitum
3030 1049 3264 1097 manus,
3284 1028 3692 1100 quaipsiusla-

2057 1125 2151 1175 tus
2173 1121 2329 1192 cingi
2355 1121 2787 1193 solebat.atque
2801 1123 3124 1178 amicorum
3141 1121 3282 1174 item
3302 1123 3362 1173 et
3376 1116 3697 1186 aequalium

2055 1211 2406 1266 memoriam
2437 1211 2548 1282 ipsi
2580 1211 2904 1278 refricans;
2946 1209 3213 1279 illudque
3254 1209 3394 1262 item
3451 1205 3563 1276 ipsi
3613 1203 3686 1258 ob

2057 1298 2318 1353 animum
2343 1315 2700 1371 proponens,
2733 1299 2999 1354 omnium
3021 1298 3249 1354 animas
3268 1313 3337 1351 ex
3362 1294 3549 1365 ipsius
3562 1293 3694 1346 ani-

2057 1401 2156 1440 ma
2175 1386 2453 1458 pendere,
2479 1403 2546 1442 ac
2567 1387 2827 1457 reliquas
2852 1387 3106 1456 denique
3128 1385 3275 1440 alias
3297 1383 3544 1454 hujusce
3557 1381 3690 1434 vitae

2061 1473 2490 1530 oblectationes
2545 1475 2660 1546 ipsi
2702 1475 3008 1546 objiciens.
3067 1477 3144 1528 Ac
3185 1471 3400 1527 deinde
3462 1468 3697 1522 virtutis

2058 1562 2458 1633 asperitatem,
2490 1568 2667 1634 atque
2707 1563 2975 1634 ingentes
3009 1562 3137 1633 ejus
3159 1560 3404 1615 sudores
3427 1557 3538 1628 ipsi
3561 1573 3693 1627 pro-

2057 1651 2332 1722 ponebat,
2389 1654 2652 1724 corporis
2711 1652 3180 1708 imbecillitatem
3238 1655 3296 1704 et
3360 1649 3694 1716 inexpertas

2057 1745 2233 1811 atque
2265 1741 2528 1796 insuetas
2559 1758 2874 1809 aerumnas,
2909 1746 2968 1795 et
2996 1739 3279 1811 temporis
3301 1734 3697 1808 longinquita-

2057 1834 2198 1896 tem,
2231 1845 2299 1884 ac
2330 1835 2682 1901 praesentem
2714 1831 2841 1885 sitis
2895 1828 3362 1901 oppressionem,
3414 1823 3691 1895 quodque

2056 1917 2224 1972 nulla
2251 1934 2322 1973 ex
2347 1923 2511 1990 parte
2545 1919 2870 1974 eonsolatio
2899 1918 3022 1972 ulla
3050 1917 3162 1988 ipsi
3185 1913 3578 1986 exspectanda
3599 1927 3688 1965 es-

2057 2011 2166 2076 set,
2200 2011 2302 2061 aut
2330 2007 2480 2061 tanti
2509 2007 2729 2062 laboris
2774 2011 3071 2078 tantasque
3117 2003 3477 2076 fatigationis
3527 2000 3689 2055 finis.

379 2096 462 2150 Ac
487 2094 742 2165 denique
773 2095 1072 2166 ingentem
1104 2096 1164 2150 in
1204 2095 1388 2168 ipsius
1416 2095 1638 2164 animo,
1665 2092 2164 2166 quemadmodum
2195 2094 2452 2166 quodam
2483 2094 2612 2150 loco
2643 2095 2714 2150 de
2746 2111 2956 2167 magno
2979 2093 3232 2149 Antonio
3257 2092 3557 2164 proditum
3577 2092 3684 2155 est,

312 2182 733 2255 cogitationum
765 2183 1067 2253 pulverem
1097 2182 1520 2240 commovebat.

381 2269 467 2330 Ὠς
500 2265 556 2322 δὶ
587 2265 719 2322 εἶδεν
755 2267 940 2322 ἑαυτὸν
975 2269 1003 2322 6
1058 2267 1256 2343 ἐχθρὸς
1307 2267 1622 2324 άσὲενοῦντα
1671 2268 1804 2342 πρὸς
1861 2269 1954 2337 τὴν

320 2355 524 2412 ἐκείνου
553 2356 804 2430 πρόθεσιν
859 2357 971 2430 (τὸν
1028 2357 1257 2433 Χριστὸν
1315 2359 1420 2433 γὰρ
1467 2356 1626 2421 αὐτὸς
1680 2355 1952 2428 ἐνθυμού-

319 2466 476 2518 μενος
508 2445 598 2499 καὶ
627 2447 708 2516 τῷ
737 2443 940 2498 ἐκείνου
999 2446 1154 2518 πόθῳ
1204 2445 1562 2523 φλεγόμενος,
1613 2443 1954 2521 ῥωννύμενύς

319 2555 378 2589 τε
404 2532 586 2595 καλῶς
616 2536 684 2605 τῇ
742 2529 925 2587 ἐλπίδι
972 2533 1062 2587 καὶ
1089 2537 1158 2606 τῇ
1198 2533 1372 2588 πίστει
1422 2533 1832 2607 στηριζόμενος,
1873 2531 1950 2594 εἷς

320 2620 471 2677 οὐδὲν
502 2623 597 2682 τὰς
628 2619 833 2675 ἐκείνου
881 2615 1187 2696 ὑπερϐολάς
1233 2619 1550 2696 ἐλογίζετο),
1600 2619 1948 2695 κατῃσχύνθη

320 2712 349 2766 6
375 2709 644 2782 πολέμιος
675 2708 732 2763 ἐκ
761 2710 1005 2783 πρώτης,
1039 2710 1070 2763 ὅ
1095 2706 1332 2783 λὲγεται,
1382 2705 1704 2783 προσϐολῆς
1749 2707 1950 2776 πεσών,

319 2799 534 2872 Ἔπέραν
567 2797 657 2852 οὖν
691 2796 908 2872 ἔρχεται
940 2794 1064 2852 ὁδόν
1120 2795 1351 2871 (πολλαὶ
1399 2797 1502 2874 γὰρ
1553 2798 1700 2869 αὐτῷ
1745 2797 1801 2851 αῖ
1850 2802 1950 2865 τῆς

316 2887 508 2947 κακίας
533 2880 758 2960 τρίϐοι),
788 2886 879 2940 καὶ
915 2884 1258 2958 ’σαντάσμασι
1310 2883 1588 2947 ποικίλοις
1636 2883 1949 2957 ἀνατρέπειν

320 2974 478 3030 αὐτὸν
504 2973 753 3048 ἐπειρᾶτο
778 2974 865 3028 καὶ
916 2973 991 3036 εἷς
1058 2971 1265 3030 δείλίαν
1322 2969 1605 3047 ἐμϐαλεῖν,
1663 2973 1796 3028 ποτὶ
1854 2972 1948 3045 μὶν

325 3063 492 3136 μὲλας
521 3063 666 3136 αὖτῷ
723 3061 1074 3141 φαινόμενος,
1133 3062 1246 3125 οἷός
1301 3061 1432 3117 ἐστι·
1491 3063 1624 3117 ποτε
1674 3059 1750 3130 δὶ,
1813 3060 1948 3136 ῥομ-

318 3120 490 3228 φαίαν⁷
533 3120 900 3223 ἕσπάσμίένην·
956 3120 1245 3226 κατέχων,
1298 3149 1541 3222 ἐπεπήδα
1609 3120 1776 3223 αὐτῶ,
1813 3120 1822 3136 Ι
1859 3120 1950 3204 καὶ
1981 3120 2023 3187 C

312 3237 537 3309 πατάξαι
570 3238 812 3308 ἠπείλει,
846 3238 891 3293 εἰ
920 3239 997 3312 μὴ
1032 3244 1221 3302 θᾶττον
1255 3237 1332 3300 εἷς
1379 3240 1447 3294 τὰ
1495 3238 1670 3294 ὀπίσω
1718 3245 1948 3315 στραφῆ·

317 3327 521 3383 ἄλλοτε
552 3325 755 3401 θηρίων
791 3327 1072 3402 ὑπήρχετο
1123 3326 1484 3383 παντοδαπῶν
1537 3327 1770 3405 μορφὰς,
1822 3327 1955 3402 βρυ-

322 3417 439 3491 χῶν
465 3417 582 3470 κατ’
612 3415 774 3469 αὐτοῦ
833 3415 922 3468 καὶ
967 3412 1273 3470 δεινότατον
1329 3413 1610 3470 ἀποτελῶν
1669 3415 1954 3487 μυκηθμὸν

317 3505 409 3560 καὶ
440 3503 632 3580 ψόφον·
668 3504 779 3557 εἶτα
831 3502 922 3557 καὶ
969 3503 1044 3564 εἷς
1097 3501 1363 3576 δράκοντα
1410 3508 1822 3581 μετεμορφοῦτο
1863 3503 1953 3557 καὶ

316 3591 517 3648 ἀσπίδα
546 3592 636 3647 καὶ
671 3588 986 3666 βασιλίσκον
1019 3593 1150 3666 (55).
1183 3593 1242 3648 Ὀ
1294 3591 1350 3647 δὲ
1399 3592 1567 3653 καλὸς
1617 3591 1817 3655 ἐκεῖνος
1865 3591 1954 3646 καὶ

315 3679 690 3754 γενναιότατος
731 3677 978 3748 ἀθλητής
1035 3679 1271 3752 ἀτρὲμας
1327 3683 1392 3750 ἦν
1438 3681 1540 3748 τὴν
1598 3682 1804 3755 ψυχὴν,
1861 3679 1956 3734 ’ἁτε

318 3764 384 3836 δὴ
417 3769 505 3821 τὸν
555 3765 776 3841 ὕψιστον
838 3768 1027 3822 ὲαττοῦ
1082 3770 1391 3845 καταφυγὴν
1451 3769 1694 3842 θὲμενος.
1747 3770 1950 3846 Νήφων

318 3853 493 3929 δὶ
553 3853 767 3928 διανοίᾳ
820 3856 906 3910 καὶ
968 3859 1077 3929 (56)
1132 3855 1472 3932 κατεγγελῶν
1529 3863 1625 3912 τοῦ
1682 3863 1953 3930 πονηροῦ,

317 3939 525 4019 ἔλεγεν*
584 3944 699 4001 Οὐκ
755 3939 942 4006 ἔλαθες
1003 3965 1089 4016 με,
1149 3945 1194 3998 ὧ
1244 3945 1511 4014 ἀπατεὼν,
1570 3944 1718 4007 ὅστις
1802 3947 1865 4012 εἴ,
1925 3947 1952 4000 ὁ

313 4034 482 4087 ταῦτά
515 4054 608 4105 μοι
658 4031 898 4108 ἐγείρων,
933 4033 960 4086 6
995 4031 1046 4102 ἐξ
1104 4033 1284 4107 ἀρχῆς
1341 4034 1478 4087 κακᾶ
1535 4035 1952 4106 τεκταινόμενος

317 4125 425 4175 τῶν
460 4120 759 4196 ἀνθρώπων
790 4121 870 4192 τῷ
899 4121 1059 4196 γένει,
1119 4121 1209 4175 καὶ
1261 4121 1341 4176 ἀεί
1391 4141 1525 4176 ποτε
1580 4123 1821 4196 πονηρὸς
1879 4123 1951 4177 ὥν

317 4209 408 4262 καὶ
459 4211 522 4264 τὸ
583 4207 838 4282 βλάπτειν
925 4206 1182 4281 οὐδαμῶς
1247 4209 1582 4265 ἀπολείπων.
1662 4209 1820 4266 Ἀλλ’
1879 4212 1954 4273 ὼς

320 4296 605 4372 προσῆκόν
635 4319 723 4350 σοι
752 4297 814 4350 τὸ
873 4303 1066 4371 σχῆμα
1118 4298 1208 4350 καὶ
1267 4296 1622 4366 οἴκειότατον,
1681 4297 1828 4369 αὖτῷ
1886 4297 1951 4368 δὴ

321 4384 499 4458 τούτῳ
549 4390 629 4455 τῷ
682 4383 893 4460 θηρίοις
949 4385 1038 4438 καὶ
1095 4385 1340 4458 ἑρπετοῖς
1397 4388 1549 4443 342
1609 4387 1952 4457 ὁμοιοῦσθαι,

2137 2271 2418 2326 Utautem
2439 2271 2515 2327 ad
2536 2270 3011 2327 labefactandum
3028 2270 3216 2341 ipsius
3237 2267 3422 2324 animi
3446 2264 3694 2320 institu-

2064 2360 2189 2412 tum
2211 2359 2570 2414 imbecillem
2590 2359 2776 2414 hostis
2797 2359 2900 2415 ille
2923 2376 2984 2414 se
3005 2359 3149 2413 vidit
3184 2357 3504 2428 (Christum
3535 2352 3696 2408 enim

2063 2447 2188 2517 ipse
2213 2448 2323 2502 sibi
2343 2447 2414 2502 ob
2429 2448 2694 2502 animum
2717 2445 3460 2519 proponens,atqueipsius
3476 2441 3699 2496 deside-

2063 2536 2150 2590 rio
2165 2536 2817 2607 inﬂammatus,speque
2839 2536 3066 2608 egregie
3087 2536 3566 2598 confirmatus,ac
3579 2530 3694 2584 ﬁde

2065 2624 2539 2691 subnixus,illius
2560 2625 2877 2680 instinctus
2904 2629 2962 2678 et
2981 2624 3228 2678 consilia
3253 2637 3357 2692 pro
3378 2619 3567 2674 nihilo
3589 2618 3699 2672 du-

2061 2713 2272 2785 cebat),
2300 2715 2523 2785 pudore
2545 2716 2804 2769 suffusus
2834 2719 2940 2780 est,
2964 2719 3165 2783 utpote
3188 2711 3262 2765 ad
3297 2710 3576 2781 primum,
3631 2711 3697 2761 ut

2063 2801 2178 2856 dici
2203 2802 2373 2869 solet,
2394 2802 2681 2872 impetum
2704 2807 3050 2873 prostratus.
3075 2802 3439 2870 Quapropter
3451 2796 3697 2850 alteram

2059 2889 2211 2944 viam
2234 2889 2384 2943 inire
2406 2891 2582 2961 cmpit
2608 2890 2843 2950 (multas
2889 2889 3106 2960 quippe
3138 2888 3251 2958 ipsi
3281 2886 3405 2940 vitii
3451 2883 3692 2939 semitas

2059 2978 2282 3050 habet),
2305 2995 2373 3034 ac
2393 2980 2568 3034 variis
2590 2980 2837 3051 spectris
2862 2995 2996 3034 eum
3021 2982 3279 3033 evertere
3301 2974 3552 3045 atquein
3567 2989 3692 3027 me-

2060 3073 2186 3120 tum
2199 3067 2493 3138 conjicere
2508 3068 3269 3135 nitebatur.Nonnunquam
3292 3063 3449 3118 enim
3473 3061 3698 3131 aterip-

2063 3155 2206 3223 si,ut
2220 3155 2658 3226 est,apparebat
2671 3170 3121 3224 ;nonnunquam
3143 3168 3348 3207 rursus
3365 3151 3697 3205 districtum

2061 3242 2321 3314 gladium
2366 3248 2595 3308 tenens,
2629 3244 2689 3296 in
2727 3259 2863 3298 eum
2889 3243 3175 3313 impetum
3205 3239 3476 3305 faciebat,
3516 3252 3694 3306 seque

2065 3345 2223 3398 eum,
2249 3331 2366 3386 nisi
2389 3348 2567 3402 quam
2588 3331 2846 3402 primum
2869 3329 2942 3385 ab
2965 3330 3237 3384 instituto
3260 3327 3536 3393 resiliret,
3560 3342 3695 3396 per-

2063 3436 2377 3476 cussurum
2394 3421 2749 3476 minabatur.
2781 3419 3144 3489 Quandoque
3176 3433 3380 3473 rursus
3409 3417 3702 3470 variarum

2062 3506 2388 3562 bestiarum
2405 3507 2657 3562 formam
2681 3508 2934 3575 subibat,
2953 3507 3231 3561 adversus
3249 3506 3444 3576 ipsum
3462 3503 3703 3574 rugiens

2065 3610 2133 3649 ac
2179 3611 2466 3665 perquam
2519 3595 2884 3650 horrendum
2925 3595 3213 3666 mugitum
3270 3598 3328 3648 et
3389 3591 3703 3662 strepitum

2067 3682 2247 3738 edens
2270 3703 2284 3751 ;
2318 3688 2494 3753 atque
2519 3684 2696 3738 etiam
2719 3684 2780 3737 in
2802 3683 3076 3738 draconis
3097 3686 3156 3736 et
3179 3680 3400 3751 aspidis
3427 3685 3485 3733 et
3513 3677 3702 3750 reguli

2062 3770 2312 3826 formam
2345 3788 2472 3826 sese
2504 3771 2752 3826 subinde
2772 3771 3142 3826 immutabat.
3166 3773 3240 3824 At
3263 3767 3580 3839 praaclarus
3597 3765 3699 3820 ille

2065 3876 2133 3914 ac
2163 3859 2612 3914 strenuissimus
2637 3860 2800 3931 pugil
2825 3859 3145 3928 tranquillo
3177 3857 3374 3913 animo
3405 3855 3699 3910 consiste-

2065 3947 2183 4015 bat,
2214 3948 2399 4018 utqui
2428 3948 2822 4014 Altissimum,
2855 3947 3184 4020 perfugium
3213 3961 3387 4000 suum
3408 3943 3703 4014 posuisset

2064 4035 2233 4108 (Psal.
2255 4037 2365 4101 xc).
2395 4042 2474 4091 Ac
2493 4042 2690 4091 mente
2713 4036 3029 4102 excubans,
3044 4034 3509 4108 pestiferumque
3527 4031 3704 4102 spiri—

2065 4128 2190 4180 tum
2239 4125 2514 4192 irridens,
2547 4125 2815 4181 dicebat:
2851 4127 2976 4181 Non
3007 4141 3101 4180 me
3130 4125 3296 4196 fugit,
3329 4139 3361 4177 o
3392 4123 3701 4192 impostor,

2065 4214 2308 4284 quinam
2355 4215 2456 4281 sis,
2490 4213 2593 4283 qui
2624 4214 2750 4268 haec
2781 4214 2842 4268 in
2873 4230 2967 4268 me
2999 4213 3250 4268 excites:
3283 4211 3567 4265 nimirum
3599 4207 3700 4277 qui

2057 4301 2333 4372 jaminde
2358 4302 2429 4355 ab
2453 4302 2621 4355 initio
2647 4301 2985 4355 mortalium
3009 4301 3208 4372 generi
3232 4298 3552 4370 perniciem
3577 4312 3702 4351 mo-

2065 4390 2366 4458 liaris,nec
2388 4406 2648 4459 unquam
2666 4391 3026 4462 improbitati
3043 4390 3276 4445 studere
3297 4405 3365 4444 ac
3377 4403 3698 4442 nocumen-

317 4473 382 4528 τὸ
409 4470 675 4549 θηριῶδες
704 4493 798 4526 σου
827 4479 925 4542 τῆς
951 4473 1180 4548 γνώμης
1209 4473 1300 4528 καὶ
1348 4471 1592 4542 σκολιὰν,
1647 4469 1866 4529 ἰοϐόλον
1896 4495 1954 4530 τε

2063 4483 2187 4533 tum
2213 4478 2432 4532 inferre
2455 4477 2710 4534 desinas.
2735 4481 2816 4534 Ac
2842 4495 2983 4534 sane
2998 4494 3174 4549 quam
3197 4477 3441 4548 pulchre
3473 4475 3576 4530 tibi
3599 4475 3695 4530 hic

317 4561 406 4616 καὶ
461 4560 760 4637 βλαπτικὸν
817 4567 919 4630 τῆς
973 4563 1304 4636 πρσιρὲσεως
1355 4559 1746 4635 ἐνδεικνυμένῳ
1803 4566 1949 4635 (53)Ῑ

317 4651 384 4708 Τί
418 4651 510 4705 οὖν
539 4647 822 4720 ἀνηνύτοις
851 4646 1168 4724 ἐπιχειρεῖς,
1201 4647 1394 4720 ἄθλιες
1435 4649 1584 4721 ὲξότε
1630 4652 1731 4726 γὰρ
1783 4649 1955 4726 ἔγνων

2056 4567 2292 4622 habitus
2309 4566 2577 4637 quadrat!
2604 4568 2748 4621 Nam
2769 4568 2882 4622 hoc
2903 4568 3028 4638 ipso
3053 4567 3209 4637 quod
3232 4567 3450 4620 bestias
3473 4569 3531 4619 et
3559 4581 3692 4634 rep-

2057 4655 2692 4724 tiliaimitaris,mentis
2708 4661 2819 4710 tua;
2839 4655 3135 4711 feritatem
3153 4660 3212 4710 et
3230 4653 3695 4726 perversitatem,

384 4855 495 4929 (_5_2)
525 4857 574 4929 ᾼ
604 4854 732 4929 sine
761 4850 927 4924 αὐτῷ.
960 4852 1516 4929 Restituam_obiter
1554 4853 2031 4929 _Luciano_,fAsgin.
2064 4859 2153 4926 23,
2184 4857 2476 4922 voculam,
2505 4874 2622 4928 qua
2669 4875 2861 4929 neque
2907 4875 3109 4915 carere
3156 4859 3404 4929 videtur,
3449 4871 3700 4929 quaeque

315 4919 515 4980 addita
543 4925 656 4981 loci
686 4919 952 4996 leporem
980 4923 1215 4996 augebit
1240 4919 1337 4996 [(57
1357 4921 1493 4978 καλὲ
1521 4923 1605 4991 σὺ,
1641 4931 1731 4980 est
1759 4919 1916 4982 edita
1946 4928 1978 4981 lt

2064 4919 2158 4993 io';
2197 4929 2383 4984 codex
2417 4919 2613 4982 autem
2643 4919 2784 4983 1316
2811 4931 3066 4995 exhibet,
3101 4930 3145 4981 ὦ
3174 4925 3307 4981 καλε
3336 4919 3422 4980 esse
3453 4919 3538 4982 ᾱύ.

387 4996 498 5072 (59)
529 4994 882 5072 Dictum'nest
912 4994 1148 5072 Hesiodi
1180 4994 1399 5072 nobile,
1432 4996 1590 5072 quod
1613 5002 1823 5072 auctor
1850 4999 2127 5072 respexit,
2170 5005 2272 5072 aut
2324 5016 2484 5072 non;
2536 5006 2619 5072 ut_
2654 5007 2713 5053 et
2764 5018 2820 5072 p.
2848 5006 2997 5072 7197.
3049 5001 3260 5072 Confer
3307 5015 3437 5072 quae
3491 4998 3697 5051 monui

320 5065 555 5150 adlles.
590 5068 733 5138 Opp.
927 5065 1419 5150 lsidorus'Pel.~v,
1447 5065 1585 5150 480.:
1612 5067 1744 5127 Τοῖς
1773 5072 1874 5150 τῆς
1921 5065 1978 5141 ai;

2063 5065 2121 5150 ἧς
2154 5068 2369 5150 πόνριςῂ
2397 5067 2456 5150 ἐκ
2511 5067 2734 5140 πρώτης
2764 5065 2959 5144 ’μέχρι
3015 5069 3272 5138 τελευτῆς

3358 5073 3697 5144 γκαρτερῆσα

322 5134 429 5209 δύχ
454 5137 577 5213 uidi
601 5134 697 5213 τξξ
716 5137 791 5208 μὴ
813 5143 912 5204 τῆς
939 5134 1416 5213 προσδοκ-ίλαςλτῶν
1443 5134 1975 5213 γερῶνηκιρναμὲνης
2001 5134 2182 5213 ἡρέμα
2211 5144 2292 5211 τῷ
2320 5136 2530 5213 ἱδρῶτι.

389 5208 502 5299 (fit?
531 5209 1222 5299 XsrPaéPatAtksaa?“
1260 5209 1384 5299 xm
1415 5208 1713 5299 φιξοηίίβ
1735 5213 1788 5277 δν
1822 5212 1921 5299 sui
1941 5212 1978 5299 ἐκ

2063 5208 2118 5268 Is
2147 5208 2561 5299 co‘ni'erendus.
2598 5214 2662 5274 Α,
2684 5208 3148 5299 Ἷέςήγειρενὶαέτιῦ
3178 5209 3380 5266 κόνιον.

529 5280 682 5354 Psal.
724 5296 815 5346 xc,
839 5281 970 5354 _13_:_
991 5278 1110 5354 Ἐπὶ
1143 5275 1462 5354 ἀσπίδα
1499 5275 2103 5354 βασικίσκονῆἒπιϐήσῃ,
2137 5283 2225 5336 καὶ
2258 5283 2652 5349 καταπατήσεις
2684 5275 2993 5354 λέοντάκαὶ
3027 5275 3311 5354 δράκοντα.

388 5348 504 5421 (56)
537 5354 584 5406 A
614 5352 742 5405 sine
766 5349 876 5404 καὶ.
911 5350 1325 5416 Philostratus,
1358 5353 1400 5404 E
1445 5348 1539 5406 ist.
1572 5353 1640 5405 26
1667 5368 1681 5406 :
1715 5351 1776 5406 Ὁ
1822 5348 1879 5404 δὲ
1925 5351 1978 5407 'E

388 5437 468 5475 ne
495 5421 716 5475 dunlici
748 5419 961 5475 conula
982 5420 1164 5475 codex
1197 5421 1372 5475 Vaiic.
1405 5368 1542 5475 ξιιοε
1572 5421 1662 5475 καὶ
1693 5441 1842 5475 mor.
1881 5423 1978 5475 Dio

2063 5348 2134 5422 ίῆς
2185 5358 2332 5424 κομᾷ
2383 5348 2639 5427 κροτάφῳ
2693 5351 2783 5405 καὶ
2831 5356 2948 5413 τοῖς
3007 5348 3251 5475 σφυροῖς.
3311 5355 3436 5408 Non
3467 5352 3700 5421 impor-

2077 5425 2281 5475 Chrvs.
2313 5431 2460 5475 orat.
2495 5426 2581 5475 11.
2631 5439 2759 5475 nae.
2812 5425 2934 5475 310.
2983 5428 3058 5475 2:
3153 5424 3206 5475 αὶ
3250 5427 3419 5475 ταῦτα
3465 5420 3700 5475 αὐλούν-

323 5425 468 5476 tune
488 5419 716 5493 duplici
748 5419 961 5493 copula
982 5420 1164 5476 codex
1197 5421 1372 5493 Vaiic.

1441 5424 1547 5497 4οε
1572 5421 1662 5475 καὶ
1681 5441 1842 5497 ρῳοτ.
1881 5421 2044 5497 Dion.
2077 5421 2221 5497 Chry
2235 5421 2287 5497 εξ
2313 5421 2460 5481 crat.
2495 5421 2581 5497 tl,
2614 5421 2759 5495 pag.
2812 5425 2934 5492 310,
2983 5428 3016 5478 2
3045 5421 3058 5478 ἑ

3153 5424 3206 5478 αὶ
3250 5427 3419 5478 ταῦτα
3465 5420 3704 5476 αὐλούν-

328 5510 440 5564 των
469 5491 560 5564 καὶ
579 5488 1176 5564 ’ᾀδόντων-,ἀνέχονταιη
1198 5491 1392 5564 Codex
1417 5494 1578 5564 2958,
1607 5492 1698 5546 καὶ
1726 5488 1778 5550 τ.
1811 5492 1978 5564 καὶ-αἰ

2088 5488 2213 5552 Νθᾰ
2233 5495 2293 5552 id
2325 5497 2454 5552 sine
2475 5495 2550 5549 vi.

397 5563 508 5634 (57)
537 5558 648 5636 AC,
681 5561 811 5619 αὐτὸ
842 5558 910 5632 δὴ
938 5558 1099 5619 τόὗτο
1127 5561 1189 5617 τὸ
1217 5571 1318 5625 0'...
1343 5558 1609 5636 θηριῶδες
1637 5581 1815 5626 που...
1844 5561 2264 5642 ἐνδεικνύμενος.
