3964 6144
249 274 388 332 1215

1772 270 2110 323 ADDENDA
2121 310 2133 323 .

3500 270 3645 325 1216

246 398 619 456 inferendam
656 397 1185 470 promptitudinem
1200 398 1592 453 demonstras.
1615 394 1760 460 Quid
1782 395 1889 466 igi-

2010 399 2104 461 τῆς
2163 398 2261 463 σῆς
2317 396 2451 448 εἶναι
2508 394 2695 458 κακίας
2749 395 2813 448 τὰ
2875 395 3250 467 μηχανήματα
3305 396 3472 447 ταῦτα
3546 394 3639 447 καί

246 494 401 557 tur,o
421 490 701 555 miser,ea
725 489 1062 559 aggrederis
1082 506 1208 559 quae
1227 489 1521 543 conﬁcere
1539 503 1657 541 non
1681 489 1846 556 potes
1864 482 1892 537 ?

245 580 327 632 Ex
340 594 456 647 quo
475 578 632 631 enim
650 578 752 632 has
772 582 927 631 artes
946 582 1120 647 atque
1136 578 1259 631 haac
1274 582 1504 647 spectra
1517 591 1551 629 a
1569 581 1667 629 tua
1679 574 1890 643 impro-

245 667 428 721 bitate
449 666 743 737 proﬁcisci
766 666 1224 736 comperi,nulla
1241 666 1370 737 jam
1394 666 1532 719 hinc
1548 662 1896 719 sollicitudi-

246 772 323 809 ne
340 754 586 809 afﬁcior.
613 754 891 808 Dominus
912 754 1059 807 mihi
1076 753 1168 824 adj
1180 759 1313 807 utor
1334 771 1345 807 :
1367 758 1425 808 et
1446 770 1550 823 ego
1574 752 1891 822 despiciam

245 843 521 897 inimicos
576 858 741 896 meos
790 843 954 905 (Psal.
1007 842 1192 911 cxvn).
1237 844 1305 895 Et
1336 858 1512 911 super
1541 840 1805 911 aspidem
1840 837 1896 892 et

244 930 611 997 basiliscum,
644 945 897 999 quorum
929 930 990 983 in
1025 929 1476 984 similitudinem
1529 926 1894 999 expressisti,

256 1018 777 1088 ambulabo,atque
808 1018 1021 1071 Christi
1048 1019 1311 1089 potentia
1332 1016 1898 1079 corroboratus,leo-

252 1123 392 1163 nem
424 1112 482 1161 et
507 1106 825 1161 draconem
857 1106 1213 1161 conculcabo
1247 1108 1412 1173 (Psal.
1471 1106 1584 1176 xc).
1638 1104 1894 1159 Confun-

252 1194 469 1250 dantur
499 1199 558 1249 et
586 1194 943 1249 erubescant
973 1211 1183 1249 omnes
1213 1194 1440 1249 inimici
1472 1194 1611 1259 mei,
1647 1193 1892 1248 confun-

251 1282 468 1337 dantur
498 1287 555 1335 et
588 1282 944 1337 erubescant
974 1282 1142 1337 valde
1174 1282 1457 1337 velociter
1487 1282 1657 1354 (Psal.
1690 1282 1785 1352 γι).

319 1372 437 1425 Hac
470 1370 737 1425 oratione
766 1376 962 1437 utens,
998 1371 1309 1442 crucisque
1347 1372 1534 1443 signo,
1567 1371 1677 1425 hoc
1700 1375 1787 1423 est
1807 1369 1895 1423 in-

248 1460 416 1515 victis
439 1460 620 1514 armis
646 1459 915 1530 seipsum
945 1460 1210 1532 cingens,
1237 1461 1438 1515 omnia
1468 1459 1685 1514 diaboli
1732 1474 1900 1529 spec-

251 1553 342 1603 tra
358 1548 525 1603 irrita
539 1546 813 1601 reddidit.
825 1547 1144 1602 Confestim
1175 1548 1339 1601 enim
1355 1548 1559 1602 bestiae
1581 1564 1647 1601 ac
1663 1545 1900 1617 reptilia

252 1638 441 1691 instar
466 1636 612 1690 fumi
655 1641 1039 1704 evanuerunt,
1075 1641 1132 1689 et
1162 1637 1314 1689 sicut
1342 1636 1474 1690 fluit
1526 1652 1661 1690 cera
1690 1651 1723 1689 a
1751 1633 1899 1688 facie

2003 476 2268 557 φόϐητρα.
2303 482 2528 555 οὐδεμία
2561 505 2653 556 μοι
2686 482 2879 537 λοιπὸν
2939 479 3014 534 ἔτι
3076 480 3184 534 ἐστὶ
3244 482 3463 557 φροντὶς
3513 482 3638 555 περί

2002 573 2115 624 σοῦ.
2152 568 2350 643 Κύριος
2378 574 2486 643 (58)
2518 571 2642 644 ἐμοὶ
2708 572 2929 645 βοηθὸς,
2984 570 3131 644 κάγὼ
3190 567 3463 642 ἐπόψομαι
3511 570 3641 632 τοὺς

2003 656 2234 732 ἐχθρούς
2269 680 2395 730 μου,
2426 660 2515 713 καὶ
2548 659 2632 713 ἐπὶ
2666 656 2861 713 ἄσπίδα
2904 657 2994 712 καὶ
3051 655 3370 732 βασιλίσκον
3412 680 3467 711 σε
3520 658 3640 712 ἐπι-

2003 741 2245 818 ϐήσομαι
2305 750 2387 808 οἷς
2447 749 2754 820 ὁμοιοῦσαι,
2812 748 2903 801 καὶ
2986 749 3349 816 καταπατῆσω
3419 768 3473 800 σε
3542 750 3635 802 τὸν

2003 833 2195 890 λέοντα
2221 834 2309 889 καὶ
2343 833 2601 910 δράκοντα
2646 839 2778 909 (59),
2843 839 2911 908 τῇ
2971 833 3192 908 δυνάμει
3247 840 3344 889 τοῦ
3402 837 3636 909 Χριστοῦ

2002 923 2448 998 κραταιούμενος.
2563 924 2985 999 Λίσχυνθείησαν
3077 924 3169 978 καὶ
3252 923 3637 1000 ἐντραπείησαν

2003 1013 2197 1074 πάντες
2227 1015 2277 1067 οἱ
2334 1012 2523 1090 ἐχθροί
2574 1033 2702 1086 μου·
2762 1013 3230 1089 ἀποστραφείησαν
3286 1015 3376 1069 καὶ
3435 1035 3633 1069 καται-

2005 1103 2364 1175 σχυνθείησαν
2393 1100 2600 1181 σφόδρα
2632 1101 2719 1157 διὰ
2745 1104 2951 1178 τάχους
2974 1106 3105 1177 (60).

2074 1372 2249 1423 Ταῦτα
2278 1367 2473 1442 λέγων,
2506 1370 2595 1424 καὶ
2641 1371 2702 1425 τὸ
2747 1375 2974 1444 σημεῖον
3032 1375 3128 1424 τοῦ
3184 1376 3412 1446 σταυροῦ
3470 1373 3643 1444 ἑαυτῷ

2005 1452 2316 1531 περιϐαλὼν
2378 1455 2549 1511 ὅπλον
2631 1460 3085 1534 ἀκαταγώνιστον,
3149 1461 3321 1523 πάσας
3386 1462 3479 1524 τὰς
3546 1465 3645 1515 τοῦ

2009 1541 2271 1600 διαϐόλου
2327 1546 2618 1623 φαναασίας
2675 1550 3038 1621 κατήργησεν.
3097 1548 3267 1611 Εὐθὺς
3321 1551 3420 1624 γὰρ
3477 1550 3542 1602 τά
3586 1571 3647 1602 τε

2006 1633 2166 1705 θηρία
2196 1634 2381 1689 καὶτὰ
2412 1636 2625 1709 ἑρπετὰ,
2688 1636 2763 1697 ῶς
2811 1633 3051 1690 ἐκλείπει
3098 1636 3322 1705 καπνὸς,
3374 1633 3643 1707 ἐξέλιπον,

253 1728 404 1799 ignis
434 1726 603 1797 (Psal.
637 1726 825 1795 vau).
860 1730 987 1796 Ipse
1020 1732 1217 1781 autem
1239 1726 1453 1780 Christi
1472 1726 1739 1797 potentia
1758 1742 1889 1780 con-

2010 1720 2094 1775 καὶ
2135 1723 2211 1782 ὡς
2266 1725 2487 1793 τήκεται
2546 1723 2715 1796 κηρὸς
2770 1724 2874 1778 ἀπὸ
2928 1725 3227 1800 προσώπου
3283 1725 3452 1795 πυρός
3508 1727 3643 1796 (61)·

254 1815 541 1881 ﬁrmatus,
573 1814 709 1868 laeto
739 1813 941 1868 animo
974 1814 1477 1884 proﬁciscebatur,
1510 1816 1745 1884 Deoque
1767 1830 1889 1883 gra-

2010 1809 2164 1871 αύτὸς
2196 1808 2273 1880 δὲ,
2302 1814 2369 1885 τῇ
2393 1815 2488 1865 τοῦ
2522 1813 2756 1885 Χριστοῦ
2787 1809 3010 1885 δυνάμει
3072 1812 3302 1887 ἰσχύων,
3354 1811 3645 1885 ἐπορεύετο

254 1902 365 1957 tias
397 1902 623 1973 agebat.
660 1904 733 1956 At
763 1902 943 1957 etiam
975 1902 1310 1971 complures
1337 1919 1404 1957 ac
1449 1903 1622 1957 variae
1671 1902 1896 1968 bestiae,

252 1990 515 2060 variique
548 1990 780 2061 generis
812 1995 1116 2059 serpentes
1148 1994 1206 2044 et
1236 1990 1545 2057 dracones,
1579 2007 1726 2060 quos
1758 1990 1897 2044 soli-

261 2079 403 2133 tudo
426 2079 531 2133 illa
562 2078 881 2147 nutriebat,
914 2078 1027 2148 ipsi
1060 2084 1459 2145 occurrentes,
1494 2095 1615 2132 non
1639 2078 1765 2148 jam
1797 2092 1901 2147 per

254 2166 432 2219 inane
474 2170 794 2235 spectrum,
830 2165 933 2219 sed
954 2181 1016 2219 re
1042 2181 1180 2220 vera
1210 2166 1281 2219 ab
1312 2166 1440 2236 ipso
1481 2164 1898 2221 cernebantur.

260 2254 343 2307 Ex
374 2268 488 2322 quo
521 2251 889 2306 efﬁciebatur
918 2257 983 2306 ut
1001 2257 1193 2307 metus
1218 2252 1456 2323 quidem
1478 2270 1545 2307 ac
1574 2252 1793 2307 laboris
1811 2252 1904 2306 via

259 2340 440 2411 plena
472 2344 648 2405 esset,
682 2340 807 2409 ipse
840 2344 1037 2394 autem
1069 2346 1387 2411 utrumque
1418 2342 1616 2395 animo
1658 2345 1716 2395 et
1746 2341 1905 2412 cogi-

258 2428 481 2482 tatione
513 2433 835 2492 superaret.
871 2430 1014 2483 Nam
1034 2434 1092 2483 et
1114 2434 1338 2483 metum
1362 2430 1641 2497 Charitas,
1673 2433 1739 2483 ut
1760 2429 1906 2483 Scri-

259 2524 449 2590 pturae
479 2517 669 2572 verbis
700 2523 851 2582 utar,
883 2519 1041 2573 foras
1071 2520 1343 2574 mittebat
1389 2522 1444 2591 (I
1488 2522 1647 2574 Joan.
1700 2520 1795 2589 1v),
1847 2524 1906 2573 et

254 2606 519 2661 laborem
552 2606 843 2677 cupiditas
873 2606 1122 2661 levabat.
1147 2608 1234 2662 Ad
1255 2608 1413 2662 hunc
1437 2608 1637 2678 itaque
1661 2607 1903 2662 modum

257 2711 392 2749 cum
424 2694 626 2749 multis
658 2700 715 2748 et
742 2694 917 2749 variis
950 2695 1385 2750 calamitatibus
1417 2701 1475 2750 et
1492 2696 1776 2750 mrumnis
1802 2714 1906 2767 per

258 2781 384 2836 dies
416 2781 573 2835 haud
604 2798 820 2851 paucos
869 2782 1243 2850 colluctatus,
1303 2782 1374 2836 ad
1426 2782 1903 2838 Sennaaritidem

257 2868 423 2921 illam
456 2867 837 2923 solitudinem
860 2870 922 2923 in
944 2885 1062 2939 qua
1078 2870 1346 2925 Barlaam
1367 2869 1673 2925 habitabat
1698 2886 1902 2941 perve-

261 2955 370 3009 nit.
403 2955 505 3009 Ubi
538 2956 715 3011 etiam
747 2972 963 3027 aquam
994 2962 1223 3021 nactus,
1277 2957 1405 3012 sitis
1446 2958 1747 3013 ﬂammam
1785 2975 1904 3013 res-

262 3042 453 3097 tinxit.

327 3132 457 3185 CAP'
490 3131 779 3188 XXXVIII.
814 3163 879 3175 -—
909 3135 1190 3205 Josaphat
1219 3140 1418 3190 autem
1466 3133 1775 3189 biennium
1807 3135 1899 3188 in-

261 3224 487 3291 tegrum
509 3221 571 3274 in
592 3221 702 3275 hac
724 3222 1058 3276 vastissima
1075 3222 1397 3277 solitudine
1418 3222 1657 3290 mansit,
1686 3223 1799 3277 huc
1817 3227 1906 3277 at-

260 3325 371 3378 que
398 3308 540 3362 illuc
566 3309 871 3377 oberrans,
897 3326 1007 3364 nec
1033 3311 1404 3365 Barleamum
1431 3312 1762 3376 inveniens,
1786 3313 1903 3365 Deo

257 3395 544 3449 nimirum
560 3397 655 3450 hic
668 3413 902 3467 quoque
917 3398 1095 3452 animi
1119 3399 1303 3468 ipsius
1321 3399 1660 3453 ﬁrmitatem
1676 3416 1741 3454 ac
1757 3404 1903 3453 stre-

259 3483 549 3537 nuitatem
565 3484 1014 3554 explorante.Ac
1028 3488 1112 3540 sic
1124 3486 1248 3550 ,sub
1264 3486 1359 3541 dio
1376 3486 1744 3559 degens,tum
1758 3494 1904 3542 aestu

260 3570 678 3642 conflagrabat,
704 3579 827 3627 tum
857 3573 1075 3645 frigore
1105 3574 1432 3647 obrigebat,
1480 3576 1901 3646 praestantissi-

260 3675 415 3713 mum
436 3660 601 3714 illum
618 3677 819 3716 senem
832 3662 1308 3734 velutquemdam
1322 3664 1578 3737 ingentis
1592 3665 1765 3735 pretii
1782 3665 1902 3719 the-

266 3764 506 3803 saurum
520 3766 783 3820 quaarere
796 3767 1101 3821 nunquam
1119 3752 1537 3808 intermittens.
1550 3753 1756 3808 Multas
1768 3770 1904 3824 por-

259 3852 325 3890 ro
340 3837 753 3906 pestiferorum
769 3839 1083 3909 spirituum
1099 3841 1548 3907 tentationes,ac
1561 3842 1747 3896 multa
1760 3859 1902 3912 pras-

258 3922 338 3976 lia
352 3923 1046 3995 sustinebat,multosque
1060 3926 1201 3980 item
1216 3926 1469 3995 labores,
1495 3927 1566 3981 ob
1582 3928 1901 3982 herbarum

261 4010 476 4080 quibus
490 4011 561 4065 de
574 4029 736 4066 more
750 4013 883 4067 victi
894 4013 1389 4083 tabat,penuriam
1404 4015 1902 4085 perferebat;quo-

258 4099 421 4153 niam
443 4100 670 4155 scilicet
690 4101 794 4155 has
809 4118 1044 4171 quoque
1060 4102 1318 4157 solitudo
1334 4108 1479 4158 eaut
1491 4120 1621 4174 quae
1637 4103 1899 4158 siccitate

258 4186 575 4257 laboraret,
594 4205 767 4260 parce
790 4189 1111 4246 admodum
1135 4191 1508 4263 produceret.
1537 4194 1751 4249 Verum
1771 4193 1901 4249 ada-

333 4308 445 4379 (58)
476 4310 629 4367 Psal.
664 4328 832 4381 cxvn,
868 4316 918 4369 7.

333 4381 445 4454 (ὅθ)
476 4382 639 4454 Conf.
675 4400 852 4454 supra
882 4388 1004 4439 not.
1038 4386 1126 4439 55.

2003 1899 2212 1972 χαίρων
2245 1901 2334 1954 καὶ
2368 1900 2704 1975 εὐχαριστῶν
2734 1904 2813 1972 τῷ
2876 1902 3077 1975 Κυρίῳ.
3132 1902 3307 1957 Ἀλλά
3344 1902 3431 1955 καὶ
3482 1900 3646 1975 θηρία

2002 1985 2189 2041 πολλὰ
2215 1988 2303 2041 καὶ
2331 1988 2559 2044 ποικίλα
2607 1988 2695 2043 καὶ
2755 1985 2931 2066 ὄφεων
2992 1987 3307 2043 παντοδαπᾶ
3362 1989 3452 2043 καὶ
3511 1987 3641 2063 δρα-

2002 2076 2352 2151 κοντὸμορφα
2381 2078 2507 2150 γὲνη
2539 2080 2573 2145 ἡ
2599 2074 2691 2152 ἔρη
2706 2098 2807 2149 μος
2839 2076 3015 2147 ἐκείνη
3066 2078 3271 2150 τρέφει,
3321 2077 3473 2132 ἆτινα
3517 2099 3641 2131 συν-

2006 2166 2247 2216 αντῶντα
2305 2163 2454 2231 αύτῷ
2513 2164 2609 2217 οὐκ
2688 2158 2765 2217 ἔτι
2846 2165 3125 2239 φαντασίᾳ,
3205 2164 3333 2219 ἀλλ’
3411 2164 3648 2237 ἀληθείᾳ

2007 2248 2298 2323 ἐδείκνυτο,
2328 2252 2400 2311 ὡς
2428 2249 2663 2315 ἐντεῦθεν
2698 2246 2871 2328 φόϐου
2930 2254 3023 2325 μὲν
3073 2253 3139 2321 ἦν
3195 2252 3414 2327 πλήρης
3465 2256 3577 2326 (62)
3608 2256 3643 2322 ἡ

2008 2337 2131 2399 ὁδὸς
2186 2340 2274 2393 καί
2333 2334 2521 2393 πόνου·
2585 2340 2746 2401 αὐτὸς
2805 2338 2861 2394 δὲ
2919 2342 3241 2415 ἀμφοτέρων
3314 2341 3646 2415 ὑπερίπτατο

2007 2430 2159 2484 34³
2188 2431 2267 2498 τῷ
2296 2427 2567 2502 λογισμῷ,
2595 2429 2685 2481 τὸν
2740 2430 2835 2500 μὶν
2895 2425 3062 2505 φόϐον
3119 2436 3221 2497 τῆς
3278 2430 3514 2504 ἀγάπης,
3569 2427 3643 2493 ὣς

2006 2536 2165 2591 φησιν
2199 2517 2233 2583 ἡ
2292 2516 2475 2591 Γραφή
2526 2519 2662 2587 (63),
2709 2511 2808 2585 ἔξω
2870 2516 3208 2591 βαλλούσης,
3244 2518 3333 2571 τὸν
3384 2518 3552 2571 πόνον
3584 2516 3640 2571 δὶ

2004 2606 2103 2658 τοῦ
2131 2604 2301 2657 πόθου
2342 2602 2807 2679 ἐπικουφίζοντος.
2870 2603 3054 2667 Οὕτως
3114 2604 3202 2658 οῦν
3262 2604 3498 2666 πολλαῖς
3556 2605 3644 2659 καὶ

2004 2689 2286 2752 ποικίλαις
2340 2696 2645 2765 συμφοραῖς
2697 2692 2784 2746 καὶ
2834 2691 3233 2767 ταλαιπωρίαις
3316 2692 3637 2765 πυκτεύσας,

2008 2778 2078 2835 δι’
2110 2782 2335 2852 ἡμερῶν
2366 2777 2464 2832 οὐκ
2496 2777 2697 2852 ὀλίγων
2730 2775 2994 2834 κατέλαϐε
3022 2782 3120 2847 τὴν
3171 2777 3381 2855 ἔρημον
3428 2781 3636 2851 ἐκείνην

2003 2871 2106 2933 τῆς
2134 2864 2515 2940 Σενααρίτιδος
2546 2874 2668 2941 γῆς,
2712 2867 2762 2921 ἐν
2911 2869 2938 2921 ὁ
2998 2867 3266 2940 Βαρλαάμ
3322 2873 3452 2940 ᾧκει
3503 2872 3625 2940 (ὅθ’

2005 2954 2129 3018 ἔνθα
2176 2954 2265 3008 καὶ
2324 2952 2517 3017 ὕδατος
2571 2956 2754 3028 τυχὼν
2813 2957 2912 3023 τὴν
2973 2956 3150 3032 φλόγα
3204 2952 3483 3011 κατέσϐεσε
3533 2963 3627 3025 τῆς

2006 3040 2191 3115 δίψης.

2078 3134 2239 3188 ΚΕΦ.
2283 3132 2408 3186 ΛΙΓ.
2443 3133 2662 3205 Ἔμεινε
2701 3132 2758 3186 δέ
2789 3131 3023 3206 Ἰωάσαφ
3072 3131 3269 3188 διετίαν
3320 3134 3458 3204 ὅλην
3509 3135 3642 3190 κατὰ

2016 3220 2077 3275 τὸ
2111 3218 2355 3293 πέλαγος
2380 3226 2480 3289 τῆς
2504 3220 2715 3294 ἐρήμου
2744 3220 2946 3290 ταύτης
2973 3220 3259 3293 ἀλώμενος
3289 3224 3379 3277 καί
3433 3225 3508 3295 μή
3559 3225 3650 3278 εὑ-

2014 3309 2214 3381 ρίσκων
2246 3309 2339 3362 τὸν
2367 3308 2656 3382 Βαρλαὰμ,
2687 3313 2784 3363 τοῦ
2820 3314 2953 3363 Θεοῦ
3003 3312 3271 3365 κάνταῦθα
3316 3313 3379 3366 τὸ
3428 3312 3646 3387 στεῤῥὸν

2012 3400 2109 3451 τοῦ
2136 3394 2409 3470 λογισμοῦ
2433 3398 2593 3450 αὐτοῦ
2623 3399 2708 3451 καὶ
2758 3398 2822 3451 τὸ
2868 3404 2968 3464 τῆς
3017 3401 3199 3473 ψυχῆς
3249 3405 3487 3473 γενναῖον
3546 3399 3647 3454 δο-

2012 3486 2358 3556 κιμάζοντος.
2393 3484 2489 3538 Καὶ
2516 3486 2581 3553 ἧν
2635 3484 2805 3547 οὕτως
2857 3484 3065 3559 αἶ’θριος
3127 3489 3515 3561 συγκαιόμενος
3571 3494 3648 3560 τῷ

2011 3571 2243 3627 καύσωνι
2301 3571 2391 3625 καὶ
2443 3576 2522 3643 τῷ
2582 3573 2729 3647 κρύει
2788 3575 3138 3646 πηγνύμενος
3222 3576 3310 3629 καὶ
3364 3577 3651 3639 ἀπαύστως

2014 3665 2189 3730 ζητῶν
2216 3659 2395 3733 ὥσπερ
2425 3660 2545 3715 τινὰ
2605 3663 2873 3735 θησαυρὸν
2932 3661 3241 3735 πολύτιμον
3300 3665 3391 3718 τὸν
3439 3669 3649 3737 τιμιώ-

2008 3771 2172 3805 τατον
2203 3748 2446 3823 γέροντα.
2480 3748 2728 3812 Ποκλοὺς
2778 3748 2834 3803 δὲ
2887 3750 3138 3822 ὑπέμεινε
3178 3753 3511 3826 πειρασμοὺς
3559 3754 3649 3809 καὶ

2010 3837 2292 3910 πολέμους
2340 3841 2448 3891 τῶν
2502 3839 2757 3909 πονηρῶν
2813 3842 3156 3911 πνευμάτων,
3224 3841 3313 3895 καὶ
3397 3840 3645 3905 πολλοὺς

2011 3928 2280 3999 ὑπήνεγκε
2312 3926 2513 3988 πόνους
2542 3933 2641 3995 τῆς
2697 3930 2804 3980 τῶν
2868 3929 3107 4001 βοτανῶν
3164 3927 3391 3997 ἐνδείας,
3452 3933 3511 3992 ἅς
3570 3930 3646 3993 εἰς

2008 4015 2216 4090 τροφὴν
2247 4012 2512 4089 ἐκέχρητο
2562 4017 2696 4087 (65),
2757 4016 2838 4069 ὅτι
2895 4017 2983 4070 καὶ
3040 4017 3236 4079 ταύτας
3295 4021 3449 4075 844
3506 4020 3642 4094 ξηρᾶ

2010 4102 2142 4157 οὖσα
2171 4105 2206 4170 ἡ
2239 4098 2444 4176 ἕρημος
2472 4100 2664 4165 ἐνδεῶς
2720 4099 3063 4160 ἐϐλάστανεν.
3118 4104 3315 4175 Ἀλλὰ,
3364 4111 3441 4179 τῷ
3488 4107 3643 4180 πόθῳ

2009 4194 2105 4245 τοῦ
2138 4189 2409 4244 Δεσπότου
2442 4189 2769 4266 φλεγομένη,
2802 4194 2837 4261 ἡ
2868 4190 3200 4266 ἀδαμαντίνη
3258 4195 3411 4269 ψυχὴ
3466 4193 3641 4266 ἐκείνη

334 4450 447 4536 (θΟ)
480 4452 630 4536 Ρρᾶι.
665 4450 815 4536 ιξίχ,
850 4458 883 4509 2
912 4472 925 4508 :
960 4453 1397 4536 éiaxuvmtnqav
1423 4455 1512 4536 καὶ
1547 4454 1931 4536 ἐντραπείησαν
1964 4456 2016 4536 οξ.
2051 4457 2335 4536 ζητοῦντες
2384 4456 2483 4522 τήν
2540 4456 2724 4536 ψυχήν
2770 4477 2941 4536 μου...
2993 4458 3452 4536 ἀποστραφείησαν
3502 4480 3642 4536 παρ-

264 4520 941 4605 αυτίκαιαίσχυνόμενρι...
974 4520 1127 4605 Ρεβίῖ.
1162 4544 1235 4584 VI.
1285 4520 1392 4605 lg:
1437 4520 1868 4605 quxuv'ost'chv
1926 4528 2013 4580 καὶ
2062 4520 2462 4600 ταραχθείησαν
2513 4520 2722 4602 σῲόδρα
2762 4520 2954 4591 πάντες
3009 4530 3059 4583 οἳ
3108 4520 3296 4605 ἐχξθρὸί
3340 4520 3471 4603 μου’
3523 4520 3642 4587 ἐπι-

261 4593 625 4673 στραιριείιησαν
655 4593 741 4649 καὶ
776 4594 1194 4673 αἴσχγυνθείηᾲσαν
1224 4595 1432 4673 σφόδρα
1462 4593 1799 4671 διδΓτάχους.

333 4665 443 4733 (6f)
477 4666 637 4747 Conf.
673 4683 801 4793 pag.
834 4665 957 4737 29'5,
991 4686 1052 4749 η..
1082 4670 1169 4721 87.

332 4735 445 4808 Q52)
478 4739 523 4808 Α
556 4754 682 4791 sme
714 4758 752 4791 π
794 4740 957 4808 ήρης.
984 4738 1163 4793 Liban

835 4759 957 4814 ρης.
984 4738 1259 4814 [:ibanius
1291 4738 1483 4814 obiter
1514 4737 1887 4814 recuperabit

2010 4737 2074 4814 ad
2104 4737 2537 4814 amisi_t_Epi_st._
2574 4743 2697 4811 37⁸7,
2756 4741 2856 4796 ubi
2883 4758 2896 4796 :
2956 4737 3133 4796 Ἀλλᾶ
3156 4742 3229 4814 -τὸ
3260 4741 3429 4814 πάλαι
3479 4746 3637 4798 τοῦτο

265 4828 292 4855 (ι
321 4801 469 4872 ἄξιός
501 4801 901 4881 ’ᾼρισταίνετός
933 4832 959 4858 ››
993 4808 1080 4861 διὰ
1109 4808 1285 4881 πάσης
1306 4806 1513 4881 ,ἐχώρει
1543 4801 1909 4877 τῆξπόλεως.
1934 4801 2136 4881 Codex
2194 4810 2331 4863 3035

2380 4811 2683 4889 plenius...
2728 4815 3092 4889 κοινῇ-*φωνῇ
3152 4810 3240 4889 διὰ
3282 4813 3469 4889 πάσι..
3495 4885 3503 4889 _
3530 4817 3636 4870 Lu-

262 4883 458 4959 cretur
480 4879 657 4959 etiam
688 4882 846 4959 quod
871 4882 1066 4959 minus
1096 4879 1350 4949 requirit
1369 4879 1546 4959 epist.
1583 4884 1738 4959 1οξ3.
1772 4883 1883 4935 Tex

2010 4880 2209 4959 editus
2234 4881 2314 4935 sic
2345 4879 2560 4936 habet:
2589 4879 2965 4959 Τοιοῦτοςςδῖ
2998 4879 3093 4951 ὢν,
3143 4882 3306 4959 αὐτοῦ
3354 4884 3552 4959 βελτίω
3582 4906 3640 4938 σε

260 4944 466 5025 τίθησι,
500 4948 589 5025 καὶ
621 4944 816 5025 παῖδάς
839 4972 922 5004 σοι
953 4944 1199 5025 γενέσθαι
1221 4944 1599 5025 *προσομοίους
1632 4948 1870 5025 εὔχεται.
1912 4951 2105 5025 Codex
2156 4951 2308 5025 idem
2336 4968 2421 5025 τε..

2480 4972 2538 5006 σε
2589 4952 2737 5035 βελτ.
2786 4956 2889 5009 τιθ.
2942 4974 2992 5011 κ.
3052 4974 3106 5007 π.
3159 4955 3306 5025 αὐτῷ
3354 4952 3440 5009 σοι
3495 4976 3636 5029 πρ...

264 5018 475 5096 Utilior
506 5021 928 5096 ﬁatgrestitutio
959 5015 1153 5096 Psello
1186 5015 1280 5096 sic'
1300 5015 1457 5077 edito
1476 5025 1562 5096 _De
1591 5015 1744 5096 ᾷέεῄἰ.
1777 5041 1833 5096 ρΣ
1866 5024 1956 5089 74,
1987 5022 2085 5075 ubi
2114 5022 2364 5096 traditur
2392 5015 2889 5096 daemoniacorum
2928 5043 3137 5096 corpus
3168 5029 3229 5081 in
3275 5015 3463 5082 varias
3508 5015 3640 5096 mu-

262 5088 372 5173 tari
400 5107 577 5172 posse
613 5094 827 5177 ﬁguras
851 5112 925 5177 ‘ac
955 5093 1143 5177 varios
1175 5092 1440 5177 colores:
1472 5093 1558 5177 ᾩς
1587 5090 1633 5147 δ’
1665 5087 1889 5177 ἀερῶδες

2010 5092 2264 5177 >ωμάτων
2296 5087 2355 5177 :o'v
2390 5090 2628 5177 δεκτικὸν
2662 5095 2929 5177 παντοίων
2972 5087 3149 5177 ὣσπερ
3208 5096 3332 5171 ἀήρ·
3378 5099 3528 5151 τουτὶ
3584 5095 3643 5151 δί

260 5158 325 5211 κὸ
358 5158 515 5248 σῶμα
546 5158 690 5248 παρά
718 5171 817 5231 τῆς
847 5163 899 5218 ἐν
931 5165 1075 5248 αὐτῷ
1110 5165 1467 5248 φανταστικῆς
1498 5158 1785 5248 ἐνεργείας,
1845 5158 2221 5248 προΐᾶχούσης
2268 5161 2343 5223 εἲς
2388 5164 2517 5218 αὐτὸ
2561 5166 2626 5248 τὰ
2675 5166 3008 5248 χρωμάτων¹
3035 5158 3190 5248 εἴδη..
3218 5158 3441 5248 diutina
3488 5171 3644 5225 facta

261 5236 398 5284 sunt
431 5233 502 5310 ad
534 5232 852 5310 meliorem
874 5254 941 5310 ac
974 5232 1864 5310 plenioremcodicem,'quibus
1889 5232 2338 5310 respondebunt
2364 5253 2555 5310 graeca
2584 5232 2813 5307 hze'c'ce,
2833 5256 2963 5310 quas
2996 5240 3056 5293 in
3086 5232 3257 5297 codd.
3285 5244 3351 5295 39
3401 5246 3458 5296 et
3504 5244 3641 5296 mo

261 5253 398 5284 sunt
431 5253 502 5286 au
534 5253 841 5289 meliorem
874 5254 941 5291 ac
974 5253 1301 5306 pleniorem
1334 5253 1617 5302 couicem,
1651 5253 1864 5305 qIIIDUS
1896 5253 2338 5304 respondebunt
2404 5256 2481 5292 rae

258 5301 451 5379 reperi
480 5319 563 5379 :_...
594 5304 796 5379 ’Ὠσπερ
822 5304 955 5379 ἀήρ·
982 5303 1111 5379 ἀλλ’,
1139 5304 1257 5379 ἀήᾼργ
1274 5305 1367 5379 μὲν
1401 5300 1598 5379 ἔξωθὲν.
1624 5307 1783 5379 ποθεν
1819 5304 2148 5379 χρῶννυταλι,
2176 5304 2327 5379 τουτὶ

481 5374 644 5452 {qam
678 5377 701 5429 Ι
730 5371 915 5452 Epist.
946 5393 1025 5442 ιν,
1060 5378 1125 5452 18_
1151 5394 1164 5452 _:
1198 5371 1260 5431 Ἡ
1275 5371 1472 5429 ’τελεία
1500 5375 1682 5451 ἀγάπη
1715 5371 1889 5451 ἔξωᾟς

2010 5395 2043 5429 ει
2064 5374 2152 5428 τὸν
2187 5371 2376 5452 φόϐον,

336 5443 445 5528 (ﬁt)
478 5444 560 5528 Εε-
594 5443 884 5528 Pass-L36;
916 5450 1192 5528 “10494.-

338 5514 444 5583 (65)
476 5514 791 5593 Foréaﬁ'rﬁ
818 5514 925 5574 τῶν
961 5514 1027 5593 β,
1048 5514 1245 5588 ἐνδείᾳ.
1273 5518 1663 5576 Consentiunt
1691 5520 1782 5581 AC
1811 5521 1875 5578 in

2010 5517 2064 5576 la
2094 5519 2406 5578 accusativi
2439 5521 2500 5585 ἅς
2531 5523 2781 5596 syntaxi.
