3964 6144
289 318 427 371 1223

1807 307 2175 364 ΔΒΒΕΝΒΔ.

3536 298 3681 354 1224

287 442 556 497 inveniri.
591 439 752 506 Quod
776 441 1016 510 quidem
1038 456 1357 512 generosus
1395 440 1496 493 ille
1527 444 1585 493 et
1611 434 1909 507 expeditus

2030 426 2124 481 ἀπ’
2154 428 2337 501 ἀρχῆς
2394 426 2558 500 μέχρὶ
2608 425 2821 493 τέλους,
2871 419 3156 485 ἀναϐάσεις
3212 422 3293 512 dei
3330 511 3333 512 ν
3364 421 3417 477 ἐν
3476 421 3676 497 καρδίᾳ

286 531 540 585 ccelestis
555 529 784 583 itineris
797 545 1002 583 cursor
1014 529 1240 599 egregie
1254 527 1728 599 praastitit,atque
1746 523 1916 578 animi

288 611 375 665 sui
393 608 663 663 ardorem
687 607 756 661 ab
779 608 946 661 initio
977 608 1051 661 ad
1075 614 1402 661 extremum
1426 621 1611 675 usque
1635 607 1915 675 perpetuo

283 696 1049 762 conservavit,ascensiones
1077 696 1135 749 in
1159 696 1334 750 corde
1350 711 1582 765 semper
1594 693 1916 762 disponens

285 786 448 849 (Psal.
483 785 735 852 Lxxxm),
767 800 835 837 ac
865 783 936 836 de
967 785 1178 837 virtute
1200 784 1273 837 ad
1297 782 1705 837 sublimiorem
1734 779 1917 833 virtu-

2026 516 2330 586 τιθέμενος,
2372 514 2460 569 καὶ
2521 513 2580 569 ἐκ
2636 513 2916 586 δυνάμεως
2974 511 3050 575 εἷς
3101 511 3445 584 ὑψηλοτέραν
3508 532 3672 581 μετα-

2028 598 2225 656 ϐαίνων
2286 601 2535 675 δύναμιν,
2593 605 2744 675 πόθῳ
2800 602 2967 665 πόθον
3022 600 3112 655 καὶ
3170 598 3412 667 σπουδὴν
3460 597 3671 672 σπουδῇ

2027 687 2289 759 διηνεκῶς
2316 692 2647 764 προστιθεὶς,
2678 687 2781 752 ’έως
2813 688 3036 762 ἔφθασεν
3081 688 3158 750 εἷς
3210 690 3310 757 τήν
3371 686 3671 760 ἐλπιζομέ-

2022 798 2120 846 νην
2148 779 2238 832 καὶ
2265 778 2607 851 ποθουμένην
2642 778 3035 851 μακαριότητα.

284 879 402 927 tem
433 872 795 937 transiliens,
828 871 1306 942 desideriumque
1339 871 1655 936 desiderio,
1688 884 1755 921 ac
1788 865 2046 919 studium
2071 868 2264 923 studio
2290 868 2697 924 indesinenter
2720 866 3278 940 adjungens,quoad
3310 866 3555 922 tandem
3583 864 3661 921 ad

285 966 579 1031 speratam
612 965 669 1013 et
698 960 1031 1031 expeditam
1062 960 1491 1015 beatitudinem
1522 956 1808 1030 pervenit.

359 1050 490 1103 CAP.
525 1050 851 1103 XXXIX.—
882 1050 1025 1103 Cum
1048 1050 1246 1119 itaque
1266 1050 1376 1104 hoc
1395 1054 1562 1120 pacto
1582 1047 1849 1102 Barlaam
1867 1049 1925 1100 et

280 1138 558 1208 Josaphat
578 1154 697 1191 una
712 1143 1178 1203 versarentur,ac
1208 1138 1453 1208 pulchro
1485 1138 1640 1190 inter
1661 1152 1722 1190 se
1734 1141 1924 1191 certa-

280 1226 442 1281 mine
473 1224 919 1292 contenderent,
954 1226 1024 1279 ab
1051 1226 1213 1280 omni
1240 1242 1381 1280 cura
1409 1232 1467 1279 et
1512 1225 1759 1295 hujusce
1789 1224 1919 1278 vita:

281 1314 723 1384 perturbatione
756 1315 1463 1385 immunes,meutemque
1494 1314 1565 1369 ab
1598 1314 1758 1367 omni
1779 1330 1918 1368 con-

280 1403 511 1457 fusione
543 1418 750 1473 puram
772 1419 839 1457 ac
871 1404 1201 1473 sejunctam
1232 1402 1678 1472 habentes,post
1699 1401 1917 1457 multos

282 1492 353 1545 ab
386 1492 529 1561 ipsis
562 1491 796 1561 pietatis
828 1508 1004 1546 causa
1034 1497 1339 1562 susceptos
1371 1491 1623 1557 labores,
1660 1490 1916 1560 quodam

283 1580 378 1634 die
412 1596 589 1633 senex
622 1580 904 1633 accersito
933 1580 1225 1649 spirituali
1260 1580 1589 1649 ﬁlio,quem
1606 1596 1711 1650 per
1740 1581 1919 1633 Evan-

280 1667 1165 1739 geliumgenuerat,hujusmodi
1182 1668 1551 1739 spiritualem
1577 1685 1913 1723 sermonem

280 1772 589 1828 aggressus
617 1761 737 1809 est:
768 1758 892 1811 Jam
918 1756 1209 1827 pridem,o
1244 1757 1432 1812 amice
1462 1758 1821 1827 Josaphat,te
1853 1757 1912 1811 in

280 1844 389 1898 hac
422 1844 738 1899 solitudine
770 1845 1035 1899 habitare
1057 1846 1382 1916 oportebat,
1415 1852 1590 1917 atque
1622 1848 1732 1901 hoc
1766 1847 1912 1901 mihi

279 1933 470 1987 oranti
493 1933 757 1987 Christus
784 1933 855 1987 de
880 1939 934 1988 te
952 1934 1253 2005 pollicitus
1269 1934 1460 1990 fuerat
1478 1935 1600 1990 fore
1626 1942 1692 1990 ut
1714 1942 1767 1990 te
1780 1940 1916 1991 ante

279 2026 607 2076 extremum
638 2022 766 2075 vita:
792 2021 947 2076 diem
965 2022 1381 2078 viderem.Vidi
1412 2024 1610 2094 itaque
1632 2025 1921 2094 quemad-

282 2109 522 2163 modum
555 2109 863 2180 cupiebam
898 2127 911 2176 ;
962 2110 1098 2176 vidi,
1132 2113 1395 2180 inquam,
1448 2118 1503 2165 te
1534 2128 1569 2165 a
1599 2113 1817 2167 mundo
1863 2117 1921 2167 et

281 2196 487 2251 mundi
520 2197 695 2251 rebus
732 2198 1096 2263 avulsum,ac
1118 2199 1349 2253 Christo
1383 2200 1629 2254 minime
1657 2201 1833 2255 dubio
1851 2216 1919 2256 ac

277 2283 573 2338 vacillanti
606 2285 803 2338 animo
837 2286 1242 2355 conjunctum,
1274 2293 1448 2357 atque
1481 2288 1551 2342 ad
1598 2288 1917 2359 perfectam

276 2372 666 2442 plenitudinis
696 2373 882 2442 ipsius
930 2390 1273 2429 mensuram
1328 2392 1721 2448 progressum.
1756 2380 1919 2433 Nunc

276 2460 477 2530 igitur,
514 2460 996 2531 quandoquidem
1027 2463 1234 2516 mortis
1275 2480 1420 2517 meae
1452 2470 1685 2535 tempus
1715 2466 1915 2533 instat,

277 2552 452 2617 atque
476 2547 840 2603 collactanea
862 2554 919 2602 et
940 2550 1083 2604 mihi
1104 2551 1349 2620 aequalis
1381 2568 1449 2607 ea
1469 2553 1918 2624 cupiditas,quae

277 2641 341 2689 ut
362 2652 494 2689 cum
520 2636 748 2690 Christo
782 2652 1235 2709 essem,semper
1254 2656 1346 2694 me
1370 2642 1703 2711 tenuit,jam
1719 2643 1916 2713 exple-

279 2729 465 2791 tur,tu
496 2724 735 2793 quidem
769 2742 981 2796 corpus
1006 2743 1203 2781 meum
1236 2734 1393 2783 terra
1422 2729 1628 2795 conde,
1664 2732 1917 2801 pulveri-

281 2828 394 2881 que
419 2812 717 2882 pulverem
750 2814 949 2868 redde.
987 2816 1124 2870 Post
1156 2823 1349 2871 autem
1400 2818 1525 2888 ipse
1557 2818 1616 2873 in
1648 2819 1758 2874 hoc
1789 2819 1917 2875 loco

281 2900 460 2965 haere,
478 2908 816 2971 susceptum
832 2903 1154 2972 spiritualis
1169 2906 1298 2960 vitm
1331 2923 1515 2978 genus
1532 2924 1914 2978 persequens,

285 3005 551 3059 memque
603 2990 909 3045 tenuitatis
962 2994 1309 3047 memoriam
1368 2994 1653 3049 retinens.
1699 2996 1918 3050 Vereor

276 3076 438 3131 enim
461 3093 534 3131 ne
558 3077 935 3132 tenebrosum
967 3079 1304 3136 daamonum
1335 3097 1544 3153 agmen
1568 3083 1765 3137 animo
1784 3100 1915 3138 meo

275 3170 516 3235 propter
544 3165 1014 3237 ignorantiarum
1037 3185 1303 3225 mearum
1332 3170 1775 3225 multitudinem
1798 3171 1911 3226 im-

273 3252 679 3322 pedimentum
710 3255 935 3311 afferat.

342 3342 423 3394 Tu
450 3357 604 3406 vero,
640 3341 748 3407 fili,
781 3359 855 3396 ne
884 3344 1173 3415 religiosae
1196 3346 1910 3403 exercitationislaborem

272 3432 724 3497 metuas,neque
744 3430 813 3483 ad
834 3432 1117 3501 temporis
1138 3432 1568 3503 longitudinem
1584 3452 1651 3490 ac
1679 3436 1907 3491 daemo-

271 3531 413 3568 num
430 3515 679 3571 insidias
702 3517 1081 3589 elanguescas
1100 3538 1113 3587 ;
1134 3522 1277 3591 quin
1298 3522 1493 3592 potius
1512 3524 1775 3594 ipsorum
1794 3526 1906 3580 im-

269 3601 896 3669 becillitatem,Christi
917 3610 1127 3665 virtute
1143 3613 1757 3680 communitus,audax
1775 3614 1905 3668 irri-

268 3691 340 3746 de
366 3710 379 3757 ;
396 3692 467 3746 ad
482 3693 745 3749 laborum
767 3702 963 3750 autem
978 3697 1278 3768 duritiam,
1295 3716 1360 3754 ac
1379 3700 1661 3771 temporis
1674 3702 1905 3757 diutur-

265 3780 511 3834 nitatem
527 3782 727 3837 animo
744 3784 823 3839 ita
837 3793 1174 3856 comparato
1192 3794 1625 3859 esto,tanquam
1641 3790 1903 3861 quotidie

268 3867 596 3923 discessum
625 3887 654 3924 e
686 3872 801 3925 vita
829 3880 1198 3944 exspectans,
1234 3882 1409 3946 atque
1442 3879 1715 3933 eumdem
1747 3880 1903 3935 diem

268 3955 374 4009 tibi
408 3956 537 4010 vitm
570 3962 936 4030 monasticae,
982 3968 1103 4017 tum
1137 3964 1527 4031 initium,tum
1565 3968 1742 4021 ﬁnem
1776 3985 1903 4023 esse

268 4044 631 4101 existimans.
662 4048 751 4102 Sic
785 4066 1020 4120 semper
1045 4068 1113 4106 ea
1169 4070 1298 4122 quae
1330 4070 1364 4108 a
1396 4060 1555 4125 tergo
1587 4061 1726 4109 sunt
1755 4057 1903 4111 obli-

267 4133 701 4205 viscens,atque
735 4137 807 4191 ad
840 4154 907 4193 ea
937 4156 1067 4209 qua:
1100 4157 1133 4195 a
1153 4140 1345 4196 fronte
1370 4148 1507 4197 sunt
1527 4144 1779 4214 teipsum
1804 4162 1902 4201 ex-

268 4220 621 4288 tendens,ad
654 4224 1015 4280 destinatum
1044 4245 1419 4300 persequere,
1437 4231 1786 4287 abbravium
1803 4251 1903 4289 su-

263 4326 463 4380 pernze
499 4314 815 4369 vocationis
838 4318 937 4371 Dei
998 4319 1056 4372 in
1116 4320 1342 4375 Christo
1371 4323 1504 4377 Jesu
1540 4322 1762 4395 (Philip.
1798 4327 1900 4395 ιιι),

264 4399 763 4468 quemadmodum
796 4411 1033 4460 sanctus
1062 4410 1377 4478 Apostolus
1427 4411 1518 4465 his
1549 4412 1740 4467 verbis
1762 4414 1901 4468 hor-

2100 1048 2255 1103 850
2292 1048 2450 1103 ΚΕΦ.
2512 1046 2634 1101 ΛΘ“.
2696 1042 2883 1105 Οὕτως
2942 1040 3035 1097 οὗν
3082 1040 3361 1111 ἀλλήλοις
3419 1041 3670 1103 συνόντες

2030 1132 2301 1207 Βαρλαάμ
2337 1155 2395 1188 τε
2438 1132 2527 1188 καὶ
2583 1134 2839 1207 Ἰωάσαφ,
2886 1131 2978 1185 καὶ
3025 1132 3124 1198 τήν
3184 1129 3359 1199 καλὴν
3423 1127 3667 1202 ἅμιλλαν

2029 1223 2436 1295 ἁμιλλώμενοι,
2514 1223 2665 1283 ἐκτὸς
2722 1224 2899 1292 πάσης
2982 1220 3250 1296 μερίμνης
3322 1221 3411 1274 καὶ
3495 1222 3671 1290 πάσης

2028 1314 2295 1387 βιωτικῆς
2323 1308 2474 1373 ὄντες
2498 1318 2767 1386 ταραχῆς,
2827 1307 3230 1374 ἀνεπιθόλωτόν
3287 1330 3344 1364 τε
3396 1310 3488 1363 τὸν
3540 1312 3667 1363 νοῦν

2024 1401 2344 1474 κεκτημένοι
2374 1401 2465 1455 καὶ
2497 1402 2673 1473 ἀμιγῆ
2708 1400 2884 1469 πάσης
2944 1398 3286 1473 συγχύσεως,
3351 1399 3485 1470 μετὰ
3540 1398 3672 1461 τοὺς

2024 1489 2271 1551 πολλοὺς
2298 1487 2355 1544 δὶ
2382 1489 2555 1543 αὐτῶν
2592 1489 2724 1559 ὑπὲρ
2782 1483 3054 1549 εὐσεϐείας
3102 1488 3404 1558 καμάτους,
3463 1486 3515 1541 ἐν
3568 1490 3671 1558 μιᾷ

2022 1583 2128 1632 τῶν
2156 1581 2377 1652 ἡμερῶν
2437 1574 2946 1651 προσκαλεσάμενος
2993 1575 3087 1629 τὸν
3133 1575 3496 1647 πνευματικὸν
3526 1576 3666 1639 υἱὸν,

2023 1668 2079 1721 ὃν
2115 1663 2204 1720 διὰ
2256 1669 2353 1720 τοῦ
2411 1664 2749 1740 Εὐαγγελίου
2788 1662 3041 1738 ἐγέννησε
3070 1667 3202 1736 (81),
3264 1660 3433 1737 λόγου
3460 1662 3665 1731 ἥπτετο

2021 1754 2110 1809 καὶ
2143 1754 2367 1826 ὁμιλίας
2418 1756 2810 1825 πνευματικῆς,
2852 1751 3052 1822 Πάλαι,
3114 1752 3313 1826 λέγων,
3344 1752 3388 1805 ὧ
3440 1751 3667 1825 φίλτατε

2020 1845 2277 1921 Ἰωάσαφ,
2308 1843 2361 1899 ἐν
2390 1844 2559 1917 ταύτῃ
2591 1864 2648 1898 σε
2703 1846 2771 1916 τῇ
2830 1842 3025 1919 ἐρήμῳ
3080 1847 3353 1897 κατοικεῖν
3410 1838 3538 1897 ἔδει·
3570 1844 3659 1898 καὶ

2021 1934 2182 1988 τοῦτό
2218 1954 2310 2004 μοι
2342 1934 2369 1987 6
2402 1932 2629 2006 Χριστὸς
2661 1932 3100 2007 προσευχομένῳ
3157 1931 3280 2004 περὶ
3338 1934 3433 1984 σοῦ
3489 1930 3664 2005 ἐπηγ-

2021 2020 2241 2093 γείλατο
2271 2022 2491 2095 πρὸτῆς
2540 2023 2639 2074 τοῦ
2700 2018 2823 2092 βίου
2875 2018 3133 2087 τελευτῆς
3190 2019 3432 2091 ὂψεσθαι.
3494 2017 3661 2074 Εἶδον

2025 2108 2114 2163 οῦν
2148 2112 2220 2171 ὡς
2251 2108 2570 2179 ἐπεθύμουν·
2606 2105 2747 2162 εἶδόν
2775 2129 2831 2162 σε
2868 2107 3237 2183 ἀπορραγέντα
3288 2107 3382 2177 μέν
3440 2106 3661 2178 κόσμου

2021 2198 2245 2253 καὶτῶν
2280 2197 2331 2252 ἐν
2362 2196 2576 2268 κόσμῳ,
2634 2197 2964 2273 συναφθέντα
3017 2195 3073 2252 δὲ
3128 2202 3208 2269 τῷ
3265 2198 3484 2271 Χριστῷ
3537 2194 3658 2250 ἀδι-

2025 2286 2235 2356 στάκτῳ
2268 2289 2333 2358 τῇ
2363 2283 2576 2359 γνώμῃ,
2609 2285 2699 2337 καὶ
2732 2284 2807 2347 εἲς
2837 2285 3033 2359 μέτρον
3095 2284 3322 2340 ἐλθόντα
3375 2283 3660 2353 τελειότη-

2020 2394 2115 2435 τος
2139 2378 2235 2428 τοῦ
2265 2372 2641 2445 πληρώματος
2670 2372 2854 2430 αὐτοῦ,
2888 2378 2992 2427 Νῦν
3039 2373 3129 2427 οῦν
3162 2370 3347 2443 ἐπειδή
3380 2394 3473 2444 μοι
3506 2374 3533 2426 ὁ
3560 2376 3659 2441 τῆς

2024 2460 2332 2523 ἀναλύσεως
2365 2462 2551 2536 καιρὸς
2603 2461 2687 2517 ἐπὶ
2732 2460 2941 2535 θύραις,
2979 2461 3068 2515 καὶ
3126 2462 3161 2529 ἡ
3221 2461 3516 2535 σύντροφος
3572 2459 3663 2514 καὶ

2023 2551 2317 2620 ἡλικιῶτις
2396 2549 2659 2623 ἐπιθυμία
2727 2553 2823 2604 τοῦ
2881 2554 3113 2603 συνεῖναι
3169 2553 3247 2619 τῷ
3304 2554 3521 2623 Χριστῷ
3574 2546 3663 2603 διὰ

2022 2640 2219 2701 παντὸς
2250 2636 2357 2709 ἢδη
2393 2637 2719 2713 πληροῦται,
2760 2640 2817 2692 σὲ
2849 2638 2943 2711 μὶν
3001 2635 3083 2692 δεῖ
3137 2636 3376 2711 καλῦψαί
3438 2659 3545 2709 μου
3598 2639 3660 2693 τὸ

2023 2731 2280 2801 σῶματῇ
2312 2732 2384 2802 γῇ
2416 2728 2624 2782 καὶτὸν
2676 2728 2808 2801 χοῦν
2866 2724 3157 2781 ἀποδοῦναι
3214 2731 3293 2799 τῷ
3371 2725 3468 2801 χοΐ
3526 2731 3657 2799 (82),

2025 2821 2203 2890 μεῖναι
2233 2813 2290 2871 δὲ
2319 2821 2414 2870 τοῦ
2445 2815 2645 2871 λοιποῦ
2676 2815 2726 2870 έν
2758 2812 2901 2887 τῷδε
2954 2821 3033 2887 τῷ
3088 2816 3244 2888 τόπῳ
3290 2823 3393 2885 τῆς
3420 2837 3658 2889 πνευμα-

2020 2912 2178 2974 τικῆς
2207 2905 2474 2981 ἐχόμενον
2505 2903 2784 2965 πολιτείας
2804 2904 2894 2958 καὶ
2925 2907 3025 2974 τῆς
3055 2903 3195 2977 ἐμῆς
3243 2905 3428 2978 μνείαν
3460 2906 3647 2959 ποιού-

2024 3014 2181 3066 μενον
2218 2992 2595 3067 μετριότητος.
2622 2989 2847 3047 Δέδοικα
2896 2994 2996 3067 γὰρ
3054 2995 3129 3065 μή
3190 3013 3323 3047 ποτε
3380 2995 3416 3062 ἡ
3460 2992 3649 3070 ζοφερὰ

2016 3087 2122 3136 τῶν
2155 3078 2428 3153 δαιμόνων
2458 3080 2674 3151 πληθὺς
2706 3084 2773 3155 τῇ
2804 3082 2959 3155 ψυχῇ
2995 3101 3099 3153 μου
3132 3079 3391 3154 ἐμποδὼν
3414 3083 3649 3154 καταστῇ

2022 3167 2111 3225 διὰ
2136 3171 2199 3225 τὸ
2228 3170 2440 3238 πλῆθος
2462 3174 2569 3224 τῶν
2602 3168 2747 3241 ἐμῶν
2782 3169 3171 3243 ἀγνοημάτων.

2094 3345 2167 3400 Σὸ
2198 3342 2544 3417 οῦν,τέκνον,
2607 3346 2682 3418 μὴ
2742 3345 3097 3421 ὀλιγωρήσῃς
3126 3347 3188 3401 τὸ
3244 3345 3502 3403 ἐπίπονον
3555 3355 3659 3418 τῆς

2017 3435 2311 3503 ἀσκήσεως,
2341 3432 2480 3507 μηδὶ
2510 3431 2791 3508 δειλιάσῃς
2818 3435 2881 3488 τὸ
2941 3441 3115 3506 μῆκος
3170 3440 3266 3490 τοῦ
3325 3438 3530 3510 χρόνου
3563 3438 3656 3491 καὶ

2013 3525 2110 3587 τὰς
2130 3518 2424 3585 ἐπιϐουλὰς
2449 3527 2557 3577 τῶν
2591 3520 2885 3594 δαιμόνων·
2942 3521 3088 3577 ἀλλὰ
3138 3523 3347 3578 τούτων
3405 3526 3500 3596 μὶν
3555 3532 3658 3594 τῆς

2014 3612 2312 3681 ἀσθενείας,
2341 3615 2410 3684 τῇ
2438 3615 2535 3666 τοῦ
2567 3612 2804 3685 Χριστοῦ
2863 3609 3206 3685 ῥωννύμενος
3258 3612 3465 3687 χάριτι,
3518 3613 3655 3669 τολ-

2017 3704 2208 3775 μηρῶς
2239 3700 2528 3774 καταγέλα,
2551 3700 2686 3773 πρὸς
2719 3697 2776 3754 δὲ
2803 3701 2903 3767 τὴν
2932 3699 3280 3774 σκληρότητα
3332 3706 3440 3756 τῶν
3472 3702 3655 3757 πόνων

2013 3789 2193 3845 καὶτὸ
2244 3792 2390 3848 ³51
2462 3792 2559 3843 τοῦ
2616 3788 2823 3862 χρόνου
2867 3786 3139 3862 διάστημα
3199 3786 3373 3854 οὕτως
3399 3788 3513 3859 Eoo,
3574 3792 3651 3853 ὡς

2011 3880 2130 3943 καθ’
2184 3877 2396 3953 ἡμέραν
2479 3879 2578 3946 τὴν
2666 3876 2901 3941 ἐντεῦθεν
2982 3877 3233 3934 ἑνάλυσιν
3304 3877 3651 3955 προσδοκῶν,

2011 3966 2100 4022 καὶ
2131 3967 2207 4029 ὡς
2265 3967 2443 4042 ἀρχὴν
2492 3965 2625 4021 εἷναί
2684 3987 2769 4020 σοι
2840 3974 2941 4035 τῆς
3016 3968 3294 4037 ἀσκήσεως
3320 3969 3421 4037 τήν
3482 3969 3651 4039 αὐτὴν

2011 4057 2220 4129 ἡμέραν
2262 4054 2349 4109 οιαὶ
2378 4052 2559 4116 τέλος.
2595 4053 2785 4117 Οὕτως
2816 4055 2896 4109 ἀεὶ
2924 4059 3033 4110 τῶν
3067 4057 3161 4130 μὶν
3192 4056 3367 4111 ὁπίσω
3424 4056 3655 4113 ἆπιλανο

2011 4142 2329 4217 θανόμενος,
2376 4154 2512 4216 πρὸς
2565 4148 2684 4205 τοῖς
2735 4140 2793 4197 δὶ
2849 4138 3150 4219 ἔμπροσθεν
3196 4145 3653 4220 ἐπεκτεινόμενος,

2011 4237 2364 4288 κατασκοπῶν
2398 4229 2561 4286 δίωκε
2586 4234 2650 4286 τὸ
2684 4227 2938 4307 βραϐεῖον
2966 4240 3064 4302 τῆς
3120 4232 3229 4288 ἄνω
3275 4232 3526 4305 κλήσεως
3550 4239 3650 4291 τοῦ

2012 4326 2142 4376 Θεοῦ
2174 4320 2224 4376 έν
2257 4323 2473 4393 Χριστῷ
2501 4321 2705 4389 Ἰησοῦ,
2759 4322 3015 4396 καθάπερ⁹
3058 4322 3086 4376 6
3119 4323 3263 4384 θεῖος
3314 4324 3655 4387 Ἀπόστολος

2009 4409 2455 4484 παρακελεύεται,
2490 4409 2581 4477 Μὴ
2631 4408 2965 4481 έκκακῶμεν,
3017 4407 3188 4484 λέγων
3248 4414 3381 4485 (82)·
3431 4412 3559 4468 ἀλλ’
3605 4412 3653 4468 εἰ

264 4491 452 4541 tatur:
485 4490 610 4543 Non
636 4489 979 4548 deficiamus
1007 4512 1020 4560 ;
1064 4496 1165 4549 sed
1214 4496 1353 4552 licet
1402 4498 1451 4552 is
1506 4499 1605 4569 qui
1636 4500 1780 4555 foris
1813 4506 1901 4555 est

2024 4499 2155 4553 ιαὶὸ
2188 4498 2288 4568 ἔξω
2320 4501 2483 4571 ἡμῶν
2502 4496 2787 4570 ἄνθρωπος
2843 4495 3226 4574 διαφθείρεται,
3284 4500 3413 4557 ἀλλ’
3462 4504 3491 4557 ὁ
3545 4500 3652 4557 ἔσω

266 4575 443 4629 homo
480 4583 680 4632 noster
702 4588 1127 4652 corrumpatur,
1162 4589 1359 4638 tamen
1410 4586 1460 4638 is
1496 4587 1596 4654 qui
1627 4586 1783 4642 intus
1815 4594 1905 4643 est

2024 4587 2391 4642 ὶνακαινοῦται
2438 4585 2619 4660 ἡμέρᾳ
2672 4587 2763 4640 καὶ
2819 4584 3020 4662 ἡμέρᾳ·
3077 4587 3140 4642 τὸ
3193 4590 3298 4664 γὰρ
3350 4592 3658 4664 παραυτίκα

264 4663 661 4717 renovaturde
677 4664 846 4720 diein
878 4666 1208 4723 diemNam
1239 4670 1397 4740 quod
1422 4678 1905 4729 momentaneum

266 4755 356 4803 est
386 4755 443 4804 et
474 4751 595 4806 leve
615 4753 1012 4811 tribulationis
1028 4763 1341 4825 nostrm,su
1348 4776 1453 4829 pra
1474 4760 1715 4815 modum
1737 4762 1799 4818 in
1815 4780 1905 4819 su-

263 4836 554 4894 blimitate
585 4846 872 4898 aaternum
886 4844 1085 4915 gloriae
1098 4846 1331 4916 pondus
1345 4854 1621 4917 operatur
1636 4850 1697 4905 in
1711 4852 1902 4923 nobis,

263 4942 383 4982 non
407 4930 948 5002 contemplantibus
970 4933 1143 4989 nobis
1175 4951 1305 5005 quae
1324 4937 1619 5008 videntur,
1636 4940 1739 4996 sed
1771 4958 1902 5013 qua;

261 5032 381 5070 non
413 5017 703 5074 videntur.
738 5022 874 5085 Quae
893 5021 1051 5076 enim
1082 5022 1355 5079 videntur
1373 5028 1721 5099 temporalia
1742 5036 1900 5101 sunt,

261 5120 393 5173 qum
424 5112 623 5160 autem
652 5125 771 5163 non
802 5110 1094 5183 videntur,
1127 5118 1348 5169 aeterna
1378 5116 1458 5186 (II
1478 5117 1600 5173 Cor.
1633 5123 1727 5188 ιν).

334 5192 466 5247 Haec
499 5210 631 5248 cum
665 5197 861 5253 animo
884 5204 984 5254 tuo
1002 5204 1401 5273 reputans,vir
1434 5205 1897 5271 charissime,vi-

259 5279 452 5335 riliter
482 5298 585 5353 age
617 5290 675 5339 et
704 5288 1035 5345 confortare
1060 5292 1231 5360 (Psal.
1263 5292 1437 5364 xn'i),
1471 5298 1904 5369 atqueutegre-

332 5436 439 5510 (81)
470 5437 635 5510 Conf.
666 5456 724 5510 p.
760 5442 880 5509 185,
914 5459 973 5498 n.
1009 5446 1060 5501 8.

472 5509 647 5584 Conf,
670 5506 718 5567 t.
753 5513 797 5580 Ι,
829 5506 887 5584 ρ’.
920 5516 1009 5581 95,
1042 5532 1100 5570 n.
1131 5516 1185 5572 2.

328 5512 420 5573 (82
472 5512 633 5565 Conf.
678 5516 718 5567 t.
753 5513 797 5580 Ι,
829 5530 887 5584 p.
920 5516 1009 5581 95,
1042 5532 1100 5570 n.
1131 5516 1185 5572 2.

324 5512 439 5651 (83;
469 5582 520 5636 II
548 5583 731 5653 Epist.
760 5584 834 5640 ad
867 5586 997 5641 Cor.
1031 5604 1101 5656 IV,
1132 5589 1221 5644 46.

2014 4674 2245 4753 ἐλαφρὸν
2269 4681 2367 4743 τῆς
2400 4672 2639 4747 θλίψεως
2679 4676 2840 4747 ἡμῶν
2872 4677 2989 4739 καθ’
3023 4672 3332 4751 ὑπερϐολὴν
3376 4679 3453 4741 εἷς
3489 4682 3658 4755 ὑπερ-

2014 4758 2187 4832 ϐολήν
2220 4761 2442 4818 αἰώνιον
2477 4763 2640 4838 βάρος
2680 4760 2842 4834 δόξης
2895 4766 3278 4839 κατεργάζεται
3326 4770 3485 4841 ἡμῖν,
3573 4770 3653 4842 μὴ

2013 4854 2355 4908 σκοπούντων
2388 4854 2550 4925 ἡμῶν
2597 4852 2667 4907 τὰ
2723 4850 3054 4927 βλεπόμενα,
3087 4852 3235 4910 ἀλλὰ
3289 4856 3357 4911 τὰ
3415 4859 3490 4931 μή
3523 4857 3658 4933 βλε-

2011 4944 2244 5016 πόμενα’
2301 4941 2370 4996 τὰ
2419 4940 2524 5016 γὰρ
2584 4938 2898 5016 βλεπόμενα
2953 4942 3281 5019 πρόσκαιρα,
3335 4944 3402 5000 τὰ
3459 4943 3515 5001 δὲ
3574 4948 3653 5020 μή

2016 5030 2330 5107 βλεπόμενα
2361 5026 2574 5084 αἲώνια.

2078 5211 2258 5264 Ταῦτα
2288 5203 2664 5282 λογιζόμενος,
2719 5204 2983 5282 ἀγαπητὲ,
3038 5207 3289 5288 ἑνδρίζου
3314 5214 3404 5268 καὶ
3460 5212 3656 5290 ἴσχυε,

2005 5295 2093 5351 καὶ
2130 5296 2205 5357 ὡς
2262 5292 2430 5356 καλὸς
2514 5295 2851 5369 στρατιώτης
2900 5297 3167 5368 σπούδαζε
3220 5305 3301 5373 τῷ
3349 5301 3659 5377 στρατολο·
