3964 6144
292 229 428 289 1231

292 463 496 501 vemus
522 465 535 513 ;
561 446 608 501 si
637 446 1089 511 sustinemus,et
1109 444 1694 515 conregnabimus,in
1727 442 1938 512 sempi-

295 541 466 590 terno
489 534 590 589 illo
618 551 685 589 ac
711 534 847 588 ﬁnis
869 538 1105 603 experte
1127 549 1305 604 regno
1333 531 1785 603 incomparabili
1808 531 1938 585 luce

297 624 648 690 collustrati,
682 629 857 693 atque
880 639 1011 675 vere
1034 620 1219 676 beataa
1242 638 1307 675 ac
1338 621 1621 692 principis
1639 620 1939 674 Trinitatis

297 713 737 768 illuminatione
761 711 1123 765 donati.Haec
1146 711 1415 765 Barlaam
1428 711 1501 765 ad
1522 726 1827 780 vesperam
1851 725 1942 762 us-

299 818 434 873 que,
467 818 533 855 ac
555 818 660 871 per
686 805 870 854 totam
898 799 1075 853 etiam
1099 804 1356 865 noctem,
1388 800 1704 869 Josaphato
1730 797 1939 865 loque-

294 892 472 946 batur
492 888 846 944 effusissime
866 888 1239 959 lacrymanti,
1270 892 1445 957 atque
1465 886 1809 957 hujusmodi
1827 884 1939 939 dis-

287 979 663 1051 junctionem
686 977 992 1048 aegerrimo
1012 976 1208 1030 animo
1230 976 1464 1029 ferenti.
1484 976 1609 1029 Jam
1633 980 1830 1028 autem
1854 972 1939 1025 lu-

296 1073 465 1123 cente
487 1066 579 1121 die
609 1082 821 1121 manus
852 1070 1029 1135 atque
1064 1064 1267 1119 oculos
1311 1064 1371 1117 in
1411 1063 1625 1117 cmlum
1674 1062 1932 1130 sustulit,

294 1158 532 1226 Deoque
562 1155 780 1227 gratias
811 1153 1086 1220 reddens,
1132 1154 1245 1207 hoc
1294 1168 1567 1206 sermone
1615 1168 1757 1205 usus
1808 1155 1934 1204 est:

365 1262 611 1317 Domine
632 1262 782 1315 Deus
806 1276 991 1326 meus,
1010 1259 1109 1329 qui
1132 1258 1356 1329 ubique
1377 1274 1639 1327 praisens
1662 1273 1743 1319 es,
1765 1262 1940 1325 atque

295 1352 497 1407 omnia
510 1348 967 1421 imples,gratias
983 1348 1086 1401 tibi
1103 1346 1523 1419 ago,quoniam
1540 1345 1940 1399 humilitatem

294 1458 488 1497 meam
518 1438 825 1509 respexisti
859 1437 1023 1506 (Psal.
1056 1439 1128 1503 L),
1164 1442 1341 1505 atque
1382 1436 1493 1489 hoc
1525 1435 1669 1488 mihi
1698 1450 1943 1488 conces-

298 1529 592 1597 sisti,utin
608 1526 933 1581 orthodoxa
949 1532 1047 1580 tua
1061 1525 1262 1590 ﬁde,et
1276 1524 1689 1578 mandatorum
1708 1529 1941 1577 tuorum

295 1618 660 1689 via,hujusce
683 1614 1177 1687 peregrinationis
1196 1631 1437 1668 cursum
1460 1612 1830 1667 absolverim.
1858 1614 1938 1665 Ac

1842 227 2207 285 ADDENDA.

291 357 456 413 omni
484 354 825 429 acceptione
843 354 1076 428 dignus:
1100 352 1157 409 Si
1180 352 1623 422 commorimur,
1657 358 1715 409 et
1739 352 1937 409 convi-

2063 352 2399 427 ὄπομένομεν
2429 398 2444 425 ,
2500 355 2591 409 καὶ
2647 350 3155 429 συμϐασιλεύσομεν

3564 233 3705 292 1232

3236 353 3513 431 βασιλείαν
3588 360 3689 428 τὴν

2050 440 2270 497 αἰώνιον
2303 444 2390 497 καὶ
2436 442 2818 513 ἀτελεύτητον,
2873 449 2951 515 τῷ
3010 443 3147 521 φωτὶ
3206 442 3696 518 καταλαμπόμενοι

2047 534 2127 600 τῷ
2158 532 2436 605 ἀπροσίτῳ
2466 535 2598 605 (10),
2630 534 2719 586 καὶ
2767 536 2866 597 τῆς
2899 531 3225 605 ἐλλάμψεως
3282 534 3695 608 καταξιούμενοι

2046 626 2147 687 τῆς
2183 620 2449 694 μακαρίας
2471 617 2639 682 ὅντῶς
2680 619 2769 675 xui
2803 627 3121 696 ζωαρχικῆς
3167 619 3422 691 Τριάδος.
3456 625 3699 679 Τοιαῦτα

2053 707 2146 777 μὲν
2175 708 2203 760 6
2238 705 2374 781 Βαρλ
2388 707 2501 779 αάμ
2526 704 2630 770 ἕως
2659 709 2882 783 ἑσπέρας
2911 707 3000 762 xui
3047 710 3175 781 παρ’
3232 709 3368 780 ὅλην
3399 712 3500 780 τήν
3530 712 3697 768 νύκτα

2048 798 2126 865 τῷ
2175 796 2406 872 Ἰωάσαφ
2451 795 2676 868 ὡμίλει,
2735 796 3129 870 ἀκατασχέτοις
3188 794 3440 871 δάκρυσιν
3499 798 3693 876 ὀδυρο-

2054 882 2197 954 μένῳ
2227 885 2311 937 καὶ
2373 884 2463 939 τὸν
2527 886 2812 959 χωρισμὸν
2872 886 2947 958 μὴ
3000 884 3240 963 φέροντι.
3274 889 3433 961 Ἀρτι
3491 887 3548 945 δὲ
3588 898 3693 960 τῆς

2049 974 2257 1046 ἡμέρας
2319 970 2652 1050 διαφαούσης
2708 976 2845 1047 (11),
2901 974 2999 1043 τὴν
3059 975 3194 1049 πρὸς
3244 975 3402 1031 αὐτὸν
3464 978 3689 1051 ὁμιλίαν

2052 1059 2388 1136 διαπεράνας,
2439 1064 2565 1137 ἦρεν
2617 1062 2693 1127 εἷς
2749 1063 2972 1137 οὐρανὸν
3003 1066 3191 1139 χεῖράς
3220 1087 3277 1120 τε
3309 1066 3402 1121 καί
3444 1064 3692 1141 ὄμματα,

2050 1150 2142 1205 καὶ
2176 1150 2524 1227 εὐχαριστίαν
2557 1151 2902 1226 ἀναπέμψας,
2932 1157 3010 1224 τῷ
3042 1159 3180 1226 Θεῷ,
3213 1153 3337 1230 ἔφη·

2122 1257 2310 1333 Κύριε,
2354 1259 2381 1312 6
2429 1258 2559 1320 Θεός
2623 1279 2751 1331 μου,
2808 1260 2836 1313 6
2895 1264 3177 1334 πανταχοῦ
3234 1261 3421 1336 παρὼν
3481 1263 3571 1317 καὶ
3627 1263 3697 1319 τὰ

2049 1348 2219 1401 πάντα
2265 1346 2521 1419 πληρῶν,
2579 1346 2889 1421 εὐχαριστῶ
2949 1369 3055 1417 σοι,
3089 1350 3171 1402 ὅτι
3230 1348 3436 1412 έπεῖδες
3466 1353 3564 1421 τὴν
3592 1374 3694 1406 τα-

2049 1436 2303 1490 πείνωσίν
2336 1456 2439 1507 μου
2469 1436 2557 1489 καὶ
2591 1435 2641 1490 ἐν
2699 1440 2768 1509 τῇ
2822 1433 3094 1509 ὀρθοδόξῳ
3152 1459 3247 1492 σου
3305 1438 3574 1513 ὁμολογίᾳ
3601 1442 3695 1495 καὶ

2049 1525 2102 1580 ἐν
2136 1522 2248 1597 ὁδῷ
2276 1529 2381 1578 τῶν
2416 1523 2653 1579 ἐντολῶν
2700 1545 2794 1578 σου
2843 1523 3077 1594 ἠξίωσας
3101 1527 3191 1579 τὸν
3225 1524 3431 1601 δρόμον
3480 1528 3694 1584 τελέσαι

2053 1635 2118 1687 με
2143 1620 2243 1682 τῆς
2274 1611 2459 1676 ἐνθάδε
2495 1606 2782 1687 παροικίας
2836 1635 2962 1685 μου.
3022 1614 3127 1670 Καὶ
3156 1613 3271 1684 νῦν,
3306 1616 3571 1692 φιλάγαθε
3602 1617 3698 1671 Δέ-

297 1706 709 1777 nunc,optime
731 1703 1182 1771 Domine,atque
1205 1702 1277 1755 ad
1309 1701 1779 1755 misericordiam
1802 1718 1937 1771 pro-

2063 1722 2225 1756 πποτα
2254 1701 2342 1755 καὶ
2399 1700 2815 1775 πανοικτίρμον,
2850 1699 2991 1772 δέξαι
3053 1724 3120 1775 με
3176 1704 3251 1765 είς
3308 1706 3403 1766 τὰς
3445 1705 3700 1768 αἰωνίους

298 1794 741 1867 pensissime,in
759 1796 979 1846 aeterna
994 1789 1375 1843 tabernacula
1390 1794 1489 1843 tua
1501 1806 1594 1843 me
1608 1788 1942 1859 recipe,nec

299 1902 368 1940 ea
387 1884 676 1939 memoria
692 1882 882 1935 retine
901 1896 1030 1949 qua:
1055 1879 1142 1933 vel
1174 1880 1368 1932 sciens
1391 1878 1483 1932 vel
1514 1879 1776 1932 insciens
1808 1879 1868 1932 in
1889 1883 1941 1932 te

295 1974 553 2045 peccavi.
573 1973 865 2025 Conserva
878 1974 1075 2024 autem
1091 1969 1267 2023 etiam
1284 1967 1522 2022 ﬁdelem
1537 1968 1693 2022 hunc
1710 1984 1941 2022 servum

298 2068 488 2127 tuum,
522 2060 614 2114 cui
634 2076 728 2112 me
752 2059 1024 2111 inutilem
1056 2057 1345 2111 famulum
1381 2062 1545 2109 tuum
1572 2073 1825 2127 prmesse
1848 2072 1942 2109 vo-

296 2150 480 2203 luisti.
507 2148 591 2201 Ab
616 2148 776 2201 omni
801 2145 1057 2200 vanitate
1086 2150 1263 2214 atque
1288 2144 1606 2198 adversarii
1637 2145 1942 2198 vexatione

297 2240 494 2310 ipsum
514 2238 738 2302 exime;
762 2236 1029 2305 illudque
1042 2235 1230 2303 efﬁce,
1255 2240 1322 2288 ut
1340 2234 1753 2289 nodosissimis
1768 2235 1839 2288 iis
1854 2234 1941 2289 la-

300 2328 469 2398 queis
483 2342 634 2396 quos
648 2324 919 2379 diabolus
933 2324 1005 2379 ad
1028 2340 1233 2378 eorum
1256 2323 1523 2377 omnium
1544 2323 1759 2393 quibus
1783 2324 1942 2378 salus

300 2415 462 2470 cordi
494 2419 584 2469 est
613 2413 1001 2468 offensionem
1028 2411 1307 2482 expandit
1354 2411 1666 2465 sublimior
1709 2412 1938 2466 existat.

301 2508 549 2562 Omnem
582 2502 920 2575 impostoris
942 2502 1289 2572 potentiam,
1313 2502 1690 2573 omnipotens
1712 2504 1884 2569 Deus,
1909 2519 1943 2557 a

302 2595 451 2650 servi
465 2594 551 2649 tui
564 2592 711 2647 facie
731 2591 884 2657 dele;
908 2596 1083 2660 atque
1097 2606 1195 2644 eas
1210 2590 1323 2660 ipsi
1338 2592 1487 2644 vires
1501 2592 1667 2657 affer,
1685 2591 1940 2661 utpesti-

297 2685 490 2739 ferum
505 2682 692 2737 hostis
704 2681 1039 2735 animarum
1060 2684 1396 2733 nostrarum
1420 2685 1598 2749 caput
1618 2680 1939 2749 proculcet.

300 2773 551 2843 Spiritus
565 2772 647 2823 tui
663 2770 849 2824 sancti
864 2769 1112 2841 gratiam
1129 2784 1195 2821 ex
1211 2768 1329 2821 alto
1345 2768 1404 2820 in
1422 2784 1555 2821 eum
1570 2768 1832 2834 demitte,
1856 2774 1941 2823 at-

300 2877 412 2930 que
431 2859 504 2914 ad
525 2858 849 2913 invisibiles
868 2856 1179 2912 conﬂictus
1192 2856 1373 2909 robur
1387 2856 1495 2926 ipsi
1513 2856 1755 2923 adde,ut
1770 2857 1945 2911 victo-

294 2949 400 3003 ria:
414 2963 692 3002 coronam
709 2951 816 3001 ate
835 2950 1252 3016 consequatur,
1273 2961 1339 2998 ac
1356 2960 1573 2998 nomen
1589 2950 1815 3013 tuum,o
1832 2945 1941 2999 Pa-

2046 1813 2143 1848 σου
2174 1791 2373 1853 σκηνάς
2412 1793 2543 1861 (12),
2602 1788 2692 1843 καὶ
2751 1790 2825 1861 μὴ
2862 1793 3106 1861 μνησθῇς
3162 1794 3260 1845 ὅσα
3318 1814 3401 1846 σοι
3449 1794 3697 1868 ἥμαρτον

2048 1883 2098 1937 ἐν
2132 1882 2327 1955 γνώσει
2356 1900 2415 1932 τε
2459 1878 2549 1932 καὶ
2608 1877 2814 1951 ἀγνοίᾳ.
2876 1879 3119 1950 Φύκαξον
3154 1877 3212 1934 δὶ
3260 1883 3347 1936 καὶ
3381 1884 3469 1937 τὸν
3502 1884 3694 1938 πιστόν

2048 1991 2144 2024 σου
2176 1965 2375 2022 δοῦλον
2405 1971 2595 2021 τοῦτον
2632 2009 2646 2034 ,
2680 1966 2843 2039 οὗπερ
2876 1967 3177 2041 προστῆναί
3238 1992 3305 2041 με
3344 1972 3435 2025 τὸν
3469 1972 3697 2046 ἀχρεῖόν

2048 2078 2145 2111 σου
2195 2058 2431 2129 ἠξίωσας
2489 2054 2726 2125 οἰκέτην*
2788 2056 2942 2131 ῥῦσαι
2976 2058 3137 2112 αὐτὸν
3198 2059 3304 2114 ἀπὸ
3362 2058 3537 2130 πάσης
3590 2083 3697 2134 μα-

2046 2144 2334 2216 ταιότητος
2364 2146 2515 2202 358
2570 2144 2657 2198 xui
2719 2143 2976 2219 ἐπηρείας
3032 2150 3129 2200 τοῦ
3176 2147 3571 2221 ἀντικειμένου,
3602 2150 3692 2204 καὶ

2048 2232 2388 2308 ὑψηλότερον
2430 2233 2581 2288 αύνὸν
2611 2233 2840 2303 ποίησον
2872 2237 2979 2288 τῶν
3022 2233 3393 2292 πολυπλόκων
3423 2236 3693 2314 παγίδων,

2046 2326 2117 2377 ὧν
2152 2323 2227 2384 εἷς
2279 2320 2577 2377 σκάνδαλον
2636 2319 2887 2390 ἣπλωσεν
2948 2324 2974 2376 6
3032 2325 3273 2400 πονηρὸς
3322 2324 3534 2380 πάντων
3580 2333 3690 2382 τῶν

2046 2412 2311 2468 θελόντων
2373 2413 2632 2480 σωθῆναι.
2693 2409 3006 2488 Ἀφόίνισον,
3061 2410 3463 2487 παντοδύναμε,
3516 2422 3687 2471 πᾶσαν

2044 2502 2142 2569 τὴν
2178 2499 2403 2573 δύναμιν
2436 2502 2531 2554 τοῦ
2580 2500 2891 2562 ἀπατεῶνος
2944 2500 3048 2554 ἀπὸ
3107 2503 3403 2576 προσώπου
3434 2508 3532 2559 τοῦ
3562 2502 3692 2559 δού-

2047 2588 2149 2644 λου
2180 2610 2295 2655 σου,
2326 2589 2414 2643 καὶ
2451 2586 2540 2648 δὸς
2590 2588 2737 2658 αύτῴ
2778 2587 3018 2659 ἐξουσίαν
3078 2596 3266 2643 πατεῖν
3303 2591 3401 2659 τήν
3463 2590 3689 2668 ὀλεθρο-

2044 2678 2203 2732 τόκον
2262 2678 2428 2752 κάραν
2485 2680 2581 2731 τοῦ
2634 2675 2909 2748 πολεμίου
2966 2681 3071 2730 τῶν
3122 2681 3404 2754 ἡμετέρων
3458 2683 3692 2755 ψυχῶν.

2046 2768 2412 2839 Κατάπεμψον
2489 2765 2539 2834 ἐξ
2602 2762 2769 2837 ὕψους
2847 2766 2946 2832 τὴν
3004 2766 3167 2840 χάριν
3223 2771 3319 2822 τοῦ
3390 2768 3546 2843 ἁγίου
3596 2792 3689 2824 σου

2048 2854 2377 2927 Πνεύματος.
2416 2854 2512 2907 Καὶ
2558 2851 2872 2927 ἐνίσχκυσον
2907 2852 3064 2907 αὐτὸν
3116 2855 3252 2926 πρὸς
3300 2855 3397 2917 τάς
3431 2858 3684 2929 ἀοράτους

2046 2946 2409 3020 παρατάξεις,
2466 2944 2556 2997 ἳνα
2612 2944 2706 2998 τὸν
2753 2950 2853 3012 τῆς
2907 2943 3063 3013 νίκης
3116 2945 3321 3019 ἀξιωθῇ
3399 2948 3537 3020 παρά
3585 2953 3677 3002 σοῦ

294 3042 477 3105 ter,ac
492 3036 620 3091 Filii
652 3035 753 3100 tui,
778 3041 836 3089 et
857 3034 1105 3106 Spiritus
1129 3033 1341 3099 sancti,
1366 3033 1426 3086 in
1442 3033 1569 3103 ipso
1585 3034 1936 3102 celebretur,

2063 3034 2303 3111 στέφανον
2361 3030 2628 3105 δέξασθαι,
2684 3032 2773 3086 καὶ
2824 3029 3055 3106 δοξασθῇ
3115 3033 3166 3087 ἐν
3225 3033 3371 3107 αὐτῷ
3428 3036 3490 3090 τὸ
3519 3032 3690 3106 ὄνομά

294 3126 579 3198 quoniam
611 3130 666 3179 te
700 3122 868 3178 decet
897 3123 1026 3177 laus
1059 3127 1116 3175 et
1144 3122 1331 3192 gloria
1357 3121 1418 3174 in
1452 3122 1689 3177 saacula.
1725 3124 1935 3176 Amen.

369 3411 486 3466 Hac
509 3407 848 3480 precatione
871 3405 1233 3473 habita,cum
1260 3411 1507 3477 paterno
1542 3408 1756 3461 all'ectu
1785 3408 1947 3462 Josa-

298 3501 549 3573 phatum
571 3496 1118 3568 complexus,atque
1133 3495 1334 3549 osculo
1354 3501 1557 3550 sancto
1573 3496 1947 3550 exosculatus

298 3590 532 3656 fuisset,
564 3604 633 3643 ac
683 3602 811 3641 sese
864 3585 1056 3639 crucis
1087 3584 1252 3656 signo
1284 3584 1619 3651 muniisset,
1646 3584 1946 3655 pedesque

302 3678 633 3743 extulisset,
664 3674 888 3747 ingenti
907 3673 1113 3727 laetitia
1133 3672 1427 3743 perfusus,
1460 3689 1579 3727 non
1604 3688 1773 3727 secus
1804 3689 1870 3727 ac
1899 3673 1945 3727 si

300 3766 478 3823 amici
510 3764 752 3835 quidam
783 3762 1197 3828 accessissent,
1229 3760 1301 3815 ab
1334 3760 1572 3815 beatum
1604 3761 1736 3828 iter,
1771 3766 1947 3832 atque

297 3855 373 3911 ad
394 3850 737 3923 recipienda
766 3850 953 3904 beatae
1001 3848 1162 3902 illius
1202 3848 1335 3902 vita:
1374 3850 1619 3919 praemia
1649 3849 1947 3919 profectus

299 3950 408 4013 est,
441 3957 623 3999 senex
650 3940 847 4013 plane,
881 3954 948 3993 ac
980 3936 1380 4008 Spiritualium
1426 3937 1659 3992 dierum
1706 3938 1943 4009 plenus.

366 4152 499 4206 CAP.
524 4150 634 4205 XL.
659 4179 729 4189 --
748 4147 1031 4219 Josaphat
1051 4150 1513 4214 autem,summa
1543 4161 1679 4200 cum
1708 4161 1946 4200 venera-

296 4250 459 4305 tione
484 4253 660 4319 atque
682 4246 909 4317 ejulatu
926 4249 1152 4315 patrem
1175 4243 1943 4315 complexus,lacrymisque

294 4348 496 4403 abluto
519 4345 703 4417 ipsius
726 4347 1175 4414 corpore,atque
1209 4358 1417 4413 aspero
1437 4341 1540 4395 illo
1562 4340 1940 4412 cilicio,quod

2091 4401 2101 4421 Ι

296 4446 368 4501 ab
388 4462 455 4499 eo
477 4445 538 4499 in
551 4443 690 4499 aula
710 4438 1655 4511 acceperat,involuto,consuetos
1676 4440 1937 4508 psalmos
1973 4414 2016 4477 D
2048 4423 2169 4474 mi”

289 4544 523 4607 recitat,
554 4558 660 4612 per
691 4545 873 4593 totum
912 4536 1067 4590 diem
1100 4552 1167 4590 ac
1200 4540 1380 4589 totam
1407 4540 1645 4589 noctem
1670 4536 1847 4589 simul
1880 4543 1938 4592 et

290 4645 599 4707 canens,et
626 4639 952 4711 pretiosum
970 4634 1125 4689 beati
1159 4633 1263 4687 viri
1308 4649 1521 4703 corpus
1552 4633 1830 4705 lacrymis
1857 4637 1936 4689 ri-

288 4760 453 4817 gans.
488 4738 779 4797 Postridie
806 4741 1004 4791 autem
1039 4734 1253 4789 eﬂ‘osso
1273 4732 1445 4803 juxta
1476 4733 1820 4803 speluncam
1852 4752 1938 4789 se-

287 4842 592 4913 pulcro,ac
622 4852 788 4893 sacro
820 4848 1067 4905 corpore
1103 4835 1447 4885 reverenter
1475 4829 1795 4886 admodum
1835 4849 1935 4901 ge-

290 4944 464 5007 stato,
500 4934 873 5009 spiritualem
905 4936 1133 5004 patrem
1166 4928 1431 5002 egregius
1463 4933 1521 4983 et
1549 4929 1937 4985 charissimus

288 5036 449 5092 ﬁlius
479 5028 1261 5099 inhumavit,ardentiusque
1284 5026 1482 5082 animo
1505 5026 1934 5097 inﬂammatus,

382 5279 474 5348 -l0)
503 5275 667 5348 Conf.
692 5293 750 5347 p.
781 5275 879 5348 44,
904 5292 965 5331 n.
998 5277 1087 5331 93.

385 5344 470 5420 11)
503 5349 563 5412 C,
598 5344 1009 5420 διαφαινούσης.

358 5351 443 5422 (11
503 5351 563 5412 C,
598 5351 1009 5420 διαφαινούσης.

356 5351 470 5493 (12)
500 5418 665 5493 Conf_.
694 5436 755 5491 p.
784 5419 872 5488 17,
902 5434 964 5493 n.
994 5418 1082 5472 54.

386 5491 474 5563 13)
500 5491 666 5563 Conf.
681 5505 830 5563 pag.
865 5491 989 5545 185.

385 5559 473 5635 υ.)
502 5566 571 5635 Α,
594 5559 853 5636 ἐχόμενα.

2055 3145 2170 3193 σου,
2202 3126 2297 3177 τοῦ
2330 3122 2557 3197 Πατρὸς,
2590 3121 2677 3175 xui
2710 3124 2805 3175 τοῦ
2836 3121 2985 3188 Υἳοῦ,
3017 3120 3105 3175 καὶ
3134 3126 3231 3177 τοῦ
3262 3122 3415 3199 ἁγίου
3447 3123 3697 3196 Πνεύμα-

2051 3233 2167 3279 τος,
2199 3210 2282 3266 ὅτι
2312 3212 2398 3265 σοὶ
2428 3212 2619 3285 πρέπει
2654 3207 2781 3280 δόξα
2810 3211 2900 3264 καὶ
2927 3208 3126 3273 αἶ’νεσις
3176 3211 3253 3274 εἷς
3311 3211 3438 3274 τοὺς
3470 3212 3695 3274 αἰῶνας,

2052 3300 2252 3374 Ἀμήν.

2122 3405 2300 3463 Ταῦτα
2334 3405 2640 3481 εὐξαμενος,
2690 3407 2780 3461 xui
2835 3405 2927 3461 τὸν
2980 3406 3208 3484 Ἰωάσαφ
3265 3413 3543 3483 πατρικῶς
3604 3430 3701 3464 πε-

2054 3498 2467 3571 ριπτυξάμενος,
2497 3496 2584 3550 καὶ
2638 3495 2919 3568 ἀσπασμὸν
2967 3494 3113 3568 αὐτῷ
3162 3492 3288 3559 δοὺς
3322 3496 3373 3551 ἐν
3423 3497 3704 3573 φιλήματι

2052 3584 2334 3660 ἁγίῳ,
2378 3606 2532 3657 τυπῳ
2586 3605 2644 3639 τε
2690 3588 2787 3639 τοῦ
2848 3588 3080 3657 σταυροῦ
3134 3586 3318 3640 ἑαυτὸν
3379 3584 3707 3664 ἐπισφραγι-

2053 3674 2303 3747 σάμενος,
2334 3674 2422 3729 xui
2452 3673 2579 3736 τοὺς
2610 3670 2781 3734 πόδας
2830 3671 3037 3747 ἐξάρας,
3092 3672 3180 3727 καὶ
3240 3674 3360 3728 λίαν
3390 3677 3701 3750 περιχαρής

2050 3763 2361 3840 γενόμενος,
2394 3762 2572 3836 ὥσπερ
2620 3765 2784 3817 τιοῶν
2842 3759 3301 3834 ἐπιδημησάντων
3335 3763 3531 3837 φίλων,
3562 3766 3702 3839 πρὸς

2049 3854 2149 3923 τήν
2206 3852 2471 3927 μακαρίαν
2558 3850 2772 3920 ἀπῆλθε
2828 3850 3048 3922 πορείαν
3085 3896 3101 3921 ,
3154 3852 3291 3926 πρὸς
3341 3854 3441 3921 τήν
3502 3852 3706 3909 ἐκεῖθεν

2053 3938 2283 3995 διελθὼν
2339 3937 2673 4015 γεροδοσίαν,
2721 3934 3032 4014 πρεσϐύτης
3062 3936 3134 3993 ὣν
3168 3939 3257 3994 καὶ
3289 3940 3516 4016 πλήρης
3547 3943 3702 4015 ἠμε-

2053 4034 2161 4103 ρῶν
2193 4033 2301 4084 τῶν
2332 4032 2429 4083 τοῦ
2458 4028 2792 4101 πνεύματος.

2121 4138 2284 4193 ΚΕΦ.
2318 4137 2405 4192 Μ’.
2473 4136 2530 4189 Ὃ
2588 4132 2645 4189 δὲ
2691 4135 2947 4210 Ἰωάσαφ,
3008 4135 3325 4210 περιχυθεὶς
3382 4142 3463 4209 τῷ
3523 4140 3694 4215 Πατρὶ

2054 4226 2167 4295 μεθ’
2228 4222 2361 4293 ὅσης
2420 4221 2478 4276 ἂν
2539 4220 2714 4283 εἷ’ποις
2762 4226 2861 4287 τῇς
2914 4218 3200 4285 εὐλαϐείας
3248 4226 3338 4279 καὶ
3397 4225 3648 4303 οἰμωγῆς

2050 4310 2272 4384 δάκρυσί
2300 4332 2358 4366 τε
2403 4311 2466 4365 τὸ
2525 4310 2772 4383 λείψανον
2822 4309 3044 4381 Λούσας,
3091 4310 3180 4364 καὶ
3229 4316 3306 4383 τῷ
3334 4287 3572 4388 τριχίνῷ
3598 4287 3696 4390 ﬁcu-’-

2222 4402 2353 4476 ὅπερ
2415 4399 2575 4461 αὐτὸς
2636 4398 2686 4453 ἐν
2746 4403 2824 4471 τῷ
2889 4398 3137 4471 παλατίῳ
3181 4404 3481 4476 παρασχὼν
3531 4408 3641 4476 (13)
3678 4448 3693 4471 ,

2046 4489 2369 4565 περιελίξας,
2442 4489 2570 4550 τοὺς
2623 4487 3043 4561 νενομισμένους
3099 4487 3340 4563 ἐπιλέγει
3398 4490 3696 4564 ψαλμοὺς,

2048 4576 2136 4633 διά
2164 4579 2339 4649 πάσης
2370 4586 2468 4648 τῆς
2498 4579 2709 4651 ἡμέρας
2736 4577 2827 4632 xui
2880 4584 2982 4646 τῆς
3040 4578 3232 4631 νυκτὸν
3266 4576 3404 4649 ὅλης
3462 4580 3695 4654 ψάλλων

2048 4672 2159 4742 ἅμα
2213 4670 2301 4725 καὶ
2361 4667 2584 4744 δάκρυσι
2642 4669 2702 4722 τὸ
2760 4667 2940 4741 τίμίον
3014 4671 3111 4722 τοῦ
3168 4670 3415 4745 μάκαρος
3476 4672 3694 4746 βρέχων

2047 4763 2225 4831 σῶμα.
2259 4762 2343 4832 Τῇ
2385 4756 2443 4813 δὶ
2493 4758 2719 4831 ἐπιούσῃ
2766 4756 2970 4833 ἡμέρᾳ,
2998 4758 3166 4833 τάφον
3218 4760 3454 4828 ποιήσας
3486 4758 3692 4835 ἐχόμι-

2045 4868 2133 4902 νον
2164 4851 2274 4921 (14)
2320 4851 2416 4901 τοῦ
2474 4845 2773 4917 σπηλαίου,
2832 4845 2922 4900 καὶ
2972 4847 3124 4904 850
3161 4841 3411 4909 εὐλαϐῶς
3444 4846 3579 4922 ἄγαν
3625 4850 3693 4904 τὸ

2045 4938 2189 5014 ἱερὸν
2222 4936 2476 5010 Λείψανον
2527 4930 2908 5004 διαϐαστάσας,
2942 4934 2992 4989 ἐν
3021 4940 3104 5007 τῷ
3138 4936 3385 5009 μνήματι
3442 4936 3694 4993 κατέθετο

2043 5026 2134 5082 τὸν
2168 5025 2531 5099 πνευματικὸν
2590 5025 2795 5100 πατέρα
2827 5022 3051 5086 ὁκαλὸς
3100 5024 3218 5087 υἱὸς
3276 5024 3365 5080 xui
3423 5026 3700 5099 τιμιώτα-
