3964 6144
371 282 513 353 1235

1897 286 2262 342 ADDBNDA.

3620 296 3736 353 I236

374 410 990 483 Josaphat,sermones
1014 410 1306 482 mei,quos
1328 406 1627 481 quondam
1650 406 1723 462 ad
1742 412 1797 462 te
1817 407 2020 462 habui:

2153 407 2235 460 λον
2270 406 2571 483 εὖφράνθης
2600 409 2746 466 τοι
2782 409 2882 478 τὴν
2932 412 3117 488 ψυχὴν
3166 413 3250 467 ὃτι
3299 411 3609 486 εἰσηκούσθη
3655 440 3735 475 σου

377 499 664 555 nimirum
686 499 810 554 fore
833 505 898 554 ut
921 516 1055 555 cum
1080 499 1153 555 ad
1176 500 1444 571 ingentes
1468 514 1609 568 opes
1638 496 2028 569 pervenisses,

378 604 502 643 non
519 587 648 660 jam
670 588 935 643 liberalis
955 605 1023 643 ac
1044 588 1320 660 profusus
1348 603 1530 656 esses,
1553 603 1621 641 ac
1643 590 1704 639 tu
1727 585 1798 639 ob
1818 585 1875 638 id
1900 602 2030 638 ver-

378 676 522 732 bum
545 678 787 750 ancipiti
802 678 1000 733 animo
1023 680 1344 733 eras.Nunc
1359 681 1557 731 autem
1578 691 1831 747 quonam
1859 679 2029 746 pacto

380 783 586 838 parem
604 767 707 821 tibi
724 767 951 822 honore
965 772 1193 838 patrem
1210 783 1337 821 esse
1351 765 1599 820 moleste
1615 763 1895 830 tulisti,ac
1910 780 2030 818 non

382 856 580 928 potius
602 856 713 911 hoc
733 856 977 911 nomine
999 855 1266 911 laetitiam
1293 855 1492 910 animo
1515 853 1860 924 concepisti,
1886 869 2032 923 quo-

380 945 543 1000 niam
565 938 767 999 multm
792 951 908 1000 tua;
931 963 1037 1017 pro
1061 962 1129 1000 eo
1152 945 1296 1000 fusae
1316 960 1523 1016 preces
1546 942 1835 998 exauditae
1860 941 2032 996 sunt?

380 1033 661 1105 Josaphat
690 1039 910 1102 autem,
945 1051 1053 1107 pro
1086 1051 1154 1090 eo
1186 1050 1253 1089 ac
1285 1032 1544 1099 nolebat,
1579 1031 1653 1087 ad
1677 1047 1812 1086 eum
1844 1030 2029 1085 dixit:

380 1124 648 1195 Ignosce,
672 1128 860 1195 pater,
886 1123 1146 1196 ignosce.
1174 1122 1427 1178 Ubinam
1452 1127 1650 1177 autem
1674 1120 1925 1186 habites,
1942 1117 2033 1173 fac

382 1211 735 1285 intelligam.
768 1213 912 1267 Tum
944 1212 1213 1267 Barlaam
1241 1231 1253 1267 :
1289 1215 1353 1267 In
1384 1211 1495 1265 hac
1519 1209 1923 1281 pulcherrima
1944 1211 2034 1261 at-

387 1317 500 1371 que
524 1301 749 1373 ingenti
772 1301 1003 1357 civitate
1027 1301 1395 1356 domicilium
1420 1304 1629 1354 nactus
1653 1314 1804 1364 sum,
1831 1297 1892 1350 in
1916 1311 2034 1349 me"

388 1388 485 1444 dio
503 1389 667 1444 urbis
685 1391 1131 1456 vico,immenso
1153 1390 1384 1445 lumine
1412 1386 2033 1443 coruscanti.Rursum

386 1485 584 1533 autem
606 1480 885 1552 Josaphat
917 1479 1027 1534 sibi
1060 1496 1195 1535 cum
1219 1496 1287 1534 eo
1320 1494 1493 1550 agere
1524 1475 1849 1540 videbatur,
1876 1479 1941 1528 ut
1962 1474 2032 1528 ab

388 1583 456 1622 eo
479 1568 538 1621 in
557 1568 744 1639 ipsius
764 1568 1211 1624 tabernaculum
1234 1567 1651 1633 abduceretur,
1671 1564 2035 1633 comiterque

384 1656 641 1729 hospitio
695 1658 1085 1729 exciperetur.
1120 1657 1226 1712 Ille
1257 1661 1457 1711 autem
1487 1653 1755 1710 nondum
1798 1657 2034 1723 tempus

2138 495 2171 562 ἡ
2204 494 2392 563 πολλῆ
2425 495 2549 570 περὶ
2591 495 2755 551 αὐτοῦ
2807 494 3023 571 δέησιςς
3056 501 3117 558 Ὁ
3150 499 3208 555 δὲ
3262 500 3515 578 Ἰωάσαφ,
3570 504 3636 567 ὡς
3674 506 3734 561 εἵ-

2138 584 2287 637 θιστο
2329 582 2410 637 ἀεὶ
2472 583 2650 660 λεγειν
2708 585 2875 658 αύτῷ,
2934 587 3331 663 Συγχώρησον,
3390 588 3510 666 ἔφη,
3565 593 3733 669 Πάτερ,

2140 673 2527 748 συγχώρησον.
2556 675 2667 729 Ποῦ
2699 671 2755 728 δὲ
2786 674 2945 738 αὐτὸς
2975 676 3143 739 οἰκεῖς
3200 677 3464 753 γνώρισόν
3514 700 3619 752 μοι.
3663 686 3735 739 Ἐν

2136 764 2330 834 ταύτῃ,
2363 761 2517 838 φησὶ,
2551 765 2618 836 τῇ
2657 762 2863 839 μεγάλῃ
2891 764 2981 819 καὶ
3010 764 3332 841 περικαλλεῖ
3376 765 3551 822 πόλειο
3596 768 3736 826 οίκεῖν

2139 846 2343 924 ἔλαχον
2377 849 2430 905 ἐν
2465 852 2758 927 μεσαιτάτῃ
2785 860 2884 923 τῆς
2915 853 3132 917 πόλεως
3161 852 3393 928 πλατείᾳ
3422 857 3553 934 φωτὶ
3603 878 3739 914 κατα-

2139 938 2518 1012 στραπτομὲνῃ
2575 938 2813 1014 ἀπλέτῳ.
2876 941 3084 1013 Ἀξιοῦν
3145 939 3203 996 δὲ
3257 941 3408 1005 αὖθις
3467 944 3494 998 ὁ
3543 944 3739 1020 Ἱωάσαφ

2140 1022 2314 1080 ἐδόκει
2344 1028 2434 1080 τὸν
2467 1026 2738 1103 Βαρλαᾶμ
2793 1028 2871 1092 εἷς
2924 1030 2988 1085 τὸ
3037 1031 3230 1085 ἑαυτοῦ
3282 1033 3566 1108 ἀπαγαγεῖν
3609 1028 3743 1089 αὐτὸν

2142 1116 2409 1188 σκήνωμα
2436 1115 2524 1170 καὶ
2557 1114 2908 1193 φιλοφρόνως
2938 1120 3244 1193 ξεναγῆσοιι.
3281 1118 3436 1176 Ἀλλ’
3490 1117 3633 1176 οὔπω
3669 1123 3743 1177 τὸν

2138 1205 2326 1278 καιρὸν
2358 1205 2509 1274 ἥκειν
2540 1201 2718 1280 ἔλεγεν
2767 1207 2995 1277 ἐκεῖνος,
3047 1210 3184 1286 πρὸς
3222 1207 3402 1265 ἐκεῖνοὶ
3443 1232 3497 1267 σε
3536 1211 3595 1266 τὰ
3632 1234 3739 1283 σκη-

2140 1293 2365 1366 νώματα
2395 1292 2593 1364 ἐλθεῖν,
2624 1291 2701 1350 ἔτι
2731 1301 2811 1367 τῷ
2842 1297 3048 1373 φορτίῳ
3076 1303 3174 1354 τοῦ
3206 1299 3456 1372 σώματος
3486 1299 3739 1374 ὑποκείμε-

2140 1402 2251 1438 νον.
2284 1380 2448 1458 Εἴπερ
2503 1381 2595 1438 οὖν
2649 1382 2908 1460 ἀνδρείως
2967 1389 3344 1462 καρτερήσεις,
3400 1390 3623 1465 καθάπερ
3669 1411 3742 1444 σοι

2143 1469 2520 1545 ἐνετειλάμην,
2551 1472 2700 1543 ἥξεις
2735 1476 2927 1551 μικρὸν
2988 1476 3233 1551 ὕστερον,
3295 1480 3387 1532 καὶ
3440 1482 3542 1533 τῶν
3597 1479 3742 1533 αὐτῶν

2146 1559 2422 1635 ἀξιωθήσῃ
2454 1561 2853 1636 σκηνωμάτων,
2913 1571 3013 1634 τῆς
3063 1564 3232 1636 αὐτῆς
3288 1565 3443 1640 τεύξῃ
3496 1572 3655 1642 χαρᾶς
3701 1588 3747 1622 τε

2141 1648 2231 1701 καὶ
2264 1645 2444 1720 δόξης,
2470 1650 2560 1704 καὶ
2602 1648 3029 1722 συνδιαιωνίζων
3080 1650 3173 1728 ἔσῃ
3236 1676 3356 1728 μοι.
3410 1655 3653 1724 Ἔξυπνος
3703 1652 3749 1709 δὶ

388 1745 595 1802 adesse
608 1747 1091 1819 respondit,utad
1104 1747 1209 1802 illa
1226 1745 1607 1801 tabernacula
1620 1741 2040 1812 veniret,quip-

2153 1734 2231 1791 ἐπὶ
2260 1735 2477 1801 τούτοις
2526 1739 2847 1814 γενόμενος,
2875 1742 2902 1796 ὁ
2937 1741 3168 1817 Ἰωᾶσαφ
3217 1747 3316 1797 τοῦ
3359 1744 3530 1821 φωτὸς
3572 1742 3745 1799 ἐκείνου

392 1852 465 1907 pe
490 1835 589 1908 qui
613 1836 878 1908 corporis
901 1836 1133 1892 sarcina
1156 1835 1347 1891 adhuc
1368 1838 1756 1906 premeretur.
1791 1828 1955 1895 Quod
1990 1828 2039 1882 si

2153 1827 2361 1897 καὶτῆς
2396 1827 2638 1904 ἀῤῥήτου
2674 1827 2833 1902 δόξης
2891 1833 3007 1907 εἶχε
3049 1834 3151 1902 τὴν
3189 1835 3377 1909 ψυχὴν
3425 1828 3499 1888 ἔτι
3546 1834 3644 1908 (24)
3668 1854 3743 1888 πε-

391 1925 531 1979 forti
554 1925 774 1992 animo,
800 1926 1015 1996 inquit,
1038 1926 1100 1980 in
1126 1930 1328 1981 sancto
1349 1925 1480 1978 vitai
1499 1937 1735 1995 genere,
1758 1918 1913 1973 velut
1935 1916 2038 1970 tibi

2153 1914 2547 1990 πληρωμὲνην,
2573 1919 2663 1973 καὶ
2699 1918 2791 1973 σὺν
2820 1917 3021 1994 πολλῷ
3049 1926 3130 1994 τῷ
3160 1921 3395 1995 θαύματι
3425 1926 3500 1994 τῷ
3546 1920 3743 1995 Δεσπότῃ

396 2012 693 2081 mandavi,
742 2015 1094 2085 perstiteris,
1154 2014 1462 2085 aliquanto
1514 2016 1647 2083 post
1700 2008 1921 2071 venies,
1956 2008 2045 2060 at-

2155 2008 2515 2080 χαριστήριον
2548 2007 2853 2081 ἀνέπεμπεν
2884 2009 3075 2082 ὕμνον.

395 2118 509 2172 que
532 2101 739 2157 eadem
763 2102 1495 2158 tabernaculaeteamdem
1510 2098 1774 2153 laetitiam
1793 2112 1859 2150 ac
1872 2093 2123 2165 gloriam
2142 2097 2983 2171 consequeris,mecumquein
2999 2101 3430 2173 sempiternum
3442 2100 3748 2171 eris.Exper—

394 2196 590 2245 rectus
616 2196 813 2246 autem
833 2192 1133 2262 Josaphat,
1156 2191 1423 2246 animum
1445 2188 1549 2242 illa
1566 2187 1697 2240 luce
1721 2189 1896 2254 atque
1919 2181 2079 2236 omni
2104 2184 2394 2239 sermonis
2410 2184 2689 2242 facultate
2712 2187 3045 2244 sublimiori
3067 2190 3261 2262 gloria
3280 2190 3571 2263 perfusum
3591 2188 3745 2246 adhuc

394 2278 666 2346 habebat,
701 2296 769 2335 ac
798 2280 987 2334 multa
1017 2296 1155 2334 cum
1183 2277 1575 2334 admiratione
1608 2274 1681 2330 ad
1702 2273 1853 2346 grati
1880 2270 2066 2326 animi
2099 2270 2600 2343 signiﬁcationem
2632 2277 2817 2332 Deum
2846 2277 3122 2334 laudibus
3154 2279 3458 2335 et'ferebat.

464 2386 886 2442 Mansitautem
903 2385 977 2441 ad
1001 2391 1331 2442 extremum
1352 2401 1540 2455 usque
1561 2398 1695 2437 vere
1720 2379 2048 2452 angelicam

394 2478 456 2532 in
481 2481 640 2532 terra
660 2475 837 2531 vitam
858 2476 1177 2543 ducens,ac
1199 2474 1420 2530 duriori
1445 2471 1737 2544 religiosae
1761 2468 2046 2523 exercita-

398 2566 576 2621 tionis
597 2581 810 2637 genere
831 2570 966 2636 post
987 2564 1146 2619 senis
1163 2563 1493 2619 discessum
1516 2565 1711 2616 utens.
1745 2559 1890 2613 Nam
1913 2571 2048 2611 cum

399 2670 555 2711 anno
579 2653 771 2708 aetatis
794 2653 1073 2725 vigesimo
1094 2652 1301 2722 quinto
1324 2666 1574 2722 regnum
1593 2653 1895 2703 terrenum
1916 2644 2051 2699 reli-

392 2733 1108 2805 quisset,monasticaeque
1121 2733 1250 2786 vitae
1263 2737 1563 2786 certamen
1576 2725 2051 2795 subiisset,quin-

395 2840 510 2896 que
532 2829 592 2879 et
612 2824 853 2897 triginta
870 2840 1061 2879 annos
1085 2824 1149 2877 in
1167 2822 1503 2879 vastissima
1515 2837 1584 2875 ea
1605 2819 1713 2875 soli
1724 2817 2051 2888 tudine,pe-

393 2912 567 2969 rinde
586 2928 654 2968 ac
676 2913 725 2968 si
750 2913 917 2968 nulla
930 2913 1126 2969 carnis
1140 2918 1304 2984 parte
1320 2909 1906 2976 constaret,humana
1917 2922 2050 2960 con-

401 3001 626 3057 ditione
649 3002 1061 3058 sublimiorem
1087 3002 1265 3057 vitam
1293 3001 1429 3073 egit:
1464 3000 1548 3055 sic
1568 3002 1876 3069 nempe,ut
1894 2994 2047 3049 mul-

2228 2376 2448 2448 Ἔμεινε
2479 2378 2536 2434 δὲ
2568 2380 2735 2457 μέχρι
2764 2378 2957 2445 τέλους
2986 2384 3088 2452 τήν
3119 2383 3420 2460 ἀγγελικὴν
3455 2381 3651 2452 ἀληθῶς
3675 2378 3742 2434 ἰπὶ

2154 2474 2254 2542 γῆς
2287 2467 2456 2523 ἀνύων
2491 2467 2786 2548 διαγωγήν,
2831 2473 2920 2528 καὶ
2978 2472 3329 2548 σκληροτέρᾳ
3382 2473 3585 2543 ἀσκήσει
3638 2468 3740 2543 μετὰ

2155 2557 2255 2625 τήν
2307 2557 2627 2631 παρὲλευσιν
2682 2559 2778 2615 τοῦ
2851 2562 3104 2637 γέροντος
3178 2562 3488 2637 χρώμενος·
3555 2557 3739 2631 πέμπτῳ

2160 2648 2255 2720 μὲν
2288 2648 2380 2703 καὶ
2406 2648 2635 2721 εἰκοστῷ
2664 2657 2764 2720 τῆς
2797 2649 3023 2720 ἡλικίας
3051 2648 3156 2706 ἔτει
3197 2653 3307 2722 τήν
3357 2649 3576 2724 ἐπίγειον
3614 2665 3739 2701 κατα-

2157 2736 2334 2791 λιπὼν
2369 2738 2642 2813 βασιλείαν
2673 2741 2765 2795 γαί
2806 2742 2898 2795 τὸν
2953 2739 3250 2811 ἀσκητικὸν
3308 2738 3542 2795 ὑπελθὼν
3580 2736 3733 2810 ἀγῶνα,

2156 2825 2315 2880 πέντε
2346 2822 2404 2880 δὲ
2461 2827 2547 2881 καὶ
2603 2829 2896 2903 τριάκοντα
2956 2829 3196 2904 χρόνους
3258 2827 3310 2882 ἐν
3489 2824 3731 2897 παντρήμφ

2154 2912 2321 2987 ταύτῃ
2347 2914 2609 2986 ἀσκήσας,
2652 2915 2831 2990 ὥσπερ
2883 2938 2967 2981 τις
3026 2914 3265 2991 ἄσαρκος
3319 2921 3450 2988 (25),
3504 2916 3583 2983 τὴν
3626 2909 3722 2978 ὑπὲρ

2158 3005 2311 3060 362
2343 3004 2624 3078 ἄνθρωπον
2654 3005 2902 3078 ἄσκησιν,
2961 3003 3176 3068 πολλὰς
3245 3006 3341 3078 μὲν
3392 3005 3620 3081 πρότερον
3652 3001 3728 3070 ψυ-

401 3097 492 3147 tas
514 3092 755 3163 quidem
786 3092 1100 3147 hominum
1131 3091 1364 3147 animas
1396 3107 1431 3146 a
1459 3088 1738 3161 pestifero
1770 3089 2044 3157 serpente

2157 3092 2261 3186 1&5
2292 3091 2589 3166 ἀνθρώπων
2629 3098 2725 3147 τοῦ
2756 3093 3113 3170 ψυχοφθόρου
3145 3091 3446 3169 δράκοντος
3483 3085 3732 3145 ἀποσπάσας

405 3182 571 3253 prius
587 3181 1203 3251 abstraxerit,Deoque
1228 3182 1486 3253 integras
1508 3177 1908 3235 etincolumes
1930 3191 2048 3229 ser-

405 3272 841 3342 vaverit,eaque
856 3272 917 3326 in
940 3287 1002 3325 re
1015 3271 1400 3342 apostolicam
1425 3269 1673 3341 gratiam
1695 3270 2049 3323 consecutus

406 3361 812 3431 sit,animique
835 3360 1013 3415 etiam
1036 3359 1378 3414 inductione
1396 3363 1620 3428 martyr
1642 3356 1950 3422 exstiterit,
1982 3369 2051 3408 ac

403 3450 704 3504 Christum
727 3448 788 3502 in
806 3464 1010 3520 regum
1032 3464 1099 3503 ac
1116 3453 1506 3519 tyrannorum
1520 3445 1709 3501 oculis
1731 3450 1790 3499 et
1810 3448 2051 3514 aspectu

404 3538 615 3594 ﬁdenti
638 3539 837 3595 animo
860 3538 1168 3594 confessus
1181 3536 1843 3606 sit,vocalissimumque
1865 3533 2051 3604 ipsius

403 3629 520 3700 maj
530 3629 732 3684 estatis
743 3644 1078 3699 praeconem
1092 3643 1220 3683 sese
1234 3624 1916 3698 praebuerit;multosque
1929 3638 2055 3677 rur-

410 3735 543 3774 sum
564 3734 772 3789 pravos
794 3718 1036 3789 spiritus
1050 3718 1111 3771 in
1126 3716 1443 3772 solitudine
1462 3713 2053 3787 proﬂigarit,omnes—

413 3825 526 3879 que
547 3807 762 3863 Christi
784 3808 837 3862 vi
860 3823 928 3863 ac
949 3807 1216 3878 potentia
1236 3804 1930 3877 superarit,cmlestisque
1956 3802 2055 3857 be-

412 3896 612 3952 neﬁcii
635 3900 812 3966 atque
842 3896 1044 3967 gratia:
1074 3894 1374 3950 uberrime
1406 3894 1704 3965 particeps
1735 3894 1923 3948 factus
1955 3892 2050 3947 sit.

409 3984 574 4042 Unde
597 3985 777 4041 etiam
798 3983 983 4040 animi
1007 3984 1247 4040 oculum
1267 3983 1340 4039 ab
1363 3984 1527 4037 omni
1546 3987 1783 4038 terrena
1800 3981 2051 4054 caligine

407 4092 626 4148 purum
651 4074 1003 4143 habebat,ac
1017 4073 1217 4129 futura
1237 4077 1521 4143 tanquam
1550 4071 1869 4143 praesentia
1885 4087 2036 4142 pros-

402 4165 1071 4237 piciebat,Christusque
1084 4163 1197 4235 ipsi
1212 4179 1411 4218 rerum
1426 4161 1693 4217 omnium
1706 4161 1894 4216 instar
1905 4164 2048 4227 erat,

404 4253 702 4308 Christum
725 4251 1359 4323 expetebat,Christum
1373 4267 1493 4307 non
1519 4266 1688 4306 secus
1711 4267 1778 4305 ac
1799 4266 2056 4321 praesen-

410 4349 529 4399 tem
551 4341 1068 4408 cernebat,Christi
1081 4341 1589 4412 pulchritudinem
1612 4355 1918 4411 nunquam
1935 4355 2053 4394 non

407 4432 769 4501 intuebatur,
787 4432 961 4503 juxta
979 4431 1129 4487 illud
1148 4432 1457 4503 PrOpbetee
1484 4448 1497 4485 :
1520 4430 1909 4486 Providebam
1939 4431 2055 4484 Do-

2156 3180 2246 3234 καὶ
2277 3184 2355 3253 τῷ
2407 3185 2522 3253 Θεῷ
2582 3182 2939 3259 προσαγαγὼν
2995 3185 3365 3256 σεσωσμένας,
3413 3182 3498 3238 καὶ
3547 3179 3736 3233 ἀποστο-

2157 3269 2320 3339 λικῆς
2350 3270 2401 3324 ἐν
2433 3270 2611 3343 τούτῳ
2643 3271 2873 3346 χάριτος
2903 3272 3172 3343 ἀξιωθεὶς,
3210 3274 3418 3348 μάρτυς
3448 3268 3500 3326 δὶ
3523 3271 3584 3341 τῇ
3627 3284 3735 3339 προ-

2159 3356 2358 3432 αιρέσει
2388 3360 2701 3434 γενόμενος,
2733 3360 2823 3414 καὶ
2856 3359 3132 3437 παρῥησίᾳ
3157 3360 3255 3415 τὸν
3288 3359 3506 3438 Χριστὸν
3551 3355 3735 3410 ἐνώπιον

2163 3444 2431 3519 βασιλέων
2460 3445 2814 3522 ὁμολογήσας
2862 3448 2953 3503 καὶ
2999 3450 3299 3524 τυράννων,
3347 3448 3436 3504 καὶ
3480 3441 3628 3520 κήρυξ
3665 3459 3740 3513 με-

2156 3532 2611 3613 γαλοφωνότατος
2655 3543 2757 3606 τῆς
2798 3536 2962 3592 αὐτοῦ
3015 3536 3442 3613 μεγαλειότητος
3486 3536 3738 3608 ἀναφανεις,

2158 3621 2344 3678 πολλὰ
2372 3622 2415 3679 δ’
2449 3623 2513 3679 αὖ
2539 3623 2702 3681 πᾶλιν
2748 3626 3031 3699 πνεύματα
3085 3628 3358 3702 πονηρίας
3398 3625 3448 3681 ἐν
3487 3625 3549 3696 τῇ
3588 3619 3741 3694 ἐρήμῳ

2156 3713 2585 3783 καταπαλαίσας,
2615 3714 2706 3769 καὶ
2750 3714 2963 3769 πάντων
3018 3719 3087 3788 τῇ
3143 3719 3244 3770 τοῦ
3293 3715 3520 3790 Χριστοῦ
3568 3723 3744 3782 περιγε-

2158 3801 2382 3876 νόμενος
2430 3799 2671 3877 δυνάμει.
2734 3803 2837 3859 Καὶ
2895 3805 2992 3872 τῆς
3048 3800 3246 3859 ἄνωθεν
3304 3800 3567 3860 πλουσίως
3616 3812 3742 3869 μετα·

2159 3892 2309 3966 σχὼν
2344 3888 2547 3966 δωρεᾶς
2576 3911 2635 3947 τε
2689 3891 2779 3946 καὶ
2828 3892 3076 3966 χάριτος,
3123 3891 3364 3948 ἒντεῦθεν
3402 3882 3741 3961 κεκαθαρμένον

2156 3980 2219 4034 τὸ
2246 3986 2347 4050 τῆς
2376 3982 2564 4054 ψυχῆς
2592 3975 2747 4054 ὄμμα
2793 3979 2972 4051 πάσης
3027 3979 3306 4056 περιγείου
3362 3975 3561 4054 ἀχλύος
3608 3971 3742 4044 εἶχεν,

2160 4070 2234 4131 ὡς
2266 4068 2507 4143 παρόντα
2541 4066 2598 4124 δὲ
2624 4067 2993 4142 τάξμὲλλοντα
3021 4070 3377 4144 πρὸεθεώρει,
3422 4065 3507 4121 καὶ
3551 4056 3742 4136 Χριστὸς

2159 4159 2225 4227 ἦν
2255 4158 2401 4231 αὐτῷ
2431 4158 2549 4212 ἀντὶ
2602 4155 2842 4228 πάντων,
2901 4159 3131 4233 Χριστὸν
3183 4157 3388 4228 ἐπόθει,
3439 4149 3644 4230 Χριστὸν
3688 4145 3742 4203 ὡς

2159 4247 2402 4323 παρόντα
2427 4247 2592 4321 ἑώρα,
2650 4248 2886 4323 Χριστοῦ
2940 4231 3004 4302 τὸ
3060 4244 3272 4310 κάλλος
3327 4242 3416 4299 διὰ
3467 4231 3740 4323 παντὸς

2161 4321 2480 4411 ωπτρίζετο,
2539 4321 2815 4391 κατάγτὸν
2873 4338 3167 4414 Προφήτην
3226 4335 3317 4389 τὸν
3379 4332 3592 4406 λέγοντα

2161 4405 2527 4502 Προωρώμην
2552 4425 2643 4479 τὸν
2673 4422 2875 4499 Κύριον
2910 4405 3136 4478 adimat
3168 4443 3275 4495 μου
3306 4418 3395 4476 διά
3442 4405 3639 4480 παντὸς,
3679 4405 3742 4502 sj‘

408 4481 739 4489 ---η-η---
757 4481 769 4501 ,
787 4481 960 4503 δη--
981 4481 1129 4487 _____
1148 4481 1171 4488 _
1193 4481 1212 4486 _
1231 4481 1454 4503 ,τη-,π
1485 4481 1543 4485 -_
1566 4481 1587 4486 _
1605 4481 1625 4486 _
1649 4481 1908 4486 ηηηη-
1939 4481 2009 4484 _-

405 4522 640 4578 minum
671 4522 734 4576 in
762 4525 1080 4593 conspectu
1102 4536 1235 4576 meo
1264 4536 1518 4591 semper,
1546 4519 1828 4590 quoniam
1849 4534 1884 4572 a
1913 4517 2049 4571 dex-

2163 4481 2223 4571 ἑκ
2248 4481 2431 4585 δεξίῶᾷ
2470 4481 2578 4587 μοῦ
2608 4481 2863 4569 ἐστινιῖνα
2895 4513 2971 4585 μὴ
3007 4481 3275 4576 σαλευιθῶο
3326 4509 3413 4565 καὶ
3463 4504 3600 4593 αὖθις
3631 4496 3740 4593 ’(ξη·

404 4611 513 4667 tris
544 4617 635 4666 est
654 4611 823 4679 mihi,
854 4627 930 4666 ne
953 4607 1521 4679 commovear._(Psal.
1545 4608 1657 4675 xv).
1682 4609 1763 4661 Ac
1793 4622 2050 4661 rursum:

404 4700 670 4757 Adhaesit
697 4700 900 4756 anima
929 4716 1062 4755 mea
1090 4703 1225 4770 post
1275 4703 1352 4765 te,
1384 4712 1478 4752 me
1523 4695 2055 4767 suscepitfdextera

402 4796 507 4847 tua
535 4792 706 4863 (Psal.
740 4792 907 4861 xxvi).
942 4788 1175 4844 Etenim
1204 4804 1268 4842 re
1298 4803 1434 4843 vera
1475 4786 1663 4858 ipsius
1693 4785 1894 4841 anima
1921 4790 2056 4857 post

406 4880 704 4936 Christum
735 4879 1004 4945 adhaesit,
1040 4876 1382 4932 ﬁrmissimo
1415 4893 1570 4932 nexu
1601 4875 1712 4947 ipsi
1756 4875 2050 4947 copulata.

409 4971 608 5039 Neque
641 4969 801 5024 enim
833 4967 905 5023 ab
938 4965 1289 5022 admiranda
1319 4965 1423 5019 illa
1464 4964 1807 5036 operatione
1856 4964 2057 5021 desci-

409 5058 515 5126 vit,
573 5075 683 5113 nec
740 5057 1030 5130 religiosaa
1093 5072 1213 5110 sua)
1282 5054 1719 5111 exercitationis
1790 5055 2056 5127 regulam

2159 4579 2481 4674 Ἐκολλήθη
2510 4603 2546 4671 ἡ
2579 4602 2731 4677 ψυχή
2761 4621 2866 4674 μου
2897 4579 3072 4655 όπίσω
3093 4599 3371 4673 σου-’ἐμοῦ
3393 4594 3450 4651 δὲ
3467 4579 3742 4677 ἀντελάβετξ

2157 4693 2193 4759 ἡ
2228 4689 2372 4761 δεξιά
2391 4670 2881 4761 *σουςἚκολλήθη
2938 4687 3042 4765 γὰρ
3102 4670 3278 4749 ὅντωέ
3330 4688 3367 4756 ἡ
3423 4670 3744 4767 ψυχὴ,ἦῦτῆ

2161 4760 2336 4835 ὀπίσω
2382 4783 2479 4834 τοῦ
2534 4760 2801 4855 Χριστοῦ,
2852 4760 3287 4853 συναρμοσθεῖσα
3340 4773 3488 4842 αὖτῷ
3561 4760 3744 4855 ἆρῥαῖεῖ

2162 4866 2435 4948 συναφείᾳ.
2471 4844 2883 4942 Ούξμετετρᾶπη
3094 4868 3410 4939 θαυμαστῆς
3456 4844 3745 4948 ’ταύτηςέρ⁸

2159 4936 2507 5034 γασίαςῇοὐκ
2535 4954 2815 5026 ήλλοίωσε
2841 4953 2933 5008 τὸν
2963 4952 3159 5034 κανόνα
3209 4959 3307 5021 τῆς
3348 4947 3609 5017 ἀσκήσεως
3648 4936 3746 4990 ξαν·

2161 5028 2281 5122 τοῦ,
2312 5028 2405 5102 ὄιπῖ
2433 5045 2612 5120 ἀρχῆς
2647 5044 2812 5118 μέχρι
2835 5041 3049 5105 τέλους.
3072 5028 3204 5111 ’ἴσην
3230 5039 3463 5114 τηρήςας
3508 5032 3598 5099 τήν
3636 5038 3745 5097 προ·

484 5335 594 5409 (24)
626 5338 694 5403 Α,
728 5334 856 5409 sine
889 5327 990 5409 ἔτι,
1020 5332 1251 5409 Psellu_s
1279 5332 1357 5409 De
1386 5331 1543 5387 deem.
1576 5348 1635 5401 p.
1667 5331 1734 5383 98
1762 5345 1774 5383 :
1811 5328 1964 5398 Οἴον,
2017 5323 2049 5379 ἄ

2153 5329 2315 5399 καῖρε»
2369 5325 2564 5392 ποιεῖς,
2623 5317 2863 5395 ἐκκρεμῆ
2920 5316 3016 5371 τὸν
3072 5313 3238 5390 λόγον
3296 5301 3610 5366 καταλιπών.
3650 5293 3747 5349 Εο-

416 5401 527 5467 dei
556 5401 622 5462 39
649 5401 734 5463 ιζ..
767 5403 935 5479 λόγον
965 5402 1042 5479 ἔτι
1074 5401 1414 5458 καταλιπών.

488 5482 601 5554 (25)
634 5478 800 5554 Con_f.
833 5478 892 5550 p.
926 5478 1050 5554 διο.

515 5549 607 5619 26)
638 5550 796 5607 Psal.
823 5549 914 5619 xv,
943 5549 997 5603 8.

514 5620 604 5692 27)
634 5621 789 5681 Psal.
822 5636 957 5692 an,
989 5620 1042 5675 8.
