3964 6144
373 284 512 344 1237
1533 291 1707 344 vm
1744 283 2092 363 manu!
2129 282 2222 338 ET
2254 279 2594 336 JOASAPH.
3644 270 3783 342 1238

372 404 573 479 θυμίαν
622 406 683 462 ἐκ
735 409 1000 484 νεωτέρας
1063 410 1229 485 μέχρι
1288 411 1388 479 τῆς
1441 407 1710 478 τοσαύτης
1765 403 1937 476 ἡλικίε

2206 403 2477 459 mutavit.
2512 401 2663 469 Quin
2695 401 2888 474 potius
2910 401 2981 456 ab
3030 399 3203 456 initio
3240 398 3311 455 ad
3344 399 3526 453 tinem
3559 413 3771 469 usque,

373 493 585 566 μᾶλλον
621 493 795 551 δὲκαὶ
825 496 900 559 εἷς
959 497 1297 573 ὑψηλοτέραν
1359 498 1627 572 ὁσημέραι
1685 494 1932 586 προκόπτ

2214 509 2302 563 [ue
2320 492 2390 547 ab
2405 493 2646 548 ineunte
2671 496 2840 548 aetate
2855 507 3043 562 usque
3066 490 3138 546 ad
3154 496 3272 545 tam
3290 492 3626 586 provectam
3643 491 3779 542 asta-

367 584 466 651 τῆν
501 583 696 658 ἀρετὴν
739 585 829 640 καὶ
854 589 1236 663 καθαρωτέρας
1268 587 1584 659 ἀξιούμενος
1616 583 1866 661 θεωρίας.

2205 598 2244 635 n
2275 581 2541 636 eamdem
2575 581 2760 636 animi
2789 580 3157 636 alacritatem
3189 577 3472 642 retinuit;
3507 577 3647 643 imo,
3703 580 3770 630 ut

367 673 588 727 rectius
619 673 850 746 loquar,
881 677 956 731 ad
986 678 1396 733 sublimiorem
1427 676 1688 748 quotidie
1720 676 1996 730 virtutem
2023 671 2333 743 processit,
2364 688 2430 727 ac
2461 671 2764 743 puriorem
2807 669 3001 724 divino
3059 667 3351 724 beneﬁcio
3400 665 3771 736 contempla-

373 761 597 816 tionem
629 769 980 820 consecutus
1013 771 1120 823 est.

436 847 656 922 Ἀμέλει
708 850 967 921 τοιαύτην
1026 853 1491 926 πολιτευσάμενος
1571 851 1855 908 πολιτείαν
1919 847 2001 904 καῖ

2200 849 2454 920 Denique
2478 866 2613 905 cum
2645 849 2718 904 ad
2745 849 2902 902 hunc
2933 846 3178 902 modum
3209 844 3470 911 vixisset,
3500 847 3559 898 et
3577 858 3765 912 usque

367 935 538 1000 οὕτως
568 937 715 1008 ἀξίαν
741 943 843 1004 τῆς
875 941 1065 995 ἑαυτοῦ
1123 939 1374 1012 κλήσεως
1436 941 1679 1016 ἐργασίαν
1730 936 1928 994 ἀποδεδ

2199 955 2264 993 eo
2297 938 2533 1010 dignam
2564 938 2866 992 vocatione
2899 953 3004 990 sua
3034 950 3277 1006 operam
3310 933 3363 988 ei
3394 949 3428 987 τι
3458 949 3575 1003 quo
3600 947 3760 986 voca-

365 1027 475 1088 κὼς
503 1031 582 1099 τῷ
610 1027 919 1097 καλέσαντι,
950 1031 1262 1104 σναυρώσας
1289 1034 1443 1089 368
1473 1031 1566 1086 τὸν
1598 1029 1801 1102 κόσμον
1835 1029 1926 1082 έαυ

2200 1045 2210 1081 ς
2240 1027 2432 1081 fuerat
2461 1024 3256 1094 reddidisset,mundumque
3280 1021 3392 1076 sibi
3425 1021 3539 1093 ipsi
3561 1037 3628 1074 ac
3652 1020 3765 1074 sei-

363 1116 452 1170 καὶ
485 1116 671 1170 ἑαυτὸν
702 1121 782 1188 τῷ
810 1119 1005 1191 κόσμῳ
1035 1123 1160 1191 (28),
1223 1117 1274 1174 ἐν
1324 1119 1515 1194 εἰρήνῃ
1573 1119 1708 1193 πρὸς
1761 1118 1852 1172 τὸν
1907 1137 1928 1170 1

2196 1132 2289 1170 um
2318 1115 2540 1170 mundo
2572 1114 2982 1179 crucifixisset,
3016 1112 3090 1167 ad
3120 1112 3305 1167 Deum
3334 1110 3499 1183 pacis
3527 1110 3588 1163 in
3618 1125 3761 1180 pace

363 1203 584 1279 εἶρήνης
617 1204 838 1260 ἀναλύει
870 1208 1023 1277 Θεὸν,
1053 1208 1144 1262 καὶ
1192 1209 1328 1284 πρὸς
1379 1207 1472 1262 τὸν
1522 1207 1602 1263 ἀεὶ
1660 1207 1928 1278 ποθούμεκ

2199 1211 2345 1276 grat,
2382 1209 2557 1276 atque
2575 1205 2649 1260 ad
2673 1205 3013 1271 Dominum,
3040 1202 3209 1274 cujus
3233 1206 3518 1273 perpetua
3538 1197 3761 1269 cupidi-

364 1290 598 1364 έκδημεῖ
627 1293 918 1364 Δεσπότην,
953 1296 1041 1350 καὶ
1088 1301 1167 1368 τῷ
1211 1297 1490 1372 προσώπῳ
1534 1295 1739 1370 Κυρίου
1787 1296 1927 1367 ἀμέσ

2189 1313 2202 1350 5
2234 1312 2368 1350 eum
2397 1300 2688 1363 tenuerat,
2720 1293 3135 1365 proficiscitur,
3169 1291 3474 1362 vultuique
3521 1288 3754 1343 Domini

361 1381 452 1435 καὶ
482 1383 731 1455 καθαρῶς
770 1383 1140 1457 ἐμφανίζεται,
1195 1390 1275 1457 τῷ
1327 1393 1425 1455 τῆς
1481 1385 1676 1440 ἐκεῖθέν
1723 1406 1782 1439 τε
1839 1382 1926 1454 δόξ

2196 1402 2255 1439 re
2283 1401 2350 1438 ac
2381 1384 2510 1438 sine
2542 1384 2724 1438 ullius
2759 1383 2842 1437 rei
2874 1381 3228 1453 interpositu
3271 1383 3534 1450 apparet,
3570 1393 3754 1447 eaque

360 1468 470 1539 ἤδη
503 1471 1030 1546 προηυτρεπισμένῳ
1060 1474 1210 1547 αύτῷ
1267 1476 1508 1549 στεφάνῳ
1553 1479 1861 1548 κοσμεῖται,
1908 1495 1925 1527 ιι

2188 1490 2229 1527 n
2260 1473 2374 1544 ipsi
2406 1478 2734 1544 prmparata
2754 1471 2954 1544 gloria:
2977 1487 3197 1525 corona
3218 1474 3554 1534 exornatur,
3575 1465 3753 1536 idque

352 1561 584 1635 Χριστὸν
620 1560 838 1635 βλέπειν
871 1566 1235 1636 καταξιοῦται,
1286 1570 1508 1639 Χριστῷ
1557 1569 1812 1632 συνεῖναι,
1863 1570 1917 1638 Χε

2186 1563 2387 1617 {initus
2419 1563 2820 1632 consequitur,
2872 1565 2935 1614 ut
2991 1561 3290 1614 Christum
3339 1563 3560 1626 cernat,
3619 1572 3751 1610 cum

351 1655 479 1704 στοῦ
507 1655 585 1721 τῷ
613 1650 806 1706 κάλλει
839 1649 928 1707 διὰ
975 1655 1174 1716 παντὸς
1236 1652 1652 1730 έναγάλλεσθαι,
1698 1655 1864 1729 οὗπερ

2180 1651 2334 1705 ιΓίδῐΟ
2362 1651 2457 1718 sit,
2477 1651 2691 1705 Christi
2708 1649 3150 1721 pulchritudine
3168 1653 3452 1720 perpetuo
3475 1645 3745 1711 exsultet,

346 1744 538 1814 ’χεῖρας
565 1741 662 1808 τήν
705 1741 897 1796 ἑαυτοῦ
954 1744 1140 1817 ψυχὴν
1189 1745 1567 1818 παραθέμενος
1626 1748 1760 1818 (29),
1817 1742 1869 1796 έν

2198 1741 2368 1811 cujus
2400 1757 2612 1794 manus
2644 1738 3058 1795 commendata
3087 1738 3305 1806 anima,
3366 1737 3440 1792 ad
3488 1737 3745 1792 vivorum

345 1832 454 1884 τῶν
489 1829 700 1898 ζώντων
738 1831 1093 1908 μετεφοίτησε
1139 1833 1299 1906 χώρᾳ
1331 1837 1464 1907 (30),
1514 1828 1640 1897 ἔνθα
1683 1834 1829 1907 ἦχος
1878 1832 1910 1886 έι

2176 1829 2402 1899 gionem
2457 1828 2711 1895 transiit,
2775 1829 2874 1882 ubi
2933 1827 3303 1898 epulantium
3381 1842 3582 1894 sonus,
3640 1826 3741 1881 ubi

346 1916 620 1985 ταζόντων
679 1921 812 1991 (31),
871 1913 994 1974 ἔνθα
1049 1925 1157 1974 τῶν
1214 1922 1654 1996 εὐφραινομένων
1713 1924 1748 1992 ἡ
1807 1941 1911 1976 κατι

1713 1924 1748 1992 ἡ
1807 1940 1992 1976 καιτοι-α
2099 1915 2432 1973 Ιωίειηῐὶιιω
2464 1917 2752 1972 habitatio
2776 1921 2864 1972 est
2893 1917 3060 1988 (Psal.
3092 1917 3224 1985 xu).

352 2005 443 2059 κία
472 2007 606 2078 (32).

419 2094 496 2150 Τὸ
525 2091 582 2148 δέ
607 2115 669 2169 γε
690 2093 874 2168 τίμιον
899 2096 1061 2151 αὐτοῦ
1093 2102 1252 2171 σῶμα
1298 2096 1357 2153 ἐκ
1397 2100 1656 2174 γειτόνων
1709 2098 1855 2172 αύτῷ
1896 2100 1984 2163 τὰς

2176 2095 2528 2150 Praeclarum
2551 2100 2747 2150 autem
2767 2094 2951 2166 ipsius
2977 2111 3188 2166 corpus
3209 2093 3295 2148 vir
3329 2095 3572 2166 quidam
3605 2112 3741 2150 san—

347 2181 588 2252 οἰκήσεις
623 2185 951 2258 ποιούμενός
981 2208 1063 2248 τις
1096 2187 1228 2261 ἀνὴρ
1263 2188 1433 2263 ἅγιος,
1467 2188 1525 2250 ὅς
1556 2189 1646 2243 καὶ
1704 2189 1803 2256 τὴν
1852 2210 1912 2264 πε

2179 2202 2223 2239 lS
2254 2185 2383 2255 (qui
2415 2203 2534 2240 non
2566 2185 2738 2258 longe
2771 2185 2843 2240 ab
2877 2202 2942 2240 eo
2975 2185 3323 2254 habitabat),
3355 2185 3576 2256 quique
3632 2186 3744 2240 iter

342 2271 613 2346 Βαρλαᾶμ
665 2274 887 2347 πορείαν
949 2273 1136 2347 ἐκείνῳ
1188 2278 1319 2330 ποτὲ
1373 2274 1612 2348 ὑπέδειξε
1664 2279 1796 2350 (33),
1873 2279 1900 2330 θ

2174 2273 2206 2327 si
2240 2273 2314 2327 ad
2345 2273 2718 2328 Barlaamum
2749 2274 2915 2344 prius
2973 2279 3487 2341 commonstrarat,
3542 2273 3739 2328 divino

344 2359 450 2413 τινὶ
486 2362 715 2432 μυηθεὶς
746 2360 1089 2436 ἀποκαλύψει
1145 2365 1262 2418 κατ’
1319 2363 1487 2432 αὐτὴν
1540 2365 1639 2432 τὴν
1686 2364 1829 2438 ὥραν
1887 2387 1909 2420 τ

2178 2361 2352 2416 odam
2373 2362 2708 2431 admonitu,
2735 2379 2805 2417 ea
2825 2363 2953 2432 ipsa
2980 2363 3272 2433 hora,qua
3294 2368 3482 2417 morte
3503 2361 3741 2417 functus

345 2446 680 2510 τελειώσεως
729 2450 892 2504 αὐτοῦ
945 2453 1315 2527 παραγίνεται,
1376 2453 1465 2507 καὶ
1552 2453 1743 2525 ὕμνοις
1816 2454 1910 2526 ἱερσ

2174 2466 2202 2517 ;,
2235 2467 2500 2520 praesens
2522 2452 3178 2517 aastans,‘sacrosanctis
3201 2451 3474 2506 cantibus
3493 2453 3739 2517 ornavit,

342 2537 599 2607 τιμήσας,
631 2535 835 2613 δάκρυά
863 2560 921 2593 τε
951 2540 1326 2610 κατασπείσας,
1375 2537 1658 2614 σύμϐολον
1704 2546 1800 2596 τοῦ
1848 2563 1907 2618 πε

2174 2537 2796 2608 )fusisquelacrymis,
2856 2555 2986 2609 quas
3036 2539 3223 2610 ipsius
3273 2555 3411 2611 erga
3461 2540 3739 2611 Josaphat

345 2622 505 2678 αὐτὸν
536 2625 729 2694 πόθου,
761 2625 940 2681 τᾶλλα
981 2625 1047 2696 δὴ
1107 2628 1174 2682 τὰ
1223 2629 1584 2703 νενομισμένα
1639 2633 1910 2703 Χριστιανι

2168 2626 2309 2680 ιοπὶε
2329 2627 2554 2682 indices
2580 2633 2799 2694 essent,
2824 2628 3076 2699 aliisque
3100 2629 3375 2684 omnibus
3395 2629 3570 2684 rebus
3602 2647 3733 2698 quas

343 2711 516 2766 πάντα
554 2711 799 2783 τελέσας,
852 2715 906 2769 ἐν
961 2719 1041 2786 τῷ
1097 2721 1194 2770 τοῦ
1251 2719 1461 2792 Πατρὸς
1520 2712 1666 2772 ἔθετο
1718 2717 1908 2796 Βαρλαι

2169 2715 2242 2768 ud
2264 2715 2630 2771 Christianos
2660 2717 2720 2770 in
2770 2733 2934 2771 more
2993 2723 3171 2787 atque
3220 2717 3493 2772 instituto
3540 2718 3734 2788 posita

351 2801 612 2873 μνήματι.
647 2809 888 2857 Συνεῖναι
919 2804 1017 2878 γὰρ
1050 2800 1155 2859 ἔδει
1192 2805 1258 2860 τὰ
1306 2807 1533 2880 σώματα
1581 2808 1656 2861 ὧν
1705 2808 1758 2861 αἱ
1806 2811 1916 2884 ψυχ

2165 2808 2225 2856 nt
2251 2804 2534 2858 confectis
2566 2810 2741 2875 atque
2773 2804 3084 2875 absolutis,
3119 2806 3180 2860 in
3211 2805 3396 2877 patris
3438 2805 3730 2862 Barlaami

346 2886 765 2960 συνδιαιωνίζειν
793 2888 1028 2966 ἔμελλον
1057 2891 1356 2964 ἀλλήλαις.

2163 2899 2472 2948 mumento
2505 2894 2911 2950 condidit.Par
2929 2894 3222 2965 siquidem
3246 2900 3373 2950 erat
3392 2901 3458 2951 ut
3477 2913 3728 2967 quorum

2007 2961 2051 3029 C
2090 2980 2302 3035 animm
2334 2982 2396 3035 in
2427 2988 2778 3053 perpetuum
2810 2983 2989 3038 simul
3018 2983 3231 3039 futurm
3280 2990 3470 3054 erant,
3524 3001 3728 3041 eorum

2088 3071 2266 3126 etiam
2298 3088 2545 3143 corpora
2575 3074 3097 3145 conjungerentur.

406 3158 797 3233 ΙῙροστάγματι
850 3156 908 3214 δέ
961 3180 1108 3222 τινος
1192 3156 1574 3238 φοϐερωτάτου
1649 3165 1765 3219 κατ’
1845 3161 1971 3238 ὄναρ

2161 3161 2236 3214 Cu
2237 3159 2478 3230 jusdam
2493 3166 2690 3216 autem
2704 3161 3064 3218 formidandi
3085 3163 3212 3230 viri,
3229 3163 3329 3235 qui
3348 3163 3407 3219 id
3425 3165 3487 3219 in
3503 3165 3726 3220 somnis

337 3247 494 3301 364
548 3250 818 3319 κραταιῶς
877 3247 1313 3319 ἐπισκήπτοντος
1391 3252 1646 3321 πεισθεὶς,
1703 3255 1730 3308 ὁ
1784 3258 1902 3309 τοῦτ

2162 3248 2237 3302 rio
2269 3248 2620 3319 imperabat,
2655 3251 2984 3306 monachus
3015 3251 3115 3306 ille
3149 3252 3248 3323 qui
3281 3253 3476 3324 ipsum
3517 3253 3727 3310 funere

333 3329 604 3402 κηδεύσας
663 3335 1027 3410 ἀναχωρητὴς
1107 3337 1172 3391 τὰ
1252 3337 1499 3414 βασίλεια
1572 3338 1897 3415 καταλαμϐά

2161 3337 2376 3392 tulerat
2405 3339 2684 3393 mandato
2717 3339 3156 3411 obtemperans,
3182 3341 3244 3395 in
3269 3341 3448 3396 India:
3481 3359 3726 3414 regnum

331 3418 544 3490 Ἰνδῶν,
591 3420 679 3476 καί
729 3421 810 3494 τῷ
865 3423 1080 3499 βασιλεῖ
1131 3427 1378 3501 Βαραχίᾳ
1427 3429 1747 3504 προσελθὼν
1804 3432 1896 3485 πάι

2167 3426 2418 3494 confert,
2450 3444 2766 3500 regemque
2825 3430 3171 3485 Barachiam
3222 3431 3603 3502 conveniens,
3653 3432 3723 3486 de

334 3507 480 3580 αύτῷ
512 3506 656 3578 δῆλα
680 3509 887 3587 τᾶπερὶ
925 3517 1026 3566 τοῦ
1087 3511 1349 3588 Βαρλαᾶιμ
1406 3517 1492 3570 καὶ
1545 3521 1642 3571 τοῦ
1703 3518 1899 3593 μάκαρι

2156 3513 2356 3569 inibus
2383 3516 2682 3587 Josaphati
2704 3516 2883 3572 rebus
2905 3518 3427 3590 certioremipsum
3444 3519 3603 3575 facit.
3617 3520 3721 3574 Ille

328 3596 526 3651 τούτου
583 3596 798 3668 τίθησιν
857 3601 1112 3678 ’[ωάσαφ.
1170 3603 1230 3660 Ὁ
1280 3602 1356 3672 δὲ,
1419 3603 1586 3677 μηδὲν
1667 3605 1893 3679 μελλήσέ

2161 3610 2276 3658 tem
2309 3605 2476 3660 nulla
2506 3606 2855 3677 interposita
2885 3625 3051 3662 mora
3096 3625 3230 3663 cum
3262 3609 3487 3680 ingenti
3517 3609 3719 3680 populi

328 3683 624 3760 ἀπέρχεται
653 3685 811 3749 αὐτὸς
839 3689 971 3760 μετᾶ
1000 3687 1280 3762 δυνάμεως
1313 3687 1513 3766 ὄχλου,
1562 3694 1650 3747 καὶ
1700 3699 1778 3766 τῷ
1834 3717 1893 3750 στι

2151 3691 2461 3747 altitudine
2494 3693 2606 3747 iter
2634 3695 2765 3762 init,
2799 3700 2973 3764 atque
3005 3695 3080 3749 ad
3111 3696 3449 3766 speluncam
3478 3697 3716 3751 tandem

332 3763 470 3836 λαίῳ
527 3765 826 3841 ἐφίσταται,
881 3768 946 3822 τὸ
997 3769 1185 3840 μνῆμά
1240 3791 1297 3824 τε
1352 3763 1564 3846 θεωρεῖ,
1623 3763 1897 3846 καὶςτού·

2153 3782 2362 3847 rvenit,
2395 3798 2462 3835 ac
2493 3782 2832 3852 sepulcrum
2865 3783 3149 3850 intuetur,
3174 3783 3415 3854 illicque
3445 3785 3717 3840 calentis-

333 3852 634 3926 θερμότατα
663 3852 1044 3929 ἐπιδακρύσας,
1077 3855 1215 3932 αἴρει
1255 3858 1317 3912 τὸ
1365 3858 1649 3934 κάλυμμα.
1712 3863 1809 3917 Καὶ
1869 3865 1896 3918 ὁ

2150 3868 3184 3942 nislacrymisfusisintegumentum
3210 3852 3384 3940 tollit,
3410 3873 3715 3944 cernitque

324 3941 417 3995 τόν
450 3962 509 3995 τε
541 3943 804 4017 Βαρλαὰμ
846 3945 936 4011 καί
985 3945 1077 3999 τὸν
1137 3947 1369 4024 Ἰωάσαφ
1418 3943 1643 4023 ἔχοντας
1696 3953 1762 4005 τὰ
1821 3954 1886 4025 μέ

2149 3955 2450 4012 .rlaamum
2481 3962 2540 4012 et
2562 3941 3136 4030 Josaphatimembra
3161 3961 3487 4031 composito
3509 3941 3714 4016 habitu

321 4029 458 4083 κατὰ
489 4036 684 4105 σχῆμα
713 4030 957 4104 κείμενα,
990 4033 1079 4087 καὶ
1109 4034 1176 4088 τὰ
1215 4035 1441 4108 σώματα
1473 4035 1627 4093 οὐδὲν
1683 4043 1780 4094 τοῦ
1827 4061 1886 4114 πρ

2147 4061 2186 4098 ,a
2210 4045 2521 4114 habentes,
2553 4029 2917 4118 corporaque
2941 4049 3092 4103 nihil
3140 4066 3174 4103 a
3221 4050 3471 4120 pristino
3517 4050 3712 4106 colore

325 4118 494 4208 'Eépoo
517 4119 733 4208 χρωτός
765 4119 1234 4208 παραλλάττοντα,
1269 4122 1554 4198 ὁλόκληρα
1585 4123 1641 4181 δὲ
1669 4128 1757 4182 καὶ
1806 4129 1890 4204 ἀκε

2157 4139 2402 4200 mutata,
2427 4153 2623 4189 verum
2642 4137 2867 4208 integra
2891 4142 2948 4190 et
2973 4137 3572 4207 prorsusincolumia,
3596 4155 3716 4194 una

327 4199 442 4267 ϐῶς
475 4205 602 4280 ὑγιῆ
636 4205 728 4260 σὺν
760 4212 878 4270 τοῖς
933 4207 1218 4284 ἐνγύμασι,
1272 4217 1446 4268 Ταῦτα
1498 4214 1676 4270 τοίνυν
1723 4217 1789 4270 τὰ
1844 4219 1891 4271 ἰε

2147 4238 2203 4275 m
2227 4222 2753 4278 indumentis.ch
2767 4226 2945 4296 igitur
2961 4231 3471 4282 sacrosanctarum
3485 4227 3712 4282 anima-

319 4296 426 4385 τῷν
477 4292 654 4385 ἁγίων
682 4297 876 4385 ψυχῷν
936 4299 1286 4385 σκηνώματα,
1345 4301 1564 4372 πολλὴν
1613 4303 1884 4378 έκπέμπον

2141 4327 2198 4365 m
2232 4311 2634 4380 tabernacula,
2658 4314 3074 4370 suavissimum
3097 4315 3339 4370 odorem
3355 4317 3706 4385 emittentia,

316 4381 416 4447 τήν
473 4378 697 4436 εὐωδίαν
755 4383 848 4438 καὶ
906 4383 1056 4441 οὐδέν
1118 4387 1263 4452 ὅλως
1314 4389 1476 4462 ἀηδὲς
1523 4391 1881 4468 ἐπιδεικνύμει

2143 4417 2173 4453 c
2203 4400 2341 4454 foedi
2374 4378 2698 4472 quidquam
2747 4403 3109 4470 exhibentia,
3141 4405 3464 4475 prasclaris,
3498 4378 3706 4461 loculis

321 4468 516 4562 Θήκαις
570 4467 741 4532 ἐνθείς
799 4471 848 4562 ὁΔ
881 4472 1134 4546 βασιλεὺς
1188 4477 1418 4551 τιμίαις,
1483 4479 1559 4542 εἷς
1614 4481 1713 4551 τήν
1762 4467 1886 4538 ἑαυτ

1820 4487 1953 4538 ,υτοῢ
2062 4487 2362 4561 imposita,
2390 4506 2492 4545 rex
2522 4491 2584 4544 in
2604 4491 2859 4562 patriam
2886 4509 3053 4548 suam
3086 4493 3385 4554 transfert.

315 4553 548 4628 πατρίδα
580 4577 780 4631 μετακο
788 4558 848 4633 μί
856 4565 953 4629 ζει.

411 4843 497 4918 28)
527 4845 691 4903 Conf.
720 4865 851 4918 pag.
887 4853 975 4918 10,
1007 4867 1066 4905 n.
1091 4853 1178 4909 31.

411 4865 497 4914 zu)
527 4865 691 4903 hom.
720 4865 851 4921 pag.
887 4865 975 4918 1υ,
1007 4867 1066 4905 n.
1091 4865 1178 4909 31.

311 4982 325 5004 ’
521 4918 675 5002 Psal.
707 4937 843 4987 xxx,
876 4925 906 4975 5
933 4938 946 4977 :
978 4920 1075 4982 Εἰς
1106 4920 1294 4995 χεῖράς
1325 4943 1421 4978 σου
1450 4928 1836 5002 παραθήσομαι
1866 4953 1876 4966 σ

331 4983 472 5037 Ενθα
512 5005 534 5037 ε
564 5007 723 5037 amna
752 4989 1011 5037 λέλοιηεν
1046 4991 1404 5037 ’Ᾱπελλιηνὸρ
1439 4999 1553 5037 κέν’
1585 5001 1820 5037 Amm-4pm»
1855 5003 1868 5037 Γ

2132 4937 2330 5037 ἰςὶὶμου.
2368 4940 2540 5037 (Hinc
2599 4942 2762 5037 color
2809 4945 3249 5037 epigrammatis
3299 4947 3540 5037 inpertit.
3558 4949 3697 5004 688:

315 4983 723 5112 ἒςὲἱθὲῗεδὲξμα
752 4983 1011 5064 iam...
1046 4983 1404 5057 ’AiEekaéc
1438 4983 1553 5074 pi,»
1585 4983 1820 5072 ἀρίστις.
1854 4983 2564 5084 [ἰιὲυὶῆνῖῖέῗᾟξείρἒέτέῖν
2601 4983 3697 5092 υιῖῖλπξξέξιξδῖςςιιςξῖηέῖξῖδεῖξέ

566 5081 652 5114 υἱ).

316 5125 1196 5233 Μ(ξρὶηοίίίξθῗῖἕΙιοςεξξίιιιιςρειέ
1226 5137 1558 5233 marginem
1589 5143 1825 5215 scripsit
1855 5144 2064 5220 στίχος.
2099 5152 2312 5206 Versus
2344 5157 2434 5207 est
2461 5155 2622 5211 enim
2672 5174 2855 5230 purus
2906 5163 3104 5229 putus,
3158 5159 3260 5216 sed
3308 5161 3611 5233 politicus,
3644 5165 3704 5216 et

312 5195 548 5277 idcircq
567 5195 687 5277 non
719 5195 1017 5277 notabilis.
1051 5206 1132 5260 cr.
1156 5224 1214 5277 p.
1239 5195 1360 5277 336;

381 5269 665 5373 ιζῖῗιι.
701 5291 813 5341 xm,
847 5279 877 5329 5
903 5292 915 5330 :
949 5276 1035 5373 ’ἓν
1067 5269 1235 5373 ἔρρ’νῇ
1262 5276 1645 5373 ἀγαλλιοίσιως
1675 5284 1762 5373 καὶ
1797 5286 1946 5373 έξομι

1274 5276 1645 5373 έγαλλιιξσιως
1675 5284 1762 5373 καὶ
1797 5286 2424 5373 έξομολογήσειυςιῆχου
2456 5297 2839 5373 ἑορταζόντων.

524 5341 678 5428 ἕξει,
711 5339 930 5428 nygqi,
965 5351 1033 5402 7:
1066 5339 1970 5428 illee'upéawonévwv'ndvtiduibi.

872 5363 930 5428 ξι,
965 5351 1033 5402 7:
1066 5339 1620 5428 :QQ‘e'So‘s'awouévwv
1656 5339 1935 5428 πάντῶνιὴ
1970 5339 2437 5422 κατόικίαΊένιέἓοί.

401 5408 488 5485 33)
523 5409 610 5491 cr,
635 5429 763 5485 pag.
793 5408 928 5494 344:
952 5445 1018 5459 -
1059 5408 1346 5474 Cmterum
1381 5408 1642 5493 syntaxis
1665 5408 1966 5486 ididé'tiir

401 5492 568 5568 trima
596 5487 959 5568 intercidunt
982 5489 1250 5568 membra
1281 5509 1408 5562 quis
1442 5512 1561 5552 non
1592 5509 1844 5568 possunt
1874 5505 1936 5558 in

2139 5442 2244 5490 est.
2277 5437 2353 5490 Τὸ
2382 5439 2567 5511 τίμιον
2601 5445 2760 5513 σῶμα
2783 5441 3156 5568 jungendum
3187 5463 3321 5502 cum
3369 5444 3540 5514 ἔθετο,
3590 5446 3691 5502 sed

2126 5523 2242 5562 iem
2273 5511 2418 5568 coni.
2451 5513 2693 5568 Forsan.
2726 5514 2841 5568 Θεία
2867 5533 2894 5568 τ
2953 5535 3058 5568 τινι
3090 5519 3303 5568 nunt)-..
3331 5551 3400 5560 —
3433 5519 3512 5568 De
3547 5537 3690 5568 nun-

389 5472 396 5476 .
452 5472 480 5485 ,.
600 5472 651 5491 ,.
711 5472 743 5485 υ
793 5485 802 5494 ,
1195 5472 1200 5473 κ
1381 5472 1402 5476 -
1450 5472 1642 5483 ---η-ν
1683 5472 1839 5486 ...ων
1878 5472 2107 5489 mum...
2139 5472 2244 5490 νου.
2287 5472 2353 5490 ιυ
2393 5472 2433 5492 ιι
2487 5472 2567 5493 ιυν
2601 5472 2625 5494 υ
2730 5472 2738 5478 υ

307 5472 959 5601 ξέῧτέῐὲἓῐέηξοτὲὲιὲυῗῖι
982 5489 1250 5601 [ἓξωδιιει
1281 5472 1561 5562 quannon
1592 5509 1844 5570 possunt
1874 5505 1936 5558 in
1969 5505 2242 5562 ordinem
2273 5511 2418 5581 cogi.
2441 5472 2894 5584 Ῥοτδαῗίίιιέ

392 5566 419 5611 ς
452 5566 630 5623 supra
658 5571 713 5626 p.
750 5559 873 5628 266,
907 5575 968 5614 n.
994 5559 1084 5616 98.
