3964 6144
341 320 485 378 1239

348 537 658 592 merabilis
688 537 1011 593 multitudo
1044 555 1114 593 ex
1147 539 1422 595 omnibus
1452 539 1699 594 urbibus
1717 554 1783 593 ac
1806 536 1991 591 finiti-

346 626 462 680 mis
485 625 631 680 locis
662 626 737 681 ad
766 626 1075 681 beatorum
1102 628 1341 683 illorum
1373 644 1685 699 corporum
1705 641 1987 697 conspec-

345 720 473 769 tum
491 720 548 769 et
570 714 979 770 adorationem
1002 717 1307 771 conﬂuxit.
1327 718 1434 772 Ubi
1460 718 1633 772 etiam
1650 731 1991 771 sacrosanc-

346 804 424 859 tis
454 804 692 874 hymnis
750 821 957 859 eorum
1000 822 1179 860 causa
1221 806 1568 873 decantatis,
1621 805 1991 876 c0piosisque

345 892 722 964 lampadibus
753 894 1043 962 accensis,
1076 900 1209 965 apte
1241 895 1364 951 illic
1396 896 1693 967 quispiam
1744 911 1811 949 ac
1858 909 1994 963 per-

347 998 525 1053 quam
548 981 993 1037 accommodate
1015 982 1280 1054 dixisset,
1302 985 1551 1039 Lumina
1571 984 1726 1038 circa
1747 980 1992 1037 luminis

347 1070 503 1125 filios
540 1076 598 1125 et
628 1070 916 1127 haaredes.
951 1072 1305 1127 Luculenter
1335 1078 1533 1129 autem
1562 1072 1741 1127 simul
1770 1088 1837 1126 ac
1868 1085 1993 1125 ma-

348 1160 561 1231 gniﬁce
595 1160 657 1214 in
694 1175 761 1213 ea
792 1160 1043 1215 ecclesia
1074 1178 1205 1232 quae
1236 1161 1310 1216 ab
1344 1162 1485 1233 ipsis
1526 1159 1930 1215 fundamentis
1960 1174 1994 1212 a

347 1249 627 1319 Josaphat
656 1253 953 1304 exstructa
981 1250 1193 1317 fuerat,
1228 1267 1436 1305 eorum
1477 1266 1725 1321 corpora
1754 1248 1995 1305 condita

353 1342 510 1393 sunt.
541 1337 719 1391 Multa
748 1355 923 1408 porro
955 1339 1262 1405 miracula,
1292 1339 1753 1409 morborumque
1782 1337 1993 1407 depul-

353 1428 573 1494 siones,
609 1431 734 1481 tum
768 1427 829 1482 in
881 1444 1195 1499 corporum
1242 1430 1697 1495 transvectione,
1749 1432 1873 1481 tum
1932 1425 1993 1478 in

352 1532 557 1570 eorum
589 1515 1023 1585 inhumatione,
1060 1524 1184 1572 tum
1216 1519 1394 1573 etiam
1427 1518 1680 1589 posteris
1712 1514 1997 1586 tempori—

350 1604 482 1671 bus,
516 1604 804 1659 Dominus
834 1622 942 1676 per
972 1606 1100 1677 pios
1132 1607 1385 1662 famulos
1418 1624 1555 1661 suos
1583 1605 1795 1660 effecit.
1818 1602 1999 1656 Vidit-

350 1710 464 1765 que
496 1710 599 1748 rex
620 1710 686 1749 ac
712 1695 920 1766 vulgus
941 1713 1149 1753 omnes
1171 1698 1415 1752 virtutes
1433 1714 1532 1752 eas
1555 1713 1685 1767 qua:
1710 1711 1814 1765 per
1835 1694 1995 1763 ipsos

352 1781 702 1838 edebantur.
764 1786 846 1838 Ac
900 1784 1171 1857 pleriqne
1231 1804 1261 1841 e
1313 1786 1585 1841 ﬁnitimis
1652 1780 1995 1838 nationibus

352 1872 726 1927 infidelitatis
759 1888 825 1927 ac
851 1873 1238 1944 ignorationis
1269 1876 1371 1930 Dei
1403 1874 1608 1929 morbo
1656 1872 1994 1927 laborantes

349 1979 458 2033 per
488 1978 559 2017 ea
587 1962 754 2034 signa
783 1979 915 2033 quin
946 1964 1007 2018 in
1038 1969 1424 2020 monumento
1458 1964 1679 2019 fiebant
1703 1962 1777 2017 ad
1818 1961 1995 2015 ﬁdem

349 2054 949 2122 accesserunt.Atque
972 2070 1179 2109 omnes
1202 2055 1302 2124 qui
1322 2054 1508 2124 ipsius
1529 2052 1808 2122 Josaphat
1820 2050 1997 2103 vitam

351 2139 424 2193 ad
445 2139 794 2208 angelorum
816 2139 1211 2195 imitationem
1234 2145 1779 2212 expressam,atque
1798 2144 2001 2193 atene-

349 2226 433 2280 ris
463 2226 765 2297 unguibus
792 2226 1101 2282 ardentem
1132 2229 1319 2300 ipsius
1351 2245 1487 2299 erga
1516 2230 1700 2282 Deum
1732 2241 1997 2280 amorem

351 2320 665 2369 cernentes
714 2319 891 2385 atque
932 2317 1258 2384 audientes,
1288 2317 1678 2371 admiratione
1712 2314 1995 2384 corripie-

354 2403 592 2473 bantur,
610 2404 796 2457 Deum
818 2404 879 2458 in
900 2405 1176 2459 omnibus
1197 2405 1693 2475 celebrantes,qui
1708 2420 1769 2458 se
1792 2418 2001 2457 aman-

356 2491 516 2546 tibus
541 2508 716 2563 0pem
749 2498 807 2547 et
840 2494 1127 2549 auxilium
1186 2511 1493 2565 nunquam
1546 2495 1699 2547 ferre
1757 2491 1997 2560 desinit,

356 2596 576 2651 eosque
612 2581 997 2652 amplissimis
1028 2583 1335 2639 beneficiis
1365 2587 1801 2638 remuneratur.

430 2707 534 2761 Hic
568 2708 881 2778 praesentis
900 2708 1037 2762 libri
1060 2709 1196 2764 finis
1220 2714 1327 2776 est,
1358 2725 1533 2780 quem
1558 2725 1662 2779 pro
1693 2724 1827 2762 mea
1846 2705 2000 2760 virili

359 2797 683 2867 conscripsi
694 2797 1218 2867 ,quemadmodum
1232 2816 1265 2854 a
1276 2798 1576 2869 praeclaris
1590 2797 1727 2850 viris
1742 2796 1839 2867 qui
1858 2795 2003 2850 mihi

364 2886 492 2939 hiBC
521 2885 679 2939 haud
710 2884 858 2940 falso
890 2886 1261 2942 tradiderunt
1289 2888 1509 2958 accepi.
1546 2887 1777 2940 Utinam
1809 2890 2004 2939 autem

364 2991 492 3040 vos,
514 2974 615 3044 qui
639 2974 793 3028 hanc
819 2976 1035 3029 animis
1056 2976 1264 3031 utilem
1288 2976 1596 3030 historiam
1616 2975 1808 3045 legitis
1831 2978 2006 3042 atque

369 3062 607 3129 auditis,
633 3062 706 3116 ad
732 3080 935 3118 eorum
955 3070 1183 3135 partem
1206 3063 1602 3130 asciscamini,
1629 3062 1727 3131 qui
1748 3063 1864 3116 Deo
1878 3062 2006 3114 vitaa

368 3170 487 3207 suae
510 3152 770 3207 rationes
793 3153 1206 3223 probaverunt,
1222 3171 1327 3224 per
1349 3154 1644 3207 orationes
1658 3157 1715 3205 et
1731 3151 2009 3203 interces-
2038 3166 2078 3230 ρ

368 3244 565 3297 siones
590 3242 898 3296 beatorum
929 3244 1189 3297 virorum
1224 3243 1490 3297 Barlaam
1525 3247 1582 3295 et
1610 3240 1907 3310 Josaphat,
1934 3238 2005 3292 de

367 3331 582 3402 quibus
602 3332 726 3385 haec
743 3332 990 3386 historia
1008 3337 1283 3387 contexta
1297 3338 1385 3385 est
1409 3332 1468 3385 in
1487 3330 1716 3384 Christo
1739 3330 1873 3383 Jesu
1896 3329 2005 3381 Do-

366 3420 529 3475 mino
552 3425 776 3485 nostro,
798 3437 975 3489 quem
999 3420 1168 3474 decet
1189 3422 1400 3483 honor,
1424 3420 1762 3490 imperium,
1784 3419 2004 3487 majes-

369 3514 456 3563 tas
479 3508 1014 3580 etmagniﬁcentia,
1057 3526 1193 3564 cum
1231 3511 1402 3564 Patre
1443 3514 1501 3563 et
1525 3507 1743 3577 Spiritu
1777 3510 2003 3573 sancto,

365 3614 525 3653 nunc
556 3602 615 3652 et
645 3614 880 3670 semper
905 3599 965 3653 in
991 3599 1207 3654 saecula
1238 3598 1617 3653 saeculorum.
1649 3598 1858 3650 Amen.

464 3794 551 3864 34)
584 3795 648 3849 1n
676 3814 784 3848 των
812 3795 1015 3849 deficit
1041 3795 1109 3861 A,
1141 3793 1342 3848 avulso
1375 3791 1590 3847 ultimo
1620 3789 1781 3845 folio.

463 3868 550 3937 ὃὸ)
578 3866 743 3937 Coni.
776 3884 833 3937 p.
869 3868 993 3933 321,
1025 3882 1084 3920 n.
1117 3867 1205 3919 85.

467 3934 555 4006 36)
583 3936 749 3991 Conf.
776 3934 835 4007 ᾖ).
871 3938 993 3991 305.

1863 320 2231 386 ΔΒΒΒΝΒΔ.

418 448 492 502 Ut
519 452 719 503 autem
751 464 821 504 ea
849 465 946 503 res
977 447 1050 504 ad
1079 449 1271 520 plebis
1302 466 1474 507 aures
1504 448 1791 523 pervenit,
1818 448 1991 503 innu—
2017 448 2072 515 Α

3594 326 3763 383 1240

2170 444 2259 506 Ὠς
2292 441 2349 498 δέ
2377 443 2455 507 εἰς
2483 445 2577 507 τὰς
2606 442 2771 507 ἀκοὰς
2820 444 3011 501 ἔπιπτε
3053 449 3151 501 τοῦ
3199 444 3336 501 λαοῦ
3382 448 3445 502 τὸ
3496 450 3758 526 γεγονὸς,

2099 532 2316 602 πλῆθος
2348 532 2583 608 ἀριθμοῦ
2637 539 2882 609 κρεῖττον
2943 533 3004 589 έκ
3057 536 3272 589 πάντων
3329 556 3387 589 τε
3440 541 3545 591 τῶν
3601 541 3755 610 (34),

2097 621 2312 677 πόλεων
2344 622 2433 677 καὶ
2462 627 2567 677 τῶν
2600 623 2928 697 περιχώρων
2959 623 3037 685 εἷς
3066 623 3429 698 προσκύνησιν
3476 627 3564 680 καὶ
3613 627 3753 690 θέαν

2099 713 2378 790 συνέρρεον
2419 718 2525 768 τῶν
2589 714 2868 789 μακαρίων
2924 714 3194 787 σωμάτων
3254 713 3498 775 ἐκείνων.
3554 717 3755 774 Ἔνθεν

2098 822 2184 857 τοι
2212 802 2303 856 καὶ
2335 802 2538 875 ὕμνους
2569 801 2652 856 ἐπ’
2699 801 2884 865 αὐτοῖς
2938 802 3065 865 τοὺς
3122 801 3303 879 ἱεροὺς
3355 799 3596 877 ᾄσαντες,
3655 807 3753 862 xui

2101 888 2393 964 λαμπάδας
2436 888 2745 967 φιλοτίμως
2801 890 3096 965 ἆνάψαντες
3152 890 3515 963 (ἀκολούθως,
3565 892 3625 947 ἃν
3660 915 3759 957 τις

2102 982 2272 1050 εἶπεν,
2304 978 2414 1033 ἐκεῖ
2441 979 2527 1033 καὶ
2564 976 2683 1033 λίαν
2717 977 2932 1041 οἰκείως
2982 980 3049 1033 τὰ
3096 1000 3248 1056 φωτα
3295 981 3418 1053 περὶ
3473 981 3601 1043 τοὺς
3649 985 3757 1036 τοῦ

2102 1064 2283 1144 φωτὸς
2314 1066 2463 1128 υἱούς
2493 1067 2607 1140 (35)
2635 1086 2693 1121 τε
2741 1065 2831 1121 καὶ
2886 1064 3317 1141 κληρονόμους),
3368 1065 3642 1142 λαμπρῶς
3696 1067 3759 1123 δὲ

2103 1157 2245 1229 ὁμοῦ
2273 1154 2362 1209 καὶ
2401 1152 2837 1230 μεγαλοπρεπῶς
2890 1154 2942 1209 έν
2984 1158 3052 1228 τῇ
3113 1155 3162 1227 ἐξ
3223 1154 3396 1209 αὐτῶν
3454 1154 3759 1231 κρηπίδων

2102 1246 2249 1319 παρὰ
2275 1248 2372 1299 τοῦ
2414 1243 2643 1321 Ἰωάσαφ
2699 1243 3100 1319 ἀνεγηγερμένῃ
3152 1246 3263 1316 (36)
3317 1246 3601 1308 κατέθεντο
3662 1245 3759 1300 έκ-

2102 1335 2323 1405 κλησίᾳ.
2358 1332 2550 1389 Πολλὰ
2582 1332 2639 1388 δὲ
2686 1334 2934 1405 θαύματα
2980 1333 3069 1387 καὶ
3110 1332 3276 1395 ἰάσεις
3309 1332 3359 1388 ἔν
3391 1354 3449 1389 τε
3477 1339 3543 1408 τῇ
3582 1356 3759 1408 μετα-

2103 1421 2332 1497 κομιδῇ,
2368 1421 2420 1477 ἔν
2446 1444 2503 1477 τε
2530 1426 2597 1495 τῇ
2629 1422 2927 1493 καταθέσει,
2959 1422 3047 1476 καὶ
3102 1421 3154 1475 ἐν
3186 1427 3301 1484 τοῖς
3352 1424 3474 1492 ἑξῆς
3519 1424 3757 1498 χρόνοις

2105 1515 2253 1570 365
2292 1510 2382 1565 διὰ
2403 1516 2510 1565 τῶν
2546 1511 2707 1565 ὁσίων
2766 1510 2930 1564 αὐτοῦ
2975 1512 3317 1584 Θεραπὸντων
3368 1510 3596 1582 ἐποίησε
3643 1512 3761 1567 Κύ-

2108 1622 2249 1675 ριος.
2283 1602 2387 1657 Καὶ
2436 1598 2572 1655 εἶδεν
2606 1601 2633 1654 ὁ
2668 1598 2923 1675 βασιλεύς
2976 1620 3034 1654 τε
3081 1600 3357 1674 Βαραχίας
3414 1601 3504 1655 καί
3552 1607 3691 1670 πᾶς,
3728 1603 3757 1656 ὁ

2104 1685 2279 1766 ὄχλος
2305 1690 2399 1753 τὰς
2429 1687 2499 1743 δι’
2526 1690 2702 1743 αὐτῶν
2736 1690 3031 1763 γενομένας
3063 1685 3343 1761 δυνάμεις,
3397 1689 3487 1743 xui
3535 1688 3759 1744 πολλοὶ

2102 1784 2209 1834 τῶν
2243 1779 2396 1852 πέριξ
2430 1778 2617 1847 ἐθνῶν,
2669 1777 2918 1831 ἀπιστίαν
2974 1780 3257 1839 νοσοῦντες
3312 1777 3401 1831 καὶ
3456 1782 3553 1832 τοῦ
3615 1782 3758 1833 Θεοῦ

2102 1867 2344 1943 ἄγνοιαν,
2375 1865 2462 1921 διὰ
2499 1870 2607 1921 τῶν
2667 1864 2967 1942 γινομένων
2992 1866 3042 1919 ἐν
3069 1869 3148 1937 τῷ
3198 1867 3442 1939 μνήματι
3496 1866 3755 1939 σημείων

2105 1961 2437 2016 ἐπίστευσαν.
2473 1959 2570 2012 Καὶ
2601 1958 2796 2019 πάντες
2818 1958 2869 2011 οἱ
2928 1956 3160 2031 ὁρῶντές
3203 1976 3263 2010 τε
3313 1957 3402 2010 καὶ
3449 1955 3758 2019 ἀκούοντες

2104 2053 2201 2119 τὴν
2245 2047 2697 2122 ἀγγελομίμητον
2756 2050 2851 2099 τοῦ
2906 2046 3135 2121 ’ῐωάσαφ
3183 2043 3463 2099 πολιτείαν
3504 2045 3598 2099 xui
3660 2046 3755 2100 τὸν

2107 2140 2155 2212 ἐξ
2184 2136 2408 2192 ἁπαλῶν
2461 2135 2675 2209 ὀνύχων
2735 2131 2994 2209 διάπυρον
3058 2132 3221 2188 αὐτοῦ
3273 2134 3409 2208 πρὸς
3459 2133 3553 2188 τὸν
3618 2134 3753 2188 Θεὸν

2105 2229 2296 2294 πόθον,
2331 2224 2629 2298 ἐθαύμαζον
2675 2220 2981 2294 δοξάζοντες
3025 2222 3076 2276 ἐν
3125 2226 3254 2275 πᾶσι
3302 2222 3392 2275 τὸν
3453 2222 3603 2293 Θεὸν,
3656 2223 3751 2277 τὸν

2106 2317 2576 2389 ἀεὶίσυνεργοῦντα
2614 2317 2730 2373 τοῖς
2790 2310 3070 2384 ἆγαπῶσις
3118 2309 3275 2365 αὐτὸν
3323 2309 3413 2365 καὶ
3470 2309 3756 2384 μεγίστοις

2104 2405 2333 2467 τούτους
2366 2398 2729 2477 ἀμειϐόμενον
2758 2398 3011 2474 δωρεαῖς.

2181 2693 2323 2752 Ἕως
2357 2686 2462 2743 ὧδε
2488 2688 2553 2743 τὸ
2581 2686 2745 2763 πέρας
2782 2686 2883 2741 τοῦ
2940 2684 3207 2759 παρόντος
3257 2681 3448 2759 λόγου,
3498 2685 3556 2738 δν
3616 2683 3749 2739 κατᾶ

2114 2781 2338 2853 δύναμιν
2371 2778 2508 2851 ἐμὴν
2564 2778 2901 2852 γεγράφηκα,
2957 2774 3131 2835 καθὼς
3186 2774 3397 2843 ἀκήκοα
3452 2773 3598 2847 παρὰ
3643 2778 3744 2826 τῶν

2116 2867 2359 2945 ἀψευδῶς
2392 2864 2855 2941 παραδεδωκότων
2891 2884 2984 2935 μοι
3014 2861 3213 2935 τιμίων
3247 2860 3476 2935 ἀνδρῶν.
3539 2862 3739 2916 Γένοιτο

2117 2957 2174 3014 δὲ
2205 2961 2372 3031 ἡμᾶς,
2403 2957 2531 3016 τοὺς
2564 2954 3028 3029 ἀναγινώσκοντας
3068 2972 3127 3005 τε
3173 2948 3262 3004 καὶ
3313 2949 3609 3011 ἀκούοντας
3652 2952 3738 3018 τὴν

2117 3044 2422 3122 ψυχωφελῆ
2458 3042 2716 3116 διήγησιν
2749 3040 2973 3110 ταύτην,
3030 3046 3130 3108 τῆς
3192 3036 3414 3111 μερίδος
3464 3039 3751 3107 ἀξιωθῆναι

2116 3142 2223 3191 τῶν
2280 3130 2745 3206 εὐαρεπησάντων
2794 3130 2872 3201 τῷ
2936 3129 3122 3203 Κυρίῳ
3196 3126 3386 3201 εὐχαῖς
3453 3126 3543 3179 καὶ
3626 3146 3751 3200 πρε-

2119 3221 2323 3286 σϐείαις
2357 3220 2625 3296 Βαρλαάμ
2650 3240 2708 3273 τε
2735 3218 2824 3272 καὶ
2856 3218 3085 3293 Ίωάσαφ
3113 3221 3223 3270 τῶν
3283 3215 3584 3290 μακαρίων,
3635 3214 3751 3289 περὶ

2116 3319 2187 3371 ὧν
2220 3318 2254 3385 ἡ
2290 3312 2560 3386 διήγησις,
2596 3310 2646 3365 ἐν
2706 3312 2922 3382 Χριστῷ
2967 3309 3148 3377 Ἰησοῦ
3196 3310 3272 3377 τῷ
3321 3304 3507 3379 Κυρίῳ
3565 3308 3750 3377 ἡμῶν,

2115 3407 2158 3477 ᾧ
2188 3400 2380 3478 πρέπει
2411 3402 2569 3474 τιμὴ,
2601 3400 2825 3473 κράτος,
2873 3393 3223 3471 μεγαλωσύνη
3256 3415 3314 3448 τε
3370 3393 3458 3447 xui
3513 3392 3751 3469 μεγαλο-

2113 3494 2361 3568 πρέπεια,
2397 3490 2487 3545 σὺν
2519 3494 2597 3560 τῷ
2640 3487 2810 3561 Πατρῖ
2863 3486 2953 3539 καὶ
3010 3488 3087 3555 τῷ
3140 3484 3277 3556 ἁγίῳ
3335 3480 3610 3553 Πνεύματι
3665 3486 3750 3535 νῦν

2112 3585 2200 3639 καὶ
2233 3582 2335 3652 ἀεὶ,
2368 3580 2457 3635 καὶ
2490 3578 2565 3640 εἷς
2594 3576 2717 3639 τοὺς,
2752 3575 2950 3635 αἰῶνας
2981 3578 3087 3627 τῶν
3121 3572 3355 3629 αἰώνων.
3388 3572 3592 3645 ’Λμτίν⁹
