3964 6144
793 681 1157 776 NOTIE
1220 681 1384 773 AD
1454 678 1838 774 VITAM
1908 678 2479 772 BARLAAM
2546 681 2700 773 ET
2763 679 3344 774 JOASAPH.

1891 961 2262 978 _

450 1209 608 1265 474
658 1212 794 1282 Pag.
845 1214 896 1281 1,
950 1214 1002 1265 5.
1053 1211 1393 1268 Formulam
1457 1211 1634 1272 καθὼς
1689 1209 2013 1286 γέγραπται,

2153 1221 2253 1277 ιιᾶς
2275 1219 2380 1269 τῶν
2403 1215 2814 1288 ἡμερῶν,ίιιιο‹1
2835 1214 3049 1286 legitur
3067 1216 3256 1285 p.104,
3281 1228 3567 1284 reponere
3589 1212 3687 1283 μιᾷ
3706 1230 3757 1264 τ.

383 1314 499 1368 qua
522 1298 836 1369 aliquoties
865 1299 1052 1354 utitur
1079 1306 1302 1368 auctor,
1336 1300 1542 1356 debuit
1584 1301 1785 1356 forsan
1817 1301 2020 1371 Paulo,

383 1385 540 1456 apud
567 1403 745 1457 quem
776 1387 1053 1457 saepicule
1083 1387 1298 1459 legitur
1321 1405 1334 1442 :
1358 1389 1512 1444 conf.
1538 1389 1720 1460 Epist.
1746 1388 1819 1444 ad
1851 1391 2019 1445 Rom.

380 1491 500 1528 vm.
534 1476 638 1542 36;
673 1492 748 1542 ix,
782 1477 887 1542 33;
921 1477 941 1530 Ι
974 1476 1103 1530 Cor.
1137 1493 1180 1545 ι,
1219 1479 1306 1531 31.

451 1565 586 1634 Pag.
620 1566 672 1631 3,
709 1569 759 1618 1.
795 1563 937 1618 Vide
969 1564 1220 1635 Praeloq.

448 1653 582 1723 Pag.
634 1654 691 1722 4,
748 1656 802 1707 2.
864 1654 943 1707 De
1002 1650 1292 1725 οἷκονομίᾳ
1349 1654 1498 1710 adde
1557 1655 1743 1710 Baluz.
1776 1655 1849 1711 ad
1902 1655 2024 1710 Lu-

374 1757 519 1812 pum
566 1761 624 1814 p.
671 1745 812 1811 474;
863 1744 1196 1800 Zimmerm.
1246 1745 1498 1801 Analect.
1553 1763 1611 1817 p.
1666 1748 1874 1812 10,14,
1909 1751 2021 1800 etc.

455 1833 590 1902 Pag.
621 1834 676 1898 5,
710 1835 796 1886 11.
841 1833 1096 1888 Joannes
1139 1833 1412 1888 Antioch.
1446 1834 1510 1888 in
1549 1836 1807 1890 Monum.
1839 1832 2021 1888 Cotel.

380 1925 424 1975 ι.
458 1922 502 1986 Ι,
533 1937 590 1990 ρ.
629 1922 766 1975 164:
799 1919 894 1973 Ἐκ
943 1925 1045 1987 τῆς
1101 1919 1382 1994 Αἰγύπτου
1433 1917 1670 1992 μάλιστα
1695 1925 1793 1975 τοῦ
1825 1921 2024 1994 ἀγαθοῦ

375 2005 572 2060 τούτου
600 2007 1123 2078 (monasteriorum
1180 2009 1594 2082 institutionis)
1649 2008 2024 2084 ἀπαρξαμένου

378 2095 469 2149 καὶ
525 2099 808 2168 πανταχοῦ
864 2101 963 2164 τῆς
1039 2092 1366 2168 οἳκουμένης
1428 2093 1787 2165 διαδοθέντος,
1842 2096 2024 2158 καθώς

380 2203 540 2257 φησιν
574 2183 603 2237 ὁ
637 2183 801 2256 μέγας
835 2181 1177 2246 Ἀθανάσιος.

444 2275 582 2344 Pag.
641 2276 694 2338 9,
757 2276 806 2326 1.
861 2273 1242 2329 Proverbium
1295 2271 1468 2328 πάντα
1521 2278 1684 2328 κινεῖν
1733 2272 1884 2328 λίθον
1915 2275 2023 2330 ha-

377 2361 479 2416 bet
517 2360 783 2415 Julianus
829 2361 1002 2432 epist.
1061 2365 1150 2429 52,
1210 2362 1310 2416 ubi
1369 2363 1483 2419 vid.
1537 2363 1768 2435 Heyler.
1802 2381 1860 2435 p.
1895 2365 2022 2419 409.

381 2449 484 2504 Cui
509 2448 772 2520 epistolaa
802 2449 994 2504 obiter
1012 2449 1286 2520 prodero.
1311 2451 1561 2506 Exhibet
1581 2450 1760 2506 editio
1792 2467 1850 2522 p.
1879 2454 1980 2504 100
1999 2464 2024 2509 δ

2127 1306 2184 1372 ἡ.
2209 1307 2323 1360 Nec
2349 1305 2522 1360 aliter
2539 1322 2598 1376 p.
2641 1305 2764 1369 278,
2807 1305 2905 1374 μιᾷ
2943 1298 3001 1354 δὲ
3037 1305 3146 1355 τῶν
3185 1303 3334 1358 475
3377 1303 3602 1356 νυκτῶν.
3634 1301 3759 1353 An-

2126 1392 2446 1464 dreopulus
2478 1393 2548 1448 de
2581 1393 2823 1463 Syntipa
2852 1409 2909 1462 p.
2944 1393 3048 1444 74:
3082 1389 3167 1444 'Ev
3204 1393 3302 1460 μιᾷ
3319 1392 3427 1441 τῶν
3450 1389 3762 1460 ἡμερῶν,οι

2126 1499 2183 1552 p.
2214 1484 2322 1535 74:
2355 1484 2466 1549 Μιᾷ
2509 1483 2635 1554 γοῦν
2675 1483 2782 1533 τῶν
2839 1480 3086 1552 ἡμερῶν.
3137 1480 3274 1542 Quae
3305 1478 3420 1532 duo
3454 1477 3584 1532 loca
3613 1492 3758 1547 pro-

2121 1568 2271 1636 fero,
2304 1585 2425 1625 non
2455 1574 2574 1624 tam
2604 1573 2846 1640 propter
2869 1567 3017 1638 ipsa,
3064 1583 3242 1638 quam
3272 1565 3554 1620 monendi
3584 1579 3762 1619 causa

2127 1659 2528 1714 narrationem
2557 1657 2630 1712 de
2660 1655 2971 1722 columbis,
3008 1655 3108 1726 qui
3141 1655 3364 1722 insunt,
3397 1669 3526 1710 esse
3556 1653 3762 1708 confe-

2127 1746 2373 1801 rendam
2403 1761 2537 1802 cum
2569 1745 2751 1801 simili
2799 1744 3090 1799 Simeonis
3148 1743 3307 1798 Sethi
3362 1741 3582 1810 fabula,
3614 1741 3757 1795 ibib.

2126 1852 2184 1906 p.
2217 1837 2340 1889 392.

2197 1925 2332 1995 Pag.
2367 1925 2455 1991 32,
2491 1925 2575 1978 19.
2607 1921 2690 1976 cr.
2731 1938 2788 1992 p.
2832 1920 2956 1976 39!.

2197 2015 2332 2083 Pag.
2363 2013 2450 2081 33,
2482 2013 2570 2066 21.
2602 2010 2691 2065 Ad
2720 2009 2896 2064 verba
2939 2011 3100 2062 τοῦτο
3138 2007 3418 2082 πρόκειται
3451 2012 3541 2062 est
3567 2006 3764 2078 glossa

2127 2100 2300 2155 inA:
2333 2098 2417 2167 ἦτ’
2457 2097 2520 2153 τὸ
2568 2097 2882 2172 γηράσκειν.
2949 2099 3050 2152 Est
3105 2097 3298 2168 prima
3351 2113 3460 2151 vox
3514 2095 3764 2167 legenda

2126 2188 2274 2257 ἢτοι.
2333 2190 2545 2242 Notum
2598 2186 2890 2241 adverbiis
2963 2180 3152 2256 ἤγουν,
3213 2179 3362 2251 ἤτοι,
3421 2181 3614 2251 εἷ’τουν,
3677 2181 3762 2237 uti

2129 2275 2545 2348 grammaticos
2576 2273 2989 2345 explicationis
3031 2289 3231 2328 causa.
3263 2272 3371 2337 Qui
3401 2286 3592 2342 nuper
3621 2269 3765 2325 alle-

2130 2366 2287 2438 gavit
2343 2364 2560 2419 alicubi
2615 2362 2906 2418 Eustathii
2963 2360 3160 2429 verba,
3209 2358 3277 2413 τᾶ
3323 2356 3538 2435 λάφυρα
3589 2354 3764 2412 εἴτουν

2130 2451 2323 2518 σκῦλα,
2354 2454 2442 2507 vir
2470 2453 2526 2508 d.
2578 2453 2891 2522 ascripsit:
2940 2468 3092 2506 corr.
3145 2450 3335 2523 ἢγουν.
3368 2449 3461 2504 Nil
3491 2448 3764 2520 corrigat.

379 2533 724 2638 ’Έδρξενρῦι
777 2555 871 2609 μοι
917 2541 1046 2590 πᾶσι
1097 2542 1214 2597 τοῖς
1271 2534 1474 2608 δήμοις
1509 2542 1901 2613 προαγορεῦσαι
1935 2533 2025 2592 διὰ

2153 2540 2669 2612 ἳιθειιιθιιιὶεεὶιιιιιε
2692 2546 2781 2595 est
2800 2539 3240 2610 conjunctionis
3261 2533 3433 2590 εἴτουν
3452 2554 3595 2593 usus
3611 2535 3769 2608 apud

380 2620 538 2678 τοῦδε
612 2621 994 2698 διατάγματος.
1061 2625 1258 2681 Codex
1321 2628 1500 2682 2964:
1567 2622 1616 2684 δ.
1693 2623 1854 2680 τοῦδε
1925 2630 2025 2680 τοῦ

384 2709 546 2784 ὃιατ.,
579 2714 813 2769 melius.
846 2714 994 2769 Ibid.
1027 2715 1089 2768 B.
1127 2718 1212 2782 15,
1258 2715 1320 2780 C,
1371 2711 1926 2788 τεταλαιπωρημένον
1955 2717 2026 2788 τῇ

387 2801 619 2874 σκληρᾷ.
686 2803 925 2858 Praatuli
990 2803 1200 2858 merito
1263 2803 1741 2876 τεταριχευμένον,
1807 2811 2027 2876 quanto

386 2891 630 2945 vividius
661 2896 720 2945 et
749 2890 934 2962 magis
974 2890 1342 2962 graphicum.
1388 2891 1553 2945 Nilus
1583 2891 1766 2962 Epist.
1799 2909 1837 2959 ι,
1864 2911 1921 2964 p.
1956 2896 2028 2950 3:

385 2980 476 3049 Τῷ
504 2978 604 3053 γὰρ
659 2981 845 3050 νοητῷ
900 2975 1069 3050 ἐλαίῳ
1113 2981 1210 3031 τοῦ
1267 2975 1574 3052 κρείττονος
1619 2979 1966 3048 πιανθήσεται
1999 2980 2029 3035 ὁ

388 3065 693 3139 ἀγωνιστὴς
752 3063 1058 3138 ἅνθρωπος,
1117 3066 1145 3119 ὁ
1201 3065 1262 3120 τὸ
1319 3065 1446 3138 πρὶν
1499 3066 1890 3136 καταπονηθεῗς
1931 3069 2021 3122 καὶ

382 3150 833 3229 τεταριχευμένος
889 3158 958 3227 τῇ
1008 3153 1298 3224 ἐνοχλήσει
1342 3158 1441 3219 τῆς
1487 3153 1873 3218 πολυπαθείας.
1943 3158 2032 3214 Ad

394 3246 552 3315 quod
581 3245 864 3299 Possinus
918 3243 1249 3310 offendens,
1312 3251 1580 3300 autumat
1626 3245 1809 3301 fuisse
1840 3264 1874 3302 a
1903 3248 2030 3302 Nilo

394 3333 679 3402 scripturn
723 3331 1158 3404 τετρυχωμένος.
1210 3332 1321 3386 Sed
1361 3333 1557 3403 ipsum
1587 3350 1717 3403 quis
1750 3335 2036 3404 praacedit

397 3419 586 3476 ἐλαίου
624 3423 969 3493 metaphora
997 3423 1253 3477 retinere
1280 3427 1529 3493 poterat.
1563 3423 1728 3478 Nilus
1749 3425 2032 3494 epist.46:

395 3512 546 3567 Μετά
592 3512 654 3565 τὸ
704 3507 831 3585 ἄγαν
875 3511 1200 3583 ξηρανθῆναι
1250 3511 1312 3564 τὸ
1359 3515 1519 3582 σῶμα
1557 3513 1626 3581 τῇ
1655 3513 1896 3584 νηστείᾳ.
1931 3520 2034 3569 P0-

393 3600 605 3654 tuisset
637 3605 694 3654 et
723 3600 818 3654 hic
865 3600 1030 3654 Nilus
1079 3599 1358 3668 scribere,
1407 3602 1838 3672 τεταριχεῦσθαι.
1883 3600 2034 3657 Ibid.

395 3705 453 3743 ιι.
506 3691 594 3742 29.
645 3687 957 3759 Displicuit
1000 3683 1356 3757 ἐκλεξάμενον
1409 3686 1482 3741 ob
1512 3703 1758 3757 pravum
1790 3688 1913 3743 toni
1945 3688 2037 3743 lo-

396 3793 552 3831 cum.
603 3776 840 3831 Simeon
893 3775 1053 3830 Sethi
1097 3774 1342 3843 Ichnel.,
1393 3791 1450 3846 p.
1501 3777 1642 3830 362:
1684 3778 1821 3836 Νοῦς
1853 3773 1907 3828 ἐν
1942 3795 2036 3847 με·

399 3863 615 3938 ρίμναις
646 3869 745 3932 σῆς
798 3857 1088 3938 βιϐρώσων
1138 3857 1316 3917 ὅστεα.
1365 3864 1644 3933 Repono:
1696 3862 1796 3931 σὴς
1830 3856 2034 3937 βιϐρώ-

397 3973 539 4007 σκων
572 3952 751 4010 ὀστὲα.

468 4044 604 4112 Pag.
667 4046 753 4109 12,
816 4045 899 4096 19.
948 4040 1134 4096 Scrib.
1183 4035 1317 4092 καθοὶ
1362 4058 1492 4092 που.
1543 4039 1606 4108 C,
1654 4035 1916 4114 καθάπερ.
1949 4041 2043 4096 Sic

398 4147 528 4204 pag.
562 4133 686 4199 340,
719 4131 786 4184 23
816 4146 922 4202 pro
971 4125 1110 4182 καθά
1166 4147 1272 4181 που
1326 4125 1416 4181 καὶ
1474 4125 1622 4201 περὶ,
1676 4129 1738 4197 C,
1797 4128 2034 4202 καθάπερ

401 4213 547 4287 περι.

475 4307 612 4377 Pag.
647 4305 733 4376 16,
793 4307 842 4359 1.
891 4303 1250 4376 Theophilus
1306 4301 1472 4359 Alex.
1530 4302 1822 4358 Homilia:
1874 4303 2043 4372 Cujus

404 4395 487 4450 rei
515 4394 673 4449 homo
702 4391 914 4460 similis,
946 4409 1005 4463 p.
1038 4392 1142 4448 14:
1194 4386 1382 4451 ’Ὀλως
1427 4388 1527 4464 γὰρ
1568 4389 1597 4443 ὁ
1643 4386 1850 4461 κόσμος
1887 4387 1939 4444 ἂν
1963 4393 2044 4460 τῷ

404 4485 629 4553 πονηρῷ
654 4483 849 4536 κεῖται.
881 4479 1186 4534 Consentit
1217 4479 1278 4534 in
1309 4475 1454 4538 ὅλως
1486 4477 1670 4534 codex
1709 4481 1865 4533 1013.

481 4575 616 4644 Pag.
671 4573 758 4641 18,
821 4572 908 4624 11.
967 4569 1058 4623 AC
1114 4567 1287 4639 (nihil
1333 4585 1403 4622 ex
1448 4568 1488 4622 Β
1540 4567 1816 4640 enatavi),
1849 4565 2047 4642 εὐμορ-

411 4662 679 4736 φώτατος.
712 4658 803 4714 Sic
832 4674 890 4729 p.
928 4659 994 4712 27
1037 4695 1053 4723 ,
1076 4658 1108 4709 8
1130 4656 1220 4710 AC
1251 4654 1671 4731 εὖμορερωτάτη.
1703 4657 1880 4712 Error
1903 4656 2047 4711 olim

411 4751 570 4806 idem
600 4749 663 4804 in
693 4762 763 4803 ea
789 4760 926 4802 voce
957 4743 1114 4816 apud
1141 4742 1432 4798 Achillem
1461 4744 1583 4798 Tat.
1627 4743 1885 4798 exstitit:
1917 4743 2048 4798 vide

413 4839 640 4895 Jacobs.
667 4855 726 4909 p.
759 4837 882 4890 836.

480 4930 615 4999 Pag.
655 4929 746 4994 21,
795 4927 848 4978 2.
899 4924 980 4978 De
1023 4918 1166 4974 οὕτω
1216 4912 1424 4992 συμϐὰν
1472 4918 1622 4975 adde
1653 4923 1776 4972 not.
1813 4917 1887 4972 ad
1916 4918 2048 4973 Ari-

414 5022 581 5072 staan.
613 5033 672 5087 p.
693 5015 818 5068 736.

479 5106 615 5175 Pag.
647 5106 737 5172 22,
790 5105 873 5156 10.
931 5099 1230 5156 Glossator
1284 5097 1346 5152 in
1403 5097 1450 5151 A
1508 5093 1784 5166 ascripsit
1838 5091 2047 5166 στίχος.

2135 2630 2503 2687 scholiastas.
2541 2629 2680 2683 Vide
2711 2629 2866 2682 Bast.
2898 2627 2959 2682 in
2987 2629 3130 2698 Epp.
3163 2627 3379 2682 Pariss.
3410 2643 3468 2696 p.
3496 2627 3588 2680 56.

2205 2721 2342 2790 Pag.
2375 2720 2462 2773 38.
2495 2719 2574 2772 De
2600 2715 2856 2771 formula
2881 2712 3102 2786 εἰρήνην
3131 2709 3315 2766 δοῦναι
3344 2713 3493 2768 adde
3519 2712 3772 2767 Tollium

2137 2807 2358 2878 lnsign.
2392 2805 2523 2861 itin.
2556 2822 2612 2876 p.
2650 2807 2747 2858 159
2777 2820 2791 2871 ;
2827 2802 3105 2858 Valcken.
3139 2801 3332 2856 Schol.
3355 2801 3419 2856 in
3450 2803 3514 2856 N.
3538 2801 3599 2856 T.
3631 2806 3672 2855 t.
3699 2800 3773 2868 II,

2135 2912 2194 2966 p.
2228 2897 2314 2948 17.

2208 2987 2344 3056 Pag.
2376 2985 2466 3051 40,
2497 2986 2550 3037 2.
2583 2982 2748 3037 Conf.
2775 2999 2832 3053 p.
2858 2983 2981 3048 346,
3012 2996 3073 3034 ιι.
3107 2981 3160 3036 3.

2208 3075 2343 3143 Pag.
2375 3074 2466 3138 46,
2501 3075 2548 3125 1.
2581 3071 2879 3125 Recitatur
2906 3070 3031 3124 haec
3062 3067 3377 3134 sententia,
3401 3082 3510 3122 nec
3536 3065 3664 3120 sine
3683 3080 3775 3119 va-

2139 3161 2370 3231 rietate,
2401 3178 2436 3216 a
2465 3159 2746 3214 Michaele
2780 3159 2956 3229 Glyca
2986 3158 3156 3228 epist.
3190 3160 3243 3223 2,
3275 3173 3332 3227 p.
3365 3159 3507 3222 210;
3537 3154 3598 3208 Ὀ
3629 3151 3774 3206 θειό-

2138 3269 2296 3309 τατος
2361 3246 2624 3321 Βαρλαᾶμ
2678 3245 2819 3300 οὕτω
2885 3245 3020 3320 πρὸς
3086 3243 3313 3318 Ἰωάσαφ
3377 3239 3553 3314 ἔλεγεο
3612 3239 3772 3292 «Τὸν

2141 3334 2468 3408 [ἄνθρωπον]
2518 3334 2610 3388 ἀπ’
2661 3333 2842 3407 ἀρχῆς
2887 3329 3322 3401 αὖτεξουσιότητι
3373 3328 3462 3383 καὶ
3515 3325 3772 3397 ἀθανασίᾳ

2137 3425 2374 3496 τιμήσας
2410 3419 2635 3498 βασιλέα
2683 3419 2894 3474 πάντων
2947 3422 3056 3474 τῶν
3103 3415 3327 3491 ἑπιγὶων
3365 3416 3709 3485 κατέστησεν.
3743 3436 3773 3465 »

2141 3513 2304 3568 Conf.
2364 3512 2505 3566 ibid.
2561 3530 2618 3583 p.
2684 3512 2804 3565 127.
2838 3541 2903 3551 -
2935 3514 2986 3566 5.
3036 3507 3288 3579 Cyrillus
3340 3506 3574 3561 Catech.
3608 3521 3666 3575 p.
3699 3507 3772 3558 6:

2143 3599 2366 3675 Ἀγαθὸς
2397 3597 2840 3657 κατασκευασθεὶς
2900 3589 3161 3654 διάϐολος
3215 3593 3427 3667 γέγονεν
3477 3590 3527 3663 ἐξ
3575 3588 3776 3651 οἱκείας

2139 3688 2528 3761 προαιρέσεως,
2561 3685 2618 3739 ἐκ
2664 3691 2764 3753 τῆς
2819 3683 3063 3757 πράξεως
3115 3675 3299 3735 λαϐὼν
3331 3677 3775 3755 προσηγορίαν...

2142 3808 2210 3817 -
2239 3775 2385 3830 Ibid.
2419 3777 2520 3830 Est
2549 3770 2649 3847 δρᾷ
2678 3778 2778 3840 τῆς
2805 3777 2864 3827 et
2889 3772 2952 3827 in
2987 3770 3116 3826 cod.
3147 3772 3274 3827 400.

2219 3867 2354 3936 Pag.
2405 3865 2495 3933 47,
2544 3866 2630 3917 10.
2685 3858 3158 3916 Pseudo-Abdias
3205 3875 3302 3926 vn,
3333 3860 3402 3913 6:
3435 3879 3462 3908 «
3495 3855 3776 3928 Angelus,

2149 3953 2249 4024 qui
2282 3969 2352 4007 ex
2383 3969 2444 4007 se
2466 3949 2737 4022 concepit
2756 3949 3059 4015 invidiam,
3083 3963 3188 4018 per
3208 3946 3533 4018 potentiam
3556 3944 3784 4024 angeli:-

2146 4020 2277 4088 cam
2308 4020 2995 4103 serpentem—ingressus.
3033 4049 3062 4076 »
3119 4056 3188 4067 —-
3245 4027 3312 4080 N.
3347 4029 3396 4103 1.
3436 4026 3548 4079 Pro
3579 4020 3781 4103 δ’,ιίιλλν

2147 4117 2237 4167 est
2265 4100 2499 4166 Εὕαν-ιιι
2550 4109 2680 4167 cod.
2738 4100 2880 4176 400;
2941 4105 3099 4178 quod
3145 4109 3233 4160 est
3259 4102 3492 4159 facilius
3517 4100 3779 4173 quidem,

2149 4201 2252 4256 sed
2282 4217 2401 4257 non
2431 4200 2667 4256 melius.

2219 4291 2354 4360 Pag.
2380 4290 2469 4353 48,
2501 4304 2561 4341 ιι.
2595 4289 2648 4341 2.
2681 4285 2863 4340 Scrib.
2893 4282 3088 4356 potius
3109 4301 3248 4344 πως,

2219 4379 2354 4449 Pag.
2384 4377 2475 4445 53,
2506 4392 2566 4430 ιι.
2599 4378 2653 4429 2.
2684 4375 2767 4428 De
2789 4364 3016 4446 junctis
3045 4369 3294 4443 σημείοις
3324 4369 3415 4423 καὶ
3443 4367 3625 4444 τέρασι
3650 4365 3782 4422 vide

2150 4465 2372 4521 Albert.
2399 4463 2474 4520 ad
2502 4463 2756 4520 Glossar.
2788 4479 2916 4534 pag.
2954 4464 3074 4518 115.

2222 4559 2357 4627 Pag.
2389 4558 2477 4609 56.
2510 4556 2612 4609 Est
2637 4548 2931 4622 ἠδικῆσθαι
2961 4551 3024 4607 in
3052 4550 3280 4606 Libanii
3320 4549 3519 4606 codice
3551 4550 3708 4603 3017.

2221 4645 2356 4716 Pag.
2389 4645 2478 4712 63,
2511 4659 2572 4698 ιι.
2604 4646 2657 4697 6.
2689 4640 2853 4696 Conf.
2884 4657 2944 4712 p.
2975 4643 3099 4710 229,
3131 4656 3192 4694 ιι.
3225 4641 3279 4696 6.

2223 4734 2358 4804 Pag.
2393 4733 2482 4800 65,
2512 4749 2572 4788 ιι.
2606 4734 2658 4786 5.
2693 4729 2856 4784 Nilus
2885 4727 3057 4800 epist.
3113 4729 3252 4783 130:
3296 4725 3610 4799 Ἀναγκαῖον
3645 4719 3783 4776 εἰδὲ-

2150 4839 2238 4873 ναι
2295 4817 2379 4872 ὅτι
2439 4816 2661 4892 μέλλεις
2721 4817 2926 4891 βήματι
2984 4813 3304 4888 παρίσασθαι
3363 4807 3605 4890 φοϐερῷ,
3661 4806 3786 4865 ἔνθα

2154 4907 2333 4969 οὐδεὶς
2417 4911 2714 4985 ιαφανεῖται
2761 4903 3061 4978 ἐπικουρῶν
3117 4922 3200 4955 σοι
3231 4902 3266 4969 ἢ
3300 4898 3565 4970 ἐξελᾶσθαι
3625 4895 3786 4953 δυνά-

2158 5017 2322 5070 μενος
2352 5009 2451 5066 της
2482 4996 2666 5070 χειρὸς
2719 4997 2816 5049 τοῦ
2875 4991 3205 5060 δικάζοντος·
3259 4985 3382 5053 ἔνθα
3421 4985 3667 5059 δεινότης
3692 4985 3784 5042 καὶ

2154 5083 2447 5164 εὐστροφία
2477 5082 2660 5160 λόγων
2691 5079 2781 5137 καί
2821 5079 3074 5155 γλώττης
3123 5074 3276 5133 οὐδὲν
3314 5076 3594 5140 παντελῶς
3623 5075 3784 5150 ΐσχύ-

410 5173 604 5247 Verba
632 5191 878 5259 scilicet,
924 5184 1122 5262 ἄνθρ...
1178 5185 1463 5262 ῥημάτων,
1497 5200 1732 5239 versum
1784 5181 2033 5238 efficium

2153 5197 2240 5232 σαι
2273 5173 2621 5245 δυνήσεται...

412 5280 718 5351 politicum
755 5275 1294 5348 dodecasyllabum,
1325 5271 1454 5328 vide
1486 5288 1544 5342 p.
1577 5273 1701 5326 363.

482 5370 620 5440 Pag.
651 5368 741 5435 24,
775 5368 826 5421 1.
858 5363 1022 5420 Conf.
1055 5380 1114 5434 p.
1143 5365 1264 5417 187.

484 5459 622 5528 Pag.
651 5457 743 5523 27,
773 5456 826 5507 7.
859 5451 1024 5507 Conf.
1056 5468 1114 5522 p.
1147 5453 1272 5506 297.

484 5547 622 5614 Pag.
655 5544 742 5596 31.
774 5541 1026 5612 Symeon
1081 5537 1242 5594 Sethi
1295 5538 1368 5593 de
1417 5535 1639 5593 Ichnel.
1671 5553 1728 5608 p.
1760 5537 1898 5592 206:
1929 5538 2044 5605 Μιᾷ

412 5637 520 5692 τῶν
551 5632 794 5708 ἡμερῶν.
825 5631 896 5686 Ει
937 5628 1022 5684 sic
1067 5645 1162 5701 pp.
1216 5629 1340 5698 316,
1384 5629 1508 5686 382.
1540 5625 1678 5683 Inde
1706 5623 1904 5696 velim,
1937 5640 2042 5696 pro

2076 5271 2126 5337 D
2225 5269 2362 5338 Pag.
2394 5267 2482 5320 76.
2514 5265 2615 5318 Est
2643 5265 2702 5318 et
2727 5259 2883 5332 apud
2915 5259 3024 5315 lsa.
3073 5276 3130 5328 ι,
3190 5258 3276 5325 18,
3324 5255 3528 5334 φλογὸς
3557 5248 3786 5326 καιομέ-

2147 5375 2356 5516 mi’ag.
2389 5445 2478 5508 91,
2511 5443 2598 5495 11.
2631 5435 2988 5507 Theophilus
3043 5434 3208 5490 Alex.
3261 5432 3476 5490 Homil.
3509 5431 3674 5502 Cujus
3699 5429 3784 5487 rei

2152 5535 2310 5589 homo
2338 5528 2556 5596 similis,
2607 5544 2664 5598 p.
2714 5527 2786 5579 3:
2845 5521 2966 5580 Ἐάν
3014 5522 3096 5586 τίς
3149 5541 3208 5576 σε
3262 5518 3546 5596 ἀγκαρεύοι
3599 5517 3783 5592 μίλιον

2151 5618 2228 5695 ἔν,
2281 5617 2453 5694 ὕπαγε
2502 5611 2619 5672 δύο.
2675 5612 2817 5670 Cod.
2877 5614 3032 5683 1013,
3089 5607 3429 5688 ἀγκαρεύσει.
3475 5611 3783 5682 Reponam
