3964 6144
227 267 365 326 1213

1265 270 1473 326 NOTB
1508 269 1678 323 VITA
1713 266 2062 321 BARLAAM
2096 266 2190 319 ΒΤ
2223 262 2562 318 JOABAPH.

3468 247 3616 303 1214

226 395 497 471 ἀγγαρεῦῃ
530 397 621 453 vel
651 396 974 471 ἆγγαρεῦσῃ.
1031 399 1111 452 De
1170 395 1461 467 scriptura
1509 413 1577 467 γκ
1628 410 1731 464 pro
1768 411 1855 466 γγ,

1988 385 2135 458 iuvi,
2193 384 2337 456 πλὴν
2402 381 2601 455 δίκαια,
2685 380 2879 455 Χριστὲ
2939 399 3062 452 μου·
3097 375 3396 471 Δ,[Πὲπονθα
3452 375 3605 471 47‘7

229 486 317 557 egi
350 485 422 540 ad
452 486 736 541 Planudis
766 488 999 541 Metam.

296 579 429 645 Pag.
458 578 546 628 93.
580 576 659 629 De
689 575 943 629 formula
973 570 1075 627 οἶδ’
1120 571 1202 627 ὅτι
1257 571 1460 627 monui
1494 577 1549 625 et
1579 570 1651 625 ad
1681 569 1854 639 SOph.

227 662 581 734 Antigonam
614 681 661 717 ν.
694 664 817 717 276.
852 665 1036 727 Quam
1080 663 1343 718 fabulam
1396 677 1530 716 cum
1578 658 1861 730 praelege-

225 768 448 817 rem,ex
473 752 651 806 simili
677 753 1013 822 parenthesi
1038 751 1471 821 interpretabar
1493 748 1860 803 salebrosum

226 830 485 898 initium,
546 831 901 885 Schmferum
962 837 1196 886 secutus
1242 831 1413 884 Melet
1462 847 1517 900 p.
1568 831 1678 882 92:
1724 825 1861 897 (Ἆρ’

226 918 355 971 οἶσθ’
386 919 467 972 ὃτι
498 921 535 989 ;)
568 917 691 978 Ζεὺς
720 923 825 971 τῶν
860 918 949 972 ἀπ’
980 916 1209 975 Οἱδῖπου
1240 922 1490 975 κακῶν...

297 1009 450 1062 478
478 1009 613 1079 Pag.
641 1009 730 1075 94,
764 1011 816 1061 9.
849 1008 930 1063 Cf.
956 1026 1013 1078 p.
1050 1011 1170 1074 141,
1203 1025 1265 1064 n.
1299 1011 1347 1061 1.

297 1096 430 1167 Pag.
462 1096 583 1159 101,
618 1097 701 1150 10.
735 1097 919 1167 Epist.
970 1096 1044 1151 ad
1096 1098 1264 1151 Rom.
1295 1113 1411 1162 vm,
1438 1096 1541 1149 17:
1576 1090 1863 1163 Κληρονό-

226 1202 321 1257 μοι
351 1182 445 1254 μὲν
468 1186 622 1239 Θεοῦ.
652 1182 1092 1258 συγκληρονόμοι
1125 1181 1181 1236 δὲ
1210 1185 1461 1256 Χριστοῦ.

298 1294 433 1361 Pag.
468 1294 589 1357 112,
613 1294 698 1344 22.
730 1292 947 1345 Forsan
970 1285 1274 1360 ἀναϐλέψας
1303 1285 1359 1341 δὲ
1381 1290 1501 1347 τοῖς
1533 1285 1861 1362 ὀφθαλμοῖς·

230 1378 295 1432 Ρ.
330 1380 452 1443 106,
487 1382 550 1431 17
579 1395 591 1431 :
625 1379 685 1443 C,
744 1379 989 1449 ψαΛμοῖς
1035 1378 1123 1431 καὶ
1173 1375 1366 1449 ὕμνοις
1409 1372 1754 1447 ὁμοθυμαδὸν
1786 1376 1865 1443 τῷ

230 1464 411 1537 Κυρίῳ
438 1462 679 1535 ᾄδοντες.

300 1557 437 1626 Pag.
499 1557 621 1623 122,
685 1559 770 1609 10.
832 1556 1086 1627 Symeon
1145 1556 1302 1611 Sethi
1362 1555 1679 1624 Ichnel.p.
1721 1555 1864 1607 226:

230 1641 578 1715 Ἐδιωκόμην
609 1642 775 1716 μέχρι
805 1645 900 1696 τοῦ
955 1646 1047 1697 νῦν
1096 1643 1242 1714 παρᾶ
1284 1646 1391 1697 τῶν
1449 1643 1744 1715 θηρευτῶν,
1771 1638 1866 1693 τό-

227 1751 331 1785 πον
361 1729 421 1784 ἑκ
446 1730 616 1784 τόπου
648 1725 967 1803 ἀμείϐουσα.

1964 474 2132 544 δεινὰ,
2164 475 2308 542 πλὴν
2339 473 2485 545 ἐμῶν
2518 469 2666 539 ἥττω
2695 474 2897 525 κακῶν.
2930 468 3067 541 [Οὐκ
3096 466 3206 521 ἔστι
3238 464 3406 529 ποινή
3434 458 3611 535 σφαλο

1969 567 2149 637 μάτων
2210 563 2352 634 ἐμῶν
2412 558 2525 631 ἴση.
2577 559 2841 633 [Autumn],
2898 559 3080 626 νόσος,
3153 558 3421 629 μάχαιρα,
3473 553 3607 622 πῦρ,

1966 653 2141 726 λύμη,
2174 653 2387 721 σκότος,
2419 651 2735 725 [Mirm-(ec,
2791 644 2995 722 ὕϐρεις,
3040 643 3229 717 λιμὸς,
3273 640 3606 715 ἐμπαιγμὸς,

1963 744 2162 816 γέλως,
2199 741 2295 813 [Τὰ
2326 740 2521 814 φρικτὰ
2572 739 2743 793 πάντα
2796 744 2893 805 τῆς
2950 735 3147 790 ἐκεῖθεν
3188 733 3398 806 ἡμέρας
3430 729 3608 801 [Alm-

1964 830 2092 891 νίως
2148 827 2394 902 μένοντα,
2450 832 2554 902 πῦρ
2613 828 2790 904 φωτὸς
2847 823 3000 898 δίχα,
3063 822 3287 897 [Σκότος
3320 818 3606 896 φλογίζον,

1966 918 2267 992 Τάρταρος,
2301 915 2541 987 σκώληξ,
2591 915 2769 983 πόνοι,
2823 916 3083 983 [Ἃπαντα
3122 914 3289 964 ταῦτα
3317 911 3425 962 τῶν
3457 905 3605 978 ἐμῶν

1967 1008 2115 1076 ἢττω
2143 1010 2344 1060 κακῶν.
2406 1003 2619 1077 [Στήλῃ
2672 1002 2957 1077 γεγράφθω
3004 1002 3170 1053 ταῦτα
3204 999 3370 1072 μέχρι
3398 995 3486 1050 καὶ
3516 995 3607 1048 τὲ-

1968 1092 2115 1150 λους,
2145 1096 2359 1165 [Βοῶσα
2384 1095 2544 1164 (puto
2570 1092 2857 1147 excidisse
2881 1106 3111 1145 versum
3135 1088 3207 1142 de
3239 1087 3613 1142 tuba.Posset

1969 1185 2212 1254 quidem
2238 1182 2419 1255 βοῶσα
2445 1181 2517 1235 de
2540 1178 2716 1252 στήλῃ
2741 1179 2992 1251 intelligi
3017 1196 3030 1245 ;
3061 1178 3163 1232 sed
3198 1168 3451 1247 sequens
3474 1169 3613 1225 σαλ-

1968 1272 2113 1325 πίσει
2172 1272 2378 1326 durius
2436 1287 2568 1325 cum
2629 1266 2804 1339 στήλῃ
2852 1266 3223 1339 jungeretur)
3272 1261 3451 1336 μακρᾶ
3478 1264 3609 1314 πᾶσι

1972 1361 2139 1433 μέχρι
2169 1360 2474 1432 τερμάτων,
2511 1356 2639 1429 [Κᾶν
2671 1361 2772 1410 πᾶν
2806 1356 3049 1429 παρέλθῃ
3096 1357 3255 1407 τοῦτο
3289 1353 3439 1424 (cod.
3470 1369 3610 1424 παρ-

1972 1447 2145 1504 ἑλοοι.
2179 1451 2278 1503 Est
2309 1452 2410 1501 πᾶν
2440 1450 2600 1500 τοῦτο
2632 1446 2888 1501 mundus
2938 1445 3035 1499 hic
3067 1443 3421 1511 universus),
3445 1442 3612 1493 ταῦτα

1973 1536 2245 1604 σαλπίσει,
2308 1535 2410 1589 Καὶ
2465 1539 2579 1596 τοῖς
2642 1533 2813 1596 ἒκεῖθε
2867 1538 3048 1600 πᾶσιν,
3101 1532 3174 1592 ὡς
3232 1534 3393 1583 πᾶσιν
3446 1526 3610 1599 μόνος

1975 1626 2146 1698 [Νικῶ
2176 1628 2363 1684 κακοῖς
2395 1624 2619 1692 ἅπαντα,
2670 1624 2815 1691 πλὴν
2881 1624 2998 1691 σοῦ,
3044 1619 3240 1693 Χριστὲ
3272 1638 3396 1691 μου.
3429 1617 3612 1674 Μόνον

1897 1738 1945 1801 Β
1981 1718 2169 1787 μενικᾷ
2201 1714 2288 1767 σὸν
2341 1711 2579 1801 πέλαγος
2627 1711 2946 1801 θαυμάτων,
2972 1708 3416 1801 [Εὐσπλαγχνίας
3449 1701 3615 1801 ἄϐυσ-

302 1822 436 1891 Pag.
474 1822 591 1874 123.
628 1794 810 1876 Locus
842 1838 961 1875 non
994 1822 1220 1892 integer
1264 1826 1372 1877 est.
1405 1820 1869 1891 Trapezuntiana

1988 1825 2066 1865 mc
2096 1801 2156 1857 οὐ
2193 1800 2555 1877 μετρουμένη,
2589 1798 2815 1873 [ΟἿκτων
2866 1798 3097 1870 ἀείρους,
3132 1795 3348 1871 δωρεῶν
3376 1794 3613 1867 ἀπειρία.

229 1910 421 1964 versio
452 1909 603 1963 nihil
627 1910 887 1979 praesidii
916 1910 1174 1979 exhibet,
1207 1910 1279 1965 ad
1310 1909 1591 1973 codicem,
1618 1916 1684 1962 ut
1712 1910 1874 1963 vide-

224 2000 348 2065 tur,
376 1998 649 2052 instituta
678 2014 800 2053 non
849 1998 1093 2053 bonum.
1144 1998 1255 2051 Sed
1305 1997 1511 2051 Billius
1541 1997 1871 2067 pleniorem

227 2084 457 2153 habuit,
517 2086 719 2157 sicque
766 2088 1043 2140 vertitt...
1102 2088 1172 2141 les
1230 2087 1520 2140 chaussant
1575 2088 1609 2139 ά
1666 2086 1719 2139 la
1741 2088 1873 2154 pre-

224 2176 489 2243 paration
520 2176 584 2227 de
615 2174 903 2243 l‘évangile
928 2176 994 2227 de
1016 2177 1159 2243 pata:
1180 2191 1199 2227 :
1228 2181 1279 2227 et
1304 2180 1537 2242 partant
1559 2176 1621 2242 je
1649 2190 1732 2226 me
1761 2172 1873 2227 suis

228 2262 418 2316 cstimé
440 2264 722 2316 miserable
746 2266 779 2315 ὰ
808 2278 965 2316 cause
1011 2263 1076 2317 de
1118 2280 1245 2315 mon
1293 2279 1480 2316 ειν-ειη·
1501 2261 1790 2331 precedent
1823 2266 1872 2313 et

232 2349 424 2403 lourde
452 2350 758 2419 deception,
792 2358 842 2404 et
874 2367 957 2405 me
976 2354 1085 2405 suis
1114 2351 1216 2404 mis
1240 2354 1273 2404 ἀ
1288 2352 1527 2419 prendre
1557 2356 1687 2404 cette
1715 2365 1868 2417 voye,

236 2438 469 2506 laquellc
497 2441 532 2491 ὰ
572 2439 673 2492 bon
704 2440 881 2493 droz'ct
910 2438 1011 2505 7·ἀί
1034 2445 1294 2509 preposée
1338 2442 1373 2492 ἀ
1422 2445 1593 2492 toutes
1622 2439 1868 2493 choses...

231 2525 521 2595 Equidem
553 2526 785 2582 codices
843 2530 968 2593 904,
1017 2529 1141 2593 905,
1201 2530 1325 2593 907,
1383 2527 1507 2593 908,
1552 2529 1871 2593 1126,1132

235 2613 486 2684 inspexi,
518 2631 653 2669 cum
702 2615 795 2669 hic
846 2615 1011 2669 locus
1061 2615 1225 2685 prelo
1274 2615 1711 2669 submittendus
1738 2614 1869 2682 fuit,

230 2703 618 2773 animumque
638 2703 948 2758 verborum
962 2704 1451 2758 incohzerentium
1466 2703 1870 2774 hiatesjadver-

229 2792 322 2857 tit,
348 2790 451 2846 sed
501 2792 650 2846 meis
680 2794 770 2846 AC
828 2793 1267 2847 consentientes
1307 2810 1436 2848 esse
1490 2794 1720 2863 reperi;
1752 2793 1869 2847 nisi

230 2880 389 2949 quod
413 2880 474 2933 in
501 2880 806 2934 nonnullis
829 2898 933 2951 pro
960 2880 1175 2934 πάντων
1206 2887 1362 2936 esset
1382 2880 1870 2941 πάντως.Βοηιιη1

229 2972 319 3021 est
345 2967 558 3019 πάντων
586 2984 598 3023 :
632 2986 690 3039 p.
727 2972 847 3035 153,
880 2972 967 3039 46,
1009 2969 1225 3022 πάντων
1254 2968 1580 3042 προκρίνων.

2046 1898 2174 1964 Pag.
2214 1895 2334 1959 197,
2370 1895 2455 1945 10.
2489 1890 2653 1945 Conf.
2688 1908 2747 1961 p.
2782 1892 2903 1943 340.

2045 1986 2177 2053 Pag.
2210 1983 2333 2045 204,
2370 1982 2452 2035 14.
2487 1982 2629 2033 Acta
2660 1980 2714 2034 S.
2746 1978 2989 2032 Tarachi
3034 1994 3090 2048 p.
3137 1980 3279 2030 290:
3312 1971 3415 2035 Οὕς
3444 1992 3615 2043 προσ-

1975 2065 2190 2137 δέξασθε
2223 2068 2355 2139 μετᾶ
2386 2061 2558 2142 φόϐου
2588 2064 2676 2119 καὶ
2707 2062 2925 2133 πολλῆς
2958 2060 3164 2131 αἴδοῦς,
3197 2060 3353 2125 ὄντας
3383 2058 3615 2136 ἐργάτας

1972 2159 2069 2208 τοῦ
2100 2158 2231 2208 Θεοῦ
2262 2153 2348 2207 καὶ
2371 2158 2467 2206 τοῦ
2492 2154 2725 2227 Χριστοῦ
2752 2152 2939 2208 αὐτοῦ.

2046 2244 2177 2315 Pag.
2211 2247 2335 2310 210,
2368 2244 2453 2298 16.
2486 2242 2684 2297 Additi
2724 2240 3059 2297 articulum.

1976 2366 1979 2371 -
2046 2333 2175 2403 Pag.
2211 2335 2337 2398 211,
2372 2334 2421 2385 5.
2462 2332 2589 2385 lsai.
2622 2347 2752 2395 LVII,
2780 2334 2878 2383 15:
2911 2325 3123 2401 ’Λγίοις
3148 2326 3197 2380 ἐν
3228 2325 3405 2402 ἁγίοις
3437 2320 3620 2397 ὄνομα

1975 2418 2140 2489 αὐτῷ,
2172 2418 2398 2491 ὕψιστοσ
2426 2416 2476 2472 ἒν
2511 2417 2684 2492 ἁγίοις
2713 2415 3140 2489 ἀναπαυόμενος.

2045 2510 2180 2579 Pag.
2212 2511 2336 2576 219,
2364 2509 2417 2562 8.
2449 2507 2613 2561 Conf.
2640 2525 2695 2578 p.
2732 2510 2856 2562 290.

2044 2599 2178 2669 Pag.
2212 2600 2336 2651 223.
2373 2599 2517 2650 Puto
2550 2597 2732 2655 πίστις
2765 2614 2883 2651 non
2916 2596 3291 2652 servandum.

2044 2690 2173 2757 Pag.
2208 2688 2331 2754 224,
2368 2688 2451 2741 16.
2484 2686 2681 2739 Malim
2710 2684 2773 2738 τὸ
2801 2687 2881 2754 τῷ
2909 2684 3070 2756 πατρὶ
3105 2683 3400 2746 πείθεσθαι.

2043 2780 2179 2846 Pag.
2214 2778 2336 2841 226,
2370 2793 2430 2829 n.
2464 2778 2516 2830 3.
2550 2775 2731 2830 Scrib.
2764 2774 2859 2827 κᾶν
2894 2772 3034 2829 ἄλλο
3064 2778 3217 2828 τοῖου
3248 2770 3427 2842 δήτοι.

1974 2900 1975 2903 ‘
2044 2883 2177 2951 Pag.
2212 2882 2335 2947 231v,
2368 2884 2420 2945 7,
2454 2882 2520 2948 Α,
2554 2882 2668 2931 πῶν
2701 2876 2836 2931 κατὰ
2886 2876 3048 2931 πόλιν
3082 2876 3379 2932 οἰκούντων
3411 2872 3603 2950 ἀρχόν-

1970 2986 2099 3023 των.
2136 2968 2447 3039 Displicuit
2478 2967 2694 3039 duplex
2724 2969 3122 3039 participium,
3156 2985 3289 3023 cum
3330 2968 3406 3022 sit
3451 2967 3607 3038 prius

301 3058 434 3127 Pag.
467 3060 587 3110 125.
620 3058 719 3111 Est
749 3062 808 3111 et
834 3054 1058 3129 κυναγία
1098 3059 1157 3112 in
1190 3059 1319 3113 cod.
1354 3058 1674 3129 SOphocleo
1703 3060 1861 3112 2881-.
1896 3076 1938 3141 ο
1975 3074 2217 3128 prorsus
2270 3056 2615 3128 languidum
2676 3063 2734 3113 et
2790 3057 3018 3112 inutile.
3080 3057 3359 3112 Libanius
3418 3062 3480 3141 t.7
3519 3056 3611 3121 IV,

302 3161 440 3232 Pag.
477 3165 596 3215 127.
650 3164 750 3216 Est
797 3162 924 3214 σκιᾶ
969 3160 1198 3224 θανάτου
1248 3163 1464 3217 locutio
1506 3161 1744 3228 biblica,
1779 3179 1869 3217 ea-

1988 3163 2040 3216 p.
2074 3148 2214 3199 226:
2250 3143 2351 3196 Κᾶν
2381 3145 2593 3217 ἑτέρους
2653 3141 2752 3197 ξ’δω
2814 3144 3109 3216 μεθύοντας
3156 3144 3215 3198 ἐκ
3245 3144 3435 3212 πότου,
3466 3140 3615 3218 διαρ-

237 3263 350 3316 que
406 3249 705 3318 frequens.
759 3250 900 3305 Vide
958 3268 1054 3321 pp.
1114 3253 1235 3318 187,
1293 3252 1417 3319 218,
1473 3256 1514 3304 t.
1564 3251 1630 3317 II,
1665 3252 1875 3321 p.115,

241 3336 397 3390 Psal.
430 3354 534 3402 cvr,
570 3341 657 3394 10.

306 3425 445 3495 Pag.
483 3427 601 3492 131,
639 3428 723 3480 16.
784 3428 977 3481 Monet
1033 3432 1362 3498 opportune
1412 3428 1530 3482 Jac.
1574 3427 1781 3483 Billius
1814 3427 1876 3482 in

236 3511 439 3565 Allatii
473 3513 544 3567 ad
592 3514 877 3568 Joannem
926 3516 1192 3569 Damasc.
1246 3516 1690 3586 Prolegomenis
1729 3518 1873 3585 §14,

235 3606 427 3657 totum
456 3603 615 3659 hunc
645 3603 717 3658 de
748 3604 1019 3659 libertate
1042 3605 1269 3659 arbitrii
1292 3605 1487 3661 locum
1510 3622 1638 3660 esse
1660 3606 1733 3660 ad
1754 3623 1876 3661 ver‘

234 3688 377 3745 bum
426 3692 851 3763 transcriptum
884 3709 953 3747 ex
996 3694 1344 3748 Damasceni
1376 3694 1545 3747 libris
1574 3695 1647 3748 De
1677 3694 1873 3748 ortho-

240 3778 391 3832 doxa
416 3781 541 3849 ﬁde.
572 3811 642 3823 —
673 3783 758 3835 19.
790 3782 857 3835 In
878 3781 1008 3836 loco
1038 3782 1286 3836 obscuro
1310 3782 1596 3837 exhibebo
1627 3783 1873 3837 varieta-

237 3870 357 3920 tem
384 3867 512 3921 cod.
549 3898 615 3909 —
645 3868 741 3920 Καὶ
796 3866 947 3930 αὖθις
1005 3868 1175 3940 αὐτεξ·
1239 3868 1348 3922 ἐστὶ
1398 3869 1558 3942 νοερᾶ
1601 3891 1684 3931 τις
1721 3868 1875 3939 κίνη-

239 3973 320 4014 σις
352 3956 539 4028 ψυχῆς
571 3953 928 4027 αὖτοκρατής.
962 3960 1089 4012 Mox
1120 3958 1339 4012 omittit
1362 3956 1396 4026 ἢ
1434 3955 1718 4030 βούλευσις
1751 3958 1875 4033 ὀρε-

237 4043 397 4111 κτική
428 4046 535 4097 τῶν
566 4043 647 4121 ἐφ’
676 4046 835 4116 ἡμῖν.

310 4135 446 4204 Pag.
482 4136 603 4205 132,
636 4136 689 4192 8.
744 4137 813 4204 A,
864 4131 1043 4197 οὐδεὶς
1092 4134 1190 4208 γὰρ
1238 4154 1432 4211 προκρ.
1465 4166 1534 4178 --
1564 4140 1615 4192 9.
1653 4137 1715 4205 C,
1748 4135 1874 4191 sine

235 4240 363 4295 γαρ-

308 4311 444 4382 Pag.
480 4311 601 4367 136.
634 4315 873 4369 Moneor
901 4332 935 4370 a
967 4316 1085 4372 viro
1117 4318 1359 4374 doctiss.
1393 4318 1872 4389 Reiskianze,qua

1984 3234 2255 3308 ῥήγνυμαι
2313 3238 2391 3304 τῷ
2447 3233 2648 3309 φθόνῳ.
2711 3235 2849 3290 Cod.
2929 3238 3087 3304 3017,
3136 3233 3427 3295 πεθῦοντας
3488 3234 3616 3286 ἀνα-

1983 3318 2213 3384 λύοντας
2237 3319 2297 3375 ἐκ
2326 3342 2385 3378 π.
2414 3339 2427 3376 :
2461 3323 2639 3392 idque
2671 3328 2849 3390 recte,
2882 3329 3045 3394 puto.

1976 3406 1981 3435 ί
2053 3412 2188 3482 Pag.
2223 3414 2345 3480 236,
2380 3412 2430 3465 8.
2459 3412 2519 3477 C,
2541 3406 2905 3467 καταδικάσω.

2053 3506 2182 3573 Pag.
2216 3504 2340 3567 250,
2374 3504 2424 3554 5.
2460 3501 2749 3567 Ouzelius,
2802 3501 2912 3555 hoc
2956 3501 3084 3556 loco
3134 3518 3276 3556 usus
3324 3500 3395 3556 ad
3426 3502 3619 3555 Minu-

1974 3590 2139 3644 ‘cium
2188 3606 2287 3660 pp.
2339 3590 2459 3657 164,
2516 3591 2632 3655 174,
2684 3594 2850 3643 notat
2894 3590 3143 3644 vitulum
3192 3608 3318 3645 esse
3368 3590 3441 3643 de
3470 3590 3615 3643 bove

1981 3679 2090 3748 Api
2122 3676 2472 3748 capiendum
2499 3695 2513 3743 ;
2547 3677 2649 3731 sed
2679 3694 2874 3732 errare
2896 3684 3218 3745 auctorem,
3246 3680 3343 3750 qui
3369 3696 3613 3750 porcum

1981 3768 2138 3822 inter
2175 3767 2457 3822 animalia
2504 3768 2673 3837 ponit
2718 3767 2789 3821 ab
2836 3768 3116 3839 Egyptiis
3144 3769 3322 3836 culta,
3356 3769 3615 3839 citatque

1981 3855 2289 3911 commode
2320 3856 2548 3911 zEliam.
2583 3856 2647 3908 ll.
2680 3857 2746 3912 A.
2795 3874 2851 3923 x,
2904 3856 2989 3911 16.
3024 3857 3185 3911 Adde
3219 3856 3489 3911 Herodot.
3529 3861 3615 3926 11,

1980 3946 2069 4014 47,
2102 3961 2237 3999 cum
2269 3948 2409 3999 nota
2439 3944 2732 3998 Larcheri.

2050 4035 2184 4104 Pag.
2218 4036 2341 4102 2255,
2375 4034 2425 4085 8.
2460 4031 2541 4088 Cf.
2574 4050 2631 4103 p.
2659 4032 2780 4103 168,
2814 4049 2873 4088 n.
2909 4036 2958 4088 1.

2050 4123 2186 4192 Pag.
2219 4123 2342 4186 2356,
2380 4123 2461 4175 16.
2516 4121 2787 4178 Eumath.
2837 4122 3036 4191 Hysm.
3088 4139 3139 4185 v,
3188 4139 3244 4193 p.
3281 4125 3418 4178 161:
3453 4120 3608 4177 Οὕτω

1976 4208 2074 4276 τὴν
2108 4206 2281 4275 καλήν
2324 4205 2546 4276 ἐξῆλθον
2598 4206 3010 4280 Δύλίκωμιν,...
3060 4208 3134 4269 ὡς
3175 4207 3608 4282 Ὀλυμπιονίκης

1976 4296 2066 4350 καὶ
2097 4297 2315 4365 νινήσας
2373 4295 2433 4348 τὸ
2490 4293 2811 4357 πένταθλον.
2870 4298 3085 4367 Scripsi
3147 4298 3231 4352 sic
3285 4297 3347 4351 τὸ
3403 4319 3460 4354 π.
3504 4318 3606 4371 pro

239 4412 383 4453 usus
436 4416 591 4470 sum,
622 4402 1015 4460 observationi
1058 4406 1129 4461 de
1177 4401 1668 4481 πρωτοσυμϐούλῳ
1696 4423 1869 4479 posse

1988 4385 2136 4440 edito
2163 4383 2255 4437 τὸν
2282 4384 2454 4452 πὲντ.,
2505 4401 2648 4439 usus
2700 4385 2955 4440 lectione
3004 4401 3182 4455 quam
3209 4402 3239 4440 e
3270 4386 3442 4442 codd.
3475 4406 3607 4459 pro-

1988 4474 2109 4497 L_-‘I:L
2142 4474 2351 4497 D-__--_
2385 4492 2416 4497 _
2476 4473 2578 4497 non
2607 4472 2890 4497 _.......:-_.:-
2928 4474 3145 4497 .._-IIZ-..

241 4488 586 4544 contradici.

310 4577 446 4649 Pag.
479 4581 601 4645 155,
635 4582 719 4635 17.
755 4581 834 4635 De
889 4580 1115 4652 μυηθεὶς
1170 4584 1299 4638 vide
1351 4602 1409 4656 p.
1451 4586 1573 4640 269.
1607 4583 1689 4639 Cf.
1724 4588 1865 4655 etp.

238 4665 479 4734 363,11.

308 4755 443 4825 Pag.
481 4757 601 4823 156,
631 4758 682 4811 3.
716 4758 776 4826 C,
830 4753 1101 4811 διακονίαν
1152 4761 1256 4830 μοῦ
1302 4756 1681 4832 πεπλήρωκαε
1714 4759 1868 4815 conf.

237 4859 336 4913 pp.
371 4842 493 4911 330,
526 4847 592 4912 6;
653 4846 776 4913 355,
827 4847 911 4901 17.
966 4847 1121 4900 Dixit
1171 4865 1227 4917 p.
1287 4852 1406 4916 177,
1466 4852 1555 4917 20,
1602 4845 1869 4902 διακονίαν

236 4928 509 4987 τετέλεκα.

309 5021 445 5091 Pag.
480 5022 600 5077 157.
632 5021 795 5077 Adde
826 5022 1058 5077 Pantin.
1114 5022 1185 5078 de
1244 5021 1519 5099 σφραγῖδι,
1552 5043 1654 5081 seu
1684 5028 1875 5098 bapti-

240 5124 388 5174 smo,
421 5109 494 5162 ad
526 5109 699 5164 Basil.
735 5111 959 5166 Seleuc.
992 5130 1049 5182 p.
1092 5112 1213 5169 383.

246 5266 249 5271 _
310 5198 446 5268 Pag.
484 5200 603 5264 160,
639 5200 722 5251 12.
757 5200 919 5253 Conf.
953 5218 1010 5270 p.
1044 5202 1167 5255 287.

312 5285 447 5356 Pag.
484 5287 602 5338 186.
630 5284 805 5348 Infra,
827 5286 1053 5341 scilicet
1084 5306 1138 5359 p.
1167 5289 1470 5361 217.1gnis
1500 5291 1715 5345 inferni
1748 5292 1873 5347 sine

243 5372 509 5429 claritate
540 5373 645 5446 πῦρ
680 5373 857 5448 φωτὸς
888 5370 1015 5449 δίχα
1048 5376 1241 5433 dictus
1272 5384 1361 5433 est
1390 5378 1462 5433 ab
1487 5384 1723 5435 auctore
1752 5398 1874 5435 ver-

245 5478 419 5521 suum
450 5460 901 5530 nonnullorum,
934 5481 1101 5534 quos,
1133 5482 1267 5521 cum
1321 5468 1574 5523 ineditos
1606 5485 1735 5524 esse
1764 5487 1875 5541 pu-

1977 4474 2113 4529 tulit
2142 4474 2353 4527 Bassus
2385 4492 2443 4544 p.
2476 4473 2579 4527 282
2607 4472 2893 4528 versionis
2923 4474 3169 4545 gallicas.

2047 4561 2996 4633 Pag.257,17.0£.p.152,n.4.

2050 4660 2184 4731 Pag.
2214 4662 2336 4725 269,
2370 4661 2455 4713 14.
2488 4658 2831 4714 Philotheus
2863 4660 3112 4716 Fabricii
3140 4662 3283 4717 Bibl.
3316 4664 3411 4719 Gr.
3446 4668 3486 4721 t.
3508 4664 3608 4735 XI,

1978 4766 2036 4819 p.
2070 4749 2211 4802 516:
2244 4747 2570 4822 Τυραννικόν
2603 4768 2656 4800 τι
2685 4746 2773 4801 καὶ
2809 4746 2980 4819 βίαιον
3010 4743 3169 4821 ἔρως.

2051 4857 2187 4927 Pag.
2223 4858 2346 4909 277.
2380 4854 2543 4911 Plato
2574 4856 2756 4926 Epist.
2789 4854 2946 4911 inter
2974 4857 3296 4912 Socraticas
3326 4862 3430 4913 25:
3464 4858 3614 4914 Ἐπεὶ

1983 4942 2039 4997 δὲ
2067 4943 2154 4996 καὶ
2191 4942 2337 5016 ἀρχή
2392 4941 2494 5007 τῆς
2550 4942 2801 5016 γνώσεως
2844 4941 2931 5018 ἀφ’
2983 4944 3142 5015 ἡμῶν
3198 4944 3404 5019 γέγονε»
3434 4944 3617 5007 καλῶς

1982 5030 2129 5086 ἔχειν
2162 5030 2317 5102 οἶμαι
2344 5030 2434 5085 καὶ
2464 5034 2554 5084 νῦν
2590 5028 2769 5099 ὣσπερ
2802 5032 2955 5087 478
3001 5031 3181 5106 ἐτὲραν
3211 5034 3388 5107 ἀρχὴν
3421 5034 3621 5088 ποιού-

1987 5139 2167 5191 μενος,
2225 5119 2596 5193 παρακαλέσαι
2685 5119 2820 5194 πρὸς
2902 5120 2999 5186 τὴν
3058 5117 3372 5192 ἐπιμέλειαν
3431 5121 3617 5181 αὐτοῦ,

1984 5210 2139 5263 Bene
2192 5209 2373 5264 codex
2422 5212 2579 5279 1760,
2626 5204 2994 5281 παρακαλέσαι
3045 5228 3119 5262 σε·
3172 5212 3272 5279 qui
3321 5218 3380 5266 et
3406 5212 3616 5279 Βοηθή

1985 5303 2119 5351 ante
2141 5295 2319 5370 ἀρχὴν
2344 5297 2597 5351 exhibet.
2623 5297 2787 5361 Quod
2811 5304 2867 5351 et
2888 5298 2967 5351 ibi
2990 5299 3275 5368 scriptum
3301 5306 3409 5368 est,
3432 5299 3622 5353 ποιοῦ-

1987 5403 2143 5456 μενος
2174 5382 2492 5451 συστάσεως,
2522 5402 2640 5440 non
2674 5386 2966 5457 displicet.

2054 5477 2186 5545 Pag.
2237 5476 2360 5541 278,
2408 5478 2494 5529 22.
2554 5475 2790 5529 Praeivit
2836 5475 3147 5547 Gregorius
3176 5478 3304 5532 Naz.
3338 5484 3489 5533 orat.
3522 5481 3616 5549 40,

244 5555 385 5624 tem,
418 5549 747 5609 describam
779 5567 809 5607 e
840 5551 1040 5609 codice
1089 5556 1245 5625 1630,
1276 5572 1332 5626 p.
1370 5559 1490 5628 137,
1523 5560 1573 5613 2.
1606 5555 1869 5626 [Πὲπονθα

1988 5580 2042 5636 p.
2074 5563 2295 5633 643,7:
2352 5559 2523 5617 Ἀλλὰ
2577 5562 2666 5617 καὶ
2722 5566 2943 5640 γραφῶν
3002 5558 3258 5638 ἔμπειρος
3310 5564 3338 5619 ὁ
3377 5563 3615 5642 λῃστής.
