3964 6144
361 237 505 295 1245

1939 248 2188 303 INDEX.

3581 278 3583 280 ·
3601 258 3753 318 1246

364 365 513 420 Sunt
542 366 699 436 apud
739 367 1130 426 Athanasium
1186 370 1318 427 Vita
1346 371 1564 426 Anton.
1596 372 1623 438 §
1655 372 1742 438 39,
1774 369 1995 426 daemo-
2027 373 2083 440 Α
2177 374 2320 446 'Pag.
2351 376 2473 445 31.1,
2506 379 2593 433 10.
2621 378 2785 436 Conf.
2807 379 2931 433 449.

367 469 474 508 nes
504 451 842 525 ψάλλοντες.ζ

437 544 571 615 Pag.
622 547 746 610 279,
810 546 892 599 10.
952 547 1326 615 Athanasius,
1383 547 1545 619 apud
1604 547 1894 616 Gaulmin,
1927 546 2001 602 ad

366 632 893 702 Psell.p.116:'0
955 635 1048 706 μὶν
1110 633 1201 688 οὖν
1258 634 1454 709 ἐχθρὸς
1512 630 1814 708 (διάϐολος)
1869 635 2000 707 μετᾶ

364 723 471 774 τῶν
540 719 735 774 ἑαυτοῦ
794 725 969 776 κυνῶν
1059 727 1322 787 τοσαῦτας
1399 720 1523 799 ἔχει
1602 724 1699 786 τὰς
1765 744 2002 798 πανουρ-

359 807 502 882 γίας.

432 901 568 971 Pag.
599 901 725 966 282,
758 902 809 955 7.
873 901 966 956 Sic
997 918 1052 972 p.
1116 903 1240 969 324,
1303 906 1389 971 11,
1424 902 1640 974 Δόὶκρυα
1679 897 1996 974 ποταμηδὸν

358 987 467 1038 τῶν
499 984 762 1057 ὀμμάτων
793 983 1116 1047 καταδύσας.
1149 987 1314 1043 Conf.
1339 1007 1397 1061 p.
1432 990 1555 1056 344,
1592 993 1678 1043 11.

431 1075 566 1145 Pag.
600 1076 723 1130 284.
756 1075 921 1130 Conf.
954 1093 1054 1146 pp.
1087 1079 1210 1146 296,
1237 1094 1300 1132 n.
1333 1080 1403 1133 5:
1444 1079 1567 1145 342,
1598 1079 1685 1132 13.

437 1164 570 1234 Pag.
605 1165 728 1230 285,
784 1166 868 1218 14.
920 1164 1294 1236 Adreopulus
1345 1165 1415 1220 de
1470 1167 1630 1237 Synt.
1663 1183 1720 1236 p.
1747 1167 1820 1220 4:
1853 1166 1998 1238 Ηπιρ-

365 1249 544 1305 εκᾶλει
574 1252 636 1306 τὸ
667 1257 818 1306 Θεῖον
865 1256 961 1306 τοῦ
1013 1259 1112 1322 τῆς
1164 1252 1446 1316 ἁπαιδείας
1499 1253 1729 1323 λυθῆναι
1777 1252 1997 1327 δεσμοῦ.

362 1341 444 1396 Cf.
477 1343 734 1398 Monum.
771 1343 951 1398 Cotel.
987 1349 1026 1397 t.
1060 1343 1133 1411 II,
1163 1361 1222 1414 p.
1256 1344 1361 1397 202
1390 1345 1456 1400 A.

435 1431 575 1502 Pag.
605 1431 730 1485 288.
763 1431 995 1486 Nomini
1050 1431 1146 1486 isti
1196 1432 1442 1507 φάρυγγα
1472 1433 1639 1503 quasi
1688 1433 1848 1488 clavo
1898 1451 2001 1505 ap-

363 1518 621 1588 pendam
664 1520 931 1574 notulam
965 1536 1080 1590 qua
1109 1520 1486 1575 Bachmanno
1517 1522 1830 1593 gratiﬁcer.
1855 1524 1998 1578 Cum

367 1624 556 1678 nuper
585 1607 645 1662 in
677 1608 806 1680 ejus
829 1609 1270 1680 Lycophronem
1301 1609 1456 1664 bona
1485 1627 1619 1666 mea
1646 1611 1882 1666 fortuna
1913 1611 2000 1665 in-

2181 462 2315 533 Pag.
2346 465 2469 531 313,
2501 468 2590 519 22.
2625 467 2792 521 Disco
2826 483 2896 520 ex
2931 466 3048 520 Jac.
3084 466 3276 534 Billio,
3303 469 3370 522 in
3422 469 3623 526 ΑἰτιΜῆ
3667 474 3748 528 τιὰ

2111 549 2376 606 Damasc.
2411 553 2736 626 Prolegom.
2770 557 2796 622 §
2841 557 2930 623 44,
2979 557 3288 626 perspicue
3332 557 3609 614 hausisse
3640 571 3744 616 a‘u-

2111 642 2333 693 ctorem
2367 656 2495 695 eam
2525 641 2796 713 Joasaphi
2817 643 3141 698 orationem
3174 661 3242 699 ex
3273 645 3517 702 Constit.
3545 649 3744 704 Basilii

2111 743 2160 781 c.
2191 731 2241 784 1.

2177 817 2312 888 Pag.
2338 819 2460 872 316.
2495 819 2838 890 Lycophron
2873 822 3005 874 1453
3040 838 3052 874 :
3086 819 3244 888 Βάζω
3274 822 3429 877 κενὸν
3459 821 3745 896 ψάλλουσαι

2112 900 2380 974 μάστακος
2422 902 2638 978 κρότον.

2177 993 2470 1067 Ρᾶε.’336,
2505 1001 2557 1052 2.
2591 999 2874 1054 Maximus
2903 998 3033 1071 Tyr.
3059 1001 3200 1056 diss.
3229 1018 3292 1074 .p.
3325 1004 3413 1070 41,
3441 1005 3544 1060 278
3573 1023 3588 1062 :
3620 1009 3744 1067 Πῶς

2109 1078 2520 1155 φυλαξώμεθας
2599 1081 2716 1145 πῶς
2795 1085 3070 1158 λάθωμεν.
3129 1090 3434 1146 Consentit
3497 1095 3742 1164 quidem

2109 1170 2292 1226 codex
2325 1174 2494 1241 1962;
2524 1174 2729 1229 malim
2778 1181 2975 1230 tamen
3028 1174 3397 1251 φυλαξόμεθα,
3429 1182 3524 1236 cui
3557 1179 3740 1237 λάθωο

2111 1278 2205 1330 μεν
2246 1265 2379 1331 apte
2428 1263 2752 1317 conveniet.
2810 1265 3148 1320 Sexcenties
3205 1273 3552 1336 permutatas
3603 1276 3743 1326 sunt

2108 1348 2260 1432 471)
2295 1368 2320 1402 ο
2346 1355 2402 1404 et
2431 1370 2498 1420 ω,
2528 1351 2686 1406 verbi
2718 1368 2916 1417 causa,
2939 1353 3000 1406 in
3031 1353 3360 1423 Equitibus,
3394 1373 3444 1410 v.
3477 1359 3579 1412 218
3605 1375 3618 1414 :
3643 1358 3742 1432 [Τό.

2111 1430 2156 1490 δ’
2206 1433 2348 1491 ἄλλα
2397 1456 2482 1490 σοι
2539 1437 2793 1510 πρόσεστι
2852 1435 3234 1513 δημαγωγικὰ,
3298 1443 3486 1512 [Φωνὴ
3551 1430 3739 1516 μιαρὰ,

2105 1523 2325 1600 γέγονας
2353 1525 2539 1594 κακὸς,
2565 1526 2821 1599 ἀγοραῖος
2850 1528 2917 1583 εἴ.
2947 1529 3140 1583 Codex
3159 1530 3320 1596 2712,
3351 1535 3550 1601 κακῶς,
3584 1535 3740 1605 quod

2107 1621 2386 1686 praestare
2417 1615 2664 1670 videtur.
2698 1614 3016 1680 Quaestioni
3048 1657 3064 1686 ,
3118 1619 3232 1687 μῶν
3263 1613 3325 1670 ἐκ
3351 1615 3534 1672 καλῶν
3557 1619 3613 1673 et
3640 1620 3740 1674 xui-

362 1696 661 1764 cidissem,
694 1698 1088 1768 volumenque
1125 1697 1472 1769 evolverem,
1505 1699 1708 1754 oculos
1750 1700 2001 1755 advertit
2025 1733 2041 1796 ,γ

2120 1703 2321 1776 γαθῶνς
2369 1704 2692 1775 Respondit
2735 1705 3010 1760 Isiciarus
3049 1723 3100 1759 ν.
3138 1705 3276 1760 186:
3324 1703 3432 1778 εἴμ’
3481 1705 3541 1762 ἐκ
3567 1729 3741 1778 πονη-

361 1785 726 1858 longissima,
773 1803 883 1842 nec
932 1793 1132 1842 tamen
1181 1787 1354 1859 longa
1399 1788 1600 1853 nimis,
1645 1793 1785 1842 nota
1815 1806 1871 1858 p.
1906 1791 1995 1857 43,

361 1875 520 1928 unde
552 1874 818 1929 intellexi
851 1892 1028 1946 quam
1059 1889 1211 1947 aagre
1241 1875 1455 1931 Meletii
1503 1876 1711 1930 inediti
1744 1876 1872 1932 loco
1901 1893 1996 1932 ca-

358 1964 577 2018 ruisset
603 1964 694 2017 vir
714 1964 978 2031 doctiss.,
1015 1981 1129 2035 quo
1163 1962 1370 2038 φάρυγξ
1421 1964 1776 2020 describitur
1813 1967 1995 2037 ﬁtque

361 2052 452 2107 sni
498 2052 897 2124 Lycophronis
948 2053 1184 2108 mentio.
1242 2052 1456 2106 Meletii
1506 2053 1685 2123 igitur
1721 2052 1897 2107 verba
1927 2069 1996 2107 ex

360 2157 492 2195 meo
522 2141 878 2212 apographo,
912 2141 1072 2212 quod
1111 2141 1258 2195 mihi
1288 2158 1318 2195 e
1351 2141 1550 2195 codice
1577 2144 1714 2194 2227
1745 2141 1993 2209 confeci,

360 2229 474 2283 huc
501 2245 817 2301 apponam,
843 2230 905 2283 in
937 2230 1258 2300 ejususum
1287 2246 1300 2283 :
1324 2229 1499 2283 Τοῦτο
1532 2224 1588 2281 δὲ
1615 2227 1677 2281 τὸ
1711 2227 1874 2302 μέρος
1903 2229 1992 2282 καὶ

359 2316 562 2390 φάρυγξ
589 2314 858 2386 καλεῖται,
918 2317 1062 2390 παρὰ
1115 2317 1177 2370 τὸ
1229 2315 1397 2392 φέρω,
1432 2313 1502 2369 δι’
1557 2316 1625 2384 ἧς
1684 2317 1898 2390 φέρεται
1931 2318 1992 2370 τὸ

357 2407 570 2476 πνεῦμα
605 2447 618 2472 ,
693 2404 782 2458 καὶ
841 2399 951 2458 ἔστι
1006 2405 1330 2480 παρώνυμον
1374 2421 1388 2439 ⁸
1472 2403 1772 2478 Λυκόφρων
1833 2403 1991 2480 φησίν

355 2494 524 2566 (Alex
556 2495 698 2564 154)‘
759 2515 788 2543 «
835 2486 1194 2564 Ἐτύμϐευσεν
1252 2491 1424 2568 ιράρω·
1458 2514 1486 2544 ››
1543 2492 1570 2545 ὁ
1602 2489 1659 2546 δὲ
1691 2490 1993 2564 Καλλίμα-

357 2601 459 2656 χος
517 2583 846 2654 (Fragmen.
919 2582 1060 2651 183)’
1134 2601 1162 2631 α
1208 2585 1450 2657 ’Ἄφαρον
1510 2578 1774 2656 φαρόωσι,
1809 2603 1838 2630 ››
1891 2580 1992 2647 τήν

362 2666 529 2741 μηδὲν
563 2669 824 2744 φέρουσαν
857 2667 1121 2743 φάρυγγα.
1173 2670 1254 2724 Ex
1303 2669 1700 2742 Etymologico
1731 2671 1802 2724 M.
1858 2687 1996 2740 pro-

362 2758 502 2812 fecit
530 2757 672 2813 Mele
682 2759 817 2812 tius.

433 2848 566 2918 Pag.
599 2849 724 2914 289,
752 2850 804 2901 7.
838 2848 948 2901 Pro
983 2843 1229 2915 εἰκότως,
1281 2847 1482 2903 forsan
1513 2844 1680 2908 εἰκός.
1737 2848 1822 2915 C.,
1854 2845 1992 2917 μᾶλ-

362 2933 456 2989 λον
487 2933 522 3002 ἢ
553 2945 704 2998 πενθ.
737 2965 807 2976 -—
835 2935 923 2999 22,
958 2936 1021 2999 C,
1049 2931 1213 3001 δῆλα.

426 3026 563 3096 Pag.
597 3027 720 3079 296.
743 3023 914 3079 Conf.
947 3040 1004 3095 p.
1048 3025 1172 3091 316,
1207 3027 1257 3077 1.

2107 1795 2212 1863 ρῶν
2246 1811 2328 1865 γε.
2361 1793 2690 1863 Fuitigitur
2732 1793 2782 1847 is
2831 1794 2924 1848 cui
2970 1799 3176 1864 posset
3204 1794 3319 1850 dici
3346 1812 3359 1851 :
3392 1793 3614 1870 γέγονας
3642 1817 3742 1851 κα·-

2103 1881 2234 1940 κῶς.
2293 1881 2709 1946 Locutionem,
2766 1880 2842 1950 εὗ,
2888 1884 3069 1942 κακῶς
3113 1881 3400 1953 γενέσθαι,
3448 1885 3738 1941 illustravi

2106 1968 2178 2024 ad
2208 1969 2432 2040 Eunap.
2461 1986 2475 2035 ;
2503 1969 2653 2025 adde
2685 1968 2916 2026 Herald.
2951 1970 3023 2025 ad
3054 1967 3274 2026 Arnob.
3294 1988 3354 2042 ρ.
3389 1975 3511 2027 110.
3539 1973 3740 2030 Obiter

2105 2059 2288 2113 alium
2350 2058 2557 2114 comici
2615 2058 2810 2114 locum
2865 2075 2896 2114 e
2955 2059 3520 2130 Conciona'tricibus,
3561 2080 3740 2133 quam

2104 2146 2278 2200 modo
2335 2145 2622 2217 legebam,
2673 2151 2931 2218 tangam,
2979 2147 3071 2201 cui
3101 2146 3146 2199 ὧ
3175 2141 3492 2204 restituere
3539 2151 3737 2208 velim.

2103 2232 2308 2287 Editus
2352 2238 2441 2287 est
2491 2233 2572 2287 ita
2618 2248 2668 2286 v.
2718 2235 2816 2286 166
2851 2249 2864 2286 :
2925 2235 3184 2294 Γυναῖκας
3212 2231 3300 2300 αὗ,
3333 2231 3576 2306 δύστηνε,
3609 2235 3737 2297 τοὺς

2103 2317 2298 2392 ἄνδρας
2339 2318 2541 2394 )ἑγιις.
2587 2321 2697 2375 Sed
2744 2317 2808 2373 αὖ
2858 2337 2978 2376 non
3025 2321 3176 2376 bene
3224 2322 3446 2378 habere
3485 2323 3736 2394 videtur,

2103 2426 2237 2465 cum
2270 2409 2454 2464 semel
2504 2413 2732 2464 tantum
2780 2413 3035 2482 γυναῖκας
3080 2413 3372 2466 vocaverit
3421 2412 3574 2468 viros
3604 2429 3738 2468 ora-

2103 2502 2196 2551 tor
2221 2496 2464 2551 femina.
2495 2498 2560 2550 In
2591 2512 2723 2552 mea
2762 2496 3041 2565 editione,
3075 2498 3123 2552 si
3147 2499 3231 2553 sic
3259 2516 3465 2555 vocare
3497 2505 3615 2555 tam
3646 2506 3740 2555 tu—

2101 2585 2484 2640 multuariam
2516 2601 2757 2656 operam
2805 2602 3067 2656 possum,
3115 2588 3416 2658 pr0posui,
3457 2591 3736 2658 γυναῖκας,

2103 2670 2148 2723 ὤ
2181 2667 2446 2739 δύστηνετ
2479 2687 2658 2742 quam
2691 2671 3044 2743 scripturam
3075 2673 3222 2726 mihi
3267 2673 3440 2729 modo
3473 2674 3740 2729 exhibuit

2103 2758 2287 2814 codex
2309 2760 2475 2828 2712,
2498 2776 2555 2830 p.
2588 2761 2711 2814 319.

2173 2849 2309 2919 Pag.
2369 2848 2493 2914 342,
2551 2850 2605 2901 8.
2671 2849 2815 2902 Cum
2869 2847 3121 2920 ὁμιοῦσαι
3175 2853 3428 2920 possunt
3482 2850 3737 2905 conferri

2103 2934 2330 2989 similes
2380 2934 2584 2990 formas
2630 2939 2902 3008 πειρᾶσαι,
2934 2940 3227 3008 καυχᾶσαι,
3271 2937 3439 3008 apud
3480 2938 3740 2993 Andreo-

2101 3023 2309 3094 pulum
2341 3023 2412 3078 de
2443 3023 2605 3094 Synt.
2645 3023 2802 3078 :vid.
2852 3023 2933 3077 ibi
2984 3029 3108 3080 not.
3160 3042 3218 3096 p.
3253 3028 3374 3080 193.
3419 3027 3504 3080 Ex
3551 3027 3740 3082 Theo-

427 3115 562 3185 Pag.
595 3116 720 3167 297.
755 3113 834 3167 De
867 3111 970 3166 illo
1004 3129 1182 3167 sensu
1213 3112 1473 3168 nominis
1508 3110 1648 3186 βίος,
1668 3112 1819 3168 adde
1843 3113 1994 3184 Hey-
2023 3097 2066 3162 C
2104 3111 2301 3182 phane
2357 3107 2650 3184 λυτροῦσαι
2712 3112 2910 3167 attulit
2983 3111 3271 3168 videndus
3348 3113 3620 3168 Reiskius
3669 3113 3745 3168 ad

357 3201 465 3255 ler.
501 3201 575 3255 ad
603 3201 821 3256 Iuliani
877 3201 1061 3271 Epist.
1119 3202 1302 3256 33.—
1331 3203 1398 3258 N.
1457 3204 1508 3257 6.
1570 3203 1671 3255 Est
1711 3198 1992 3274 ἱστόρηται

356 3289 514 3361 apud
544 3290 720 3344 Psell.
753 3291 829 3344 De
849 3290 1006 3344 diem.
1041 3305 1142 3360 pp.
1169 3292 1258 3356 26,
1293 3291 1381 3345 34.

427 3381 564 3451 Pag.
597 3380 720 3445 300,
752 3379 840 3434 24.
868 3377 930 3444 C,
963 3373 1052 3430 διὰ
1089 3379 1206 3430 τοῦ.
1244 3378 1487 3433 Videtur
1510 3394 1638 3433 esse
1692 3373 1781 3430 διά
1807 3396 1906 3430 του
1934 3377 1995 3430 in

358 3471 424 3523 A.
458 3485 586 3539 pag.
620 3461 952 3534 301,11,δι’
998 3463 1182 3539 ἑτέρου
1226 3467 1536 3541 προφήτουο
1579 3466 1738 3538 quod
1783 3465 1992 3520 lectio-

357 3573 496 3614 nem
523 3575 621 3611 του
647 3557 886 3612 ﬁrmare
910 3555 1160 3611 videtur.

2105 3200 2304 3255 Const.
2329 3199 2562 3255 Cerem.
2599 3217 2658 3270 p.
2692 3201 2781 3254 87.

2173 3289 2310 3359 Pag'
2347 3289 2470 3356 359,
2502 3291 2590 3342 25.
2625 3289 2685 3356 C,
2717 3285 2906 3362 εὐχαῖς
2933 3285 3021 3342 καὶ
3055 3286 3316 3351 tutetute:
3361 3289 3463 3345 sed
3493 3288 3648 3344 conf.
3681 3305 3738 3361 p.

2105 3378 2229 3429 365.
2267 3380 2351 3429 1'7.

2193 3379 2205 3392 '
2267 3380 2290 3428 1
2341 3417 2351 3429 .

2174 3379 2456 3536 $337383.
2509 3465 2595 3520 Ad
2653 3463 2879 3536 μυηθεὶς
2935 3465 3178 3521 admove
3229 3483 3284 3538 p.
3348 3468 3470 3536 393,
3503 3483 3590 3523 vv.
3617 3468 3743 3535 521,

2106 3555 2229 3606 526.

1407 4201 1758 4287 INDEX
1826 4200 2570 4289 ΑΝΝΟΤΔἹἸΟΝ
2584 4204 2680 4290 15

1832 4426 2256 4437 —-————.———

347 4611 640 4666 Accentus
668 4624 874 4664 versus
913 4609 1163 4680 politici,
1211 4610 1302 4677 36,
1334 4609 1435 4680 qui
1491 4609 1758 4666 Andreas
1786 4611 2109 4734 alpostolus,
2142 4609 2265 4668 215.

417 4686 484 4736 ut
537 4685 826 4744 servetur,
856 4679 982 4750 ipse
1030 4684 1294 4736 mutatur
1338 4696 1438 4734 νο-
1491 4680 1810 4755 Andreopu
1838 4699 1907 4738 us
1963 4683 2036 4737 de
2092 4683 2338 4755 Syntipa
2368 4721 2386 4750 ,
2442 4683 2584 4754 475,

417 4686 484 4736 ut
537 4685 826 4744 servetur,
856 4679 982 4750 ipse
1030 4684 1294 4736 mutatur
1338 4679 1438 4734 νο-
1491 4680 1810 4752 Andreopu

418 4767 552 4806 cum
575 4756 874 4807 accentus.
1561 4753 1690 4806 479.

348 4825 492 4879 Acta
521 4822 745 4877 inedita
775 4823 829 4876 S.
865 4821 1120 4888 Arethaa,
1153 4825 1203 4875 2.

347 5035 640 5100 Adrianus
667 5035 889 5104 rhetor,
920 5035 1044 5088 344.

344 5106 588 5178 Egyptii
625 5122 880 5177 [porcum
940 5122 1062 5160 non
1117 5103 1438 5171 colebant,

418 5180 543 5232 477.

353 5248 848 5319 Eneas_Gazaeus,
884 5249 1006 5316 132,
1039 5248 1162 5314 208,
1191 5247 1314 5302 214.

349 5317 685 5389 Eschylus,
717 5321 805 5372 79.

346 5388 738 5458 Esculapius,
756 5391 861 5458 756,
892 5391 1015 5444 246.

351 5457 653 5530 Ethiopes
681 5457 771 5530 vel
799 5458 954 5526 Indi,
985 5461 1039 5513 3.

350 5529 666 5603 Agapetus,
689 5529 811 5603 331.

352 5597 533 5660 Amor
557 5617 629 5657 ex
654 5597 1082 5673 misericordia,
1111 5600 1237 5661 274.

1567 5105 1689 5158 335.

1496 5246 1636 5316 Apis
1667 5245 1796 5314 bos,
1819 5249 1946 5302 477.

1495 5317 1820 5388 Appianus,
1860 5320 1984 5372 267.

1494 5459 1874 5528 Athanasius,
1897 5461 2018 5513 340.

1497 5173 1850 5247 Anthologia
1896 5176 2110 5246 Graeca,
2154 5178 2274 5247 194,
2303 5178 2426 5245 356,
2461 5177 2584 5245 363,

1494 5387 1863 5455 Aristoteles,
1907 5391 2028 5442 174.

1493 5531 1832 5598 Athenaeus,
1866 5529 1986 5598 185,
2018 5530 2143 5585 225.

1492 5600 1778 5660 Attractio
1805 5615 2002 5673 casus,
2031 5601 2152 5658 352.

2641 4613 3042 4682 Augmentum
3091 4610 3410 4684 plusquam
3462 4610 3739 4683 perfecti,

2641 4683 3144 4827 ξΔὲἓλΙτξρώτερος,
3166 4756 3290 4810 249.

1564 4821 2004 4896 Anecdotorum
2026 4822 2229 4896 editio,
2260 4825 2432 4896 2,60,
2459 4825 2583 4896 479.
2643 4815 3055 4896 Ἄξελτότιρος,
3088 4815 3210 4878 2⁷49.

347 4893 714 4965 Adjectivum
749 4898 1028 4947 neutrum
1057 4908 1192 4946 cum
1223 4889 1438 4962 ellipsi,
1493 4891 1734 4965 Angelis
1761 4907 1934 4962 pares
1956 4893 2228 4948 homines
2258 4889 2360 4963 pii,
2393 4895 2512 4948 108.

1495 4963 1721 5038 Animae
1753 4979 1911 5017 mors
1961 4968 2051 5017 est
2106 4967 2582 5038 peccatum,152.
2642 4963 2975 5038 ξΑγγαρεύω,
3009 4966 3134 5038 475.

1495 5035 1840 5107 Anonymus
1915 5039 2041 5089 orat

2120 5033 2124 5035 1
2187 5033 2534 5104 Byzantinus
2569 5076 2584 5104 ,
2643 5033 2877 5107 Ἀθυμῖα
2913 5033 3154 5107 κατάχει,
3186 5035 3309 5089 283.

2643 4888 3025 4958 Ἀϐυσστόκος,
3052 4897 3141 4947 50.

2641 5108 2711 5162 Αι
2743 5113 2801 5161 et
2830 5125 2873 5174 ε,
2909 5109 2994 5172 11,
3026 5108 3114 5160 ⁸74.

2641 5175 2845 5241 Αἴτεῖν,
2878 5178 2999 5230 180.

2643 5245 2925 5314 ’Δλληλοι
2957 5251 3015 5300 et
3033 5241 3221 5317 ἄλλοι,
3256 5250 3379 5303 197.

2642 5320 2790 5389 ’Δμα
2816 5319 2934 5389 τοξύ,
2981 5318 3101 5373 183.

2643 5385 3081 5461 ῖΑμτεεχέμινος,
3124 5393 3248 5461 no.

2643 5453 2948 5529 ’Δνάλᾷϐᾀς
2976 5453 3286 5529 scdpulare,
3317 5461 3438 5515 161.

2642 5526 3082 5591 Ἀναλλοίωτο(
3107 5529 3197 5583 καὶ
3249 5526 3535 5604 ἄτμητος,
3593 5529 3734 5601 146,
