3964 6144
291 299 429 356 1253

1654 299 1713 354 Β.
1746 299 2049 355 ΔΒΤΕΜῙΙ
2085 299 2350 354 PASSIO.

3545 296 3687 357 1254

287 424 314 478 ὁ
343 424 466 478 τότε
495 423 681 496 καιρὸς
707 422 923 498 ἀπῄτει,
967 425 1055 479 καὶ
1083 426 1156 488 ὡς
1201 427 1321 499 εἶχε
1375 421 1671 497 δυνάμεως,
1703 420 1924 498 ἔγραψε,

2042 439 2217 493 quam
2249 422 2504 478 maxime
2537 422 2816 491 confusis,
2851 422 2902 480 ei
2932 427 3108 496 prout
3135 423 3284 480 vires
3317 423 3370 478 ei
3403 429 3679 496 suppete-

284 510 486 584 πολλῷ
543 508 764 584 θορύϐῳ
811 513 901 568 καὶ
969 517 1150 589 ταρχῇ
1212 519 1314 568 τῶν
1389 513 1511 568 τότε
1588 514 1923 588 πραγμάτων

286 602 689 677 συνεχομένων.
723 602 800 659 Οὐ
837 604 930 676 μὲν
979 605 1067 658 οῦν
1124 601 1248 658 οὐδὲ
1299 601 1458 666 αὐτός
1484 624 1566 665 τις
1597 603 1662 671 ἦν
1694 606 1799 657 τῶν
1833 623 1926 656 πε-

285 688 686 764 ριεσκεμμένων
744 711 803 744 τε
858 690 947 744 καὶ
1007 692 1127 767 περὶ
1192 688 1388 766 λόγους
1455 687 1872 744 ἐσπουδακότων
1909 731 1923 758 ,

286 776 412 832 ἀλλ’
444 777 651 840 ἁπλοῦς
695 798 776 840 τις
808 779 896 832 καὶ
947 778 1233 853 ἀπέριττος
1296 779 1467 852 μόνης
1520 786 1624 848 τῆς
1671 778 1928 849 ἀληθείας

284 867 681 943 πεφροντικὼς,
711 866 800 922 καὶ
830 868 892 921 τὸ
942 867 1116 942 λέγειν
1170 867 1321 930 ὅπως
1368 869 1456 923 οὖν
1492 867 1923 942 στοχαζόμενος’

286 956 541 1010 καὶκατὰ
595 955 694 1023 τὴν
752 954 1074 1030 παροιμίαν,
1132 953 1282 1030 ἄκρῳ
1342 953 1595 1028 δακτύΛῳ
1650 962 1749 1025 τῆς
1779 957 1925 1030 ἱερᾶς

286 1047 393 1099 τῶν
427 1042 605 1120 λόγων
639 1041 885 1106 παιδείας
917 1045 1218 1118 ἁψάμενος.

360 1219 426 1294 β’.
457 1219 658 1293 Ὥσπερ
691 1221 780 1274 οὖν
813 1220 940 1276 οὐδὲ
983 1221 1146 1283 αὐτὸς
1194 1222 1300 1299 ἐγὼ
1354 1223 1661 1300 ἀρκούντως
1691 1219 1806 1300 ἔχω
1835 1223 1927 1278 καὶ

285 1308 482 1370 ὶκανῶς
509 1309 646 1382 πρὸς
692 1310 794 1379 τήν
853 1309 949 1364 τοῦ
1010 1309 1180 1385 λόγου
1240 1309 1513 1387 διήγησιν,
1575 1313 1925 1376 κᾶνὸπόθος

281 1401 378 1452 τοῦ
411 1396 681 1472 μάρτυρος
708 1397 960 1462 καθέλκει
990 1400 1079 1454 καὶ
1105 1405 1352 1475 τυραννεῖ
1408 1422 1512 1473 μου
1542 1402 1632 1456 τὸν
1663 1400 1924 1476 λογισμὸν

281 1487 536 1561 καὶπρὸς
584 1487 646 1541 τὸ
706 1485 882 1562 λέγειν
947 1487 1209 1564 βιάζεται,
1267 1488 1540 1554 ἐπαινετὸς
1591 1491 1771 1562 μέντοι
1829 1495 1926 1557 τῆς

282 1574 590 1648 προθυμίας
628 1575 717 1629 καὶ
775 1582 873 1645 τῆς
932 1578 1056 1648 περὶ
1108 1576 1200 1631 τὸν
1259 1580 1505 1654 μάρτυρα
1555 1581 1812 1650 πίστεως,
1842 1581 1924 1634 ὅτι

281 1663 378 1718 κᾶν
414 1665 663 1719 ὁπωσοῦν
694 1661 993 1737 ἐτόλμησεν
1024 1663 1254 1738 ἅψασθαι
1291 1674 1392 1736 τῆς
1437 1667 1560 1743 περὶ
1607 1668 1670 1723 τὸ
1721 1668 1923 1743 μαρτύ-

2035 510 2196 581 bant,
2231 511 2378 565 illud
2410 513 2778 584 conscripsit.
2819 515 3016 584 Neque
3045 528 3182 568 vero
3231 512 3358 583 ipse
3407 517 3679 584 comptus

2038 601 2180 656 satis
2229 604 2331 655 aut
2378 601 2449 654 de
2499 601 2784 656 orationis
2839 601 3140 674 leporibus
3181 600 3470 655 sollicitus
3531 606 3676 669 erat,

2037 689 2140 744 sed
2173 689 2421 760 simplex
2447 694 2504 743 et
2533 691 2860 757 inornatus,
2879 689 3061 744 solius
3089 689 3352 755 veritatis
3383 689 3674 758 curiosus,

2036 778 2179 833 satis
2236 778 2486 833 habebat
2543 795 2668 832 rem
2719 779 2970 834 candide
3029 794 3381 849 proponere,
3417 782 3474 832 et
3504 779 3678 849 juxta

2033 866 2408 938 proverbium
2441 884 2670 922 summo
2704 868 2883 940 digito
2917 884 3144 923 sacram
3179 883 3522 922 sermonum
3547 881 3678 923 eru-

2035 957 2323 1013 ditionem
2354 957 2666 1028 attingere.

2105 1227 2158 1278 2.
2192 1223 2700 1289 Quemadmodum
2723 1223 2902 1296 igitur
2930 1240 3122 1294 neque
3146 1239 3249 1296 ego
3283 1224 3586 1282 sufﬁciens
3618 1227 3677 1281 et

2035 1312 2285 1367 idoneus
2319 1330 2448 1368 sum
2497 1313 2756 1369 historiae
2807 1312 2979 1386 digne
3037 1313 3337 1380 texendae;
3387 1313 3528 1368 licet
3580 1331 3674 1370 me

2034 1419 2203 1458 meus
2248 1403 2309 1457 in
2352 1409 2672 1475 martyrem
2699 1420 2866 1458 amor
2921 1403 3164 1473 alliciat,
3197 1403 3258 1458 in
3290 1403 3538 1458 consilio
3571 1421 3675 1459 ca-

2033 1492 2252 1562 piendo
2285 1492 2514 1564 subigat
2543 1497 2719 1563 atque
2742 1492 2815 1547 ad
2837 1491 3154 1546 dicendum
3195 1497 3384 1564 cogat,
3426 1491 3678 1548 laudan-

2035 1580 2146 1636 dus
2180 1585 2377 1636 tamen
2410 1586 2467 1636 et
2493 1587 2734 1653 propter
2765 1581 3024 1636 studium
3057 1585 3115 1635 et
3145 1579 3323 1636 ﬁdem
3364 1581 3426 1635 in
3455 1587 3678 1652 marty-

2031 1685 2162 1723 rem
2193 1669 2470 1740 antiquus
2518 1670 2642 1738 ille,
2685 1671 2786 1741 qui
2835 1670 3212 1741 quantumvis
3257 1669 3468 1724 leviter
3495 1685 3676 1726 ausus

285 1772 400 1826 ριον
451 1753 618 1807 αὐτοῦ
674 1749 998 1827 διηγήσεως,
1053 1754 1286 1826 μάλιστα
1341 1759 1436 1808 τοῦ
1485 1756 1787 1811 ἀποστάτου
1835 1756 1923 1811 καὶ

2042 1757 2112 1811 sit
2141 1759 2406 1829 martyrii
2440 1759 2568 1830 ejus
2607 1759 2914 1814 historiam
2963 1759 3290 1831 attingere;
3339 1759 3670 1829 praesertim

285 1836 512 1902 ἀσεϐοῦς
562 1838 863 1896 Ἰουλιανοῦ
928 1841 1387 1918 παραγγείλαντος
1442 1848 1559 1906 τοῖς
1615 1843 1923 1918 ἁλισκομέ-

286 1951 398 1991 νοις
432 1929 518 1984 ὲπὶ
548 1929 611 1984 τὸ
639 1933 736 1983 τοῦ
791 1931 1026 2004 Χριστοῦ
1061 1931 1353 2006 μαρτύριον
1418 1934 1556 2005 μήτε
1605 1934 1925 2008 ὑπόμνημα,

287 2020 434 2092 [342]
469 2019 608 2091 μήτε
664 2016 842 2088 ἄλλην
868 2019 967 2086 τήν
1026 2020 1237 2073 οἱανοῦν
1270 2025 1537 2084 ποιεῖσθαι
1586 2021 1925 2100 ἀναγραφὴν,

283 2109 467 2171 καθὼς
496 2108 547 2161 οἱ
578 2106 841 2181 πρότερον
879 2109 1120 2181 βασιλεῖς
1162 2107 1579 2181 ἐνομοθετησαν,
1625 2109 1770 2165 ἀλλὰ
1797 2111 1923 2173 τοὺς

283 2196 541 2257 πλείονας
600 2196 778 2250 αὐτῶν
839 2195 1289 2271 ἀναπολογήτους
1334 2196 1695 2262 ἀπόλλυσθαι·
1732 2199 1926 2255 τούτου

280 2289 378 2340 τοῦ
445 2284 906 2360 παραγγέλματος
989 2286 1298 2360 πανταχόσε
1379 2289 1873 2363 καταφοιτήσαντος
1911 2332 1926 2359 ,

282 2372 611 2442 ἐκολάζοντο
649 2373 742 2445 μὲν
777 2374 828 2427 οἱ
873 2375 966 2428 τὸν
1024 2374 1250 2450 Χριστὸν
1310 2374 1732 2450 ὁμολογοῦντες’
1793 2377 1929 2433 κατὰ

285 2460 342 2517 δὲ
369 2463 432 2516 τὸ
462 2465 696 2534 κρατοῦν
732 2458 870 2531 ἔθος,
904 2459 1083 2524 οὐδεὶς
1130 2463 1239 2517 τῶν
1287 2461 1346 2516 ἐκ
1372 2467 1468 2517 τοῦ
1501 2461 1681 2537 δήμου
1727 2486 1927 2538 κομεν-

282 2551 564 2626 ταρισίων,
627 2552 662 2622 ἢ
707 2555 816 2606 τῶν
878 2551 1190 2626 λεγομὲνων
1244 2555 1630 2628 ταχυγράφων,
1670 2554 1924 2630 πρόνοιαν

289 2637 525 2694 ἐποιεῖτο
555 2636 716 2694 τοῦδε
770 2644 870 2694 τοῦ
921 2639 1399 2716 παραγγέλματος.
1460 2641 1791 2712 Ἐσπούδαζε
1823 2645 1926 2719 γάρ

289 2729 316 2783 ὸ
357 2729 677 2803 παράνομας
732 2728 823 2783 καὶ
883 2730 1052 2798 αὐτὴν
1111 2734 1217 2784 τῶν
1279 2729 1566 2806 μαρτύρων
1620 2731 1927 2806 ἐξαφανίσαι

289 2819 386 2887 τὴν
421 2815 684 2876 εὔκλειαν.
738 2816 910 2880 Νόλις
967 2819 1058 2873 οὗν
1112 2840 1252 2882 τινες
1306 2819 1356 2874 ἐν
1420 2826 1666 2899 ζοφεροῖς
1697 2843 1804 2876 τισι
1836 2821 1927 2876 καὶ

290 2905 561 2980 ἀλαμπέσι
629 2906 818 2970 τόποις
873 2908 1421 2983 κατακρυπτόμενοι,
1494 2909 1755 2965 τοιούτων
1833 2910 1929 2989 ἐφ-

288 2996 542 3060 άπτεσθαι
575 2993 824 3070 ἐτόλμων
871 2998 1308 3071 ὑπομνημάτων,
1332 3000 1430 3068 τὴν
1479 3004 1577 3054 τοῦ
1606 3003 1929 3074 κρατοῦντος

287 3081 656 3158 δεδιττόμενοι
707 3085 1037 3161 ἀγριότητα.
1095 3085 1307 3142 Πολλαὶ
1369 3088 1461 3160 μὶν
1518 3087 1607 3142 οῦν
1670 3086 1925 3164 μυριάδες

2036 1846 2176 1918 quia
2204 1851 2471 1918 apostata
2498 1853 2556 1902 et
2585 1847 2802 1919 impius
2843 1847 3110 1903 Julianus
3155 1846 3482 1901 sanciverat
3508 1863 3584 1901 ne
3613 1845 3677 1904 in

2036 1935 2384 1991 memoriam
2407 1953 2610 1991 eorum
2635 1937 2734 2007 qui
2754 1953 2857 2008 pro
2890 1935 3122 1990 Christo
3145 1935 3493 2006 martyrium
3516 1933 3676 2006 passi

2036 2029 2256 2093 essent,
2287 2029 2738 2080 monumentum
2761 2024 3085 2096 erigeretur
3105 2028 3207 2078 aut
3227 2023 3679 2094 qualiscumque.

2034 2113 2515 2168 conscriberetur
2555 2114 2820 2181 historia,
2874 2129 3053 2183 quam
3083 2112 3272 2184 legem
3296 2112 3677 2190 jam‘veteres

2036 2202 2424 2272 imperatores
2461 2202 2740 2266 tulerant,
2792 2201 2895 2255 sed
2941 2200 3207 2255 voluerat
3235 2200 3549 2271 plerosque
3579 2216 3676 2254 eo-

2035 2307 2167 2344 rum
2226 2289 2508 2362 inglorios
2567 2289 2780 2360 perire.
2837 2291 2960 2354 Qua
3005 2288 3403 2360 prohibitione
3455 2288 3676 2360 ubique

2034 2379 2424 2452 promulgata,
2457 2379 2859 2449 puniebantur
2897 2377 3137 2448 quidem
3187 2377 3403 2432 Christi
3447 2377 3678 2432 confes-

2037 2485 2198 2523 sores
2224 2485 2237 2535 ;
2265 2467 2366 2522 sed
2393 2467 2565 2538 juxta
2593 2468 2886 2539 vigentem
2935 2467 3147 2539 legem,
3198 2482 3375 2520 nemo
3407 2482 3438 2520 e
3481 2465 3675 2537 publi-

2037 2557 2120 2611 cis
2151 2555 2786 2610 commentariensibus
2821 2559 2922 2608 aut
2950 2554 3023 2608 iis
3054 2553 3154 2625 qui
3187 2554 3464 2609 dicuntur
3489 2555 3670 2624 tachy-

2037 2645 2262 2714 graphi,
2295 2645 2505 2698 horum
2528 2643 2789 2698 historia;
2833 2659 3034 2697 curam
3065 2641 3319 2698 habebat
3342 2643 3433 2712 (3).
3469 2641 3679 2696 Stude-

2036 2733 2139 2787 bat
2168 2733 2327 2788 enim
2359 2733 2681 2803 imperator
2703 2731 2991 2786 scelestus
3011 2735 3337 2803 martyrum
3366 2729 3457 2785 vel
3486 2729 3677 2802 ipsam

2036 2821 2282 2894 gloriam
2316 2820 2644 2875 eliminare.
2675 2823 2842 2892 Egre
2873 2819 3050 2891 igitur
3083 2818 3289 2890 aliqui,
3319 2835 3439 2890 pra)
3461 2818 3676 2874 timore

2036 2910 2248 2965 ferocis
2278 2909 2588 2982 principis,
2618 2909 2680 2964 in
2712 2908 3045 2964 tenebrosis
3077 2907 3432 2978 quibusdam
3462 2907 3674 2963 obscu-

2033 2999 2232 3070 risque
2264 2999 2410 3054 locis
2444 2999 2880 3064 delitescentes,
2913 2995 3253 3068 hujusmodi
3302 2995 3672 3052 narrationes

2034 3088 2319 3160 attingere
2343 3087 2658 3142 audebant.
2680 3086 2857 3141 Multa
2882 3102 3018 3158 ergo
3049 3085 3518 3140 Christianorum
3539 3085 3673 3140 mil-

288 3173 388 3227 ἀνὰ
443 3177 611 3227 πᾶσαν
665 3175 764 3242 τὴν
827 3173 1152 3248 οἰκουμένην
1231 3180 1337 3230 τῶν
1409 3177 1744 3252 Χριστιανῶν
1798 3198 1924 3232 κατ-

2042 3177 2115 3231 lia
2139 3192 2245 3248 per
2280 3177 2625 3231 universum
2673 3174 2878 3230 orbem
2929 3179 3185 3228 mortem
3233 3173 3566 3244 subierunt,
3601 3189 3675 3228 ne

284 3264 632 3337 εφθείροντο,
693 3261 835 3335 μηδὲ
894 3269 1022 3336 μιᾶς
1068 3285 1215 3326 τινος
1257 3265 1393 3319 κατᾶ
1436 3265 1498 3320 τὸ
1545 3269 1773 3340 κρατοῦν
1807 3264 1927 3331 ἔθος

286 3350 597 3424 ἀξιούμενοι
650 3349 984 3427 ἐρωτήσεωςο
1043 3353 1190 3408 ἀλλὰ
1241 3357 1403 3409 τοῦτο
1456 3355 1548 3428 μὲν
1583 3353 1733 3410 οὐδὲν
1787 3376 1928 3430 παρ-

287 3432 493 3512 ἑϐλαψε
545 3436 672 3500 τοὺς
731 3437 969 3511 ἀθλητὰς
1023 3445 1121 3496 τοῦ
1179 3446 1432 3518 Χριστοῦ,
1484 3444 1547 3498 τὸ
1602 3445 1677 3517 μὴ
1739 3449 1927 3518 τυχεῖν

293 3526 708 3600 ὑπομνήματος’
743 3529 816 3582 ὧν
873 3529 973 3605 γὰρ
1029 3529 1096 3584 τὰ
1147 3530 1388 3603 ὀνόματα
1439 3530 1491 3585 ἐν
1525 3531 1773 3606 οὐρανοῖς
1802 3532 1930 3594 Θεὸς

291 3615 650 3692 ἀπεγράφετο,
679 3613 911 3690 οὐδεμία
964 3639 1046 3679 τις
1098 3621 1163 3688 ἤν
1214 3619 1374 3695 χρεία
1427 3624 1532 3674 τῶν
1565 3623 1690 3696 παρ’
1721 3621 1932 3696 ἀνθρώ-

291 3724 415 3766 ποις
447 3703 878 3777 ὑπομνημάτων.
912 3705 1092 3762 Ἀλλᾶ
1119 3707 1242 3780 περὶ
1286 3708 1380 3781 μὲν
1410 3707 1614 3763 τούτων
1645 3709 1786 3771 ἃλις.

354 3793 418 3865 γ’.
455 3793 596 3867 Ἐγὼ
637 3790 713 3866 δὲ,
747 3795 792 3847 ὧ
847 3794 968 3869 ἱερὰ
1024 3798 1348 3870 πανήγυρις,
1404 3797 1494 3851 καὶ
1536 3800 1769 3872 Χριστοῦ
1802 3797 1932 3861 λαὸς

288 3880 719 3952 θεοσύλλεκτος,
789 3879 940 3946 ἔθνος
1023 3884 1172 3958 ἅγιον
1258 3885 1346 3939 καὶ
1423 3885 1696 3960 βασίλειον
1782 3887 1930 3961 ἱερά-

284 3992 476 4044 τευμα,
518 3969 757 4034 πολλοῖς
816 3971 1057 4046 ἐντυχὼν
1117 3975 1519 4049 συγγράμμασι,
1556 3975 1645 4029 καὶ
1698 3975 1931 4048 μάλιστα

282 4061 511 4123 τῶντὰς
543 4062 785 4135 ἱστορίας
827 4063 916 4117 καὶ
975 4063 1191 4138 πράξεις
1243 4068 1351 4117 τῶν
1416 4063 1684 4140 βασιλέων
1745 4087 1933 4120 συντα-

285 4151 546 4222 ξαμένων,
580 4145 764 4206 ἔπειτα
821 4149 878 4206 δὶ
933 4152 1022 4206 καὶ
1075 4157 1180 4206 τῶν
1225 4153 1349 4227 περί
1404 4155 1502 4224 τὴν
1549 4153 1930 4226 ἐκκλησιαστι-

283 4242 383 4309 κήν
445 4239 682 4316 ἱστορίαν
745 4237 1186 4311 σπουδασάντων,
1240 4243 1331 4297 καὶ
1387 4243 1450 4298 τὸ
1503 4249 1600 4298 τοῦ
1660 4246 1932 4319 μάρτυρος

286 4328 455 4403 εὑρὼν
516 4324 692 4402 ὄνομα
745 4327 852 4384 ὦδε
907 4327 1124 4385 κᾶκεῖσε
1182 4327 1684 4407 διαθρυλλούμενὸν
1739 4353 1798 4388 τε
1843 4332 1933 4387 καὶ

2034 3265 2159 3320 ulla
2189 3264 2430 3336 quidem
2461 3269 2702 3336 pr0pter
2727 3264 3018 3337 vigentem
3049 3262 3239 3335 legem
3278 3261 3566 3317 memoria
3593 3260 3678 3316 di-

2038 3355 2218 3428 gnati.
2252 3356 2464 3408 Verum
2495 3352 2835 3425 hujusmodi
2869 3352 3171 3408 memoria;
3201 3351 3448 3423 privatio
3481 3349 3678 3406 nulla-

2037 3450 2210 3499 tenus
2239 3443 2443 3498 nocuit
2462 3442 2674 3498 Christi
2694 3442 2950 3496 athletis.
2975 3443 3235 3507 Quorum
3249 3440 3407 3495 enim
3436 3438 3683 3494 nomina

2039 3534 2101 3588 in
2133 3531 2294 3588 caelis
2320 3534 2472 3587 Deus
2505 3531 2935 3599 conscribebat,
2967 3529 3134 3585 nulla
3172 3530 3400 3584 ratione
3451 3527 3680 3600 indige-

2038 3622 2182 3677 bant
2225 3621 2626 3677 monumentis
2671 3620 2826 3691 apud
2875 3619 3168 3674 homines.
3219 3618 3330 3672 Sed
3360 3617 3431 3672 de
3463 3617 3555 3671 his
3587 3632 3682 3671 sa-

2047 3711 2143 3778 tis,

2110 3800 2161 3850 3.
2197 3797 2504 3869 Equidem,
2540 3813 2572 3851 o
2605 3813 2772 3851 sacra
2815 3795 3186 3868 congregatio
3213 3793 3548 3864 Christique
3579 3809 3683 3864 po-

2041 3887 2176 3958 pule
2205 3903 2381 3960 quem
2413 3888 2564 3942 Deus
2609 3886 2865 3957 collegit,
2915 3901 3042 3954 gens
3085 3891 3275 3939 sancta
3304 3890 3356 3938 et
3380 3882 3562 3954 regale
3591 3899 3684 3936 sa-

2040 3982 2338 4037 cerdotium
2374 3983 2418 4049 ¹,
2450 3980 2639 4035 multa
2668 3985 2875 4034 nactus
2897 3979 3272 4045 documenta,
3304 3977 3557 4032 maxime
3589 3993 3680 4030 eo-

2041 4087 2174 4126 rum
2203 4070 2304 4140 qui
2337 4075 2458 4124 tum
2492 4069 2768 4124 historias
2797 4073 2853 4122 et
2881 4073 3045 4140 gesta
3074 4067 3498 4138 imperatorum
3529 4081 3684 4120 com-

2042 4164 2407 4230 posuerunt,
2470 4163 2596 4212 turn
2655 4156 3069 4212 ecclesiasticas
3128 4154 3387 4210 historia)
3441 4169 3682 4224 operam

2043 4246 2354 4315 dederunt,
2383 4251 2689 4301 etnomem
2711 4245 2989 4316 martyris
3007 4243 3314 4299 inveniens
3336 4242 3432 4297 hic
3463 4247 3521 4296 et
3541 4241 3683 4296 alibi

2044 4336 2408 4391 celebratum
2440 4334 2716 4405 idemque
2749 4333 3001 4400 illustre,
3034 4349 3268 4389 necnon
3315 4331 3504 4386 virum
3533 4348 3687 4403 prm-

1881 4491 2108 4543 ΝΟΤΕ.

359 4625 690 4702 (3)”Textus
710 4626 952 4702 Crmcus
985 4626 1067 4702 sic
1125 4627 1350 4702 habet:
1409 4625 1553 4682 Κατά
1582 4623 1639 4682 δὲ
1688 4627 1750 4682 τὸ
1797 4647 1932 4702 κρα-

285 4691 588 4773 τοῦν-ἔθος,
637 4691 817 4773 οὐδεὶς
866 4700 973 4748 τῶν
1009 4695 1067 4750 ἐκ
1094 4701 1191 4773 τοῦ
1250 4694 1430 4770 δήμου
1471 4691 1931 4773 ,κομενταρισίὶυη

290 4762 324 4831 ἢ
358 4769 492 4842 -τῶν
544 4764 869 4842 ,λεγομὲνων
928 4762 1637 4842 ταχογρῗάφωνξίπρόνοῖαν
1695 4762 1932 4823 ἐποιεῖτό

288 4833 447 4890 τοῦδε
473 4840 570 4912 τοῦ
600 4833 1282 4912 παραγγέλματόςξῺιίω,
1307 4833 1364 4894 ἐἰ
1406 4833 1480 4912 ad
1503 4842 1761 4896 litteram
1803 4859 1932 4896 ver-

291 4913 512 4978 tantur,
539 4910 647 4965 hoc
680 4910 1056 4983 Signiﬁcant:
1087 4910 1189 4964 sed
1207 4911 1379 4983 juxta
1400 4911 1692 4983 vigentem
1722 4913 1933 4982 legem,

291 4996 450 5035 nemo
478 4998 503 5034 θ
521 4981 760 5050 publicis
791 4981 1360 5036 commentarienSibus
1388 4981 1485 5036 aut
1516 4982 1583 5036 iis
1613 4984 1713 5050 qui
1740 4981 1938 5036 dicun-

295 5057 387 5104 tur
415 5069 814 5123 nuncnum,
866 5053 1030 5122 hujus
1076 5053 1474 5121 prohibitionis
1521 5055 1790 5106 rationem
1829 5053 1936 5106 du-

295 5123 468 5177 cebat.
495 5154 566 5163 -—
593 5123 704 5178 Sed
735 5139 909 5178 nemo
943 5140 1063 5177 non
1087 5123 1244 5177 videt
1284 5139 1524 5178 sensum
1555 5124 1713 5176 hunc
1744 5123 1939 5178 nulla-

295 5199 471 5265 tenus
503 5195 861 5265 hicradmitti
884 5211 1078 5265 posse.
1114 5197 1237 5249 Nan
1270 5196 1326 5248 1ο
1356 5193 1754 5249 Contradictio
1786 5199 1942 5249 esset

294 5264 359 5338 i_n
382 5281 450 5338 eo
474 5264 633 5335 quod
655 5264 1225 5338 commentarienses
1247 5265 1419 5336 juxta
1432 5265 1728 5338 vigentem
1749 5265 1939 5338 legem

295 5335 367 5390 de
399 5335 526 5404 lege
547 5353 668 5390 non
691 5337 1044 5391 curaverint.
1078 5340 1136 5389 2°
1155 5338 1336 5390 Docet
1355 5335 1560 5392 auctor
1580 5337 1641 5391 in
1660 5335 1940 5407 praesenti

294 5408 665 5487 paragrapho
699 5407 1048 5487 memoriam
1078 5413 1523 5487 martyrum__ex
1566 5409 1674 5462 hac
1723 5409 1939 5487 Iuliani

291 5476 694 5547 prohibitione
728 5479 1126 5532 oblitteratam
1170 5476 1371 5533 fuisse.
1406 5481 1526 5535 Hoc
1555 5485 1751 5534 autem
1800 5480 1938 5534 inde

293 5547 567 5674 provenit
596 5549 755 5619 quod
803 5548 1025 5618 publici
1072 5550 1307 5614 notarii,
1341 5550 1416 5610 ad
1463 5552 1614 5608 hanc
1645 5551 1940 5622 vigentem

321 5635 488 5674 euem
519 5635 647 5674 sese
681 5619 1219 5674 accommodantes.
1245 5621 1396 5674 nihil
1417 5623 1574 5674 circa
1612 5627 1940 5674 martvrum

321 5635 488 5691 egem
519 5635 647 5676 sese
681 5619 1219 5694 accommodantes,
1245 5621 1396 5677 nihil
1417 5623 1574 5679 circa
1612 5619 1940 5694 martyrum

2042 4629 2370 4686 certamina
2391 4627 2832 4683 commentariis
2854 4626 3348 4699 consignaverint.
3374 4626 3482 4682 Sed
3504 4626 3554 4699 si
3582 4641 3681 4699 ve-

2042 4719 2174 4756 rum
2196 4701 2348 4756 foret
2364 4717 2464 4754 eos
2485 4699 2904 4770 prohibitionis
2923 4697 3318 4770 imperatoria:
3343 4715 3465 4752 non
3487 4697 3686 4770 duxis-

2045 4789 2106 4826 se
2137 4773 2452 4832 rationem,
2486 4767 2599 4824 hec
2630 4770 2876 4840 proinde
2909 4767 3353 4840 con—scribendis
3383 4767 3684 4840 martyriis

2044 4843 2365 4905 destitisse,
2399 4842 2564 4895 nullo
2598 4837 2772 4896 modo
2803 4847 3002 4911 posset
3040 4839 3291 4909 intelligi
3321 4854 3426 4911 cur
3455 4837 3689 4911 oblitte-

2044 4918 2172 4966 rata
2190 4913 2370 4966 fuerit
2386 4912 2598 4966 Christi
2617 4907 3022 4966 confessorum
3041 4907 3344 4965 memoria.
3375 4907 3690 4962 Maluimus

2045 4984 2224 5054 igitur
2254 4983 2431 5037 aliam
2463 4982 2773 5038 admittere
2823 4982 3174 5054 versionem,
3207 4995 3339 5050 qua;
3385 4977 3689 5034 contextui

2046 5053 2332 5108 orationis
2362 5055 2524 5107 omni
2546 5070 2614 5108 ex
2636 5060 2801 5124 parte
2824 5053 3162 5124 concordat.
3186 5054 3308 5105 Imo
3332 5055 3533 5124 posset
3552 5066 3688 5124 cum

2047 5129 2209 5180 textu
2241 5125 2437 5178 Graeco
2483 5117 2810 5188 conciliari,
2844 5125 2891 5178 si
2924 5123 3056 5188 quis
3107 5121 3200 5176 his
3229 5117 3422 5176 verbis
3450 5138 3464 5176 :
3513 5117 3694 5180 οὐδεὶς

2194 5195 2450 5268 πρόνοιαν
2519 5193 2757 5274 ἐποιεῖτο
2839 5189 2999 5246 τοῦδε
3039 5195 3166 5274 ’τοῦ
3227 5189 3692 5274 παραγγέλματος

2048 5269 2206 5322 hunc
2227 5263 2470 5322 sensum
2501 5267 2707 5322 daret:
2739 5268 2920 5321 Nemo
2952 5264 3088 5320 huic
3117 5263 3510 5335 prohibitiOni
3529 5263 3691 5335 invi-

2047 5338 2284 5409 gilabat,
2317 5337 2450 5392 ideo
2480 5338 2707 5393 scilicet
2735 5343 2801 5390 ut
2829 5353 2960 5392 eam
2987 5333 3276 5396 eluderet.
3300 5341 3366 5390 ut
3392 5333 3692 5409 nihilomi-

2049 5405 2159 5465 nus
2186 5416 2316 5465 acta
2335 5415 2663 5479 martyrum
2686 5409 3224 5479 conscriberentur.
3247 5406 3411 5470 Quod
3443 5405 3490 5460 si
3513 5420 3693 5479 nemo

2049 5482 2109 5555 id
2138 5480 2412 5543 faciebat,
2445 5476 2817 5555 ergqomnes
2843 5479 2983 5555 Alegi
3027 5478 3334 5555 parebant,
3386 5482 3562 5547 atque
3610 5476 3695 5555 ita

2047 5553 2269 5610 factum
2289 5557 2380 5606 est
2397 5556 2467 5608 ut
2483 5549 2822 5608 oblitterata
2835 5549 3016 5607 fuerit
3034 5554 3361 5675 martyxiJum
3383 5549 3692 5618 memoria.

3067 5636 3204 5675 amr.
3283 5635 3402 5674 ara.

3067 5636 3204 5676 EDIT.
3239 5635 3402 5675 ΓΔΤΒ.
