  <div class='ocr_page' id='page_1' title='image "/cluster/home/n/w/nwhite01/storage/ocr_20150623/96/mdp.39015008972211/643.png"; bbox 0 0 3964 6144; ppageno 0'>
   <div class='ocr_carea' id='block_1_1' title="bbox 360 237 500 296">
    <p class='ocr_par' dir='ltr' id='par_1_1' title="bbox 360 237 500 296">
     <span class='ocr_line' id='line_1_1' title="bbox 360 237 500 296; baseline -0.007 0"><span class='ocrx_word' id='word_1_1' title='bbox 360 237 500 296; x_wconf 80' lang='grc'>1255</span> 
     </span>
    </p>
   </div>
   <div class='ocr_carea' id='block_1_2' title="bbox 1866 236 2228 293">
    <p class='ocr_par' dir='ltr' id='par_1_2' title="bbox 1866 236 2228 293">
     <span class='ocr_line' id='line_1_2' title="bbox 1866 236 2228 293; baseline -0.008 -1"><span class='ocrx_word' id='word_1_2' title='bbox 1866 236 2228 293; x_wconf 68' lang='lat' dir='ltr'>ADDINDA.</span> 
     </span>
    </p>
   </div>
   <div class='ocr_carea' id='block_1_3' title="bbox 3588 234 3711 291">
    <p class='ocr_par' dir='ltr' id='par_1_3' title="bbox 3588 234 3711 291">
     <span class='ocr_line' id='line_1_3' title="bbox 3588 234 3711 291; baseline 0.016 -2"><span class='ocrx_word' id='word_1_3' title='bbox 3588 234 3711 291; x_wconf 78' lang='grc'>1256</span> 
     </span>
    </p>
   </div>
   <div class='ocr_carea' id='block_1_4' title="bbox 358 352 2008 434">
    <p class='ocr_par' dir='ltr' id='par_1_4' title="bbox 358 359 1992 432">
     <span class='ocr_line' id='line_1_4' title="bbox 358 359 1992 432; baseline -0.002 -15"><span class='ocrx_word' id='word_1_4' title='bbox 358 362 585 417; x_wconf 87' lang='lat' dir='ltr'>clarum</span> <span class='ocrx_word' id='word_1_5' title='bbox 618 364 675 415; x_wconf 93' lang='lat' dir='ltr'>et</span> <span class='ocrx_word' id='word_1_6' title='bbox 703 359 991 432; x_wconf 85' lang='lat' dir='ltr'>inclytum</span> <span class='ocrx_word' id='word_1_7' title='bbox 1027 359 1303 415; x_wconf 90' lang='lat' dir='ltr'>omnibus</span> <span class='ocrx_word' id='word_1_8' title='bbox 1335 376 1469 416; x_wconf 93' lang='lat' dir='ltr'>eum</span> <span class='ocrx_word' id='word_1_9' title='bbox 1491 359 1992 431; x_wconf 81' lang='lat' dir='ltr'>proclamantibus</span> 
     </span>
    </p>
   </div>
   <div class='ocr_carea' id='block_1_5' title="bbox 2122 352 3707 434">
    <p class='ocr_par' dir='ltr' id='par_1_5' title="bbox 2122 352 3707 434">
     <span class='ocr_line' id='line_1_5' title="bbox 2122 352 3707 434; baseline 0 -23"><span class='ocrx_word' id='word_1_10' title='bbox 2122 358 2553 434; x_wconf 66' lang='grc' dir='ltr'>περιφερόμενον,</span> <span class='ocrx_word' id='word_1_11' title='bbox 2608 357 2699 410; x_wconf 83' lang='grc' dir='ltr'>καὶ</span> <span class='ocrx_word' id='word_1_12' title='bbox 2756 352 2924 428; x_wconf 77' lang='grc' dir='ltr'>ἄνδρα</span> <span class='ocrx_word' id='word_1_13' title='bbox 2977 356 3246 432; x_wconf 82' lang='grc' dir='ltr'>περιφανῆ</span> <span class='ocrx_word' id='word_1_14' title='bbox 3271 374 3331 409; x_wconf 86' lang='grc' dir='ltr'>τε</span> <span class='ocrx_word' id='word_1_15' title='bbox 3371 352 3458 409; x_wconf 84' lang='lat' dir='ltr'>xui</span> <span class='ocrx_word' id='word_1_16' title='bbox 3509 352 3707 428; x_wconf 75' lang='grc' dir='ltr'>διαϐόη-</span> 
     </span>
    </p>
   </div>
   <div class='ocr_carea' id='block_1_6' title="bbox 360 448 1996 507">
    <p class='ocr_par' dir='ltr' id='par_1_6' title="bbox 360 448 1996 507">
     <span class='ocr_line' id='line_1_6' title="bbox 360 448 1996 507; baseline -0.002 -2"><span class='ocrx_word' id='word_1_17' title='bbox 360 450 678 507; x_wconf 90' lang='lat' dir='ltr'>arbitratus</span> <span class='ocrx_word' id='word_1_18' title='bbox 710 465 840 503; x_wconf 91' lang='lat' dir='ltr'>sum</span> <span class='ocrx_word' id='word_1_19' title='bbox 891 450 1017 503; x_wconf 67' lang='lat' dir='ltr'>haec</span> <span class='ocrx_word' id='word_1_20' title='bbox 1066 449 1375 503; x_wconf 85' lang='lat' dir='ltr'>oblivionis</span> <span class='ocrx_word' id='word_1_21' title='bbox 1409 448 1668 503; x_wconf 88' lang='lat' dir='ltr'>tenebris</span> <span class='ocrx_word' id='word_1_22' title='bbox 1698 466 1818 502; x_wconf 93' lang='lat' dir='ltr'>non</span> <span class='ocrx_word' id='word_1_23' title='bbox 1867 465 1996 503; x_wconf 91' lang='lat' dir='ltr'>esse</span> 
     </span>
    </p>
   </div>
   <div class='ocr_carea' id='block_1_7' title="bbox 362 536 1996 610">
    <p class='ocr_par' dir='ltr' id='par_1_7' title="bbox 362 536 1996 610">
     <span class='ocr_line' id='line_1_7' title="bbox 362 536 1996 610; baseline -0.002 -15"><span class='ocrx_word' id='word_1_24' title='bbox 362 537 724 610; x_wconf 88' lang='lat' dir='ltr'>sepelienda,</span> <span class='ocrx_word' id='word_1_25' title='bbox 753 536 855 592; x_wconf 90' lang='lat' dir='ltr'>sed</span> <span class='ocrx_word' id='word_1_26' title='bbox 877 536 936 591; x_wconf 93' lang='lat' dir='ltr'>in</span> <span class='ocrx_word' id='word_1_27' title='bbox 965 542 1228 607; x_wconf 90' lang='lat' dir='ltr'>apertam</span> <span class='ocrx_word' id='word_1_28' title='bbox 1259 537 1450 591; x_wconf 89' lang='lat' dir='ltr'>lucem</span> <span class='ocrx_word' id='word_1_29' title='bbox 1473 537 1872 607; x_wconf 90' lang='lat' dir='ltr'>producenda,</span> <span class='ocrx_word' id='word_1_30' title='bbox 1905 554 1996 591; x_wconf 88' lang='lat' dir='ltr'>ve-</span> 
     </span>
    </p>
   </div>
   <div class='ocr_carea' id='block_1_8' title="bbox 363 624 2001 697">
    <p class='ocr_par' dir='ltr' id='par_1_8' title="bbox 363 624 2001 697">
     <span class='ocr_line' id='line_1_8' title="bbox 363 624 2001 697; baseline -0.002 -15"><span class='ocrx_word' id='word_1_31' title='bbox 363 627 617 697; x_wconf 88' lang='lat' dir='ltr'>strisque</span> <span class='ocrx_word' id='word_1_32' title='bbox 650 624 1035 697; x_wconf 90' lang='lat' dir='ltr'>proponenda</span> <span class='ocrx_word' id='word_1_33' title='bbox 1083 624 1343 691; x_wconf 83' lang='lat' dir='ltr'>auribus,</span> <span class='ocrx_word' id='word_1_34' title='bbox 1378 629 1441 677; x_wconf 91' lang='lat' dir='ltr'>ut</span> <span class='ocrx_word' id='word_1_35' title='bbox 1470 624 1570 694; x_wconf 87' lang='lat' dir='ltr'>qui</span> <span class='ocrx_word' id='word_1_36' title='bbox 1610 624 1909 677; x_wconf 75' lang='lat' dir='ltr'>Christum</span> <span class='ocrx_word' id='word_1_37' title='bbox 1943 629 2001 678; x_wconf 93' lang='lat' dir='ltr'>et</span> 
     </span>
    </p>
   </div>
   <div class='ocr_carea' id='block_1_9' title="bbox 362 713 1998 786">
    <p class='ocr_par' dir='ltr' id='par_1_9' title="bbox 362 713 1998 786">
     <span class='ocr_line' id='line_1_9' title="bbox 362 713 1998 786; baseline -0.002 -15"><span class='ocrx_word' id='word_1_38' title='bbox 362 721 685 786; x_wconf 82' lang='lat' dir='ltr'>martyrem</span> <span class='ocrx_word' id='word_1_39' title='bbox 717 714 991 785; x_wconf 77' lang='lat' dir='ltr'>diligitis;</span> <span class='ocrx_word' id='word_1_40' title='bbox 1026 718 1150 767; x_wconf 89' lang='lat' dir='ltr'>tum</span> <span class='ocrx_word' id='word_1_41' title='bbox 1180 731 1253 768; x_wconf 91' lang='lat' dir='ltr'>ne</span> <span class='ocrx_word' id='word_1_42' title='bbox 1278 714 1479 784; x_wconf 82' lang='lat' dir='ltr'>paucis</span> <span class='ocrx_word' id='word_1_43' title='bbox 1498 713 1852 783; x_wconf 89' lang='lat' dir='ltr'>quibusdam</span> <span class='ocrx_word' id='word_1_44' title='bbox 1874 730 1998 767; x_wconf 91' lang='lat' dir='ltr'>ver-</span> 
     </span>
    </p>
   </div>
   <div class='ocr_carea' id='block_1_10' title="bbox 362 802 1999 874">
    <p class='ocr_par' dir='ltr' id='par_1_10' title="bbox 362 802 1999 874">
     <span class='ocr_line' id='line_1_10' title="bbox 362 802 1999 874; baseline -0.002 -14"><span class='ocrx_word' id='word_1_45' title='bbox 362 806 453 860; x_wconf 88' lang='lat' dir='ltr'>bis</span> <span class='ocrx_word' id='word_1_46' title='bbox 486 810 647 859; x_wconf 89' lang='lat' dir='ltr'>tanta</span> <span class='ocrx_word' id='word_1_47' title='bbox 681 803 951 857; x_wconf 81' lang='lat' dir='ltr'>velentur</span> <span class='ocrx_word' id='word_1_48' title='bbox 989 802 1103 856; x_wconf 93' lang='lat' dir='ltr'>divi</span> <span class='ocrx_word' id='word_1_49' title='bbox 1154 804 1429 873; x_wconf 81' lang='lat' dir='ltr'>martyris</span> <span class='ocrx_word' id='word_1_50' title='bbox 1461 803 1533 857; x_wconf 89' lang='lat' dir='ltr'>ad</span> <span class='ocrx_word' id='word_1_51' title='bbox 1567 803 1814 874; x_wconf 80' lang='lat' dir='ltr'>gloriam</span> <span class='ocrx_word' id='word_1_52' title='bbox 1840 804 1999 872; x_wconf 85' lang='lat' dir='ltr'>jura,</span> 
     </span>
    </p>
   </div>
   <div class='ocr_carea' id='block_1_11' title="bbox 362 890 2000 947">
    <p class='ocr_par' dir='ltr' id='par_1_11' title="bbox 362 890 2000 947">
     <span class='ocr_line' id='line_1_11' title="bbox 362 890 2000 947; baseline -0.002 0"><span class='ocrx_word' id='word_1_53' title='bbox 362 897 487 947; x_wconf 87' lang='lat' dir='ltr'>tum</span> <span class='ocrx_word' id='word_1_54' title='bbox 510 897 574 945; x_wconf 91' lang='lat' dir='ltr'>ut</span> <span class='ocrx_word' id='word_1_55' title='bbox 602 896 824 945; x_wconf 90' lang='lat' dir='ltr'>vestras</span> <span class='ocrx_word' id='word_1_56' title='bbox 853 907 1025 945; x_wconf 90' lang='lat' dir='ltr'>aures</span> <span class='ocrx_word' id='word_1_57' title='bbox 1048 891 1314 945; x_wconf 84' lang='lat' dir='ltr'>studeam</span> <span class='ocrx_word' id='word_1_58' title='bbox 1349 891 1674 945; x_wconf 86' lang='lat' dir='ltr'>exhilarare</span> <span class='ocrx_word' id='word_1_59' title='bbox 1707 890 2000 945; x_wconf 86' lang='lat' dir='ltr'>narrando</span> 
     </span>
    </p>
   </div>
   <div class='ocr_carea' id='block_1_12' title="bbox 362 980 2002 1050">
    <p class='ocr_par' dir='ltr' id='par_1_12' title="bbox 362 980 2002 1050">
     <span class='ocr_line' id='line_1_12' title="bbox 362 980 2002 1050; baseline -0.004 -13"><span class='ocrx_word' id='word_1_60' title='bbox 362 980 673 1037; x_wconf 86' lang='lat' dir='ltr'>historiam</span> <span class='ocrx_word' id='word_1_61' title='bbox 729 985 904 1050; x_wconf 90' lang='lat' dir='ltr'>atque</span> <span class='ocrx_word' id='word_1_62' title='bbox 952 980 1176 1049; x_wconf 78' lang='lat' dir='ltr'>integre</span> <span class='ocrx_word' id='word_1_63' title='bbox 1226 980 1540 1033; x_wconf 90' lang='lat' dir='ltr'>revelando</span> <span class='ocrx_word' id='word_1_64' title='bbox 1604 996 1735 1049; x_wconf 60' lang='lat' dir='ltr'>qua</span> <span class='ocrx_word' id='word_1_65' title='bbox 1778 986 2002 1049; x_wconf 79' lang='lat' dir='ltr'>martyr</span> 
     </span>
    </p>
   </div>
   <div class='ocr_carea' id='block_1_13' title="bbox 362 1068 971 1138">
    <p class='ocr_par' dir='ltr' id='par_1_13' title="bbox 362 1068 971 1138">
     <span class='ocr_line' id='line_1_13' title="bbox 362 1068 971 1138; baseline -0.007 -14"><span class='ocrx_word' id='word_1_66' title='bbox 362 1070 500 1124; x_wconf 86' lang='lat' dir='ltr'>forti</span> <span class='ocrx_word' id='word_1_67' title='bbox 533 1068 731 1123; x_wconf 89' lang='lat' dir='ltr'>animo</span> <span class='ocrx_word' id='word_1_68' title='bbox 762 1068 971 1138; x_wconf 79' lang='lat' dir='ltr'>gessis.</span> 
     </span>
    </p>
   </div>
   <div class='ocr_carea' id='block_1_14' title="bbox 433 1244 2001 1317">
    <p class='ocr_par' dir='ltr' id='par_1_14' title="bbox 433 1244 2001 1317">
     <span class='ocr_line' id='line_1_14' title="bbox 433 1244 2001 1317; baseline -0.001 -17"><span class='ocrx_word' id='word_1_69' title='bbox 433 1249 486 1303; x_wconf 82' lang='grc'><strong>4.</strong></span> <span class='ocrx_word' id='word_1_70' title='bbox 510 1246 672 1301; x_wconf 88' lang='lat' dir='ltr'>Multi</span> <span class='ocrx_word' id='word_1_71' title='bbox 696 1246 871 1317; x_wconf 85' lang='lat' dir='ltr'>igitur</span> <span class='ocrx_word' id='word_1_72' title='bbox 900 1245 1161 1299; x_wconf 74' lang='lat' dir='ltr'>historiae</span> <span class='ocrx_word' id='word_1_73' title='bbox 1182 1245 1497 1315; x_wconf 90' lang='lat' dir='ltr'>scriptores</span> <span class='ocrx_word' id='word_1_74' title='bbox 1516 1244 1577 1298; x_wconf 90' lang='lat' dir='ltr'>in</span> <span class='ocrx_word' id='word_1_75' title='bbox 1603 1244 1800 1298; x_wconf 81' lang='lat' dir='ltr'>eximii</span> <span class='ocrx_word' id='word_1_76' title='bbox 1823 1244 2001 1315; x_wconf 86' lang='lat' dir='ltr'>hujus</span> 
     </span>
    </p>
   </div>
   <div class='ocr_carea' id='block_1_15' title="bbox 362 1333 2000 1398">
    <p class='ocr_par' dir='ltr' id='par_1_15' title="bbox 362 1333 2000 1398">
     <span class='ocr_line' id='line_1_15' title="bbox 362 1333 2000 1398; baseline -0.003 -8"><span class='ocrx_word' id='word_1_77' title='bbox 362 1336 469 1391; x_wconf 87' lang='lat' dir='ltr'>viri</span> <span class='ocrx_word' id='word_1_78' title='bbox 492 1334 857 1389; x_wconf 88' lang='lat' dir='ltr'>mentionem</span> <span class='ocrx_word' id='word_1_79' title='bbox 880 1333 1238 1398; x_wconf 87' lang='lat' dir='ltr'>inciderunt,</span> <span class='ocrx_word' id='word_1_80' title='bbox 1261 1333 1546 1387; x_wconf 90' lang='lat' dir='ltr'>Eusebius</span> <span class='ocrx_word' id='word_1_81' title='bbox 1571 1333 1797 1387; x_wconf 89' lang='lat' dir='ltr'>scilicet</span> <span class='ocrx_word' id='word_1_82' title='bbox 1827 1335 2000 1386; x_wconf 83' lang='lat' dir='ltr'>Pam-</span> 
     </span>
    </p>
   </div>
   <div class='ocr_carea' id='block_1_16' title="bbox 362 1421 2001 1496">
    <p class='ocr_par' dir='ltr' id='par_1_16' title="bbox 362 1421 2001 1496">
     <span class='ocr_line' id='line_1_16' title="bbox 362 1421 2001 1496; baseline -0.003 -18"><span class='ocrx_word' id='word_1_83' title='bbox 362 1424 513 1496; x_wconf 91' lang='lat' dir='ltr'>phili</span> <span class='ocrx_word' id='word_1_84' title='bbox 570 1423 1035 1494; x_wconf 87' lang='lat' dir='ltr'>cognominatus,</span> <span class='ocrx_word' id='word_1_85' title='bbox 1092 1422 1357 1476; x_wconf 87' lang='lat' dir='ltr'>Socrates</span> <span class='ocrx_word' id='word_1_86' title='bbox 1387 1422 1486 1491; x_wconf 88' lang='lat' dir='ltr'>qui</span> <span class='ocrx_word' id='word_1_87' title='bbox 1527 1423 1747 1488; x_wconf 85' lang='lat' dir='ltr'>Novati,</span> <span class='ocrx_word' id='word_1_88' title='bbox 1782 1428 1839 1475; x_wconf 91' lang='lat' dir='ltr'>et</span> <span class='ocrx_word' id='word_1_89' title='bbox 1867 1421 2001 1474; x_wconf 88' lang='lat' dir='ltr'>Phi-</span> 
     </span>
    </p>
   </div>
   <div class='ocr_carea' id='block_1_17' title="bbox 364 1510 2006 1583">
    <p class='ocr_par' dir='ltr' id='par_1_17' title="bbox 364 1510 2006 1583">
     <span class='ocr_line' id='line_1_17' title="bbox 364 1510 2006 1583; baseline -0.002 -17"><span class='ocrx_word' id='word_1_90' title='bbox 364 1512 683 1583; x_wconf 90' lang='lat' dir='ltr'>lostorgius</span> <span class='ocrx_word' id='word_1_91' title='bbox 705 1511 803 1580; x_wconf 91' lang='lat' dir='ltr'>qui</span> <span class='ocrx_word' id='word_1_92' title='bbox 823 1510 1093 1564; x_wconf 90' lang='lat' dir='ltr'>Eunomii</span> <span class='ocrx_word' id='word_1_93' title='bbox 1117 1516 1352 1564; x_wconf 90' lang='lat' dir='ltr'>secutus</span> <span class='ocrx_word' id='word_1_94' title='bbox 1384 1514 1473 1565; x_wconf 89' lang='lat' dir='ltr'>est</span> <span class='ocrx_word' id='word_1_95' title='bbox 1498 1510 1793 1575; x_wconf 71' lang='lat' dir='ltr'>hmresim,</span> <span class='ocrx_word' id='word_1_96' title='bbox 1817 1510 2006 1564; x_wconf 88' lang='lat' dir='ltr'>Theo-</span> 
     </span>
    </p>
   </div>
   <div class='ocr_carea' id='block_1_18' title="bbox 368 1598 2003 1670">
    <p class='ocr_par' dir='ltr' id='par_1_18' title="bbox 368 1598 2003 1670">
     <span class='ocr_line' id='line_1_18' title="bbox 368 1598 2003 1670; baseline -0.004 -12"><span class='ocrx_word' id='word_1_97' title='bbox 368 1600 609 1658; x_wconf 89' lang='lat' dir='ltr'>doretus</span> <span class='ocrx_word' id='word_1_98' title='bbox 640 1604 699 1653; x_wconf 92' lang='lat' dir='ltr'>et</span> <span class='ocrx_word' id='word_1_99' title='bbox 726 1599 847 1653; x_wconf 89' lang='lat' dir='ltr'>allii</span> <span class='ocrx_word' id='word_1_100' title='bbox 880 1599 1079 1670; x_wconf 89' lang='lat' dir='ltr'>plures</span> <span class='ocrx_word' id='word_1_101' title='bbox 1104 1600 1194 1669; x_wconf 78' lang='grc'>(4).</span> <span class='ocrx_word' id='word_1_102' title='bbox 1225 1601 1267 1652; x_wconf 90' lang='grc' dir='ltr'>Ε</span> <span class='ocrx_word' id='word_1_103' title='bbox 1298 1598 1513 1669; x_wconf 87' lang='lat' dir='ltr'>quibus</span> <span class='ocrx_word' id='word_1_104' title='bbox 1564 1598 1868 1667; x_wconf 86' lang='lat' dir='ltr'>Eusebius,</span> <span class='ocrx_word' id='word_1_105' title='bbox 1902 1598 2003 1667; x_wconf 90' lang='lat' dir='ltr'>qui</span> 
     </span>
    </p>
   </div>
   <div class='ocr_carea' id='block_1_19' title="bbox 2106 442 3709 519">
    <p class='ocr_par' dir='ltr' id='par_1_19' title="bbox 2106 442 3709 519">
     <span class='ocr_line' id='line_1_19' title="bbox 2106 442 3709 519; baseline 0.001 -20"><span class='ocrx_word' id='word_1_106' title='bbox 2106 466 2197 499; x_wconf 83' lang='grc' dir='ltr'>τον</span> <span class='ocrx_word' id='word_1_107' title='bbox 2231 444 2443 499; x_wconf 82' lang='grc' dir='ltr'>πάντων</span> <span class='ocrx_word' id='word_1_108' title='bbox 2492 442 2651 498; x_wconf 81' lang='grc' dir='ltr'>αὐτόν</span> <span class='ocrx_word' id='word_1_109' title='bbox 2707 442 3150 519; x_wconf 77' lang='grc' dir='ltr'>ὁμολογούντων,</span> <span class='ocrx_word' id='word_1_110' title='bbox 3206 443 3304 498; x_wconf 81' lang='grc' dir='ltr'>οὐκ</span> <span class='ocrx_word' id='word_1_111' title='bbox 3359 444 3533 514; x_wconf 60' lang='grc' dir='ltr'>ᾠήθην</span> <span class='ocrx_word' id='word_1_112' title='bbox 3564 450 3709 500; x_wconf 72' lang='grc' dir='ltr'>ταῦτα</span> 
     </span>
    </p>
   </div>
   <div class='ocr_carea' id='block_1_20' title="bbox 2104 530 3711 608">
    <p class='ocr_par' dir='ltr' id='par_1_20' title="bbox 2104 530 3711 608">
     <span class='ocr_line' id='line_1_20' title="bbox 2104 530 3711 608; baseline 0 -21"><span class='ocrx_word' id='word_1_113' title='bbox 2104 536 2202 601; x_wconf 76' lang='grc' dir='ltr'>τῆς</span> <span class='ocrx_word' id='word_1_114' title='bbox 2235 531 2415 603; x_wconf 76' lang='grc' dir='ltr'>λήθης</span> <span class='ocrx_word' id='word_1_115' title='bbox 2449 532 2670 606; x_wconf 77' lang='grc' dir='ltr'>ἐνθάψαι</span> <span class='ocrx_word' id='word_1_116' title='bbox 2707 534 2914 605; x_wconf 78' lang='grc' dir='ltr'>βυθοῖς,</span> <span class='ocrx_word' id='word_1_117' title='bbox 2943 530 3091 585; x_wconf 80' lang='grc' dir='ltr'>’ἀλλ’</span> <span class='ocrx_word' id='word_1_118' title='bbox 3138 530 3210 593; x_wconf 85' lang='grc' dir='ltr'>εἷς</span> <span class='ocrx_word' id='word_1_119' title='bbox 3240 532 3301 585; x_wconf 87' lang='grc' dir='ltr'>τὸ</span> <span class='ocrx_word' id='word_1_120' title='bbox 3352 535 3565 608; x_wconf 70' lang='grc' dir='ltr'>φανερὸν</span> <span class='ocrx_word' id='word_1_121' title='bbox 3595 535 3711 607; x_wconf 84' lang='grc' dir='ltr'>ἀγα-</span> 
     </span>
    </p>
   </div>
   <div class='ocr_carea' id='block_1_21' title="bbox 2105 619 3711 697">
    <p class='ocr_par' dir='ltr' id='par_1_21' title="bbox 2105 619 3711 697">
     <span class='ocr_line' id='line_1_21' title="bbox 2105 619 3711 697; baseline 0 -22"><span class='ocrx_word' id='word_1_122' title='bbox 2105 626 2241 693; x_wconf 81' lang='grc' dir='ltr'>γεῖν,</span> <span class='ocrx_word' id='word_1_123' title='bbox 2272 621 2361 675; x_wconf 86' lang='grc' dir='ltr'>καὶ</span> <span class='ocrx_word' id='word_1_124' title='bbox 2396 622 2545 692; x_wconf 81' lang='grc' dir='ltr'>ὑμῶν</span> <span class='ocrx_word' id='word_1_125' title='bbox 2605 623 2879 694; x_wconf 78' lang='grc' dir='ltr'>προϐῆναι</span> <span class='ocrx_word' id='word_1_126' title='bbox 2932 625 3051 681; x_wconf 87' lang='grc' dir='ltr'>ταῖς</span> <span class='ocrx_word' id='word_1_127' title='bbox 3104 620 3292 682; x_wconf 80' lang='grc' dir='ltr'>ἀκοαῖς</span> <span class='ocrx_word' id='word_1_128' title='bbox 3350 620 3422 682; x_wconf 86' lang='grc' dir='ltr'>ὡς</span> <span class='ocrx_word' id='word_1_129' title='bbox 3478 619 3711 697; x_wconf 75' lang='grc' dir='ltr'>φιλοχρί-</span> 
     </span>
    </p>
   </div>
   <div class='ocr_carea' id='block_1_22' title="bbox 2109 707 3710 787">
    <p class='ocr_par' dir='ltr' id='par_1_22' title="bbox 2109 707 3710 787">
     <span class='ocr_line' id='line_1_22' title="bbox 2109 707 3710 787; baseline -0.001 -23"><span class='ocrx_word' id='word_1_130' title='bbox 2109 732 2254 771; x_wconf 91' lang='grc' dir='ltr'>στοις</span> <span class='ocrx_word' id='word_1_131' title='bbox 2282 731 2339 765; x_wconf 78' lang='grc' dir='ltr'>τε</span> <span class='ocrx_word' id='word_1_132' title='bbox 2379 710 2495 764; x_wconf 80' lang='grc' dir='ltr'>οὗσι</span> <span class='ocrx_word' id='word_1_133' title='bbox 2527 710 2615 763; x_wconf 84' lang='lat' dir='ltr'>xui</span> <span class='ocrx_word' id='word_1_134' title='bbox 2658 710 3078 787; x_wconf 69' lang='grc' dir='ltr'>φιλομάρτυσιψ</span> <span class='ocrx_word' id='word_1_135' title='bbox 3126 707 3217 763; x_wconf 73' lang='grc' dir='ltr'>’ίνα</span> <span class='ocrx_word' id='word_1_136' title='bbox 3281 710 3356 781; x_wconf 82' lang='grc' dir='ltr'>μὴ</span> <span class='ocrx_word' id='word_1_137' title='bbox 3416 707 3463 763; x_wconf 82' lang='grc' dir='ltr'>ἐν</span> <span class='ocrx_word' id='word_1_138' title='bbox 3518 708 3710 784; x_wconf 80' lang='grc' dir='ltr'>ὀλίγαις</span> 
     </span>
    </p>
   </div>
   <div class='ocr_carea' id='block_1_23' title="bbox 2106 794 3712 872">
    <p class='ocr_par' dir='ltr' id='par_1_23' title="bbox 2106 794 3712 872">
     <span class='ocr_line' id='line_1_23' title="bbox 2106 794 3712 872; baseline -0.001 -19"><span class='ocrx_word' id='word_1_139' title='bbox 2106 800 2215 853; x_wconf 85' lang='grc' dir='ltr'>τισὶ</span> <span class='ocrx_word' id='word_1_140' title='bbox 2274 794 2574 859; x_wconf 72' lang='grc' dir='ltr'>συλλαϐαῖς</span> <span class='ocrx_word' id='word_1_141' title='bbox 2631 797 2699 852; x_wconf 80' lang='grc' dir='ltr'>τά</span> <span class='ocrx_word' id='word_1_142' title='bbox 2770 798 3075 868; x_wconf 80' lang='grc' dir='ltr'>τηλικαῦτα</span> <span class='ocrx_word' id='word_1_143' title='bbox 3150 795 3581 872; x_wconf 86' lang='grc' dir='ltr'>έπηλυγάζωνται</span> <span class='ocrx_word' id='word_1_144' title='bbox 3632 803 3712 852; x_wconf 77' lang='grc' dir='ltr'>τοῦ</span> 
     </span>
    </p>
   </div>
   <div class='ocr_carea' id='block_1_24' title="bbox 2110 884 3710 962">
    <p class='ocr_par' dir='ltr' id='par_1_24' title="bbox 2110 884 3710 962">
     <span class='ocr_line' id='line_1_24' title="bbox 2110 884 3710 962; baseline -0.001 -21"><span class='ocrx_word' id='word_1_145' title='bbox 2110 886 2254 941; x_wconf 84' lang='grc' dir='ltr'>θείου</span> <span class='ocrx_word' id='word_1_146' title='bbox 2315 886 2583 962; x_wconf 86' lang='grc' dir='ltr'>μάρτυρος</span> <span class='ocrx_word' id='word_1_147' title='bbox 2642 886 3094 955; x_wconf 78' lang='grc' dir='ltr'>πλεονεκτήματα</span> <span class='ocrx_word' id='word_1_148' title='bbox 3147 888 3323 959; x_wconf 72' lang='grc'>[343]·</span> <span class='ocrx_word' id='word_1_149' title='bbox 3382 884 3491 958; x_wconf 78' lang='grc' dir='ltr'>ἅμα</span> <span class='ocrx_word' id='word_1_150' title='bbox 3536 907 3589 941; x_wconf 89' lang='grc' dir='ltr'>τε</span> <span class='ocrx_word' id='word_1_151' title='bbox 3637 889 3710 941; x_wconf 80' lang='grc' dir='ltr'>καὶ</span> 
     </span>
    </p>
   </div>
   <div class='ocr_carea' id='block_1_25' title="bbox 2113 968 3709 1048">
    <p class='ocr_par' dir='ltr' id='par_1_25' title="bbox 2113 968 3709 1048">
     <span class='ocr_line' id='line_1_25' title="bbox 2113 968 3709 1048; baseline -0.001 -18"><span class='ocrx_word' id='word_1_152' title='bbox 2113 977 2265 1048; x_wconf 87' lang='grc' dir='ltr'>ὑμῶν</span> <span class='ocrx_word' id='word_1_153' title='bbox 2298 974 2652 1030; x_wconf 78' lang='grc' dir='ltr'>κατευωθάναι</span> <span class='ocrx_word' id='word_1_154' title='bbox 2685 972 2927 1029; x_wconf 70' lang='grc' dir='ltr'>σπεύδων</span> <span class='ocrx_word' id='word_1_155' title='bbox 2960 978 3055 1037; x_wconf 84' lang='grc' dir='ltr'>τᾶς</span> <span class='ocrx_word' id='word_1_156' title='bbox 3099 973 3287 1045; x_wconf 71' lang='grc' dir='ltr'>ἀκοὰς,</span> <span class='ocrx_word' id='word_1_157' title='bbox 3339 968 3397 1029; x_wconf 76' lang='grc' dir='ltr'>ἔκ</span> <span class='ocrx_word' id='word_1_158' title='bbox 3417 996 3473 1030; x_wconf 83' lang='grc' dir='ltr'>τε</span> <span class='ocrx_word' id='word_1_159' title='bbox 3501 980 3599 1029; x_wconf 78' lang='grc' dir='ltr'>τῶν</span> <span class='ocrx_word' id='word_1_160' title='bbox 3625 982 3709 1044; x_wconf 80' lang='grc' dir='ltr'>τῆς</span> 
     </span>
    </p>
   </div>
   <div class='ocr_carea' id='block_1_26' title="bbox 2109 1061 3710 1139">
    <p class='ocr_par' dir='ltr' id='par_1_26' title="bbox 2109 1061 3710 1139">
     <span class='ocr_line' id='line_1_26' title="bbox 2109 1061 3710 1139; baseline 0 -22"><span class='ocrx_word' id='word_1_161' title='bbox 2109 1064 2348 1138; x_wconf 80' lang='grc' dir='ltr'>ἱστορίας</span> <span class='ocrx_word' id='word_1_162' title='bbox 2398 1061 2779 1139; x_wconf 76' lang='grc' dir='ltr'>διηγημάτων,</span> <span class='ocrx_word' id='word_1_163' title='bbox 2839 1064 3067 1118; x_wconf 79' lang='grc' dir='ltr'>καὶτῶν</span> <span class='ocrx_word' id='word_1_164' title='bbox 3125 1062 3323 1138; x_wconf 87' lang='grc' dir='ltr'>ἀρτίως</span> <span class='ocrx_word' id='word_1_165' title='bbox 3375 1063 3710 1118; x_wconf 67' lang='grc' dir='ltr'>ἀνασανέντων</span> 
     </span>
    </p>
   </div>
   <div class='ocr_carea' id='block_1_27' title="bbox 2107 1149 3067 1226">
    <p class='ocr_par' dir='ltr' id='par_1_27' title="bbox 2107 1149 3067 1226">
     <span class='ocr_line' id='line_1_27' title="bbox 2107 1149 3067 1226; baseline 0.002 -21"><span class='ocrx_word' id='word_1_166' title='bbox 2107 1156 2207 1205; x_wconf 75' lang='grc' dir='ltr'>τοῦ</span> <span class='ocrx_word' id='word_1_167' title='bbox 2242 1150 2511 1226; x_wconf 86' lang='grc' dir='ltr'>μάρτυρος</span> <span class='ocrx_word' id='word_1_168' title='bbox 2541 1149 2851 1226; x_wconf 83' lang='grc' dir='ltr'>ἀνδραγαθη</span> <span class='ocrx_word' id='word_1_169' title='bbox 2863 1150 3067 1223; x_wconf 87' lang='grc' dir='ltr'>μάτων.</span> 
     </span>
    </p>
   </div>
   <div class='ocr_carea' id='block_1_28' title="bbox 2184 1236 3714 1316">
    <p class='ocr_par' dir='ltr' id='par_1_28' title="bbox 2184 1236 3714 1316">
     <span class='ocr_line' id='line_1_28' title="bbox 2184 1236 3714 1316; baseline 0.002 -24"><span class='ocrx_word' id='word_1_170' title='bbox 2184 1236 2244 1295; x_wconf 87' lang='grc' dir='ltr'>δ’.</span> <span class='ocrx_word' id='word_1_171' title='bbox 2274 1238 2486 1293; x_wconf 84' lang='grc' dir='ltr'>Πολλοὶ</span> <span class='ocrx_word' id='word_1_172' title='bbox 2539 1241 2631 1311; x_wconf 76' lang='grc' dir='ltr'>μὲν</span> <span class='ocrx_word' id='word_1_173' title='bbox 2663 1241 2751 1294; x_wconf 75' lang='grc' dir='ltr'>οὖν</span> <span class='ocrx_word' id='word_1_174' title='bbox 2810 1244 2917 1294; x_wconf 80' lang='grc' dir='ltr'>τῶν</span> <span class='ocrx_word' id='word_1_175' title='bbox 2976 1240 3071 1301; x_wconf 79' lang='grc' dir='ltr'>τὰς</span> <span class='ocrx_word' id='word_1_176' title='bbox 3128 1240 3375 1316; x_wconf 73' lang='grc' dir='ltr'>ἱστορίας</span> <span class='ocrx_word' id='word_1_177' title='bbox 3427 1241 3714 1315; x_wconf 75' lang='grc' dir='ltr'>γραψάντων</span> 
     </span>
    </p>
   </div>
   <div class='ocr_carea' id='block_1_29' title="bbox 2111 1323 3719 1401">
    <p class='ocr_par' dir='ltr' id='par_1_29' title="bbox 2111 1323 3719 1401">
     <span class='ocr_line' id='line_1_29' title="bbox 2111 1323 3719 1401; baseline 0.001 -21"><span class='ocrx_word' id='word_1_178' title='bbox 2111 1330 2206 1380; x_wconf 79' lang='grc' dir='ltr'>τοῦ</span> <span class='ocrx_word' id='word_1_179' title='bbox 2240 1325 2495 1399; x_wconf 81' lang='grc' dir='ltr'>ἀοιδίμου</span> <span class='ocrx_word' id='word_1_180' title='bbox 2539 1326 2733 1382; x_wconf 72' lang='grc' dir='ltr'>τούτου</span> <span class='ocrx_word' id='word_1_181' title='bbox 2784 1326 2976 1401; x_wconf 86' lang='grc' dir='ltr'>ἀνδρὸς</span> <span class='ocrx_word' id='word_1_182' title='bbox 3035 1327 3462 1401; x_wconf 77' lang='grc' dir='ltr'>ἐμνημόνευσαν,</span> <span class='ocrx_word' id='word_1_183' title='bbox 3492 1323 3719 1390; x_wconf 77' lang='grc' dir='ltr'>Εὖσέϐιός</span> 
     </span>
    </p>
   </div>
   <div class='ocr_carea' id='block_1_30' title="bbox 2109 1415 3719 1491">
    <p class='ocr_par' dir='ltr' id='par_1_30' title="bbox 2109 1415 3719 1491">
     <span class='ocr_line' id='line_1_30' title="bbox 2109 1415 3719 1491; baseline -0.001 -21"><span class='ocrx_word' id='word_1_184' title='bbox 2109 1436 2167 1470; x_wconf 90' lang='grc' dir='ltr'>τε</span> <span class='ocrx_word' id='word_1_185' title='bbox 2223 1417 2249 1469; x_wconf 99' lang='lat'>6</span> <span class='ocrx_word' id='word_1_186' title='bbox 2292 1415 2585 1491; x_wconf 76' lang='grc' dir='ltr'>Ηαμφίλου</span> <span class='ocrx_word' id='word_1_187' title='bbox 2646 1416 3077 1489; x_wconf 78' lang='grc' dir='ltr'>ὀνομαζόμενος,</span> <span class='ocrx_word' id='word_1_188' title='bbox 3132 1416 3223 1470; x_wconf 91' lang='grc' dir='ltr'>καὶ</span> <span class='ocrx_word' id='word_1_189' title='bbox 3284 1415 3565 1491; x_wconf 86' lang='grc' dir='ltr'>Σωκράτης</span> <span class='ocrx_word' id='word_1_190' title='bbox 3590 1418 3719 1484; x_wconf 81' lang='grc' dir='ltr'>ὁτῆς</span> 
     </span>
    </p>
   </div>
   <div class='ocr_carea' id='block_1_31' title="bbox 2111 1505 3716 1581">
    <p class='ocr_par' dir='ltr' id='par_1_31' title="bbox 2111 1505 3716 1581">
     <span class='ocr_line' id='line_1_31' title="bbox 2111 1505 3716 1581; baseline -0.001 -21"><span class='ocrx_word' id='word_1_191' title='bbox 2111 1506 2360 1560; x_wconf 84' lang='grc' dir='ltr'>Ναυάτου</span> <span class='ocrx_word' id='word_1_192' title='bbox 2392 1506 2670 1579; x_wconf 73' lang='grc' dir='ltr'>αἱρέσεως,</span> <span class='ocrx_word' id='word_1_193' title='bbox 2702 1506 2791 1560; x_wconf 85' lang='grc' dir='ltr'>καὶ</span> <span class='ocrx_word' id='word_1_194' title='bbox 2815 1505 3217 1581; x_wconf 84' lang='grc' dir='ltr'>Φιλοστόργιος</span> <span class='ocrx_word' id='word_1_195' title='bbox 3260 1506 3288 1559; x_wconf 89' lang='grc' dir='ltr'>ὁ</span> <span class='ocrx_word' id='word_1_196' title='bbox 3326 1509 3425 1569; x_wconf 82' lang='grc' dir='ltr'>τῆς</span> <span class='ocrx_word' id='word_1_197' title='bbox 3475 1507 3716 1578; x_wconf 81' lang='grc' dir='ltr'>Εὐνομίου</span> 
     </span>
    </p>
   </div>
   <div class='ocr_carea' id='block_1_32' title="bbox 2111 1591 3716 1669">
    <p class='ocr_par' dir='ltr' id='par_1_32' title="bbox 2111 1591 3716 1669">
     <span class='ocr_line' id='line_1_32' title="bbox 2111 1591 3716 1669; baseline -0.001 -23"><span class='ocrx_word' id='word_1_198' title='bbox 2111 1594 2200 1646; x_wconf 89' lang='lat' dir='ltr'>xui</span> <span class='ocrx_word' id='word_1_199' title='bbox 2258 1592 2414 1654; x_wconf 83' lang='grc' dir='ltr'>αὐτὸς</span> <span class='ocrx_word' id='word_1_200' title='bbox 2476 1594 2737 1667; x_wconf 71' lang='grc' dir='ltr'>ὑπάρχων</span> <span class='ocrx_word' id='word_1_201' title='bbox 2800 1593 3083 1669; x_wconf 75' lang='grc' dir='ltr'>αἱρέσεως,</span> <span class='ocrx_word' id='word_1_202' title='bbox 3142 1591 3492 1669; x_wconf 83' lang='grc' dir='ltr'>Θεοδώρητός</span> <span class='ocrx_word' id='word_1_203' title='bbox 3544 1614 3596 1647; x_wconf 79' lang='grc' dir='ltr'>τε</span> <span class='ocrx_word' id='word_1_204' title='bbox 3640 1594 3716 1647; x_wconf 74' lang='grc' dir='ltr'>καὶ</span> 
     </span>
    </p>
   </div>
   <div class='ocr_carea' id='block_1_33' title="bbox 366 1679 2008 1785">
    <p class='ocr_par' dir='ltr' id='par_1_33' title="bbox 366 1687 2003 1759">
     <span class='ocr_line' id='line_1_33' title="bbox 366 1687 2003 1759; baseline -0.002 -15"><span class='ocrx_word' id='word_1_205' title='bbox 366 1688 734 1759; x_wconf 86' lang='lat' dir='ltr'>temporibus</span> <span class='ocrx_word' id='word_1_206' title='bbox 770 1688 1139 1742; x_wconf 87' lang='lat' dir='ltr'>Constantini</span> <span class='ocrx_word' id='word_1_207' title='bbox 1172 1687 1420 1741; x_wconf 80' lang='lat' dir='ltr'>florebat</span> <span class='ocrx_word' id='word_1_208' title='bbox 1450 1703 1775 1757; x_wconf 90' lang='lat' dir='ltr'>omnesque</span> <span class='ocrx_word' id='word_1_209' title='bbox 1827 1687 2003 1757; x_wconf 84' lang='lat' dir='ltr'>hujus</span> 
     </span>
    </p>
   </div>
   <div class='ocr_carea' id='block_1_34' title="bbox 2122 1679 3717 1785">
    <p class='ocr_par' dir='ltr' id='par_1_34' title="bbox 2122 1679 3717 1757">
     <span class='ocr_line' id='line_1_34' title="bbox 2122 1679 3717 1757; baseline -0.001 -21"><span class='ocrx_word' id='word_1_210' title='bbox 2122 1681 2277 1737; x_wconf 73' lang='grc' dir='ltr'>Ξίλλοι</span> <span class='ocrx_word' id='word_1_211' title='bbox 2335 1682 2603 1745; x_wconf 86' lang='grc' dir='ltr'>πλείονες.</span> <span class='ocrx_word' id='word_1_212' title='bbox 2663 1688 2757 1737; x_wconf 81' lang='grc' dir='ltr'>Ὠν</span> <span class='ocrx_word' id='word_1_213' title='bbox 2790 1684 2817 1738; x_wconf 92' lang='lat'>6</span> <span class='ocrx_word' id='word_1_214' title='bbox 2851 1685 2945 1756; x_wconf 76' lang='grc' dir='ltr'>μὲν</span> <span class='ocrx_word' id='word_1_215' title='bbox 3002 1679 3246 1744; x_wconf 78' lang='grc' dir='ltr'>εὖσέόιος</span> <span class='ocrx_word' id='word_1_216' title='bbox 3277 1681 3326 1737; x_wconf 84' lang='grc' dir='ltr'>ἐν</span> <span class='ocrx_word' id='word_1_217' title='bbox 3358 1688 3470 1744; x_wconf 84' lang='grc' dir='ltr'>τοῖς</span> <span class='ocrx_word' id='word_1_218' title='bbox 3516 1683 3717 1757; x_wconf 86' lang='grc' dir='ltr'>χρόνοις</span> 
     </span>
    </p>
   </div>
   <div class='ocr_carea' id='block_1_35' title="bbox 368 1775 2009 1847">
    <p class='ocr_par' dir='ltr' id='par_1_35' title="bbox 368 1775 2009 1847">
     <span class='ocr_line' id='line_1_35' title="bbox 368 1775 2009 1847; baseline -0.001 -16"><span class='ocrx_word' id='word_1_219' title='bbox 368 1778 557 1831; x_wconf 62' lang='lat' dir='ltr'>uitatis</span> <span class='ocrx_word' id='word_1_220' title='bbox 588 1778 896 1847; x_wconf 80' lang='lat' dir='ltr'>epiSCOpos</span> <span class='ocrx_word' id='word_1_221' title='bbox 928 1776 1197 1831; x_wconf 88' lang='lat' dir='ltr'>doctrina</span> <span class='ocrx_word' id='word_1_222' title='bbox 1246 1776 1579 1846; x_wconf 86' lang='lat' dir='ltr'>superabat,</span> <span class='ocrx_word' id='word_1_223' title='bbox 1612 1775 1755 1829; x_wconf 88' lang='lat' dir='ltr'>dicit</span> <span class='ocrx_word' id='word_1_224' title='bbox 1795 1781 2009 1847; x_wconf 84' lang='lat' dir='ltr'>marty-</span> 
     </span>
    </p>
   </div>
   <div class='ocr_carea' id='block_1_36' title="bbox 366 1864 2009 1935">
    <p class='ocr_par' dir='ltr' id='par_1_36' title="bbox 366 1864 2009 1935">
     <span class='ocr_line' id='line_1_36' title="bbox 366 1864 2009 1935; baseline 0 -16"><span class='ocrx_word' id='word_1_225' title='bbox 366 1881 493 1920; x_wconf 89' lang='lat' dir='ltr'>rem</span> <span class='ocrx_word' id='word_1_226' title='bbox 523 1881 711 1919; x_wconf 89' lang='lat' dir='ltr'>unum</span> <span class='ocrx_word' id='word_1_227' title='bbox 745 1881 774 1919; x_wconf 94' lang='lat' dir='ltr'>e</span> <span class='ocrx_word' id='word_1_228' title='bbox 808 1864 1179 1919; x_wconf 88' lang='lat' dir='ltr'>senatoribus</span> <span class='ocrx_word' id='word_1_229' title='bbox 1224 1870 1280 1919; x_wconf 94' lang='lat' dir='ltr'>et</span> <span class='ocrx_word' id='word_1_230' title='bbox 1312 1864 1372 1917; x_wconf 92' lang='lat' dir='ltr'>in</span> <span class='ocrx_word' id='word_1_231' title='bbox 1403 1864 1577 1919; x_wconf 90' lang='lat' dir='ltr'>domo</span> <span class='ocrx_word' id='word_1_232' title='bbox 1628 1864 2009 1935; x_wconf 87' lang='lat' dir='ltr'>imperatoria</span> 
     </span>
    </p>
   </div>
   <div class='ocr_carea' id='block_1_37' title="bbox 370 1953 2004 2023">
    <p class='ocr_par' dir='ltr' id='par_1_37' title="bbox 370 1953 2004 2023">
     <span class='ocr_line' id='line_1_37' title="bbox 370 1953 2004 2023; baseline -0.001 -15"><span class='ocrx_word' id='word_1_233' title='bbox 370 1955 595 2009; x_wconf 89' lang='lat' dir='ltr'>clarum</span> <span class='ocrx_word' id='word_1_234' title='bbox 627 1953 832 2020; x_wconf 85' lang='lat' dir='ltr'>fuisse,</span> <span class='ocrx_word' id='word_1_235' title='bbox 864 1958 921 2007; x_wconf 91' lang='lat' dir='ltr'>et</span> <span class='ocrx_word' id='word_1_236' title='bbox 969 1953 1293 2007; x_wconf 86' lang='lat' dir='ltr'>Constantii</span> <span class='ocrx_word' id='word_1_237' title='bbox 1344 1953 1473 2023; x_wconf 90' lang='lat' dir='ltr'>ejus</span> <span class='ocrx_word' id='word_1_238' title='bbox 1502 1953 1605 2007; x_wconf 84' lang='lat' dir='ltr'>ﬁlii</span> <span class='ocrx_word' id='word_1_239' title='bbox 1662 1953 2004 2021; x_wconf 87' lang='lat' dir='ltr'>amicitiam,</span> 
     </span>
    </p>
   </div>
   <div class='ocr_carea' id='block_1_38' title="bbox 369 2041 2010 2097">
    <p class='ocr_par' dir='ltr' id='par_1_38' title="bbox 369 2041 2010 2097">
     <span class='ocr_line' id='line_1_38' title="bbox 369 2041 2010 2097; baseline -0.001 -1"><span class='ocrx_word' id='word_1_240' title='bbox 369 2042 489 2097; x_wconf 91' lang='lat' dir='ltr'>imo</span> <span class='ocrx_word' id='word_1_241' title='bbox 522 2047 577 2096; x_wconf 89' lang='lat' dir='ltr'>et</span> <span class='ocrx_word' id='word_1_242' title='bbox 609 2041 1075 2095; x_wconf 84' lang='lat' dir='ltr'>familiaritatem</span> <span class='ocrx_word' id='word_1_243' title='bbox 1108 2058 1335 2095; x_wconf 86' lang='lat' dir='ltr'>summo</span> <span class='ocrx_word' id='word_1_244' title='bbox 1360 2041 1551 2095; x_wconf 91' lang='lat' dir='ltr'>studio</span> <span class='ocrx_word' id='word_1_245' title='bbox 1584 2041 1855 2097; x_wconf 89' lang='lat' dir='ltr'>coluisse.</span> <span class='ocrx_word' id='word_1_246' title='bbox 1881 2042 2010 2096; x_wconf 92' lang='lat' dir='ltr'>Cer-</span> 
     </span>
    </p>
   </div>
   <div class='ocr_carea' id='block_1_39' title="bbox 370 2130 2003 2199">
    <p class='ocr_par' dir='ltr' id='par_1_39' title="bbox 370 2130 2003 2199">
     <span class='ocr_line' id='line_1_39' title="bbox 370 2130 2003 2199; baseline -0.002 -14"><span class='ocrx_word' id='word_1_247' title='bbox 370 2134 496 2185; x_wconf 87' lang='lat' dir='ltr'>tum</span> <span class='ocrx_word' id='word_1_248' title='bbox 528 2130 685 2183; x_wconf 90' lang='lat' dir='ltr'>enim</span> <span class='ocrx_word' id='word_1_249' title='bbox 718 2135 806 2183; x_wconf 89' lang='lat' dir='ltr'>est</span> <span class='ocrx_word' id='word_1_250' title='bbox 830 2132 1069 2182; x_wconf 88' lang='lat' dir='ltr'>Beatum</span> <span class='ocrx_word' id='word_1_251' title='bbox 1100 2146 1405 2199; x_wconf 87' lang='lat' dir='ltr'>nunquam</span> <span class='ocrx_word' id='word_1_252' title='bbox 1428 2146 1461 2182; x_wconf 90' lang='lat' dir='ltr'>a</span> <span class='ocrx_word' id='word_1_253' title='bbox 1490 2130 1815 2183; x_wconf 84' lang='lat' dir='ltr'>Constantii</span> <span class='ocrx_word' id='word_1_254' title='bbox 1836 2130 2003 2183; x_wconf 85' lang='lat' dir='ltr'>fami-</span> 
     </span>
    </p>
   </div>
   <div class='ocr_carea' id='block_1_40' title="bbox 371 2216 2008 2287">
    <p class='ocr_par' dir='ltr' id='par_1_40' title="bbox 371 2216 2008 2287">
     <span class='ocr_line' id='line_1_40' title="bbox 371 2216 2008 2287; baseline -0.002 -13"><span class='ocrx_word' id='word_1_255' title='bbox 371 2219 626 2274; x_wconf 88' lang='lat' dir='ltr'>liaritate</span> <span class='ocrx_word' id='word_1_256' title='bbox 656 2217 837 2271; x_wconf 86' lang='lat' dir='ltr'>fuisse</span> <span class='ocrx_word' id='word_1_257' title='bbox 887 2216 1177 2285; x_wconf 88' lang='lat' dir='ltr'>avulsum,</span> <span class='ocrx_word' id='word_1_258' title='bbox 1226 2216 1445 2270; x_wconf 90' lang='lat' dir='ltr'>indicia</span> <span class='ocrx_word' id='word_1_259' title='bbox 1487 2216 1849 2287; x_wconf 79' lang='lat' dir='ltr'>praebentem</span> <span class='ocrx_word' id='word_1_260' title='bbox 1901 2233 2008 2271; x_wconf 92' lang='lat' dir='ltr'>no-</span> 
     </span>
    </p>
   </div>
   <div class='ocr_carea' id='block_1_41' title="bbox 370 2304 2007 2377">
    <p class='ocr_par' dir='ltr' id='par_1_41' title="bbox 370 2304 2007 2377">
     <span class='ocr_line' id='line_1_41' title="bbox 370 2304 2007 2377; baseline -0.001 -17"><span class='ocrx_word' id='word_1_261' title='bbox 370 2307 509 2362; x_wconf 90' lang='lat' dir='ltr'>bilis</span> <span class='ocrx_word' id='word_1_262' title='bbox 542 2322 663 2359; x_wconf 83' lang='lat' dir='ltr'>suae</span> <span class='ocrx_word' id='word_1_263' title='bbox 721 2310 779 2359; x_wconf 93' lang='lat' dir='ltr'>et</span> <span class='ocrx_word' id='word_1_264' title='bbox 834 2305 1227 2375; x_wconf 76' lang='lat' dir='ltr'>magnanimis</span> <span class='ocrx_word' id='word_1_265' title='bbox 1286 2304 1523 2360; x_wconf 90' lang='lat' dir='ltr'>indolis.</span> <span class='ocrx_word' id='word_1_266' title='bbox 1582 2305 2007 2377; x_wconf 89' lang='lat' dir='ltr'>Philostorgius</span> 
     </span>
    </p>
   </div>
   <div class='ocr_carea' id='block_1_42' title="bbox 372 2392 2007 2461">
    <p class='ocr_par' dir='ltr' id='par_1_42' title="bbox 372 2392 2007 2461">
     <span class='ocr_line' id='line_1_42' title="bbox 372 2392 2007 2461; baseline -0.002 -10"><span class='ocrx_word' id='word_1_267' title='bbox 372 2411 507 2450; x_wconf 86' lang='lat' dir='ltr'>vero</span> <span class='ocrx_word' id='word_1_268' title='bbox 542 2435 556 2461; x_wconf 92' lang='lat'>,</span> <span class='ocrx_word' id='word_1_269' title='bbox 616 2393 754 2448; x_wconf 91' lang='lat' dir='ltr'>licet</span> <span class='ocrx_word' id='word_1_270' title='bbox 802 2392 1252 2447; x_wconf 86' lang='lat' dir='ltr'>ardentissimus</span> <span class='ocrx_word' id='word_1_271' title='bbox 1309 2393 1690 2447; x_wconf 74' lang='lat' dir='ltr'>Eunomianze</span> <span class='ocrx_word' id='word_1_272' title='bbox 1761 2394 2007 2448; x_wconf 72' lang='lat' dir='ltr'>haeresis</span> 
     </span>
    </p>
   </div>
   <div class='ocr_carea' id='block_1_43' title="bbox 372 2481 2005 2554">
    <p class='ocr_par' dir='ltr' id='par_1_43' title="bbox 372 2481 2005 2554">
     <span class='ocr_line' id='line_1_43' title="bbox 372 2481 2005 2554; baseline -0.003 -14"><span class='ocrx_word' id='word_1_273' title='bbox 372 2489 644 2550; x_wconf 77' lang='lat' dir='ltr'>sectator,</span> <span class='ocrx_word' id='word_1_274' title='bbox 679 2499 855 2554; x_wconf 89' lang='lat' dir='ltr'>super</span> <span class='ocrx_word' id='word_1_275' title='bbox 884 2499 1090 2537; x_wconf 91' lang='lat' dir='ltr'>omnes</span> <span class='ocrx_word' id='word_1_276' title='bbox 1138 2488 1338 2536; x_wconf 86' lang='lat' dir='ltr'>tamen</span> <span class='ocrx_word' id='word_1_277' title='bbox 1388 2487 1707 2552; x_wconf 87' lang='lat' dir='ltr'>martyrem</span> <span class='ocrx_word' id='word_1_278' title='bbox 1757 2481 2005 2549; x_wconf 87' lang='lat' dir='ltr'>extollit,</span> 
     </span>
    </p>
   </div>
   <div class='ocr_carea' id='block_1_44' title="bbox 372 2570 2009 2644">
    <p class='ocr_par' dir='ltr' id='par_1_44' title="bbox 372 2570 2009 2644">
     <span class='ocr_line' id='line_1_44' title="bbox 372 2570 2009 2644; baseline -0.002 -16"><span class='ocrx_word' id='word_1_279' title='bbox 372 2588 587 2644; x_wconf 87' lang='lat' dir='ltr'>magna</span> <span class='ocrx_word' id='word_1_280' title='bbox 608 2571 913 2639; x_wconf 72' lang='lat' dir='ltr'>diligentia</span> <span class='ocrx_word' id='word_1_281' title='bbox 942 2575 1115 2641; x_wconf 86' lang='lat' dir='ltr'>atque</span> <span class='ocrx_word' id='word_1_282' title='bbox 1146 2570 1521 2625; x_wconf 90' lang='lat' dir='ltr'>accuratione</span> <span class='ocrx_word' id='word_1_283' title='bbox 1543 2587 1634 2625; x_wconf 90' lang='lat' dir='ltr'>res</span> <span class='ocrx_word' id='word_1_284' title='bbox 1656 2576 1847 2641; x_wconf 80' lang='lat' dir='ltr'>gestas</span> <span class='ocrx_word' id='word_1_285' title='bbox 1880 2570 2009 2641; x_wconf 86' lang='lat' dir='ltr'>ejus</span> 
     </span>
    </p>
   </div>
   <div class='ocr_carea' id='block_1_45' title="bbox 376 2658 2012 2729">
    <p class='ocr_par' dir='ltr' id='par_1_45' title="bbox 376 2658 2012 2729">
     <span class='ocr_line' id='line_1_45' title="bbox 376 2658 2012 2729; baseline -0.002 -12"><span class='ocrx_word' id='word_1_286' title='bbox 376 2666 632 2727; x_wconf 86' lang='lat' dir='ltr'>enarrat,</span> <span class='ocrx_word' id='word_1_287' title='bbox 665 2666 723 2714; x_wconf 91' lang='lat' dir='ltr'>et</span> <span class='ocrx_word' id='word_1_288' title='bbox 750 2660 822 2715; x_wconf 88' lang='lat' dir='ltr'>ab</span> <span class='ocrx_word' id='word_1_289' title='bbox 855 2660 1117 2729; x_wconf 90' lang='lat' dir='ltr'>antiquis</span> <span class='ocrx_word' id='word_1_290' title='bbox 1149 2658 1512 2729; x_wconf 88' lang='lat' dir='ltr'>temporibus</span> <span class='ocrx_word' id='word_1_291' title='bbox 1547 2658 1817 2728; x_wconf 82' lang='lat' dir='ltr'>martyris</span> <span class='ocrx_word' id='word_1_292' title='bbox 1849 2674 2012 2729; x_wconf 88' lang='lat' dir='ltr'>repe-</span> 
     </span>
    </p>
   </div>
   <div class='ocr_carea' id='block_1_46' title="bbox 372 2746 2011 2822">
    <p class='ocr_par' dir='ltr' id='par_1_46' title="bbox 372 2746 2011 2822">
     <span class='ocr_line' id='line_1_46' title="bbox 372 2746 2011 2822; baseline -0.002 -17"><span class='ocrx_word' id='word_1_293' title='bbox 372 2752 445 2805; x_wconf 90' lang='lat' dir='ltr'>tit</span> <span class='ocrx_word' id='word_1_294' title='bbox 473 2750 950 2822; x_wconf 81' lang='lat' dir='ltr'>generositatem,</span> <span class='ocrx_word' id='word_1_295' title='bbox 984 2749 1331 2818; x_wconf 89' lang='lat' dir='ltr'>priusquam</span> <span class='ocrx_word' id='word_1_296' title='bbox 1375 2746 1641 2817; x_wconf 88' lang='lat' dir='ltr'>martyrii</span> <span class='ocrx_word' id='word_1_297' title='bbox 1688 2747 2011 2801; x_wconf 90' lang='lat' dir='ltr'>certamina</span> 
     </span>
    </p>
   </div>
   <div class='ocr_carea' id='block_1_47' title="bbox 372 2835 2009 2906">
    <p class='ocr_par' dir='ltr' id='par_1_47' title="bbox 372 2835 2009 2906">
     <span class='ocr_line' id='line_1_47' title="bbox 372 2835 2009 2906; baseline -0.002 -13"><span class='ocrx_word' id='word_1_298' title='bbox 372 2837 765 2893; x_wconf 89' lang='lat' dir='ltr'>describenda</span> <span class='ocrx_word' id='word_1_299' title='bbox 793 2836 1112 2890; x_wconf 91' lang='lat' dir='ltr'>adoriatur.</span> <span class='ocrx_word' id='word_1_300' title='bbox 1144 2835 1430 2905; x_wconf 89' lang='lat' dir='ltr'>Incipiam</span> <span class='ocrx_word' id='word_1_301' title='bbox 1458 2835 1636 2905; x_wconf 86' lang='lat' dir='ltr'>igitur</span> <span class='ocrx_word' id='word_1_302' title='bbox 1666 2840 1724 2888; x_wconf 90' lang='lat' dir='ltr'>et</span> <span class='ocrx_word' id='word_1_303' title='bbox 1749 2850 1851 2906; x_wconf 88' lang='lat' dir='ltr'>ego</span> <span class='ocrx_word' id='word_1_304' title='bbox 1881 2836 2009 2905; x_wconf 89' lang='lat' dir='ltr'>ejus</span> 
     </span>
    </p>
   </div>
   <div class='ocr_carea' id='block_1_48' title="bbox 372 2921 2007 2993">
    <p class='ocr_par' dir='ltr' id='par_1_48' title="bbox 372 2921 2007 2993">
     <span class='ocr_line' id='line_1_48' title="bbox 372 2921 2007 2993; baseline -0.003 -12"><span class='ocrx_word' id='word_1_305' title='bbox 372 2926 704 2990; x_wconf 91' lang='lat' dir='ltr'>historiam,</span> <span class='ocrx_word' id='word_1_306' title='bbox 769 2923 1093 2978; x_wconf 90' lang='lat' dir='ltr'>secundum</span> <span class='ocrx_word' id='word_1_307' title='bbox 1151 2939 1219 2977; x_wconf 92' lang='lat' dir='ltr'>ea</span> <span class='ocrx_word' id='word_1_308' title='bbox 1266 2940 1397 2993; x_wconf 61' lang='lat' dir='ltr'>quas</span> <span class='ocrx_word' id='word_1_309' title='bbox 1452 2921 1693 2977; x_wconf 83' lang='lat' dir='ltr'>tradunt</span> <span class='ocrx_word' id='word_1_310' title='bbox 1746 2928 2007 2977; x_wconf 87' lang='lat' dir='ltr'>veterum</span> 
     </span>
    </p>
   </div>
   <div class='ocr_carea' id='block_1_49' title="bbox 368 3013 530 3070">
    <p class='ocr_par' dir='ltr' id='par_1_49' title="bbox 368 3013 530 3070">
     <span class='ocr_line' id='line_1_49' title="bbox 368 3013 530 3070; baseline -0.019 0"><span class='ocrx_word' id='word_1_311' title='bbox 368 3013 530 3070; x_wconf 90' lang='lat' dir='ltr'>libri.</span> 
     </span>
    </p>
   </div>
   <div class='ocr_carea' id='block_1_50' title="bbox 2118 1768 3721 1846">
    <p class='ocr_par' dir='ltr' id='par_1_50' title="bbox 2118 1768 3721 1846">
     <span class='ocr_line' id='line_1_50' title="bbox 2118 1768 3721 1846; baseline -0.001 -21"><span class='ocrx_word' id='word_1_312' title='bbox 2118 1775 2213 1825; x_wconf 81' lang='grc' dir='ltr'>τοῦ</span> <span class='ocrx_word' id='word_1_313' title='bbox 2276 1770 2511 1846; x_wconf 77' lang='grc' dir='ltr'>μεγάλου</span> <span class='ocrx_word' id='word_1_314' title='bbox 2573 1771 2970 1826; x_wconf 82' lang='grc' dir='ltr'>Κωνσταντίνου</span> <span class='ocrx_word' id='word_1_315' title='bbox 3002 1768 3075 1825; x_wconf 82' lang='grc' dir='ltr'>ὤν</span> <span class='ocrx_word' id='word_1_316' title='bbox 3105 1794 3162 1827; x_wconf 90' lang='grc' dir='ltr'>τε</span> <span class='ocrx_word' id='word_1_317' title='bbox 3193 1773 3284 1826; x_wconf 78' lang='lat' dir='ltr'>xui</span> <span class='ocrx_word' id='word_1_318' title='bbox 3334 1773 3721 1846; x_wconf 82' lang='grc' dir='ltr'>γνωριζόμενος,</span> 
     </span>
    </p>
   </div>
   <div class='ocr_carea' id='block_1_51' title="bbox 2119 1858 3720 1936">
    <p class='ocr_par' dir='ltr' id='par_1_51' title="bbox 2119 1858 3720 1936">
     <span class='ocr_line' id='line_1_51' title="bbox 2119 1858 3720 1936; baseline -0.001 -23"><span class='ocrx_word' id='word_1_319' title='bbox 2119 1858 2207 1914; x_wconf 84' lang='grc' dir='ltr'>καὶ</span> <span class='ocrx_word' id='word_1_320' title='bbox 2264 1864 2373 1914; x_wconf 79' lang='grc' dir='ltr'>τῶν</span> <span class='ocrx_word' id='word_1_321' title='bbox 2428 1859 2552 1915; x_wconf 86' lang='grc' dir='ltr'>τότε</span> <span class='ocrx_word' id='word_1_322' title='bbox 2617 1861 2925 1915; x_wconf 74' lang='grc' dir='ltr'>ἐπισκόπων</span> <span class='ocrx_word' id='word_1_323' title='bbox 2987 1862 3251 1936; x_wconf 77' lang='grc' dir='ltr'>ὑπάρχων</span> <span class='ocrx_word' id='word_1_324' title='bbox 3307 1862 3334 1914; x_wconf 92' lang='lat'>6</span> <span class='ocrx_word' id='word_1_325' title='bbox 3400 1860 3720 1934; x_wconf 83' lang='grc' dir='ltr'>λογιώτατος,</span> 
     </span>
    </p>
   </div>
   <div class='ocr_carea' id='block_1_52' title="bbox 2118 1944 3721 2025">
    <p class='ocr_par' dir='ltr' id='par_1_52' title="bbox 2118 1944 3721 2025">
     <span class='ocr_line' id='line_1_52' title="bbox 2118 1944 3721 2025; baseline -0.002 -22"><span class='ocrx_word' id='word_1_326' title='bbox 2118 1948 2430 2023; x_wconf 86' lang='grc' dir='ltr'>παρεισάγει</span> <span class='ocrx_word' id='word_1_327' title='bbox 2461 1949 2551 2003; x_wconf 87' lang='grc' dir='ltr'>τὸν</span> <span class='ocrx_word' id='word_1_328' title='bbox 2599 1949 2841 2025; x_wconf 85' lang='grc' dir='ltr'>μάρτυρα</span> <span class='ocrx_word' id='word_1_329' title='bbox 2901 1956 3001 2019; x_wconf 81' lang='grc' dir='ltr'>τῆς</span> <span class='ocrx_word' id='word_1_330' title='bbox 3059 1949 3373 2025; x_wconf 71' lang='grc' dir='ltr'>συγκλήτου</span> <span class='ocrx_word' id='word_1_331' title='bbox 3435 1948 3622 2018; x_wconf 87' lang='grc' dir='ltr'>βουλῆς</span> <span class='ocrx_word' id='word_1_332' title='bbox 3648 1944 3721 2001; x_wconf 75' lang='grc' dir='ltr'>ἕνα</span> 
     </span>
    </p>
   </div>
   <div class='ocr_carea' id='block_1_53' title="bbox 2117 2034 3718 2113">
    <p class='ocr_par' dir='ltr' id='par_1_53' title="bbox 2117 2034 3718 2113">
     <span class='ocr_line' id='line_1_53' title="bbox 2117 2034 3718 2113; baseline -0.002 -21"><span class='ocrx_word' id='word_1_333' title='bbox 2117 2037 2486 2112; x_wconf 84' lang='grc' dir='ltr'>τυγχάνοντα,</span> <span class='ocrx_word' id='word_1_334' title='bbox 2544 2037 2633 2092; x_wconf 84' lang='grc' dir='ltr'>καὶ</span> <span class='ocrx_word' id='word_1_335' title='bbox 2686 2038 2965 2113; x_wconf 84' lang='grc' dir='ltr'>γνώριμον</span> <span class='ocrx_word' id='word_1_336' title='bbox 3024 2037 3077 2099; x_wconf 82' lang='grc' dir='ltr'>ἐς</span> <span class='ocrx_word' id='word_1_337' title='bbox 3136 2038 3203 2092; x_wconf 87' lang='grc' dir='ltr'>τά</span> <span class='ocrx_word' id='word_1_338' title='bbox 3264 2035 3525 2113; x_wconf 83' lang='grc' dir='ltr'>βασιλέως</span> <span class='ocrx_word' id='word_1_339' title='bbox 3579 2034 3718 2109; x_wconf 86' lang='grc' dir='ltr'>ὑπάρ-</span> 
     </span>
    </p>
   </div>
   <div class='ocr_carea' id='block_1_54' title="bbox 2120 2125 3719 2202">
    <p class='ocr_par' dir='ltr' id='par_1_54' title="bbox 2120 2125 3719 2202">
     <span class='ocr_line' id='line_1_54' title="bbox 2120 2125 3719 2202; baseline -0.002 -22"><span class='ocrx_word' id='word_1_340' title='bbox 2120 2146 2311 2200; x_wconf 86' lang='grc' dir='ltr'>χοντα,</span> <span class='ocrx_word' id='word_1_341' title='bbox 2344 2126 2430 2179; x_wconf 84' lang='grc' dir='ltr'>καὶ</span> <span class='ocrx_word' id='word_1_342' title='bbox 2462 2134 2561 2195; x_wconf 76' lang='grc' dir='ltr'>τῆς</span> <span class='ocrx_word' id='word_1_343' title='bbox 2592 2128 2715 2202; x_wconf 84' lang='grc' dir='ltr'>περί</span> <span class='ocrx_word' id='word_1_344' title='bbox 2769 2129 2860 2180; x_wconf 87' lang='grc' dir='ltr'>τὸν</span> <span class='ocrx_word' id='word_1_345' title='bbox 2894 2128 3271 2183; x_wconf 86' lang='grc' dir='ltr'>Κωνστάντιον</span> <span class='ocrx_word' id='word_1_346' title='bbox 3304 2128 3392 2182; x_wconf 88' lang='grc' dir='ltr'>τὸν</span> <span class='ocrx_word' id='word_1_347' title='bbox 3450 2125 3600 2181; x_wconf 78' lang='grc' dir='ltr'>αὑτοῦ</span> <span class='ocrx_word' id='word_1_348' title='bbox 3627 2126 3719 2178; x_wconf 78' lang='grc' dir='ltr'>υἱὸν</span> 
     </span>
    </p>
   </div>
   <div class='ocr_carea' id='block_1_55' title="bbox 2121 2210 3718 2291">
    <p class='ocr_par' dir='ltr' id='par_1_55' title="bbox 2121 2210 3718 2291">
     <span class='ocr_line' id='line_1_55' title="bbox 2121 2210 3718 2291; baseline -0.001 -23"><span class='ocrx_word' id='word_1_349' title='bbox 2121 2213 2377 2288; x_wconf 73' lang='grc' dir='ltr'>ἑταιρίας,</span> <span class='ocrx_word' id='word_1_350' title='bbox 2409 2213 2505 2268; x_wconf 75' lang='grc' dir='ltr'>εἶτ’</span> <span class='ocrx_word' id='word_1_351' title='bbox 2555 2213 2646 2268; x_wconf 66' lang='grc' dir='ltr'>οὖν</span> <span class='ocrx_word' id='word_1_352' title='bbox 2695 2214 2906 2291; x_wconf 72' lang='grc' dir='ltr'>φιλίας,</span> <span class='ocrx_word' id='word_1_353' title='bbox 2956 2213 3299 2283; x_wconf 85' lang='grc' dir='ltr'>σπουδαστήν</span> <span class='ocrx_word' id='word_1_354' title='bbox 3356 2210 3718 2290; x_wconf 73' lang='grc' dir='ltr'>ἀκριϐέστατον.</span> 
     </span>
    </p>
   </div>
   <div class='ocr_carea' id='block_1_56' title="bbox 2121 2301 3720 2377">
    <p class='ocr_par' dir='ltr' id='par_1_56' title="bbox 2121 2301 3720 2377">
     <span class='ocr_line' id='line_1_56' title="bbox 2121 2301 3720 2377; baseline -0.001 -21"><span class='ocrx_word' id='word_1_355' title='bbox 2121 2302 2370 2357; x_wconf 81' lang='grc' dir='ltr'>Φαίνεται</span> <span class='ocrx_word' id='word_1_356' title='bbox 2402 2302 2501 2377; x_wconf 73' lang='grc' dir='ltr'>γάρ</span> <span class='ocrx_word' id='word_1_357' title='bbox 2532 2304 2559 2357; x_wconf 90' lang='lat'>6</span> <span class='ocrx_word' id='word_1_358' title='bbox 2594 2302 2873 2376; x_wconf 81' lang='grc' dir='ltr'>Μακάριος</span> <span class='ocrx_word' id='word_1_359' title='bbox 2923 2302 3063 2376; x_wconf 67' lang='grc' dir='ltr'>μηδὲ</span> <span class='ocrx_word' id='word_1_360' title='bbox 3093 2305 3318 2359; x_wconf 88' lang='grc' dir='ltr'>πώποτε</span> <span class='ocrx_word' id='word_1_361' title='bbox 3362 2306 3458 2375; x_wconf 80' lang='grc' dir='ltr'>τῆς</span> <span class='ocrx_word' id='word_1_362' title='bbox 3500 2302 3620 2375; x_wconf 86' lang='grc' dir='ltr'>πρὸς</span> <span class='ocrx_word' id='word_1_363' title='bbox 3646 2301 3720 2355; x_wconf 82' lang='grc' dir='ltr'>τὸν</span> 
     </span>
    </p>
   </div>
   <div class='ocr_carea' id='block_1_57' title="bbox 2120 2388 3722 2467">
    <p class='ocr_par' dir='ltr' id='par_1_57' title="bbox 2120 2388 3722 2467">
     <span class='ocr_line' id='line_1_57' title="bbox 2120 2388 3722 2467; baseline -0.002 -21"><span class='ocrx_word' id='word_1_364' title='bbox 2120 2389 2491 2446; x_wconf 88' lang='grc' dir='ltr'>Κωνστάντιον</span> <span class='ocrx_word' id='word_1_365' title='bbox 2546 2391 2729 2467; x_wconf 70' lang='grc' dir='ltr'>φιλίας</span> <span class='ocrx_word' id='word_1_366' title='bbox 2792 2390 3276 2466; x_wconf 77' lang='grc' dir='ltr'>ἀποσπασάμενος,</span> <span class='ocrx_word' id='word_1_367' title='bbox 3313 2394 3375 2447; x_wconf 88' lang='grc' dir='ltr'>τὸ</span> <span class='ocrx_word' id='word_1_368' title='bbox 3430 2389 3621 2461; x_wconf 79' lang='grc' dir='ltr'>ἔνδοξον</span> <span class='ocrx_word' id='word_1_369' title='bbox 3645 2388 3722 2443; x_wconf 80' lang='grc' dir='ltr'>αὖ·</span> 
     </span>
    </p>
   </div>
   <div class='ocr_carea' id='block_1_58' title="bbox 2117 2474 3720 2556">
    <p class='ocr_par' dir='ltr' id='par_1_58' title="bbox 2117 2474 3720 2556">
     <span class='ocr_line' id='line_1_58' title="bbox 2117 2474 3720 2556; baseline -0.002 -22"><span class='ocrx_word' id='word_1_370' title='bbox 2117 2484 2215 2534; x_wconf 74' lang='grc' dir='ltr'>τοῦ</span> <span class='ocrx_word' id='word_1_371' title='bbox 2272 2480 2361 2533; x_wconf 88' lang='lat' dir='ltr'>xui</span> <span class='ocrx_word' id='word_1_372' title='bbox 2414 2478 2786 2555; x_wconf 79' lang='grc' dir='ltr'>μεγαλουργὸν</span> <span class='ocrx_word' id='word_1_373' title='bbox 2847 2481 3151 2556; x_wconf 76' lang='grc' dir='ltr'>ὑποφαίνων</span> <span class='ocrx_word' id='word_1_374' title='bbox 3213 2488 3315 2551; x_wconf 86' lang='grc' dir='ltr'>τῆς</span> <span class='ocrx_word' id='word_1_375' title='bbox 3368 2480 3581 2551; x_wconf 57' lang='grc' dir='ltr'>φύσεως</span> <span class='ocrx_word' id='word_1_376' title='bbox 3624 2474 3720 2532; x_wconf 80' lang='grc' dir='ltr'>όδέ</span> 
     </span>
    </p>
   </div>
   <div class='ocr_carea' id='block_1_59' title="bbox 2118 2566 3718 2645">
    <p class='ocr_par' dir='ltr' id='par_1_59' title="bbox 2118 2566 3718 2645">
     <span class='ocr_line' id='line_1_59' title="bbox 2118 2566 3718 2645; baseline -0.003 -23"><span class='ocrx_word' id='word_1_377' title='bbox 2118 2589 2179 2644; x_wconf 89' lang='grc' dir='ltr'>γε</span> <span class='ocrx_word' id='word_1_378' title='bbox 2208 2566 2629 2643; x_wconf 80' lang='grc' dir='ltr'>Φιλοστόργιος,</span> <span class='ocrx_word' id='word_1_379' title='bbox 2663 2569 2707 2622; x_wconf 85' lang='grc' dir='ltr'>εἰ</span> <span class='ocrx_word' id='word_1_380' title='bbox 2738 2570 2824 2623; x_wconf 88' lang='lat' dir='ltr'>xui</span> <span class='ocrx_word' id='word_1_381' title='bbox 2888 2567 3149 2645; x_wconf 85' lang='grc' dir='ltr'>διάπυρος</span> <span class='ocrx_word' id='word_1_382' title='bbox 3182 2569 3408 2643; x_wconf 73' lang='grc' dir='ltr'>ἐραστὴς</span> <span class='ocrx_word' id='word_1_383' title='bbox 3462 2574 3552 2636; x_wconf 79' lang='grc' dir='ltr'>τῆς</span> <span class='ocrx_word' id='word_1_384' title='bbox 3579 2566 3718 2623; x_wconf 82' lang='grc' dir='ltr'>Εὐνο-</span> 
     </span>
    </p>
   </div>
   <div class='ocr_carea' id='block_1_60' title="bbox 2126 2655 3717 2732">
    <p class='ocr_par' dir='ltr' id='par_1_60' title="bbox 2126 2655 3717 2732">
     <span class='ocr_line' id='line_1_60' title="bbox 2126 2655 3717 2732; baseline 0.002 -23"><span class='ocrx_word' id='word_1_385' title='bbox 2126 2656 2253 2727; x_wconf 90' lang='grc' dir='ltr'>μίου</span> <span class='ocrx_word' id='word_1_386' title='bbox 2315 2657 2548 2730; x_wconf 84' lang='grc' dir='ltr'>ὑπάρχει</span> <span class='ocrx_word' id='word_1_387' title='bbox 2609 2655 2916 2732; x_wconf 70' lang='grc' dir='ltr'>αἱρέσεως,</span> <span class='ocrx_word' id='word_1_388' title='bbox 2970 2657 3097 2713; x_wconf 76' lang='grc' dir='ltr'>ἀλλ’</span> <span class='ocrx_word' id='word_1_389' title='bbox 3154 2658 3312 2731; x_wconf 78' lang='grc' dir='ltr'>ὅμως</span> <span class='ocrx_word' id='word_1_390' title='bbox 3377 2658 3499 2732; x_wconf 69' lang='grc' dir='ltr'>ὑπὲρ</span> <span class='ocrx_word' id='word_1_391' title='bbox 3552 2656 3717 2712; x_wconf 78' lang='grc' dir='ltr'>πάντας</span> 
     </span>
    </p>
   </div>
   <div class='ocr_carea' id='block_1_61' title="bbox 2122 2741 3720 2820">
    <p class='ocr_par' dir='ltr' id='par_1_61' title="bbox 2122 2741 3720 2820">
     <span class='ocr_line' id='line_1_61' title="bbox 2122 2741 3720 2820; baseline -0.003 -22"><span class='ocrx_word' id='word_1_392' title='bbox 2122 2743 2378 2813; x_wconf 79' lang='grc' dir='ltr'>ἐκθειάζει</span> <span class='ocrx_word' id='word_1_393' title='bbox 2436 2746 2527 2798; x_wconf 89' lang='grc' dir='ltr'>τὸν</span> <span class='ocrx_word' id='word_1_394' title='bbox 2587 2743 2873 2820; x_wconf 87' lang='grc' dir='ltr'>μάρτυρα,</span> <span class='ocrx_word' id='word_1_395' title='bbox 2931 2745 3150 2817; x_wconf 80' lang='grc' dir='ltr'>πολλήν</span> <span class='ocrx_word' id='word_1_396' title='bbox 3206 2768 3328 2802; x_wconf 87' lang='grc' dir='ltr'>τινα</span> <span class='ocrx_word' id='word_1_397' title='bbox 3378 2748 3471 2815; x_wconf 75' lang='grc' dir='ltr'>τὴν</span> <span class='ocrx_word' id='word_1_398' title='bbox 3524 2741 3720 2799; x_wconf 74' lang='grc' dir='ltr'>ἔνστασιν</span> 
     </span>
    </p>
   </div>
   <div class='ocr_carea' id='block_1_62' title="bbox 2121 2828 3723 2911">
    <p class='ocr_par' dir='ltr' id='par_1_62' title="bbox 2121 2828 3723 2911">
     <span class='ocr_line' id='line_1_62' title="bbox 2121 2828 3723 2911; baseline 0.004 -24"><span class='ocrx_word' id='word_1_399' title='bbox 2121 2833 2210 2887; x_wconf 86' lang='lat' dir='ltr'>xui</span> <span class='ocrx_word' id='word_1_400' title='bbox 2267 2828 2542 2905; x_wconf 78' lang='grc' dir='ltr'>ἀκρίϐειαν</span> <span class='ocrx_word' id='word_1_401' title='bbox 2596 2838 2702 2889; x_wconf 80' lang='grc' dir='ltr'>τῶν</span> <span class='ocrx_word' id='word_1_402' title='bbox 2762 2834 2925 2889; x_wconf 76' lang='grc' dir='ltr'>αὐτοῦ</span> <span class='ocrx_word' id='word_1_403' title='bbox 2982 2838 3234 2911; x_wconf 77' lang='grc' dir='ltr'>πράξεων</span> <span class='ocrx_word' id='word_1_404' title='bbox 3289 2830 3723 2907; x_wconf 67' lang='grc' dir='ltr'>ποιησάμενος,ίκ</span> 
     </span>
    </p>
   </div>
   <div class='ocr_carea' id='block_1_63' title="bbox 2119 2917 3723 3000">
    <p class='ocr_par' dir='ltr' id='par_1_63' title="bbox 2119 2917 3723 3000">
     <span class='ocr_line' id='line_1_63' title="bbox 2119 2917 3723 3000; baseline -0.002 -25"><span class='ocrx_word' id='word_1_405' title='bbox 2119 2926 2227 2975; x_wconf 78' lang='grc' dir='ltr'>τῶν</span> <span class='ocrx_word' id='word_1_406' title='bbox 2262 2918 2462 2975; x_wconf 72' lang='grc' dir='ltr'>ἀνωθεν</span> <span class='ocrx_word' id='word_1_407' title='bbox 2505 2922 2718 2997; x_wconf 79' lang='grc' dir='ltr'>χρόνων</span> <span class='ocrx_word' id='word_1_408' title='bbox 2773 2923 2872 2991; x_wconf 74' lang='grc' dir='ltr'>τὴν</span> <span class='ocrx_word' id='word_1_409' title='bbox 2925 2928 3004 2995; x_wconf 78' lang='grc' dir='ltr'>τῷ</span> <span class='ocrx_word' id='word_1_410' title='bbox 3058 2926 3293 3000; x_wconf 87' lang='grc' dir='ltr'>μάρτυρι</span> <span class='ocrx_word' id='word_1_411' title='bbox 3353 2926 3630 2998; x_wconf 80' lang='grc' dir='ltr'>προσοῦσαν</span> <span class='ocrx_word' id='word_1_412' title='bbox 3655 2917 3723 2972; x_wconf 83' lang='grc' dir='ltr'>εὖ-</span> 
     </span>
    </p>
   </div>
   <div class='ocr_carea' id='block_1_64' title="bbox 2122 3011 3719 3088">
    <p class='ocr_par' dir='ltr' id='par_1_64' title="bbox 2122 3011 3719 3088">
     <span class='ocr_line' id='line_1_64' title="bbox 2122 3011 3719 3088; baseline -0.002 -24"><span class='ocrx_word' id='word_1_413' title='bbox 2122 3011 2331 3085; x_wconf 83' lang='grc' dir='ltr'>γένειάν</span> <span class='ocrx_word' id='word_1_414' title='bbox 2391 3012 2908 3085; x_wconf 83' lang='grc' dir='ltr'>ὑποσημηνάμενος,</span> <span class='ocrx_word' id='word_1_415' title='bbox 2967 3013 3055 3068; x_wconf 82' lang='grc' dir='ltr'>καὶ</span> <span class='ocrx_word' id='word_1_416' title='bbox 3112 3016 3244 3088; x_wconf 81' lang='grc' dir='ltr'>πρὶν</span> <span class='ocrx_word' id='word_1_417' title='bbox 3276 3014 3311 3082; x_wconf 76' lang='grc' dir='ltr'><strong>ἢ</strong></span> <span class='ocrx_word' id='word_1_418' title='bbox 3350 3018 3454 3068; x_wconf 80' lang='grc' dir='ltr'>τῶν</span> <span class='ocrx_word' id='word_1_419' title='bbox 3480 3015 3567 3066; x_wconf 78' lang='grc' dir='ltr'>τοῦ</span> <span class='ocrx_word' id='word_1_420' title='bbox 3613 3027 3719 3082; x_wconf 83' lang='grc' dir='ltr'>μαρ-</span> 
     </span>
    </p>
   </div>
   <div class='ocr_carea' id='block_1_65' title="bbox 369 3094 3722 3177">
    <p class='ocr_par' dir='ltr' id='par_1_65' title="bbox 369 3094 3722 3177">
     <span class='ocr_line' id='line_1_65' title="bbox 369 3094 3722 3177; baseline -0.001 -21"><span class='ocrx_word' id='word_1_421' title='bbox 369 3101 558 3175; x_wconf 90' lang='grc' dir='ltr'>τυρίου</span> <span class='ocrx_word' id='word_1_422' title='bbox 614 3099 844 3175; x_wconf 85' lang='grc' dir='ltr'>ἀγώνων</span> <span class='ocrx_word' id='word_1_423' title='bbox 900 3097 1217 3177; x_wconf 75' lang='grc' dir='ltr'>ἐφάψασθαι.</span> <span class='ocrx_word' id='word_1_424' title='bbox 1278 3098 1542 3173; x_wconf 81' lang='grc' dir='ltr'>Ἀρξομαι</span> <span class='ocrx_word' id='word_1_425' title='bbox 1598 3098 1779 3152; x_wconf 86' lang='grc' dir='ltr'>τοίνυν</span> <span class='ocrx_word' id='word_1_426' title='bbox 1845 3098 1999 3173; x_wconf 87' lang='grc' dir='ltr'>κάγὼ</span> <span class='ocrx_word' id='word_1_427' title='bbox 2054 3104 2154 3169; x_wconf 82' lang='grc' dir='ltr'>τῆς</span> <span class='ocrx_word' id='word_1_428' title='bbox 2206 3102 2324 3154; x_wconf 80' lang='grc' dir='ltr'>κατ’</span> <span class='ocrx_word' id='word_1_429' title='bbox 2362 3098 2521 3155; x_wconf 81' lang='grc' dir='ltr'>αὑτὸν</span> <span class='ocrx_word' id='word_1_430' title='bbox 2590 3100 2849 3174; x_wconf 77' lang='grc' dir='ltr'>ἱστορίας,</span> <span class='ocrx_word' id='word_1_431' title='bbox 2918 3103 2992 3164; x_wconf 84' lang='grc' dir='ltr'>ὡς</span> <span class='ocrx_word' id='word_1_432' title='bbox 3060 3102 3116 3155; x_wconf 73' lang='grc' dir='ltr'>αἱ</span> <span class='ocrx_word' id='word_1_433' title='bbox 3176 3102 3429 3158; x_wconf 82' lang='grc' dir='ltr'>παλαιῶν</span> <span class='ocrx_word' id='word_1_434' title='bbox 3487 3094 3722 3173; x_wconf 76' lang='grc' dir='ltr'>διαγορεύο</span> 
     </span>
    </p>
   </div>
   <div class='ocr_carea' id='block_1_66' title="bbox 371 3186 752 3247">
    <p class='ocr_par' dir='ltr' id='par_1_66' title="bbox 371 3186 752 3247">
     <span class='ocr_line' id='line_1_66' title="bbox 371 3186 752 3247; baseline 0.005 -2"><span class='ocrx_word' id='word_1_435' title='bbox 371 3209 518 3245; x_wconf 83' lang='grc' dir='ltr'>ουσιν</span> <span class='ocrx_word' id='word_1_436' title='bbox 548 3186 752 3247; x_wconf 84' lang='grc' dir='ltr'>δέλτοι.</span> 
     </span>
    </p>
   </div>
   <div class='ocr_carea' id='block_1_67' title="bbox 444 3275 2096 3347">
    <p class='ocr_par' dir='ltr' id='par_1_67' title="bbox 444 3275 2096 3347">
     <span class='ocr_line' id='line_1_67' title="bbox 444 3275 2096 3347; baseline -0.002 -12"><span class='ocrx_word' id='word_1_437' title='bbox 444 3283 496 3335; x_wconf 80' lang='lat'>5.</span> <span class='ocrx_word' id='word_1_438' title='bbox 527 3278 807 3333; x_wconf 89' lang='lat' dir='ltr'>Idolatria</span> <span class='ocrx_word' id='word_1_439' title='bbox 859 3275 1145 3332; x_wconf 83' lang='lat' dir='ltr'>refrenari</span> <span class='ocrx_word' id='word_1_440' title='bbox 1158 3276 1285 3347; x_wconf 89' lang='lat' dir='ltr'>jam</span> <span class='ocrx_word' id='word_1_441' title='bbox 1317 3280 1592 3347; x_wconf 75' lang='lat' dir='ltr'>cceperat,</span> <span class='ocrx_word' id='word_1_442' title='bbox 1618 3281 1675 3330; x_wconf 84' lang='lat' dir='ltr'>et</span> <span class='ocrx_word' id='word_1_443' title='bbox 1724 3276 2020 3331; x_wconf 65' lang='lat' dir='ltr'>daemoum</span> <span class='ocrx_word' id='word_1_444' title='bbox 2053 3278 2096 3346; x_wconf 82' lang='lat' dir='ltr'>C</span> 
     </span>
    </p>
   </div>
   <div class='ocr_carea' id='block_1_68' title="bbox 371 3364 2015 3439">
    <p class='ocr_par' dir='ltr' id='par_1_68' title="bbox 371 3364 2015 3439">
     <span class='ocr_line' id='line_1_68' title="bbox 371 3364 2015 3439; baseline -0.003 -15"><span class='ocrx_word' id='word_1_445' title='bbox 371 3369 611 3424; x_wconf 86' lang='lat' dir='ltr'>fraudes</span> <span class='ocrx_word' id='word_1_446' title='bbox 642 3367 924 3439; x_wconf 86' lang='lat' dir='ltr'>extingui,</span> <span class='ocrx_word' id='word_1_447' title='bbox 952 3383 1059 3437; x_wconf 92' lang='lat' dir='ltr'>per</span> <span class='ocrx_word' id='word_1_448' title='bbox 1088 3364 1559 3419; x_wconf 88' lang='lat' dir='ltr'>misericordiam</span> <span class='ocrx_word' id='word_1_449' title='bbox 1583 3381 1713 3435; x_wconf 59' lang='lat' dir='ltr'>qua)</span> <span class='ocrx_word' id='word_1_450' title='bbox 1744 3365 2015 3435; x_wconf 91' lang='lat' dir='ltr'>impensa</span> 
     </span>
    </p>
   </div>
   <div class='ocr_carea' id='block_1_69' title="bbox 371 3452 2009 3527">
    <p class='ocr_par' dir='ltr' id='par_1_69' title="bbox 371 3452 2009 3527">
     <span class='ocr_line' id='line_1_69' title="bbox 371 3452 2009 3527; baseline -0.002 -16"><span class='ocrx_word' id='word_1_451' title='bbox 371 3457 485 3511; x_wconf 86' lang='lat' dir='ltr'>fuit</span> <span class='ocrx_word' id='word_1_452' title='bbox 514 3472 547 3510; x_wconf 91' lang='lat' dir='ltr'>a</span> <span class='ocrx_word' id='word_1_453' title='bbox 577 3472 787 3527; x_wconf 86' lang='lat' dir='ltr'>magno</span> <span class='ocrx_word' id='word_1_454' title='bbox 820 3456 935 3509; x_wconf 90' lang='lat' dir='ltr'>Deo</span> <span class='ocrx_word' id='word_1_455' title='bbox 959 3459 1015 3508; x_wconf 92' lang='lat' dir='ltr'>et</span> <span class='ocrx_word' id='word_1_456' title='bbox 1044 3452 1339 3507; x_wconf 91' lang='lat' dir='ltr'>Salvatore</span> <span class='ocrx_word' id='word_1_457' title='bbox 1385 3458 1588 3507; x_wconf 90' lang='lat' dir='ltr'>nostro</span> <span class='ocrx_word' id='word_1_458' title='bbox 1614 3455 1749 3507; x_wconf 87' lang='lat' dir='ltr'>Jesu</span> <span class='ocrx_word' id='word_1_459' title='bbox 1781 3454 2009 3507; x_wconf 92' lang='lat' dir='ltr'>Christo</span> 
     </span>
    </p>
   </div>
   <div class='ocr_carea' id='block_1_70' title="bbox 370 3542 2015 3607">
    <p class='ocr_par' dir='ltr' id='par_1_70' title="bbox 370 3542 2015 3607">
     <span class='ocr_line' id='line_1_70' title="bbox 370 3542 2015 3607; baseline -0.002 -6"><span class='ocrx_word' id='word_1_460' title='bbox 370 3546 543 3602; x_wconf 86' lang='lat' dir='ltr'>beato</span> <span class='ocrx_word' id='word_1_461' title='bbox 582 3550 639 3599; x_wconf 88' lang='lat' dir='ltr'>et</span> <span class='ocrx_word' id='word_1_462' title='bbox 684 3544 1006 3599; x_wconf 86' lang='lat' dir='ltr'>venerabili</span> <span class='ocrx_word' id='word_1_463' title='bbox 1054 3543 1462 3607; x_wconf 89' lang='lat' dir='ltr'>Constantino,</span> <span class='ocrx_word' id='word_1_464' title='bbox 1512 3542 1914 3599; x_wconf 80' lang='lat' dir='ltr'>illustrissimo</span> <span class='ocrx_word' id='word_1_465' title='bbox 1958 3549 2015 3598; x_wconf 89' lang='lat' dir='ltr'>et</span> 
     </span>
    </p>
   </div>
   <div class='ocr_carea' id='block_1_71' title="bbox 369 3631 2011 3707">
    <p class='ocr_par' dir='ltr' id='par_1_71' title="bbox 369 3631 2011 3707">
     <span class='ocr_line' id='line_1_71' title="bbox 369 3631 2011 3707; baseline -0.004 -17"><span class='ocrx_word' id='word_1_466' title='bbox 369 3635 469 3707; x_wconf 90' lang='lat' dir='ltr'>pio</span> <span class='ocrx_word' id='word_1_467' title='bbox 500 3634 864 3706; x_wconf 89' lang='lat' dir='ltr'>imperatori,</span> <span class='ocrx_word' id='word_1_468' title='bbox 898 3632 1235 3688; x_wconf 87' lang='lat' dir='ltr'>Constantis</span> <span class='ocrx_word' id='word_1_469' title='bbox 1265 3637 1324 3686; x_wconf 91' lang='lat' dir='ltr'>et</span> <span class='ocrx_word' id='word_1_470' title='bbox 1369 3632 1558 3686; x_wconf 75' lang='lat' dir='ltr'>beataa</span> <span class='ocrx_word' id='word_1_471' title='bbox 1587 3631 1821 3686; x_wconf 60' lang='lat' dir='ltr'>Helenus</span> <span class='ocrx_word' id='word_1_472' title='bbox 1866 3632 2011 3687; x_wconf 83' lang='lat' dir='ltr'>ﬁlio.</span> 
     </span>
    </p>
   </div>
   <div class='ocr_carea' id='block_1_72' title="bbox 368 3720 2013 3793">
    <p class='ocr_par' dir='ltr' id='par_1_72' title="bbox 368 3720 2013 3793">
     <span class='ocr_line' id='line_1_72' title="bbox 368 3720 2013 3793; baseline -0.002 -15"><span class='ocrx_word' id='word_1_473' title='bbox 368 3724 478 3790; x_wconf 87' lang='lat' dir='ltr'>Qui</span> <span class='ocrx_word' id='word_1_474' title='bbox 501 3722 727 3779; x_wconf 90' lang='lat' dir='ltr'>scilicet</span> <span class='ocrx_word' id='word_1_475' title='bbox 754 3739 861 3793; x_wconf 90' lang='lat' dir='ltr'>per</span> <span class='ocrx_word' id='word_1_476' title='bbox 879 3722 1121 3776; x_wconf 78' lang='lat' dir='ltr'>viviﬁcae</span> <span class='ocrx_word' id='word_1_477' title='bbox 1153 3721 1343 3775; x_wconf 87' lang='lat' dir='ltr'>crucis</span> <span class='ocrx_word' id='word_1_478' title='bbox 1384 3720 1445 3775; x_wconf 90' lang='lat' dir='ltr'>in</span> <span class='ocrx_word' id='word_1_479' title='bbox 1489 3720 1653 3775; x_wconf 64' lang='lat' dir='ltr'>caelis</span> <span class='ocrx_word' id='word_1_480' title='bbox 1683 3722 2013 3792; x_wconf 86' lang='lat' dir='ltr'>apparitio-</span> 
     </span>
    </p>
   </div>
   <div class='ocr_carea' id='block_1_73' title="bbox 370 3810 2015 3875">
    <p class='ocr_par' dir='ltr' id='par_1_73' title="bbox 370 3810 2015 3875">
     <span class='ocr_line' id='line_1_73' title="bbox 370 3810 2015 3875; baseline -0.001 -8"><span class='ocrx_word' id='word_1_481' title='bbox 370 3829 510 3868; x_wconf 89' lang='lat' dir='ltr'>nem</span> <span class='ocrx_word' id='word_1_482' title='bbox 540 3811 611 3865; x_wconf 90' lang='lat' dir='ltr'>ab</span> <span class='ocrx_word' id='word_1_483' title='bbox 643 3810 806 3865; x_wconf 89' lang='lat' dir='ltr'>inani</span> <span class='ocrx_word' id='word_1_484' title='bbox 836 3810 1133 3864; x_wconf 91' lang='lat' dir='ltr'>idolorum</span> <span class='ocrx_word' id='word_1_485' title='bbox 1172 3825 1369 3863; x_wconf 89' lang='lat' dir='ltr'>errore</span> <span class='ocrx_word' id='word_1_486' title='bbox 1393 3814 1716 3875; x_wconf 91' lang='lat' dir='ltr'>revocatus,</span> <span class='ocrx_word' id='word_1_487' title='bbox 1742 3810 2015 3865; x_wconf 86' lang='lat' dir='ltr'>inimicos</span> 
     </span>
    </p>
   </div>
   <div class='ocr_carea' id='block_1_74' title="bbox 372 3896 2015 3969">
    <p class='ocr_par' dir='ltr' id='par_1_74' title="bbox 372 3896 2015 3969">
     <span class='ocr_line' id='line_1_74' title="bbox 372 3896 2015 3969; baseline -0.001 -15"><span class='ocrx_word' id='word_1_488' title='bbox 372 3904 433 3954; x_wconf 91' lang='lat' dir='ltr'>et</span> <span class='ocrx_word' id='word_1_489' title='bbox 461 3896 742 3953; x_wconf 88' lang='lat' dir='ltr'>scelestos</span> <span class='ocrx_word' id='word_1_490' title='bbox 772 3896 1069 3968; x_wconf 90' lang='lat' dir='ltr'>principes</span> <span class='ocrx_word' id='word_1_491' title='bbox 1102 3897 1402 3967; x_wconf 89' lang='lat' dir='ltr'>superavit</span> <span class='ocrx_word' id='word_1_492' title='bbox 1430 3897 1696 3969; x_wconf 90' lang='lat' dir='ltr'>ejusdem</span> <span class='ocrx_word' id='word_1_493' title='bbox 1726 3914 2015 3953; x_wconf 89' lang='lat' dir='ltr'>veneran-</span> 
     </span>
    </p>
   </div>
   <div class='ocr_carea' id='block_1_75' title="bbox 374 3985 2019 4057">
    <p class='ocr_par' dir='ltr' id='par_1_75' title="bbox 374 3985 2019 4057">
     <span class='ocr_line' id='line_1_75' title="bbox 374 3985 2019 4057; baseline -0.002 -13"><span class='ocrx_word' id='word_1_494' title='bbox 374 3987 465 4044; x_wconf 73' lang='lat' dir='ltr'>daa</span> <span class='ocrx_word' id='word_1_495' title='bbox 497 3985 688 4042; x_wconf 90' lang='lat' dir='ltr'>crucis</span> <span class='ocrx_word' id='word_1_496' title='bbox 720 4001 829 4057; x_wconf 89' lang='lat' dir='ltr'>ope</span> <span class='ocrx_word' id='word_1_497' title='bbox 851 3989 911 4040; x_wconf 90' lang='lat' dir='ltr'>et</span> <span class='ocrx_word' id='word_1_498' title='bbox 946 3985 1182 4041; x_wconf 86' lang='lat' dir='ltr'>virtute.</span> <span class='ocrx_word' id='word_1_499' title='bbox 1218 3985 1405 4039; x_wconf 90' lang='lat' dir='ltr'>Simul</span> <span class='ocrx_word' id='word_1_500' title='bbox 1438 3991 1493 4040; x_wconf 88' lang='lat' dir='ltr'>et</span> <span class='ocrx_word' id='word_1_501' title='bbox 1526 3992 1795 4040; x_wconf 90' lang='lat' dir='ltr'>sanctum</span> <span class='ocrx_word' id='word_1_502' title='bbox 1826 3987 2019 4041; x_wconf 89' lang='lat' dir='ltr'>Chris-</span> 
     </span>
    </p>
   </div>
   <div class='ocr_carea' id='block_1_76' title="bbox 375 4072 2015 4139">
    <p class='ocr_par' dir='ltr' id='par_1_76' title="bbox 375 4072 2015 4139">
     <span class='ocr_line' id='line_1_76' title="bbox 375 4072 2015 4139; baseline -0.001 -9"><span class='ocrx_word' id='word_1_503' title='bbox 375 4075 672 4130; x_wconf 86' lang='lat' dir='ltr'>tianorum</span> <span class='ocrx_word' id='word_1_504' title='bbox 704 4090 887 4128; x_wconf 91' lang='lat' dir='ltr'>cornu</span> <span class='ocrx_word' id='word_1_505' title='bbox 920 4072 1241 4128; x_wconf 82' lang='lat' dir='ltr'>exaltatum</span> <span class='ocrx_word' id='word_1_506' title='bbox 1274 4078 1382 4139; x_wconf 90' lang='lat' dir='ltr'>est,</span> <span class='ocrx_word' id='word_1_507' title='bbox 1420 4073 1789 4127; x_wconf 88' lang='lat' dir='ltr'>Constantini</span> <span class='ocrx_word' id='word_1_508' title='bbox 1823 4074 2015 4129; x_wconf 89' lang='lat' dir='ltr'>studio</span> 
     </span>
    </p>
   </div>
   <div class='ocr_carea' id='block_1_77' title="bbox 373 4161 2016 4229">
    <p class='ocr_par' dir='ltr' id='par_1_77' title="bbox 373 4161 2016 4229">
     <span class='ocr_line' id='line_1_77' title="bbox 373 4161 2016 4229; baseline -0.001 -10"><span class='ocrx_word' id='word_1_509' title='bbox 373 4180 441 4219; x_wconf 89' lang='lat' dir='ltr'>ac</span> <span class='ocrx_word' id='word_1_510' title='bbox 471 4164 587 4219; x_wconf 86' lang='lat' dir='ltr'>ﬂde</span> <span class='ocrx_word' id='word_1_511' title='bbox 636 4163 719 4219; x_wconf 86' lang='lat' dir='ltr'>ita</span> <span class='ocrx_word' id='word_1_512' title='bbox 746 4163 1143 4217; x_wconf 78' lang='lat' dir='ltr'>confortatum</span> <span class='ocrx_word' id='word_1_513' title='bbox 1197 4166 1256 4219; x_wconf 89' lang='lat' dir='ltr'>et</span> <span class='ocrx_word' id='word_1_514' title='bbox 1305 4161 1642 4229; x_wconf 88' lang='lat' dir='ltr'>adauctum,</span> <span class='ocrx_word' id='word_1_515' title='bbox 1683 4167 1749 4217; x_wconf 91' lang='lat' dir='ltr'>ut</span> <span class='ocrx_word' id='word_1_516' title='bbox 1800 4163 2016 4217; x_wconf 89' lang='lat' dir='ltr'>Christi</span> 
     </span>
    </p>
   </div>
   <div class='ocr_carea' id='block_1_78' title="bbox 371 4250 2014 4324">
    <p class='ocr_par' dir='ltr' id='par_1_78' title="bbox 371 4250 2014 4324">
     <span class='ocr_line' id='line_1_78' title="bbox 371 4250 2014 4324; baseline 0.001 -19"><span class='ocrx_word' id='word_1_517' title='bbox 371 4251 713 4324; x_wconf 70' lang='lat' dir='ltr'>prmdicatio</span> <span class='ocrx_word' id='word_1_518' title='bbox 746 4257 933 4305; x_wconf 92' lang='lat' dir='ltr'>totum</span> <span class='ocrx_word' id='word_1_519' title='bbox 967 4250 1226 4323; x_wconf 89' lang='lat' dir='ltr'>repleret</span> <span class='ocrx_word' id='word_1_520' title='bbox 1256 4251 1483 4317; x_wconf 86' lang='lat' dir='ltr'>orbem,</span> <span class='ocrx_word' id='word_1_521' title='bbox 1514 4251 1789 4306; x_wconf 82' lang='lat' dir='ltr'>universa</span> <span class='ocrx_word' id='word_1_522' title='bbox 1828 4251 2014 4307; x_wconf 84' lang='lat' dir='ltr'>idolo-</span> 
     </span>
    </p>
   </div>
   <div class='ocr_carea' id='block_1_79' title="bbox 372 4339 2017 4411">
    <p class='ocr_par' dir='ltr' id='par_1_79' title="bbox 372 4339 2017 4411">
     <span class='ocr_line' id='line_1_79' title="bbox 372 4339 2017 4411; baseline 0 -16"><span class='ocrx_word' id='word_1_523' title='bbox 372 4340 569 4395; x_wconf 89' lang='lat' dir='ltr'>lorum</span> <span class='ocrx_word' id='word_1_524' title='bbox 600 4340 828 4404; x_wconf 87' lang='lat' dir='ltr'>altaria,</span> <span class='ocrx_word' id='word_1_525' title='bbox 864 4340 1180 4395; x_wconf 89' lang='lat' dir='ltr'>simulacra</span> <span class='ocrx_word' id='word_1_526' title='bbox 1202 4346 1260 4394; x_wconf 90' lang='lat' dir='ltr'>et</span> <span class='ocrx_word' id='word_1_527' title='bbox 1288 4340 1512 4411; x_wconf 90' lang='lat' dir='ltr'>templa</span> <span class='ocrx_word' id='word_1_528' title='bbox 1536 4339 1877 4410; x_wconf 87' lang='lat' dir='ltr'>ubicunque</span> <span class='ocrx_word' id='word_1_529' title='bbox 1902 4346 2017 4395; x_wconf 74' lang='lat' dir='ltr'>ter~</span> 
     </span>
    </p>
   </div>
   <div class='ocr_carea' id='block_1_80' title="bbox 372 4428 2019 4499">
    <p class='ocr_par' dir='ltr' id='par_1_80' title="bbox 372 4428 2019 4499">
     <span class='ocr_line' id='line_1_80' title="bbox 372 4428 2019 4499; baseline 0.001 -15"><span class='ocrx_word' id='word_1_530' title='bbox 372 4444 574 4484; x_wconf 91' lang='lat' dir='ltr'>rarum</span> <span class='ocrx_word' id='word_1_531' title='bbox 608 4428 1073 4499; x_wconf 87' lang='lat' dir='ltr'>destruerentur,</span> <span class='ocrx_word' id='word_1_532' title='bbox 1103 4436 1162 4485; x_wconf 91' lang='lat' dir='ltr'>et</span> <span class='ocrx_word' id='word_1_533' title='bbox 1186 4430 1661 4485; x_wconf 87' lang='lat' dir='ltr'>instaurarentur</span> <span class='ocrx_word' id='word_1_534' title='bbox 1695 4430 1798 4483; x_wconf 91' lang='lat' dir='ltr'>Dei</span> <span class='ocrx_word' id='word_1_535' title='bbox 1830 4431 2019 4485; x_wconf 91' lang='lat' dir='ltr'>eccle-</span> 
     </span>
    </p>
   </div>
   <div class='ocr_carea' id='block_1_81' title="bbox 375 4516 2018 4589">
    <p class='ocr_par' dir='ltr' id='par_1_81' title="bbox 375 4516 2018 4589">
     <span class='ocr_line' id='line_1_81' title="bbox 375 4516 2018 4589; baseline 0.001 -17"><span class='ocrx_word' id='word_1_536' title='bbox 375 4516 497 4585; x_wconf 83' lang='lat' dir='ltr'>siae,</span> <span class='ocrx_word' id='word_1_537' title='bbox 532 4534 678 4587; x_wconf 88' lang='lat' dir='ltr'>quas</span> <span class='ocrx_word' id='word_1_538' title='bbox 710 4517 923 4572; x_wconf 90' lang='lat' dir='ltr'>Christi</span> <span class='ocrx_word' id='word_1_539' title='bbox 955 4517 1185 4572; x_wconf 90' lang='lat' dir='ltr'>inimici</span> <span class='ocrx_word' id='word_1_540' title='bbox 1214 4523 1389 4589; x_wconf 89' lang='lat' dir='ltr'>atque</span> <span class='ocrx_word' id='word_1_541' title='bbox 1422 4516 1587 4588; x_wconf 90' lang='lat' dir='ltr'>impii</span> <span class='ocrx_word' id='word_1_542' title='bbox 1629 4517 2018 4587; x_wconf 88' lang='lat' dir='ltr'>imperatores</span> 
     </span>
    </p>
   </div>
   <div class='ocr_carea' id='block_1_82' title="bbox 376 4610 730 4660">
    <p class='ocr_par' dir='ltr' id='par_1_82' title="bbox 376 4610 730 4660">
     <span class='ocr_line' id='line_1_82' title="bbox 376 4610 730 4660; baseline -0.006 0"><span class='ocrx_word' id='word_1_543' title='bbox 376 4610 730 4660; x_wconf 88' lang='lat' dir='ltr'>everterant.</span> 
     </span>
    </p>
   </div>
   <div class='ocr_carea' id='block_1_83' title="bbox 2198 3271 3723 3355">
    <p class='ocr_par' dir='ltr' id='par_1_83' title="bbox 2198 3271 3723 3355">
     <span class='ocr_line' id='line_1_83' title="bbox 2198 3271 3723 3355; baseline 0.001 -25"><span class='ocrx_word' id='word_1_544' title='bbox 2198 3282 2252 3334; x_wconf 87' lang='grc' dir='ltr'>ε’.</span> <span class='ocrx_word' id='word_1_545' title='bbox 2311 3278 2424 3345; x_wconf 80' lang='grc' dir='ltr'>Τῆς</span> <span class='ocrx_word' id='word_1_546' title='bbox 2481 3274 2939 3355; x_wconf 69' lang='grc' dir='ltr'>εἷδωλολσιτρείας</span> <span class='ocrx_word' id='word_1_547' title='bbox 2992 3281 3112 3354; x_wconf 83' lang='grc' dir='ltr'>ἄρτι</span> <span class='ocrx_word' id='word_1_548' title='bbox 3168 3277 3604 3347; x_wconf 81' lang='grc' dir='ltr'>καταπαυθείσης,</span> <span class='ocrx_word' id='word_1_549' title='bbox 3650 3271 3723 3326; x_wconf 70' lang='grc' dir='ltr'>καὶ</span> 
     </span>
    </p>
   </div>
   <div class='ocr_carea' id='block_1_84' title="bbox 2120 3363 3722 3438">
    <p class='ocr_par' dir='ltr' id='par_1_84' title="bbox 2120 3363 3722 3438">
     <span class='ocr_line' id='line_1_84' title="bbox 2120 3363 3722 3438; baseline -0.001 -20"><span class='ocrx_word' id='word_1_550' title='bbox 2120 3370 2221 3433; x_wconf 84' lang='grc' dir='ltr'>τῆς</span> <span class='ocrx_word' id='word_1_551' title='bbox 2284 3368 2393 3419; x_wconf 79' lang='grc' dir='ltr'>τῶν</span> <span class='ocrx_word' id='word_1_552' title='bbox 2451 3363 2721 3438; x_wconf 85' lang='grc' dir='ltr'>δαιμόνων</span> <span class='ocrx_word' id='word_1_553' title='bbox 2770 3366 2980 3437; x_wconf 85' lang='grc' dir='ltr'>ἀπάτης</span> <span class='ocrx_word' id='word_1_554' title='bbox 3039 3363 3509 3436; x_wconf 76' lang='grc' dir='ltr'>κατασϐεσθείσης,</span> <span class='ocrx_word' id='word_1_555' title='bbox 3563 3364 3613 3418; x_wconf 73' lang='grc' dir='ltr'>ἐκ</span> <span class='ocrx_word' id='word_1_556' title='bbox 3644 3366 3722 3428; x_wconf 82' lang='grc' dir='ltr'>τῆς</span> 
     </span>
    </p>
   </div>
   <div class='ocr_carea' id='block_1_85' title="bbox 2121 3448 3717 3533">
    <p class='ocr_par' dir='ltr' id='par_1_85' title="bbox 2121 3448 3717 3533">
     <span class='ocr_line' id='line_1_85' title="bbox 2121 3448 3717 3533; baseline -0.002 -29"><span class='ocrx_word' id='word_1_557' title='bbox 2121 3452 2419 3526; x_wconf 76' lang='grc' dir='ltr'>γενομένης</span> <span class='ocrx_word' id='word_1_558' title='bbox 2451 3451 2863 3531; x_wconf 80' lang='grc' dir='ltr'>φιλανθρωπίας</span> <span class='ocrx_word' id='word_1_559' title='bbox 2895 3455 3040 3530; x_wconf 84' lang='grc' dir='ltr'>παρά</span> <span class='ocrx_word' id='word_1_560' title='bbox 3095 3460 3192 3510; x_wconf 78' lang='grc' dir='ltr'>τοῦ</span> <span class='ocrx_word' id='word_1_561' title='bbox 3229 3455 3463 3533; x_wconf 86' lang='grc' dir='ltr'>μεγάλου</span> <span class='ocrx_word' id='word_1_562' title='bbox 3508 3456 3624 3508; x_wconf 72' lang='grc' dir='ltr'>Θεοῦ</span> <span class='ocrx_word' id='word_1_563' title='bbox 3648 3448 3717 3503; x_wconf 82' lang='lat' dir='ltr'>xui</span> 
     </span>
    </p>
   </div>
   <div class='ocr_carea' id='block_1_86' title="bbox 2127 3538 3719 3620">
    <p class='ocr_par' dir='ltr' id='par_1_86' title="bbox 2127 3538 3719 3620">
     <span class='ocr_line' id='line_1_86' title="bbox 2127 3538 3719 3620; baseline -0.001 -26"><span class='ocrx_word' id='word_1_564' title='bbox 2127 3545 2387 3616; x_wconf 83' lang='grc' dir='ltr'>Σωτῆρος</span> <span class='ocrx_word' id='word_1_565' title='bbox 2428 3544 2587 3615; x_wconf 81' lang='grc' dir='ltr'>ἡμῶν</span> <span class='ocrx_word' id='word_1_566' title='bbox 2649 3544 2832 3612; x_wconf 86' lang='grc' dir='ltr'>Ἰησοῦ</span> <span class='ocrx_word' id='word_1_567' title='bbox 2890 3544 3124 3619; x_wconf 78' lang='grc' dir='ltr'>Χριστοῦ</span> <span class='ocrx_word' id='word_1_568' title='bbox 3176 3545 3303 3620; x_wconf 90' lang='grc' dir='ltr'>περί</span> <span class='ocrx_word' id='word_1_569' title='bbox 3357 3543 3444 3599; x_wconf 84' lang='grc' dir='ltr'>τὸν</span> <span class='ocrx_word' id='word_1_570' title='bbox 3505 3538 3719 3613; x_wconf 73' lang='grc' dir='ltr'>μακάριον</span> 
     </span>
    </p>
   </div>
   <div class='ocr_carea' id='block_1_87' title="bbox 2123 3621 3720 3708">
    <p class='ocr_par' dir='ltr' id='par_1_87' title="bbox 2123 3621 3720 3708">
     <span class='ocr_line' id='line_1_87' title="bbox 2123 3621 3720 3708; baseline -0.001 -25"><span class='ocrx_word' id='word_1_571' title='bbox 2123 3630 2213 3683; x_wconf 86' lang='grc' dir='ltr'>καὶ</span> <span class='ocrx_word' id='word_1_572' title='bbox 2273 3627 2529 3702; x_wconf 87' lang='grc' dir='ltr'>ἀοίδιμον</span> <span class='ocrx_word' id='word_1_573' title='bbox 2590 3635 3019 3701; x_wconf 85' lang='grc' dir='ltr'>Κωνσταντῖνον,</span> <span class='ocrx_word' id='word_1_574' title='bbox 3079 3634 3170 3687; x_wconf 87' lang='grc' dir='ltr'>τὸν</span> <span class='ocrx_word' id='word_1_575' title='bbox 3236 3631 3603 3708; x_wconf 87' lang='grc' dir='ltr'>ὑπερλαμπρον</span> <span class='ocrx_word' id='word_1_576' title='bbox 3650 3621 3720 3677; x_wconf 79' lang='grc' dir='ltr'>καὶ</span> 
     </span>
    </p>
   </div>
   <div class='ocr_carea' id='block_1_88' title="bbox 2126 3708 3719 3795">
    <p class='ocr_par' dir='ltr' id='par_1_88' title="bbox 2126 3708 3719 3795">
     <span class='ocr_line' id='line_1_88' title="bbox 2126 3708 3719 3795; baseline -0.004 -24"><span class='ocrx_word' id='word_1_577' title='bbox 2126 3713 2319 3783; x_wconf 79' lang='grc' dir='ltr'>εὐσεϐῆ</span> <span class='ocrx_word' id='word_1_578' title='bbox 2353 3716 2602 3794; x_wconf 84' lang='grc' dir='ltr'>βασιλέα,</span> <span class='ocrx_word' id='word_1_579' title='bbox 2635 3721 2726 3774; x_wconf 87' lang='grc' dir='ltr'>τὸν</span> <span class='ocrx_word' id='word_1_580' title='bbox 2754 3725 2852 3775; x_wconf 75' lang='grc' dir='ltr'>τοῦ</span> <span class='ocrx_word' id='word_1_581' title='bbox 2901 3726 3258 3785; x_wconf 80' lang='grc' dir='ltr'>Κῶνσταντος</span> <span class='ocrx_word' id='word_1_582' title='bbox 3316 3722 3456 3795; x_wconf 79' lang='grc'>[344]</span> <span class='ocrx_word' id='word_1_583' title='bbox 3506 3717 3605 3771; x_wconf 72' lang='grc' dir='ltr'>υἱὸν</span> <span class='ocrx_word' id='word_1_584' title='bbox 3650 3708 3719 3766; x_wconf 78' lang='grc' dir='ltr'>καὶ</span> 
     </span>
    </p>
   </div>
   <div class='ocr_carea' id='block_1_89' title="bbox 2122 3808 3721 3881">
    <p class='ocr_par' dir='ltr' id='par_1_89' title="bbox 2122 3808 3721 3881">
     <span class='ocr_line' id='line_1_89' title="bbox 2122 3808 3721 3881; baseline 0.004 -20"><span class='ocrx_word' id='word_1_585' title='bbox 2122 3813 2222 3875; x_wconf 81' lang='grc' dir='ltr'>τῆς</span> <span class='ocrx_word' id='word_1_586' title='bbox 2286 3808 2554 3881; x_wconf 84' lang='grc' dir='ltr'>μακαρίας</span> <span class='ocrx_word' id='word_1_587' title='bbox 2613 3808 2865 3879; x_wconf 86' lang='grc' dir='ltr'>Ἑλένης,</span> <span class='ocrx_word' id='word_1_588' title='bbox 2925 3811 3075 3872; x_wconf 85' lang='grc' dir='ltr'>ὅπως</span> <span class='ocrx_word' id='word_1_589' title='bbox 3126 3832 3185 3864; x_wconf 90' lang='grc' dir='ltr'>τε</span> <span class='ocrx_word' id='word_1_590' title='bbox 3216 3811 3378 3866; x_wconf 83' lang='grc' dir='ltr'>αὐτὸν</span> <span class='ocrx_word' id='word_1_591' title='bbox 3409 3808 3463 3863; x_wconf 85' lang='grc' dir='ltr'>ἐκ</span> <span class='ocrx_word' id='word_1_592' title='bbox 3503 3812 3591 3874; x_wconf 84' lang='grc' dir='ltr'>τῆς</span> <span class='ocrx_word' id='word_1_593' title='bbox 3638 3820 3721 3875; x_wconf 76' lang='grc' dir='ltr'>μα-</span> 
     </span>
    </p>
   </div>
   <div class='ocr_carea' id='block_1_90' title="bbox 2122 3891 3719 3969">
    <p class='ocr_par' dir='ltr' id='par_1_90' title="bbox 2122 3891 3719 3969">
     <span class='ocr_line' id='line_1_90' title="bbox 2122 3891 3719 3969; baseline 0.002 -19"><span class='ocrx_word' id='word_1_594' title='bbox 2122 3894 2277 3957; x_wconf 81' lang='grc' dir='ltr'>ταίας</span> <span class='ocrx_word' id='word_1_595' title='bbox 2302 3900 2411 3950; x_wconf 85' lang='grc' dir='ltr'>τῶν</span> <span class='ocrx_word' id='word_1_596' title='bbox 2445 3894 2688 3951; x_wconf 86' lang='grc' dir='ltr'>εἰδώλων</span> <span class='ocrx_word' id='word_1_597' title='bbox 2748 3896 2959 3969; x_wconf 84' lang='grc' dir='ltr'>πλάνης</span> <span class='ocrx_word' id='word_1_598' title='bbox 3009 3898 3393 3966; x_wconf 76' lang='grc' dir='ltr'>ἀνεκαλέσατο,</span> <span class='ocrx_word' id='word_1_599' title='bbox 3422 3897 3504 3952; x_wconf 85' lang='lat' dir='ltr'>xui</span> <span class='ocrx_word' id='word_1_600' title='bbox 3532 3901 3617 3962; x_wconf 80' lang='grc' dir='ltr'>τῆς</span> <span class='ocrx_word' id='word_1_601' title='bbox 3641 3891 3719 3944; x_wconf 66' lang='grc' dir='ltr'>τοῦ</span> 
     </span>
    </p>
   </div>
   <div class='ocr_carea' id='block_1_91' title="bbox 2128 3980 3718 4062">
    <p class='ocr_par' dir='ltr' id='par_1_91' title="bbox 2128 3980 3718 4062">
     <span class='ocr_line' id='line_1_91' title="bbox 2128 3980 3718 4062; baseline -0.006 -23"><span class='ocrx_word' id='word_1_602' title='bbox 2128 3988 2401 4053; x_wconf 85' lang='grc' dir='ltr'>ζωοποιοῦ</span> <span class='ocrx_word' id='word_1_603' title='bbox 2444 3989 2677 4062; x_wconf 82' lang='grc' dir='ltr'>σταυροῦ</span> <span class='ocrx_word' id='word_1_604' title='bbox 2706 3985 2757 4040; x_wconf 88' lang='grc' dir='ltr'>έν</span> <span class='ocrx_word' id='word_1_605' title='bbox 2792 3988 3007 4061; x_wconf 79' lang='grc' dir='ltr'>οὐρανῷ</span> <span class='ocrx_word' id='word_1_606' title='bbox 3037 3984 3342 4060; x_wconf 80' lang='grc' dir='ltr'>ἐπιδείξεως</span> <span class='ocrx_word' id='word_1_607' title='bbox 3375 4031 3388 4057; x_wconf 93' lang='grc'>,</span> <span class='ocrx_word' id='word_1_608' title='bbox 3431 3988 3540 4046; x_wconf 84' lang='grc' dir='ltr'>πῶς</span> <span class='ocrx_word' id='word_1_609' title='bbox 3565 4001 3614 4035; x_wconf 85' lang='grc' dir='ltr'>τε</span> <span class='ocrx_word' id='word_1_610' title='bbox 3636 3980 3718 4033; x_wconf 80' lang='grc' dir='ltr'>τῶν</span> 
     </span>
    </p>
   </div>
   <div class='ocr_carea' id='block_1_92' title="bbox 2125 4068 3717 4151">
    <p class='ocr_par' dir='ltr' id='par_1_92' title="bbox 2125 4068 3717 4151">
     <span class='ocr_line' id='line_1_92' title="bbox 2125 4068 3717 4151; baseline 0.004 -24"><span class='ocrx_word' id='word_1_611' title='bbox 2125 4073 2341 4147; x_wconf 81' lang='grc' dir='ltr'>ἐχθρῶν</span> <span class='ocrx_word' id='word_1_612' title='bbox 2371 4074 2459 4128; x_wconf 87' lang='grc' dir='ltr'>καὶ</span> <span class='ocrx_word' id='word_1_613' title='bbox 2502 4073 2834 4149; x_wconf 88' lang='grc' dir='ltr'>παρανόμων</span> <span class='ocrx_word' id='word_1_614' title='bbox 2889 4074 3155 4151; x_wconf 87' lang='grc' dir='ltr'>βασιλέων</span> <span class='ocrx_word' id='word_1_615' title='bbox 3189 4077 3518 4151; x_wconf 70' lang='grc' dir='ltr'>περιεγένετο</span> <span class='ocrx_word' id='word_1_616' title='bbox 3548 4068 3621 4125; x_wconf 75' lang='grc' dir='ltr'>διὰ</span> <span class='ocrx_word' id='word_1_617' title='bbox 3644 4070 3717 4151; x_wconf 65' lang='grc' dir='ltr'>τῆς</span> 
     </span>
    </p>
   </div>
   <div class='ocr_carea' id='block_1_93' title="bbox 2122 4150 3716 4239">
    <p class='ocr_par' dir='ltr' id='par_1_93' title="bbox 2122 4150 3716 4239">
     <span class='ocr_line' id='line_1_93' title="bbox 2122 4150 3716 4239; baseline 0.003 -22"><span class='ocrx_word' id='word_1_618' title='bbox 2122 4166 2221 4217; x_wconf 82' lang='grc' dir='ltr'>τοῦ</span> <span class='ocrx_word' id='word_1_619' title='bbox 2251 4161 2437 4234; x_wconf 88' lang='grc' dir='ltr'>τιμίου</span> <span class='ocrx_word' id='word_1_620' title='bbox 2486 4168 2718 4239; x_wconf 90' lang='grc' dir='ltr'>σταυροῦ</span> <span class='ocrx_word' id='word_1_621' title='bbox 2774 4162 3041 4239; x_wconf 77' lang='grc' dir='ltr'>ἐνεργείας</span> <span class='ocrx_word' id='word_1_622' title='bbox 3094 4185 3154 4220; x_wconf 90' lang='grc' dir='ltr'>τε</span> <span class='ocrx_word' id='word_1_623' title='bbox 3209 4166 3299 4219; x_wconf 86' lang='grc' dir='ltr'>καὶ</span> <span class='ocrx_word' id='word_1_624' title='bbox 3349 4163 3625 4236; x_wconf 82' lang='grc' dir='ltr'>δυνάμεως,</span> <span class='ocrx_word' id='word_1_625' title='bbox 3649 4150 3716 4208; x_wconf 62' lang='grc' dir='ltr'>καὶ</span> 
     </span>
    </p>
   </div>
   <div class='ocr_carea' id='block_1_94' title="bbox 2124 4242 3715 4329">
    <p class='ocr_par' dir='ltr' id='par_1_94' title="bbox 2124 4242 3715 4329">
     <span class='ocr_line' id='line_1_94' title="bbox 2124 4242 3715 4329; baseline 0.001 -24"><span class='ocrx_word' id='word_1_626' title='bbox 2124 4256 2242 4312; x_wconf 83' lang='grc' dir='ltr'>πῶς</span> <span class='ocrx_word' id='word_1_627' title='bbox 2274 4248 2335 4305; x_wconf 78' lang='grc' dir='ltr'>τό</span> <span class='ocrx_word' id='word_1_628' title='bbox 2362 4252 2697 4327; x_wconf 83' lang='grc' dir='ltr'>Χριστιανῶν</span> <span class='ocrx_word' id='word_1_629' title='bbox 2746 4251 2996 4329; x_wconf 74' lang='grc' dir='ltr'>θεοφιλὲς</span> <span class='ocrx_word' id='word_1_630' title='bbox 3057 4254 3248 4327; x_wconf 80' lang='grc' dir='ltr'>ὑψώθη</span> <span class='ocrx_word' id='word_1_631' title='bbox 3309 4254 3487 4327; x_wconf 81' lang='grc' dir='ltr'>κέρας,</span> <span class='ocrx_word' id='word_1_632' title='bbox 3539 4246 3625 4302; x_wconf 75' lang='grc' dir='ltr'>ὑπὸ</span> <span class='ocrx_word' id='word_1_633' title='bbox 3643 4242 3715 4306; x_wconf 67' lang='grc' dir='ltr'>τῆς</span> 
     </span>
    </p>
   </div>
   <div class='ocr_carea' id='block_1_95' title="bbox 2128 4336 3718 4419">
    <p class='ocr_par' dir='ltr' id='par_1_95' title="bbox 2128 4336 3718 4419">
     <span class='ocr_line' id='line_1_95' title="bbox 2128 4336 3718 4419; baseline -0.006 -22"><span class='ocrx_word' id='word_1_634' title='bbox 2128 4341 2292 4397; x_wconf 77' lang='grc' dir='ltr'>αὑτοῦ</span> <span class='ocrx_word' id='word_1_635' title='bbox 2350 4342 2657 4418; x_wconf 89' lang='grc' dir='ltr'>πρυθυμίας</span> <span class='ocrx_word' id='word_1_636' title='bbox 2708 4343 2797 4397; x_wconf 83' lang='lat' dir='ltr'>xui</span> <span class='ocrx_word' id='word_1_637' title='bbox 2856 4343 3087 4405; x_wconf 86' lang='grc' dir='ltr'>πίστεως</span> <span class='ocrx_word' id='word_1_638' title='bbox 3120 4388 3133 4413; x_wconf 97' lang='grc'>,</span> <span class='ocrx_word' id='word_1_639' title='bbox 3205 4336 3640 4419; x_wconf 81' lang='grc' dir='ltr'>συγκροτοόμενόν</span> <span class='ocrx_word' id='word_1_640' title='bbox 3676 4348 3718 4383; x_wconf 76' lang='grc' dir='ltr'>τε</span> 
     </span>
    </p>
   </div>
   <div class='ocr_carea' id='block_1_96' title="bbox 2127 4429 3716 4505">
    <p class='ocr_par' dir='ltr' id='par_1_96' title="bbox 2127 4429 3716 4505">
     <span class='ocr_line' id='line_1_96' title="bbox 2127 4429 3716 4505; baseline 0 -22"><span class='ocrx_word' id='word_1_641' title='bbox 2127 4430 2213 4484; x_wconf 84' lang='grc' dir='ltr'>καὶ</span> <span class='ocrx_word' id='word_1_642' title='bbox 2272 4430 2748 4504; x_wconf 80' lang='grc' dir='ltr'>συναυξανόμενον,</span> <span class='ocrx_word' id='word_1_643' title='bbox 2801 4431 2905 4486; x_wconf 83' lang='grc' dir='ltr'>ὥτε</span> <span class='ocrx_word' id='word_1_644' title='bbox 2960 4432 3021 4486; x_wconf 85' lang='grc' dir='ltr'>τὸ</span> <span class='ocrx_word' id='word_1_645' title='bbox 3077 4436 3174 4486; x_wconf 78' lang='grc' dir='ltr'>τοῦ</span> <span class='ocrx_word' id='word_1_646' title='bbox 3233 4434 3468 4505; x_wconf 80' lang='grc' dir='ltr'>Χριστοῦ</span> <span class='ocrx_word' id='word_1_647' title='bbox 3511 4429 3716 4505; x_wconf 51' lang='grc' dir='ltr'>κήρυγμα</span> 
     </span>
    </p>
   </div>
   <div class='ocr_carea' id='block_1_97' title="bbox 2127 4502 3717 4593">
    <p class='ocr_par' dir='ltr' id='par_1_97' title="bbox 2127 4502 3717 4593">
     <span class='ocr_line' id='line_1_97' title="bbox 2127 4502 3717 4593; baseline 0.003 -22"><span class='ocrx_word' id='word_1_648' title='bbox 2127 4523 2298 4572; x_wconf 83' lang='grc' dir='ltr'>πᾶσαν</span> <span class='ocrx_word' id='word_1_649' title='bbox 2352 4502 2645 4592; x_wconf 81' lang='grc' dir='ltr'>πληρῶσαι</span> <span class='ocrx_word' id='word_1_650' title='bbox 2700 4520 2799 4587; x_wconf 72' lang='grc' dir='ltr'>τὴν</span> <span class='ocrx_word' id='word_1_651' title='bbox 2871 4519 3215 4593; x_wconf 72' lang='grc' dir='ltr'>οἰκουμένη,</span> <span class='ocrx_word' id='word_1_652' title='bbox 3267 4502 3622 4590; x_wconf 76' lang='grc' dir='ltr'>καθαιρεθῆναι</span> <span class='ocrx_word' id='word_1_653' title='bbox 3676 4502 3717 4559; x_wconf 63' lang='grc' dir='ltr'>δ’</span> 
     </span>
    </p>
   </div>
   <div class='ocr_carea' id='block_1_98' title="bbox 2126 4593 3714 4682">
    <p class='ocr_par' dir='ltr' id='par_1_98' title="bbox 2126 4593 3714 4682">
     <span class='ocr_line' id='line_1_98' title="bbox 2126 4593 3714 4682; baseline -0.003 -24"><span class='ocrx_word' id='word_1_654' title='bbox 2126 4606 2326 4669; x_wconf 89' lang='grc' dir='ltr'>πάντας</span> <span class='ocrx_word' id='word_1_655' title='bbox 2380 4608 2509 4668; x_wconf 84' lang='grc' dir='ltr'>τοὺς</span> <span class='ocrx_word' id='word_1_656' title='bbox 2568 4606 2794 4682; x_wconf 76' lang='grc' dir='ltr'>βωμοὺς</span> <span class='ocrx_word' id='word_1_657' title='bbox 2860 4612 2969 4663; x_wconf 84' lang='grc' dir='ltr'>τῶν</span> <span class='ocrx_word' id='word_1_658' title='bbox 3026 4606 3272 4664; x_wconf 83' lang='grc' dir='ltr'>εἰδώλων</span> <span class='ocrx_word' id='word_1_659' title='bbox 3325 4608 3409 4663; x_wconf 86' lang='grc' dir='ltr'>καὶ</span> <span class='ocrx_word' id='word_1_660' title='bbox 3462 4603 3605 4675; x_wconf 78' lang='grc' dir='ltr'>ξόανα</span> <span class='ocrx_word' id='word_1_661' title='bbox 3646 4593 3714 4682; x_wconf 60' lang='grc' dir='ltr'>καξ</span> 
     </span>
    </p>
   </div>
   <div class='ocr_carea' id='block_1_99' title="bbox 371 4675 3716 4770">
    <p class='ocr_par' dir='ltr' id='par_1_99' title="bbox 371 4675 3716 4770">
     <span class='ocr_line' id='line_1_99' title="bbox 371 4675 3716 4770; baseline -0.002 -24"><span class='ocrx_word' id='word_1_662' title='bbox 371 4692 536 4755; x_wconf 79' lang='grc' dir='ltr'>ναοὺς</span> <span class='ocrx_word' id='word_1_663' title='bbox 569 4691 829 4761; x_wconf 81' lang='grc' dir='ltr'>ἅπαντας,</span> <span class='ocrx_word' id='word_1_664' title='bbox 861 4690 986 4748; x_wconf 79' lang='grc' dir='ltr'>ὅποι</span> <span class='ocrx_word' id='word_1_665' title='bbox 1037 4692 1173 4747; x_wconf 77' lang='grc' dir='ltr'>ποτὶ</span> <span class='ocrx_word' id='word_1_666' title='bbox 1225 4693 1327 4767; x_wconf 66' lang='grc' dir='ltr'>γῆς</span> <span class='ocrx_word' id='word_1_667' title='bbox 1368 4688 1696 4766; x_wconf 74' lang='grc' dir='ltr'>ἐτύγχανον,</span> <span class='ocrx_word' id='word_1_668' title='bbox 1728 4689 2201 4766; x_wconf 80' lang='grc' dir='ltr'>ἀνοικοδομεὶσθαι</span> <span class='ocrx_word' id='word_1_669' title='bbox 2233 4692 2291 4749; x_wconf 79' lang='grc' dir='ltr'>δὶ</span> <span class='ocrx_word' id='word_1_670' title='bbox 2335 4696 2433 4757; x_wconf 79' lang='grc' dir='ltr'>τὰς</span> <span class='ocrx_word' id='word_1_671' title='bbox 2462 4675 2723 4752; x_wconf 30' lang='grc' dir='ltr'>τοῦνθεοῢ</span> <span class='ocrx_word' id='word_1_672' title='bbox 2780 4695 3094 4768; x_wconf 85' lang='grc' dir='ltr'>ἐκκλησίας,</span> <span class='ocrx_word' id='word_1_673' title='bbox 3125 4695 3185 4759; x_wconf 81' lang='grc' dir='ltr'>ἃς</span> <span class='ocrx_word' id='word_1_674' title='bbox 3215 4699 3267 4752; x_wconf 74' lang='lat' dir='ltr'>oi</span> <span class='ocrx_word' id='word_1_675' title='bbox 3303 4694 3624 4770; x_wconf 83' lang='grc' dir='ltr'>μισόχριστοι</span> <span class='ocrx_word' id='word_1_676' title='bbox 3648 4675 3716 4736; x_wconf 70' lang='grc' dir='ltr'>καί</span> 
     </span>
    </p>
   </div>
   <div class='ocr_carea' id='block_1_100' title="bbox 374 4776 1335 4858">
    <p class='ocr_par' dir='ltr' id='par_1_100' title="bbox 374 4776 1335 4858">
     <span class='ocr_line' id='line_1_100' title="bbox 374 4776 1335 4858; baseline 0.004 -24"><span class='ocrx_word' id='word_1_677' title='bbox 374 4776 619 4844; x_wconf 77' lang='grc' dir='ltr'>δυσεόεῖς</span> <span class='ocrx_word' id='word_1_678' title='bbox 652 4780 897 4858; x_wconf 85' lang='grc' dir='ltr'>βασιλεῖς</span> <span class='ocrx_word' id='word_1_679' title='bbox 926 4778 1335 4847; x_wconf 80' lang='grc' dir='ltr'>κατηνάλωσαν.</span> 
     </span>
    </p>
   </div>
   <div class='ocr_carea' id='block_1_101' title="bbox 449 4955 873 5023">
    <p class='ocr_par' dir='ltr' id='par_1_101' title="bbox 449 4955 873 5023">
     <span class='ocr_line' id='line_1_101' title="bbox 449 4955 873 5023; baseline 0.005 -16"><span class='ocrx_word' id='word_1_680' title='bbox 449 4956 466 4991; x_wconf 85' lang='grc'>¹</span> <span class='ocrx_word' id='word_1_681' title='bbox 496 4955 521 5007; x_wconf 92' lang='lat' dir='ltr'>I</span> <span class='ocrx_word' id='word_1_682' title='bbox 552 4955 705 5009; x_wconf 90' lang='lat' dir='ltr'>Petr.</span> <span class='ocrx_word' id='word_1_683' title='bbox 730 4969 792 5023; x_wconf 83' lang='grc' dir='ltr'>ιι,</span> <span class='ocrx_word' id='word_1_684' title='bbox 819 4956 873 5009; x_wconf 83' lang='lat'>9.</span> 
     </span>
    </p>
   </div>
   <div class='ocr_carea' id='block_1_102' title="bbox 1961 5107 2189 5163">
    <p class='ocr_par' dir='ltr' id='par_1_102' title="bbox 1961 5107 2189 5163">
     <span class='ocr_line' id='line_1_102' title="bbox 1961 5107 2189 5163; baseline -0.009 -3"><span class='ocrx_word' id='word_1_685' title='bbox 1961 5107 2189 5163; x_wconf 73' lang='lat' dir='ltr'>NOTB.</span> 
     </span>
    </p>
   </div>
   <div class='ocr_carea' id='block_1_103' title="bbox 451 5248 2021 5319">
    <p class='ocr_par' dir='ltr' id='par_1_103' title="bbox 451 5248 2021 5319">
     <span class='ocr_line' id='line_1_103' title="bbox 451 5248 2021 5319; baseline 0.001 -18"><span class='ocrx_word' id='word_1_686' title='bbox 451 5248 528 5319; x_wconf 70' lang='grc'>(4)</span> <span class='ocrx_word' id='word_1_687' title='bbox 559 5249 625 5301; x_wconf 89' lang='lat' dir='ltr'>In</span> <span class='ocrx_word' id='word_1_688' title='bbox 658 5248 729 5302; x_wconf 90' lang='lat' dir='ltr'>iis</span> <span class='ocrx_word' id='word_1_689' title='bbox 759 5249 857 5318; x_wconf 90' lang='lat' dir='ltr'>qui</span> <span class='ocrx_word' id='word_1_690' title='bbox 894 5255 1211 5319; x_wconf 85' lang='lat' dir='ltr'>supersunt</span> <span class='ocrx_word' id='word_1_691' title='bbox 1234 5248 1491 5315; x_wconf 89' lang='lat' dir='ltr'>Eusebii,</span> <span class='ocrx_word' id='word_1_692' title='bbox 1526 5248 1783 5302; x_wconf 89' lang='lat' dir='ltr'>Socratis</span> <span class='ocrx_word' id='word_1_693' title='bbox 1806 5253 1866 5302; x_wconf 90' lang='lat' dir='ltr'>et</span> <span class='ocrx_word' id='word_1_694' title='bbox 1886 5249 2021 5303; x_wconf 90' lang='lat' dir='ltr'>Phi-</span> 
     </span>
    </p>
   </div>
   <div class='ocr_carea' id='block_1_104' title="bbox 380 5319 2020 5391">
    <p class='ocr_par' dir='ltr' id='par_1_104' title="bbox 380 5319 2020 5391">
     <span class='ocr_line' id='line_1_104' title="bbox 380 5319 2020 5391; baseline -0.001 -16"><span class='ocrx_word' id='word_1_695' title='bbox 380 5320 646 5391; x_wconf 83' lang='lat' dir='ltr'>lostrogii</span> <span class='ocrx_word' id='word_1_696' title='bbox 680 5319 865 5388; x_wconf 89' lang='lat' dir='ltr'>libris,</span> <span class='ocrx_word' id='word_1_697' title='bbox 907 5321 1154 5385; x_wconf 83' lang='lat' dir='ltr'>nullam,</span> <span class='ocrx_word' id='word_1_698' title='bbox 1200 5321 1535 5375; x_wconf 90' lang='lat' dir='ltr'>invenimus</span> <span class='ocrx_word' id='word_1_699' title='bbox 1566 5319 1722 5391; x_wconf 80' lang='lat' dir='ltr'>deS.</span> <span class='ocrx_word' id='word_1_700' title='bbox 1761 5322 2020 5375; x_wconf 87' lang='lat' dir='ltr'>Artemio</span> 
     </span>
    </p>
   </div>
   <div class='ocr_carea' id='block_1_105' title="bbox 377 5389 2019 5462">
    <p class='ocr_par' dir='ltr' id='par_1_105' title="bbox 377 5389 2019 5462">
     <span class='ocr_line' id='line_1_105' title="bbox 377 5389 2019 5462; baseline 0 -15"><span class='ocrx_word' id='word_1_701' title='bbox 377 5389 765 5447; x_wconf 78' lang='lat' dir='ltr'>mentienem.</span> <span class='ocrx_word' id='word_1_702' title='bbox 795 5391 905 5445; x_wconf 90' lang='lat' dir='ltr'>Sed</span> <span class='ocrx_word' id='word_1_703' title='bbox 936 5391 1091 5462; x_wconf 87' lang='lat' dir='ltr'>apud</span> <span class='ocrx_word' id='word_1_704' title='bbox 1120 5392 1573 5455; x_wconf 89' lang='lat' dir='ltr'>Theodoretum,</span> <span class='ocrx_word' id='word_1_705' title='bbox 1608 5389 1711 5443; x_wconf 93' lang='lat' dir='ltr'>lib.</span> <span class='ocrx_word' id='word_1_706' title='bbox 1770 5406 1860 5454; x_wconf 80' lang='grc' dir='ltr'>ιιι,</span> <span class='ocrx_word' id='word_1_707' title='bbox 1892 5408 2019 5462; x_wconf 87' lang='lat' dir='ltr'>cap.</span> 
     </span>
    </p>
   </div>
   <div class='ocr_carea' id='block_1_106' title="bbox 383 5461 2025 5535">
    <p class='ocr_par' dir='ltr' id='par_1_106' title="bbox 383 5461 2025 5535">
     <span class='ocr_line' id='line_1_106' title="bbox 383 5461 2025 5535; baseline 0 -18"><span class='ocrx_word' id='word_1_708' title='bbox 383 5465 470 5530; x_wconf 85' lang='grc'>18,</span> <span class='ocrx_word' id='word_1_709' title='bbox 528 5462 789 5535; x_wconf 87' lang='lat' dir='ltr'>legitur:</span> <span class='ocrx_word' id='word_1_710' title='bbox 846 5461 1142 5517; x_wconf 78' lang='lat' dir='ltr'>Artenium</span> <span class='ocrx_word' id='word_1_711' title='bbox 1200 5479 1435 5535; x_wconf 85' lang='lat' dir='ltr'>quoque,</span> <span class='ocrx_word' id='word_1_712' title='bbox 1467 5463 1565 5532; x_wconf 78' lang='lat' dir='ltr'>qui</span> <span class='ocrx_word' id='word_1_713' title='bbox 1610 5462 1728 5535; x_wconf 68' lang='lat' dir='ltr'>(tua:</span> <span class='ocrx_word' id='word_1_714' title='bbox 1778 5461 2025 5535; x_wconf 63' lang='lat' dir='ltr'>militum</span> 
     </span>
    </p>
   </div>
   <div class='ocr_carea' id='block_1_107' title="bbox 379 5532 2025 5607">
    <p class='ocr_par' dir='ltr' id='par_1_107' title="bbox 379 5532 2025 5607">
     <span class='ocr_line' id='line_1_107' title="bbox 379 5532 2025 5607; baseline 0.001 -18"><span class='ocrx_word' id='word_1_715' title='bbox 379 5537 567 5606; x_wconf 77' lang='lat' dir='ltr'>fuerat</span> <span class='ocrx_word' id='word_1_716' title='bbox 591 5532 695 5607; x_wconf 57' lang='lat' dir='ltr'>per</span> <span class='ocrx_word' id='word_1_717' title='bbox 722 5537 1037 5606; x_wconf 68' lang='lat' dir='ltr'>Egyptum,</span> <span class='ocrx_word' id='word_1_718' title='bbox 1077 5549 1139 5588; x_wconf 83' lang='lat' dir='ltr'>eo</span> <span class='ocrx_word' id='word_1_719' title='bbox 1192 5532 1342 5605; x_wconf 72' lang='lat' dir='ltr'>quod</span> <span class='ocrx_word' id='word_1_720' title='bbox 1399 5533 1728 5603; x_wconf 81' lang='lat' dir='ltr'>temporibus</span> <span class='ocrx_word' id='word_1_721' title='bbox 1760 5532 2025 5590; x_wconf 83' lang='lat' dir='ltr'>Constan-</span> 
     </span>
    </p>
   </div>
   <div class='ocr_carea' id='block_1_108' title="bbox 2133 5236 3716 5323">
    <p class='ocr_par' dir='ltr' id='par_1_108' title="bbox 2133 5236 3716 5323">
     <span class='ocr_line' id='line_1_108' title="bbox 2133 5236 3716 5323; baseline -0.004 -18"><span class='ocrx_word' id='word_1_722' title='bbox 2133 5253 2218 5319; x_wconf 80' lang='lat' dir='ltr'>tii,</span> <span class='ocrx_word' id='word_1_723' title='bbox 2252 5269 2375 5306; x_wconf 88' lang='lat' dir='ltr'>cum</span> <span class='ocrx_word' id='word_1_724' title='bbox 2426 5251 2815 5321; x_wconf 75' lang='lat' dir='ltr'>magistratum</span> <span class='ocrx_word' id='word_1_725' title='bbox 2872 5254 3032 5308; x_wconf 77' lang='lat' dir='ltr'>illum</span> <span class='ocrx_word' id='word_1_726' title='bbox 3085 5259 3310 5323; x_wconf 77' lang='lat' dir='ltr'>gereret,</span> <span class='ocrx_word' id='word_1_727' title='bbox 3352 5248 3577 5323; x_wconf 66' lang='lat' dir='ltr'>plurima</span> <span class='ocrx_word' id='word_1_728' title='bbox 3616 5236 3716 5323; x_wconf 57' lang='grc'>(182·</span> 
     </span>
    </p>
   </div>
   <div class='ocr_carea' id='block_1_109' title="bbox 2131 5309 3713 5395">
    <p class='ocr_par' dir='ltr' id='par_1_109' title="bbox 2131 5309 3713 5395">
     <span class='ocr_line' id='line_1_109' title="bbox 2131 5309 3713 5395; baseline 0.003 -19"><span class='ocrx_word' id='word_1_729' title='bbox 2131 5309 2254 5377; x_wconf 67' lang='lat' dir='ltr'>rain</span> <span class='ocrx_word' id='word_1_730' title='bbox 2272 5309 2571 5378; x_wconf 50' lang='lat' dir='ltr'>simulacra</span> <span class='ocrx_word' id='word_1_731' title='bbox 2610 5328 2976 5395; x_wconf 83' lang='lat' dir='ltr'>confregerat,</span> <span class='ocrx_word' id='word_1_732' title='bbox 3033 5309 3139 5379; x_wconf 79' lang='grc' dir='ltr'>ηὸη</span> <span class='ocrx_word' id='word_1_733' title='bbox 3169 5309 3371 5380; x_wconf 60' lang='grc' dir='ltr'>πιπλτῖ</span> <span class='ocrx_word' id='word_1_734' title='bbox 3393 5318 3543 5395; x_wconf 41' lang='lat' dir='ltr'>battis.</span> <span class='ocrx_word' id='word_1_735' title='bbox 3573 5309 3713 5395; x_wconf 55' lang='grc' dir='ltr'>επιξίῇ</span> 
     </span>
    </p>
   </div>
   <div class='ocr_carea' id='block_1_110' title="bbox 2132 5374 3714 5465">
    <p class='ocr_par' dir='ltr' id='par_1_110' title="bbox 2132 5374 3714 5465">
     <span class='ocr_line' id='line_1_110' title="bbox 2132 5374 3714 5465; baseline 0 -18"><span class='ocrx_word' id='word_1_736' title='bbox 2132 5410 2318 5447; x_wconf 83' lang='lat' dir='ltr'>verum</span> <span class='ocrx_word' id='word_1_737' title='bbox 2376 5397 2539 5449; x_wconf 82' lang='lat' dir='ltr'>etiam</span> <span class='ocrx_word' id='word_1_738' title='bbox 2596 5374 2776 5465; x_wconf 71' lang='lat' dir='ltr'>capite</span> <span class='ocrx_word' id='word_1_739' title='bbox 2799 5374 3104 5451; x_wconf 51' lang='lat' dir='ltr'>atrunbavit</span> <span class='ocrx_word' id='word_1_740' title='bbox 3137 5438 3149 5449; x_wconf 94' lang='lat'>.</span> <span class='ocrx_word' id='word_1_741' title='bbox 3180 5374 3331 5449; x_wconf 23' lang='lat' dir='ltr'>Ha’cw</span> <span class='ocrx_word' id='word_1_742' title='bbox 3354 5397 3408 5465; x_wconf 24' lang='lat' dir='ltr'>Aet</span> <span class='ocrx_word' id='word_1_743' title='bbox 3452 5374 3714 5465; x_wconf 51' lang='grc' dir='ltr'>ΙιαῙιιδπιῩέξί</span> 
     </span>
    </p>
   </div>
   <div class='ocr_carea' id='block_1_111' title="bbox 2132 5454 3715 5547">
    <p class='ocr_par' dir='ltr' id='par_1_111' title="bbox 2132 5454 3715 5547">
     <span class='ocr_line' id='line_1_111' title="bbox 2132 5454 3715 5547; baseline 0.002 -28"><span class='ocrx_word' id='word_1_744' title='bbox 2132 5465 2247 5547; x_wconf 68' lang='grc' dir='ltr'>αζὶα</span> <span class='ocrx_word' id='word_1_745' title='bbox 2275 5468 2558 5547; x_wconf 64' lang='lat' dir='ltr'>commissa</span> <span class='ocrx_word' id='word_1_746' title='bbox 2585 5454 2712 5521; x_wconf 63' lang='lat' dir='ltr'>sunt</span> <span class='ocrx_word' id='word_1_747' title='bbox 2741 5468 2811 5547; x_wconf 71' lang='lat' dir='ltr'>ab</span> <span class='ocrx_word' id='word_1_748' title='bbox 2840 5467 2962 5547; x_wconf 55' lang='lat' dir='ltr'>ilio,</span> <span class='ocrx_word' id='word_1_749' title='bbox 3004 5483 3163 5547; x_wconf 74' lang='lat' dir='ltr'>quem</span> <span class='ocrx_word' id='word_1_750' title='bbox 3193 5454 3715 5547; x_wconf 41' lang='lat' dir='ltr'>gentiles.m{{1}$&#39;:ff§&#39;</span> 
     </span>
    </p>
   </div>
   <div class='ocr_carea' id='block_1_112' title="bbox 2134 5522 3712 5607">
    <p class='ocr_par' dir='ltr' id='par_1_112' title="bbox 2134 5522 3712 5607">
     <span class='ocr_line' id='line_1_112' title="bbox 2134 5522 3712 5607; baseline -0.008 -17"><span class='ocrx_word' id='word_1_751' title='bbox 2134 5539 2331 5591; x_wconf 81' lang='lat' dir='ltr'>simum</span> <span class='ocrx_word' id='word_1_752' title='bbox 2359 5544 2413 5592; x_wconf 88' lang='lat' dir='ltr'>et</span> <span class='ocrx_word' id='word_1_753' title='bbox 2442 5538 2509 5592; x_wconf 87' lang='lat' dir='ltr'>ab</span> <span class='ocrx_word' id='word_1_754' title='bbox 2536 5540 2829 5594; x_wconf 79' lang='lat' dir='ltr'>iracundia</span> <span class='ocrx_word' id='word_1_755' title='bbox 2847 5522 3237 5595; x_wconf 51' lang='lat' dir='ltr'>aliénissimuiii</span> <span class='ocrx_word' id='word_1_756' title='bbox 3258 5532 3568 5607; x_wconf 70' lang='lat' dir='ltr'>praedicant.</span> <span class='ocrx_word' id='word_1_757' title='bbox 3594 5522 3712 5575; x_wconf 77' lang='lat' dir='ltr'>EDIT-</span> 
     </span>
    </p>
   </div>
  </div>
