3964 6144
280 287 419 345 1257

351 411 417 473 ς“.
448 406 671 464 Τούτων
700 408 789 462 οῦν
823 406 1150 482 γινομένων,
1210 404 1309 459 οὐκ
1353 403 1577 477 ἤνεγκεν
1634 403 1764 482 τίὴν⁸
1789 417 1923 452 100-
1951 398 2006 464 Α

281 497 448 568 αύτην
489 492 801 568 μεταϐολὴν
891 499 1008 556 τοῖς
1066 492 1259 554 καλοῖς
1294 489 1599 567 βασκαίνων
1644 480 1924 553 διάϐολος,

285 586 412 643 ἀλλ’
441 583 632 662 ἤγειρε
663 585 832 655 ζάλην
881 582 971 639 καὶ
1019 580 1268 656 τάραχον
1314 578 1403 634 διὰ
1454 583 1563 634 τῶν
1622 576 1785 662 αὐτοῦ
1831 574 1926 662 οἰ-

275 675 438 730 κείων
476 673 848 728 ὑπασπιστῶν.
905 672 1126 746 Ἀρειος
1168 670 1270 745 γὰρ
1329 669 1358 722 6
1413 673 1513 736 τῆς
1574 661 1766 738 μανίας
1827 661 1924 716 έπ-

283 765 528 835 ώνυμος,
577 769 677 832 τῆς
736 761 788 817 ἐν
848 757 1226 834 Ἀλεξανδρείᾳ
1271 755 1604 826 Ἐκκλησίας
1661 754 1924 829 ὑπάρχων

276 845 659 927 πρεσϐύτερος,
704 847 888 910 δεινῶς
944 869 1001 903 τε
1054 847 1254 916 ταύτην
1315 845 1552 920 ἐτάραξε,
1602 841 1783 917 δόγμα
1837 861 1920 894 κι-

280 943 446 1011 νήσας
473 941 789 1014 παράνομον
819 938 912 993 καὶ
962 938 1139 1004 πάσης
1193 933 1542 1013 βλασφημίας
1595 930 1915 1003 ἀνάμεστον.

278 1029 513 1108 Ἔφασκε
541 1029 645 1103 γὰρ
692 1029 783 1082 τὸν
836 1027 958 1081 Υἱὸν
1014 1029 1110 1080 τοῦ
1154 1029 1287 1080 Θεοῦ
1368 1023 1459 1078 τὸν
1516 1023 1794 1094 μονογενῇ,
1825 1019 1916 1072 τὸν

275 1118 634 1194 προαιώνιον,
659 1115 857 1188 κτίσμα
889 1115 1040 1184 εἶναι,
1065 1112 1153 1169 καὶ
1183 1120 1284 1182 τῆς
1316 1116 1411 1166 τοῦ
1470 1113 1604 1165 Θεοῦ
1658 1107 1748 1162 καὶ
1809 1113 1916 1161 Πα-

269 1206 396 1282 τρὸς
430 1205 616 1267 οὐσίας
646 1203 965 1276 ἀλλότρῖον,
1026 1204 1123 1257 Διά
1176 1222 1262 1257 τοι
1317 1201 1548 1268 ταῦταή
1610 1197 1660 1252 έν
1718 1193 1918 1266 Νικαίᾳ

270 1298 376 1349 τῶν
429 1293 594 1370 ἁγίων
651 1292 972 1368 τριακοσίων
1037 1289 1307 1346 δεκαοκτὼ
1361 1288 1610 1364 Πατέρων
1671 1283 1917 1360 ἀθροίζε-

269 1404 356 1438 ται
388 1379 631 1452 σύνοδος,
665 1381 751 1436 καὶ
783 1382 874 1435 τὸν
903 1385 1120 1455 ’Ἄρειον
1166 1376 1488 1445 καθελοῦσα,
1537 1377 1626 1430 τὸν
1660 1372 1782 1428 Υἱὸν
1819 1375 1915 1426 τοῦ

269 1475 401 1526 Θεοῦ
431 1471 521 1526 καὶ
551 1470 752 1545 Κύριον
786 1472 948 1543 ἡμῶν
983 1470 1190 1539 Ἰησοῦν
1218 1466 1456 1542 Χριστὸν
1510 1463 1766 1538 κηρύττει
1813 1465 1912 1515 τοῦ

265 1560 483 1636 Πατρὸς
513 1559 830 1633 ὁμοούσιον.
864 1556 1042 1615 Ἀλλά
1095 1561 1264 1611 ταῦτα
1320 1557 1413 1627 μὲν
1465 1551 1521 1608 αἵ
1575 1574 1634 1607 τε
1686 1555 1794 1606 τῶν
1825 1547 1911 1623 ἓξ-

266 1651 400 1705 ωθεν
486 1647 719 1722 ἱστορίαι
779 1645 1206 1723 διαγορεύουσιν,
1277 1643 1374 1698 οὐκ
1449 1641 1627 1718 ὀλίγοι
1688 1638 1745 1695 δὶ
1800 1643 1907 1694 τῶν

1630 280 1688 333 8.
1729 273 2028 332 ARTEMII
2065 272 2330 329 PASSIO.

3540 272 3686 331 1258

2107 398 2157 450 6.
2191 397 2341 451 Dum
2371 396 2498 453 haac
2529 398 2761 467 ﬁerent,
2789 414 2910 454 non
2939 397 3078 453 tulit
3100 401 3325 454 tantam
3367 413 3571 456 rerum
3600 401 3680 454 vi-

2033 486 2443 541 cissitudinem
2467 489 2564 558 qui
2596 488 2770 543 bonis
2806 486 3027 542 invidet
3082 487 3376 556 diabolus,
3413 489 3516 544 sed
3549 490 3672 545 suis

2028 574 2360 629 fautoribus
2391 593 2532 631 usus
2565 578 2836 632 excitavit
2865 577 3186 649 procellam
3235 582 3294 632 et
3351 577 3672 634 turbinem.

2028 662 2202 716 Arius
2261 665 2440 731 enim,
2491 666 2589 734 qui
2652 666 2879 720 insana}
2951 666 3162 720 haeresi
3221 682 3437 721 nomen
3497 683 3671 723 suum

2029 754 2323 824 ascripsit,
2355 755 2772 812 Alexandrina:
2812 757 3090 812 Ecclesia;
3143 757 3472 829 presbyter,
3518 760 3672 816 hanc

2028 841 2324 897 horrendo
2358 845 2532 899 modo
2566 846 2957 913 conturbavit,
3012 846 3345 901 doctrinam
3389 849 3668 905 emittens

2026 931 2270 1003 impiam
2291 939 2349 986 et
2378 934 2699 988 teterrimis
2726 934 3114 1006 blasphemiis
3140 934 3672 994 abundantem.Di-

2026 1020 2196 1074 cebat
2225 1021 2384 1074 enim
2416 1021 2630 1075 Filium
2666 1022 2768 1076 Dei
2801 1024 3196 1094 unigenitum,
3229 1025 3329 1095 qui
3387 1031 3524 1081 ante
3557 1045 3668 1082 saa-

2025 1108 2158 1162 cula
2187 1115 2360 1162 natus
2409 1115 2517 1177 est,
2559 1115 2890 1165 creaturam
2937 1128 3064 1166 esse
3103 1118 3278 1183 atque
3343 1114 3607 1170 alienum
3637 1134 3671 1172 a

2026 1197 2356 1251 substantia
2378 1198 2479 1252 Dei
2514 1203 2572 1253 et
2600 1199 2813 1254 Patris.
2849 1202 3218 1271 QuaprOpter
3246 1203 3499 1257 Nicaeam
3531 1222 3670 1260 san-

2021 1290 2250 1340 ctorum
2281 1292 2680 1342 trecentorum
2707 1293 2763 1342 et
2783 1289 3111 1344 octodecim
3134 1292 3374 1346 Patrum
3395 1295 3670 1349 convenit

2023 1374 2305 1444 synodus,
2333 1374 2734 1446 damnatoque
2755 1377 2916 1443 Ario,
2941 1377 3203 1433 declarat
3233 1380 3443 1434 Filium
3477 1383 3579 1436 Dei
3610 1388 3668 1438 et

2023 1464 2334 1518 Dominum
2358 1471 2628 1520 nostrum
2649 1468 2848 1521 Jesum
2871 1467 3168 1522 Christum
3194 1470 3350 1524 Patri
3370 1486 3497 1524 esse
3519 1489 3666 1527 con-

2021 1555 2496 1611 substantialem.
2532 1557 2642 1612 Sed
2677 1558 2803 1614 haac
2833 1559 3075 1628 quidem
3108 1565 3167 1614 et
3204 1561 3538 1617 inﬁdelium
3571 1564 3660 1618 hi-

2018 1644 2214 1699 storiaa
2245 1645 2506 1712 tradunt,
2541 1651 2600 1700 et
2631 1663 2751 1701 non
2801 1648 2973 1718 pauci
3034 1664 3064 1702 e
3114 1652 3334 1705 nostris
3390 1659 3661 1709 accurate

263 1738 545 1814 ἡμετέρων
599 1732 972 1812 διηκρίϐωσάν
1024 1755 1081 1790 τε
1137 1734 1228 1789 καὶ
1283 1733 1714 1808 κατετράνωσαν’
1777 1726 1902 1802 ἐμοὶ

2020 1739 2336 1788 narrarunt
2388 1740 2446 1788 et
2502 1735 2564 1789 in
2606 1736 2798 1790 lucem
2849 1737 3243 1807 protulerunt.
3294 1740 3431 1794 Mihi
3462 1747 3661 1797 autem

261 1826 318 1883 δὲ
345 1828 468 1903 περὶ
496 1828 660 1884 ταῦτα
692 1821 981 1903 διατρίϐειν
1016 1827 1044 1880 6
1092 1829 1183 1880 νῦν
1242 1824 1352 1898 οὐχ
1406 1821 1630 1896 ἁρμόσει
1688 1821 1896 1890 καιρὸς,

258 1911 437 1986 ἄλλης
487 1916 612 1992 περὶ
668 1916 875 1972 τούτων
933 1913 1196 1988 δεομένης
1251 1906 1632 1988 ἀκριϐεστέρας
1687 1908 1898 1976 σχολῆς

256 2005 431 2062 τεκαὶ
465 2003 819 2078 διασκέψεως.
850 2003 925 2059 Τὰ
956 2002 1014 2058 δὲ
1067 2007 1161 2058 νῦν
1217 2002 1279 2058 τὸ
1331 1999 1532 2076 φθάσαν
1588 1997 1744 2054 αὖτὸν
1801 2001 1900 2052 τοῦ

264 2088 387 2172 βίου
413 2094 578 2158 τέλος
617 2091 976 2170 διηγήσομαι.

330 2187 477 2259 [345]
512 2184 571 2252 ζ’.
601 2184 660 2240 Ὀ
707 2187 833 2259 γοῦν
894 2181 1259 2260 φιλόχριστος
1324 2177 1577 2254 βασιλεὺς
1621 2179 1900 2234 Κωνσταν-

257 2273 408 2334 τῖνος
439 2271 514 2333 εἷς
557 2273 620 2327 τὸ
677 2275 892 2347 πρῶτον
943 2269 1033 2325 καὶ
1087 2269 1406 2345 τριακοστὸν
1466 2265 1584 2328 ἔτος
1614 2263 1897 2338 προελθὼν

257 2367 356 2429 τῆς
439 2360 603 2414 αὐτοῦ
683 2357 983 2431 βασιλείας,
1041 2358 1130 2413 καὶ
1203 2361 1302 2412 τοῦ
1355 2353 1605 2430 δευτέρου
1687 2347 1898 2424 ἐπιϐὰς,

262 2444 447 2516 ἐπειδή
481 2447 704 2510 ἐπύθετο
733 2447 862 2511 τοὺς
913 2446 1122 2523 Πέρσας
1177 2445 1252 2507 εἷς
1309 2441 1555 2516 πόλεμον
1607 2441 1688 2495 ἐπ’
1739 2439 1896 2494 αὐτὸν

261 2537 860 2610 παρασκευαζομένους,
931 2535 1060 2609 ἃρας
1112 2534 1172 2589 ἐκ
1239 2540 1338 2602 τῆς
1415 2533 1606 2586 ἑαυτοῦ
1662 2527 1898 2596 πόλεως,

264 2624 395 2700 ἄχρι
424 2632 524 2694 τῆς
551 2624 924 2698 Νικομηδείας
956 2623 1111 2702 ὢφθη
1159 2627 1266 2678 τῶν
1322 2622 1583 2678 Βιθυνῶν·
1637 2614 1760 2674 ἔνθα
1808 2615 1899 2672 καὶ

261 2713 485 2784 τελευτᾷ
509 2715 601 2769 τὸν
637 2713 751 2788 βίον
786 2713 836 2786 ἐξ
886 2707 1184 2781 ἐπιϐουλῆς
1230 2715 1338 2766 τῶν
1388 2710 1578 2764 ἑαυτοῦ
1627 2705 1898 2783 ἀδελφῶν,

265 2805 548 2879 φάρμακον
606 2801 752 2874 αὐτῷ
810 2800 1150 2875 δηλητήριον
1225 2799 1590 2871 ἐκχεαμένων,
1655 2796 1900 2871 ἀστέρος,

266 2890 338 2953 ὥς
368 2913 514 2965 φασι,
545 2893 794 2964 κομήτου
841 2892 932 2946 τὸν
994 2892 1218 2944 θάνατον
1278 2889 1444 2943 αὐτοῦ
1514 2885 1900 2960 προμηνύσαν-

259 3001 373 3042 τος.
405 2982 574 3039 Ἦσαν
611 2979 667 3036 δὲ
694 2985 774 3053 τῷ
805 2978 1196 3052 Κωνσταντίνῳ
1246 2975 1474 3055 ἀδελφοὶ
1503 2976 1638 3051 πρὸς
1697 2975 1899 3050 πατρὸς

263 3067 398 3139 οἷ’δε,
450 3069 779 3142 Δαλμάτιος,
835 3064 1278 3137 Ἀναόαλκιανὸς,
1338 3065 1427 3122 καὶ
1503 3063 1896 3125 Κωνστάντιος·

261 3158 422 3220 αὐτὸς
447 3159 548 3232 γὰρ
582 3156 630 3230 ἐξ
655 3157 881 3228 Ἑλένης
907 3156 1074 3230 μόνος
1130 3157 1196 3226 ἦν
1250 3159 1328 3228 τῷ
1377 3155 1538 3229 πατρὶ
1586 3153 1898 3208 Κώνσταντι

264 3246 341 3302 ἔτι
371 3244 712 3301 ἷδιοτεύοντι’
742 3245 801 3300 έκ
831 3245 887 3300 δὲ
916 3253 1014 3316 τῆς
1075 3246 1336 3321 θυγατρὸς
1392 3246 1750 3316 Μαξιμιανοῦ,
1809 3241 1903 3295 τοῦ

262 3331 629 3410 Ἔρκουλλίου
684 3332 1185 3408 ἐπονομαζομένου,
1243 3329 1542 3407 Θεοδώρας,
1593 3327 1765 3406 ἕτεροι
1812 3351 1902 3404 γε·

264 3422 485 3500 γόνασιν
512 3422 657 3495 αὐτῷ
687 3420 893 3484 παῖδες’
929 3422 958 3478 6'
985 3445 1044 3478 τε
1074 3422 1402 3498 προρῥηθεῖς
1451 3419 1781 3492 Δαλμάτιος,
1812 3418 1902 3472 καὶ

264 3507 716 3582 Ἀναϐαλλιανὸς,
749 3511 837 3565 καὶ
894 3511 1284 3572 Κωνστάντιοςθ
1344 3508 1436 3572 οῧς
1489 3507 1579 3563 καὶ
1639 3506 1901 3580 Καίσαρας

262 3600 716 3661 ὁΚωνσταντῖνος
771 3600 861 3654 καὶ
915 3595 1360 3672 νοϐελλησίμους
1389 3597 1634 3670 ἐτίμησε.
1684 3595 1898 3649 Τούτων

261 3688 289 3742 6
348 3688 719 3746 Κωνστάντιος
777 3687 836 3742 ἐκ
881 3695 981 3758 τῆς
1042 3687 1395 3765 συναφθείσης
1456 3686 1604 3756 αὖτῷ
1660 3689 1900 3758 γαμετῆς

263 3782 425 3852 γεννᾷ
457 3776 666 3832 Γάλλον
698 3798 757 3832 τε
793 3777 881 3832 καὶ
932 3775 1229 3832 Ἰουλιανὸν
1259 3777 1349 3830 τὸν
1407 3769 1724 3843 παραϐάτην
1787 3771 1901 3826 ἐπι·

260 3865 551 3938 κληθέντα,
589 3864 680 3921 διὰ
707 3866 770 3920 τὸ
797 3867 888 3922 τὸν
923 3866 1155 3941 Χριστὸν
1188 3863 1562 3937 ἐξομόσασθαι,
1619 3861 1707 3916 καὶ
1767 3861 1902 3936 πρὸς

262 3957 362 4024 τήν
417 3953 753 4026 ἘΛληνικήν
808 3954 1102 4010 ἀποκλῖναι
1163 3955 1473 4028 θρησκείαν*
1549 3953 1608 4014 ’ὀς
1671 3952 1760 4006 καὶ
1812 3951 1903 4005 τὸν

266 4046 435 4120 μέγαν
465 4049 562 4100 τοῦ
600 4048 836 4120 Χριστοῦ
896 4045 1145 4120 μάρτυρα
1199 4045 1291 4100 καὶ
1344 4041 1659 4098 πολύαθλον
1710 4041 1900 4117 Ἀρτέ-

261 4155 390 4206 μιον
419 4134 471 4188 ἐν
501 4138 579 4206 τῷ
615 4133 920 4211 βασιλεύειν
979 4134 1139 4189 αὐτὸν
1201 4133 1454 4201 ἐκόλασε,
1512 4129 1601 4186 διὰ
1645 4131 1744 4198 τήν
1828 4127 1904 4193 είς

258 4224 496 4296 Χριστὸν
528 4223 709 4279 πίστιν
741 4225 828 4280 καὶ
859 4227 952 4280 τὸν
985 4223 1155 4294 ζῆλον
1183 4225 1275 4279 τὸν
1307 4221 1502 4278 ἔνθεον.
1533 4219 1709 4278 ’Λλλά
1735 4223 1904 4275 ταῦτα

266 4313 360 4386 μὲν
391 4312 608 4389 ὕστερον
641 4315 731 4368 καὶ
767 4315 901 4387 μετά
936 4315 1138 4390 χρόνου
1166 4311 1467 4389 γεγόνασιν.

335 4403 405 4471 η’.
435 4403 583 4477 Ἐγὼ
608 4400 665 4457 δὲ
694 4403 758 4457 τά
788 4397 1146 4478 πεπραγμένα
1196 4407 1312 4464 τοῖς
1362 4399 1472 4456 ὄίνω
1531 4399 1760 4475 χρόνοις
1818 4394 1903 4452 δι-

2012 1822 2257 1876 nuncin
2280 1823 2372 1877 his
2404 1824 2628 1879 morari
2660 1841 2781 1878 non
2837 1831 3024 1893 vocat,
3065 1826 3361 1897 siquidem
3420 1846 3661 1886 accura-

2011 1911 2178 1966 tioris
2202 1916 2260 1966 et
2290 1912 2392 1967 otii
2425 1918 2483 1968 et
2521 1913 2697 1968 studii
2728 1913 3052 1986 indigeant.

2081 2180 2133 2235 ’7.
2165 2177 2349 2249 Igitur
2368 2178 2914 2235 Christianissimus
2943 2181 3267 2252 imperator
3315 2184 3651 2241 Constanti-

2010 2282 2374 2332 nus,annum
2407 2267 2572 2339 regni
2604 2267 2694 2322 sui
2728 2268 3093 2324 tricesimum
3125 2271 3383 2341 primum
3412 2279 3653 2344 praeter-

2009 2371 2266 2426 gressus,
2292 2360 2348 2408 et
2378 2355 2700 2426 incipiente
2726 2357 3011 2427 secundo,
3043 2374 3178 2413 cum
3211 2361 3426 2414 certior
3461 2361 3655 2418 factus

2011 2448 2166 2497 esset
2194 2445 2402 2497 Persas
2433 2443 2712 2498 adversus
2726 2461 2860 2499 eum
2878 2445 3102 2502 bellum
3134 2447 3657 2520 moliri,profectus

2012 2548 2081 2586 ex
2103 2532 2248 2586 urbe
2279 2549 2404 2600 sua,
2446 2533 2849 2589 Nicomediam
2921 2535 3211 2606 Bithyniae
3269 2540 3448 2593 venit.
3499 2541 3657 2597 Obiit

2011 2621 2232 2676 ibidem
2265 2638 2334 2674 ex
2365 2623 2775 2694 conjuratione
2806 2623 3056 2679 fratrum
3085 2642 3350 2694 suorum,
3371 2629 3652 2698 poculum

2010 2716 2366 2764 venenatum
2398 2711 2452 2764 ei
2483 2711 2954 2782 propinantium,
2989 2719 3220 2769 cometa
3259 2733 3516 2787 quoque,
3566 2719 3651 2773 uti

2011 2801 2236 2867 dicunt,
2273 2799 2458 2870 ipsius
2488 2804 2741 2854 mortem
2791 2803 3201 2874 praesagiente.
3235 2806 3415 2860 Erant
3452 2812 3650 2863 autem

2012 2889 2398 2944 Constantino
2431 2905 2498 2943 ex
2529 2893 2694 2960 patre
2721 2889 2934 2944 fratres
2965 2891 3654 2963 Dalmatius,Anaballia-

2010 2993 2122 3032 nus
2155 2983 2212 3031 et
2242 2977 2654 3042 Constantius;
2690 2977 2814 3048 ipse
2846 2979 3006 3033 enim
3037 2997 3108 3034 ex
3160 2981 3384 3037 Helena
3437 2985 3648 3040 unicus

2011 3070 2136 3121 erat
2169 3066 2326 3120 ﬁlius
2347 3066 2683 3121 Constantis
2723 3067 2915 3122 adhuc
2945 3069 3175 3139 privati,
3209 3071 3303 3124 cui
3354 3088 3424 3126 ex
3452 3074 3647 3128 Theo-

2012 3156 2175 3223 dora,
2232 3155 2564 3210 Maximiani
2597 3156 2948 3228 cognomine
3006 3158 3260 3213 Herculii
3323 3161 3464 3227 ﬁlia,
3512 3163 3649 3217 reli-

2009 3245 2108 3316 qui
2141 3244 2493 3316 prodierunt
2511 3244 2928 3317 liberi,nempe
2954 3249 3276 3317 supradicti
3299 3250 3646 3318 Dalmatius,

2008 3331 2434 3386 Anaballianus
2468 3336 2526 3385 et
2553 3333 2951 3388 Constantius.
3008 3336 3122 3390 Hos
3143 3353 3280 3391 vero
3312 3338 3650 3394 Constanti-

2007 3435 2120 3473 nus
2150 3419 2410 3473 Caasares
2433 3424 2491 3472 et
2518 3421 2884 3475 nobilissimos
2915 3423 2990 3491 (ὅ)
3025 3425 3349 3481 constituit.
3371 3429 3413 3480 E
3431 3427 3648 3498 quibus

2005 3508 2384 3562 Constantius
2416 3525 2486 3562 ex
2508 3509 2771 3581 legitima
2799 3513 3048 3582 conjuge
3072 3516 3400 3584 procreavit
3420 3518 3648 3574 Galium

2007 3601 2066 3651 et
2091 3597 2413 3666 Julianum,
2451 3599 2792 3667 Apostatam
2826 3602 3328 3671 cognominatum,
3369 3621 3435 3660 eo
3468 3607 3645 3677 quod,

2006 3685 2238 3739 Christo
2271 3685 2563 3756 abjurato,
2597 3687 2670 3740 ad
2691 3688 3004 3758 gentilium
3029 3693 3512 3762 superstitionem
3544 3696 3644 3750 de-

2006 3773 2336 3828 clinaverit.
2370 3774 2478 3838 Qui
2510 3778 2797 3844 praeterea
2833 3776 3082 3848 imperio
3108 3780 3331 3851 potitus
3363 3799 3642 3854 magnum

2006 3862 2222 3916 Christi
2254 3866 2573 3932 martyrem
2602 3867 2659 3916 et
2688 3864 2892 3920 multis
2922 3869 3346 3925 certaminibus
3361 3873 3642 3928 victorem

2006 3951 2332 4005 Artemium
2361 3951 2651 4022 supplicio
2681 3954 2887 4008 affecit.
2930 3963 3170 4028 prOpter
3189 3959 3366 4014 ﬁdem
3395 3961 3456 4016 in
3485 3962 3647 4016 Chri-

2009 4045 2164 4096 stum
2196 4046 2253 4096 et
2284 4041 2546 4096 divinum
2569 4042 2696 4114 ejus
2727 4044 3022 4102 ardorem.
3059 4048 3171 4102 Sed
3227 4051 3354 4106 hinc
3401 4053 3642 4122 quidem

2008 4130 2162 4186 infra
2182 4135 2241 4186 et
2260 4130 2586 4186 secundum
2618 4134 2902 4204 temporis
2933 4134 3226 4194 ordinem.

2082 4399 2135 4451 8.
2170 4398 2562 4466 Posteaquam
2608 4413 2745 4452 vero
2804 4415 3120 4458 narravero
3152 4422 3282 4476 qum
3332 4410 3653 4479 superiori-

262 4491 633 4564 ηγησάμενος,
693 4491 781 4546 ἐπὶ
836 4493 903 4546 τὰ
973 4486 1253 4565 συμϐάντα
1308 4494 1387 4562 τῷ
1450 4487 1677 4565 μάρτυρι
1735 4485 1898 4541 πάλιν

2020 4486 2118 4540 bus
2151 4485 2516 4556 temporibus
2561 4492 2692 4541 acta
2741 4495 2899 4557 sunt,
2949 4491 3022 4545 ad
3088 4509 3156 4548 ea
3217 4512 3347 4565 quae
3406 4501 3651 4571 martyri

258 4580 444 4652 τρέψω
475 4580 568 4634 τὸν
619 4579 812 4654 λόγον·
861 4585 979 4642 πῶς
1034 4602 1092 4635 τε
1151 4581 1177 4634 ὁ
1235 4579 1551 4655 παράνομος
1609 4577 1698 4632 καὶ
1730 4597 1905 4652 παρα-

266 4663 441 4738 ϐάτης
471 4667 774 4730 Ἰουλιανὸς
803 4669 891 4723 καὶ
929 4668 1035 4723 τίνι
1081 4668 1270 4742 τρόπῳ
1335 4667 1421 4723 έπὶ
1476 4669 1538 4722 τὸ
1591 4674 1690 4736 τῆς
1749 4667 1904 4740 βασι-

263 4754 417 4817 λείας
447 4757 614 4825 ἦλθεν
643 4758 876 4830 ἀξίωμα’
911 4757 1000 4812 καὶ
1047 4761 1165 4820 πῶς
1221 4759 1248 4811 6
1304 4762 1399 4810 τοῦ
1432 4760 1667 4828 Χριστοῦ
1702 4755 1902 4830 μάρτυς

262 4842 564 4920 Ἀρτέμιος
620 4846 696 4910 εἷς
744 4847 808 4900 τὸ
863 4850 962 4911 τῆς
1019 4848 1257 4921 Χριστοῦ
1309 4845 1610 4920 ὁμολογίας
1656 4845 1903 4917 πανίερον

262 4928 468 5009 ἔδραμε
529 4933 766 4992 στάδιον.
817 4941 977 5009 ’Ἄρτι
1029 4939 1127 4988 τοῦ
1189 4932 1430 5008 μεγάλου
1504 4930 1903 4986 Κωνσταντίνου

261 5023 413 5097 [346]
442 5023 895 5095 τελευτήσαντος,
928 5024 963 5093 ἡ
1003 5027 1110 5078 τῶν
1163 5022 1442 5095 Ῥωμαίων
1475 5020 1620 5094 ἀρχή
1655 5018 1730 5080 είς
1759 5023 1904 5091 τρεῖς

260 5105 486 5187 διῃρέθη
575 5111 776 5187 ἀρχὰς,
823 5115 930 5166 τῶν
1017 5111 1149 5166 υἱῶν
1232 5111 1416 5181 αὐτοῦ,
1478 5106 1900 5181 Κωνσταντίνου,

2013 4575 2310 4646 contigere
2343 4591 2550 4630 rursus
2579 4580 2801 4631 vertam
2833 4595 3197 4636 sermonem.
3244 4585 3444 4640 Dicam
3475 4587 3653 4657 igitur

2013 4669 2071 4717 et
2094 4662 2254 4733 quali
2312 4663 2541 4718 ratione
2584 4663 2801 4735 impius
2855 4672 3033 4737 atque
3080 4675 3346 4740 apostata
3381 4673 3649 4728 Julianus

2014 4751 2560 4822 adimperatoriam
2613 4755 2950 4823 pervenerit
3004 4757 3456 4829 dignitatem,et
3503 4778 3647 4830 quo-

2012 4840 2189 4896 modo
2239 4840 2453 4893 Christi
2484 4846 2710 4912 martyr
2767 4845 3064 4900 Artemius
3117 4847 3176 4900 in
3247 4849 3646 4906 sacratissimo

2013 4928 2360 4983 Christianae
2413 4929 2804 4987 confessionis
2880 4935 3068 4989 stadio
3132 4938 3478 4993 cucurrerit.
3541 4941 3652 4996 De-

2010 5017 2214 5071 functo
2246 5033 2460 5088 magno
2493 5019 2903 5092 Constantino,
2917 5027 3313 5080 Romanorum
3340 5028 3651 5101 imperium

2016 5105 2079 5160 in
2111 5110 2227 5160 tres
2259 5109 2457 5176 partes
2506 5107 2621 5163 fuit
2651 5109 2924 5178 divisum,
2987 5129 3121 5168 cum
3153 5118 3272 5170 tres
3317 5116 3425 5173 ﬁlii
3503 5120 3656 5192 ejus,

1840 5343 2061 5401 ΝΟΤΕ.

322 5520 400 5592 (5)
433 5522 552 5576 Hoc
583 5521 827 5602 nomine
838 5522 1175 5602 honorario
1207 5525 1575 5602 augebantur
1605 5525 2028 5598 imperatorum
2053 5521 2159 5578 ﬁlii
2196 5538 2209 5589 ;
2261 5519 2618 5592 quandoque
2642 5521 2843 5593 etiam,
2869 5530 2936 5580 ut
2982 5527 3078 5583 hic
3116 5530 3273 5601 apud
3330 5536 3656 5602 auctorem,

255 5593 660 5665 imperatorias
690 5593 930 5649 familia;
959 5593 1352 5654 collaterales.
1380 5599 1532 5653 Emr.

537 5711 808 5775 ΡΑι-ιιοι..
851 5713 967 5776 Gn.
1009 5713 1216 5776 XCVI.

3290 5719 3374 5783 40
