3964 6144
388 184 535 245 1269
1918 186 2293 257 nonnum.
3601 207 3713 265 mo

386 312 1243 379 Constantinus,00nstantius
1273 318 1333 368 et
1360 314 1651 369 Constans
1689 310 1841 369 illud
1877 310 2004 366 inte

2149 306 2522 371 Κωνσταντίου
2578 332 2636 365 τε
2719 312 2808 366 καὶ
2863 312 3236 389 Κώνσταντος,
3294 318 3475 384 ταῦτας
3539 347 3722 400 μερισα-

389 421 451 460 se
489 401 848 459 divisissent.
870 403 941 457 Et
967 401 1360 474 primogenito
1392 401 1633 473 quidem
1655 400 2003 456 Constantin

2151 398 2348 470 μένων.
2410 396 2513 454 Καί
2567 403 2646 471 τῷ
2707 401 2800 472 μὶν
2851 402 3056 477 πρώτῳ
3117 405 3487 483 Κωνσταντίνῳ
3528 396 3721 476 aii-dm

403 492 741 566 superiores
774 491 973 547 Gallia
1024 496 1083 545 et
1129 508 1262 561 quas
1322 496 1460 545 sunt
1496 490 1654 545 ultra
1700 490 1899 561 Alpes,
1959 488 2007 543 in

2151 484 2383 541 Γαλλίαι
2427 486 2517 541 καὶ
2564 487 2629 543 τὰ
2658 486 2904 544 ἐπέκεινα
2933 491 3211 566 "Aluum,
3251 493 3303 548 u'i
3356 518 3409 553 τε
3457 502 3719 575 Βρετανικαῖ

391 583 537 638 ειιιω
589 580 943 637 Britannicas
1002 585 1062 635 et
1112 580 1385 653 regiones
1469 596 1675 635 omnes
1723 595 1911 648 usque
1968 595 2001 633 a

2148 581 2330 644 νῆσοι,
2389 577 2478 629 καὶ
2533 572 2637 641 ἕως
2680 582 2777 632 τοῦ
2834 576 3085 654 ἑσπερίου
3139 580 3367 638 ὠκεανοῦ
3410 572 3595 663 κλῆρος
3624 592 3720 649 ἑδό.

390 673 693 728 Oceanum
768 667 1199 724 occidentalem
1265 669 1612 723 haereditate
1683 668 2007 739 obtigerum

2147 666 2337 734 θησαν·
2371 669 2450 736 τῷ
2494 662 2550 719 δέ
2603 687 2667 741 γε
2720 668 3052 737 Κώνσταντι,
3111 670 3183 733 ὡς
3245 672 3463 747 ὑστάτῳ,
3510 662 3555 732 αἰ
3605 683 3722 738 κάτω

388 758 696 815 Constanti
740 773 898 823 vero,
940 761 1143 827 utpote
1201 761 1345 811 natu
1402 756 1674 823 minimo,
1728 755 2007 810 inferiore

2146 751 2399 822 Γαλλίαι,
2460 754 2629 828 ἤγουν
2682 758 2717 825 ἡ
2778 754 2985 811 Ἰταλία
3032 758 3123 812 καὶ
3182 758 3312 831 αὐτή
3344 763 3539 837 Ῥώμη.
3586 769 3639 825 Ὀ
3682 768 3725 826 δὲ

391 848 615 914 Gallia,
640 845 812 902 Italia
842 862 1056 917 nempe
1095 851 1153 900 et
1182 846 1310 917 ipsa
1367 848 1552 901 Roma
1590 847 1690 916 (6).
1752 846 2007 899 Constan

2146 844 2525 907 Κωνστάντιος
2559 847 2586 899 ὁ
2620 843 2867 917 δεύτερος
2889 852 2997 902 τῶν
3060 851 3453 907 Κωνσταντίνου
3504 856 3638 927 υἱῶν,
3680 858 3727 923 ὅς

390 938 507 993 tius
542 935 781 990 demum
808 934 1104 990 secundus
1160 952 1229 990 ex
1261 935 1401 990 filiis
1432 935 1829 1000 Constantini,
1862 932 2007 988 rebu

2142 935 2208 1000 ἦν
2252 931 2339 987 ἐπὶ
2391 938 2498 988 τῶν
2557 941 2658 1003 τῆς
2714 936 2850 1007 έῴας
2909 936 3032 991 τότε
3089 940 3417 1014 πραγμάτων
3464 945 3584 1018 πρὸς
3621 946 3726 1012 τοὺς

391 1023 792 1081 Orientalibus
844 1040 911 1078 eo
955 1029 1219 1095 tempore
1277 1024 1631 1095 praepositus
1695 1022 2003 1092 bellumqu

2144 1022 2349 1090 Πέρσας
2401 1023 2820 1099 ἀγωνιζόμενος,
2892 1027 2954 1080 τὸ
3009 1027 3111 1095 τῆς
3165 1025 3299 1101 ἰῴας
3352 1030 3615 1102 ἀσπάζεται
3655 1036 3729 1107 μὲ-

391 1130 604 1186 gerens
634 1112 919 1169 adversus
946 1114 1177 1180 Persas,
1200 1111 1459 1168 Orientis
1514 1116 1744 1183 partem
1789 1112 2007 1182 accepit

2144 1128 2259 1181 ρος“
2292 1110 2382 1165 καὶ
2412 1112 2533 1166 τότε
2564 1113 2858 1182 Βυζάντιον
2904 1118 3296 1190 μετονομασθὲν
3347 1119 3420 1182 εἷς
3492 1124 3728 1178 Κωνσταν-

390 1203 497 1268 Qui
529 1202 891 1273 Byzantium,
944 1201 1187 1257 nomine
1238 1206 1463 1256 mutato
1510 1201 1572 1255 in
1618 1201 2005 1255 Constantino

2141 1200 2483 1270 τινουπολιν,
2514 1201 2605 1256 καὶ
2634 1201 2753 1257 νέαν
2783 1204 3026 1277 Ῥώμην,
3059 1212 3291 1261 ποιεῖται
3344 1208 3616 1283 βασίλειον,
3658 1212 3729 1266 καὶ

389 1292 574 1363 polim
601 1296 659 1346 et
679 1307 892 1346 novam
928 1293 1198 1359 Romam,
1232 1290 1373 1346 fecit
1418 1290 1531 1345 sibi
1561 1290 1783 1360 regiam
1811 1306 1823 1356 ;
1855 1296 1912 1344 et
1965 1288 2007 1344 a‘.

2143 1289 2249 1343 ἀπὸ
2294 1293 2394 1342 τοῦ
2449 1288 2761 1367 Ἰλλυρικοῦ
2824 1294 2990 1368 μέχρι
3038 1301 3139 1363 τῆς
3187 1296 3539 1372 Προποντίδος
3591 1300 3731 1354 ὁπόσα

389 1380 625 1452 Illyrico
652 1396 841 1450 usque
892 1379 966 1434 ad
1011 1379 1456 1451 Propontidem,
1504 1394 1876 1450 quascunque
1925 1380 2007 1434 Ro

2146 1377 2361 1447 ὑπήκοα
2388 1378 2711 1452 Ῥωμαίοις,
2739 1382 2838 1451 τήν
2893 1402 2953 1436 τε
3013 1383 3208 1459 Συρίαν
3268 1385 3353 1440 καὶ
3412 1387 3727 1457 Παλαιστίνην

390 1471 585 1527 manis
615 1471 929 1543 parebant,
957 1472 1186 1542 Syriam
1238 1488 1473 1543 quoque
1528 1477 1587 1527 et
1635 1471 2007 1527 Palasstinam

2141 1467 2234 1520 xui
2286 1468 2710 1542 Μεσοποταμίαν
2768 1469 2857 1524 καὶ
2917 1468 3210 1545 Αἴγυπτον,
3267 1475 3356 1528 καὶ
3410 1475 3499 1540 τὰς
3570 1479 3734 1546 νήσους

392 1560 877 1632 Mesopotamiam
910 1565 968 1616 et
988 1562 1299 1632 Egyptum
1321 1566 1498 1632 atque
1529 1560 1758 1617 insulas
1810 1561 2007 1617 univex

2141 1553 2372 1627 ἁπάσας,
2421 1559 2490 1631 τῇ
2545 1556 2710 1612 αὐτοῦ
2774 1556 3024 1635 βασιλείᾳ
3073 1559 3167 1615 xui
3220 1559 3462 1636 πολιτείᾳ
3535 1561 3738 1635 ὑποτελῆ

394 1669 489 1710 sas
509 1651 759 1725 imperio
792 1668 897 1708 suo
921 1657 980 1707 et
1001 1651 1213 1707 ditioni
1238 1651 1509 1723 subjecit.

2142 1643 2481 1715 καθίστησιν.

2219 1822 2284 1879 θ’.
2315 1823 2377 1879 Ὀ
2405 1819 2462 1877 δὶ
2505 1824 2672 1900 μέγας
2730 1825 3024 1900 Ἀρτέμιος
3092 1830 3255 1898 συνῆν
3306 1833 3381 1902 τῷ
3429 1829 3736 1903 Κωνσταντίφ

2148 1909 2198 1966 ἐν
2250 1913 2406 1966 παντὶ
2486 1918 2662 1988 καιρῷ
2737 1935 2796 1969 τε
2851 1917 2943 1970 καὶ
2991 1917 3291 1993 πράγματι,
3350 1919 3420 1980 ὡς
3474 1917 3556 1973 ἅτε
3605 1916 3736 1996 φίλος

2146 1997 2380 2073 ἄριστος,
2413 2000 2502 2055 καὶ
2548 2006 2653 2056 τῶν
2714 2002 2797 2057 ἐπ’
2828 2004 2989 2078 ἀρετῇ
3048 2005 3136 2059 καὶ
3196 2003 3414 2080 παιδείᾳ
3468 2005 3739 2082 λαμπρυνοα

2149 2089 2344 2161 μένων,
2376 2088 2463 2144 καὶ
2518 2096 2616 2158 τῆς
2666 2092 3003 2165 Χριστιανῶν
3055 2093 3287 2158 πίστεως
3345 2093 3588 2171 διάπυρος
3639 2093 3737 2170 ἐρα-

2144 2178 2293 2247 στής.
2330 2175 2599 2252 Πατρίδος
2650 2179 2739 2234 καὶ
2798 2179 2989 2254 γένους
3042 2182 3208 2238 αὐτοῦ
3265 2183 3584 2259 ἀνάγραπτον
3614 2186 3734 2257 μνή-

2145 2288 2252 2339 μην
2283 2264 2460 2330 οὐδεὶς
2500 2270 2637 2341 ἡμῖν
2670 2267 3074 2343 παραδέδωκεν,
3130 2273 3278 2344 πλὴν
3335 2275 3417 2329 ’ὁτι
3467 2279 3565 2329 τῶν
3602 2272 3737 2328 εὐπα-

2138 2354 2457 2430 τριδῶνξκαὶ
2496 2358 2750 2433 μεγάλων
2795 2360 3037 2435 ὑπῆρχεν
3072 2363 3099 2417 ὁ
3156 2362 3616 2438 τρισμακάριστος.
3667 2361 3735 2431 Ἐξ

2140 2445 2213 2499 ὧν
2264 2444 2352 2500 καὶ
2410 2443 2537 2502 τάδε
2590 2446 2656 2502 τὰ
2707 2448 2831 2522 περὶ
2872 2448 3035 2503 αὐτοῦ
3097 2449 3514 2527 ἀναγέγραπται,
3567 2451 3638 2505 ὅτι
3682 2448 3733 2503 τὰ

2136 2535 2371 2609 πανάγια
2400 2533 2623 2609 λείψανα
2673 2540 2777 2591 τῶν
2838 2541 2933 2591 τοῦ
2985 2539 3229 2613 Χριστοῦ
3289 2538 3592 2595 ἀποστόλων
3636 2539 3731 2594 Ἀν-

2138 2620 2296 2697 δρέου
2326 2623 2414 2678 καὶ
2459 2627 2635 2680 Λουκᾶ
2692 2625 2782 2679 καὶ
2834 2627 3126 2701 Τιμοθέου,
3177 2629 3342 2691 αὐτός
3398 2629 3530 2685 ἐστιν
3585 2629 3609 2683 ὁ
3653 2626 3730 2695 τήν

2136 2709 2479 2784 ἀνακομιδὴν
2558 2714 2733 2767 αὐτῶν
2818 2714 2920 2769 ὖπὸ
3003 2718 3389 2773 Κωνσταντίου
3443 2719 3727 2788 ποιήσασθαι

2133 2799 2462 2868 κελευσθεὶς,
2537 2802 2611 2864 ὡς
2687 2806 2895 2879 προῖὼν
2952 2806 2980 2859 ὁ
3058 2804 3228 2882 λόγος
3287 2805 3500 2879 διδάξει·
3549 2804 3641 2881 ἐγὼ
3688 2801 3731 2857 δὲ

466 1835 518 1886 9.
569 1832 811 1903 Magnus
873 1834 1073 1885 autem
1131 1829 1430 1886 Artemius
1486 1828 1832 1885 versabatur
1902 1846 2038 1887 cum

396 1920 742 1975 Constantio
776 1919 937 1974 omni
970 1924 1235 1991 tempore
1276 1918 1416 1973 etin
1449 1919 1610 1973 omni
1660 1920 1917 1992 negotio,
1974 1924 2042 1974 ut

399 2009 501 2079 qui
534 2013 690 2064 esset
717 2008 942 2063 amicus
973 2008 1232 2079 optimus
1265 2013 1322 2061 et
1351 2024 1420 2062 ex
1452 2007 1544 2067 iis.
1579 2008 1678 2078 qui
1718 2008 1932 2062 virtute
1980 2012 2040 2065 et

398 2097 667 2152 doctrina
695 2096 1024 2168 fulgebant,
1046 2102 1102 2151 et
1126 2096 1591 2152 Christianorum
1652 2095 1790 2150 fidei
1822 2095 2039 2151 arden-

394 2188 658 2243 tissimus
691 2192 939 2243 amator.
993 2188 1073 2241 De
1103 2188 1295 2257 patria
1339 2192 1398 2242 et
1447 2203 1663 2259 genere
1721 2187 1849 2258 ejus
1885 2186 2037 2245 nihil

391 2277 679 2348 scriptum
712 2275 1008 2346 quispiam
1051 2275 1224 2331 nobis
1280 2275 1545 2343 tradidit,
1604 2275 1721 2330 nisi
1768 2276 1926 2346 quod
1965 2293 2036 2332 ex

388 2366 577 2422 nobili
608 2369 668 2421 et
695 2364 916 2419 illustri
974 2364 1203 2420 familia
1257 2364 1344 2419 vir
1390 2364 1771 2420 beatissimus
1800 2364 2036 2421 duxerit

382 2458 604 2510 ortum.
642 2452 807 2508 Unde
831 2452 1008 2509 etiam
1065 2452 1193 2508 htec
1230 2452 1303 2507 de
1362 2469 1430 2508 eo
1462 2452 1698 2523 scriptis
1750 2453 2035 2510 mandata.

379 2547 537 2609 sunt,
592 2541 784 2613 ipsum
843 2557 972 2595 esse
1040 2540 1141 2612 qui
1210 2540 1418 2611 jussus
1470 2542 1547 2596 sit
1599 2557 1633 2596 a
1681 2541 2029 2597 Constantio

376 2647 697 2703 procurare
730 2629 1184 2685 translationem
1216 2630 1728 2685 sanctissimarum
1754 2629 2032 2700 reliquia-

379 2736 513 2776 rum
534 2718 808 2783 Andreze,
842 2717 1056 2773 Christi
1088 2718 1360 2789 apostoli,
1403 2720 1571 2774 Lucas
1612 2724 1670 2773 et
1709 2718 2026 2787 Timothei,

374 2813 441 2863 ut
473 2824 737 2879 sequens
768 2806 1130 2879 significabit
1159 2808 1369 2862 oratio.
1419 2807 1708 2878 Equidem
1739 2808 1867 2863 haec
1898 2825 2025 2863 om-

380 2897 482 2953 nia
502 2897 782 2967 deinceps
814 2895 1092 2964 narrabo,
1128 2912 1236 2966 per
1266 2896 1481 2951 seriem
1524 2897 1809 2967 temporis
1842 2902 2007 2951 trans

2135 2889 2342 2944 ἒὶπαντα
2368 2894 2535 2945 ταῦτα
2556 2892 2782 2961 καθεξῆς
2815 2890 3152 2968 διηγήσομαι
3216 2897 3307 2952 ἐπὶ
3358 2896 3481 2959 τοὺς
3537 2896 3731 2970 χρόνους

379 3002 644 3055 currens,
674 2990 732 3039 et
761 2988 1035 3040 accurate
1067 2984 1396 3039 secundum
1434 3001 1634 3039 rerum
1668 2985 2007 3055 exigentian

2137 2974 2427 3034 διαϐαίνων
2500 2981 2586 3034 καὶ
2650 2980 2993 3055 ἐκτιθέμενος
3043 2987 3182 3039 κατά
3239 2987 3340 3055 τὴν
3400 2984 3609 3040 δεούσαν
3648 2984 3729 3035 τῶν

379 3089 700 3145 exponens.
735 3073 879 3128 Cum
911 3072 1108 3143 igitur,
1141 3078 1207 3127 ut
1236 3072 1457 3127 dictum
1507 3077 1615 3140 est,
1674 3078 1794 3128 tres
1825 3084 2007 3128 essem

2132 3067 2463 3143 πραγμάτων
2526 3064 2825 3143 ἀκρίϐειαν.
2880 3072 2967 3133 Ὡς
3027 3071 3117 3126 οὖν
3181 3076 3332 3148 [347]
3390 3072 3607 3149 εἴρηται,
3647 3072 3729 3122 τῶν

375 3164 785 3234 imperatores,
851 3166 1202 3233 partemque
1259 3178 1425 3216 suam
1494 3161 1712 3233 singuli
1771 3160 2007 3217 admini-

2138 3152 2408 3231 βασιλέων
2440 3161 2604 3231 τριῶν
2627 3159 3033 3233 τυγχανόντων,
3063 3162 3152 3215 καὶ
3212 3166 3314 3228 τῆς
3374 3162 3533 3216 αὐτοῦ
3577 3156 3735 3232 μοίρας

372 3251 1089 3323 strarent,primogenitus
1103 3265 1308 3305 eorum
1330 3250 2007 3321 Constantinus,propria

2134 3243 2359 3300 ἑκάστου
2392 3245 2567 3301 αὐτῶν
2605 3244 3013 3322 βασιλεύοντος,
3044 3250 3072 3303 ’ὀ
3119 3257 3348 3326 πρῶτος
3397 3251 3562 3305 αὐτῶν
3614 3253 3733 3301 Keue

367 3340 718 3411 relinquens
750 3344 808 3394 et
835 3339 1033 3394 fratris
1091 3342 1239 3394 natu
1278 3337 1537 3403 minimi,
1598 3342 1741 3392 tunc
1771 3340 2007 3394 Romam

2131 3338 2410 3397 σταντῖνος
2438 3341 2540 3405 τῆς
2588 3334 2791 3398 οἴκείας
2854 3335 3073 3413 μερίδος
3123 3340 3434 3401 ἀπαναστὰς
3493 3338 3574 3392 καὶ
3623 3334 3731 3408 πρὸς

365 3427 637 3500 profecti,
670 3426 1078 3482 haareditatem
1110 3426 1416 3496 invadens,
1450 3442 1758 3498 aggressus
1790 3432 1879 3482 est
1906 3426 2007 3482 ad-

2128 3423 2228 3491 τὴν
2284 3427 2380 3477 τοῦ
2436 3421 2667 3498 ἐσχάτου
2725 3422 2966 3503 ἀδελφοῦ
3021 3427 3400 3503 κληροδοσίαν
3445 3422 3734 3490 ἐπανελθὼν,

364 3533 569 3573 versus
600 3532 737 3571 eum
786 3516 995 3587 injusti
1048 3515 1354 3586 quidpiam
1403 3514 1655 3586 Operari.
1690 3514 2007 3572 Absentem

2130 3509 2334 3567 ἐκείνου
2383 3512 2521 3587 πρὸς
2572 3514 2671 3581 τὴν
2723 3514 2941 3587 Ῥώμην
2976 3513 3465 3590 ἀποδημήσαντος,
3500 3513 3729 3588 ἐπεχείρει

364 3608 525 3663 enim
556 3607 907 3663 criminatus
931 3611 1019 3661 est
1049 3606 1256 3661 dicens
1286 3606 1553 3676 iniquam
1575 3622 1776 3661 rerum
1793 3606 2007 3663 factam

2127 3604 2313 3655 τιτῶν
2349 3598 2548 3655 ἀδίκων
2571 3604 2706 3656 κατὰ
2761 3601 2858 3658 τοῦ
2915 3601 3156 3683 ἀδελφοῦ
3208 3604 3605 3682 διαπράξασθαι’
3657 3598 3729 3653 καὶ

364 3711 493 3751 esse
528 3695 933 3767 partitionem,
991 3698 1051 3748 et
1101 3694 1393 3765 majorem
1469 3699 1698 3765 partem
1751 3694 2007 3766 imperii,

2127 3687 2284 3743 αὐτὸν
2320 3690 2398 3762 μή
2428 3690 2671 3765 παρόντα
2702 3687 3014 3764 διέϐαλλεν,
3047 3695 3121 3757 ὡς
3158 3696 3219 3750 οὐ
3254 3693 3439 3757 καλῶς
3460 3698 3560 3748 τῶν
3581 3708 3727 3765 πραγ-

362 3783 521 3853 quod
542 3782 615 3838 ad
628 3783 824 3853 ipsum
844 3782 1232 3853 pertineret,a
1250 3782 1431 3839 fratre
1445 3782 1628 3838 fuisse
1641 3789 2007 3854 usurpatam.

2128 3780 2311 3850 μάτων
2346 3776 2803 3851 διανεμηθέντων,
2864 3784 2948 3837 xui
3011 3782 3094 3838 ὅτι
3141 3782 3405 3840 πλεῖστον
3464 3783 3611 3857 μέρος
3650 3782 3728 3844 τῆς

364 3870 475 3926 Sed
501 3870 760 3942 regionis
794 3869 973 3925 duces
1009 3876 1069 3924 et
1096 3871 1391 3937 custodes,
1448 3887 1483 3926 a
1528 3872 1868 3927 Constantio
1917 3872 2007 3927 in-

2127 3867 2269 3939 αὐτῷ
2298 3867 2681 3942 προσηκούσης
2739 3870 2916 3944 ἀρχῆς
2970 3870 3374 3949 ἐσφετερίσατο.
3434 3873 3500 3930 Οἱ
3552 3867 3602 3923 δὲ
3648 3871 3727 3932 τῆς

364 3961 577 4027 stituti,
606 3958 1046 4031 responderunt
1076 3976 1139 4014 se
1169 3964 1386 4031 prater
1424 3959 1602 4030 hujus
1651 3960 2007 4016 sententiam

2127 3959 2310 4031 χώρας
2359 3956 2651 4034 στρατηγοί
2705 3979 2763 4012 τε
2817 3959 2905 4013 καὶ
2966 3959 3229 4037 φύλακες,
3292 3962 3385 4024 οὕς
3431 3961 3458 4015 ὁ
3511 3958 3725 4016 Κώνστας

362 4054 421 4103 et
466 4066 825 4104 consensum
856 4047 1010 4104 nihil
1066 4048 1186 4103 sive
1243 4064 1523 4121 magnum
1569 4049 1687 4104 sive
1760 4065 2007 4119 parvum

2127 4045 2547 4118 ἐχειροτόνησεν,
2582 4047 2679 4101 οὐκ
2717 4041 2912 4124 ἔφασαν
2972 4050 3150 4125 χωρὶς
3207 4058 3310 4121 τῆς
3368 4050 3564 4105 ἐκείνου
3614 4042 3724 4119 γνώ-

358 4154 532 4208 posse
564 4143 835 4193 mutare:
885 4138 1095 4192 fuisset
1156 4137 1315 4193 enim
1360 4137 1673 4193 nefarium.
1720 4139 2007 4194 Constan-

2127 4155 2227 4208 μης
2273 4155 2331 4190 τε
2378 4135 2467 4188 καί
2531 4132 2739 4209 βουλῆς
2824 4133 3077 4193 δύνασθαί
3162 4160 3216 4194 τι
3279 4138 3474 4215 μικρὸν
3532 4135 3563 4203 ἢ
3617 4131 3720 4205 μέγα

358 4225 519 4278 tinus
549 4229 745 4279 autem
776 4223 1002 4278 bellum
1032 4230 1220 4295 parat,
1252 4240 1537 4296 armaque
1561 4229 1759 4279 movet
1786 4224 1849 4279 in
1869 4242 2005 4280 cum

2127 4227 2443 4296 μετακινεῖνο
2490 4222 2704 4277 ἀνόσιον
2757 4225 2891 4301 γάρ’»
2935 4227 2961 4279 ὁ
3022 4222 3078 4281 δὲ
3129 4228 3270 4302 πρὸς
3332 4224 3569 4298 πόλεμον
3617 4222 3721 4273 ἀπο-

358 4315 459 4386 qui
490 4315 720 4371 nullam
746 4315 968 4372 fecerat
998 4316 1302 4387 iniuriam.
1336 4316 1505 4373 Cadit
1533 4317 1713 4390 igitur
1751 4317 1894 4373 dum
1943 4316 2004 4372 in

2127 4309 2317 4383 δύεται,
2373 4310 2463 4367 καὶ
2525 4309 2671 4366 ὅπλα
2716 4317 2855 4368 κινεῖ
2914 4313 3049 4368 κατὰ
3104 4320 3203 4370 τοῦ
3240 4312 3414 4388 μηδὲν
3463 4310 3719 4381 ἀδικήσαν-

352 4403 512 4460 bello
530 4409 753 4476 pugnat
788 4423 802 4471 ;
833 4410 891 4459 et
929 4404 1185 4462 aliorum
1244 4405 1652 4461 hasreditatem
1712 4406 1991 4476 concupi-

2127 4421 2215 4462 ος.
2264 4400 2458 4456 ΙΙίπτει
2488 4400 2667 4454 τοίνυν
2728 4401 2757 4455 ὁ
2816 4408 3221 4466 Κωνσταντῖνος
3280 4404 3335 4459 ἐν
3396 4408 3474 4475 τῷ
3528 4397 3718 4468 πολέμῳ

355 4505 525 4545 scens
556 4505 687 4545 eam
716 4491 907 4562 ipsam
928 4491 1128 4547 amisit
1164 4508 1341 4563 quam
1364 4491 1529 4562 justo
1554 4491 1812 4547 dominio
1843 4491 1994 4546 deti-

2127 4489 2451 4563 ιαχόμενος,
2508 4488 2726 4557 καὶτῆς
2759 4487 2978 4565 μερίδος
3034 4496 3143 4546 τῶν
3202 4491 3516 4567 ἀλλοτρίων
3569 4488 3719 4546 ἐπιθυ-

352 4594 494 4635 nere
519 4578 848 4638 videbatur.

2127 4580 2249 4648 ιῶν,
2305 4576 2395 4631 καὶ
2454 4577 2589 4651 ἅπερ
2649 4573 2823 4631 έδόκει
2888 4572 3125 4654 βεϐαίως
3198 4584 3422 4655 κρατεῖν
3500 4590 3716 4650 προσαπ-

2105 4664 2330 4722 ώλεσεν.

1932 4821 2156 4878 ΝΟΤᾹΞ.

2100 4945 2619 5022 _v_ocaba_ntur,sed
2650 4962 2778 5002 eam
2823 4948 3102 5022 extendit
3148 4948 3229 5022 ad
3265 4951 3567 5022 integram
3626 4944 3719 5017 Ita:

423 4947 496 5015 (6)
528 4948 737 5004 Mirum
769 4947 951 5003 videri
981 4952 1203 5020 posset,
1238 4952 1535 5003 auctorem
1581 4948 1689 5004 sub
1747 4948 1990 5020 nomine

2100 5019 2281 5084 liam;
2319 5018 2403 5071 ita
2450 5021 2515 5069 ut
2571 5034 2743 5073 voces
2786 5017 2841 5070 αἱ
2889 5018 3037 5072 κάτω
3098 5016 3332 5073 Γαλλίαι
3386 5016 3529 5074 fiant
3574 5016 3715 5087 qua?

349 5019 676 5096 inferiorum
721 5019 1030 5096 Galliarum
1086 5019 1314 5074 Italiam
1371 5019 1905 5096 comprehendere
1935 5024 1993 5096 et

347 5089 835 5160 ipsamRomam.
869 5089 980 5144 Sed
1010 5096 1232 5146 attente
1261 5089 1659 5145 consideranti
1708 5106 1838 5160 quas
1892 5091 1988 5144 hic

346 5158 418 5211 de
441 5157 727 5232 divisione
751 5160 983 5229 imperii
1006 5162 1285 5216 dicuntur
1300 5161 1527 5232 patebit
1544 5157 1831 5232 Joannem
1849 5162 1987 5232 huic

340 5230 565 5302 regioni
600 5246 776 5299 quam
802 5228 968 5285 vocat
996 5233 1203 5288 Gallias
1231 5228 1535 5301 snperiores
1561 5231 1637 5302 (ui
1694 5228 1804 5284 ἄνω
1834 5228 1981 5283 Γαλ-

340 5296 475 5373 λίάι)
509 5296 647 5373 earn
671 5318 968 5373 opponere
982 5319 1158 5372 quam
1174 5296 1879 5369 vocatGallz'as'inferiores
1907 5302 1980 5373 (αί

334 5368 484 5422 κάτω
517 5368 791 5441 Γαλλίοῐιῇ,
826 5389 956 5441 qum
1000 5368 1211 5443 nempe
1271 5380 1361 5428 est
1417 5374 1565 5428 citra
1608 5368 1806 5443 Alpes.
1857 5368 1981 5429 Janl

334 5458 468 5497 vero
485 5444 870 5512 posteriorem
885 5444 1035 5497 hanc
1050 5443 1594 5501 denominationem
1610 5461 1729 5499 non
1743 5445 1983 5501 restrin-

333 5512 417 5585 git
446 5514 518 5568 ad
551 5531 619 5569 ea
643 5532 772 5587 quae
804 5512 1041 5586 proprie
1069 5530 1103 5568 a
1132 5516 1409 5571 Romanis
1459 5516 1642 5573 Gallia
1698 5516 1980 5587 Cisalpina

2098 5080 2316 5144 nomen
2343 5087 2682 5163 genericum
2714 5088 2785 5143 ad
2835 5090 3266 5163 designandam
3299 5097 3479 5147 totam
3511 5080 3713 5156 imperii

2097 5166 2326 5233 partem
2386 5175 2537 5233 quas,
2590 5160 3287 5233 interpositis'Alpibus,
3359 5165 3653 5233 separatur
3688 5166 3715 5203 ﬂ

2097 5223 2285 5285 Callia
2316 5223 2641 5303 superiore.
2680 5223 2838 5285 Tunc
2869 5238 3065 5287 autem
3090 5223 3308 5303 reapse
3350 5223 3479 5303 sub
3512 5231 3609 5303 hac
3626 5223 3711 5277 de-

2094 5301 2503 5357 nominatione
2534 5303 2954 5371 comprehendi
2988 5309 3179 5373 potest
3201 5301 3336 5359 tota
3359 5302 3541 5359 Italia.
3556 5301 3711 5352 Porro

2094 5372 2430 5428 mirandum
2473 5387 2593 5424 non
2624 5377 2712 5446 est
2742 5372 3092 5446 scriptorem
3122 5376 3393 5430 Graecum
3449 5381 3709 5446 nouom-

2091 5446 2251 5520 nin_o_
2283 5446 2556 5520 accurate
2624 5442 2788 5520 loqui
2846 5440 2917 5520 de
2975 5444 3149 5520 rebus
3204 5446 3280 5501 ad
3324 5440 3710 5520 geographiam

2089 5512 2519 5589 occidentalem
2550 5512 3006 5586 pertinentibus.
3051 5517 3200 5572 EDIT.
