3964 6144
331 234 465 294 1261

1669 235 1729 290 Β.
1770 232 2077 294 ΔΒΤΒΜΙΙ
2113 230 2384 288 PASSIO.

3589 233 3733 314 ηδε

398 359 449 415 ι’.
481 358 543 416 Ὁ
594 355 774 416 τοίνυν
831 355 1028 414 τούτου
1084 357 1219 420 λαὸς
1288 355 1571 414 ἀποκλίνει
1626 355 1761 431 πρὸς
1810 355 1970 411 Κών-

2160 358 2244 410 10.
2277 354 2416 427 Ejus
2447 369 2680 426 quoque
2709 352 2963 426 populus
3013 353 3274 412 declinat
3321 356 3395 412 ad
3441 359 3731 416 Constan—

325 468 540 516 σταντα,
571 448 659 502 καὶ
693 447 899 522 γίνεται
959 450 1101 502 πᾶσα
1153 448 1186 515 ἡ
1242 449 1340 515 τῆς
1400 447 1659 518 Ἐσπέρας
1701 445 1850 519 ἀρχὴ
1883 443 1968 497 ὑπ’

324 535 511 609 ἐκείνῳ
567 533 735 610 μηδὲν
795 535 918 610 περὶ
975 535 1176 606 ταύτης
1235 532 1616 590 σπουδάσαντι·
1676 538 1774 589 τοῦ
1835 535 1969 587 Θεοῦ

321 630 488 682 ταῦτα
543 623 883 694 δικάσαντος,
945 626 1037 694 Μή
1122 623 1256 679 κίνει
1343 626 1467 699 ὅρια
1542 624 1788 698 πατέρων
1848 642 1969 690 σου,

328 712 469 788 μήδε
521 718 618 770 τοῦ
675 713 911 782 πλησίον
969 712 1245 778 καθάπτου
1303 719 1403 783 τῆς
1461 709 1719 774 αὕλακοςο
1781 712 1808 766 6
1865 709 1970 787 γᾶφ

323 803 460 860 κατᾶ
503 807 600 859 τοῦ
637 802 873 872 πλησίον
917 801 1374 877 πονηρευόμενος,
1427 803 1586 863 αὐτὸς
1635 802 1808 871 ἑαυτῷ
1850 819 1972 852 συν·

328 894 439 966 άγει
495 892 586 946 τὸν
645 888 895 966 ὄλεθρον,
952 892 1052 960 τὴν
1111 895 1208 947 τοῦ
1265 895 1399 946 Θεοῦ
1461 889 1615 960 δίκην
1675 889 1755 964 ἐφ’
1789 887 1973 942 ἑαυτὸν

327 979 726 1053 ἐπισπώμενος.
775 978 1058 1036 Βασιλεύει
1113 980 1289 1034 τοίνυν
1351 980 1378 1034 ὁ
1439 981 1690 1039 Κώνστας
1721 977 1802 1052 ἐφ’
1834 975 1973 1045 ὅλης

325 1078 426 1140 τῆς
471 1070 759 1142 Ἑσπερίου
815 1068 1017 1144 ἀρχῆς,
1073 1068 1168 1130 τὰς
1237 1066 1332 1123 δύο
1386 1064 1755 1140 κληροδοσίας
1811 1065 1888 1126 εἰς
1919 1061 1970 1118 ἔν

328 1161 582 1232 συνάψας,
631 1157 720 1212 καὶ
773 1157 898 1229 μίαν
955 1156 1133 1232 ἀρχὴν
1194 1157 1474 1234 ἀμφότερα
1527 1155 1594 1211 τά
1653 1156 1792 1231 μέρη
1844 1175 1974 1223 στη-

328 1250 581 1321 σάμενος.
641 1245 717 1303 Ού
773 1245 948 1307 πολὺς
1001 1245 1052 1300 ἐν
1109 1246 1256 1318 μέσῳ
1302 1245 1511 1318 καιρὸς,
1541 1244 1629 1298 καὶ
1662 1245 1690 1298 6
1722 1242 1975 1303 Κώνστας

327 1337 404 1398 είς
435 1335 659 1408 κώμους
706 1334 797 1388 καὶ
848 1335 1010 1408 μέθας
1064 1332 1446 1405 ὲναποκλίνας,
1494 1333 1585 1388 καὶ
1634 1329 1976 1392 ἀλλοκότους

329 1425 546 1499 ἐρώτων
571 1421 864 1499 διαγωγάς,
900 1422 1157 1499 ῥᾳθύμως
1201 1425 1300 1492 τήν
1349 1421 1487 1492 ὅλην
1537 1420 1717 1496 ἀρχὴν
1766 1419 1980 1474 διεπέτ-

325 1533 466 1584 τευε,
522 1513 585 1568 τὸ
633 1519 731 1582 τῆς
796 1511 1078 1588 βασιλείας
1140 1512 1367 1586 μέγεθος
1427 1510 1809 1585 ἕξερχόμενος’
1858 1506 1980 1562 ἔπι-

330 1598 648 1657 ϐουλεύεται
706 1605 998 1677 τοιγαροῦν
1074 1599 1165 1654 καὶ
1250 1599 1410 1661 αὐτὸς
1464 1599 1612 1673 παρὰ
1666 1617 1813 1658 τινος
1868 1599 1976 1650 τῶν

2075 449 2218 511 tem,
2251 444 2344 498 cui
2372 443 2523 498 nihil
2556 444 2669 498 tale
2703 444 2984 516 cogitanti
3028 449 3216 499 totum
3249 447 3585 503 Occidentis
3615 450 3730 504 im-

2073 533 2304 603 perium
2337 533 2681 604 subjicitur;
2716 535 2833 587 Deo
2889 533 3116 588 scilicet
3165 534 3556 592 denuntiante
3605 555 3727 596 non

2075 621 2395 676 movendos
2455 622 2740 676 terminos
2799 627 3034 692 patrum
3087 639 3350 689 suorum,
3409 642 3600 696 neque
3651 628 3724 698 de

2077 711 2239 765 sulco
2272 711 2522 781 proximi
2559 710 2881 782 quidquam
2913 711 3366 768 detrahendum.
3400 715 3507 779 Qui
3558 717 3720 772 enim

2077 817 2212 872 erga
2242 800 2576 870 proximum
2609 799 2914 870 improbus
2945 807 3052 867 est,
3100 803 3352 872 proprias
3398 804 3719 878 perditioni

2076 905 2280 945 ausam
2338 888 2581 959 praebet,
2643 905 2776 942 cum
2832 889 2933 944 Dei
2992 889 3261 944 vindicta)
3331 894 3717 965 semetipsum

2078 977 2406 1031 submittat.
2442 977 2790 1032 nominatur
2820 994 2956 1048 ergo
2989 979 3280 1034 Constans
3328 981 3389 1034 in
3421 967 3718 1055 integrum

2079 1065 2413 1120 Occidentis
2447 1066 2783 1136 imperium,
2817 1066 2963 1121 duas
3004 1067 3379 1126 haereditates
3427 1072 3488 1126 in
3538 1089 3722 1128 unam

2080 1155 2468 1226 conjungens,
2504 1160 2561 1209 et
2591 1171 2661 1209 ex
2682 1155 2966 1210 ambabus
2993 1157 3260 1227 partibus
3292 1177 3475 1214 unum
3498 1161 3724 1218 faciens

2079 1245 2417 1315 imperium.
2480 1245 2644 1299 Brevi
2702 1249 2834 1316 post
2881 1251 3144 1318 tempore
3203 1253 3261 1303 et
3308 1251 3596 1308 Constans
3650 1252 3728 1310 ad

2081 1335 2544 1392 comessationes
2577 1335 2886 1390 declinans
2932 1343 2990 1392 et
3035 1337 3348 1395 ebrietates
3398 1347 3456 1396 et
3497 1342 3729 1421 alienos

2083 1441 2336 1492 amores,
2369 1425 2628 1496 segniter
2677 1441 2743 1479 ac
2779 1426 2948 1495 quasi
2981 1428 3221 1482 tesseris
3253 1429 3465 1486 ludens
3491 1413 3731 1487 univer:

2085 1531 2209 1569 sam
2253 1513 2708 1569 administrabat
2761 1515 3213 1586 rempublicam,
3260 1518 3494 1590 imperii
3543 1522 3732 1593 maje-

2086 1609 2298 1658 statem
2329 1603 2700 1674 dedignatus.
2733 1603 2970 1658 Insidiae
3019 1605 3218 1676 itaque
3265 1608 3316 1662 ei
3361 1615 3646 1680 parantur
3696 1625 3732 1666 a

332 1694 647 1767 στρατηγῶν
705 1691 882 1762 [348],
938 1687 1304 1762 Μαγνεντίου,
1361 1687 1450 1742 καὶ
1510 1686 1642 1759 μετά
1690 1693 1788 1755 τῆς
1824 1687 1978 1760 βασι-

2102 1691 2234 1748 luce
2265 1691 2545 1764 quodam,
2578 1693 2909 1766 Magnentio
2943 1695 3272 1765 nomine,et
3299 1713 3434 1752 cum
3479 1698 3729 1770 imperio

335 1779 484 1842 Λείας
541 1775 956 1853 προσαπόλλυσι
1015 1776 1105 1832 καὶ
1158 1777 1221 1831 τὸ
1280 1779 1396 1849 ζῇν.
1449 1775 1654 1830 Τούτου
1693 1773 1978 1845 πεσόντος,
2015 1773 2053 1802 ”

332 1872 521 1945 κρατεῖ
568 1869 668 1939 τῆς
723 1867 902 1942 ἀρχῆς
962 1867 990 1920 6
1048 1866 1398 1940 Μαγνέντιος,
1462 1866 1580 1937 μεθ’
1637 1863 1698 1919 ού
1753 1867 1855 1929 τῆς
1882 1883 1977 1917 τυ-

335 1956 580 2034 ραννίδος
677 1950 1112 2010 συναπελάϐοντο
1186 1955 1520 2015 Νεποτιανὸς
1583 1953 1675 2008 καὶ
1741 1954 1980 2026 Βρεττα-

333 2051 486 2106 νίων.

408 2138 494 2195 ια’.
553 2139 736 2194 Ταῦτα
789 2134 974 2208 μαθὼν
1061 2135 1090 2189 6
1174 2135 1548 2195 Κωνστάντιος
1605 2133 1665 2188 lx
1719 2136 1824 2187 τῶν
1876 2137 1978 2200 τῆς

335 2225 576 2305 ἀδεΛιρῆς
638 2227 1000 2299 γραμμάτων,
1067 2222 1275 2298 ἀπάρας
1342 2222 1402 2277 ἐκ
1483 2229 1583 2292 τῆς
1660 2221 1978 2292 Ἀνατολῆς,

333 2317 425 2370 καὶ
473 2314 611 2388 πρὸς
680 2313 779 2381 τὴν
854 2311 1118 2384 Ἑσπέραν
1164 2312 1478 2388 γενόμενος,
1539 2313 1788 2365 συνάπτει
1846 2310 1981 2384 πρὸς

337 2405 679 2482 ἀμφοτέρους
736 2401 1006 2474 πόλεμον,
1081 2400 1170 2456 καὶ
1245 2401 1382 2455 κατὰ
1430 2402 1629 2475 κράτος
1681 2404 1825 2470 νικᾷ,
1881 2402 1979 2452 τοῦ

338 2493 742 2567 Βρεττανίωνος
797 2491 934 2566 πρὸς
991 2491 1152 2545 αύτὸν
1214 2489 1630 2550 ἀποκλίναντος·
1665 2488 1752 2543 ὅτε
1799 2488 1887 2542 καὶ
1916 2487 1981 2542 τὸ

337 2587 434 2639 τοῦ
485 2584 716 2656 σταυροῦ
767 2585 996 2652 σημεῖον
1045 2578 1298 2654 μέγιστόν
1328 2599 1387 2633 τε
1416 2579 1505 2632 καὶ
1539 2575 1728 2640 δεινῶς
1763 2576 1983 2652 ἐκφανὲν

339 2671 501 2741 ἅπαν,
534 2673 608 2733 ὡς
659 2671 1116 2744 ὕπεραστράπτειν
1171 2672 1250 2740 τῷ
1305 2666 1598 2740 πληκτικῷ
1641 2673 1741 2736 τῆς
1788 2666 1983 2742 αἳγλης

340 2765 438 2828 τῆς
493 2760 703 2834 ἡμέρας
758 2758 822 2814 τὸ
879 2762 1014 2835 φῶς,
1074 2755 1162 2810 ἐπὶ
1211 2760 1320 2812 τῶν
1378 2755 1772 2832 Ἱεροσολύμων
1825 2753 1978 2833 ὤφθη

342 2853 464 2927 περὶ
493 2851 684 2926 τρίτην
743 2847 884 2922 ὥραν
945 2845 1180 2920 μάλιστα
1231 2852 1332 2916 τῆς
1390 2847 1622 2920 ἡμέρας,
1661 2853 1761 2916 τῆς
1793 2846 1984 2919 ἑορτῆς

340 2945 442 3009 τῆς
500 2937 806 3014 λεγομένης
881 2941 1260 3005 Πεντηκοστῆς
1339 2933 1705 3005 ἐνεστηκυίας,
1793 2932 1980 3004 διῆκον

339 3028 448 3082 ἀπὸ
504 3031 602 3082 τοῦ
660 3025 890 3100 Κρανίου
948 3023 1248 3100 λεγομένου
1299 3023 1492 3093 τόπου,
1552 3021 1682 3099 ἄχρι
1740 3022 1829 3078 καὶ
1885 3027 1983 3078 τοῦ

332 3116 636 3178 Ἐλαιῶνος
665 3111 845 3190 ὄρους,
876 3112 990 3168 ὅθεν
1027 3113 1271 3188 ὑπῆρχεν
1305 3113 1332 3167 ὁ
1366 3113 1562 3188 Σωτὴρ
1585 3115 1686 3183 τήν
1710 3111 1980 3188 ἀνάληψιν

333 3204 725 3276 ποιησάμενος.
783 3207 980 3278 Κρατεῖ
1031 3201 1210 3256 τοίνυν
1269 3203 1367 3270 τῆς
1436 3199 1713 3276 βασιλείας
1769 3200 1982 3271 ἀπάσης

335 3289 737 3358 Κωνστάντιος,
791 3295 900 3346 τῶν
945 3294 1044 3346 τοῦ
1102 3288 1345 3364 μεγάλου
1403 3289 1801 3344 Κωνσταντίνου
1849 3291 1982 3344 υἱῶν

345 3381 512 3455 μόνος
543 3379 906 3458 ὑπολειφθείς.

415 3470 508 3546 ip‘.
543 3469 817 3531 ’Λτενίσας
846 3465 937 3523 οὖν
965 3468 1102 3544 πρὸς
1131 3469 1194 3522 τὸ
1251 3473 1352 3537 τῆς
1401 3466 1582 3542 ἀρχῆς
1612 3469 1864 3541 μέγεθος,
1895 3467 1983 3522 καὶ

342 3558 696 3636 εἷλιγγιάσας,
747 3558 821 3619 ὡς
873 3558 966 3613 ἅτε
1017 3556 1084 3626 δὴ
1135 3556 1418 3631 ἄνθρωπος
1462 3555 1558 3623 ὢν,
1605 3556 1696 3610 καὶ
1732 3558 1806 3629 μή
1839 3552 1984 3630 ἔχων

338 3649 432 3703 τὸν
480 3648 541 3702 ὲκ
593 3651 690 3703 τοῦ
763 3647 950 3722 γένους
1016 3646 1163 3718 αύτῷ
1245 3645 1652 3714 συνασπίζοντα·
1711 3641 1836 3699 οὔτε
1885 3645 1986 3720 γάρ

344 3740 496 3810 αὐτῷ
527 3743 656 3799 παῖς
704 3735 968 3812 ἐγεγόνει,
1027 3733 1151 3790 οὔτε
1207 3756 1292 3797 τις
1347 3739 1455 3788 τῶν
1489 3731 1736 3810 ἀδελφῶν
1768 3733 1990 3789 κατελέ-

343 3842 555 3882 Λειπτο·
613 3825 704 3880 καὶ
754 3823 934 3886 δείσας
997 3827 1070 3898 μή
1129 3845 1213 3887 τις
1276 3823 1422 3895 αύτῷ
1459 3821 1622 3877 πάλιν
1657 3821 1984 3894 ἐπανασταίη

342 3916 602 3993 τύραννος
657 3915 794 3972 κατᾶ
847 3922 946 3985 τῆς
1006 3915 1170 3970 αὐτοῦ
1233 3913 1508 3988 βασιλείας
1555 3913 1987 3985 ἐξανιστάμενος,

343 4008 626 4062 σκέπτεται
681 4010 790 4060 τῶν
841 4007 1118 4080 συγγενῶν
1162 4024 1286 4058 τινα
1333 3997 1518 4058 λαϐεῖν
1554 4000 1865 4078 σύγκληρον
1897 4002 1987 4057 καὶ

340 4102 442 4165 τῆς
521 4093 798 4171 βασιλείας
876 4094 1237 4162 ὑπασπιστήν.
1299 4094 1368 4150 "0
1427 4088 1493 4161 δὴ
1549 4090 1639 4145 καὶ
1696 4091 1986 4162 πεποίηκε,

340 4181 554 4238 Γάλλον
602 4183 694 4238 τὸν
744 4180 1045 4239 Ἰουλιανοῦ
1094 4178 1324 4251 ἀδελφὸν
1395 4179 1630 4255 Καίσαρα
1675 4181 1990 4256 προστησά-

346 4289 529 4346 μενος⁶
564 4270 778 4345 ἀνεψιὸς
833 4269 890 4326 δὶ
944 4271 1083 4346 πρὸς
1135 4269 1340 4345 πατρὸς
1394 4269 1420 4323 6
1480 4267 1693 4332 Γᾶλλος
1721 4269 1786 4337 ἧν
1821 4269 1986 4340 αὐτῷ·

343 4367 745 4425 Κωνσταντῖνος
793 4362 918 4437 γάρ,
973 4363 1000 4416 6
1057 4359 1273 4415 Γάλλου
1329 4359 1418 4415 καὶ
1455 4359 1756 4417 Ἰουλιανοῦ
1786 4360 1989 4434 πατὴρ,

2093 1781 2271 1836 simul
2304 1797 2540 1852 quoque
2586 1782 2766 1837 vitam
2811 1782 3049 1838 amittit.
3102 1785 3246 1839 Cum
3296 1786 3347 1839 is
3397 1787 3730 1855 cecidisset,

2089 1871 2338 1942 imperio
2369 1871 2593 1942 potitur
2625 1872 3011 1943 Magnentius,
3063 1889 3198 1928 cum
3244 1891 3359 1945 quo
3410 1876 3588 1932 simul
3641 1881 3733 1948 ty-

2089 1959 2400 2015 rannidem
2450 1960 2793 2015 invaserunt
2847 1960 3209 2032 Nepotianus
3259 1969 3318 2017 et
3366 1965 3730 2020 Brettanion.

2162 2139 2247 2193 11.
2282 2139 2414 2192 Ηωο
2444 2154 2577 2192 cum
2610 2139 2933 2209 accepisset
2978 2139 3356 2195 Constantius
3409 2158 3478 2197 ex
3511 2142 3733 2198 sororis

2089 2226 2325 2293 litteris,
2385 2231 2443 2280 et
2499 2242 2569 2280 ex
2615 2226 2855 2281 Oriente
2911 2226 2972 2280 in
3025 2227 3404 2284 Occidentem
3454 2231 3734 2300 venisset,

2089 2316 2296 2371 ambos
2344 2315 2528 2370 armis
2557 2315 2822 2370 adoritur
2878 2320 2937 2369 et
2991 2315 3043 2369 vi
3097 2316 3387 2385 devincit;
3443 2318 3740 2374 defecerat

2092 2406 2250 2460 enim
2277 2404 2352 2460 ad
2381 2404 2509 2475 ejus
2541 2410 2736 2474 partes
2769 2405 3132 2461 Brettanion.
3158 2407 3281 2470 Quo
3314 2408 3554 2478 quidem
3586 2414 3738 2463 tem-

2091 2510 2236 2566 pore
2267 2495 2499 2565 signum
2529 2493 2721 2548 crucis
2749 2493 2958 2565 ingens
2989 2499 3296 2566 totumque
3325 2497 3577 2552 mirifice
3599 2498 3739 2552 emi-

2092 2602 2254 2653 cans,
2313 2583 2460 2637 adeo
2511 2587 2577 2636 ut
2622 2582 2956 2637 admirabili
3008 2584 3322 2654 splendore
3374 2585 3491 2639 diei
3541 2585 3736 2641 lucem

2094 2677 2419 2745 superaret,
2439 2671 2861 2742 Hierosolymis
2893 2672 3075 2726 videri
3109 2673 3284 2745 cmpit
3313 2675 3472 2728 circa
3501 2675 3736 2730 tertiam

2093 2764 2301 2818 horam
2334 2761 2474 2823 diei,
2508 2777 2642 2814 cum
2676 2765 2832 2815 esset
2860 2760 3076 2816 festum
3126 2762 3220 2816 cui
3269 2779 3492 2818 nomen
3523 2765 3736 2818 Pente-

2093 2856 2274 2916 coste,
2312 2849 2652 2920 pertingens
2697 2864 2731 2903 a
2775 2848 2903 2904 loco
2953 2849 3052 2919 qui
3085 2849 3304 2905 dicitur
3332 2851 3608 2907 Calvariaa
3638 2869 3740 2906 us-

2095 2957 2209 3012 que
2241 2939 2313 2994 ad
2341 2943 2603 2993 montem
2637 2937 2866 3005 Oliveti,
2900 2938 3058 2994 unde
3089 2940 3153 2994 in
3203 2939 3416 2995 calum
3468 2941 3741 2996 ascendit

2095 3029 2375 3084 Salvator.
2422 3027 2768 3082 Universum
2821 3043 2955 3099 ergo
2989 3028 3304 3100 imperium
3335 3029 3563 3085 obtinet
3591 3031 3740 3085 Con-

2096 3117 2371 3187 stantius,
2406 3115 2570 3170 solus
2609 3121 2669 3170 et
2716 3117 3087 3171 Constantini
3135 3119 3333 3191 magni
3364 3119 3502 3175 filiis
3535 3138 3744 3192 super:

2096 3213 2236 3262 stes.

2170 3479 2254 3529 12.
2289 3477 2434 3531 Cum
2462 3492 2598 3548 ergo
2647 3475 3052 3531 consideraset
3098 3476 3333 3548 imperii
3379 3478 3740 3550 magnitudi-

2097 3582 2235 3620 nem
2267 3570 2325 3620 et
2362 3582 2467 3636 pro
2518 3564 2924 3620 imbecillitate
2976 3565 3220 3620 humani
3264 3567 3486 3636 ingenii
3538 3569 3738 3622 animo

2097 3655 2432 3722 ﬂuctuaret,
2479 3669 2587 3707 nec
2627 3652 2871 3707 haberet
2913 3670 2983 3706 ex
3032 3670 3137 3708 suo
3185 3670 3400 3725 genere
3449 3656 3548 3726 qui
3600 3673 3738 3710 eum

2098 3741 2444 3797 defenderet
2481 3743 2693 3811 (neque
2725 3741 2884 3795 enim
2917 3741 2969 3794 ei
2998 3747 3172 3796 natus
3196 3741 3390 3797 fuerat
3419 3743 3600 3809 filius,
3628 3761 3741 3799 nec

2101 3829 2418 3901 quisquam
2445 3845 2515 3882 ex
2534 3828 2814 3884 fratribus
2845 3829 3255 3899 remanserat),
3290 3834 3347 3884 et
3387 3813 3626 3885 timeret
3663 3847 3737 3885 ne

2101 3921 2162 3974 in
2193 3935 2328 3973 eum
2367 3934 2575 3972 rursus
2624 3916 2841 3988 aliquis
2891 3918 3224 3990 insurgeret
3270 3924 3560 3991 tyrannus
3609 3921 3740 3991 ejus

2101 4005 2511 4062 auctoritatem
2545 4003 2873 4072 invasurus,
2907 4005 3226 4061 meditatus
3258 4012 3348 4062 est
3377 4023 3447 4062 ex
3477 4007 3742 4079 cognatis

2101 4096 2361 4167 aliquem
2389 4095 2657 4165 accipere
2687 4095 3056 4149 cobmredem
3091 4100 3149 4149 et
3199 4095 3434 4166 imperii
3467 4095 3748 4152 defenso-

2099 4203 2247 4241 rem.
2308 4183 2471 4248 Quod
2520 4183 2697 4237 etiam
2746 4183 2886 4238 fecit
2934 4183 3165 4239 Gallum
3210 4185 3428 4240 Juliani
3477 4184 3740 4254 fratrem,

2100 4277 2390 4330 Caesarem
2431 4272 2870 4327 constituendo.
2933 4274 3224 4329 Patruelis
3273 4281 3472 4329 autem
3534 4281 3660 4330 erat
3705 4293 3735 4331 e

2101 4363 2465 4429 Gallus;nam
2490 4362 2869 4416 Constantius
2891 4362 2988 4432 (Ἰ),
3020 4363 3168 4418 Galli
3207 4368 3264 4418 et
3309 4363 3526 4419 Juliani
3557 4371 3746 4435 pater,

346 4448 582 4528 ἀδελφὸς
629 4450 695 4518 ἦν
757 4449 1154 4505 Κωνσταντίνου
1211 4453 1308 4506 τοῦ
1369 4449 1633 4526 μεγάλου.
1666 4453 1864 4504 Τοῦτον
1899 4449 1981 4503 οὖν

2103 4453 2345 4508 fratrem
2394 4449 2686 4504 habuerat
2733 4451 3189 4507 Constantinum
3238 4455 3530 4525 Magnum.
3559 4433 3746 4508 Callo

345 4539 396 4594 ἐν
452 4546 530 4614 τῷ
591 4543 736 4614 [349]
789 4541 1007 4616 Σιρμίφ
1078 4540 1595 4615 προχειρισάμενος,
1655 4540 1885 4615 γυναῖκά
1939 4560 1998 4594 τε

345 4627 493 4700 αὐτῷ
553 4628 796 4704 ζεύγνυσι
870 4629 968 4696 τήν
1043 4629 1234 4682 ἑαυτοῦ
1291 4626 1534 4706 ἀδελφὴν
1607 4629 1995 4695 Κωνστάντιος,

283 4734 324 4770 ο
347 4716 580 4781 πίστεως
632 4716 722 4772 καὶ
786 4712 1143 4792 βεϐαιότητος
1203 4717 1389 4791 χάριν·
1420 4716 1510 4770 καὶ
1543 4715 1814 4792 ἄρχοντας
1851 4716 1998 4789 αὐτῷ

349 4801 570 4859 δίδωσιν
626 4804 786 4866 αὐτὸς
837 4805 1194 4873 καταστήσας’
1242 4803 1306 4858 ού
1351 4803 1452 4878 γὰρ
1501 4801 1688 4874 ἐκείνῳ
1730 4824 1790 4879 γε
1822 4802 2000 4880 ἐφεῖτο

350 4892 580 4969 Καίσαρί
640 4914 703 4969 γε
761 4889 898 4948 ὄντι*
961 4889 1264 4947 Θαλάσσιον
1327 4891 1422 4964 μὶν
1480 4889 1806 4952 ἀποστείλας
1838 4888 2002 4964 ἔπαρ-

351 5001 456 5058 χον
511 4983 884 5060 πραιτωρίων·
945 4982 1178 5039 Μόντιον
1235 4979 1312 5052 δὲ,
1389 4979 1475 5036 ἐπὶ
1528 4985 1636 5035 τῶν
1699 4978 2000 5056 βασιλικῶν

2107 4541 2283 4614 igitur
2308 4539 2504 4594 Sirmii
2536 4537 2750 4593 Caesari
2781 4545 2977 4594 creato
3012 4556 3256 4595 uxorem
3291 4540 3457 4595 dedit
3481 4559 3746 4597 sororem

2107 4647 2273 4687 suam
2309 4626 2705 4693 Constantius,
2739 4634 2803 4682 ut
2831 4645 2927 4684 res
2957 4631 3187 4684 cautior
3234 4636 3292 4685 et
3339 4631 3567 4685 ﬁrmior
3619 4647 3751 4685 eva—

2108 4720 2294 4774 deret.
2329 4716 2701 4787 Magistratus
2733 4732 2970 4787 quoque
3020 4717 3072 4771 ei
3103 4717 3376 4789 adju-nxit
3425 4735 3574 4787 quos
3621 4717 3749 4788 ipse

2109 4807 2518 4878 designaverat
2537 4805 2679 4875 (non
2703 4805 2861 4859 enim
2896 4805 3058 4862 Gallo
3089 4805 3307 4860 licebat
3337 4805 3396 4859 id
3426 4805 3539 4860 sibi
3583 4821 3752 4860 assu-

2110 4909 2293 4956 mere,
2344 4905 2478 4944 cum
2545 4896 2703 4946 esset
2772 4893 3008 4965 Caesar),
3086 4891 3453 4947 Thalassium
3509 4892 3752 4963 quidem

2115 4982 2396 5035 emittens
2453 4978 2797 5050 prmfectum
2874 4981 3154 5054 praetorii,
3213 4980 3498 5037 Montium
3553 4986 3752 5039 autem

1957 5205 2179 5262 ΝΟΤᾸΞ.

425 5413 516 5490 (7),
535 5413 600 5466 In
635 5415 834 5490 Graeco
856 5415 1072 5490 legitur
1094 5414 1522 5490 Kmynav-c‘ivoc,
1548 5411 1652 5469 sed
1672 5417 2002 5490 non_recte.

355 5485 525 5538 Patet
559 5485 718 5557 enim
753 5502 821 5540 ex
851 5485 1086 5557 iis'quae
1117 5485 1462 5553 habentur§
1492 5489 1522 5539 7
1552 5502 1755 5557 versus
1789 5487 2004 5557 linem;

355 5593 378 5615 .
415 5595 436 5616 .
477 5594 494 5608 .
537 5594 552 5610 .
602 5596 614 5610 .
658 5556 686 5608 6
717 5554 1109 5618 Κωνστάντιος.
1159 5599 1174 5614 .
1219 5599 1233 5613 .
1278 5601 1293 5614 .
1336 5596 1351 5612 .
1401 5559 1562 5630 γεννᾷ
1587 5554 1799 5612 Γάλλον
1828 5576 1887 5612 τε
1916 5555 2006 5611 καὶ

2185 5405 2504 5467 Ἰουλιανόν.
2531 5407 2817 5463 Similiter
2838 5423 2910 5462 ex
2929 5408 3123 5464 verbis
3143 5410 3362 5466 Juliani
3382 5411 3441 5466 in
3466 5411 3731 5480 initio§4l
3745 5453 3763 5480 ,

2115 5484 2216 5538 ubi
2247 5485 2777 5553 apostatapatrem
2809 5496 2984 5553 suum
3016 5482 3429 5539 Constantium
3469 5489 3665 5540 vocat'
3699 5484 3761 5541 Ὀ

2115 5553 2215 5631 γὰρ
2247 5549 2376 5628 ἐμὸς
2407 5549 2590 5626 πατὴρ
2619 5549 3014 5613 Κωνστάντιος.
3050 5554 3202 5614 Enl'r.
