3964 6144
362 198 501 255 1263

1874 204 2243 258 ΔΒΒΕΝΒΔ.

3578 226 3687 283 1264

357 323 690 379 rationibus
722 323 1119 395 imperatoriis
1158 326 1564 398 praepositum,
1615 343 1793 398 quem
1823 327 1989 382 etiam

2115 325 2475 399 πραγμάτων,
2525 326 2618 389 οὕς
2664 329 3025 405 κοιαίστωρας
3065 333 3247 396 αὐτοῖς
3315 338 3568 412 ὀνομάζειν
3615 350 3686 423 et-

364 418 721 483 quaestorem
755 413 1052 485 appellare
1086 415 1297 483 solent,
1356 416 1652 487 simulque
1704 434 1838 471 eum
1893 416 2005 471 ad-

364 520 585 575 augens
616 503 841 558 honore
873 505 1123 574 patricii.
1158 507 1337 559 Porro
1371 506 1593 567 Gallus,
1626 511 1693 560 ut
1732 506 1832 577 qui
1864 512 2006 560 tunc

364 608 399 648 a
428 593 771 646 Constantio
801 592 1019 647 missus
1051 598 1207 647 esset
1238 593 1296 647 in
1332 594 1651 661 Orientem,
1680 594 1855 649 rebus
1896 611 2004 666 ge-

360 681 564 736 rendis
623 682 886 735 intentus
946 686 1089 736 erat.
1150 682 1313 746 Quod
1375 684 1635 753 primum
1697 684 2004 738 audientes

361 772 556 825 Persas
588 770 800 823 timore
838 770 1094 840 correpti
1142 775 1316 837 sunt;
1351 787 1605 841 cumque
1638 771 2007 843 accepissent

360 858 531 913 illum
557 859 839 929 juvenem
871 864 928 913 et
956 875 1151 913 acrem
1178 860 1251 913 ad
1283 862 1537 931 negotia,
1562 861 2003 915 incursionibus

358 947 422 1002 in
455 950 751 1002 Romanos
790 947 1163 1002 destiterunt.
1224 948 1426 1003 Gallus
1475 950 1673 1020 itaque
1706 950 2005 1004 residebat

354 1036 687 1092 Antiochia;
710 1036 892 1107 Syriae
921 1054 934 1104 ;
966 1038 1343 1092 Constantius
1373 1044 1569 1093 autem
1597 1039 1660 1093 in
1689 1038 2001 1093 Occidente

355 1125 790 1196 rempublicam
815 1125 1331 1181 moderabatur.Et
1350 1132 1491 1182 tunc
1515 1129 1771 1183 maxima
1803 1128 2000 1198 quiete

354 1214 663 1270 fruebatur
691 1217 1091 1271 Romanorum
1136 1217 1476 1288 imperium,
1508 1221 1711 1289 utpote
1744 1218 1901 1288 quod
1928 1218 1999 1272 ab

358 1303 649 1360 ambobus
679 1304 1095 1362 custodiretur.
1130 1307 1199 1361 Et
1228 1306 1353 1361 haec
1393 1306 1635 1377 quidem
1682 1307 1794 1362 hoc
1824 1307 1999 1363 modo

358 1412 423 1452 se
453 1394 769 1449 habebant.

428 1550 516 1602 13.
578 1547 778 1603 Gallus
827 1551 1046 1614 autem,
1098 1565 1233 1603 cum
1291 1565 1613 1620 purpuram
1671 1551 1997 1607 Cmsaream

353 1636 664 1703 induisset,
692 1637 938 1709 jamque
970 1637 1247 1708 coepisset
1277 1655 1586 1709 supremos
1605 1639 1839 1710 imperii
1869 1657 1992 1711 gra-

353 1726 463 1781 dus
494 1726 837 1794 ascendere,
864 1742 985 1781 non
1015 1727 1343 1797 permansit
1372 1728 1433 1782 in
1459 1728 1667 1783 eadem
1698 1730 1992 1785 sententia

352 1820 411 1870 et
440 1815 555 1870 ﬁde
583 1832 762 1886 quam
794 1814 1039 1870 dederat
1067 1816 1407 1871 Constantio
1437 1835 1450 1884 ;
1492 1817 1595 1872 sed
1620 1817 1877 1873 ferocem
1928 1837 1989 1875 se

349 1904 669 1975 praebebat,
712 1921 821 1959 nec
872 1905 963 1959 sui
1012 1909 1366 1975 compotem,
1417 1910 1475 1960 et
1524 1906 1585 1960 in
1634 1906 1723 1961 ira
1769 1908 1990 1978 placari

349 1994 641 2049 nescium.
676 1995 868 2048 Mente
900 1994 1058 2048 enim
1092 1994 1328 2065 ineptus
1360 1999 1418 2048 et
1448 1995 1750 2050 voluntate
1781 1998 1986 2052 incon-

350 2082 827 2149 stans,terminos
858 2082 1283 2153 praeteribat,et
1312 2090 1549 2153 pactum
1572 2086 1991 2139 contemnebat

347 2171 502 2242 quod
523 2186 659 2225 cum
691 2170 1032 2224 Constantio
1056 2172 1377 2241 pepigerat,
1396 2172 1643 2226 nimiam
1671 2174 1986 2228 auctorita-

344 2264 466 2314 tem
490 2260 550 2313 in
582 2259 926 2314 ordinandis
956 2259 1134 2314 rebus
1184 2260 1494 2326 adhibens,
1521 2267 1579 2315 et
1607 2279 1740 2316 cum
1774 2280 1989 2335 magna

346 2347 593 2403 audacia
612 2352 789 2417 atque
813 2348 1147 2420 arrogantia
1164 2347 1403 2403 easdem
1427 2366 1811 2421 componens.
1831 2353 1987 2416 Quos

345 2435 507 2491 enim
538 2452 674 2490 cum
705 2436 832 2506 ipso
866 2436 1245 2507 magistratus
1276 2437 1553 2491 emiserat
1581 2439 1983 2507 Constantius,

342 2525 747 2597 imperialium
778 2525 1116 2580 etcivilium
1134 2542 1333 2579 rerum
1354 2526 1587 2597 judices
1611 2529 1984 2597 constitutos,

343 2614 747 2669 Domitianum
805 2630 1021 2685 nempe
1078 2614 1341 2685 praetorii
1408 2614 1748 2685 praefectum

341 2969 516 3023 funes
567 2968 809 3041 alligare
854 2985 1057 3023 eorum
1113 2967 1384 3039 pedibus,
1436 2985 1543 3040 per
1588 2969 1780 3023 forum
1831 2969 1982 3023 trahi

1847 2633 1985 2671 nam

343 2617 747 2669 Domitianum
805 2630 1021 2685 nempe
1078 2617 1341 2685 praetorii
1408 2617 1748 2685 praefectum
1824 2617 1985 2687 (nam

339 2703 677 2758 Thalassius
710 2702 981 2774 obierat),
1014 2708 1072 2757 et
1102 2708 1460 2772 quaestorem
1494 2704 1804 2760 Montium.
1846 2705 1987 2775 quia

344 2808 466 2845 non
490 2790 849 2845 obediebant
871 2806 979 2845 nec
1003 2790 1403 2845 inserviebant
1422 2791 1647 2846 insanis
1676 2798 1734 2846 et
1754 2793 1987 2846 effreni-

341 2880 452 2935 bus
484 2880 611 2950 ejus
637 2878 1120 2950 appetitionibus,
1152 2895 1286 2933 cum
1317 2879 1659 2934 mandasset
1699 2881 1984 2937 militibus

2114 413 2231 486 λον,
2292 418 2404 488 ἅμα
2458 418 2546 471 καὶ
2603 418 2884 494 πατρίκιον
2945 423 3106 477 αὐτὸν
3163 430 3527 501 ποιησάμενος,
3564 413 3687 495 Ὀιδὶ

2108 502 2340 575 Γάλλος,
2373 506 2447 568 ὡς
2477 504 2597 561 τότε
2626 508 2770 580 παρὰ
2815 513 2911 563 τοῦ
2962 516 3325 569 Κωνσταντίου
3353 522 3589 597 πεμφθεὶς
3614 524 3680 580 ἐπὶ

2104 599 2203 661 τῆς
2238 593 2430 665 Ἑῲας,
2489 593 2669 669 εἷ’χετο
2728 602 2834 651 τῶν
2887 601 3240 674 πραγμάτων’
3294 603 3346 658 δν
3393 593 3563 664 αὐτίκα
3600 635 3681 685 μα-

2108 682 2287 745 θόντες
2344 684 2397 736 οἱ
2450 685 2646 757 Πέρσαι
2697 686 3138 762 κατωρῥόδησαν,
3198 694 3308 747 νέον
3357 715 3409 748 τε
3452 682 3684 757 αὖτὸνήκαὶ

2105 771 2435 846 θερμουργὸν
2497 773 2574 834 εἷς
2631 774 2697 827 τά
2751 770 2880 850 ἔργα
2948 779 3260 851 αυθόμενοι,
3315 782 3479 840 οὐκέτι
3531 786 3689 860 ἐποιή-

2105 880 2266 913 σαντο
2321 863 2420 929 τήν
2482 860 2565 915 ἐπὶ
2618 861 2742 924 τοὺς
2794 865 3099 938 Ῥωμαίους
3144 867 3390 941 ἐξέλασιν.
3438 875 3686 950 Καὶὸμὲν

2103 947 2153 1001 ἐν
2186 952 2254 1021 τῇ
2302 950 2613 1025 Ἀντιοχείᾳ
2660 959 2758 1021 τῆς
2819 955 3015 1028 Συρίας
3073 956 3162 1026 ἦν’
3195 963 3545 1027 Κωνστάντιος
3572 947 3621 1020 δέ
3646 967 3688 1022 ἐν

2098 1036 2458 1125 τῇλἙσπέρᾳ
2544 1041 2769 1111 καθίστη
2854 1044 2920 1098 τὰ
2993 1044 3236 1122 πράγμα’
3312 1050 3396 1105 καὶ
3471 1053 3687 1125 τότεδή

2105 1123 2342 1219 μάλιστα
2378 1133 2627 1219 καθαρώς
2660 1128 2932 1205 ἡσύχασεν
2984 1135 3017 1202 ἡ
3070 1135 3349 1208 Ῥωμαίων
3393 1141 3549 1216 ἇρχῆ,
3577 1123 3688 1219 πρὸς

2100 1212 2423 1290 ἀμφοτέρων
2498 1216 2901 1291 φυλαττομένη.
2987 1222 3090 1278 Καὶ
3164 1229 3328 1281 ταῦτα
3530 1212 3689 1286 τοῦτον

2101 1297 2230 1375 ἔσχε
2256 1303 2347 1357 τὸν
2378 1303 2605 1378 τρόπον.

2173 1542 2262 1615 ιγ’.
2321 1543 2377 1632 ᾯ
2435 1541 2491 1599 δὲ
2546 1543 2758 1632 Γάλλος
2816 1552 2912 1603 τοῦ
2989 1550 3256 1627 Καίσαρος
3321 1554 3687 1632 ἀμφιασάμενος

2099 1628 2414 1721 ἁλουργίδα,
2448 1633 2537 1687 καὶ
2574 1631 2684 1704 ἤδη
2714 1641 2821 1690 τῶν
2872 1640 3103 1712 πρώτων
3129 1644 3230 1706 τῆς
3266 1628 3528 1715 βασιλείας
3552 1628 3688 1721 άρξά-

2102 1738 2259 1790 μενος
2289 1714 2581 1775 ἐπιϐαίνειν
2632 1718 2980 1797 ἀναϐαθμῶν,
3031 1728 3133 1782 οὐκ
3183 1714 3364 1802 ἔμενεν
3394 1730 3474 1786 ἐπὶ
3501 1714 3591 1802 τῆς
3611 1714 3693 1788 αὖ-

2095 1809 2196 1871 τῆς
2226 1808 2450 1883 γνώμης
2499 1810 2589 1864 καὶ
2638 1811 2871 1878 πίστεως
2925 1817 2991 1883 ἧς
3046 1817 3185 1892 πρὸς
3241 1820 3330 1874 τὸν
3362 1822 3687 1878 Κωνστάντιον

2097 1893 2411 1969 ἐποιήσατο,
2444 1898 2588 1954 ἁλλᾶ
2624 1902 2787 1976 βαρύς
2814 1924 2898 1967 τις
2950 1904 3016 1973 ἦν
3070 1907 3160 1961 καὶ
3196 1909 3484 1973 ἀκάθεκτος
3509 1910 3587 1965 καὶ
3611 1913 3691 1980 τὴν

2100 1982 2271 2074 ᾆργῂν
2328 1984 2718 2061 ἀπαραίτητος·
2779 1995 3131 2065 φρονήματος
3205 1999 3307 2072 γὰρ
3367 1998 3570 2074 ἀκαίρου
3618 2001 3690 2054 καί

2099 2072 2305 2162 βουλῆς
2336 2075 2631 2148 ἀνωμάλου
2685 2075 3032 2153 δραξάμενος,
3096 2082 3329 2160 ὑπερέϐη
3377 2072 3495 2149 τοὺς
3535 2087 3687 2162 ὅρους,

2094 2161 2182 2215 καὶ
2238 2164 2333 2225 τὰς
2390 2168 2656 2235 συνθήκας
2704 2167 2984 2246 ἐφαύλισεν
3044 2171 3105 2235 ἃς
3152 2175 3291 2249 πρὸς
3336 2176 3420 2231 τὸν
3450 2161 3689 2232 Κωνστάν-

2090 2269 2206 2303 τιον
2240 2248 2552 2323 ἐποιήσατο,
2588 2255 3012 2333 βασιλικώτερον
3040 2265 3148 2316 τῶν
3198 2248 3522 2338 πραγμάτων
3552 2264 3688 2319 ἁπτό-

2099 2360 2278 2411 μενος,
2309 2341 2396 2394 καὶ
2433 2343 2568 2414 μετὰ
2592 2341 2807 2399 πολλοῦ
2853 2352 2950 2401 τοῦ
2998 2350 3231 2423 θράσους
3278 2354 3366 2406 καὶ
3396 2360 3486 2423 τῆς
3514 2351 3684 2420 ἀλαζο-

2094 2426 2200 2489 νείς
2278 2425 2715 2503 διαταττόμενος.
2793 2434 2937 2497 Τοὺς
2982 2436 3081 2511 γὰρ
3158 2440 3421 2515 ἄρχοντας
3486 2442 3566 2503 οὕς
3613 2440 3685 2495 σὺν

2093 2514 2237 2587 αὖτῷ
2267 2516 2570 2595 ἐπεπόμφει
2627 2521 3022 2594 Κωνστάντιος,
3075 2531 3185 2581 τῶν
3232 2529 3515 2603 βασιλικῶν
3542 2550 3592 2584 τε
3615 2530 3685 2583 καί

2092 2604 2393 2660 πολιτικῶν
2443 2608 2774 2684 πραγμάτων
2829 2607 2986 2675 ὄντας
3036 2612 3339 2689 διαιτητὰς,
3368 2619 3454 2673 τὸν
3480 2639 3533 2673 τε
3557 2638 3685 2692 πραι-

2092 2692 2306 2767 τωρίων
2364 2691 2605 2771 ἔπαρχον
2660 2702 2979 2771 Δομετιανὸν
3030 2704 3082 2774 (ὁ
3133 2704 3239 2780 γὰρ
3297 2705 3577 2767 Θαλάσσιος
3597 2691 3685 2760 ἐτε-

2091 2782 2319 2853 θνήκει),
2348 2783 2438 2837 καὶ
2486 2785 2576 2838 τὸν
2608 2783 2695 2839 ἐπὶ
2743 2791 2840 2841 τοῦ
2870 2789 3232 2863 κοιαίστωρος
3265 2794 3511 2864 Μόντιον,
3541 2791 3616 2848 διὰ
3638 2794 3686 2846 τὸ

2094 2871 2170 2943 μὴ
2204 2873 2516 2947 πειθαρχεῖν
2576 2874 2775 2937 αὐτοὺς
2830 2876 2920 2931 καὶ
2978 2876 3274 2955 ὑπουργεῖν
3318 2889 3430 2945 ταῖς
3480 2880 3689 2956 παρειλό-

2086 2980 2204 3033 γοις
2260 2962 2406 3033 [350]
2468 2961 2631 3016 αὐτοῦ
2689 2965 2775 3018 καὶ
2837 2966 3156 3032 ἀκαθέκτοις
3216 2973 3428 3045 ὁρμαῖς,
3474 2972 3687 3046 σχοίνους

324 3057 526 3129 jussit,
559 3058 886 3129 ambosque
911 3058 1146 3126 occidit,
1188 3058 1342 3112 viros
1392 3058 1452 3112 in
1482 3058 1757 3130 gerendis
1789 3059 1973 3131 magi-

2086 3053 2205 3109 ταῖς
2234 3050 2586 3121 στρατιώταις
2632 3056 2738 3106 τῶν
2780 3052 2964 3109 ποδῶν
3012 3057 3193 3113 αὐτῶν
3243 3060 3519 3134 ἐξάψασθαι
3546 3079 3687 3134 παρα·

333 3148 616 3202 stratibus
646 3148 1189 3219 prmstantissimos,
1214 3152 1271 3201 et
1298 3148 1504 3216 quovis
1533 3147 1697 3202 lucro
1728 3152 1784 3202 et
1816 3164 1976 3203 emo-

328 3237 597 3291 lumento
635 3238 905 3292 inventos
956 3237 1312 3307 superiores.
1363 3238 1519 3301 Quos
1568 3254 1702 3291 cum
1734 3254 1973 3309 compo-

331 3326 548 3380 suisset
587 3325 837 3381 civitatis
894 3325 1228 3396 episcopus,
1279 3324 1533 3396 sepeliit,
1609 3325 1971 3398 singularem

327 3429 536 3469 eorum
564 3414 841 3471 virtutem
871 3414 1179 3471 reveritus.

393 3747 477 3804 14.
512 3749 626 3802 Nec
655 3763 750 3801 res
783 3746 883 3801 diu
914 3746 1089 3803 latuit
1117 3746 1552 3812 Constantium,
1587 3746 1688 3817 qui
1735 3746 1967 3803 Gallum

318 3834 393 3890 ad
422 3851 484 3890 se
526 3836 853 3891 accersivit.
913 3836 1019 3889 Ille
1076 3852 1233 3900 vero,
1292 3852 1428 3889 cum
1488 3835 1665 3889 sciret
1723 3836 1965 3906 quidem

316 3941 380 3980 se
409 3941 529 3979 non
559 3923 753 3979 vocari
787 3924 861 3978 ad
900 3924 1123 3979 bonum
1182 3922 1444 3993 aliquod,
1499 3940 1706 3977 rursus
1766 3930 1964 3979 autem

314 4014 599 4083 cogitaret
628 4012 786 4084 qnod
818 4013 867 4067 si
897 4011 1086 4066 nollet
1130 4028 1361 4084 parere,
1410 4016 1708 4083 oporteret
1734 4011 1961 4068 bellum

309 4103 507 4157 facere
557 4108 615 4157 et
662 4118 825 4157 arma
880 4100 1153 4173 protinus
1213 4099 1493 4155 adversus
1544 4100 1958 4156 Constantium

310 4190 595 4261 arripere,
624 4190 799 4260 elegit
830 4191 1025 4261 potius
1075 4207 1205 4261 quas
1259 4189 1422 4262 pacis
1451 4194 1652 4255 erant;
1704 4195 1762 4243 et
1805 4207 1959 4261 prie-

307 4279 493 4336 missa
532 4295 711 4333 uxore
761 4280 835 4334 ad
888 4279 1279 4352 mitigandum
1339 4278 1770 4348 Constantium,
1831 4280 1955 4350 ipse

309 4385 545 4439 quoque
582 4372 791 4439 sponte
824 4384 930 4423 sua
959 4369 1160 4423 adibat
1180 4368 1531 4439 periculum.
1567 4368 1955 4423 Constantina

2081 3136 2501 3211 κελιυσάμενος,
2558 3138 2646 3195 ἐπὶ
2703 3145 2800 3211 τῆς
2858 3145 3056 3220 ἀγορᾶς
3106 3152 3332 3222 συρῆναι
3390 3149 3687 3226 προσέταξεν,

2079 3227 2168 3281 καὶ
2194 3227 2533 3304 ἀμφοτέρους
2582 3229 2913 3303 ἀπέκτεινεν,
2969 3232 3167 3311 ἄνδρας
3217 3238 3268 3294 ἐν
3312 3239 3563 3312 ἀξιώμασι
3590 3236 3687 3293 δια-

2076 3315 2407 3391 πρέψαντας,
2436 3319 2523 3372 καὶ
2566 3321 2764 3383 παντὸς
2822 3320 3049 3399 κέρδους
3103 3327 3197 3381 καὶ
3257 3328 3539 3402 λήμματος
3566 3326 3683 3401 εὐρε-

2078 3406 2262 3470 θέντας
2289 3405 2685 3493 ὑψηλοτέρους·
2743 3409 2833 3472 οὓς
2892 3413 2920 3467 ὁ
2974 3420 3075 3483 τῆς
3130 3416 3350 3480 πόλεως
3381 3415 3683 3493 περιστείλας

2074 3493 2371 3559 ἐπίσκοπος
2429 3492 2644 3571 ἔθαψεν,
2704 3497 2969 3566 αἷδεσθεὶς
3010 3505 3071 3559 τὸ
3132 3513 3238 3578 τῆς
3295 3492 3486 3584 ἀρετῆς
3534 3505 3680 3561 αὐτῶν

2072 3581 2485 3661 ἀνυπέρϐλητον
2496 3631 2509 3643 .

2145 3732 2227 3791 ιδ.
2260 3737 2322 3793 Ὁ
2353 3733 2410 3791 δὲ
2439 3739 2839 3810 Κωνστάντιος,
2872 3739 3059 3812 ἐπειδή
3110 3747 3349 3822 τάχιστα
3396 3746 3599 3802 ἐπύθετο
3624 3744 3674 3798 τὸ

2070 3820 2298 3896 συμϐὰν,
2363 3828 2746 3900 μετάπεμπτον
2803 3832 2876 3893 ὡς
2935 3832 3118 3888 ἑαυτὸν
3181 3835 3417 3891 ἐποιεῖτο
3446 3836 3528 3891 τὸν
3560 3840 3591 3889 Γ
3596 3831 3674 3886 άλ-

2070 3911 2187 3969 λον.
2216 3915 2276 3971 Ὀ
2308 3912 2385 3985 δὲ,
2420 3913 2577 3978 εἰδὼς
2610 3918 2703 3990 μὲν
2747 3919 2821 3982 ὡς
2851 3919 2948 3974 οὐκ
2996 3921 3078 3976 ἐπ’
3109 3923 3300 3998 ἀγαθῷ
3329 3925 3572 4000 τυγχάνει
3596 3942 3676 3976 κα·

2069 4000 2357 4075 λούμενος,
2410 4004 2607 4061 ἐννοῶν
2657 4004 2713 4062 δὲ
2769 4007 2930 4064 πάλιν
2966 4010 3064 4080 ὡς,
3097 4012 3145 4067 εἲ
3203 4016 3280 4087 μὴ
3323 4015 3570 4091 βούλοιτο
3598 4012 3675 4066 ὑπ-

2066 4089 2301 4162 ακούειν,
2329 4091 2573 4165 πόλεμον
2607 4094 2813 4169 ἀνάγκη
2847 4102 3048 4167 ποιεῖν,
3090 4100 3239 4156 ’ὁπλα
3268 4089 3403 4176 πρὸς
3432 4098 3672 4155 Κωνστάν·

2062 4202 2178 4235 τιον
2236 4181 2294 4235 ἐκ
2347 4186 2442 4237 τοῦ
2501 4181 2695 4248 ευθέως
2750 4186 3037 4261 ἀράμενον,
3093 4188 3324 4266 αῗρεῖται
3387 4190 3582 4266 μᾶλλον
3622 4185 3674 4241 τὰ

2060 4273 2160 4334 τῆς
2192 4269 2435 4346 εἰρήνης,
2463 4271 2553 4326 καὶ
2600 4274 2699 4342 τὴν
2761 4281 2993 4350 γυναῖκα
3048 4280 3485 4352 προαποστείλας
3512 4280 3576 4342 ὡς
3600 4276 3670 4330 τὸν

2061 4358 2429 4415 Κωνστάντιον
2461 4360 2887 4435 ἐκμειλίξασθαι,
2920 4366 3009 4419 καὶ
3059 4367 3219 4432 αὐτὸς
3272 4369 3433 4443 ἀπῄει
3462 4367 3671 4440 αὐτόμο-

308 4475 443 4530 ergo
476 4458 674 4513 statim
706 4459 969 4531 profecta
998 4465 1107 4527 est,
1157 4466 1223 4514 ut
1267 4458 1430 4530 prior
1478 4463 1716 4512 instaret
1761 4458 1950 4525 fratri,
1985 4439 1989 4500 Ᾰ

2084 4469 2158 4509 ιος
2192 4447 2278 4501 ἐπὶ
2318 4450 2408 4504 τὸν
2460 4448 2729 4506 κίνδυνον.
2775 4459 2843 4509 Ἠ
2890 4455 2984 4526 μὲν
3038 4455 3126 4510 οὖν
3174 4460 3536 4514 Κωνσταντίνα
3559 4475 3670 4529 προ·

305 4547 554 4604 studens
583 4564 719 4604 eum
752 4549 1051 4620 placatum
1083 4548 1306 4615 efﬁcre,
1338 4564 1412 4601 ne
1445 4545 1588 4616 quid
1618 4546 1839 4600 funesti
1889 4546 1951 4599 in

303 4637 584 4692 maritum
608 4642 914 4693 statueret.
949 4637 1093 4691 Cum
1125 4640 1323 4691 autem
1360 4638 1633 4706 prompto
1681 4639 1738 4687 et
1768 4633 1948 4687 alacri

302 4728 501 4781 animo
532 4727 645 4781 iter
675 4727 929 4792 iniisset,
959 4726 1114 4778 inter
1144 4724 1406 4778 eundum
1439 4722 1649 4777 incidit
1678 4722 1739 4776 in
1789 4738 1948 4776 mor-

301 4814 465 4883 bum,
500 4822 558 4871 et
587 4816 923 4887 Bithyniam
956 4815 1244 4885 ingressa,
1273 4813 1333 4866 in
1367 4811 1623 4883 quadam
1658 4812 1787 4882 ejus
1830 4816 1949 4867 sta-

298 4906 461 4959 tione
493 4922 623 4975 qum
645 4905 863 4959 dicitur
894 4902 1254 4967 Gallicana,e
1277 4902 1391 4955 vita
1421 4901 1714 4955 discessit.
1747 4901 1946 4956 Gallus

296 5011 453 5059 vero,
488 4993 717 5047 etiamsi
753 4993 1126 5063 inopinatum
1161 4990 1317 5045 hunc
1348 4996 1621 5043 eventum
1671 5006 1945 5060 magnam

297 5082 409 5136 sibi
442 5081 841 5137 calamitatem
889 5084 1210 5153 reputaret,
1262 5078 1511 5133 ulterius
1558 5083 1759 5132 tamen
1810 5095 1947 5148 pro-

294 5187 530 5243 gressus
562 5176 668 5234 est,
704 5188 825 5225 non
874 5171 1167 5225 desistens
1216 5168 1287 5224 ab
1334 5168 1405 5221 iis
1452 5184 1583 5236 quae
1636 5171 1940 5220 statuerat.

293 5262 611 5329 Postquam
644 5264 842 5314 autem
872 5260 1141 5330 pervenit
1169 5259 1243 5314 ad
1274 5258 1617 5312 Noricorum
1647 5255 1943 5309 civitatem

294 5366 425 5420 quae
452 5354 693 5403 vocatur
721 5348 1031 5420 Pytabion,
1084 5349 1198 5402 huc
1245 5346 1598 5411 Mediolano,
1648 5343 1750 5397 ubi
1802 5349 1942 5399 tunc

291 5438 672 5494 Constantius
702 5438 931 5513 agebat,
980 5437 1238 5492 mittitur
1280 5437 1395 5492 dux
1450 5433 1786 5504 Barbation,
1839 5432 1939 5504 qui

294 5528 522 5583 Gallum
553 5546 815 5602 purpura
844 5526 1165 5601 Spoliatum
1196 5532 1253 5582 et
1278 5526 1351 5583 ad
1384 5524 1786 5581 conditionem
1818 5523 1939 5595 pri-

2060 4537 2186 4610 τέρα
2215 4536 2499 4611 ἐξώρμησε
2544 4547 2897 4615 προεντυχεῖν
2943 4548 3023 4615 τῷ
3071 4541 3316 4624 ἀδελφῷ,
3362 4547 3448 4602 καὶ
3477 4543 3667 4601 αἷδέσα-

2061 4635 2179 4687 σθαι
2213 4624 2371 4679 αὐτὸν
2422 4627 2552 4701 ὑπὲρ
2611 4633 2707 4682 τοῦ
2762 4628 2956 4705 ἀνδρὸς
3013 4634 3463 4708 προθυμουμένη,
3491 4638 3577 4688 τοῦ
3606 4630 3705 4713 μή⁴

2169 4712 2182 4733 θ
2293 4713 2304 4732 ⁷
2356 4715 2369 4730 \
2644 4716 2657 4735 Ι
2920 4720 2933 4737 Ἵ
3410 4728 3435 4739 ~
3504 4724 3518 4741 ς

2056 4734 2107 4766 τι
2141 4734 2217 4774 εις
2249 4735 2406 4768 αυτον
2463 4714 2850 4789 βουλευσασθαι
2909 4722 3219 4791 ανήκεστον·
3253 4723 3439 4798 πολλῃ
3476 4721 3528 4778 δε
3554 4740 3668 4794 1:90--

2056 4803 2223 4875 θυμία
2253 4804 2373 4876 περὶ
2405 4804 2502 4871 τήν
2534 4803 2849 4880 ὁδοιπορίαν
2884 4810 3171 4883 χρωμένη,
3206 4813 3285 4875 εἰς
3316 4813 3470 4868 νόσον
3490 4834 3542 4865 τε
3570 4808 3669 4863 ἒπε-

2057 4914 2113 4946 σε
2175 4894 2368 4967 μεταξὺ
2426 4897 2790 4971 πορευομένη,
2865 4899 2954 4952 καὶ
3031 4902 3283 4965 Βιθυνίας
3340 4899 3576 4969 ἐπιϐᾶσα,
3626 4896 3666 4950 ἐν

2055 4985 2278 5055 σταθμῷ
2327 5005 2432 5037 τινι
2489 4983 2690 5055 ταύτης
2746 4985 3070 5061 Γαλλικάνῳ
3112 4989 3396 5065 λεγομένῳ
3427 4992 3666 5045 ἀπέθανεν.

2054 5072 2113 5127 Ὁ
2172 5070 2229 5125 δὲ
2284 5070 2495 5133 Γάλλὸς
2545 5072 2633 5126 καὶ
2690 5071 2850 5129 τοῦτο
2917 5075 3220 5151 παράδοξον
3278 5081 3427 5150 αὐτῷ
3481 5070 3664 5148 συμϐὰν

2057 5158 2298 5236 μεγάλην
2356 5162 2637 5237 συμφοράν
2694 5163 3087 5237 ποιησάμενος,
3147 5168 3300 5238 ὅμως
3357 5173 3468 5228 τοῖς
3501 5164 3665 5238 πρόσω

2050 5254 2157 5303 τῶν
2192 5245 2529 5322 δεδογμένων
2586 5249 2684 5304 οὐκ
2733 5251 3097 5325 ἐξιστάμενος.
3145 5257 3292 5310 Ἐπεὶ
3325 5254 3379 5310 δὲ
3409 5255 3479 5315 εἰς
3508 5246 3663 5324 Νωρίο

2050 5359 2177 5400 κους
2230 5337 2446 5415 ἀφίκετο
2498 5336 2660 5394 πόλιν
2714 5342 2894 5396 αὑτῶν
2955 5340 3275 5398 Πυταϐιῶνα
3324 5342 3661 5414 καλουμένην,

2050 5425 2271 5483 ἐνταῦθα
2330 5424 2397 5493 δὴ
2453 5426 2558 5482 άπὸ
2611 5426 2955 5485 Μεδιολάνου
3004 5432 3409 5505 καταπέμπεται
3457 5446 3659 5505 στρατη·

2049 5517 2146 5593 γὸς
2178 5510 2517 5592 Βαρϐατίων,
2561 5514 2674 5573 ἐκεῖ
2703 5523 2816 5573 τοῦ
2875 5520 3249 5577 Κωνσταντίου
3291 5523 3353 5578 τὸ
3397 5518 3662 5590 τηνικαῦτα
