3964 6144
331 369 468 428 ίῖὥ

1682 373 1745 427 8.
1785 369 2089 427 ΔΒΤΕΜῙῙ
2129 369 2397 425 PASSIO.

3572 364 3732 420 ’1266

322 492 718 570 τυγχάνοντος·
751 496 811 560 ὃς
837 496 930 551 τὸν
964 494 1176 551 Γάλλον
1235 496 1542 570 ἀφαιρεῖται
1572 497 1674 562 τῆς
1702 488 1955 567 ἁλουργί·

2081 496 2273 547 vatam
2302 491 2609 548 redactum
2638 490 2701 547 in
2752 489 3014 546 insulam
3064 487 3383 560 quamdam
3424 488 3728 546 Dalmatiae

330 581 446 653 δος,
476 583 566 638 καὶ
598 583 674 645 εἷς
722 581 948 655 ἰδιώτην
1011 583 1425 657 μετασκευάσας,
1483 580 1750 656 ἐξόριστον
1809 581 1970 635 αὐτὸν

330 672 406 737 εἵς
435 695 556 731 τινα
583 681 748 745 νῆσον
781 682 880 746 τῆς
909 673 1220 750 Δαλματίας
1245 674 1556 745 κατέστησε.

403 831 548 903 [351]
593 834 668 887 ιε’.
727 833 832 883 Τοῦ
887 827 968 903 δὲ]
999 827 1215 885 Γάλλου
1247 829 1347 902 ξείς
1375 829 1476 897 τὴν
1526 834 1688 897 νῆσον
1722 824 1974 900 ἀπηγμέ-

329 940 446 986 νου,
482 919 534 972 οἱ
562 919 625 972 τὸ
676 923 777 973 πᾶν
840 918 922 972 ἐπ’
971 919 1116 990 αὐτῷ
1171 921 1549 988 συντήσαντες,
1598 911 1858 977 Εὐσέϐιος
1918 913 1974 968 δὲ

331 1008 565 1079 μάλιστα
591 1007 658 1075 ἧν
687 1007 714 1060 6
760 1006 1020 1081 εὐνοῦχος
1057 1008 1084 1060 6
1111 1009 1210 1074 τήν
1237 1011 1332 1061 τοῦ
1388 1004 1746 1081 πραιποσίτου
1801 1005 1971 1075 τιμὴν

327 1093 498 1171 ἔχων,
552 1095 641 1150 καὶ
703 1095 759 1148 οἱ
818 1093 909 1149 σὺν
970 1096 1141 1167 αὐτῷ,
1189 1094 1432 1150 πείθουσι
1492 1091 1866 1148 Κωνστάντιον
1896 1093 1974 1154 ὡς

329 1185 567 1259 τάχιστα
592 1183 684 1238 τὸν
719 1181 930 1238 Γάλλον
979 1186 1304 1254 ποιήσασθαι
1339 1183 1398 1239 ἐκ
1436 1180 1640 1237 ποδῶν.
1673 1183 1735 1238 Ὁ
1767 1178 1824 1234 δὲ
1851 1201 1974 1235 πει-

333 1273 476 1334 σθεὶς
534 1270 737 1344 πέμπει
793 1271 922 1334 τοὺς
973 1273 1368 1335 ἀποκτενόντας
1425 1270 1583 1326 αὐτόν
1619 1290 1633 1304 ·
1693 1271 1780 1324 καὶ
1858 1267 1966 1340 ἤδη

330 1360 536 1416 τούτων
571 1362 1001 1438 ἀφικνουμένων,
1039 1359 1205 1416 πάλιν
1235 1361 1263 1415 6
1301 1361 1672 1422 Κωνστάντιος
1710 1357 1784 1420 εἷς
1817 1354 1968 1414 ἔλεον

333 1448 649 1523 μετεκλίθη,
680 1451 769 1504 καὶ
803 1449 1002 1523 πέμπει
1055 1447 1144 1504 διὰ
1196 1447 1411 1524 ταχέων
1454 1446 1650 1522 ἐτέρων
1706 1448 1970 1522 γραμμά-

327 1559 434 1593 των
489 1539 578 1593 τὸν
635 1536 846 1594 Γάλλον
904 1542 1000 1594 τοῦ
1055 1537 1256 1599 πάθους
1313 1536 1772 1609 ἀνακαλούμενος.
1806 1536 1866 1593 Ὁ
1915 1532 1972 1590 δὲ

326 1621 585 1688 Εὐσέϐιος
615 1627 704 1680 καὶ
763 1628 814 1681 οἱ
867 1625 958 1681 σὺν
1017 1626 1164 1698 αὐτῷ
1211 1628 1457 1690 πείθουσι
1509 1626 1600 1680 τὸν
1659 1624 1972 1702 πεμφθέντα

324 1715 722 1789 Μαγιστριανὸν
781 1716 854 1787 μὴ
912 1715 1178 1790 πρότερον
1239 1715 1524 1783 έπιστὴναι
1581 1711 1858 1768 δεικνύντα
1905 1713 1968 1767 τὸ

321 1803 570 1879 γράμμα,
625 1803 752 1877 πρὶν
809 1801 871 1856 ἂν
925 1805 1153 1867 πύθοιτο
1180 1804 1270 1858 τὸν
1331 1802 1545 1858 Γάλλον
1597 1802 1964 1878 ἀνῃρημένον.

325 1861 570 1967 ’.ἐγένετό
597 1861 784 1960 ταύτα,
825 1890 912 1946 καὶ
946 1893 974 1946 6
1009 1861 1222 1956 Γάλλος
1275 1890 1568 1962 ἐτεθνήκει.
1625 1861 1967 1949 ’όηδέιΚων-
2001 1861 2048 1924 Β

327 1981 568 2042 στάντιος
597 1981 718 2055 περὶ
750 1985 866 2042 τοῖς
897 1979 1177 2057 πράγμασι
1221 1977 1417 2052 δείσας,
1478 1981 1555 2052 μὴ
1610 1981 1722 2053 οὐχ
1765 1979 1879 2041 οἶός
1911 1999 1970 2035 τε

325 2068 361 2144 ᾖ
395 2068 556 2141 μόνος
590 2069 802 2138 ἀπάσης
831 2068 964 2123 εἶναι
1004 2075 1104 2138 τῆς
1137 2069 1315 2145 ἀρχῆς
1373 2067 1665 2143 ἐγκρατὴς,
1696 2064 1884 2130 ἄλλως
1910 2088 1970 2123 τε

325 2156 552 2212 καὶτῶν
600 2156 853 2212 Γαλατῶν
916 2156 1142 2227 ὀξότατα
1194 2155 1260 2226 δὴ
1305 2158 1392 2211 καὶ
1459 2155 1624 2211 ὁπότε
1674 2167 1967 2231 προθυμη-

323 2249 459 2310 θεῖεν
491 2245 567 2308 εΐς
607 2246 702 2308 τὰς
758 2243 1078 2322 τυραννίδας
1124 2243 1502 2321 ἐγειρομένων,
1536 2242 1625 2299 διά
1669 2266 1729 2300 τε
1780 2245 1967 2317 σώμα-

321 2357 413 2398 τος
447 2333 604 2410 ἰσχὺν
636 2336 723 2390 καὶ
755 2335 1506 2413 κουφότηταξζφρονημάτων,
1539 2333 1804 2408 μετέμελε
1847 2335 1968 2390 τότε

319 2428 409 2482 τὸν
442 2426 654 2483 Γάλλον
704 2426 998 2498 ὑπεξελὼν·
1047 2426 1139 2481 καὶ
1185 2425 1548 2502 λογισάμενος
1580 2427 1655 2487 ὡς
1679 2425 1742 2481 τὸ
1773 2446 1966 2500 συγγε-

322 2517 408 2578 νές
464 2520 560 2570 τοῦ
615 2515 824 2571 ὁθνείου
889 2516 978 2570 καὶ
1036 2513 1368 2589 ἀλλογενοῦς
1416 2513 1776 2588 ἀφαλέστερον
1834 2514 1966 2569 εἶναι

329 2609 522 2679 μακρῷ
559 2606 696 2680 πρὸς
722 2603 1003 2660 κοινωνίαν
1047 2611 1147 2672 τῆς
1181 2602 1479 2680 βασιλείας,
1531 2603 1824 2659 Ἰουλιανὸν
1873 2605 1964 2658 τὸν

323 2691 556 2771 ἀδελφὸν
583 2697 679 2749 τοῦ
711 2691 925 2748 Γάλλου
959 2692 1018 2747 ἐκ
1067 2699 1169 2760 τῆς
1203 2690 1409 2754 Ἰωνίας
1479 2693 1969 2766 μεταπεμψάμενος

325 2782 378 2836 έν
402 2785 470 2856 τῇ
502 2779 848 2854 Μεδιολάνῳ,
909 2781 1145 2856 Καίσαρα
1195 2777 1473 2850 ἀνέδειξεν,
1504 2779 1592 2834 καὶ
1649 2781 1748 2849 τήν
1795 2777 1966 2835 ἀδελ-

331 2871 436 2946 φὴν
463 2870 724 2943 αὐτῷτὴν
759 2871 951 2924 ἑαυτοῦ
1010 2869 1233 2940 Ἑλένην
1269 2869 1345 2933 εἰς
1399 2871 1576 2944 γάμον
1626 2866 1835 2938 ἐκδοὺς,
1871 2868 1966 2924 καὶ

323 2959 391 3014 τά
417 2960 582 3014 πιστά
637 2960 771 3032 πρὸς
825 2959 981 3014 αὐτὸν
1029 2958 1421 3030 ποιησάμενος,
1475 2963 1666 3012 τοῦτον
1732 2959 1824 3032 μὲν
1885 2958 1966 3028 ἐξ·

327 3049 562 3122 ἐπεμψεν
596 3048 672 3110 εἷς
700 3049 796 3110 τὰς
827 3046 1066 3111 Γαλλίας
1095 3046 1310 3122 φύλακα
1337 3053 1438 3116 τῆς
1478 3046 1652 3101 ἐκεῖσε
1687 3043 1968 3121 βασιλείας

324 3135 604 3209 ἐσόμενον·
638 3136 799 3198 αὐτὸς
831 3134 888 3190 δὶ
913 3136 989 3198 εἰς
1034 3134 1344 3212 Ἰλλυριοὺς
1376 3135 1726 3214 ἀφικόμενος,
1779 3134 1834 3191 ἐν
1883 3140 1964 3208 τῷ

322 3225 539 3300 Σιρμίῳ
570 3223 776 3300 διῆγεν.

395 3377 480 3440 ις’.
539 3374 827 3449 Ἀκούσας,
886 3375 943 3432 δὲ
991 3382 1158 3433 ταῦτα
1188 3375 1270 3432 ὅτι
1329 3379 1381 3432 οἱ
1436 3378 1689 3453 πέραντοι
1745 3380 1961 3452 Ἴστρου

321 3459 585 3540 βάρϐαροι
620 3463 916 3537 μέλλουσιν
965 3465 1364 3541 ἐπιστρατεύειν
1408 3469 1477 3539 τῇ
1520 3471 1627 3520 τῶν
1672 3465 1958 3538 Ῥωμαίων

316 3553 486 3628 ἀρχῇ,
546 3553 754 3629 ἀπάρας
809 3552 915 3608 ἀπὸ
968 3559 1066 3609 τοῦ
1115 3555 1350 3627 Σιρμίου
1408 3554 1544 3626 πρὸς
1599 3555 1690 3608 τὸν
1747 3555 1955 3630 Ἵστρον

317 3637 617 3712 διέϐη,καῖ
673 3642 809 3717 πρὸς
870 3643 1006 3708 αὐτῇ
1057 3647 1126 3716 τῇ
1157 3642 1301 3717 ὄχθῃ
1363 3641 1562 3718 χρόνον
1624 3642 1722 3696 οὐκ
1770 3641 1955 3719 ὀλίγον

314 3732 572 3800 ποιήσας,
607 3729 720 3785 ἐπεὶ
769 3731 836 3786 τὰ
893 3735 996 3785 τῶν
1059 3726 1344 3807 βαρϐάρων
1400 3732 1594 3805 ἠρέμει
1651 3733 1802 3804 [352]
1861 3753 1955 3786 συ-

313 3820 409 3888 στή
423 3839 584 3891 ματα,
619 3816 782 3874 πάλιν
837 3818 926 3874 ἐπὶ
972 3819 1071 3888 τὴν
1134 3825 1347 3893 Θράκην
1378 3817 1634 3887 ἤλαυνεν⁶
1667 3818 1779 3872 ἐπεὶ
1813 3816 1871 3873 δὲ
1900 3819 1952 3874 έν

311 3904 594 3980 Ὀδρυσοῖς
651 3906 916 3982 ἐτύγχανε
992 3905 1225 3981 γενονὼς
1262 3950 1276 3977 ,
1335 3905 1459 3970 ἔνθα
1521 3905 1682 3961 πόλιν
1768 3906 1954 3970 κτίσας

305 3993 623 4070 Ἀνδριανὸς
648 3995 676 4049 6
702 3994 954 4070 βασιλεὺς
977 3997 1073 4065 τὴν
1099 3996 1289 4049 ἑαυτοῦ
1313 3993 1678 4050 καταλέλοιπε
1702 3996 1780 4067 τῷ
1798 3995 1952 4070 τόπῳ

309 4082 701 4160 προσηγορίαν,
731 4083 955 4138 ἐπύθετο
987 4082 1124 4158 πρός
1151 4104 1297 4146 τινος
1347 4087 1453 4137 τῶν
1516 4082 1843 4152 ἐπισκοπων,
1875 4105 1949 4148 ως

304 4175 372 4229 τὰ
430 4175 656 4247 σώματα
710 4177 817 4228 τῶν
871 4177 968 4228 τοῦ
1020 4174 1255 4248 Χριστοῦ
1311 4172 1632 4228 ἀποστόλων
1695 4172 1947 4251 Ἀνδρέου

304 4263 394 4317 καὶ
427 4267 627 4333 Λουκᾷ,
659 4260 710 4317 ἐν
767 4259 971 4337 Ἀχαΐᾳ
1023 4261 1335 4336 τεθαμμένα
1387 4264 1769 4338 τυγχάνουσιν,
1824 4265 1949 4318 ’Λν-

309 4346 467 4423 δρέου
504 4351 600 4422 μὲν
632 4349 684 4404 ἐν
717 4349 977 4424 Πάτραις,
1012 4354 1194 4405 Λουκᾶ
1234 4347 1290 4404 δὲ
1317 4349 1369 4405 ἐν
1403 4346 1611 4420 Θήϐαις
1643 4358 1740 4420 τῆς
1765 4357 1944 4406 Βοιω-

303 4436 443 4499 τίας.
501 4437 591 4500 Ὠς
651 4435 740 4491 οὖν
797 4437 1025 4506 ἤκουσεν
1069 4439 1096 4493 6
1133 4437 1388 4515 βασιλεὺς
1445 4443 1610 4494 ταῦτα
1664 4442 1946 4495 Κωνστάν-

303 4546 441 4595 τιος,
473 4525 614 4596 ἥσθη
641 4546 701 4580 τε
728 4531 804 4598 τῷ
835 4526 988 4602 λόγῳ
1016 4528 1107 4581 καὶ
1155 4527 1240 4582 ἐπὶ
1276 4527 1411 4602 μέγα
1440 4523 1656 4601 ἐϐόησε,
1687 4528 1777 4584 καὶ
1809 4530 1945 4604 πρὸς

303 4613 432 4678 τοὺς
456 4614 723 4691 παρόντας
778 4618 930 4694 φησί.
991 4615 1261 4672 Καλέσατέ
1323 4639 1414 4691 μοι
1472 4621 1778 4693 ’Λρτέμιον;
1838 4625 1943 4675 Τοῖ’)

309 4700 368 4757 δὲ
393 4701 565 4777 τάχος
596 4705 1055 4779 παραγενομένου,
1106 4704 1395 4779 Συγχαίρω
1445 4726 1550 4772 σοι,
1581 4704 1704 4780 ἔφη,
1738 4705 1945 4782 ἀνδρῶν

309 4790 558 4846 ἁπάντων
617 4791 1014 4870 θεοφιλέστατε.
1069 4793 1130 4849 Ὀ
1163 4789 1219 4846 δέ
1267 4791 1402 4867 πρὸς
1459 4793 1634 4847 αὐτόν·
1694 4796 1796 4850 Καὶ
1829 4794 1945 4866 εἷὴς

311 4900 404 4951 μοι
433 4882 794 4955 κεχαρμένος,
830 4881 874 4934 ὧ
910 4879 1152 4956 βασιλεῦ,
1185 4877 1274 4934 διὰ
1317 4881 1537 4946 παντὸς,
1582 4881 1673 4935 καὶ
1733 4886 1944 4954 μήποτέ

301 4987 359 5020 σε
387 4971 496 5022 τῶν
527 4967 790 5043 ὀχληρῶν
819 4990 872 5022 τι
901 4965 1290 5041 καταλήψεται.
1341 4968 1445 5023 Καὶ
1479 4969 1506 5022 6
1542 4968 1814 5042 βασιλεὺς·
1839 4978 1943 5040 Ζη-

297 5062 410 5119 τεῖς
443 5055 501 5111 δέ
549 5079 602 5112 τι
659 5056 1115 5134 χαριωδέστερον,
1170 5060 1215 5111 ὦ
1245 5058 1415 5135 φίλων
1450 5056 1650 5132 ἄριστε,
1684 5066 1781 5129 τῆς
1832 5065 1940 5116 τῶν

300 5148 568 5216 σωμάτων
597 5151 705 5201 τῶν
737 5152 838 5202 τοῦ
866 5149 1099 5223 Χριστοῦ
1131 5146 1449 5202 ἀποστόλων
1496 5146 1751 5221 εὗρέσεως
1783 5172 1798 5218 ;
1842 5150 1940 5205 Καὶ

295 5233 326 5287 6
361 5235 531 5309 μέγας
560 5233 871 5309 Ἃρτέμιος⁰
906 5234 1001 5297 Τίς
1028 5236 1118 5289 καὶ
1167 5234 1348 5303 πόθεν,
1383 5237 1426 5288 ὢ
1458 5233 1709 5301 δέσποτα,
1743 5238 1770 5292 ὁ
1804 5243 1936 5294 τοῦ-

291 5341 388 5374 τον
419 5323 556 5393 ἡμῖν
585 5324 676 5376 τὸν
711 5322 978 5396 θησαυρὸν
1007 5324 1315 5398 φανερώσας
1343 5323 1406 5378 τὸ
1451 5325 1689 5399 τήμερον
1724 5345 1738 5396 ;
1772 5327 1873 5383 Καὶ
1907 5329 1936 5382 6

288 5411 688 5471 Κωνστᾶντιος.
746 5411 809 5465 Ὀ
856 5415 955 5478 τῆς
1011 5409 1241 5484 Ἀχαΐας
1296 5409 1588 5476 ἐπίσκοπος
1626 5413 1654 5467 6
1690 5417 1780 5468 νῦν
1835 5414 1932 5493 ἐφ-

290 5495 497 5570 ορεύων
531 5498 582 5552 ἐν
614 5499 870 5574 Πάτραις·
910 5497 1036 5553 ἀλλ’
1068 5499 1243 5574 ἄπιθι,
1276 5498 1481 5578 ἀνδρῶν
1511 5499 1715 5579 ἄριστε,
1745 5505 1836 5561 καὶ
1867 5508 1930 5562 τὸ

283 5585 464 5660 τάχος
518 5584 572 5642 ἂν
628 5587 1188 5646 Κωνσταντινουπόλει
1265 5591 1364 5663 τήν
1443 5589 1648 5647 τουτων
1733 5590 1926 5652 ἄνοδον

285 5672 547 5748 ποίησον.

2085 583 2347 639 exsulem
2376 583 2674 656 relegavit.

2156 919 2239 973 15.
2270 915 2432 971 Gallo
2466 917 2525 970 in
2554 915 2809 970 insulam
2841 915 3066 981 abacto,
3119 913 3219 986 qui
3270 929 3445 968 omne
3495 913 3722 968 crimen

2083 1003 2364 1059 adversus
2392 1020 2526 1058 eum
2557 1003 2975 1075 congerebant,
3007 1002 3262 1058 maxime
3311 1006 3511 1056 autem
3539 1004 3724 1056 Euse-

2081 1093 2214 1147 bius
2247 1093 2572 1160 eunuchus,
2619 1092 2922 1163 praapositi
2981 1092 3265 1162 dignitate
3296 1090 3634 1162 insignitus,
3666 1093 3725 1144 et

2083 1181 2182 1252 qui
2207 1181 2278 1236 ab
2312 1181 2522 1236 iisdem
2566 1181 2831 1253 partibus
2875 1180 3131 1247 stabant,
3165 1179 3527 1251 persuadent
3573 1180 3724 1234 Con-

2083 1272 2297 1325 stantio
2331 1275 2396 1324 ut
2413 1271 2854 1342 quamprimum
2887 1269 3118 1325 Gallum
3141 1269 3213 1322 de
3236 1268 3430 1323 medio
3463 1267 3719 1323 tolleret.

2081 1363 2398 1413 Persuasus
2429 1359 2530 1413 ille
2563 1359 2746 1412 mittit
2775 1357 2874 1428 qui
2907 1374 3043 1412 eum
3082 1357 3464 1412 interﬁciant.
3499 1357 3722 1422 Quibus

2072 1447 2198 1518 jam
2230 1446 2529 1518 profectis,
2565 1447 2944 1502 Constantius
2987 1463 3192 1501 rursus
3239 1451 3504 1501 movetur
3541 1446 3724 1500 mise-

2079 1536 2352 1604 ricordia,
2387 1537 2685 1607 mittitque
2717 1536 2993 1591 ocissime
3041 1536 3259 1591 alteras
3306 1535 3556 1600 litteras,
3589 1535 3723 1606 qui—

2078 1624 2189 1678 bus
2211 1625 2409 1679 Gallus
2436 1642 2471 1680 a
2502 1625 2790 1697 supplicio
2821 1625 3126 1679 liberatur.
3169 1624 3458 1679 Eusebius
3497 1628 3716 1690 autem,

2079 1717 2137 1768 et
2165 1713 2266 1784 qui
2296 1730 2430 1768 cum
2462 1730 2530 1769 eo
2561 1719 2750 1781 erant,
2783 1714 3143 1786 persuadent
3190 1713 3585 1785 Magistriano,
3618 1712 3719 1783 qui

2078 1803 2424 1859 mittebatur
2481 1820 2555 1858 ne
2614 1803 2778 1874 prius
2839 1803 3153 1857 desisteret
3202 1802 3277 1857 ad
3321 1802 3720 1858 ostendendas

2078 1893 2327 1960 litteras,
2361 1910 2537 1963 quam
2570 1892 2801 1947 audiret
2830 1891 3060 1946 Gallum
3102 1890 3285 1946 fuisse
3316 1890 3719 1946 interfectum.

2079 1982 2213 2036 Haec
2241 1981 2396 2037 facta
2416 1986 2556 2036 sunt
2579 1980 2718 2035 etde
2749 1979 2912 2036 Gallo
2935 1985 3319 2051 sumpserunt
3338 1979 3718 2052 supplicium.

2079 2070 2458 2126 Constantius
2481 2070 2551 2126 de
2582 2069 2759 2125 rebus
2788 2069 3043 2141 publicis
3074 2069 3385 2137 sollicitus,
3410 2068 3566 2140 quod
3596 2085 3720 2123 non

2078 2166 2279 2230 posset
2331 2160 2490 2215 solus
2548 2159 2729 2214 totius
2786 2158 3020 2230 imperii
3076 2159 3342 2231 regimen
3397 2174 3720 2226 assumere,

2077 2248 2408 2319 praesertim
2447 2263 2583 2303 cum
2635 2247 2852 2302 Galatm
2899 2246 3345 2318 promptissime
3375 2252 3435 2302 et
3481 2246 3720 2318 quando

2077 2339 2296 2394 vellent
2325 2338 2398 2393 ad
2449 2337 2804 2393 seditionem
2860 2337 3274 2404 incitarentur,
3316 2343 3439 2393 tum
3479 2342 3724 2410 propter

2078 2429 2341 2498 corporis
2371 2427 2542 2492 vires,
2578 2431 2703 2482 tum
2750 2431 2992 2498 propter
3031 2426 3214 2482 animi
3245 2427 3564 2494 levitatem,
3589 2427 3720 2497 jam

2079 2515 2404 2570 ducebatur
2428 2516 2775 2587 paenitentia
2803 2514 2962 2586 quod
2980 2515 3210 2570 Gallum
3227 2516 3416 2587 capite
3448 2515 3724 2571 damnas-

2077 2609 2184 2659 set.
2219 2605 2452 2676 Et2cum
2481 2609 2816 2676 reputasset
2870 2605 3342 2676 consanguineos
3374 2620 3502 2659 esse
3535 2609 3721 2659 exter-

2075 2693 2170 2747 nis
2201 2699 2259 2747 et
2288 2693 2502 2748 alienis
2532 2694 2706 2766 longe
2737 2693 2984 2749 tutiores
3013 2693 3088 2748 ad
3115 2693 3352 2764 imperii
3375 2693 3717 2748 societatem

2073 2781 2398 2846 Iulianum,
2449 2782 2692 2837 fratrem
2749 2781 2939 2848 Galli,
2993 2798 3062 2836 ex
3109 2781 3277 2836 Ionia
3317 2780 3716 2837 Mediolanum

2075 2871 2447 2939 accersitum,
2507 2873 2799 2926 Caesarem
2830 2871 3084 2936 creavit;
3143 2887 3396 2942 cumque
3453 2887 3720 2926 sororem

2076 2976 2244 3014 suam
2287 2960 2572 3016 Helenam
2617 2961 2667 3014 ei
2717 2960 3097 3014 matrimonio
3137 2959 3457 3031 junxisset,
3501 2965 3560 3014 et
3589 2961 3718 3030 ejus

2075 3048 2252 3102 fidem
2310 3050 2655 3120 accepisset,
2684 3065 2818 3103 eum
2871 3049 3111 3119 quidem
3142 3049 3204 3103 in
3253 3048 3472 3103 Gallias
3531 3049 3716 3117 misit,

2074 3140 2197 3195 illic
2229 3139 2536 3195 custodem
2584 3140 2818 3211 imperii
2876 3139 3189 3195 futurum:
3223 3139 3350 3211 ipse
3408 3144 3609 3195 autem
3656 3139 3718 3194 in

1993 3219 2035 3285 C
2077 3228 2380 3300 Illyricum
2409 3228 2653 3284 veniens
2683 3228 2934 3301 degebat
2963 3228 3183 3283 Sirmii.

2141 3385 2226 3436 16.
2261 3383 2372 3438 Sed
2419 3399 2555 3438 cum
2602 3383 2923 3438 audivisset
2976 3382 3264 3438 Barbaros
3309 3382 3410 3454 qui
3463 3382 3718 3456 agebant

2066 3475 2230 3526 trans
2252 3471 2607 3540 Danubium,
2632 3473 2911 3527 ducturos
2935 3489 3062 3527 esse
3081 3471 3405 3527 exercitum
3435 3473 3712 3528 adversus

2065 3562 2468 3616 Romanorum
2497 3561 2834 3633 imperium,
2881 3560 3178 3632 profectus
3207 3561 3419 3616 Sirmio
3449 3562 3608 3617 venit
3636 3562 3712 3617 ad

2065 3649 2422 3717 Danubium,
2443 3654 2501 3705 et
2521 3649 2595 3704 ad
2617 3650 2806 3720 ipsam
2825 3649 3014 3720 ripam
3039 3654 3271 3722 tempus
3292 3668 3414 3706 non
3432 3651 3708 3723 exiguum

2064 3744 2484 3806 commoratus,
2516 3739 2618 3793 ubi
2640 3738 2789 3792 vidit
2819 3739 3211 3795 Barbarorum
3240 3746 3464 3796 turmas
3496 3740 3626 3796 loco
3645 3758 3708 3796 se

2062 3843 2182 3881 non
2213 3843 2467 3894 movere,
2502 3844 2708 3882 rursus
2753 3844 2990 3883 cursum
3023 3828 3238 3883 direxit
3266 3829 3328 3885 in
3375 3829 3704 3885 Thraciam.

2061 3917 2379 3987 Postquam
2427 3917 2584 3988 apud
2640 3916 2900 3973 Odrusos
2953 3918 3232 3988 devenit,
3295 3935 3545 3991 quorum
3601 3937 3706 3975 rex

2060 4004 2354 4061 Adrianus
2378 4006 2596 4062 civitati
2631 4023 2665 4062 a
2696 4024 2757 4063 se
2789 4008 3094 4063 aediﬁcatae
3126 4025 3346 4064 nomen
3377 4026 3549 4064 suum
3580 4009 3700 4063 im-

2056 4101 2355 4164 posuerat,
2389 4094 2597 4150 didicit
2625 4113 2660 4151 a
2684 4095 2939 4167 quodam
2971 4097 3247 4168 episcOpo
3270 4114 3517 4168 corpora
3541 4097 3703 4152 Chri-

2058 4182 2130 4236 sti
2163 4183 2565 4254 apostolorum
2595 4185 2843 4240 Andreae
2875 4191 2933 4240 et
2961 4186 3130 4241 Lucas
3161 4186 3223 4240 in
3254 4186 3440 4242 Achia
3469 4187 3701 4259 sepulta

2046 4271 2268 4342 jacere,
2303 4272 2550 4326 Andreae
2592 4273 2832 4344 quidem
2863 4274 3074 4342 Patris,
3109 4275 3273 4330 Luca;
3323 4280 3522 4332 autem
3547 4276 3699 4330 The-

2053 4359 2143 4413 bis
2167 4360 2419 4414 Boeotiae.
2445 4363 2582 4426 Quae
2604 4365 2670 4415 ut
2690 4361 2912 4416 audivit
2940 4362 3263 4434 imperator
3293 4364 3692 4432 Constantius,

2053 4447 2287 4503 laetatus
2321 4453 2410 4503 est
2439 4449 2671 4520 nuntio,
2702 4454 2761 4504 et
2807 4451 3155 4506 exclamavit
3196 4469 3334 4507 voce
3370 4469 3603 4525 magna,
3638 4457 3697 4507 et

2052 4537 2382 4592 astantibus
2442 4538 2634 4593 dixit:
2694 4541 2903 4594 Vocate
2947 4541 3092 4595 mihi
3160 4541 3488 4597 Artemium
3523 4584 3536 4598 .
3590 4543 3695 4597 Cui

2055 4627 2254 4681 statim
2285 4627 2561 4698 praesenti
2589 4643 2601 4681 :
2636 4629 3024 4700 Congratulor
3053 4629 3178 4698 tibi,
3205 4629 3420 4701 inquit,
3451 4632 3537 4685 vir
3565 4649 3695 4686 om-

2057 4717 2222 4771 nium
2278 4716 2708 4789 religiossime.
2767 4719 3093 4790 Respondit
3147 4721 3495 4776 Artemius:
3554 4721 3692 4774 Mihi

2054 4810 2338 4875 perpetuo
2361 4805 2598 4876 laeteris,
2619 4807 2958 4878 imperator,
2981 4826 3091 4864 nec
3113 4809 3435 4879 quidquam
3456 4792 3710 4864 molesti‘

2053 4908 2316 4962 unquam
2375 4898 2430 4947 te
2498 4896 2980 4966 comprehendat.
3051 4899 3377 4962 Imperator
3441 4902 3690 4957 autem:

2052 4981 2352 5044 Quaarisne
2383 4982 2608 5052 aliquid
2631 4984 2976 5055 jucundius,
3010 5003 3043 5040 o
3075 4986 3393 5040 amicorum
3442 4988 3685 5058 optime,

2051 5067 2389 5123 inventione
2413 5087 2727 5142 corporum
2748 5073 2962 5128 Christi
2985 5073 3426 5144 apostolorum?
3446 5076 3685 5150 Magnus

2046 5172 2182 5210 vero
2226 5158 2560 5213 Artemius:
2609 5162 2749 5224 Quis
2795 5166 2853 5215 et
2881 5161 3058 5229 unde,
3091 5162 3308 5234 inquit,
3347 5165 3507 5221 hunc
3555 5168 3685 5222 the-

2049 5260 2287 5300 saurum
2333 5247 2503 5302 nobis
2551 5249 2726 5304 hodie
2777 5249 3054 5305 revelavit
3081 5252 3108 5307 ?
3155 5253 3224 5308 Et
3255 5255 3682 5313 Constantius:

2044 5335 2280 5389 Achaim
2312 5335 2643 5408 episcopus,
2679 5337 2780 5408 qui
2818 5354 2976 5394 nunc
3006 5341 3288 5411 praesidet
3327 5345 3536 5400 Patris.
3571 5344 3682 5399 Sed

2041 5424 2206 5494 vade,
2239 5424 2495 5480 virorum
2539 5426 2781 5496 optime,
2814 5443 3000 5500 eaque
3040 5431 3169 5486 sine
3197 5449 3366 5489 mora
3393 5434 3680 5492 Constan-

2039 5512 2351 5584 tinopolim
2374 5517 2632 5585 exporta-
