3964 6144
285 336 440 397 ’1267

304 557 606 612 Artemius
636 557 748 612 iter
776 559 1036 613 intendit
1073 559 1144 615 ad
1189 561 1509 631 apostolos,
1547 565 1952 620 sanctissimas

308 661 514 699 eorum
571 645 856 716 reliquias
910 649 1484 720 Constantinopolim
1534 652 1951 708 translaturus.

309 735 578 790 Historias
613 736 867 808 scriptor
914 738 1133 793 similia
1181 739 1361 794 tradit
1397 741 1467 796 de
1519 742 1867 798 Constantio
1902 748 1958 797 et

309 833 587 900 martyre.
651 829 876 884 Dicitur
931 831 1090 886 enim
1147 834 1526 888 Constantius
1584 853 1706 890 non
1765 835 1956 890 solum

308 917 487 973 divini
529 917 1067 990 cultuslstudiosus
1117 928 1175 977 et
1217 939 1425 979 amans
1458 925 1662 995 fuisse,
1695 925 1838 980 licet
1884 925 1958 980 ad

308 1009 591 1064 Arianam
624 1009 1010 1067 declinaverit
1034 1013 1330 1082 haeresim,
1354 1014 1424 1069 ab
1448 1015 1630 1086 impio
1655 1021 1712 1069 et
1732 1016 1954 1070 nefario

309 1097 583 1152 Eusebio.
636 1099 992 1156 Nicomedia:
1043 1103 1340 1173 episcopo,
1383 1103 1698 1174 impulsus,
1745 1103 1847 1158 sed
1897 1104 1958 1158 in

310 1185 561 1258 reliquis
603 1204 830 1259 quoque
879 1189 1010 1244 vitae
1060 1191 1329 1260 partibus
1379 1197 1736 1264 temperans,
1770 1199 1827 1246 et
1856 1191 1958 1246 de-

315 1275 524 1330 centim
583 1277 839 1332 maxime
903 1279 1194 1352 curiosus,
1239 1286 1297 1335 et
1349 1297 1575 1352 magna)
1627 1281 1960 1338 sobrietatis

311 1365 375 1420 in
405 1365 559 1420 victu
591 1382 656 1421 ac
687 1366 915 1438 reliquo
945 1368 1176 1424 vivendi
1220 1369 1416 1426 modo.
1451 1372 1761 1426 Maximam
1804 1375 1960 1425 certe

288 1446 581 1510 ecclesiis
617 1455 1000 1526 impendebat
1029 1474 1251 1526 curam,
1284 1463 1351 1512 ut
1382 1459 1480 1530 qui
1512 1465 1742 1530 patrem
1791 1476 1963 1513 suum

317 1543 512 1599 studio
546 1544 702 1599 circa
733 1545 866 1600 illas
897 1546 1072 1619 longe
1114 1564 1392 1618 superare
1431 1549 1703 1603 ambiret.
1753 1549 1961 1602 Eccle-

292 1634 466 1688 jsiam
493 1650 729 1705 quoque
754 1635 1074 1691 maximam
1094 1637 1408 1691 mdiﬁcavit
1439 1638 1499 1691 in
1523 1637 1666 1692 urbe
1696 1643 1962 1709 paterna,

320 1739 354 1775 a
384 1721 773 1778 fundamento
805 1741 952 1795 opus
986 1724 1300 1797 incipiens,
1332 1727 1605 1797 licetjam
1627 1727 1970 1781 adventaret

1816 348 2186 410 ADDINDA.

373 471 458 522 l7.
490 465 623 522 Haec
653 460 786 524 cum
807 467 880 524 ab
923 464 1277 542 imperatore
1323 469 1648 528 audivisset
1695 489 1944 548 magnus
1976 482 2030 548 Α

3555 354 3708 414 ἰξοῦ

2134 478 2216 546 ιζ’.
2274 475 2454 534 Ταῦτα
2509 477 2655 554 παρά
2709 483 2806 533 τοῦ
2858 476 3128 554 βασιλεως
3188 479 3423 543 ἀκούσας
3463 480 3493 534 6
3523 483 3702 557 μέγας

2060 567 2345 640 Ἀρτὲμιος
2376 566 2663 642 ἐπορεύετο
2700 570 2800 637 τήν
2858 569 2942 623 ἐπὶ
3001 568 3128 632 τοὺς
3185 567 3525 633 ἀποστόλους
3557 569 3707 644 ὁδὸν,

2061 654 2403 729 ἀνακομίσων
2460 657 2525 711 τὰ
2586 658 2792 713 τούτων
2859 660 3092 734 πανάγια
3179 657 3405 732 λείψανα
3463 657 3553 714 ἐπὶ
3603 662 3706 729 τὴν

2063 745 2651 801 Κωνσταντινούπολιν·
2735 749 2762 801 6
2839 743 2895 801 δὲ
2977 747 3079 814 τήν
3154 747 3393 823 ἱστορίαν
3457 749 3707 827 γράφων,

2061 836 2282 886 τοιαῦτα
2335 834 2458 908 περὶ
2518 834 2888 890 Κωνσταντίου
2916 835 3004 889 καὶ
3035 838 3132 888 τοῦ
3191 833 3462 908 μάρτυρος
3494 837 3708 910 φάσκει.

2064 920 2284 997 Λέγεται
2317 919 2382 992 δὴ
2416 923 2537 999 περὶ
2581 924 2953 980 Κωνσταντίου
2998 921 3081 978 ὅτι
3144 924 3208 978 ού
3271 924 3437 997 μόνον
3477 925 3544 978 τά
3571 927 3711 1001 πρὸς

2064 1011 2192 1064 Θεὸν
2226 1008 2515 1074 σπουδαίός
2545 1031 2603 1067 τε
2641 1014 2728 1083 καὶ
2780 1011 3038 1089 ἐράσμιος
3070 1013 3341 1088 ὑπῆρχεν,
3378 1013 3423 1068 εἰ
3454 1013 3545 1068 καὶ
3573 1017 3713 1088 πρὸς

2063 1101 2162 1167 τὴν
2197 1100 2536 1174 Ἀρειανικὴν
2592 1099 2880 1157 ἀπέκλινεν
2947 1101 3171 1176 αἵρεσιν,
3232 1102 3335 1156 ὑπὸ
3368 1105 3462 1156 τοῦ
3525 1099 3714 1156 δυσσε-

2067 1183 2196 1252 ϐοῦς
2225 1210 2283 1244 τε
2304 1190 2392 1245 καὶ
2422 1191 2727 1247 ἀθεωτάτου
2760 1187 3022 1249 Εὐσεϐίου
3068 1195 3169 1246 τοὺ⁹
3198 1198 3298 1261 τῆς
3329 1189 3710 1266 Νικομηδείας

2068 1276 2365 1334 ἐπισκόπου
2397 1280 2762 1352 συνελασθεὶς,
2796 1279 2910 1336 ἐπεὶ
2957 1280 3023 1336 τά
3049 1300 3110 1357 γε
3141 1277 3288 1336 ἄλλα
3347 1279 3586 1354 μέτριος,
3619 1283 3712 1336 καὶ

2069 1367 2492 1442 εὐσχημοσύνης
2524 1367 2578 1431 ἐς
2607 1369 2673 1425 τά
2705 1370 2942 1444 μάλιστα
2989 1368 3448 1442 ἐπιμελούμενος,
3478 1367 3568 1424 καί
3600 1390 3715 1425 σω·-

2071 1457 2342 1532 φροσύνης
2377 1459 2523 1530 [353]
2557 1457 2722 1530 ἄρκας
2760 1456 3162 1531 ἐπειλημμένος
3192 1455 3314 1532 περὶ
3345 1477 3402 1512 τε
3443 1459 3544 1527 τήν
3572 1455 3713 1513 Sidi-

2069 1565 2162 1598 ταν
2190 1545 2399 1599 καὶτὸν
2433 1544 2605 1601 ἄλλον
2660 1547 2880 1620 τρόπον·
2939 1546 3032 1600 καὶ
3079 1543 3340 1617 πλείστην
3391 1565 3452 1622 γε
3503 1547 3600 1614 τήν
3638 1544 3715 1607 εἷς

2071 1634 2166 1695 τὰς
2210 1633 2499 1705 ἐκκλησίας
2550 1634 2787 1690 ἐποιεῖτο
2843 1633 3108 1704 σπουδὴν,
3143 1639 3338 1710 μακρῷ
3374 1635 3465 1688 τὸν
3524 1633 3718 1689 ἑαυτοῦ

2073 1723 2279 1794 πατέρα
2337 1729 2455 1786 ταῖς
2513 1724 2636 1799 περὶ
2689 1728 2856 1779 ταῦτα
2925 1723 3253 1799 προθυμίαις
3325 1719 3720 1795 ὑπερϐαλέσθαι

322 1815 616 1866 senectus.
653 1812 723 1866 Et
751 1813 935 1883 patris
955 1814 1292 1885 sepulcrum
1314 1821 1646 1883 veneratus,
1680 1814 1968 1886 templum

323 1897 364 1918 2!
393 1901 403 1910 '
431 1900 445 1918 1
468 1917 473 1918 ,
670 1917 677 1918 κ
735 1900 769 1918 ἰ
1013 1903 1023 1913 ι
1399 1909 1408 1918 .
1533 1904 1543 1915 ο
1748 1904 1762 1918 ι
1793 1904 1802 1914 ο
1868 1905 1879 1918 ι

2096 1811 2567 1888 ριλοτιμούμενος.
2613 1814 2714 1870 Καὶ
2764 1813 2864 1882 τήν
2894 1835 2954 1868 τε
2983 1811 3271 1883 ἐκκλησίαν
3321 1808 3570 1885 ἐδειματο
3621 1813 3723 1881 τήν

2203 1901 2212 1918 ν
2382 1901 2395 1918 τ
2496 1904 2524 1918 ..
2611 1902 2651 1918 ,κ
2819 1899 2846 1911 ς
3029 1903 3044 1918 ι
3175 1900 3196 1918 κ
3296 1901 3308 1918 ι
3436 1907 3464 1918 ..

323 1897 547 1956 ibidem
590 1900 813 1969 erexit,
870 1903 1197 1958 maximum
1249 1904 1672 1970 sanctuarium,
1708 1904 1807 1958 ubi
1851 1905 1968 1958 An-

288 1991 294 1996 ’
333 1987 534 2044 dream
567 2005 637 2044 ex
659 1989 881 2045 Achaia
907 1991 1280 2060 translatum,
1312 1997 1377 2046 ut
1407 2009 1586 2062 supra
1615 1992 1837 2046 dictum
1861 1996 1968 2059 est,

334 2078 639 2148 reposuit,
697 2095 817 2132 una
865 2096 999 2133 cum
1049 2079 1405 2151 evangelista
1467 2081 1620 2135 Luca
1667 2098 1734 2134 ex
1767 2081 1973 2134 eadem

336 2166 558 2221 Achaia
590 2210 605 2235 ,
664 2172 722 2222 et
765 2168 1070 2223 Timotheo
1125 2187 1196 2224 ex
1250 2171 1480 2240 Epheso
1549 2171 1729 2225 Ioniae
1788 2175 1974 2224 trans-

332 2255 474 2309 lato.

2088 1901 2346 1976 μεγίστην
2378 1901 2429 1956 ἐν
2459 1904 2527 1976 τῇ
2554 1902 2715 1958 πόλει
2753 1899 2849 1956 τοῦ
2879 1903 3104 1978 πατρὸς,
3133 1900 3370 1972 πλησίον
3397 1907 3496 1971 τῆς
3525 1921 3723 1977 γερουο

2084 1991 2219 2056 σίας,
2265 1991 2502 2045 κάτωθεν
2558 1995 2654 2046 τοῦ
2711 1986 2868 2068 ἔργου
2924 1991 3012 2046 καὶ
3062 1989 3121 2045 ἐκ
3146 1989 3428 2065 κρηπίδων
3489 1989 3727 2064 ἀρξάμε-

2082 2098 2194 2140 νος’
2230 2078 2315 2133 καὶ
2357 2080 2447 2133 τὸν
2499 2083 2596 2133 τοῦ
2626 2081 2829 2154 πατρὸς
2856 2081 3022 2154 τάφον
3079 2084 3275 2152 τιμῶν,
3331 2081 3464 2134 νεὼν
3523 2078 3724 2151 ἐξῳκοο

2085 2164 2363 2240 δομήσατο
2398 2169 2649 2243 μέγιστον
2692 2168 2803 2224 ἐκεῖ
2853 2165 3306 2244 θρησκευτηριον⁵
3337 2169 3427 2224 καὶ
3472 2166 3722 2244 Ἀνδρέαν

2081 2258 2170 2310 τὸν
2204 2254 2509 2310 ἀπόστολον
2551 2255 2608 2312 ἐκ
2654 2258 2751 2326 τῆς
2809 2255 3040 2333 Ἀχαΐας
3097 2257 3446 2334 μετενεγκὼν,
3478 2255 3552 2318 ὧς
3581 2276 3726 2329 προ-

332 2350 486 2429 ἓφην,
520 2350 630 2406 ἐκεῖ
662 2353 970 2425 μετέθηκεν·
1003 2353 1092 2408 καὶ
1127 2356 1234 2428 μὴν
1267 2355 1354 2410 mi
1387 2361 1594 2411 Λουκᾶν
1627 2355 1717 2410 τὸν
1744 2353 2127 2431 εὐαγγελιστῆν
2183 2351 2241 2408 ἐκ
2295 2359 2394 2424 τῆς
2453 2355 2625 2424 αὐτῆς
2678 2354 2966 2429 μετέθηκεν
3022 2353 3270 2430 Ἀχαίας,
3314 2355 3404 2410 καὶ
3459 2353 3724 2427 Τιμόθεον

284 2517 294 2523 _
328 2439 378 2512 ἐξ
409 2439 635 2519 Ἐφέσου
663 2445 762 2511 τῆς
797 2441 1022 2506 Ἰωνίας.

399 2591 482 2648 18.
516 2594 813 2649 Artemius
844 2595 1025 2666 igitur
1075 2597 1234 2652 inter
1263 2599 1520 2670 optimos
1569 2599 1725 2653 viros
1761 2599 1966 2669 jussus

324 2681 518 2736 fuerat
561 2683 771 2738 horum
831 2690 1173 2742 sanctorum
1233 2688 1664 2743 translatiorem
1739 2695 1966 2742 curare.

293 2799 296 2801 -
325 2771 392 2825 In
425 2773 737 2842 prmmium
769 2789 903 2829 vero
947 2776 1286 2846 ministerii,
1317 2777 1658 2848 imperator,
1698 2777 1969 2848 roganti-

331 2860 442 2915 bus
472 2861 787 2933 episcopis,
818 2865 1125 2936 ngyptum
1176 2866 1227 2921 ei
1277 2867 1484 2922 tribuit
1530 2868 1868 2942 regendam.
1902 2871 1973 2923 Et

331 2947 460 3008 haec
487 2950 728 3021 quidem
775 2951 953 3008 habet
1000 2953 1071 3008 de
1126 2959 1381 3026 martyre
1423 2957 1685 3011 historia:
1745 2963 1969 3026 auctor,

331 3037 739 3096 testimonium
773 3041 825 3095 ei
857 3043 1148 3114 praebens,
1183 3045 1340 3115 quod
1374 3046 1550 3100 etiam
1582 3050 1717 3100 ante
1749 3051 1968 3118 marty-

2155 2597 2243 2665 ιη’.
2274 2597 2337 2652 Ὀ
2369 2593 2424 2650 δὲ
2453 2595 2520 2665 ἦν
2548 2600 2659 2651 ¹τῶν
2690 2617 2749 2672 γε
2777 2592 2844 2665 δὴ
2894 2593 3191 2670 βελτίστων
3231 2595 3532 2670 ἀνθρώπων
3565 2595 3593 2648 6
3617 2596 3714 2662 τήν

2079 2683 2405 2758 διακομιδήν
2471 2685 2679 2741 τούτων
2753 2686 3081 2757 ποιήσασθαι
3154 2686 3537 2760 προσταχθεὶς.
3616 2686 3718 2740 Καὶ

2078 2776 2240 2848 γὲρας
2287 2793 2349 2849 γε
2408 2772 2548 2846 αύτῷ
2603 2781 2702 2842 τῆς
2757 2772 3446 2850 λειτουργίαςὸβασιλεὺς,
3504 2770 3725 2842 δεηθέν-

2077 2883 2186 2917 των
2243 2867 2349 2917 τῶν
2413 2863 2743 2931 ἓπισκόπων,
2795 2865 2893 2933 τὴν
2952 2870 3052 2932 τῆς
3117 2861 3392 2937 Αἰγύπτου
3451 2863 3722 2937 παρεσχεν

2079 2950 2279 3024 ἀρχήν.
2322 2950 2424 3006 Καὶ
2454 2955 2619 3006 ταῦτα
2679 2952 2773 3023 μὶν
2807 2952 2835 3005 6
2864 2951 2963 3020 τήν
3021 2948 3263 3025 ἱστορίαν
3323 2947 3567 3025 συνάγων
3595 2948 3721 3025 περὶ

2077 3043 2174 3092 τοῦ
2222 3039 2512 3112 μάρτυρος,
2569 3043 2969 3115 συμμαρτυρῶν
3027 3039 3194 3110 αύτῷ,
3226 3037 3310 3093 ὅτι
3341 3038 3430 3093 καὶ
3460 3037 3568 3114 πρὸ
3614 3042 3722 3091 τῶν

327 3128 400 3182 rii
433 3130 758 3185 certamina
788 3131 860 3186 ab
893 3131 1167 3187 omnibus
1187 3139 1428 3204 prOpter
1458 3134 1817 3189 eminentem
1841 3136 1969 3190 vita:

2096 3134 2179 3196 τῆς
2215 3128 2511 3202 μαρτυρίας
2538 3127 2779 3202 ἀγώνων,
2811 3132 2969 3182 πᾶσιν
3023 3127 3270 3202 ὓπῆρχιν
3323 3124 3605 3199 αἰδέσιμος
3635 3123 3728 3180 8ιά

332 3220 709 3275 sanctitatem
748 3223 823 3274 In'
868 3219 1093 3277 honore
1145 3223 1222 3277 sit
1266 3223 1525 3279 habitus.
1571 3225 1735 3289 Quod
1781 3230 1974 3279 autem

329 3314 558 3380 spectat
607 3310 681 3364 ad
730 3311 965 3378 Lucam,
1017 3311 1076 3364 id
1121 3313 1384 3367 narravit
1438 3314 1745 3368 Anatolius
1796 3331 1977 3368 eunu-

329 3397 496 3466 chus,
528 3415 736 3453 unuse
769 3399 1170 3469 cubiculariis,
1206 3401 1306 3471 qui
1351 3403 1476 3472 ipse
1533 3401 1590 3455 in
1636 3419 1696 3456 se
1743 3403 1977 3473 pietatis

331 3487 606 3541 effectum
666 3487 870 3542 sensit.
933 3488 1131 3543 Refert
1188 3489 1366 3561 igitur
1423 3490 1734 3544 Anatolius
1783 3490 1882 3546 ille
1917 3507 1978 3546 se

339 3575 590 3647 graviter
610 3580 893 3648 aegrotum
920 3575 1291 3648 decubuisse,
1328 3584 1503 3649 atque
1536 3579 1680 3633 adeo
1705 3580 1978 3634 morbum

329 3665 647 3720 increvisse
680 3671 744 3720 ut
766 3665 1133 3722 medicorum
1164 3673 1352 3722 artem
1403 3673 1727 3740 superaret.
1762 3669 1982 3724 Phere-

331 3759 486 3809 trum
520 3771 677 3826 ergo,
710 3754 771 3809 in
825 3773 939 3826 quo
964 3755 1235 3827 jacuerat
1265 3755 1466 3824 ,Lucas
1510 3759 1774 3828 tempore
1819 3759 1982 3812 navi-

292 3842 608 3915 'gationis,
646 3860 680 3897 a
739 3844 888 3897 mari
933 3844 1005 3898 ad
1056 3844 1342 3915 templum
1393 3843 1803 3900 deducendum
1856 3846 1981 3916 ipse

335 3949 406 3986 ex
433 3932 654 4003 pietate
686 3931 868 3986 subiit
899 3937 953 3985 et
995 3950 1128 3987 cum
1160 3933 1378 4004 bajulis
1416 3935 1671 4004 portavit
1711 3952 1816 4006 pro
1846 3935 1986 4000 viri-

298 4010 302 4014 ’
335 4021 446 4078 bus
481 4021 641 4090 suis;
699 4025 757 4075 et
815 4025 956 4076 tunc
1004 4021 1195 4076 subito
1253 4021 1539 4076 liberatus
1573 4027 1660 4077 est
1691 4039 1724 4077 a
1753 4023 1981 4092 morbo,

339 4112 573 4182 vitaque
629 4111 758 4183 ejus
806 4115 1120 4183 prorogata
1178 4110 1290 4165 fuit
1359 4110 1431 4166 ad
1482 4129 1604 4166 non
1662 4129 1984 4183 paucorum

340 4216 636 4254 annorum
668 4216 1002 4255 numerum.
1052 4201 1286 4256 Primus
1317 4200 1514 4272 itaque
1569 4203 1986 4272 Apostolorum

338 4278 648 4343 ecclesiam
698 4289 1010 4344 aediﬁcavit
1063 4291 1472 4357 Constantius,
1528 4291 1668 4346 licet
1719 4292 1986 4346 eamdem

337 4377 717 4450 postmodum
747 4378 1114 4433 Justinianus
1148 4379 1619 4450 amplificaverit,
1658 4385 1714 4434 et
1743 4381 1990 4436 materia

2079 3218 2176 3286 τήν
2209 3217 2692 3291 ἀπαστράπτουσαν
2723 3221 2820 3272 τοῦ
2873 3215 2998 3291 βίου
3029 3216 3193 3271 αὐτοῦ
3250 3217 3468 3290 ἀρετὴν.
3502 3214 3635 3290 Περὶ
3669 3211 3726 3268 δὲ

2080 3309 2176 3360 τοῦ
2235 3311 2415 3360 Λουκᾶ
2472 3305 2560 3360 καὶ
2609 3304 2822 3361 τοιόνδε
2875 3310 2930 3360 τί
2981 3302 3284 3380 διηγήσατο
3345 3301 3667 3364 Ἀνατόλιος
3698 3304 3724 3358 6

2085 3394 2346 3469 εὐνοῦχος
2375 3398 2482 3449 τῶν
2523 3394 2582 3449 ἐκ
2609 3399 2705 3449 τοῦ
2763 3393 3050 3470 βασιλικοῦ
3107 3397 3396 3461 κοιτῶνος,
3452 3391 3615 3455 αύτὸς
3643 3391 3729 3466 ἐφ’

2081 3483 2274 3538 ἑαυτοῦ
2303 3485 2402 3552 τὴν
2429 3488 2527 3548 τῆς
2562 3483 2829 3558 ἁγιστείας
2882 3489 3069 3558 πεῖραν
3124 3480 3432 3555 δεξάμενος.
3462 3482 3732 3558 ’Έςρασκεν

2085 3571 2176 3626 οὖν
2207 3574 2363 3634 οὗτος
2395 3573 2422 3626 ὁ
2456 3569 2770 3633 Ἀνατόλιος
2829 3571 3051 3639 φαύλως
3107 3567 3430 3637 διαλεῖσθαι,
3483 3568 3573 3622 καὶ
3609 3569 3731 3642 μεί-

2086 3665 2174 3730 ζον
2208 3659 2315 3730 ἤδη
2364 3660 2427 3715 τὸ
2485 3661 2678 3729 πάθος,
2735 3661 2769 3729 ἢ
2827 3659 2962 3714 κατὰ
3014 3659 3113 3728 τὴν
3169 3664 3278 3714 τῶν
3335 3659 3535 3733 ἰατρῶν
3594 3659 3734 3712 εἶναι

2084 3750 2307 3825 τέχνην·
2339 3753 2438 3814 τῆς
2499 3749 2590 3804 οὗν
2650 3748 2918 3825 λάρνακος
2968 3748 3018 3804 ἒν
3069 3749 3103 3817 ἦ
3163 3747 3574 3819 κατακείμενος,
3605 3745 3678 3815 ἦν
3708 3747 3737 3800 6

2086 3844 2296 3901 Λουκᾶς
2328 3835 2513 3908 ἐπειδὴ
2567 3836 3100 3914 προσεπεπλεύκεσαν
3149 3838 3202 3890 ol
3261 3833 3480 3910 ἄγοντες
3536 3835 3739 3906 αὐτήν,

2088 3924 2207 4002 ἄρτι
2236 3927 2294 3982 ἐκ
2341 3933 2443 3996 τῆς
2474 3926 2748 3996 θαλάσσης
2779 3925 2865 3980 ἰπὶ
2896 3926 2987 3979 τὸν
3020 3925 3154 3979 νεὼν
3187 3925 3592 3997 κομιζομένης,
3641 3923 3736 3976 αύ-

2085 4018 2178 4078 τὸς
2210 4017 2312 4071 ὑπὸ
2343 4014 2646 4092 προθυμίας
2682 4011 2930 4070 ὑπελθεῖν
2978 4013 3065 4068 καὶ
3125 4005 3573 4067 συεθδιαϐαστάσαι
3619 4015 3741 4072 τοῖς

2089 4106 2337 4186 φέρουσιν
2371 4107 2539 4174 αὐτὴν
2573 4105 2654 4184 ἐφ’
2706 4103 2830 4160 ὅσον
2888 4104 3032 4176 αὐτῷ
3063 4104 3128 4158 τά
3155 4109 3253 4172 τῆς
3285 4100 3566 4175 δυνάμεως
3595 4102 3740 4175 εἶχε,

2088 4199 2178 4252 καὶ
2235 4196 2356 4251 τότε
2409 4195 2715 4270 παραυτίκα
2767 4196 2915 4267 [354}
2974 4191 3361 4268 ἀπαλλαγῆναι
3417 4197 3518 4260 τῆς
3547 4192 3733 4259 νόσου,

2088 4290 2176 4345 καὶ
2209 4289 2285 4351 εἷς
2306 4289 2397 4343 τὸν
2430 4284 2612 4342 ἔπειτα
2667 4292 2767 4356 τῆς
2817 4291 2962 4354 ζωῆς
3015 4284 3176 4338 αὐτοῦ
3235 4283 3430 4358 χρόνον
3465 4279 3739 4357 παρελκυ-

2093 4380 2281 4444 σθέντα
2313 4377 2394 4432 ἐπ’
2456 4374 2552 4431 οὐκ
2609 4375 2810 4448 ὀλίγων
2845 4372 2974 4428 ἐτῶν
3027 4372 3278 4449 ἀριθμόν.
3333 4371 3441 4429 Τὸν
3473 4374 3600 4445 γοῦν
3631 4374 3739 4424 τῶν

344 4466 683 4537 pretiosiori
729 4466 1078 4538 splendidus
1127 4469 1441 4523 ornaverit.
1489 4470 1589 4521 Est
1641 4487 1799 4522 nunc
1839 4474 1976 4524 tem-

2097 4466 2452 4525 Ἀποστόλων
2484 4465 2612 4520 νεὼν
2674 4461 3038 4524 Κωνστάντίος
3071 4459 3396 4535 ᾠκοδόμησε
3454 4460 3738 4534 πρότερον,

349 4554 515 4626 plum
565 4553 627 4609 in
677 4572 790 4626 quo
825 4555 1030 4626 jacent
1069 4557 1473 4626 apostolorum
1519 4573 1785 4626 corpora,
1830 4574 1990 4612 com-

300 4634 302 4638 ,
356 4644 524 4699 muni
557 4645 803 4699 nomine
837 4645 1253 4716 Apostolorum
1290 4645 1539 4699 ecclesia
1569 4645 1931 4715 appellatum

2102 4557 2196 4613 κᾶν
2230 4557 2446 4630 ὕστερον
2477 4553 2855 4615 Ἰουστινιανὸς
2907 4550 2994 4606 ἐπὶ
3044 4551 3113 4627 τὸ,
3140 4548 3562 4624 μεγαλειότερον
3609 4569 3739 4603 κατ-

2105 4645 2376 4719 εσκεύασε,
2432 4645 2522 4700 καὶ
2578 4644 2874 4718 κρείττοσιν
2903 4639 3058 4702 ὕλαις
3107 4638 3193 4695 ἐπί
3245 4639 3306 4694 τὸ
3366 4638 3737 4717 κοσμιώτερον

341 4728 744 4808 κατεφαίδρυνε.
787 4730 889 4787 Καὶ
929 4727 1069 4785 ἔστιν
1123 4734 1211 4784 νῦν
1244 4732 1271 4785 6
1300 4731 1432 4792 νεὼς
1466 4727 1588 4786 ἔνθα
1615 4735 1792 4786 κεῖτπι
1848 4738 1956 4788 τῶν
2006 4722 2331 4792 ἀποστόλων
2382 4737 2448 4790 τά
2504 4734 2750 4808 σώματα,
2781 4735 2950 4804 κοινῷ
2983 4728 3201 4803 ὀνόμετι
3241 4731 3352 4782 τῶν
3385 4724 3736 4781 ’Λποστόλων

342 4817 793 4894 ἐπικαλούμενος.

419 4973 506 5027 10.
537 4973 778 5044 Magnus
822 4972 1001 5046 igitur
1051 4971 1350 5028 Artemius
1401 4976 1460 5031 in
1506 4979 1813 5051 ngyptum
1862 4984 1992 5035 ten-

349 5058 573 5124 debat,
631 5061 913 5133 dignitate
974 5062 1142 5118 ducis
1201 5062 1529 5120 investitus.
1617 5068 1993 5123 Constantius

347 5153 545 5204 autem
598 5151 896 5220 profectus
945 5153 1455 5224 Constantinopoli
1519 5155 1580 5210 in
1627 5157 1853 5228 Syriam
1885 5157 1997 5210 iter

311 5245 317 5252 '
349 5237 609 5292 instituit
640 5256 652 5295 :
700 5256 952 5311 cumque
983 5242 1350 5313 pervenisset
1378 5243 1454 5297 ad
1485 5261 1761 5317 magnam
1793 5245 1996 5299 civita-

352 5331 472 5382 tem
507 5327 898 5393 Antiochiam,
937 5331 1157 5386 ibidem
1189 5331 1314 5403 ﬁgit
1353 5332 1821 5400 tabernaculum,
1867 5331 1997 5386 bel—

356 5415 482 5470 lum
511 5432 726 5487 parans
757 5418 1033 5474 adversus
1071 5423 1301 5476 Persas.
1326 5423 1738 5493 ,Commoranti
1769 5439 1902 5476 vero
1935 5421 1997 5476 in

359 5505 590 5560 civitate
631 5511 808 5578 atque
861 5509 1183 5564 exercitum
1236 5512 1605 5582 comparanti
1636 5511 2001 5567 advenerunt

358 5593 572 5650 littera:
601 5595 818 5651 Juliani
851 5595 1237 5653 rebellionem
1269 5599 1691 5670 signiﬁcantes.
1732 5599 1999 5655 Julianus

364 5683 540 5752 enim,
574 5689 640 5740 ut
661 5686 788 5758 jam
836 5691 1013 5744 antea
1051 5703 1086 5743 a
1116 5703 1208 5743 me
1239 5687 1602 5748 declaratum
1647 5694 1734 5746 est
1765 5686 2000 5761 quando

2178 4977 2260 5040 ιϐ’.
2295 4975 2354 5033 Ὀ
2389 4973 2482 5049 μὶν
2513 4974 2603 5029 οὗν
2640 4974 2804 5049 μέγας
2857 4970 3146 5049 Ἀρτὲμιος
3201 4970 3286 5027 ἐπὶ
3339 4971 3438 5039 τὴν
3469 4968 3742 5043 Αἴγυπτον

2103 5063 2411 5141 ἐπορεύετο,
2469 5064 2567 5132 τήν
2625 5067 2726 5119 τοῦ
2787 5059 2978 5124 δουκὸς
3037 5059 3185 5131 ἀξίαν
3238 5060 3670 5137 ἀμφιασάμενος·
3717 5057 3744 5110 6

2105 5152 2162 5208 δὲ
2192 5158 2566 5214 Κωνσταντιος
2598 5153 2726 5227 ἄρας
2777 5150 2883 5204 ἀπὸ
2939 5155 3039 5218 τῆς
3094 5146 3745 5214 Κωνσταντινουπόλεως,

2101 5244 2202 5311 τήν
2235 5241 2320 5296 ἐπὶ
2360 5249 2457 5311 τῆς
2518 5240 2712 5317 Συρίας
2769 5239 3004 5294 ἐποιεῖτο
3063 5235 3211 5307 ὁδὸν,
3265 5237 3355 5292 καὶ
3414 5235 3619 5314 φθάσας
3646 5235 3749 5302 τήν

2109 5329 2484 5407 μεγαλόπολιν
2518 5331 2878 5404 Ἀντιόχειαν,
2912 5328 3079 5382 αὐτοῦ
3109 5330 3458 5396 κατασκηνοῖ,
3490 5324 3581 5379 τὸν
3608 5323 3747 5397 πρὸς

2104 5420 2230 5481 τούς
2261 5421 2466 5494 ΙΙὲρσας
2500 5417 2929 5492 ἐτοιμαζόμενος
2982 5417 3250 5489 πόλεμον.
3285 5413 3460 5470 Λύτοῢ
3515 5409 3573 5466 δὲ
3604 5425 3749 5486 χρο-

2105 5502 2527 5581 νοτριϐήσαντος
2561 5504 2611 5559 ἒν
2645 5507 2711 5578 τῇ
2742 5503 2902 5558 πόλει
2933 5502 3023 5557 καὶ
3053 5503 3144 5556 τὸν
3178 5501 3402 5576 στρατὸν
3461 5497 3746 5572 ἐξαρτύον-

2106 5615 2220 5663 τος,
2253 5593 2474 5672 ἀφίκετο
2503 5592 2799 5670 γράμματα
2828 5593 2964 5666 πρὸς
3013 5590 3171 5646 αὐτὸν
3215 5588 3491 5660 δηλοῦντα
3517 5587 3620 5656 τήν
3649 5589 3753 5672 τοῦ

2105 5671 2410 5740 Ἰουλιανοῦ
2462 5682 2837 5739 ἕπανάστασιν.
2889 5681 2949 5738 Ὁ
3002 5680 3106 5757 γὰρ
3153 5677 3471 5746 Ἰουλιανὸς,
3509 5675 3590 5738 ὣς
3657 5671 3752 5730 δι-
