3964 6144
315 351 321 388 Γ
354 359 494 415 i269

1699 367 1755 420 Β.
1798 355 2104 419 ΔΒΤΕΜΗ
2144 363 2413 419 PASSIO.

3571 358 3586 397 ι
3610 351 3752 414 1270

353 477 598 552 δήλωταί
658 503 751 555 μοι
795 485 885 539 καὶ
934 480 1186 560 πρόσθεν,
1247 481 1411 554 ἡνίκα
1460 482 1552 539 τὸν
1609 481 1733 558 περὶ
1784 481 1990 538 τούτων

2107 484 2180 540 de
2206 485 2280 540 iis
2309 483 2693 540 instituebam
2725 497 3082 550 sermonem,
3133 479 3209 537 ad
3255 478 3586 536 custodiam
3636 481 3749 535 Oc-

351 566 655 643 ἐποιούμην
689 570 878 647 λόγον,
928 570 1017 626 ἐπὶ
1066 570 1284 649 φυλακῇ
1331 576 1440 628 τῶν
1471 571 1768 646 Ἑσπερίων
1800 570 1876 633 εἲς
1902 571 1996 634 τὰς

351 655 591 721 Γαλλίας
646 661 747 714 ὑπὸ
795 661 893 715 τοῦ
943 660 1330 716 Κωνσπαντίου
1392 664 1592 734 Καῖσαρ
1628 658 1993 734 ἀποδειχθεὶς,

351 746 508 808 αὐτὸς
541 745 629 801 ἐπὶ
659 745 853 802 πλεῖον
913 748 964 803 ἐν
1023 753 1100 820 τῷ
1156 753 1252 804 τοῦ
1292 747 1555 824 Καίσαρος
1587 749 1832 821 σχήματι
1867 747 1993 802 εἶναι

357 836 430 910 μή
472 835 871 911 ἀνασχόμενος,
901 837 962 892 τό
1010 859 1068 892 τε
1100 835 1343 911 διάδημα
1391 836 1741 913 περιτίθεται,
1771 835 1993 904 καὶτῆς

355 924 604 998 μείζονος
653 925 979 989 ἀνθάπτεται
1030 925 1332 1002 βασιλείας.
1393 927 1544 984 Ἐπεὶ
1591 924 1649 980 δὲ
1672 919 1994 980 ἀντελάϐετο

348 1017 453 1068 τῶν
507 1014 861 1090 πραγμάτιον,
918 1013 1098 1070 οὐκέτι
1153 1014 1346 1091 μικρὰν
1409 1013 1564 1070 οὐδὲν
1615 1014 1826 1085 ἐνενόει,
1869 1011 1996 1068 οὐδὲ

350 1100 666 1174 διαμελλειν
699 1102 994 1180 ἐγίγνωσκε
1047 1102 1178 1159 δεῖν’
1241 1103 1387 1160 ἀλλᾶ
1415 1105 1514 1174 τὴν
1549 1103 1820 1178 Εὐρώπην
1857 1103 1995 1164 τέως

352 1193 440 1268 ὑφ’
470 1191 644 1264 ἐαυτῷ
672 1195 1002 1263 ποιήσασθαι
1033 1198 1204 1248 πᾶσαν
1251 1191 1454 1248 ἐθέλων
1486 1193 1660 1263 ὁπόση
1693 1189 1998 1265 Ῥωμαίοις

353 1278 636 1350 ὑπακούει,
691 1284 772 1352 τῷ
829 1285 1039 1356 στρατῷ
1094 1283 1489 1355 συνταξάμενος
1560 1278 1650 1336 διὰ
1705 1283 1994 1356 Γερμανῶν

350 1367 438 1422 ἐπὶ
468 1369 559 1422 τὸν
591 1373 799 1442 Ἴστρον
833 1367 1055 1444 ἐχώρει,
1113 1370 1204 1425 καὶ
1259 1378 1360 1441 τῆς
1412 1371 1578 1445 πέραν
1621 1364 1795 1445 ὄχθης
1824 1362 1995 1423 λαϐό-

355 1478 535 1531 μενος,
569 1455 659 1513 διὰ
681 1463 787 1513 τῶν
821 1458 1029 1530 ἐκείνης
1085 1461 1311 1536 χωρίων
1357 1459 1614 1530 ἤλαυνεν·
1652 1459 1996 1536 ἀμφοτέρους

348 1546 475 1609 τοὺς
511 1547 791 1623 ὑπάρχους
823 1545 1118 1619 διαλαθὼν,
1174 1550 1264 1604 τὸν
1313 1571 1370 1604 τε
1423 1554 1533 1604 τῶν
1582 1547 1828 1606 Ἰταλιῶν
1859 1550 1998 1601 Ταῦ-

353 1655 444 1709 ρον
478 1635 622 1692 οὕτω
651 1635 989 1710 καλούμενον
1021 1639 1112 1693 καὶ
1163 1640 1256 1694 τὸν
1311 1637 1602 1713 Ἰλλυριῶν
1639 1637 1997 1713 Φλορέντιον.

353 1727 498 1799 [355]
529 1725 680 1781 Ἐπεὶ
719 1723 776 1780 δὲ
821 1727 958 1782 κατὰ
1006 1728 1240 1792 Παίονας
1292 1726 1526 1802 ἐγένετο,
1561 1721 1753 1790 διαϐὰς
1782 1726 1868 1780 ἐπὶ
1903 1724 1998 1787 θάς

349 1832 477 1890 τερα
505 1814 594 1868 τὸν
627 1815 897 1887 ποταμὸν,
930 1815 1124 1870 αὐτίκα
1172 1817 1274 1886 τὴν
1316 1837 1373 1870 τε
1423 1813 1706 1887 Ἰλλυρίδα
1730 1820 1874 1869 πᾶσα
1907 1803 1996 1890 ὑφ’

351 1873 524 1975 ἐαυτῷ
554 1910 660 1978 γῆς
704 1873 838 1978 εἶχε,
885 1873 982 1958 καὶ
1026 1905 1122 1967 τὰς
1160 1873 1418 1978 Ἰτιαλίας,
1464 1903 1554 1960 καὶ
1584 1873 1652 1958 τὰ
1701 1904 1870 1978 μέχρι
1901 1873 1998 1958 τόῦ
2028 1873 2074 1938 Β

350 1991 602 2068 ἑσπερίου
654 1992 894 2048 ὠκεανοῦ
953 1993 1237 2066 σύμπαντα
1293 1990 1416 2065 ἔθνη
1473 1991 1650 2048 ὁπόσα
1703 1999 1804 2062 τῆς
1856 1993 1996 2046 Ῥω-

357 2080 532 2156 μαίων
561 2076 824 2156 Κπικρατή
834 2102 969 2144 σεως
997 2083 1089 2152 ἧν.

417 2207 573 2266 κ’.Ὀ
604 2203 662 2261 δι
693 2205 1066 2270 Κωνστάντιος
1121 2211 1288 2263 ταῦτα
1346 2204 1435 2261 διὰ
1487 2209 1594 2262 τῶν
1653 2204 1994 2283 γραμμάτων

357 2297 565 2370 μαθὼν,
596 2293 871 2371 ἐταράχθη
928 2315 987 2350 τε
1038 2294 1219 2370 ὣσπερ
1266 2294 1355 2350 καὶ
1409 2293 1553 2359 εΐκὸς
1607 2295 1698 2365 ἦν,
1752 2292 1995 2371 καὶπερὶ

347 2391 450 2454 τῆς
508 2381 1138 2448 Κωνσταντινουπόλεως
1200 2383 1435 2458 μάλιστα
1489 2382 1668 2446 δείσας
1717 2383 1819 2456 μὴ,
1861 2383 1992 2458 ὅπερ

348 2471 597 2534 κάκεῖνος
627 2469 886 2528 διενοεῖτο
919 2471 1184 2550 φθάσειεν,
1216 2471 1383 2541 αὐτὴν
1425 2472 1512 2549 ὑφ’
1543 2471 1726 2526 ἑαυτὸν
1759 2471 1996 2541 ποιησά-

354 2581 532 2635 μενος,
565 2559 818 2634 ἠπείγετο
849 2559 940 2616 οὗν
971 2562 1107 2616 κατᾶ
1157 2563 1218 2616 τὸ
1264 2558 1485 2617 δυνατὸν
1532 2554 1992 2633 προκαταλαϐεῖν.

350 2651 439 2708 Ἐν
469 2651 582 2723 ’ὀσῳ
615 2647 674 2705 δὲ
717 2650 744 2704 ὁ
791 2651 1017 2725 στρατὸς
1064 2650 1210 2722 αύτῷ
1257 2649 1573 2725 συνελέγετο
1606 2649 1740 2704 κατὰ
1766 2650 1862 2710 τὰς
1892 2647 1994 2703 πό-

351 2735 468 2800 λεις
515 2745 616 2808 τῆς
654 2739 826 2810 Ἑῴας
882 2736 1289 2812 ἐσκεδασμένος,
1347 2737 1437 2792 καὶ
1494 2735 1724 2810 ἔμελλεν
1775 2735 1993 2810 ἐξαρτύ-

353 2828 500 2882 εσθαι
530 2827 606 2891 ὡς
647 2828 782 2903 πρὸς
829 2827 1096 2898 τοσαύτην
1147 2824 1295 2894 ὁδὸν,
1343 2825 1594 2898 σημαίνει
1623 2830 1739 2888 τοῖς
1773 2824 1993 2880 ἐπισκό-

352 2919 477 2978 πὸις
509 2914 584 2980 εἷς
611 2918 709 2986 τὴν
750 2915 979 2974 Νίκαιαν
1035 2915 1192 2971 αὐτὸν
1254 2915 1330 2977 ὡς
1377 2913 1460 2969 ὅτι
1511 2915 1743 2989 τάχιστα
1791 2920 1990 2990 φθῆναι

352 3005 844 3083 προαφικομένους·
920 3004 1153 3078 ἐμελέτα
1220 3005 1324 3080 γὰρ
1402 3001 1653 3078 δευτέραν
1729 3001 1780 3056 ἐν
1854 3001 1990 3076 αὐτῇ

349 3099 713 3172 συγκροτῆσαι
746 3093 995 3169 σύνοδον,
1027 3094 1173 3170 παρᾶ
1225 3097 1332 3148 τῶν
1393 3089 1664 3148 δυσσεϐῶν
1697 3093 1987 3168 Ἀρειανῶν

346 3183 482 3240 κατὰ
535 3189 636 3240 τοῖ’)
695 3185 991 3259 ὸμοουσίου
1049 3183 1543 3260 παροτρυνόμενος.
1601 3182 1751 3239 Ἐπεὶ
1805 3179 1862 3236 δὲ
1889 3183 1987 3252 τὴν

350 3239 604 3330 Κιλικίαν
636 3239 921 3342 διεξελθὼν
982 3271 1056 3335 εἰς
1111 3239 1205 3334 τὰς
1228 3239 1237 3260 ⁸
1261 3239 1453 3346 Modico
1484 3239 1822 3344 καλουμένας
1853 3239 1992 3345 κριί-
2021 3239 2064 3306 C

348 3381 444 3423 νας
474 3359 713 3438 ἀφίκετο,
747 3359 988 3424 ἀσθένειά
1032 3380 1116 3424 τις
1170 3359 1318 3432 αύτῷ
1373 3358 1692 3429 ἐξαπιναίως
1721 3359 1991 3433 προσέπε-

351 3467 476 3523 vos,
501 3449 593 3503 καὶ
624 3447 733 3523 ούχ
760 3449 877 3510 οἷός
903 3469 962 3504 τε
989 3448 1056 3518 ἦν
1089 3445 1165 3504 ἔτι
1213 3448 1276 3503 τὸ
1328 3447 1516 3523 πρόσω
1558 3452 1781 3523 χωρεῖν.
1813 3448 1900 3510 Ὡς
1934 3445 1990 3502 δὲ

352 3536 548 3607 ἢσθετο
581 3536 801 3615 φαύλως
828 3533 971 3612 ἔχων
1003 3534 1112 3608 ἤδη
1143 3537 1232 3591 καὶ
1265 3535 1363 3591 οὐκ
1393 3537 1451 3590 ἂν
1498 3536 1857 3612 βιωσόμενος,
1888 3537 1987 3605 τὴν

350 3624 617 3701 ταχίστην
671 3626 762 3680 τὸν
820 3625 1156 3700 ’Λντιοχείας
1227 3623 1521 3680 ἐπίσκοπον
1582 3625 1988 3698 μεταπέμπεται

352 3715 616 3788 Εύζώΐον,
643 3715 732 3771 καὶ
784 3714 928 3787 αὐτῷ
962 3714 1213 3792 βαπτίσαι
1273 3714 1432 3770 αὐτὸν
1464 3713 1759 3790 ἐπιτρέπειο
1796 3715 1989 3790 βαπτι-

350 3804 583 3878 σάμενος
615 3801 670 3859 δὶ
700 3804 788 3860 καὶ
824 3804 1016 3879 μικρὸν
1076 3798 1341 3872 ἐπιϐιοὺς,
1395 3802 1579 3858 αὐτόθι
1610 3801 1898 3874 προλείπει
1927 3804 1990 3858 τὸ

350 3897 470 3968 ζῇν,
506 3893 830 3967 βασιλεύσας
879 3893 946 3947 τὰ
999 3891 1284 3965 σύμπαντα
1338 3888 1430 3962 ἔτη
1480 3891 1896 3966 τεσσαράκοντα,
1925 3891 1992 3947 τὰ

352 3982 444 4056 μὶν
476 3982 680 4055 ἡμίσεα
713 3982 847 4055 μετᾶ
872 3985 968 4036 τοῦ
998 3981 1220 4056 πατρὸς,
1276 3981 1344 4036 τὰ
1399 3978 1455 4035 δὲ
1502 3979 1768 4036 ἐπίλοιπα
1801 3981 1986 4054 μόνος.

350 4069 524 4126 Αὐτὸν
559 4069 616 4126 δὲ
645 4073 679 4141 ἡ
715 4069 962 4145 στρατεία
1005 4068 1413 4147 ὀλοφυραμένη,
1443 4069 1532 4124 καὶ
1561 4071 1627 4124 τά
1655 4068 1990 4144 νομιζόμενα

349 4157 432 4214 ἐπ’
490 4158 636 4232 αύτῷ
686 4159 966 4228 τελέσασα,
1027 4158 1254 4235 λάρνακι
1307 4162 1496 4213 τοῦτον
1558 4157 1821 4232 ἐνέθεσαν,
1874 4164 1988 4221 τοῖς

352 4245 600 4303 εἴωθόσιν
655 4248 732 4312 είς
784 4248 849 4304 τὸ
908 4246 1182 4324 διαρκέσαι
1241 4248 1582 4310 σκευάσαντες
1634 4249 1725 4302 τὸν
1781 4249 1987 4323 νεκρὸν,

349 4335 440 4390 καὶ
472 4336 549 4398 εἷς
579 4336 896 4412 ἁρμάμαξαν
946 4336 1246 4410 ἐνθέμενοι,
1296 4336 1548 4410 ἐκόμιζον
1581 4336 1665 4392 ἐπὶ
1697 4338 1795 4406 τήν
1830 4343 1988 4393 Κων-

353 4423 824 4498 σταντινούπολιν,
869 4426 961 4480 σὺν
1036 4431 1154 4489 τοῖς
1233 4425 1456 4488 οἰκείοις
1525 4421 1739 4481 ἔκαστοι
1789 4421 1990 4489 ὅπλοις

355 4511 503 4586 αξιτῷ
532 4511 878 4588 ἐφεπόμενοι,
918 4516 1007 4570 καὶ
1066 4515 1204 4570 κατᾶ
1251 4515 1342 4570 τὸν
1393 4515 1556 4571 αὐτὸν
1585 4517 1791 4589 κόσμον
1823 4515 1985 4591 ’ὀνπερ

2104 574 2357 632 cidentis
2387 575 2450 629 in
2496 574 2698 630 Galliis
2729 590 2762 629 a
2801 572 3145 629 Constantio
3191 571 3386 626 Caesar
3428 567 3746 626 denuntia-

2105 667 2218 730 tus,
2255 662 2496 732 diutius,
2529 663 2590 717 in
2639 663 2844 718 habitu
2892 661 3139 717 Caesaris
3192 675 3570 732 perseverare
3619 673 3743 713 non

2101 753 2322 823 ferens,
2350 752 2534 807 cinxit
2562 757 2738 824 caput
2768 751 3099 808 diademate
3133 755 3190 805 et
3213 749 3286 804 ad
3319 765 3618 804 summum
3642 747 3750 802 im-

2103 843 2335 913 perium
2365 841 2650 897 ascendit.
2701 843 3018 913 Postquam
3064 844 3262 894 autem
3307 836 3456 892 illud
3495 852 3748 907 usurpa-

2103 937 2282 1000 verat,
2323 933 2476 988 nihil
2516 934 2641 1004 jam
2685 949 2931 1005 parvum
2986 929 3314 1002 reputabat,
3373 944 3568 999 neque
3624 926 3746 983 exi-

2106 1021 2383 1076 stimabat
2411 1020 2811 1076 cunctandum
2837 1037 2987 1077 esse.
3022 1019 3134 1075 Sed
3157 1023 3340 1074 totam
3371 1033 3504 1089 qua:
3534 1018 3748 1073 Roma-

2105 1110 2199 1164 nis
2231 1109 2430 1164 obedit
2456 1112 2751 1181 Europam
2773 1110 2934 1164 illico
2965 1109 3027 1163 in
3057 1123 3224 1163 suam
3249 1106 3452 1162 volens
3481 1105 3749 1177 redigere

2106 1203 2483 1270 potestatem,
2515 1199 2803 1254 instructo
2838 1197 3119 1266 exercitu,
3150 1211 3257 1267 per
3304 1196 3628 1250 Germanos
3675 1193 3749 1248 ad

2106 1288 2440 1342 Danubium
2478 1288 2772 1359 perrexit;
2807 1292 2867 1342 et
2907 1302 3042 1342 cum
3070 1285 3417 1340 ulteriorem
3446 1284 3634 1354 ripam
3662 1287 3750 1338 at-

2107 1376 2353 1449 tigisset,
2386 1393 2493 1448 per
2521 1377 2651 1432 loca
2680 1376 2842 1431 illius
2873 1373 3127 1430 ducebat
3155 1373 3498 1437 exercitum,
3543 1370 3749 1426 ambos

2106 1465 2416 1537 praefectos
2448 1465 2659 1532 latens,
2711 1465 2893 1520 Italiae
2942 1463 3170 1519 scilicet
3211 1463 3489 1528 Taurum,
3541 1465 3609 1516 ut
3653 1476 3751 1514 vo-

2107 1556 2371 1624 cabatur,
2405 1561 2463 1611 et
2491 1557 2710 1628 Illyrici
2736 1555 3122 1611 Florentium.
3164 1556 3485 1624 Postquam
3516 1551 3750 1606 devenit

2107 1644 2181 1699 ad
2229 1647 2493 1713 Paeones,
2540 1644 2844 1700 traductus
2897 1645 3144 1709 ﬂumen,
3206 1643 3405 1698 statim
3455 1641 3747 1714 integram

2106 1734 2369 1806 Illyriam
2405 1735 2821 1806 sibijsubjecit,
2869 1750 3102 1789 necnon
3151 1731 3402 1800 Italiam,
3452 1736 3511 1784 et
3557 1745 3745 1800 usque

2107 1822 2180 1879 ad
2211 1823 2509 1878 Oceanum
2541 1823 2968 1879 occidentalem
2998 1821 3304 1877 universas
3323 1825 3548 1894 gentes,
3572 1824 3748 1890 quot-

2107 1915 2252 1984 quot
2281 1917 2453 1968 erant
2476 1911 2710 1984 imperii
2737 1914 3161 1968 Romanorum.

2172 2203 2258 2256 20.
2293 2203 2437 2257 Cum
2467 2201 2594 2256 haec
2618 2217 2725 2273 per
2751 2201 2983 2256 litteras
3011 2199 3319 2255 didicisset
3345 2197 3744 2264 Constantius,

2101 2306 2219 2361 qua
2246 2307 2355 2362 par
2384 2295 2510 2346 erat
2538 2290 2988 2346 conturbatione
3031 2288 3380 2361 perstrictus
3421 2287 3552 2356 fuit,
3587 2291 3646 2342 et
3674 2287 3745 2341 de

2100 2380 2613 2452 ConstantinOpoli
2661 2379 2982 2436 admodum
3038 2379 3258 2433 timens
3305 2394 3402 2444 ne,
3451 2376 3613 2448 quod
3642 2376 3744 2431 ille

2102 2469 2299 2523 animo
2331 2470 2642 2541 cogitabat,
2676 2470 2948 2540 ea'prior
2994 2468 3302 2539 potiretur,
3354 2468 3493 2522 totis
3521 2465 3743 2520 viribus

2098 2555 2418 2612 festinabat
2447 2573 2577 2612 eam
2615 2574 3049 2628 prmoccupare.
3103 2556 3346 2612 Interim
3395 2555 3536 2610 dum
3568 2555 3640 2609 ab
3674 2570 3742 2609 eo

2101 2645 2488 2717 colligebatur
2552 2646 2846 2702 exercitus
2925 2645 3226 2717 dispersus
3304 2661 3412 2715 per
3476 2643 3741 2698 civitates

2101 2736 2374 2805 Orientis,
2437 2742 2496 2792 et
2539 2738 2666 2808 ipse
2725 2754 2788 2792 se
2844 2737 3092 2808 parabat
3148 2735 3222 2792 ad
3279 2739 3505 2790 tantam
3561 2735 3739 2800 viam,

2101 2825 2403 2882 mandavit
2441 2826 2734 2897 episcopis
2790 2832 2856 2881 ut
2907 2827 3160 2881 Nicaaam
3221 2841 3398 2896 quam
3455 2823 3744 2878 citissime

2100 2929 2234 2970 eum
2266 2915 2678 2986 praevenirent.
2724 2915 3075 2970 Intendebat
3123 2913 3283 2969 enim
3334 2913 3654 2969 secundam
3681 2913 3746 2966 in

2100 3020 2169 3059 ea
2197 3004 2815 3076 civitateﬁcongregare
2857 3004 3172 3076 synodum,
3222 3003 3295 3059 ab
3327 3003 3525 3074 impiis
3573 3002 3744 3056 Aria-

2098 3093 2193 3148 nis
2225 3093 2503 3148 adversus
2533 3093 3209 3149 consubstantialitatem
3259 3093 3565 3148 excitatus.
3597 3093 3743 3146 Cum

2101 3199 2258 3250 vero,
2285 3183 2640 3238 transmissa
2685 3182 2910 3250 Cilicia,
2964 3181 3041 3237 ad
3089 3180 3293 3253 Mopsi,
3346 3185 3412 3236 ut
3439 3184 3743 3247 vocantur,

2101 3272 2294 3327 fontes
2325 3271 2708 3343 pervenisset,
2762 3271 2958 3327 subita
3005 3271 3177 3326 illum
3224 3269 3542 3326 infirmitas
3570 3271 3743 3325 inva-

2101 3363 2196 3430 sit,
2227 3378 2338 3417 nec
2369 3367 2602 3434 poterat
2629 3361 2880 3416 ulterius
2926 3360 3222 3433 progredi.
3275 3361 3350 3416 At
3393 3358 3497 3416 ubi
3555 3359 3744 3414 sensit

2099 3469 2161 3508 se
2184 3452 2312 3523 jam
2360 3451 2516 3507 male
2565 3450 2808 3519 habere,
2858 3467 2969 3506 nec
3016 3450 3216 3506 forsan
3264 3449 3559 3505 victurum
3609 3465 3737 3506 esse

2100 3541 2377 3612 amplius,
2438 3557 2616 3612 quam
2674 3540 2957 3596 citissime
3007 3539 3332 3594 Antiochiae
3393 3540 3738 3611 episcopum

2098 3629 2376 3686 Euzoium
2432 3629 2756 3698 accersivit,
2821 3635 2878 3684 et
2934 3629 3006 3683 ab
3081 3645 3149 3683 eo
3207 3627 3378 3699 petiit
3431 3627 3737 3700 baptizari.

2098 3720 2169 3774 Et
2196 3724 2331 3789 post
2360 3721 2700 3788 susceptum
2729 3717 3091 3788 baptismum
3147 3733 3358 3788 parum
3413 3722 3737 3788 superstes,

2099 3825 2168 3863 eo
2201 3808 2328 3862 loco
2362 3822 2392 3862 e
2423 3806 2540 3862 vita
2568 3806 2841 3875 excessit,
2895 3822 3029 3861 cum
3077 3805 3428 3878 imperasset
3473 3805 3737 3879 integros

2098 3895 2491 3968 quadraginta
2519 3911 2728 3964 annos,
2761 3895 2964 3967 viginti
2995 3893 3237 3965 quidem
3269 3910 3404 3950 cum
3434 3899 3622 3966 patre,
3645 3912 3739 3950 re-

2098 3987 2293 4057 liquos
2347 3990 2545 4040 autem
2600 3984 2781 4040 solus.
2855 3985 3118 4055 Cumque
3197 4000 3333 4038 eum
3407 3983 3740 4038 deflevisset

2101 4075 2391 4131 exercitus
2421 4080 2480 4129 et
2508 4074 2673 4146 justa
2717 4073 2769 4129 ei
2815 4075 3074 4141 fecisset,
3124 4072 3316 4128 loculo
3367 4073 3742 4127 incluserunt

2099 4164 2346 4220 cadaver
2383 4163 2746 4220 aromatibus
2795 4163 3102 4218 conditum
3147 4179 3276 4233 quas
3325 4161 3593 4217 adhiberi
3645 4178 3738 4217 so-

2098 4253 2224 4308 lent
2252 4253 2325 4308 ad
2347 4252 2853 4307 conservationem
2880 4269 2894 4317 ;
2919 4251 3134 4306 deinde
3159 4251 3360 4306 currui
3390 4251 3738 4322 impositum

2096 4341 2366 4396 tulerunt
2393 4340 2986 4412 Constantinopolim,
3033 4357 3168 4396 cum
3216 4340 3472 4413 prapriis
3519 4339 3736 4412 singuli

2097 4430 2280 4486 armis
2313 4435 2651 4501 sequentes,
2683 4434 2741 4484 et
2771 4430 2831 4484 in
2863 4429 3077 4485 eodum
3099 4435 3312 4486 ornatu
3341 4447 3518 4502 quem
3549 4445 3740 4485 unus-

2097 4518 2369 4590 quisque,
2402 4518 2542 4574 dum
2574 4517 2699 4590 ipse
2731 4518 2967 4588 viveret,
3022 4518 3130 4574 sub
3161 4519 3506 4576 ductoribus
3554 4517 3738 4574 habe-

353 4601 443 4656 καὶ
505 4605 707 4670 ζῶντος
764 4602 869 4658 ὑπὸ
917 4607 1034 4665 τοῖς
1090 4602 1326 4678 ἡγεμόσι
1383 4603 1700 4681 τεταγμένοι
1758 4603 1995 4681 ἐτύγχα-
2023 4607 2070 4674 D
2101 4609 2219 4666 bat.

354 4709 466 4748 νον.

427 4889 576 4961 [356]
627 4888 726 4945 κα’.
782 4889 946 4946 Οὗτοι
1007 4887 1101 4961 μὶν
1159 4883 1248 4941 διὰ
1293 4888 1392 4956 τὴν
1425 4889 1990 4946 Κωνσταντινούπολιν

357 4974 507 5051 εἶχον
541 4975 756 5053 ἄγοντες
798 4978 890 5032 τὸν
937 4977 1144 5050 νεκρὸν,
1193 4975 1284 5029 καὶ
1327 4974 1617 5038 Ἰουλιανὸς
1649 4977 1994 5052 συνομάρτη-

356 5084 441 5119 σεν
472 5065 531 5120 ἐκ
557 5070 663 5120 τῶν
722 5064 1008 5140 Ἰλλυριῶν
1067 5063 1416 5141 ἀφικόμενος,
1470 5064 1558 5119 καὶ
1600 5062 1710 5134 ἤδη
1760 5061 1993 5138 βεϐαίως

358 5151 502 5209 ἔχων
532 5156 631 5224 τὴν
690 5159 859 5210 πᾶσαν
921 5152 1220 5229 βασιλείαν,
1279 5149 1500 5216 οὐδενὸς
1547 5152 1704 5208 αὐτὸν
1739 5157 1872 5226 μετὰ
1898 5155 1990 5211 τὸν

362 5243 737 5299 Κωνσταντίου
817 5243 1036 5308 θάνατον
1124 5241 1507 5311 ἐναντιωθῆναι
1590 5243 1990 5315 τολμήσαντος.

358 5331 740 5404 Κομιζομένου
771 5330 828 5387 δὶ
854 5335 952 5386 τοῦ
997 5334 1188 5406 νεκροῦ
1237 5327 1324 5383 ἐπὶ
1353 5333 1431 5402 τῷ
1460 5335 1563 5404 νεῷ
1589 5336 1697 5388 τῶν
1725 5335 1992 5389 Ἀποστό·

358 5413 495 5485 λων,
519 5413 612 5471 ’ίνα
641 5437 740 5490 περ
803 5416 960 5472 αὐτὸν
1012 5417 1333 5486 καταθήσειν
1391 5415 1626 5488 πλησίον
1664 5425 1761 5476 τοῦ
1791 5423 1992 5498 πατρὸς

357 5500 618 5577 ἔμελλον,
650 5505 811 5567 αὐτὸς
840 5507 1027 5581 ἡγεῖτο
1058 5511 1157 5574 τῆς
1187 5503 1406 5578 κλίνης,
1428 5507 1490 5561 τὸ
1513 5505 1754 5583 διάδημα
1781 5518 1880 5581 τῆς
1905 5533 1990 5568 κε-

351 5589 534 5670 φαλῆς
561 5594 853 5670 περιελών.
887 5593 1036 5650 Ἐπεὶ
1085 5591 1144 5649 δὶ
1191 5592 1390 5669 ἔθαψαν
1443 5596 1626 5670 αὐτὸν,
1678 5598 1764 5655 ἐπὶ
1794 5600 1861 5656 τὰ
1893 5603 1989 5676 βα-

355 5678 533 5738 σιλεια
575 5681 684 5756 ἤδη
742 5681 1247 5759 ἀπαλλαττόμενος,
1298 5685 1360 5740 τό
1414 5705 1471 5740 τε
1501 5684 1743 5762 διάδημα
1771 5687 1987 5754 ἐπέθετο

2174 4893 2259 4947 2t.
2293 4893 2484 4963 Atque
2515 4891 2556 4946 ii
2587 4891 2828 4963 quidem
2848 4890 3421 4962 Constantinopolim
3449 4897 3741 4948 venerunt

2107 4977 2391 5034 ducentes
2420 4997 2654 5052 corpus.
2683 4982 2854 5036 Venit
2880 4986 2941 5036 et
2965 4980 3231 5036 Julianus
3261 4996 3332 5035 ex
3359 4979 3562 5052 Illyria
3597 4998 3736 5053 pro-

2104 5066 2314 5138 fectus,
2337 5067 2583 5140 jamque
2631 5069 2882 5125 ﬁrmiter
2929 5075 3140 5124 tenens
3178 5068 3519 5126 universum
3549 5070 3740 5143 impe-

2105 5157 2282 5223 rium,
2339 5158 2580 5213 nemine
2633 5165 2766 5230 post
2817 5157 3144 5212 Constantii
3192 5158 3417 5213 obitum
3483 5175 3626 5215 auso
3687 5160 3739 5215 ei

2105 5262 2452 5318 repugnare.
2504 5248 2648 5302 Cum
2697 5247 2950 5302 ferretur
2995 5245 3257 5302 defuncti
3301 5266 3514 5321 corpus
3545 5249 3618 5305 ad
3643 5266 3736 5305 ec-

2104 5334 2344 5390 clesiam
2374 5336 2812 5408 Apostolorum,
2860 5335 2961 5389 ubi
3000 5336 3170 5406 juxta
3213 5342 3442 5408 patrem
3487 5343 3615 5393 erat
3643 5343 3739 5393 tu-

2103 5425 2476 5495 mulandum,
2533 5425 2681 5495 ipse,
2731 5423 3020 5492 Julianus,
3071 5425 3338 5498 deposito
3383 5427 3738 5496 diademate,

2102 5512 2323 5570 lectum
2370 5513 2760 5586 praecedebat.
2820 5514 3139 5586 Postquam
3190 5531 3326 5570 vero
3372 5516 3738 5587 sepelierunt

2100 5608 2423 5671 mortuum,
2448 5603 2508 5660 in
2536 5603 2825 5676 palatium
2867 5605 3075 5672 redux,
3123 5609 3184 5660 et
3229 5604 3564 5662 diademate
3604 5623 3738 5662 rur-

2103 5709 2202 5750 sus
2233 5693 2410 5765 capiti
2437 5694 2738 5766 imposito,
2777 5710 2977 5751 rerum
3021 5693 3380 5766 potiebatur,
3425 5695 3586 5752 solus
3608 5696 3737 5770 jam
