3964 6144
394 307 531 368 1271

1910 315 2279 370 ADDBNDA.

3629 316 3742 371 1272

394 435 737 491 universum
768 439 1170 493 Romanorum
1202 437 1522 508 imperium
1570 436 1837 508 adeptus.
1888 439 2026 493 Con-

2151 438 2325 507 αὖθις,
2354 440 2442 492 καὶ
2500 442 2607 493 τῶν
2667 441 3006 514 πραγμάτων
3060 437 3325 513 ἐγκρατὴς
3351 440 3441 509 ἦν,
3474 437 3625 511 μόνος
3650 437 3736 509 ἤδη

397 526 614 580 stantio
635 526 813 597 igitur
844 544 873 580 e
899 527 1093 581 medio
1116 526 1437 593 sublato,in
1462 528 1891 597 superstites,et
1919 544 2043 582 ma-

398 616 555 669 xime
588 632 687 669 eos
720 616 817 684 qui
853 632 921 669 ex
954 616 1175 669 invidia
1220 632 1457 670 causam
1490 615 1865 686 prazbuerant
1894 616 2041 670 Galli

398 702 728 771 occidendi,
785 704 1081 759 furentem
1165 705 1314 758 iram
1373 705 1642 775 explevit.
1702 707 1742 757 Ε
1801 705 2039 775 vestigio

399 793 641 862 quidem
672 792 987 846 Eusebium
1016 795 1397 865 praapositum
1432 795 1619 865 capite
1653 794 2041 864 plectit,quod

396 882 690 952 praecipue
761 882 1059 938 videretur
1137 884 1258 937 suis
1334 884 1649 938 calumniis
1727 883 2040 938 occisionis

396 971 543 1024 Galli
575 988 813 1026 causam
844 974 1162 1043 peperisse.
1194 974 1442 1028 Paulum
1469 980 1667 1029 autem
1692 974 2037 1044 Hispanum,

395 1060 495 1129 qui
527 1060 683 1114 inter
712 1061 935 1115 scribas
968 1062 1343 1132 imperatoris
1405 1062 1879 1133 computabatur,
1919 1062 2039 1131 igni

394 1148 592 1215 tradit,
624 1154 826 1220 utpote
860 1152 960 1220 qui
992 1152 1196 1206 multis
1230 1152 1582 1206 criminibus
1634 1151 1862 1206 Gallum
1894 1167 2040 1207 one-

392 1242 600 1292 rasset.
651 1238 871 1293 Ambos
926 1240 1361 1295 Chalcedonem
1418 1241 1600 1307 misit,
1674 1246 1731 1294 et
1787 1240 1909 1294 illic
1967 1240 2037 1294 de

392 1332 643 1397 utroque
720 1345 891 1383 suum
967 1329 1220 1400 sumpsit
1294 1329 1669 1400 supplicium.
1741 1329 2042 1383 Interfecit

395 1415 561 1470 etiam
602 1415 1015 1485 Gaudentium,
1067 1418 1277 1473 ducem
1338 1418 1630 1473 exercitus
1688 1417 1921 1484 Africae,
1982 1422 2041 1472 et

395 1505 543 1559 alios
573 1505 881 1576 quosdam,
916 1506 1255 1577 quicunque
1290 1508 1493 1578 quovis
1522 1506 1696 1563 modo
1748 1507 1911 1562 Gallo
1944 1508 2039 1561 in-

398 1594 777 1663 sultaverant,

465 1890 555 1944 22.
590 1890 701 1945 Sed
732 1891 866 1946 illos
894 1891 1131 1961 quidem
1164 1908 1270 1963 per
1308 1892 1536 1946 litteras
1584 1892 1828 1963 punivit.
1861 1893 2031 1946 Chri-

394 1981 467 2034 sti
496 1986 694 2035 autem
723 1987 1043 2051 martyrem
1076 1986 1133 2035 et
1162 1998 1513 2052 generosum
1545 1982 1826 2035 athletam
1859 1984 2030 2035 Arte-

393 2070 578 2123 mium
611 2070 736 2140 ipse
768 2087 873 2140 per
904 2071 1309 2141 semetipsum,
1343 2086 1606 2141 prresens
1654 2076 2031 2141 praesentem,

393 2158 720 2212 Antiochiae
752 2163 995 2229 propter
1011 2159 1223 2213 Christi
1251 2159 1687 2213 confessionem
1708 2160 2032 2213 inhumane

394 2246 608 2318 puniit,
653 2253 710 2300 et
757 2263 825 2301 ea
873 2263 1051 2317 quam
1098 2246 1356 2302 habebat
1403 2247 1675 2318 spoliavit
1721 2252 2031 2318 potestate,

393 2354 514 2392 non
545 2336 742 2391 ferens
773 2338 959 2407 ipsius
987 2338 1049 2392 in
1080 2337 1377 2408 loquendo
1407 2338 1739 2393 libertatem
1788 2344 1847 2393 et
1892 2356 2036 2393 con-

395 2426 694 2481 stantiam.
725 2426 992 2481 Julianus
1024 2427 1205 2492 enim,
1238 2432 1303 2481 ut
1332 2427 1450 2481 dixi
1477 2428 1622 2499 jam,
1656 2444 1790 2481 cum
1821 2430 2034 2481 Roma-

396 2534 611 2571 norum
668 2518 982 2572 invasisset
1028 2517 1364 2588 imperium,
1422 2518 1789 2572 restituendo
1843 2519 2034 2585 genti-

393 2605 567 2660 lismo
595 2606 849 2660 maxime
879 2606 1171 2662 studebat.
1224 2606 1413 2660 Missis
1470 2606 1668 2676 itaque
1716 2607 1776 2660 in
1824 2623 2032 2661 omnes

393 2700 590 2766 partes
634 2696 869 2761 litteris,
920 2695 1102 2766 jussit
1148 2694 1393 2750 deorum
1450 2695 1673 2765 templa
1720 2700 1778 2749 et
1823 2696 2032 2750 altaria

393 2784 555 2838 omni
584 2784 961 2839 festinatione
992 2801 1058 2839 ac
1090 2784 1283 2839 studio
1338 2784 1722 2851 reaedificari;
1759 2790 1816 2838 et
1847 2801 2026 2854 quos-

390 2888 622 2942 cunque
654 2872 919 2928 redditus
952 2874 1216 2928 ecclesiis
1256 2874 1648 2928 attribuerant
1695 2874 2028 2927 Constanti-

389 2977 500 3015 nus
514 2969 967 3033 magnus,atque
990 2963 1117 3033 ejus
1136 2963 1294 3017 ﬁlius
1307 2962 1955 3030 Constantius,abstulit
1972 2968 2030 3017 et

390 3051 685 3106 idolorum
716 3053 954 3123 templis
985 3053 1441 3121 dedicavit;dum
1470 3053 1647 3108 simul
1676 3070 1781 3123 pro
1806 3053 2029 3123 episco-

2150 529 2247 596 τὴν
2306 527 2442 598 ὃλην
2499 532 2606 582 τῶν
2661 529 2949 601 Ῥωμαίων
3013 527 3288 603 βασιλείαν
3340 525 3737 599 ὑποζωσάμενος.

2154 616 2303 672 Ἐπεὶ
2335 617 2425 669 οὖν
2460 617 2487 670 6
2520 617 2887 679 Κωνστάντιος
2936 616 2994 671 ἐκ
3040 614 3223 671 ποδῶν
3253 616 3344 685 ἦν,
3375 616 3451 678 εἷς
3479 614 3601 677 τοὺς
3632 617 3744 670 ὑπο-

2152 703 2533 777 λειπομένους,
2568 705 2655 760 καὶ
2699 705 2933 778 μάλιστα
2960 710 3040 777 τῷ
3086 705 3261 781 ιρθόνῳ
3289 705 3388 771 τὴν
3420 703 3578 758 αἰτίαν
3600 724 3744 777 παρα-

2152 796 2456 867 σχομένους
2504 802 2602 863 τῆς
2655 794 2975 870 ἀναιρέσεως
3024 792 3263 861 Γάλλου,
3297 793 3528 867 ἆνέψυχε
3569 794 3621 846 τὸ
3650 794 3739 861 ζέον

2148 889 2245 952 τῆς
2276 883 2471 957 ὀργῆς·
2537 885 2623 937 καὶ
2686 882 2874 937 αὐτίκα
2931 877 3185 937 Εὑσέὅιον
3244 882 3336 955 μὶν
3368 882 3457 935 τὸν
3489 880 3742 953 πραιπόσι-

2146 992 2240 1025 τον
2296 978 2394 1039 τῆς
2443 974 2689 1048 κεφαλῆς
2747 974 3073 1049 ἀφαιρεῖται,
3132 968 3271 1025 διότι
3339 972 3437 1038 τήν
3491 970 3650 1042 ἀρχήν
3698 990 3743 1023 τε

2149 1060 2388 1137 ἐφαίνετο
2420 1060 2477 1116 ἐκ
2506 1067 2613 1116 τῶν
2645 1061 2837 1115 ἑαυτοῦ
2870 1056 3142 1115 διαϐολῶν
3177 1059 3267 1114 τὸν
3306 1058 3507 1112 ἃπαντα
3532 1063 3602 1129 τῷ
3627 1056 3741 1111 Γάλ-

2148 1148 2231 1221 λῳ
2258 1151 2418 1227 φόνον
2467 1153 2951 1226 συγκερασάμενος.
3010 1147 3223 1203 Παῦλον
3258 1146 3315 1202 δὲ
3344 1148 3434 1201 τὸν
3464 1145 3656 1201 Σπανὸν
3682 1145 3741 1207 εἷς

2144 1239 2270 1300 τοὺς
2307 1241 2645 1314 ὑπογραφέας
2704 1242 2802 1294 τοῦ
2864 1237 3131 1313 βασιλέως
3161 1234 3425 1292 τελοῦντα
3448 1236 3569 1310 πυρὶ
3596 1254 3742 1307 παρα-

2147 1324 2387 1397 δίδωσιν,
2420 1328 2494 1390 ὡς
2522 1327 2709 1382 πολλὰ
2738 1324 2804 1395 δὴ
2842 1325 2988 1399 μάλα
3024 1330 3102 1397 τῷ
3150 1323 3351 1397 Γάλλῳ
3382 1322 3741 1397 ἑμπικρανάμε-

2146 1437 2258 1473 νον.
2301 1416 2547 1480 Τούτους
2605 1416 2698 1489 μὶν
2763 1417 3104 1493 ἀμφοτέρους
3160 1414 3235 1477 εἷς
3293 1415 3391 1482 τήν
3446 1408 3742 1481 Χαλκηδόνα

2147 1502 2481 1579 διαπέμψας,
2539 1505 2649 1560 ἐκεῖ
2702 1508 2770 1578 τῇ
2831 1504 3005 1577 οἰκείᾳ
3078 1501 3198 1577 δίκῃ
3258 1503 3452 1577 ὑπάγει
3508 1501 3739 1574 ἱκάτερον·

2144 1591 2353 1648 ἀνεῖλεν
2384 1591 2441 1648 δὲ
2472 1594 2562 1648 καὶ
2622 1590 2936 1648 Γαυδὲντιον
2996 1592 3297 1668 στρατηγὸν
3353 1597 3453 1660 τῆς
3499 1592 3741 1666 Ἀφρικῆς,

2143 1685 2233 1739 καὶ
2265 1684 2473 1749 ἄλλους
2510 1685 2681 1754 τινὰς,
2738 1684 2928 1740 ὁπόσοι
2981 1704 3032 1738 τι
3082 1683 3157 1746 εἰς
3201 1683 3363 1737 αὐτὸν
3400 1682 3746 1755 πεπαρῳνήκε-

2065 1812 2113 1877 Β
2145 1795 2261 1831 σαν.

2214 1888 2315 1949 κδ’.
2359 1891 2537 1948 Ἀλλὰ
2581 1892 2807 1953 τούτους
2863 1891 2958 1963 μὲν
3006 1887 3095 1944 διὰ
3135 1889 3475 1964 γραμμάτων
3502 1884 3737 1940 ὲκόλασεν·

2141 1982 2234 2036 τὸν
2268 1978 2327 2034 δὲ
2370 1985 2466 2035 τοῦ
2516 1985 2754 2056 Χριστοῦ
2809 1979 3054 2056 μάρτυρα
3108 1978 3197 2033 καὶ
3253 1982 3494 2051 γενναῖον
3530 1973 3735 2043 ἀθλητὴν

2145 2073 2426 2147 Ἀρτέμιον
2464 2072 2621 2134 αὐτὸς
2656 2069 2727 2126 δι’
2782 2072 2970 2126 ἑαυτοῦ
3028 2068 3077 2124 ἐν
3139 2067 3448 2142 Ἀντιοχείᾳ
3474 2066 3639 2140 παρὼν
3665 2063 3733 2118 καὶ

2144 2163 2404 2235 παρόντα,
2464 2158 2553 2215 διὰ
2606 2162 2703 2230 τὴν
2760 2160 2836 2224 εἷς
2893 2160 3119 2235 Χριστὸν
3163 2156 3466 2233 ὁμολογίαν
3494 2151 3734 2225 ἀπανθρώ-

2145 2270 2262 2311 πως
2316 2249 2593 2322 ἐκόλασεν,
2649 2249 2739 2304 καὶ
2793 2256 2895 2318 τῆς
2952 2246 3229 2322 παρούσης
3272 2246 3428 2300 αὐτὸν
3460 2243 3734 2317 ἀπεγύμνω-

2147 2360 2232 2393 σεν
2292 2338 2555 2407 ἐξουσίας,
2608 2338 2683 2410 μή
2736 2339 2909 2414 φὲρων
2963 2337 3063 2405 τὴν
3121 2335 3290 2389 αὐτοῦ
3337 2332 3616 2410 παρρησίαν
3664 2332 3732 2386 καὶ

2146 2424 2408 2482 ἔνστασιν.
2441 2427 2501 2483 Ὁ
2532 2425 2634 2502 γὰρ
2668 2425 2985 2496 Ἰουλιανὸς,
3018 2425 3092 2485 ὡς
3142 2421 3472 2493 δεδήλωται,
3502 2422 3629 2494 [357]
3654 2419 3731 2485 τὴν

2143 2520 2252 2569 τῶν
2307 2515 2591 2587 Ῥωμαίων
2651 2513 2926 2587 βασιλείαν
2985 2513 3429 2585 ὑποζωσάμενος,
3484 2504 3731 2574 ἐσπούδαζε

2148 2604 2383 2676 μάλιστα
2436 2604 2527 2657 τὸν
2605 2601 2976 2674 Ἐλληνισμὸν
3063 2600 3417 2674 ἐπανορθοῦν.
3494 2597 3729 2668 Πανταχοῦ

2141 2696 2320 2747 τοίνυν
2380 2694 2674 2769 γράμματα
2733 2690 3196 2763 διαπεμπόμενος,
3248 2687 3452 2744 ἐκέλευε
3478 2686 3538 2741 τά
3562 2684 3727 2739 τούτων

2140 2783 2338 2857 τεμένη
2371 2786 2459 2838 καὶ
2490 2783 2616 2845 τοὺς
2671 2781 2893 2856 βωμοὺς
2943 2781 3155 2851 ἀνιστᾷν
3193 2779 3333 2852 μετὰ
3359 2775 3567 2845 πολλῆς
3596 2794 3728 2828 σπου-

2143 2872 2242 2943 δῆς
2290 2894 2348 2928 τε
2404 2875 2492 2928 καὶ
2549 2872 2870 2945 προθυμίαςο
2925 2869 3013 2924 καὶ
3069 2869 3197 2931 ὅσας
3237 2870 3265 2923 6
3300 2869 3457 2942 μέγας
3496 2867 3724 2921 Κωνσταν·

2138 2969 2291 3026 τῖνος
2319 2968 2438 3025 ταῖς
2485 2961 2797 3032 ἐκκλησίαις
2840 2957 3140 3035 προσόδους
3186 2955 3444 3029 ἂπένειμε
3467 2953 3547 3009 καί
3577 2954 3599 3007 6
3624 2950 3722 3005 τού-

2140 3074 2235 3107 του
2290 3054 2407 3115 υἱὸς
2478 3052 2870 3118 Κωνστάντιος,
2948 3048 3144 3109 ταύτας
3202 3043 3438 3123 ἀφελὼν,
3490 3047 3593 3102 τοῖς
3637 3042 3718 3093 τῶν

387 3141 867 3213 pis,presbyteris
890 3146 947 3196 et
967 3142 1230 3197 diaconis
1252 3143 1559 3197 constituit
1578 3142 1845 3209 aedituos,
1878 3148 2020 3196 tem-

2141 3141 2406 3214 δαιμόνων
2434 3145 2583 3202 ναοῖς
2634 3135 2946 3214 ἀφιέρωσεν·
2998 3136 3109 3191 ἀντ’
3157 3136 3461 3190 ἐπισκόπων
3487 3131 3565 3187 καὶ
3592 3148 3720 3202 πρεσ-

390 3229 624 3300 plorum
657 3230 954 3301 custodes,
989 3247 1348 3302 aspersores,
1383 3232 1703 3297 sacrificos,
1738 3232 2032 3301 cancpho-

392 3320 669 3389 ros(8),et
700 3337 1070 3390 quaecunque
1110 3320 1419 3391 gentilium
1451 3320 1753 3391 nugacitas
1786 3320 2037 3390 imponit

396 3408 660 3462 nomina.
695 3409 827 3462 Haec
858 3408 1037 3480 igitur
1076 3414 1135 3463 et
1181 3408 1298 3463 alia
1346 3408 1567 3462 fiebant
1609 3408 2032 3462 Constantino-

394 3495 537 3566 poli.
1322 3507 1326 3511 '

465 3705 552 3756 23.
585 3705 723 3758 Post
764 3702 890 3756 hmc
938 3706 1136 3756 autem
1185 3717 1319 3757 cum
1368 3700 1571 3755 matris
1620 3718 1738 3755 sum
1787 3702 2029 3755 fratrem

392 3792 657 3858 haberet,
688 3792 986 3847 Iulianum
1016 3792 1279 3859 nomine,
1327 3792 1448 3861 qui,
1499 3797 1563 3845 ut
1610 3791 1763 3861 apud
1809 3791 2030 3861 princi-

388 3899 523 3955 pem
555 3883 742 3955 gratia
771 3883 1028 3948 floreret,
1080 3882 1474 3935 Christianam
1520 3882 1866 3953 religionem
1914 3882 2026 3936 ab-

379 3974 684 4044 juraverat
713 3976 767 4026 et
798 3986 1071 4041 magnam
1104 3987 1207 4039 pro
1258 3970 1594 4041 gentilismo
1647 3970 2024 4024 sedulitatem

386 4061 754 4130 ostendebat,
789 4060 959 4115 illum
992 4060 1188 4114 emisit
1216 4059 1472 4115 Orientis
1502 4064 1811 4126 rectorem,
1847 4076 2023 4129 quem

383 4156 593 4205 vocant
621 4151 920 4217 comitem,
954 4149 1123 4220 eique
1155 4147 1454 4203 mandavit
1491 4153 1556 4201 ut
1600 4165 1696 4203 res
1745 4148 2023 4202 ecclesia-

390 4240 566 4294 sticas
594 4245 829 4293 vexaret
858 4244 916 4293 et
944 4238 1330 4309 disperderet,
1364 4238 1433 4291 ad
1468 4238 1869 4309 gentilismum
1909 4254 2021 4292 au-

385 4336 501 4383 tern
533 4329 752 4398 ubique
784 4326 1117 4398 augendum
1150 4332 1205 4380 et
1236 4326 1634 4380 extollendum
1657 4326 1806 4379 nihil
1834 4326 2018 4379 inten-

384 4423 568 4472 tatum
594 4417 978 4487 relinqueret.
1012 4418 1155 4470 Cum
1189 4432 1323 4486 ergo
1355 4415 1465 4469 iste
1517 4415 1882 4469 Antiochiam
1913 4432 2017 4469 ve-

2141 3226 2377 3304 ϐυτέρων
2431 3229 2520 3285 καὶ
2609 3226 2871 3282 διακόνων
2953 3228 3293 3296 καταστήσας
3352 3223 3607 3294 ζακόρους,
3651 3216 3716 3271 καὶ

2136 3321 2464 3394 νεωκόρους,
2494 3317 2583 3372 καὶ
2618 3318 2829 3392 βάντας,
2886 3317 2973 3369 καὶ
3035 3314 3221 3386 θύτας,
3273 3314 3361 3367 καὶ
3407 3307 3717 3381 κανηφόρους.

2137 3410 2225 3464 καὶ
2257 3408 2383 3471 ὅςας
2414 3410 2441 3463 ὁ
2470 3406 2798 3477 Ἐλληνικὸς
2823 3406 2984 3467 ὕθλος
3013 3403 3335 3481 ἐπιφημίζιι
3363 3394 3717 3477 προσωνυμίας·

2134 3502 2301 3552 ταῦτα
2333 3499 2427 3570 μὲν
2474 3496 2565 3551 οὖν
2613 3498 2701 3551 καὶ
2749 3492 2906 3571 ἕτερα
2962 3490 3309 3566 διεπράττετο
3337 3490 3465 3545 κοιτᾶ
3488 3487 3576 3554 τήν
3599 3487 3717 3539 Κων-

2136 3586 2603 3642 σταντινούπολιν.

2204 3705 2308 3778 κγ’.
2369 3703 2518 3761 Μετὰ
2570 3701 2624 3757 δὲ
2672 3706 2837 3756 ταῦτα
2893 3700 3100 3773 μητρὸς
3157 3698 3322 3753 αὐτοῦ
3364 3692 3575 3770 ἂδελφὸν
3596 3685 3711 3761 ’έχων

2134 3790 2426 3849 Ἰουλιανὸν
2452 3788 2712 3862 τοῦνομα,
2742 3791 2841 3857 τὴν
2879 3792 2979 3842 τοῦ
3029 3782 3446 3860 Χριστιανιίσμοῦ
3474 3775 3710 3855 θρησκείαν

2133 3881 2581 3956 ἀπαρνησάμενον
2634 3877 2722 3933 διὰ
2773 3878 2870 3945 τὴν
2924 3876 3131 3930 ἐκείνου
3187 3876 3373 3950 χάριν,
3418 3869 3501 3926 καὶ
3534 3862 3709 3927 πολλὴν

2134 3970 2265 4044 ὑπὲρ
2320 3972 2416 4022 τοῦ
2481 3965 2855 4038 Ἑλληνισμοῦ
2936 3961 3245 4038 προθυμίαν
3306 3955 3710 4044 ἐπιδεικνύμενον,

2132 4042 2370 4131 ἄρχοντα
2423 4059 2521 4125 τῆς
2579 4054 2746 4127 Έῴας
2806 4055 2863 4108 δν
2922 4052 3149 4107 καλοῦσι
3202 4050 3416 4122 κόμητα
3445 4042 3707 4114 ἐξέπεμψεν»

2130 4144 2500 4217 ἐντειλάμενος
2585 4144 2650 4197 τά
2737 4142 2830 4215 μὶν
2917 4145 3025 4194 τῶν
3108 4137 3409 4208 ἐκκλησιῶν
3464 4132 3707 4217 πράγμξττξ

2345 4211 2353 4217 ’
2738 4211 2746 4215 “
3688 4211 3698 4227 1

2125 4239 2321 4290 κακοῦν
2379 4256 2438 4289 τε
2491 4234 2578 4288 καὶ
2658 4230 3003 4308 διαφθείρειν,
3062 4231 3342 4303 πανναχοῦ
3412 4223 3465 4279 δὲ
3514 4219 3591 4273 καὶ
3640 4212 3705 4266 δικ

2124 4325 2302 4393 πάσης
2334 4322 2475 4385 ἰδέας
2520 4321 2611 4375 τὸν
2664 4318 3033 4391 Ἑλληνισμὸν
3088 4315 3258 4388 αὔξειν
3286 4335 3344 4369 τε
3372 4311 3457 4368 καὶ
3493 4304 3701 4377 ἐπαίρειν-

2124 4415 2184 4470 Ὁ
2219 4411 2273 4466 δὲ
2305 4412 2634 4489 ἀφικόμενος
2691 4408 2743 4463 ἐν
2800 4406 3136 4480 ’Δντιοχείᾳ,
3171 4404 3417 4479 ἐπειρᾶτο
3450 4397 3597 4472 μείζω
3620 4393 3697 4443 τῶν

382 4508 587 4572 nisset,
635 4505 958 4561 conabatur
1000 4504 1277 4576 operibus
1325 4504 1497 4574 plura
1547 4504 1789 4572 exsequi
1837 4519 2014 4571 quam

2141 4501 2521 4575 ίντεταλμὲνων
2578 4506 2695 4561 τοῖς
2749 4498 2931 4574 ἔργοις
2988 4496 3288 4573 φαίνεσθαι,
3335 4492 3421 4547 καὶ
3464 4486 3525 4555 δὴ
3569 4499 3698 4576 προσ-

379 4615 509 4668 quae
542 4601 709 4652 erant
737 4598 798 4651 in
845 4595 1161 4650 mandatis.
1216 4594 1493 4648 Ecclesiis
1539 4593 1777 4663 quidem
1827 4592 2020 4646 aufert

378 4691 590 4742 cuncta
644 4686 925 4757 pretiosa,
984 4701 1121 4739 vasa
1167 4698 1381 4752 nempe
1440 4686 1716 4752 argentea
1747 4684 1805 4734 et
1835 4696 2012 4735 aurea

377 4793 442 4831 ac
474 4776 662 4831 serica
690 4774 1077 4841 vestimenta;
1111 4772 1255 4841 quin
1305 4771 1482 4823 etiam
1526 4769 1682 4839 ipsas
1730 4769 2010 4823 ecclesias

374 4866 616 4931 claudit,
649 4882 721 4919 ne
753 4865 885 4935 quis
914 4863 1095 4916 intret
1123 4859 1409 4914 orationis
1442 4876 1636 4925 causa,
1668 4859 1824 4912 fores
1855 4858 2009 4912 clau-

375 4955 512 5009 stris
542 4954 922 5022 vectibusque
962 4949 1299 5005 occludens.
1356 4950 1421 5001 Et
1464 4948 1589 5001 haec
1634 4948 1872 5017 quidem
1923 4948 2007 5001 fa-

373 5044 566 5099 ciebat
593 5044 654 5096 in
704 5045 932 5097 civitate
976 5040 1347 5096 Antiochena
1394 5038 1647 5093 Orientis
1677 5038 2006 5108 praefectus.

2125 4597 2355 4667 αιρεῖται
2410 4592 2504 4663 μὲν
2553 4593 2737 4644 πασῶν
2792 4592 2898 4642 τῶν
2960 4583 3262 4652 ἐκκλησιῶν
3315 4580 3512 4635 ἅπαντα
3533 4572 3591 4628 τὰ
3613 4586 3699 4665 κεί-

2122 4666 2320 4751 μήΑια,
2353 4680 2450 4734 ὅσα
2512 4678 2563 4732 ἐν
2623 4675 2846 4752 ἀργύρῳ
2902 4695 2959 4728 τε
3012 4673 3100 4761 καὶ
3160 4673 3353 4761 yphon
3378 4666 3464 4761 καὶ
3501 4669 3698 4761 σηρωξοις

2124 4748 2396 4844 ὗφάσμασι
2445 4748 3017 4837 διετὲλεί,νάποκλείει
3067 4759 3125 4815 δὲ
3164 4759 3254 4813 καὶ
3300 4758 3393 4819 τὰς
3433 4748 3696 4844 ἐκκλησιαξ,

2116 4862 2212 4912 τοῦ
2246 4859 2319 4929 μή
2355 4878 2475 4911 τινα
2524 4855 2796 4927 εἷσφοιτᾷν
2854 4851 2904 4907 ἐν
2966 4850 3153 4912 αὐταῖς
3200 4847 3367 4921 εὐχῆς
3395 4832 3697 4932 turdi-,1)?"

2119 4958 2220 5020 Θρα
2371 4925 2626 5019 μοχλοὺς.
2670 4947 2787 5003 τοῖς
2835 4938 3079 4994 πυλῶσιν
3130 4925 3697 5020 ἐπιϐαλών.-Ιῇαἶξαῦτα

2121 5035 2213 5105 μὲν
2242 5036 2375 5089 κατὰ
2403 5035 2500 5103 τὴν
2544 5030 2835 5105 Ἀντιόχου
2892 5027 3055 5083 πόλιν
3088 5027 3115 5080 6
3145 5031 3241 5093 τῆς
3271 5018 3523 5085 ἀνατολῆς
3550 5009 3697 5083 ἅρχων

2119 5121 2417 5199 εἶργάζετο.
2620 5114 2625 5119 ’

1948 5374 2169 5429 NOTAE.

540 5590 661 5642 Vox
691 5585 813 5671 illa,
839 5601 907 5639 ex
928 5580 1078 5671 κάνη.
1099 5588 1158 5664 et
1186 5583 1331 5671 (ρὲρω
1363 5582 1708 5671 composita,
1725 5582 1892 5671 viros
1912 5580 2004 5671 vel

367 5653 651 5722 mulieres
681 5657 954 5729 designat
982 5654 1082 5728 qui
1130 5653 1287 5711 intra
1326 5669 1688 5728 paganorum
1721 5653 2001 5710 solemni-

2113 5584 2263 5634 tates
2321 5594 2391 5632 ea
2441 5594 2572 5648 qua;
2622 5577 2736 5633 diis
2783 5575 3084 5632 offerenda
3139 5574 3303 5628 erant
3355 5566 3411 5622 in
3454 5557 3686 5618 canistris

2109 5649 2443 5725 portabant.
2475 5651 2625 5708 EDIT.
