3964 6144
304 275 442 333 12⁸13

1644 287 1706 343 Β.
1745 287 2049 346 ΔΒΤΕΠΠ
2085 285 2350 344 PASSIO.

3543 285 3681 343 1271

369 401 463 455 24.
503 399 564 455 ’0
594 397 652 454 δὶ
683 397 938 476 βασιλεὺς
963 403 1266 468 Ἰουλιανὸς
1322 401 1402 459 ἔτι
1454 402 1590 459 κατὰ
1643 406 1743 473 τήν
1785 408 1929 462 Κων·

2123 411 2210 463 24.
2244 411 2568 480 Imperator
2594 411 2793 463 autem
2846 407 3114 464 Julianus
3169 409 3682 481 Constantinopoli

305 485 752 542 σταντινούπολιν
836 487 1042 546 διεῖλκέ
1093 513 1218 548 τινα
1275 492 1496 568 χρόνον,
1551 493 1620 546 τὰ
1675 492 1728 546 ἐν
1770 494 1940 569 ταύτῃ

297 574 563 647 κρατύνας
596 575 672 639 είς
700 577 850 650 [358]
880 576 1010 653 ὅπερ
1043 577 1322 652 ἐνομίζετο
1367 581 1601 653 μάλιστα
1657 582 1726 651 τῇ
1785 582 1938 655 βασι-

300 661 420 732 λείᾳ
441 665 755 738 συμφέρειν,
787 668 873 720 καὶ
911 668 1060 730 ὅπως
1093 669 1120 722 6
1179 667 1552 741 Ἑλληνισμὸς
1603 669 1750 741 αὐτῷ
1801 670 1939 744 πρὸς

300 751 363 804 τὸ
397 751 807 827 μεγαλειότερον
833 753 1029 828 ἐξαρθῇ
1057 761 1271 810 σκοπῶν
1321 779 1378 811 τε
1424 757 1514 810 καὶ
1563 757 1942 831 πραγματευό-

306 858 486 910 μενος’
561 841 692 914 ἄρας
743 842 834 896 οὗν
892 843 951 896 ἐκ
1003 851 1104 913 τῆς
1148 845 1769 908 Κωνσταντινουπόλεως
1845 845 1936 900 σὺν

298 927 455 981 παντί
486 933 564 1000 τῷ
595 935 804 1003 στρατῷ
832 938 930 1000 τήν
978 931 1066 986 ἐπὶ
1107 939 1203 1003 τῆς
1267 933 1464 1007 Συρίας
1523 933 1759 988 ἐποιεῖτο
1790 932 1936 993 ὁδόν.

300 1013 536 1070 Διελθὼν
567 1017 744 1072 τοίνυν
777 1018 985 1075 ἅπασαν
1042 1021 1143 1089 τήν
1187 1021 1453 1095 Φρυγίαν,
1510 1020 1598 1074 καὶ
1652 1021 1786 1095 πρὸς
1834 1023 1934 1090 τήν

297 1104 534 1175 ἐσχάτην
567 1105 732 1172 αὐτῆς
762 1107 923 1162 πόλιν
954 1109 1018 1163 τὸ
1073 1107 1415 1182 καλούμενον
1472 1107 1695 1163 Ἰκόνιον
1743 1130 1940 1164 καταν-

297 1199 491 1270 τήσας,
563 1196 796 1267 ἐξέκλινε
849 1201 949 1267 τήν
995 1200 1257 1274 Ἰσαυρίαν
1311 1199 1652 1268 καταλιπὼν,
1708 1201 1797 1255 καὶ
1847 1201 1939 1256 τὸν

299 1285 596 1361 Αεγόμενον
622 1288 829 1361 Ταῦρον
868 1283 1227 1363 ὑπεραναόὰς,
1260 1287 1424 1358 ἦλθεν
1477 1287 1564 1343 ἐπὶ
1604 1288 1697 1351 τὰς
1748 1287 1938 1352 πόλεις

294 1381 393 1444 τῆς
454 1373 728 1442 Κιλικίας,
771 1375 982 1448 καὶτῷ
1037 1381 1260 1449 σταθμῷ
1315 1374 1694 1452 προσπελάσας
1747 1383 1826 1450 τῷ
1882 1377 1934 1433 ἐν

295 1461 477 1535 Ἰσσῷ,
506 1461 673 1518 αὐτοῦ
704 1470 1053 1535 κατασκηνοῖ,
1109 1465 1199 1519 τὸν
1254 1463 1312 1519 ἐκ
1359 1463 1695 1530 Μακεδονίας
1746 1465 1938 1539 Ἀλέξ-

297 1548 492 1621 ανδρον
522 1558 925 1626 μιμησάμενος·
983 1552 1169 1617 αὐτόθι
1218 1553 1318 1630 γὰρ
1367 1554 1616 1616 κάκεῖνος
1670 1554 1722 1610 ἐν
1782 1557 1937 1628 Ἰσσῷ

296 1639 388 1694 τὸν
413 1640 548 1714 πρὸς
590 1645 809 1713 Δαρεῖον
853 1643 960 1695 τῶν
1020 1643 1238 1714 Περσῶν
1303 1639 1529 1714 βασιλέα
1578 1644 1936 1718 συνεκρότησε

297 1726 569 1800 πόλεμον,
625 1727 714 1782 καὶ
760 1733 951 1784 τοῦτον
1005 1731 1244 1799 νικήσας,
1307 1729 1572 1803 ἐπίσημον
1627 1732 1718 1786 τὸν
1765 1732 1934 1788 τόπον
1965 1772 2012 1837 Β

304 1814 370 1837 κιρ
425 1815 446 1837 1
563 1836 570 1837 κ
632 1817 690 1837 ,Π
757 1819 809 1837 *Α
937 1818 950 1836 ‘
1049 1819 1084 1837 il
1222 1819 1234 1835 ἴ
1374 1817 1412 1837 ος
1589 1817 1613 1837 δ
1796 1821 1806 1837 Ι

297 1814 602 1890 εἲργάσατο.
632 1817 867 1871 Ἐκεῖθεν
898 1818 988 1871 τὸν
1049 1819 1272 1874 Ἰσσικὸν
1324 1817 1532 1874 κόλπον
1585 1817 1933 1895 διαπεράσας,

295 1903 462 1973 ἦλθεν
488 1904 538 1958 ἐν
569 1907 779 1979 Ταρσοῖ
821 1909 888 1978 τῇ
919 1904 1103 1960 πόλει·
1162 1906 1406 1962 κάκεῖθεν
1462 1907 1541 1969 εἷς
1595 1909 1934 1984 Ἀντιόχειαν

294 1993 641 2066 θυμομαχῶν
671 1991 808 2047 κατὰ
834 1997 941 2047 τῶν
975 1995 1304 2066 Χριστιανῶν
1346 1995 1433 2050 καὶ
1467 1994 1933 2070 ἐπαπειλούμενος

291 2082 354 2135 τὸ
381 2079 591 2136 τούτων
619 2080 693 2142 εἷς
724 2078 859 2136 ἅπαν
893 2081 1188 2160 ἐξαλείφειν
1221 2081 1414 2156 ὄνομα.

366 2185 732 2244 κε“.Ἐλθόντι
761 2191 1049 2263 τοιγαροῦν
1103 2192 1184 2260 τῷ
1240 2191 1479 2264 τυράννῳ
1539 2189 1590 2246 ἐν
1627 2192 1935 2267 Ἀντιοχείᾳ

302 2279 370 2349 τῇ
401 2273 560 2330 πόλει
590 2275 677 2330 καὶ
709 2277 844 2350 πρὸς
874 2280 990 2337 τοῖς
1027 2275 1325 2351 βασιλείοις
1380 2277 1555 2343 οἷ’κοις
1581 2280 1932 2351 κατασκηνώ-

299 2386 471 2434 σαντι,
501 2364 586 2418 καὶ
623 2361 750 2419 οὐδὲ
778 2363 912 2438 πρὸς
947 2363 1156 2439 ἡμέραν
1195 2366 1320 2437 μίαν
1353 2368 1714 2442 ἡσυχάσαντι,
1761 2389 1935 2443 προσ-

294 2457 544 2528 ήχθησαν
580 2454 730 2525 αὐτῴ
762 2451 941 2527 ὥσπερ
976 2453 1080 2507 ἀπό
1131 2475 1274 2514 τινος
1321 2455 1772 2531 παραγγέλματος
1805 2455 1932 2512 δια-

297 2538 611 2614 ϐληθέντες,
645 2539 904 2616 Εὐγένιος
959 2542 1050 2596 καὶ
1104 2543 1385 2618 Μακάριος
1448 2539 1804 2618 πρεσϐύτεροι
1835 2553 1936 2616 τῆς

295 2631 347 2686 ἐν
402 2630 711 2705 ’Δντιοχείᾳ
785 2629 1112 2700 Ἐκκλησίας
1191 2631 1548 2707 ὑπάρχοντες·
1601 2632 1692 2695 οῦς
1724 2655 1933 2709 προκα-

293 2721 440 2784 θίσας
472 2719 558 2774 ἐπὶ
587 2723 682 2774 τοῦ
717 2720 987 2794 βήματος,
1045 2717 1291 2774 ἐκέλευσε
1340 2729 1670 2797 παραστῆναι
1730 2723 1757 2776 6
1811 2724 1933 2777 ἀλι-

292 2812 502 2884 τήριος,
530 2808 618 2863 καί
644 2829 769 2885 φησι
801 2809 936 2883 πρὸς
969 2807 1193 2870 αὐτούς’
1255 2809 1412 2871 Τίνες
1471 2809 1586 2864 ἐστέ
1632 2807 1932 2886 ἄνθρωποι,

295 2898 385 2952 καὶ
439 2897 598 2953 ποίου
661 2898 785 2972 βίου
841 2895 932 2950 καὶ
1015 2896 1192 2971 τύχης
1241 2897 1626 2972 τυγᾸάνοντες,
1687 2896 1776 2953 ἐπὶ
1836 2904 1934 2953 τοῦ

294 2988 558 3061 ἡμετέρον
653 2986 1013 3061 προσήχθητε
1088 2985 1336 3060 βήματος
1398 3006 1412 3053 ;
1490 2985 1749 3063 Εὖγένιος
1803 2985 1930 3066 ἔφη.

291 3073 605 3150 Χριστιανοί
634 3071 820 3146 ἐσμεν,
851 3071 941 3126 καί
1000 3079 1098 3142 τῆς
1154 3074 1389 3146 Χριστοῦ
1434 3073 1672 3147 ποίμνης
1700 3074 1934 3150 άγελάρ-

2049 498 2291 568 aliquod
2348 497 2630 568 temporis
2689 496 3050 563 morabatur,
3085 497 3145 549 in
3181 513 3248 550 ea
3291 498 3680 552 corroborans

2049 603 2179 656 quas
2211 585 2584 640 existimabat
2614 586 2868 640 maxime
2917 585 3182 640 conferre
3207 585 3280 639 ad
3312 585 3536 640 bonum
3567 586 3684 639 im-

2048 675 2218 745 perii,
2251 673 2544 744 simulque
2576 691 2789 728 curans
2819 680 2994 743 atque
3027 675 3226 727 omnia
3264 674 3585 745 disponens
3616 678 3683 728 ut

2047 763 2419 834 gentilismus
2451 763 2760 834 magnifice
2819 761 3219 816 extolleretur.
3252 764 3465 816 Postea
3494 764 3685 833 profe-

2049 856 2176 905 ctus
2234 851 2742 920 Constantinopoli
2797 867 2930 903 cum
2975 851 3248 904 universo
3300 852 3559 906 exercitu
3619 853 3680 905 in

2050 938 2275 1008 Syriam
2306 939 2418 991 iter
2447 937 2721 992 instituit.
2767 940 2877 991 Per
2907 942 3090 991 totam
3141 938 3316 1009 igitur
3369 939 3681 1011 Phrygiam

2048 1025 2367 1090 transiens,
2401 1043 2533 1080 cum
2574 1025 2646 1080 ad
2698 1032 3020 1080 extremam
3061 1026 3238 1096 hujus
3288 1027 3543 1098 regionis
3585 1044 3684 1082 ve-

2047 1113 2235 1168 nisset
2264 1113 2578 1178 civitatem,
2629 1130 2758 1184 quas
2797 1119 3036 1168 vocatur
3073 1114 3360 1182 Iconium,
3418 1115 3684 1171 declina-

2047 1202 2149 1268 vit,
2192 1202 2414 1256 omissa
2483 1202 2726 1256 Isauria.
2787 1203 2932 1256 Dein
2992 1208 3265 1272 superato
3336 1209 3535 1257 monte
3583 1205 3679 1258 cui

2046 1306 2265 1344 nomen
2288 1292 2531 1356 Taurus,
2567 1290 2816 1344 accessit
2871 1289 2943 1344 ad
3001 1289 3263 1344 civitates
3311 1291 3577 1357 Ciliciae;
3623 1296 3683 1346 et

2046 1383 2360 1448 postquam
2391 1379 2585 1449 attigit
2613 1378 2927 1432 stationem
2958 1395 3086 1448 qua:
3129 1382 3216 1432 est
3253 1377 3326 1432 ad
3355 1380 3565 1447 Issum,
3599 1379 3682 1434 ibi

2046 1473 2495 1522 castrametatus
2529 1473 2634 1536 est,
2685 1466 3083 1522 Alexandrum
3142 1467 3517 1523 Macedonem
3549 1468 3689 1523 imi-

2047 1561 2217 1610 tatus.
2265 1559 2409 1611 Nam
2465 1557 2575 1610 iste
2630 1573 2864 1627 quoque
2923 1572 3058 1610 cum
3105 1556 3298 1620 Dario,
3369 1557 3683 1612 Persarum

2044 1661 2202 1717 rege,
2235 1645 2359 1700 illic
2407 1646 2466 1701 in
2514 1647 2636 1701 Isso
2677 1646 2948 1717 przelium
3007 1646 3348 1716 commisit;
3379 1664 3494 1717 quo
3525 1647 3685 1701 devi-

2045 1737 2160 1800 cto,
2216 1734 2411 1788 locum
2469 1734 2728 1789 reddidit
2770 1734 3085 1806 insignem.
3168 1736 3345 1788 Porro
3413 1735 3680 1790 Julianus

2043 1821 2260 1876 isthinc
2289 1823 2536 1877 lssicum
2567 1823 2763 1876 sinum
2787 1822 3357 1889 traductus,Tarsum
3387 1824 3679 1878 civitatem

2039 1910 2217 1977 venit,
2277 1915 2453 1980 atque
2510 1911 2648 1964 hinc
2695 1910 3074 1964 Antiochiam
3132 1911 3281 1964 iram
3332 1910 3562 1981 spirans
3618 1911 3681 1966 in

2039 1999 2424 2068 Christianos,
2460 2015 2781 2070 eorumque
2812 2016 3031 2054 nomen
3063 2015 3125 2054 se
3162 2015 3407 2070 prorsus
3447 1999 3683 2055 deletu-

2038 2103 2171 2142 rum
2203 2087 2506 2142 minitans.

2106 2194 2196 2248 25.
2220 2195 2365 2250 Cum
2395 2195 2593 2265 itaque
2644 2194 3021 2250 Antiochiam
3063 2195 3326 2250 venisset
3364 2199 3678 2265 tyrannus,

2039 2281 2177 2335 etin
2199 2280 2440 2335 domum
2467 2281 2800 2335 divertisset
2830 2281 3298 2350 imperatoriam,
3331 2286 3390 2336 et
3440 2297 3515 2338 ne
3562 2296 3682 2335 una

2039 2369 2279 2439 quidem
2334 2370 2427 2424 die
2485 2369 2822 2439 quievisset,
2881 2369 3119 2424 adducti
3173 2374 3312 2424 sunt
3392 2369 3464 2424 ad
3519 2385 3677 2436 eum,

2039 2457 2205 2527 quasi
2238 2473 2306 2511 ex
2353 2457 2626 2512 condicto
2674 2457 2958 2524 accusati,
3024 2458 3319 2528 Eugenius
3376 2463 3434 2512 et
3488 2460 3682 2513 Maca-

2038 2547 2186 2609 rius,
2241 2545 2626 2601 Antiochense
2671 2545 2947 2600 Ecclesia
2992 2545 3346 2615 presbyteri.
3398 2547 3554 2609 Quos
3584 2562 3680 2600 se-

2039 2633 2185 2688 dens
2216 2651 2320 2704 pro
2353 2633 2636 2688 tribunali
2674 2633 2802 2687 sisti
2853 2633 3036 2702 jussit
3067 2632 3377 2698 scelestus,
3413 2631 3675 2702 dixitque

2039 2722 2124 2776 eis
2157 2738 2168 2775 :
2204 2723 2454 2786 Quinam
2485 2721 2625 2776 estis
2660 2737 2762 2775 vos
2793 2721 2822 2774 ?
2869 2721 3006 2784 Qua
3054 2719 3216 2774 vobis
3289 2720 3421 2774 vita;
3498 2721 3675 2788 ratio,

2039 2827 2170 2880 quas
2214 2827 2363 2877 sors,
2394 2815 2460 2863 ut
2499 2809 2572 2863 ad
2599 2813 2873 2863 nostrum
2905 2806 3284 2862 adducamini
3340 2807 3603 2862 tribunal
3649 2808 3678 2862 ?

2039 2898 2361 2969 Respondit
2389 2897 2686 2968 Eugenius
2719 2914 2733 2952 :
2767 2895 3084 2950 Christiani
3115 2910 3340 2963 sumus,
3375 2901 3433 2950 et
3457 2894 3674 2950 Christi

2037 2987 2228 3058 gregis
2257 2990 2522 3057 pastores
2553 3003 2567 3052 ;
2601 2986 2726 3040 hac
2747 2989 2953 3039 nostra
2972 2985 3102 3038 vitae
3135 2983 3306 3053 ratio,
3339 2984 3466 3038 haec
3519 3001 3673 3054 sors,

2039 3075 2150 3130 hoc
2189 3074 2544 3130 institutum.
2604 3076 2674 3127 Et
2722 3073 3081 3144 imperator:
3144 3071 3270 3141 Ubi,
3320 3071 3536 3142 inquit,
3584 3076 3676 3127 est

294 3131 300 3132 ,
341 3131 351 3150 ι
699 3131 709 3146 ,
807 3131 819 3142 .
1057 3131 1095 3142 ,ψ
1205 3131 1214 3146 .
1536 3131 1547 3147 ι
1627 3131 1669 3145 .-
1747 3131 1759 3149 ι
1874 3131 1882 3150 .

289 3184 384 3241 χαι
414 3164 775 3238 τυγχάνομεν·
805 3167 966 3217 τοῦτο
1002 3162 1122 3235 βίος
1156 3165 1292 3234 ἡμῖν
1338 3163 1428 3217 καὶ
1478 3162 1623 3238 τύχη
1678 3163 1768 3218 καὶ
1813 3162 1929 3218 ἐπι-

2041 3178 2180 3234 grex
2214 3162 2427 3217 Christi
2473 3163 2645 3234 cujus
2698 3131 2826 3216 vos.
2851 3166 3118 3232 pastores
3177 3131 3317 3214 estis
3345 3160 3372 3214 ?
3404 3131 3457 3208 ⁸‹‹
3517 3131 3676 3215 I)ixit

289 3251 556 3325 τήδευμα.
589 3251 687 3304 Καὶ
735 3252 762 3304 6
815 3251 1089 3324 βασιλεύςο
1155 3251 1226 3304 Οὗ
1310 3251 1491 3306 τοίνυν
1547 3251 1686 3307 ἐστὶν
1746 3254 1780 3322 ἡ
1837 3258 1933 3308 τοῦ

292 3346 532 3416 Χριστοῦ
562 3340 802 3414 ποίμνην
835 3340 900 3409 ἧς
934 3342 1088 3414 ὑμεῖς
1118 3339 1422 3416 ἀγελάρχαι
1481 3343 1798 3415 τυγχάνετες
1833 3328 1930 3398 Καἱ

289 3433 316 3486 ὁ
345 3429 621 3505 Εὐγένιος’
703 3435 852 3483 Πᾶσα
910 3431 944 3497 ἢ
1005 3430 1302 3502 οἰκουμένη
1363 3429 1492 3500 ὅσην
1529 3432 1678 3504 [359]
1709 3430 1736 3484 ὁ
1765 3428 1928 3499 ἥλιος

295 3520 483 3596 ἐρορᾷ,
516 3517 606 3573 καὶ
637 3519 754 3573 ὅσοι
799 3517 887 3572 ἐπὶ
945 3518 1146 3588 ταύτης
1201 3517 1331 3573 εἰσὶν
1391 3515 1684 3590 ἅνθρωποι.
1746 3517 1842 3574 Καὶ
1900 3519 1928 3573 6

292 3606 608 3668 Ἰουλιανός·
641 3607 833 3678 Ἡμεῖς
866 3602 922 3659 δὲ
955 3606 1115 3660 τίνων
1177 3603 1419 3680 ἄρχομεν
1471 3605 1559 3660 καὶ
1612 3607 1773 3661 τίνων
1830 3607 1928 3678 σή-

297 3715 460 3769 μερον
499 3692 886 3768 βασιλεύομεν,
935 3691 979 3746 ὦ
1023 3692 1374 3767 ταλαίπωρον
1425 3694 1514 3748 καὶ
1569 3691 1928 3769 δυστυχέστα-

287 3804 380 3837 τον
411 3782 815 3857 ἀνθρωπάριον,
849 3779 894 3834 εί
929 3780 1059 3849 ὅσην
1095 3783 1122 3835 6
1152 3780 1318 3850 ἣλιος
1349 3780 1515 3860 ἐφορᾷ
1563 3785 1660 3858 γῆν
1711 3784 1739 3836 ὁ
1795 3785 1926 3856 Χρι-

291 3872 414 3935 στὸς
442 3869 682 3943 ποίμνην
721 3871 977 3938 κέκτηται
1013 3889 1027 3938 ;
1062 3869 1164 3926 Καὶ
1223 3871 1252 3924 ὁ
1287 3870 1512 3944 μάρτυς·
1570 3872 1681 3938 Τῆς
1735 3869 1924 3942 αὐτῆς,

294 3961 338 4014 ὧ
373 3957 616 4035 βασιλεῦ,
687 3959 775 4013 καὶ
837 3957 1076 4030 ποίμνης
1161 3957 1253 4011 καὶ
1335 3955 1537 4031 ἀγέλης
1603 3959 1925 4028 ἐπιστατεῖς,

295 4053 466 4124 ἧσπερ
496 4048 584 4101 καὶ
631 4048 796 4118 ἡμεῖς
855 4044 1158 4119 ἀγελάρχαι
1214 4044 1575 4120 τυγχάνομεν·
1637 4043 1705 4100 δι’
1763 4046 1926 4101 αὐτοῦ

294 4142 396 4215 γὰρ
455 4133 695 4212 βασιλεῖς
747 4131 1142 4209 βασιλεύουσιν,
1221 4132 1309 4187 καὶ
1365 4132 1614 4208 τύραννοι
1671 4138 1924 4208 κρατοῦσι

290 4235 415 4303 γῆς,
447 4226 536 4280 καὶ
568 4222 729 4284 αὐτός
761 4243 844 4277 σοι
875 4221 936 4275 τὸ
977 4219 1252 4293 βασίλειον
1287 4223 1525 4296 σήμερον
1574 4219 1793 4278 δέδωκεο
1826 4224 1922 4277 κᾶν

290 4314 448 4375 αὐτὸς
505 4311 799 4387 ἀχάριστος
853 4309 974 4384 περὶ
1029 4311 1119 4364 τὸν
1203 4309 1484 4385 εὐεργέτην
1557 4308 1778 4385 ἐφάνης·
1837 4310 1926 4365 aii-

293 4424 406 4478 ριον
441 4399 498 4456 δὲ
523 4400 686 4456 πάλιν
715 4397 870 4472 ἄλλῳ
900 4398 1008 4453 τινὶ
1061 4396 1242 4455 δώσει.
1303 4399 1610 4474 Ἐφήμερος
1668 4399 1768 4474 γὰρ
1853 4401 1920 4469 εἴ,

2039 3251 2334 3322 Eugenius
2368 3266 2381 3304 :
2412 3250 2726 3305 Universus
2757 3255 3048 3304 terrarum
3092 3248 3274 3315 orbis,
3333 3247 3526 3319 quoad
3586 3247 3674 3302 la-
3712 3301 3718 3310 ,

2039 3338 2265 3392 tissime
2299 3353 2434 3392 eum
2465 3336 2676 3408 aspicit
2707 3336 2817 3403 sol,
2846 3340 2905 3391 et
2931 3352 3138 3391 omnes
3170 3335 3270 3406 qui
3310 3335 3372 3389 in
3423 3351 3488 3389 eo
3535 3339 3674 3390 sunt

2037 3425 2330 3480 homines.
2405 3428 2474 3480 Et
2509 3425 2827 3480 Julianus:
2878 3427 2991 3479 Nos
3049 3429 3245 3478 autem
3315 3423 3672 3492 quibusnam

2035 3530 2388 3583 prmsumus,
2420 3517 2480 3568 et
2507 3514 2569 3567 in
2601 3529 2748 3583 quos
2770 3512 2944 3567 hodie
2966 3529 3306 3567 exercemus
3327 3511 3666 3582 imperium,

2035 3618 2068 3655 o
2100 3601 2303 3656 infelix
2330 3606 2391 3656 tu
2440 3605 2498 3655 et
2521 3601 2852 3656 miserrime
2883 3601 3220 3667 homuncio,
3255 3600 3302 3654 si
3333 3599 3668 3654 universam

2035 3708 2212 3762 quam
2232 3691 2318 3746 sol
2343 3690 2554 3761 aspicit
2582 3696 2796 3745 terram
2819 3689 3084 3744 Christus
3109 3705 3342 3761 gregem
3364 3687 3671 3759 possidet?

2032 3784 2192 3836 Tunc
2221 3787 2445 3850 martyr
2477 3780 2715 3836 :Eidem
2771 3780 2952 3852 gregi,
3006 3780 3347 3850 imperator,
3381 3783 3438 3833 et
3465 3776 3669 3848 pecori

2033 3887 2242 3940 pra-es,
2275 3869 2445 3940 cujus
2485 3873 2543 3924 et
2597 3885 2706 3924 nos
2744 3873 3011 3940 pastores
3058 3883 3284 3922 sumus.
3331 3869 3444 3922 Per
3497 3867 3670 3921 Chri-

2034 3963 2191 4013 stum
2219 3959 2377 4013 enim
2408 3973 2575 4030 reges
2600 3962 2868 4029 regnant,
2894 3961 2952 4012 et
2979 3961 3251 4027 potentes
3283 3956 3668 4011 dominantur

2033 4048 2095 4101 in
2125 4053 2299 4102 terra.
2331 4048 2462 4117 Ipse
2484 4061 2720 4116 quoque
2743 4045 2916 4100 hodie
2952 4045 3057 4098 tibi
3108 4043 3270 4099 dedit
3324 4043 3662 4113 imperium.

2032 4135 2197 4200 Quod
2227 4135 2275 4188 si
2306 4135 2600 4206 ingratum
2615 4139 2668 4188 te
2680 4133 3006 4203 praebueris
3037 4149 3174 4204 erga
3201 4131 3662 4202 benefactorem,

2032 4239 2161 4278 cras
2191 4239 2426 4276 rursum
2458 4221 2606 4276 illud
2636 4221 2806 4276 alteri
2838 4220 3222 4275 dabit.Unius
3247 4220 3407 4275 enim
3429 4219 3545 4274 diei
3573 4237 3660 4289 es,

2032 4316 2090 4367 et
2118 4312 2192 4365 iis
2222 4327 2379 4365 nunc
2402 4310 2658 4380 imperas
2687 4309 2787 4379 qui
2815 4314 2954 4364 sunt
2989 4308 3167 4364 unius
3225 4307 3363 4364 diei.
3395 4308 3660 4364 Christus

2029 4417 2164 4456 vero
2194 4398 2620 4470 sempiternum
2649 4397 2914 4469 possidet
2941 4413 3210 4470 regnum,
3262 4395 3420 4468 quod
3477 4397 3659 4452 linem

288 4493 374 4548 καὶ
427 4490 714 4562 ἐφημέρων
765 4491 854 4541 νῦν
917 4485 1237 4562 βασιλεύεις·
1297 4487 1460 4548 αὐτὸς
1518 4485 1576 4542 δὶ
1624 4489 1724 4557 τήν
1761 4488 1916 4563 βασι-

2040 4504 2335 4560 nunquam
2367 4487 2638 4558 accipiet.

288 4581 438 4638 λείαν
466 4578 686 4633 αἰώνιον
727 4576 1007 4647 κέκτηται,
1064 4574 1153 4628 καὶ
1211 4577 1377 4650 πέρας
1432 4572 1646 4630 οὐδέπω
1704 4571 1919 4650 λαμϐά-

285 4689 498 4728 νουσαν.

355 4773 572 4837 κς’.1(αὶ
603 4773 631 4827 6
664 4764 1010 4846 Παραϐατης·
1063 4767 1272 4824 ’Λνόσιε
1327 4768 1417 4822 καὶ
1469 4773 1570 4834 τῆς
1618 4774 1726 4825 τῶν
1785 4771 1919 4824 θεῶν

288 4863 562 4936 εὐμενείας
593 4859 875 4935 άλλότριε,
924 4856 1116 4932 χθιζὸς
1165 4854 1239 4909 ὥν
1299 4857 1328 4910 ὁ
1381 4857 1618 4930 Χριστὸς
1667 4860 1756 4911 καί
1788 4857 1920 4934 ﬁtP-4-

295 4973 480 5028 μερος,
537 4951 640 5005 κᾶκ
691 4953 797 5003 τῶν
851 4950 949 5000 τοῦ
1023 4944 1290 5019 Καίσαρος
1344 4943 1657 5019 Αὐγούστου
1707 4945 1918 5018 χρόνων

291 5041 613 5117 ἀρξάμενος,
647 5037 866 5098 αἶ’ώνιος
917 5030 1171 5106 βασιλεὺς
1231 5033 1332 5086 ὑπὸ
1391 5036 1486 5086 σοῦ
1534 5033 1923 5108 κεχειροτόνη-

289 5150 378 5184 ται
410 5131 697 5200 σήμερον;
747 5123 854 5180 Καὶ
886 5121 914 5176 ό
977 5121 1201 5198 μάρτυς’
1253 5120 1358 5176 Ναὶ
1413 5120 1550 5175 κατὰ
1594 5122 1656 5175 τὸ
1714 5122 1920 5194 ἀνθρώ-

291 5235 446 5270 πινον
478 5213 568 5269 καὶ
605 5213 668 5267 τὸ
698 5219 799 5280 τῆς
854 5209 1126 5288 ἀφράστου
1177 5208 1266 5264 καὶ
1304 5207 1543 5284 ἀρῥήτου
1603 5207 1921 5283 οἰκονομίας

288 5303 454 5360 αὐτοῦ
487 5302 806 5375 μυστήριον,
853 5299 949 5353 εἶτ’
1007 5299 1096 5353 οὗν
1151 5297 1492 5374 σαρκώσεως,
1553 5295 1724 5361 οὕτως
1779 5295 1919 5374 ἔχει,

291 5393 538 5472 βασιλεῦ,
571 5388 686 5444 ἐπεὶ
724 5389 860 5443 κατὰ
895 5388 994 5457 τὴν
1039 5387 1181 5452 θείαν
1235 5388 1401 5443 αὐτοῦ
1455 5387 1546 5443 καὶ
1587 5389 1918 5462 προαιώνιον

284 5483 533 5560 γέννησιν
565 5475 741 5539 οὐδεὶς
780 5475 1122 5560 εὐρεθήσεται
1151 5477 1352 5552 γρόνος
1384 5476 1412 5532 ὀ
1451 5476 1652 5549 ταύτης
1701 5479 1917 5553 ὑπέρτε-

283 5593 398 5657 ρος.
460 5565 560 5625 Καὶ
636 5565 664 5624 ὀ
724 5559 1047 5642 Παραϐατης
1101 5564 1332 5643 νομίσαν
1387 5563 1704 5623 ἀπαίδευτον
1782 5565 1917 5624 εἶναί

2098 4777 2185 4828 26.
2220 4772 2481 4844 Subjecit
2500 4773 2779 4844 Apostata
2813 4789 2825 4826 :
2854 4771 3036 4844 Impie
3094 4776 3153 4826 et
3206 4786 3241 4826 a
3287 4771 3532 4825 deorum
3562 4768 3659 4822 be-

2028 4861 2363 4915 nevolentia
2400 4861 2614 4929 aliene,
2637 4877 2770 4915 cum
2830 4862 3142 4915 hesternus
3174 4859 3250 4913 sit
3305 4858 3571 4912 Christus
3603 4861 3662 4912 et

2028 4951 2206 5004 unius
2229 4949 2366 5018 diei,
2405 4966 2472 5004 ac
2521 4951 2765 5005 Caesaris
2817 4951 3059 5023 Augusti
3110 4955 3372 5018 tempore
3428 4947 3660 5002 exstite-

2028 5039 2124 5104 rit,
2158 5037 2430 5108 nunquid
2486 5038 2880 5109 sempiternus
2936 5055 3037 5092 rex
3087 5043 3212 5092 ate
3261 5041 3493 5092 creatus
3568 5040 3659 5091 est

2029 5125 2259 5180 hodie?
2314 5127 2384 5179 Et
2437 5131 2661 5196 martyr
2703 5143 2717 5180 :
2773 5127 3003 5196 Utique,
3060 5125 3276 5196 inquit,
3326 5124 3657 5180 secundum

2028 5214 2458 5270 humanitatem
2511 5219 2568 5268 et
2647 5214 2963 5269 ineffabilia
3010 5219 3185 5285 atque
3237 5213 3656 5270 inenarrabilis

2027 5304 2488 5375 dispensationis
2535 5305 2660 5375 ejus
2699 5321 2803 5359 seu
2849 5305 3045 5360 carnis
3095 5310 3382 5377 suscepta
3436 5309 3656 5376 myste-

2026 5394 2202 5462 rium,
2235 5394 2318 5448 ita
2345 5410 2441 5448 res
2471 5392 2668 5460 habet,
2699 5391 3022 5464 imperator
3050 5413 3065 5464 ;
3124 5393 3229 5449 sed
3283 5393 3478 5465 quoad
3529 5392 3657 5464 ejus

2027 5481 2284 5537 divinam
2313 5487 2372 5537 et
2417 5497 2549 5552 quae
2606 5485 2741 5535 ante
2788 5482 3005 5539 saacula
3059 5487 3148 5537 est
3192 5482 3654 5554 generationem,

2025 5570 2257 5628 nullum
2316 5569 2650 5628 invenietur
2698 5574 2929 5647 tempus
3007 5588 3078 5628 ea
3150 5571 3442 5644 superius.
3501 5571 3654 5644 Apog
