3964 6144
392 220 540 309 ἱῖτὶς

1899 228 2267 303 ὼοιιωλ.

3594 224 3729 308 ‘um

401 380 552 432 stata
581 373 923 432 existimans
952 374 1163 431 Christi
1194 378 1514 446 martyrem
1562 371 1852 429 incultum
1902 387 2029 427 esse

2160 387 2257 422 τινα
2286 364 2376 423 τὸν
2403 371 2498 422 τοῦ
2540 368 2771 444 Χριστοῦ
2816 363 3079 443 μάρτυρα,
3134 362 3223 420 καὶ
3281 372 3378 436 τῆς
3432 365 3729 443 Ἑλληνικῆς

408 466 748 537 quempiam
778 470 834 520 et
861 465 1095 537 gentilis
1146 464 1495 519 eruditionis
1554 468 1870 534 expertem,
1905 462 2042 515 irri-

410 552 556 608 dens
602 553 748 607 dixit
796 554 846 608 ei
902 570 913 606 :
966 555 1133 624 Ergo,
1195 552 1421 618 infelix,
1453 553 1719 606 Christus
1766 556 1902 604 tuus
1950 548 2040 603 bis

411 642 522 696 fuit
551 642 1015 714 generatus?Et
1072 642 1117 695 si
1168 641 1407 711 quidem
1462 642 1522 695 in
1581 641 1690 694 hoc
1746 638 2038 711 gloriaris,

415 734 553 784 sunt
578 735 635 784 et
656 729 809 801 apud
839 730 1068 783 Graecos
1098 729 1203 782 viri
1244 728 1686 800 sapientissimi,
1710 744 1828 782 non
1849 726 2039 780 solum

413 816 504 871 bis
532 816 632 872 sed
673 818 849 871 etiam
882 822 969 870 ter
1015 818 1296 888 generati.
1331 817 1651 871 Mercurius
1711 815 1890 881 enim,
1941 814 2040 884 qui

414 905 865 977 cognominatur
886 906 1321 977 Trismegistus,
1354 905 1613 960 tervenit
1641 905 1701 958 in
1731 902 2039 970 mundum,

410 994 691 1064 suiipsius
744 995 1038 1062 conscius,
1096 999 1161 1049 ut
1207 993 1358 1048 sacri
1439 994 1565 1064 ejus
1625 1010 1691 1047 ac
1739 990 2040 1046 mirabiles

406 1081 673 1136 referunt
718 1081 878 1151 libri,
938 1086 995 1136 et
1042 1080 1260 1136 idcirco
1317 1081 1727 1153 Trismegistus
1781 1083 2039 1134 vocatur.

411 1170 597 1224 Simili
637 1169 811 1224 modo
866 1171 1244 1241 Pythagoras,
1296 1170 1578 1223 Mercurio
1629 1173 1796 1222 aetate
1847 1170 2044 1237 poste-

390 1258 551 1324 .rior,
584 1258 709 1328 ipse
741 1275 973 1329 quoque
1005 1264 1094 1312 ter
1122 1259 1281 1312 venit
1326 1257 1398 1311 ad
1442 1258 1640 1324 vitam,
1690 1257 1880 1327 primo
1913 1253 2045 1324 qui-

410 1344 544 1400 dem
584 1345 897 1402 nauclerus
926 1347 1245 1418 .‘Egyptius,
1279 1345 1415 1399 dein
1446 1345 1793 1416 Euphorbus
1825 1344 1894 1398 de
1927 1360 2042 1413 quo

378 1434 566 1505 apud
627 1436 962 1504 Homerum,
1024 1441 1322 1506 postremo
1380 1440 1577 1489 autem
1663 1433 2042 1505 Pythagoras,

407 1523 733 1579 Mnesarchi
766 1525 946 1594 ﬁlius,
980 1524 1230 1579 Samius.

477 1689 566 1741 2‘1.
600 1686 670 1740 Et
697 1691 922 1758 martyr
951 1686 1204 1741 irridens
1254 1702 1439 1757 nugas
1489 1700 1592 1740 seu
1644 1684 1841 1755 potius
1888 1682 2040 1737 face-

412 1776 524 1830 tias
556 1776 769 1830 eruditi
800 1775 1173 1845 imperatoris
1191 1780 1366 1845 atque
1398 1774 1713 1845 impiorum
1731 1772 2040 1846 gentilium

416 1861 829 1931 deliramenta,
864 1864 1195 1934 suspicatus
1224 1879 1359 1917 vero
1389 1868 1706 1933 tyrannum
1728 1862 1819 1915 his
1850 1859 2042 1914 verbis

384 1951 628 2006 Christi
685 1952 1127 2023 generationem
1198 1950 1581 2006 deridendam
1639 1949 1901 2021 praebere
1954 1964 2049 2001 γοα

412 2039 617 2106 luisse,
681 2057 878 2095 severe
928 2040 1275 2109 fortiterque
1326 2040 1635 2110 reposuit:
1681 2035 2049 2107 Oportuisset

388 2125 598 2181 .velab
651 2126 822 2181 initio
848 2143 958 2181 nec
999 2126 1360 2197 respondere
1416 2126 1547 2193 tibi,
1606 2124 2044 2191 scelestissime,

409 2230 521 2269 nec
550 2214 947 2285 qualicunque
975 2214 1320 2269 defensione
1362 2220 1416 2268 te
1466 2213 1693 2285 dignari
1727 2231 1740 2280 ;
1775 2212 1877 2269 sed
1907 2229 2048 2283 pro-

392 2307 547 2373 pter
603 2307 894 2357 astantem
961 2303 1216 2372 turbam,
1268 2303 1407 2372 quia
1454 2302 1526 2357 de
1609 2302 1822 2356 Christi
1875 2317 2045 2373 grege

390 2390 680 2461 plerique
739 2395 895 2459 sunt,
964 2391 1083 2445 dixi
1140 2407 1507 2462 quascunque
1576 2390 1714 2456 dixi,
1776 2394 1834 2444 et
1888 2406 2047 2444 nunc

412 2496 600 2551 pauca
647 2482 858 2549 dicam,
897 2480 969 2537 de
1001 2498 1203 2537 eorum
1235 2482 1423 2537 salute
1456 2480 1765 2536 sollicitus.
1816 2480 2052 2534 Scilicet

412 2570 708 2625 Christum
731 2571 802 2626 ab
824 2571 942 2625 alto
973 2576 1308 2641 repetentes
1340 2570 1542 2624 multis
1559 2573 1695 2624 ante
1726 2569 2049 2641 generatio-

411 2658 587 2715 nibus
618 2660 919 2731 prophetaa
975 2659 1538 2730 praanuntiaverunt,
1588 2658 1892 2728 multaque
1951 2672 2051 2710 oc-

415 2753 662 2801 currunt
690 2748 975 2802 adventus
1007 2748 1135 2819 ejus
1165 2747 1505 2801 testimonia
1533 2746 1594 2800 in
1628 2745 1838 2801 vestris
1872 2745 2049 2799 etiam

414 2835 670 2889 oraculis
700 2839 756 2889 et
786 2835 845 2889 in
898 2835 1064 2890 libris
1115 2835 1440 2907 Sibyllinis.
1508 2836 1578 2889 Et
1618 2832 2048 2889 incarnationis

392 2923 546 2994 -ejus
572 2939 747 2978 causa
776 2922 887 2978 fuit
915 2924 1077 2979 salus
1142 2929 1201 2977 et
1252 2924 1547 2995 reparatio
1581 2923 1841 2977 hominis
1873 2921 2045 2992 lapsi.

418 3013 562 3066 Cum
593 3014 751 3067 enim
780 3013 1038 3069 venisset
1095 3014 1155 3068 in
1186 3019 1426 3081 terram,
1478 3030 1716 3068 omnem
1771 3012 2047 3068 morbum

417 3101 662 3172 expulit,
698 3107 755 3157 et
782 3103 941 3173 quod
988 3102 1341 3170 mirabilius,
1376 3102 1549 3157 verbo
1572 3107 1834 3157 mortuos
1860 3102 2045 3156 susci-

416 3190 560 3243 tavit
582 3189 833 3245 fetentes
874 3191 1077 3261 ;quod
1130 3208 1262 3245 vero
1319 3191 1585 3245 omnium
1635 3190 1889 3245 maxime
1938 3195 2054 3244 stu-

416 3277 679 3348 pendum
738 3283 844 3345 est,
921 3296 1025 3349 pro
1085 3278 1292 3333 mundi
1347 3279 1535 3334 salute
1602 3295 1809 3350 passus
1861 3278 2053 3332 crucis

418 3369 802 3435 tormentum,
831 3367 1154 3421 resurrexit
1210 3367 1386 3421 tertia
1431 3368 1524 3421 die
1580 3383 1613 3421 a
1659 3366 1929 3433 mortuis,
1988 3371 2055 3421 ut

398 3458 718 3509 [testantur
764 3455 1071 3526 quingenti
1128 3455 1423 3523 homines,
1477 3454 1765 3509 militibus
1818 3471 2051 3525 quoque

420 3542 886 3599 custodientibus
918 3544 1278 3615 sepulcrum,
1300 3562 1375 3599 ne
1405 3546 1619 3599 rimam
1646 3545 1937 3599 inveniret
1953 3544 2053 3615 qui

422 3633 599 3687 vellet
662 3633 789 3703 ejus
838 3635 1333 3689 resurrectionem
1372 3634 1743 3689 calumniari.
1800 3636 1869 3687 Et
1918 3649 2052 3688 cum

400 3711 775 3776 surrexisset
804 3738 838 3777 a
867 3722 1137 3792 mortuis,
1163 3723 1321 3777 visus
1352 3728 1442 3776 est
1496 3738 1530 3776 a
1576 3722 1883 3793 discipulis
1932 3721 2054 3775 suis

421 3826 528 3879 per
554 3810 813 3880 integros
846 3809 971 3863 dies
1001 3810 1389 3881 quadraginta
1418 3826 1553 3865 cum
1591 3811 1711 3865 illis
1734 3826 2053 3865 conversa-

396 3901 517 3950 ‘tus
547 3915 561 3963 ;
596 3902 653 3951 et
676 3896 1010 3951 videntibus
1041 3903 1219 3968 atque
1259 3898 1681 3968 aspicientibus
1732 3899 1898 3968 ipsis,
1932 3898 2056 3953 ele-

400 3989 585 4037 Natus
630 3988 717 4037 est
770 3983 832 4038 in
880 3983 1113 4051 coelum,
1166 3983 1485 4039 demittens
1541 3984 1601 4039 in
1647 3999 1747 4038 eos
1806 3984 2055 4055 Spiritus

402 4071 608 4128 -sancti
630 4072 851 4127 donum
880 4077 938 4126 et
956 4072 1228 4127 virtutem
1260 4090 1272 4127 :
1305 4073 1386 4127 ita
1414 4078 1481 4127 ut
1507 4080 1565 4128 et
1592 4073 2055 4145 alienigenarum

406 4160 638 4231 linguis
667 4160 1070 4230 loquerentur,
1102 4178 1213 4216 nec
1233 4177 1380 4233 opus
1396 4161 1684 4217 haberent
1709 4163 2053 4233 interprete.

426 4247 798 4319 Loquebatur
827 4248 985 4303 enim
1017 4248 1078 4304 in
1128 4251 1212 4305 eis
1239 4250 1489 4321 Spiritus
1538 4256 1797 4320 sanctus,
1856 4252 1938 4306 ita
1992 4256 2058 4305 ut

426 4341 485 4392 et
502 4337 700 4393 futura
719 4336 1130 4409 praeviderent,
1164 4343 1221 4393 et
1254 4340 1679 4409 prophetarent
1708 4355 1838 4411 quae
1873 4356 2055 4394 even-

425 4430 557 4480 tura
578 4430 793 4481 essent.
826 4427 931 4491 Qui
1008 4425 1248 4497 quidem
1312 4427 1530 4498 egressi
1591 4428 2135 4506 praedicaverunt!)

425 4530 559 4569 cum
589 4514 828 4586 ubique,
851 4514 1002 4569 nihil
1041 4531 1239 4570 secum
1272 4515 1528 4570 ferentes
1584 4520 1799 4585 praater
1867 4516 2053 4571 solam

424 4602 555 4674 ejus
576 4602 933 4659 invisibilem
964 4604 1275 4671 virtutem;
1299 4620 1418 4659 non
1448 4604 1741 4675 clypeum,
1774 4620 1893 4659 non
1924 4605 2058 4659 lan-

424 4708 614 4761 ceam,
645 4708 766 4748 non
795 4692 1057 4765 gladium
1077 4696 1371 4758 tenentes,
1422 4691 1524 4747 sed
1576 4691 1741 4760 nudi,
1800 4693 2059 4748 inermes

433 4784 492 4834 et
519 4795 809 4851 pauperes
840 4777 1129 4835 mundum
1161 4783 1445 4849 ceperunt
1498 4779 1859 4849 universum,
1907 4798 2059 4836 mor-

425 4871 558 4921 tuos
598 4868 941 4934 excitantes,
1001 4866 1267 4937 leprosos
1314 4866 1691 4934 mundantes,
1768 4868 2060 4924 daemonia

428 4954 753 5025 ejicientes.
778 4957 849 5010 Et
890 4956 1015 5011 haec
1045 4954 1293 5026 quinam
1347 4954 1660 5011 fecerunt?
1704 4957 2056 5023 Piscatores,

427 5044 701 5101 homines
733 5046 919 5118 ignari
951 5046 1282 5103 litterarum
1315 5050 1372 5101 et
1400 5045 1715 5101 mundanae
1755 5047 2056 5118 sapientiae

430 5139 713 5188 exsortes.

494 5368 585 5425 28.
608 5370 762 5435 Quos
784 5384 916 5423 vero
972 5368 1098 5439 ipse
1146 5367 1447 5438 induxisti,
1509 5365 1785 5424 deridens
1844 5367 2058 5425 Christi

427 5458 889 5531 generationem,
912 5458 1066 5512 viros
1088 5458 1383 5529 sapientes
1426 5461 1483 5511 et
1512 5456 1762 5524 divinos,
1794 5463 1862 5514 ut
1882 5458 2057 5515 modo

428 5566 530 5606 eos
558 5547 799 5620 vocasti,
830 5546 1061 5605 etiamsi
1088 5546 1363 5603 daremus
1382 5562 1515 5602 vera
1537 5545 1719 5603 fuisse
1752 5548 1879 5605 haec
1909 5548 2057 5605 deli~

2149 457 2337 533 σοφίας
2416 457 2711 531 ἀμέτοχον,
2796 454 3168 530 διαχλευάζων
3242 452 3340 532 ἔφη
3393 458 3521 531 πρὸς
3573 461 3721 517 αὐτόν’

2149 548 2383 616 Οὐκοῦν,
2418 545 2461 599 ὦ
2490 546 2828 620 ταλαίπωρε,
2862 548 2889 599 6
2946 545 3185 619 Χριστός
3218 566 3310 600 σου
3356 542 3433 608 δὶς
3488 548 3577 621 ἄρα
3601 552 3725 624 γεγὲ-

2147 657 2304 705 νηται
2342 654 2355 703 ;
2390 635 2486 688 Καὶ
2529 636 2573 689 εἶ
2624 634 2711 690 ἐπὶ
2754 634 2930 707 τούτῳ
2985 634 3301 707 κομπάζεις,
3360 634 3455 688 εἶσὶ
3499 637 3577 689 καὶ
3626 642 3724 709 παρ’

2149 724 2413 795 Ἕλλησιν
2447 722 2635 798 ἄνδρες
2666 724 2969 799 σοφώτατοι
3004 722 3064 777 οὐ
3102 722 3263 795 μόνον
3301 720 3380 784 δὶς
3413 727 3724 797 γεννηθεντες,

2151 811 2295 868 ἀλλὰ
2350 814 2437 866 καὶ
2485 812 2623 889 τρίς·
2681 812 2711 867 6'
2786 833 2844 867 τε
2900 814 3002 886 γάρ
3048 814 3261 883 Ἐρμῆς
3314 812 3339 864 6
3393 815 3725 889 Τρισμὲγιστος

2150 901 2604 975 ἐπικαλούμενος,
2635 902 2817 977 τρίτον
2860 902 3027 970 ἦλθεν
3083 899 3135 955 ἐν
3185 900 3393 973 κόσμῳ,
3426 901 3592 957 ἑαυτὸν
3636 903 3731 959 ἔπι-

2148 991 2330 1067 γνοὺς,
2359 992 2537 1055 καθὼς
2577 992 2632 1045 αἱ
2678 990 2817 1067 ἱεραὶ
2875 990 3038 1045 αὐτοῦ
3103 991 3193 1044 καὶ
3255 990 3530 1062 θαυμάσιαι
3582 987 3730 1066 βίϐλοι

2152 1076 2661 1153 διαγορεύουσι,καὶ
2710 1076 2800 1133 διὰ
2854 1082 3014 1134 τοῦτο
3070 1076 3453 1153 Τρισμὲγιστος
3510 1076 3731 1152 ὀνομάζε-

2149 1189 2257 1226 ται.
2290 1168 2532 1241 Ὁμοίως
2566 1166 2622 1223 δὲ
2650 1167 2740 1223 καὶ
2772 1168 3091 1243 Πυθαγόρας
3115 1170 3264 1240 [360]
3310 1169 3337 1221 6
3390 1165 3572 1222 τούτου
3601 1189 3730 1240 μετα-

2150 1258 2479 1332 γενέστερος,
2510 1256 2599 1311 καὶ
2634 1256 2794 1319 αὐτὸς
2814 1258 2996 1333 τρίτον
3038 1256 3202 1325 ἦλθεν
3231 1254 3282 1310 ἐν
3344 1256 3463 1330 βίῳ·
3515 1258 3730 1332 πρότερον

2156 1348 2250 1419 μὲν
2276 1346 2573 1421 Αἲγῦπτιος
2594 1348 2835 1422 γεγονὼς
2867 1346 3202 1422 ναύκληρος,
3264 1342 3441 1401 ἔπειτα
3485 1344 3528 1401 δ’
3560 1344 3734 1422 Εὔφορ-

2153 1429 2249 1497 ϐος
2283 1436 2311 1490 6
2344 1437 2429 1513 ὑφ’
2458 1437 2706 1511 Ὀμήρου
2769 1436 3273 1508 μνημονευόμενος,
3304 1433 3522 1510 ἔσχατον
3575 1432 3624 1489 δὶ
3648 1441 3731 1489 Πυ-

2154 1526 2386 1600 θαγόρας
2407 1524 2746 1599 Μνησάρχου
2767 1525 2903 1591 υἱὸς,
2924 1525 3150 1598 Σάμιος.

2223 1632 2319 1700 κζ’.
2356 1631 2459 1687 Καὶ
2505 1632 2532 1686 ὁ
2587 1633 2792 1705 μάρτυς
2849 1630 3215 1707 καταγελάσας
3264 1636 3372 1687 τῶν
3420 1630 3732 1706 ληρημάτων,

2073 1728 2118 1794 Β
2155 1717 2366 1792 μᾶλλον
2409 1717 2467 1774 δὲ
2529 1723 2930 1795 κομψευμάτων
2978 1725 3075 1775 τοῦ
3132 1724 3302 1798 σοφοῦ
3359 1719 3619 1797 βασιλέως,
3664 1718 3732 1773 καὶ

2152 1816 2252 1878 τῆς
2277 1814 2383 1863 τῶν
2443 1804 2650 1864 ἀσεϐῶν
2710 1808 2993 1879 Ἐλλήνων
3053 1808 3422 1886 μωρολογίας,
3476 1808 3733 1878 ὑπονοήσας

2155 1894 2213 1951 δὲ
2240 1899 2329 1952 τὸν
2360 1896 2613 1974 τύραννον
2645 1899 2743 1966 τήν
2791 1902 2886 1952 τοῦ
2932 1902 3172 1971 Χριστοῦ
3227 1899 3463 1973 γᾶννησιν
3519 1895 3597 1951 διά
3637 1916 3734 1950 του-

2153 1986 2282 2040 τωνὶ
2314 1990 2421 2040 τῶν
2454 1984 2712 2061 ῥημάτων
2748 1985 3032 2060 χλευάζειν
3088 1986 3445 2062 πειρώμενον,
3496 1982 3585 2062 ἔφη
3628 1982 3732 2056 πρὸς

2158 2073 2313 2128 αὐτὸν
2403 2074 2538 2145 μετὰ
2592 2066 2817 2144 πολλῆς
2873 2074 3171 2150 αὐστηρίας
3246 2075 3336 2129 καὶ
3384 2073 3730 2150 γενναιότητος·

2154 2159 2307 2220 ’Ἐδει
2362 2164 2462 2232 τήν
2524 2164 2702 2238 ἀρχὴν
2768 2160 2908 2237 μηδὲ
2950 2162 3343 2237 ἀποκρίνασθαί
3391 2184 3494 2230 σοι,
3542 2180 3735 2235 παρανο-

2161 2252 2391 2324 μώτατε,
2455 2249 2595 2324 μηδὶ
2648 2258 2747 2321 τῆς
2799 2252 3014 2306 οίασοῦν
3093 2250 3396 2328 ἀπολογίας
3461 2248 3735 2319 καταξιῶσαί

2158 2359 2233 2393 σε*
2262 2337 2406 2395 ἀ)λά
2436 2337 2524 2394 διὰ
2544 2341 2633 2394 τὸν
2666 2345 2984 2415 παρεστῶτα
3013 2337 3209 2417 ὄχλον,
3260 2341 3341 2396 ὅτι
3395 2347 3489 2409 τῆς
3525 2341 3609 2394 τοῦ
3634 2339 3734 2407 Χρι-

2157 2432 2285 2481 στοῦ
2316 2427 2555 2501 ποίμνης
2590 2428 2640 2483 οἳ
2672 2428 2924 2491 πλείονες
2976 2428 3152 2484 αὐτῶν
3204 2430 3573 2504 τυγχάνουσιν,
3621 2425 3732 2479 εἶπον

2158 2515 2358 2591 ὅσαπερ
2408 2517 2576 2585 εἶπον,
2628 2518 2716 2571 καὶ
2767 2521 2858 2571 νῦν
2909 2515 2992 2571 ἐπ’
3042 2517 3232 2593 ὀλίγον
3280 2517 3405 2592 ἐρῶ,
3457 2522 3549 2585 τῆς
3597 2513 3730 2567 αὐτῶν

2156 2603 2461 2678 κηδόμενος
2518 2626 2807 2680 σωτηριαςο
2869 2608 2951 2661 δτι
3009 2606 3099 2661 τὸν
3159 2606 3389 2679 Χριστὸν
3452 2603 3629 2659 ἄνωθεν
3668 2600 3735 2655 καὶ

2157 2693 2263 2758 πρὸ
2320 2690 2545 2746 πολλῶν
2612 2698 2809 2766 γενεῶς
2865 2693 2915 2747 οἱ
2972 2699 3252 2770 προφῆται
3304 2688 3735 2767 προκατήγγειλαν,

2156 2780 2244 2835 καὶ
2300 2778 2485 2835 πολλά
2530 2788 2631 2851 τῆς
2680 2781 2975 2856 παρουσίας
3034 2782 3202 2837 αὐτοῦ
3256 2782 3323 2837 τά
3381 2780 3623 2856 μαρτύρια
3662 2776 3735 2831 κάκ

2154 2874 2262 2923 τῶν
2294 2872 2421 2945 παρ’
2454 2869 2582 2942 ὑμῖν
2603 2876 2875 2945 χρησμῶν
2934 2870 3023 2926 καὶ
3075 2876 3184 2926 τῶν
3245 2866 3569 2927 Σιϐυλλείων
3599 2888 3735 2942 γραμ·

2162 2958 2365 3029 μάτων.
2400 2958 2503 3012 Καὶ
2547 2964 2645 3027 τῆς
2703 2957 3159 3033 ἐνανθρωπήσεως
3219 2960 3381 3015 αὐτοῦ
3426 2961 3458 3028 ἡ
3507 2956 3633 3012 αίτία
3670 2953 3733 3009 ἐπὶ

2080 3085 2122 3152 C
2162 3047 2408 3120 σωτηρίᾳ
2437 3047 2524 3100 καὶ
2581 3046 2875 3117 ἀνακλήσει
2930 3053 3031 3117 τῆς
3075 3053 3185 3103 τῶν
3233 3048 3518 3124 ἀνθρώπων
3571 3041 3735 3152 ἐκπτώ-

2160 3155 2296 3195 σεως
2325 3133 2559 3208 γέγονεν·
2591 3134 2761 3190 ἐλθὼν
2810 3135 2911 3211 γὰρ
2934 3137 3021 3191 ἐπὶ
3074 3143 3177 3205 τῆς
3235 3145 3362 3211 γῆς,
3418 3142 3572 3191 πᾶσαν
3615 3131 3733 3186 νόσον

2155 3223 2424 3293 ἀπήλασε,
2455 3225 2545 3279 καὶ
2578 3226 2639 3280 τὸ
2700 3224 3128 3301 παραδοξότερον
3181 3228 3274 3283 καὶ
3324 3227 3516 3304 ῥήματι
3561 3219 3736 3295 νεκροὺς

2154 3310 2372 3387 ἢγειρεν
2407 3308 2702 3384 ὀδωδότας,
2730 3315 2821 3368 καὶ
2845 3314 2907 3369 τὸ
2938 3311 3004 3382 δή
3063 3316 3281 3369 πάντων
3331 3312 3733 3387 θαυμασιώτερον,

2158 3400 2287 3473 ὑπὲρ
2317 3409 2419 3471 τῆς
2448 3407 2544 3457 τοῦ
2565 3403 2775 3476 κόσμου
2809 3402 3081 3478 σωτηρίας
3138 3406 3326 3468 παθὼν
3378 3405 3437 3459 τὸ
3493 3402 3571 3456 διὰ
3611 3418 3734 3453 σταυ-

2158 3487 2258 3565 ροῦ
2287 3493 2480 3559 πάθος,
2538 3490 2728 3562 ἀνέστη
2786 3494 3083 3569 τριήμερος
3143 3492 3204 3548 ἐκ
3258 3498 3364 3550 τῶν
3419 3491 3599 3566 νεκρῶν
3656 3483 3733 3540 ὑπὸ

2162 3579 2389 3653 μάρτυσι
2438 3580 2835 3647 πεντακοσίοις,
2859 3580 2947 3635 καὶ
3007 3587 3353 3653 στρατιωτῶν
3412 3576 3731 3659 φρουρούντων

2158 3667 2320 3723 αὐτοῦ
2349 3669 2440 3722 τὸν
2468 3670 2660 3745 τάφον,
2686 3668 2777 3723 ’ἱνα
2810 3670 2886 3742 μή
2916 3674 3026 3744 σχῇ
3060 3671 3249 3746 χώραν
3282 3673 3309 3726 6
3355 3672 3449 3739 τήν
3506 3668 3733 3722 ἀνάστασιν

2158 3757 2323 3811 αὐτοῦ
2381 3764 2779 3834 συκοφαντῆσαι
2844 3756 3207 3831 βουλόμενος·
3292 3758 3379 3814 καὶ
3451 3754 3648 3813 ἀναστὰς
3692 3750 3735 3803 ἐκ

2156 3849 2263 3900 τῶν
2298 3850 2521 3921 νεκρῶν,
2565 3844 2720 3923 ὤφθη
2777 3851 2895 3909 τοῖς
2954 3852 3226 3919 μαθηταῖς
3284 3847 3443 3903 αὐτοῦ
3496 3845 3568 3920 ἐφ’
3617 3840 3735 3897 ὅλαις

2156 3933 2547 4007 τεσσαράκοντα
2601 3933 2832 4007 ἡμέραις
2894 3937 3008 4007 μετ’
3062 3935 3238 3991 αὐτῶν
3300 3929 3734 4007 συναναστρεφόμεο

2162 4044 2344 4097 μενος,
2375 4022 2465 4077 καὶ
2494 4021 2748 4097 ὁρώντων
2810 4022 2966 4077 αὐτὸν
3020 4022 3109 4078 καὶ
3170 4025 3477 4100 βλεπόντων
3509 4018 3729 4092 ἀνελήφθη

2161 4112 2237 4176 εἰς
2265 4111 2392 4175 τοὺς
2447 4111 2731 4188 οὐρανοὺς,
2792 4112 3175 4183 ἐξαποστείλας
3232 4117 3381 4188 [361]
3440 4112 3603 4171 αὐτοῖς
3658 4105 3731 4171 τήν

2157 4204 2254 4255 τοῦ
2284 4200 2440 4275 ἆγίου
2475 4200 2780 4274 Πνεύματος
2814 4197 3015 4276 δωρεάν
3060 4223 3118 4256 τε
3173 4201 3262 4256 καὶ
3322 4200 3560 4275 δύναμινο
3608 4194 3732 4249 ὥστε·

2159 4288 2248 4343 καὶ
2303 4285 2577 4363 γλώσσαις
2633 4288 2947 4363 ἀλλογενῶν
3022 4290 3470 4368 ἀποφθέγγεσθαι,
3544 4284 3619 4342 καὶ
3674 4280 3727 4353 μῆ

2161 4374 2306 4451 ἔχειν
2341 4375 2526 4451 χρείαν
2557 4381 2653 4432 τοῦ
2684 4376 3099 4451 ἐρμηνεύοντος,
3132 4377 3320 4434 ἐλάλει
3352 4379 3451 4454 γὰρ
3508 4377 3553 4431 ἐν
3594 4371 3726 4428 αὐτοῖς

2164 4463 2227 4520 τὸ
2258 4469 2476 4538 Πνεῦμα
2503 4467 2565 4521 τὸ
2595 4463 2768 4540 ἅγιον,
2804 4464 2943 4522 ὣστε
2974 4467 3062 4522 καὶ
3118 4467 3185 4522 τὰ
3241 4467 3430 4544 πόρρω
3465 4457 3730 4540 προϐλέπειν

2164 4551 2254 4607 καὶ
2303 4553 2660 4628 προφητεύειν
2717 4555 2784 4609 τὰ
2842 4553 3134 4628 μέλλοντα.
3209 4556 3424 4618 Οἳτινες
3473 4549 3732 4625 ἐξελθόντεςι

2167 4640 2425 4717 ἐκήρυξαν
2478 4642 2636 4698 αὐτὸν
2712 4644 3011 4717 πανταχοῦ,
3079 4641 3247 4718 μηδὲν
3326 4629 3732 4721 ἐπιφερόμενοιῆ

2171 4730 2341 4805 μόνην
2368 4733 2467 4802 τὴν
2498 4731 2663 4789 αὐτοῦ
2695 4733 2919 4808 ἀόρατον
2971 4731 3220 4808 δύναμιν,
3282 4734 3382 4790 οὐκ
3435 4728 3629 4799 ἀσπίδα,
3670 4723 3734 4779 καὶ

2169 4817 2321 4895 δόρυ,
2350 4821 2440 4876 καὶ
2472 4822 2622 4899 ξίφος
2651 4823 3000 4895 κατέχοντες,
3032 4820 3179 4879 ἀλλὰ
3199 4825 3421 4899 γυμνοὶ,
3453 4822 3535 4877 καί
3561 4814 3735 4878 ἄοπλοι,

2166 4910 2252 4963 καὶ
2285 4911 2531 4981 πένητες,
2565 4910 2733 4966 πάντα
2787 4912 2877 4966 τὸν
2931 4912 3136 4985 κόσμον
3185 4909 3512 4986 ἐζώγρησαν,
3563 4900 3737 4975 νεκροὺς

2170 4996 2484 5073 ἐγείροντες»
2544 4997 2776 5074 λεπροὺς
2834 5001 3237 5075 καθαρίζοντες,
3296 4997 3541 5072 δαιμόνια
3584 4987 3737 5048 ἐκϐάλ-

2169 5084 2374 5148 λοντες.
2408 5089 2512 5142 Καὶ
2542 5092 2707 5143 ταῦτα
2735 5086 2878 5150 τίνες
2906 5106 2920 5157 ;
2957 5087 3150 5158 ἁλιεῖς,
3190 5089 3278 5144 καὶ
3314 5088 3653 5163 ἀγράμματοι,
3674 5077 3738 5133 καὶ

2165 5181 2263 5244 τῆς
2294 5179 2389 5230 τοῦ
2408 5177 2618 5250 κόσμου
2650 5176 2837 5255 σοφίας
2871 5178 3158 5253 ἀμέτοχοι.

2234 5371 2337 5441 νη“.
2364 5368 2469 5433 Οὕς
2500 5366 2557 5426 δὲ
2591 5371 2751 5438 αὐτὸς
2801 5374 3215 5450 παρεισήγαγες,
3271 5370 3621 5448 ἑπικερτομῶν
3666 5362 3740 5431 τὴν

2163 5462 2259 5514 τοῦ
2287 5462 2520 5534 Χριστοῦ
2551 5462 2825 5537 γέννησιν,
2856 5460 3050 5538 ἄνδρας
3107 5461 3304 5537 σοφούς
3360 5482 3417 5517 τε
3468 5459 3551 5516 καὶ
3591 5452 3742 5538 θεολόέ

2161 5569 2311 5622 γους,
2343 5546 2415 5611 ὡς
2437 5553 2526 5605 νῦν
2577 5547 2820 5625 εἷ’ρηκας,
2877 5550 2925 5606 εί
2954 5536 3065 5607 καὶ
3118 5536 3344 5623 δοίημεν
3396 5548 3587 5619 ἀληθὶς
3634 5536 3742 5621 γενι-
