3964 6144
319 309 464 412 127i

1683 364 1742 418 ε.
1783 338 2084 416 animi
2121 349 2389 415 rasam.

3563 326 3719 418 ϋτέ

323 474 446 531 σθαι
493 478 655 530 τοῦτο
706 478 768 532 τὸ
827 479 1232 557 παραλήρημα,
1278 479 1332 535 τί
1377 483 1723 557 γεννηθέντες
1771 478 1854 542 δίς
1909 500 1968 535 τε

2082 487 2370 550 ramenta,
2404 480 2546 554 quid
2585 481 2698 549 bis,
2730 485 2788 537 et
2816 483 2922 550 ter,
2957 486 3016 537 et
3044 482 3253 556 quater
3275 483 3456 555 geniti
3489 485 3713 541 mundo

325 563 416 620 καὶ
443 564 562 639 τρὶς
609 565 697 620 καὶ
758 568 1005 644 τετράκις
1051 569 1142 624 τὸν
1192 568 1404 642 κόσμον
1462 569 1776 643 ὠφέλησαν,
1807 569 1842 637 ἢ
1880 568 1976 641 μέ-

332 671 426 724 ρος
454 651 506 705 τί
535 656 643 706 τῶν
670 656 767 707 τοῦ
815 655 1025 725 κόσμου
1084 656 1278 728 μικρὸν
1306 657 1338 725 ἢ
1373 653 1664 730 ἐλάχιστον
1699 675 1712 725 ;
1762 655 1886 723 Τίς,
1919 653 1979 708 ἐκ

331 739 437 793 τῶν
482 734 691 814 βίϐλων
745 741 948 814 Ἑρμοῦ
996 762 1053 796 τε
1100 742 1190 796 καὶ
1242 743 1584 818 Πυθαγόρου,
1625 763 1850 818 νεκρους
1897 741 1977 814 ἐξ·

332 826 640 895 ανέστησεν,
690 828 725 898 ἢ
780 825 1016 904 λεπροὺς
1076 829 1412 902 ἐκαθάρισεν,
1461 832 1496 900 ἢ
1551 827 1814 904 δαίμονας
1870 830 1976 883 ἀττ-

329 911 551 984 ήλασεν,
584 913 675 976 οὓς
709 914 862 988 ὑμεῖς
915 915 1276 991 θεραπεύετε;
1333 915 1494 972 Ἀλλ’
1539 919 1752 994 Ἐρμῆς
1817 917 1910 990 μὶν
1947 916 1975 970 ὁ

335 1001 607 1083 μέγιστος,
650 1001 738 1079 ὑφ’
796 1003 949 1076 ὑμῶν
1035 1005 1574 1081 προσαγορευόμενος
1611 1049 1625 1075 ,
1677 1005 1976 1079 Αἰγύπτιος

325 1089 538 1165 γέγονεν
597 1087 904 1166 ἄνθρωπος,
933 1093 1023 1148 καὶ
1084 1099 1200 1155 τοῖς
1241 1093 1550 1165 Αἲγυπτίων
1600 1095 1796 1167 νόμοις
1842 1113 1976 1170 τρα-

327 1178 714 1255 φεὶς-γυναῖκα
761 1201 820 1236 τε
870 1183 1078 1256 γήμας,
1127 1180 1328 1246 παῖδας
1384 1182 1691 1252 ἐτέκνωσεν,
1747 1183 1820 1237 ὧν
1879 1183 1971 1238 τὸν

325 1261 713 1344 πρεσϐύτερον,
757 1269 863 1324 Tir
921 1269 1272 1344 ὀνομάζουσι,
1329 1271 1467 1347 πρὸς
1526 1272 1584 1326 ὃν
1643 1270 1802 1333 αύτός
1855 1268 1976 1325 δια-

322 1353 538 1431 λέγεται
591 1358 680 1412 καὶ
735 1357 867 1422 τοὺς
917 1350 1108 1415 ἑαυτοῦ
1165 1359 1365 1436 λόγους
1420 1362 1672 1440 ἆφοσιοῖ,
1730 1360 1867 1435 πρός
1915 1381 1973 1416 τε

324 1446 416 1500 τὸν
476 1443 526 1515 ἐξ
575 1443 903 1522 Ἐπιδαύρου
974 1447 1310 1519 Ἀσκλήπιον
1375 1451 1468 1504 τὸν
1530 1451 1975 1524 προκατάρξαντα

328 1537 445 1589 κατ’
480 1536 617 1609 ὑμᾶς
658 1542 756 1606 τῆς
811 1538 1063 1612 ἱατρικῆς
1117 1537 1446 1612 ἐπιστήμης.
1497 1539 1558 1601 ’ὃς
1601 1539 1689 1594 καὶ
1716 1539 1816 1608 τὴν
1849 1538 1972 1594 ἑαυ-

328 1628 425 1679 τοῦ
457 1625 740 1702 θεολογίαν
795 1625 1044 1701 διασαφεῖ
1090 1624 1323 1703 ἔχουσαν
1373 1627 1567 1691 οὕτως·
1601 1630 1728 1684 Θεὸν
1782 1635 1974 1698 νοῆσαι

335 1712 431 1786 μὶν
489 1712 754 1788 χαλεπὸν,
815 1715 1010 1792 φράσαι
1065 1713 1121 1770 δὶ
1172 1714 1451 1771 ἀδύνατονο
1503 1712 1616 1771 ἔστι
1665 1717 1766 1792 γὰρ
1823 1737 1973 1791 τρισ-

2082 569 2548 640 profuerunt,ve1
2577 570 2733 640 quod
2765 576 2993 641 partem
3025 571 3153 642 ejus
3185 563 3419 643 parvam
3451 577 3552 626 aut
3590 575 3714 627 mi-

2081 657 2478 722 nimam?Quis
2492 657 2551 712 in
2575 659 2634 712 in
2651 659 2917 712 Mercurii
2935 663 2991 713 et
3015 660 3354 731 Pythagora)
3379 659 3546 714 libris
3565 667 3717 715 mor-

2080 751 2211 801 tuos
2234 747 2546 801 suscitasse
2569 747 2802 819 legitur,
2827 753 2927 801 aut
2948 747 3212 818 leprosos
3242 748 3581 814 mundasse,
3616 755 3720 804 aut

2081 835 2376 905 expulisse
2404 835 2944 905 dmmones,quibus
2967 853 3063 889 vos
3086 835 3370 890 honorem
3394 837 3718 906 praestatis?

2078 921 2399 978 Mercurius
2427 923 2688 994 quidem,
2713 924 3126 995 Trismegistus
3159 940 3192 978 a
3221 923 3384 977 vobis
3416 926 3715 996 cognomi-

2078 1015 2276 1078 natus,
2309 1011 2420 1065 fuit
2440 1011 2617 1065 homo
2648 1012 2946 1082 Egyptius
2978 1016 3036 1065 et
3064 1012 3463 1082 .Egyptiorum
3486 1011 3712 1084 legibus

2078 1098 2405 1154 institutus.
2439 1099 2547 1164 Qui
2579 1115 2711 1155 cum
2763 1099 3026 1154 duxisset
3059 1100 3550 1168 uxorem,liberos
3581 1118 3715 1172 pro-

2077 1187 2308 1259 creavit,
2332 1203 2582 1258 quorum
2626 1187 3084 1258 primogenitum
3126 1189 3230 1243 Tat
3258 1188 3608 1254 nominant;
3640 1188 3714 1243 ad

2077 1275 2234 1331 hunc
2260 1276 2385 1346 ipse
2416 1275 2681 1346 loquitur
2718 1277 2888 1346 eique
2940 1292 3078 1331 suos
3127 1291 3431 1331 sermones
3460 1275 3713 1345 dedicat,

2075 1380 2311 1420 necnon
2357 1365 2668 1436 Esculapio
2701 1381 2769 1419 ex
2800 1363 3114 1436 Epidauro,
3172 1365 3271 1436 qui
3299 1365 3441 1420 artis
3469 1364 3713 1420 medicas

2075 1458 2281 1509 auctor
2309 1470 2344 1508 a
2367 1451 2530 1508 vobis
2561 1452 2936 1525 perhibetur;
2971 1453 3064 1508 cui
3107 1455 3285 1508 etiam
3335 1469 3523 1522 suam,
3579 1470 3710 1525 quin

2076 1542 2158 1597 sic
2187 1542 2740 1615 sonat,theologiam
2773 1541 3046 1613 explicat:
3081 1544 3264 1597 Deum
3297 1543 3534 1613 quidem
3566 1559 3712 1598 con-

2075 1632 2270 1703 cipere
2299 1630 2765 1702 difficile,eloqui
2797 1636 2993 1686 autem
3023 1631 3518 1702 impOSSibileEst
3547 1631 3709 1687 enim

2075 1719 2137 1775 in
2169 1721 2324 1775 trina
2353 1719 2648 1792 hypostati
2692 1720 3042 1787 consistens,
3087 1719 3519 1790 inexplicabilis
3569 1719 3742 1813 sub?"

328 1802 653 1874 υπόστατος,
685 1803 1082 1877 ἆνερμήνευτος
1122 1804 1278 1859 οὐσία
1307 1804 1396 1860 καὶ
1429 1805 1608 1882 φύσις,
1641 1805 1738 1860 ούκ
1767 1802 1970 1880 ἔχουσα

2081 1809 2325 1864 strantia
2356 1813 2413 1862 et
2441 1813 2807 1878 natura,quae
2839 1807 2988 1862 nihil
3017 1805 3231 1862 habeat
3253 1807 3408 1878 apud
3429 1802 3708 1862 mortales

329 1889 475 1964 παρᾶ
507 1891 726 1966 βροτοῖς
786 1890 1124 1964 ἐξομοίωσιν·
1180 1891 1277 1955 οὕς
1310 1890 1368 1948 δὲ
1397 1893 1550 1958 θεοὺς
1607 1894 1962 1967 ὀνομάζουσιν

326 1975 598 2053 ἄνθρωποι
651 1981 799 2052 [362]
849 1979 993 2035 πολὺ
1049 1981 1112 2036 τὸ
1148 1979 1392 2054 μυθῶδες
1441 1981 1530 2037 καὶ
1588 1982 1852 2060 σφαλερὸν
1885 1981 1966 2059 ἐφ’

327 2066 550 2132 ἑαυτοὺς
605 2067 974 2124 ἱπεσπάσαντο
1007 2085 1022 2101 ⁸
1098 2069 1187 2124 καὶ
1247 2071 1373 2146 περὶ
1425 2077 1524 2141 τῆς
1581 2075 1678 2125 τοῦ
1733 2071 1967 2144 Χριστοῦ

330 2154 612 2226 ἐλεύσεως,
661 2159 749 2212 καὶ
797 2158 959 2222 αὐτὸς
1007 2156 1250 2233 ἄμυδράν
1300 2169 1419 2214 τινα
1467 2157 1798 2234 προφητείαν
1849 2155 1968 2213 δια-

326 2245 562 2321 γορεύει,
595 2245 693 2300 ούκ
722 2245 772 2316 ἐξ
830 2247 1040 2313 ἑαυτοῦ,
1101 2245 1246 2302 ’ἀλλ’
1305 2247 1365 2303 ἐκ
1415 2255 1514 2318 τῆς
1550 2243 1815 2324 Ἐϐραίων
1847 2249 1966 2304 θεο-

332 2333 518 2411 λογίας
575 2335 773 2408 ταύτην
836 2335 1271 2413 ἱπαρῥυσάμενος
1307 2381 1321 2396 .
1383 2335 1557 2396 Ἀλλά
1610 2339 1661 2394 τί
1715 2361 1808 2413 μοι
1859 2345 1964 2395 τῶν

310 2416 548 2501 ’σαπρῶν
579 2446 637 2480 τε
686 2427 775 2480 καὶ
829 2423 1114 2480 ὀδωδότων
1147 2428 1354 2499 Ἑρμοῦ
1408 2425 1666 2502 ῥημάτων
1696 2431 1804 2482 τῶν
1838 2428 1968 2502 παρ’

337 2513 464 2587 ὑμῖν
522 2515 873 2588 τιμωμένων,
925 2511 1032 2585 ἤδη
1093 2512 1198 2586 πρὸ
1257 2512 1474 2570 πολλοῦ
1514 2517 1828 2582 σεσηπότων
1877 2516 1966 2570 καὶ

331 2602 795 2678 direptio-quitum];
857 2600 994 2658 Οὖδὶ
1048 2604 1148 2677 γὰρ
1206 2601 1354 2658 ἆσιον
1412 2605 1536 2678 περὶ
1590 2609 1696 2658 τῶν
1749 2606 1963 2674 ζώντων

332 2689 533 2766 ἐρωτᾷν
561 2691 686 2754 τοὺς
723 2690 970 2768 νεκροὺς,
1002 2688 1147 2765 ἔχων
1199 2689 1259 2748 ἐκ
1302 2696 1407 2746 τῶν
1458 2691 1728 2770 θεοσόφων
1762 2691 1964 2768 λογίων

328 2779 454 2842 τοὺς
487 2779 711 2851 ἀληθεῖς
761 2778 1034 2856 μάρτυρας
1077 2778 1157 2850 ⁸ίο,
1189 2781 1286 2849 τήν
1330 2781 1561 2856 Χριστοῦ
1585 2781 1878 2856 παρουσίαν
1910 2801 1968 2836 τε

332 2866 423 2922 καὶ
457 2867 684 2939 θεότητα
720 2866 1221 2943 προκατήγγειλαν.

391 3030 494 3094 κθ’.
554 3029 868 3106 Πυθαγόρας
922 3026 980 3085 δὲ
1035 3031 1062 3085 ὁ
1114 3037 1215 3100 τῆς
1267 3029 1539 3102 Ἰταλικῆς
1592 3034 1852 3109 κατάρξας
1883 3033 1966 3088 al-

334 3116 576 3193 ρέσεως,
632 3118 684 3173 τί
745 3119 880 3194 μέγα
936 3118 1026 3174 καὶ
1089 3119 1392 3192 θαυμαστὸν
1454 3120 1503 3175 ἓν
1560 3119 1640 3194 τῷ
1699 3121 1805 3196 βίῳ
1849 3121 1967 3195 τρὶς

327 3207 629 3281 παραχθεὶς
661 3205 1018 3283 ἀπειργάσατο
1055 3235 1070 3278 ς
1183 3207 1265 3264 ὅτι
1317 3208 1367 3263 ἐν
1421 3209 1701 3283 Ὀλυμπίᾳ
1742 3210 1969 3286 γενόμε-

327 3315 438 3365 νος,
467 3295 540 3355 ὡς
574 3293 732 3366 ύμεῖς
788 3295 1032 3373 φάσκετε,
1094 3301 1329 3371 χρυσοῦν
1387 3299 1479 3352 τὸν
1543 3299 1734 3352 ἑαυτοῦ
1794 3300 1974 3372 μηρὸν

301 3380 743 3445 ’Ἑλλανοδίκαις
806 3381 1090 3454 ύπέδειξες
1145 3385 1232 3439 καὶ
1270 3386 1398 3460 βοῦν
1452 3385 1664 3440 θύεσθαι
1703 3384 1978 3459 μέλλοντα

300 3468 302 3472 ’
345 3472 751 3544 μυκησάμενον.
787 3469 1034 3549 ’Δνδρὸς,
1065 3471 1189 3551 ἔφη,
1223 3475 1409 3549 ψυχὴν
1441 3473 1562 3547 ἐμοὶ
1597 3475 1859 3550 φιλτάτου
1887 3475 1979 3529 κέ-

334 3580 550 3629 κτηται,
582 3561 672 3614 καὶ
705 3557 794 3614 διὰ
820 3564 915 3615 τοῦ
950 3564 1272 3635 μυκήματος
1311 3562 1697 3638 προσαγορεύει
1733 3582 1800 3634 με
1820 3563 1848 3616 ὁ
1873 3582 1977 3617 τα-

341 3645 662 3722 λαίπωρος;
694 3648 783 3704 καὶ
817 3649 966 3704 ἀετὸν
1027 3647 1078 3705 ἰν
1136 3649 1260 3724 ὕψει
1313 3651 1630 3723 πετόμενον,
1664 3648 1736 3705 δι’
1763 3647 1980 3722 έπφδης

340 3742 657 3792 καταπεσεῖν
706 3735 792 3792 ἐπὶ
840 3744 942 3812 γῆς
993 3738 1309 3808 πεποίηκες
1363 3741 1542 3796 Ταῦτα
1571 3738 1599 3792 ὁ
1627 3739 1746 3813 τρὶς
1785 3759 1976 3812 γεννη-

339 3827 450 3888 θεὶς
509 3826 938 3904 ἐθαυματούργει
997 3828 1048 3883 ἐν
1104 3829 1386 3902 Ὀλυμπίᾳ
1439 3828 1764 3905 γενόμενος,
1825 3828 1976 3899 δοξο-

342 3921 522 3989 μανῶν
580 3917 668 3971 καὶ
728 3915 1614 3993 φαντασιούμενοςὁτρισάθλιοςο
1677 3918 1704 3972 ὁ
1761 3918 1860 3986 τήν
1890 3937 1975 3971 τε-

333 4003 563 4075 τρακτὺν
617 4005 777 4079 ὅρκον
830 4003 1142 4078 τιθέμενος,
1197 4005 1284 4060 καὶ
1335 4003 1534 4076 ταύτην
1589 4006 1809 4082 φάσκων
1865 4012 1976 4076 πή-

333 4092 433 4167 γήν
492 4092 712 4148 ἀεννάου
765 4093 1008 4170 φύσεωςο
1069 4094 1098 4148 ὁ
1153 4091 1278 4155 τοῦς
1337 4091 1581 4166 κυάμους
1635 4089 1924 4168 σεϐόμενος
1959 4136 1976 4165 ,

336 4179 508 4232 δ’ί’
661 4179 896 4236 “ἇ’λ
1153 4183 1301 4234 ἂ⁴⁹
1442 4180 1732 4235 ν’”έί
1874 4181 1968 4235 ὑ“

373 4201 386 4232 ι
448 4201 542 4243 ους
589 4201 678 4235 και
773 4201 858 4235 πω
903 4201 988 4236 ετο
1049 4202 1145 4254 μετ
1236 4201 1343 4236 των
1403 4201 1570 4236 αυτου
1645 4200 1709 4236 τα
1736 4201 1842 4254 ρων
1907 4202 1976 4236 πο

333 4272 440 4322 τῶν
495 4266 834 4343 Ταραντίνων
925 4267 1436 4342 συνελαυνόμενος*
1501 4269 1577 4342 μὴ
1641 4267 1978 4344 βουλόμενος

333 4355 435 4431 γάρ
483 4357 572 4411 τὸν
625 4357 794 4412 τόπον
850 4364 1088 4428 πατῆσαι
1150 4355 1202 4412 ἐν
1232 4358 1277 4430 ᾧ
1308 4357 1363 4411 οἱ
1395 4356 1596 4431 κύαμοι
1651 4356 1976 4430 ἐσπαρμένοι

337 4459 654 4520 ετυγχανου,
713 4446 872 4508 αὐτὸς
931 4448 1066 4519 μετὰ
1121 4450 1231 4501 τῶν
1289 4445 1515 4522 ἑταίρων
1572 4445 1665 4500 καὶ
1721 4450 1976 4520 μαθητῶν

2079 1899 2167 1953 sui
2191 1896 2683 1960 consimile.Quos
2708 1901 2905 1950 autem
2927 1895 3068 1950 deos
3089 1896 3707 1962 nominanihomines,

2077 1987 2119 2041 ii
2166 1987 2383 2041 multas
2415 1985 2644 2040 fabulas
2688 1984 3022 2056 multosque
3056 2000 3283 2040 errores
3313 1985 3386 2039 ad
3420 2001 3480 2039 se
3511 1988 3710 2039 traxe-

2076 2079 2234 2130 runt.
2279 2074 2551 2140 Quinimo
2606 2074 2677 2128 de
2725 2073 2939 2128 Christi
2990 2073 3242 2128 adventu
3293 2073 3418 2145 ipse
3476 2088 3710 2145 quoque

2078 2163 2390 2220 obscuram
2421 2162 2738 2233 quamdam
2770 2161 3143 2233 praphetiam
3177 2161 3559 2232 refert,quam
3589 2177 3710 2216 non

2079 2268 2150 2307 ex
2180 2252 2372 2323 seipso
2396 2249 2500 2307 sed
2522 2267 2591 2305 ex
2622 2250 2998 2305 Hebraaorum
3031 2250 3323 2322 theologia
3352 2249 3566 2304 hausit.
3600 2248 3712 2303 Sed

2078 2341 2220 2412 quid
2250 2339 2395 2396 mihi
2445 2355 2580 2394 cum
2627 2339 2918 2410 corruptis
2969 2344 3028 2393 et
3071 2337 3392 2392 fetentibus
3439 2337 3710 2392 Mercurii

2076 2429 2289 2494 verbis,
2323 2445 2452 2500 quae
2484 2443 2518 2483 a
2541 2426 2702 2482 vobis
2751 2429 2810 2481 in
2851 2426 3074 2480 honore
3103 2425 3412 2491 habentur,
3445 2423 3712 2495 quamvis

2072 2517 2304 2589 jamdiu
2334 2517 2570 2588 putrida
2600 2516 2720 2570 sint
2748 2519 2806 2570 et
2849 2513 3202 2584 antiquata?
3246 2515 3371 2569 Non
3422 2513 3580 2568 enim
3624 2512 3713 2568 fas

2081 2611 2169 2660 est
2198 2607 2354 2660 circa
2385 2605 2542 2659 vivos
2584 2603 2943 2674 interrogare
2975 2607 3263 2671 mortuos,
3295 2615 3429 2656 cum
3462 2599 3712 2656 habeam

2081 2709 2151 2748 ex
2197 2693 2410 2748 divinis
2461 2692 2712 2763 eloquiis
2761 2691 3048 2746 veridicos
3099 2695 3298 2759 testes,
3347 2689 3448 2760 qui
3496 2689 3714 2744 Christi

2079 2783 2458 2856 prmsentiam
2487 2796 2555 2836 ac
2586 2779 2952 2835 divinitatem
2977 2776 3542 2850 prmnuntiaverunt.

2152 3017 2238 3070 29.
2273 3014 2628 3086 Pythagoras
2658 3017 2877 3079 autem,
2927 3014 3103 3066 sectaa
3149 3009 3367 3065 Italicas
3411 3008 3707 3080 princeps,

2081 3104 2224 3175 quid
2251 3103 2474 3175 grande
2505 3108 2563 3157 et
2591 3100 3029 3166 admirandum,
3061 3105 3150 3154 ter
3178 3099 3240 3154 in
3270 3099 3448 3153 vitam
3495 3096 3712 3168 produ-

2081 3193 2432 3260 ctus,eﬂ‘ecit
2449 3193 2476 3247 ?
2495 3193 2642 3248 Num
2670 3191 2826 3262 quia,
2860 3205 2994 3245 cum
3015 3189 3296 3259 Olympia
3319 3191 3494 3253 esset,
3521 3191 3589 3240 ut
3613 3201 3714 3239 vos

2081 3282 2299 3349 dicitis,
2331 3297 2576 3336 aureum
2600 3296 2772 3335 suum
2793 3279 2987 3333 femur
3007 3275 3404 3332 Hellanodicis
3434 3273 3715 3328 ostendit.

2081 3371 2184 3426 Vel
2214 3370 2372 3441 quod
2400 3369 2549 3424 dixit
2578 3367 2650 3422 de
2681 3368 2823 3422 b0ve
2878 3367 2978 3437 qui
3021 3365 3270 3437 jamjam
3318 3360 3716 3418 immolandas

2080 3458 2418 3530 mugiebat:
2451 3457 2570 3511 Viri
2605 3457 2754 3512 mihi
2803 3454 3156 3519 charissimi,
3209 3452 3470 3508 animam
3517 3449 3717 3518 habet,

2083 3554 2141 3603 et
2155 3565 2262 3619 per
2281 3547 2567 3618 mugitum
2589 3546 2811 3601 salutat
2822 3560 2915 3599 me
2929 3541 3279 3598 infelix?Seu
3296 3556 3430 3596 cum
3452 3537 3716 3608 aquilatu

2082 3636 2334 3691 sublime
2353 3635 2656 3689 volantem
2683 3649 2790 3704 per
2807 3629 3404 3698 incantationem(‘7-8)
3421 3627 3482 3682 in
3499 3632 3715 3680 terram

2083 3723 2345 3794 dejecit?
2375 3724 2509 3777 Haec
2548 3727 2636 3776 ter
2683 3722 2918 3790 genitus
2965 3717 3263 3773 mirabilia
3309 3720 3584 3786 Operatus
3630 3716 3720 3766 est

2083 3812 2387 3883 Olympim,
2417 3810 2630 3866 insano
2658 3809 2858 3881 glorias
2891 3822 3090 3863 amore
3119 3810 3325 3877 captus
3357 3808 3414 3857 et
3441 3801 3718 3857 inanibus

2080 3900 2405 3955 visionibus
2437 3898 2772 3954 miserrime
2802 3896 3063 3951 delusus.
3091 3895 3198 3960 Qui
3229 3892 3454 3948 scilicet
3482 3893 3715 3961 quater-

2082 3990 2322 4044 nienem
2336 3987 2759 4060 jusjurandum
2780 3983 3192 4049 constituebat,
3210 3982 3411 4036 dicens
3429 3996 3563 4035 eum
3587 3994 3716 4034 esse

2079 4079 2305 4133 fontem
2335 4077 2702 4132 inexhaustae
2732 4081 2980 4130 natura).
3008 4073 3114 4137 Qui
3139 4070 3303 4126 fabas
3331 4067 3719 4136 colebat,pro-

2080 4173 2212 4239 pter
2231 4183 2378 4237 quas
2407 4166 2584 4237 periit
2601 4181 2733 4220 cum
2759 4161 3151 4218 familiaribus
3191 4158 3312 4214 suis
3334 4175 3369 4213 a
3385 4154 3716 4212 Tarentinis

2079 4257 2142 4311 in
2175 4256 2419 4310 exilium
2451 4260 2638 4309 actus.
2673 4255 2815 4307 Nam
2845 4256 2980 4306 cum
3027 4248 3215 4305 nollet
3243 4245 3491 4318 pedibus
3526 4250 3714 4299 terere

2080 4344 2276 4398 locum
2306 4343 2369 4396 in
2412 4351 2528 4412 quo
2571 4340 2719 4395 fabre
2764 4345 2982 4411 sparsas
3031 4341 3220 4402 erant,
3254 4334 3599 4390 interfectus
3630 4335 3720 4386 est

2083 4448 2218 4488 cum
2247 4431 2455 4486 amicis
2487 4447 2552 4486 ac
2583 4428 2908 4500 discipulis,
2962 4431 3021 4484 et
3064 4424 3444 4481 inimicorum
3473 4436 3716 4477 suorum

333 4536 757 4612 κατασφάττεται
788 4578 802 4604 ,
858 4533 947 4588 καί
1012 4537 1120 4589 τῶν
1188 4534 1397 4611 ἐχθρῶν
1457 4533 1656 4610 γίνεται
1727 4535 1970 4608 παρανά-

2081 4521 2272 4578 factus
2293 4525 2383 4574 est
2399 4518 2617 4591 praeda.
2647 4517 2881 4572 Theano
2913 4520 3132 4583 autem,
3166 4514 3295 4585 ejus
3341 4527 3491 4567 uxor
3539 4514 3598 4564 et
3625 4508 3715 4563 di-

332 4618 516 4695 λωμα’
575 4629 756 4678 Θεανω
815 4619 871 4677 δὶ
926 4625 961 4692 ἠ
1015 4621 1210 4677 τούτου
1256 4623 1467 4697 γαμετὴ
1523 4621 1614 4676 καὶ
1676 4624 1970 4697 μαθήτρια,

337 4712 414 4783 μὴ
443 4708 675 4766 θέλουσα
712 4712 813 4781 τήν
869 4709 1038 4766 αἰτίαν
1095 4716 1392 4782 κατειπεῖν,
1442 4708 1511 4764 δι’
1542 4709 1607 4778 ἢν
1638 4711 1732 4765 τὸν
1760 4709 1968 4784 κύαμον

334 4797 433 4854 ούκ
461 4799 716 4869 ἐσθίουσι,
757 4800 856 4869 τήν
905 4797 1153 4874 γλῶσσαν
1213 4797 1540 4871 ἐκτμηθεῖσα
1567 4798 1855 4872 πρότερον,
1878 4799 1970 4854 καὶ

335 4885 502 4956 αύτήν
532 4885 1006 4963 προσαπόλλυται.

404 5044 475 5104 λ’.
533 5052 714 5103 Ταῦτα
758 5051 866 5102 τῶν
923 5050 1028 5100 σῶν
1103 5041 1421 5124 φιλοσόφων
1473 5042 1540 5098 τὰ
1585 5043 1973 5119 προτερήματα

338 5139 446 5189 τῶν
470 5133 552 5197 δὶς
595 5138 746 5209 [363]
803 5135 890 5190 καὶ
941 5131 1060 5210 τρὶς
1116 5134 1504 5210 γεννηθέντων,
1548 5131 1624 5195 ὡς
1655 5131 1812 5194 αὐτὸς
1843 5131 1973 5207 έρη-

330 5223 606 5297 τόρευσαςο
664 5224 887 5278 κάκεῖνα
940 5225 1038 5276 τοῦ
1094 5221 1230 5294 ἐμοῦ
1286 5222 1524 5293 Χριστοῦ
1578 5219 1666 5274 ἐπὶ
1730 5221 1973 5296 σωτηρίᾳ

331 5312 421 5366 καὶ
467 5309 760 5381 ἀνακλήσει
809 5314 904 5365 τοῦ
951 5315 1059 5364 τῶν
1108 5307 1404 5384 ἀνθρώπων
1451 5309 1643 5384 γένους
1693 5311 1760 5364 τα
1805 5329 1972 5385 τερα-

2079 4609 2328 4681 scipula,
2361 4607 2574 4663 nolens
2602 4621 2843 4662 causam
2873 4604 3136 4677 proferre
3162 4619 3272 4658 cur
3289 4600 3454 4655 fabas
3473 4614 3594 4654 non
3616 4613 3715 4651 co-

2078 4698 2408 4764 mederent,
2449 4697 2581 4768 ipsa
2627 4710 2884 4766 quoque,
2933 4694 3137 4767 lingua
3182 4691 3346 4764 prius
3387 4690 3718 4758 amputata,

2079 4788 2328 4844 interiit.

2146 5046 2234 5102 30.
2270 5045 2402 5102 Haec
2432 5043 2676 5117 quidem
2705 5051 2843 5101 sunt
2869 5041 3172 5116 privilegia
3221 5040 3713 5115 philosophorum

2075 5138 2334 5203 tuorum,
2368 5135 2468 5205 qui
2499 5134 2591 5190 bis
2621 5139 2681 5190 et
2702 5139 2811 5201 ter,
2838 5137 2904 5187 ut
2931 5133 3056 5204 ipse
3091 5133 3344 5188 oratorie
3367 5134 3709 5205 exposuisti,

2074 5224 2336 5296 generati
2366 5223 2603 5291 fuerun,
2634 5223 2740 5278 illa
2767 5225 2965 5276 autem
2994 5220 3209 5276 Christi
3240 5221 3356 5276 mei
3381 5239 3485 5292 pro
3520 5221 3710 5278 salute

2077 5317 2138 5368 et
2164 5313 2534 5385 reparatione
2565 5310 2874 5366 hominum
2904 5309 3136 5381 generis
3166 5309 3470 5366 miracula.
3493 5309 3712 5381 Pytha-

1937 5489 2159 5546 NOTAE.

305 5662 311 5670 ‘
406 5643 544 5729 (δῖ-8)
571 5639 784 5714 Textus
815 5637 1048 5713 Gmc'us
1078 5642 1368 5714 habebat:
1393 5642 1466 5712 δι’
1495 5649 1724 5728 citatis,
1757 5654 1913 5729 φιοά
1943 5656 1970 5713 i1

2081 5657 2107 5711 μ’
2135 5651 2336 5721 ἰποδῆς
2365 5660 2592 5713 mutare
2622 5653 2856 5712 obvium
2881 5661 3026 5712 erat.
