3964 6144
368 230 507 289 i279

1874 234 2237 292 ADDENDA.

3625 225 3741 282 i280

370 373 539 427 goras
567 360 625 412 et
651 356 971 413 Mercurius
1019 358 1328 416 hominum
1378 360 1608 417 animas
1651 360 1723 417 ad
1781 360 1997 415 inferni

2126 358 2485 432 ιουργήματα.
2558 355 2663 411 Καὶ
2720 350 3033 428 Πυθαγόρας
3092 350 3200 425 μὶν
3255 347 3351 404 καὶ
3410 349 3613 423 Ἑρμῆς
3659 350 3738 411 τὰς

371 446 729 517 profundum
756 447 1094 515 detrudunt,
1128 464 1232 518 per
1262 449 1396 504 illos
1429 467 1573 520 quas
1620 450 2006 504 introducunt

373 536 916 607 transmigrationes
948 540 1005 589 et
1036 538 1464 593 transfusiones
1492 556 1504 592 :
1554 556 1711 593 nunc
1762 538 2003 609 quidem

374 624 603 677 animas
632 625 691 677 in
728 629 893 677 muta
941 625 1219 679 animalia
1267 632 1325 679 et
1371 627 1524 682 feras
1573 627 2002 693 transmittunt,

374 728 531 765 nunc
564 717 759 765 autem
792 712 1029 767 easdem
1062 714 1121 767 in
1152 714 1341 784 pisces
1374 722 1430 768 et
1460 716 1690 786 plantas
1724 732 1828 786 per
1859 714 2005 768 alios

375 800 661 870 quosdam
692 800 921 855 orbicos
956 808 1148 856 motus
1180 809 1238 857 et
1258 804 1511 858 ambitus
1542 806 1784 859 trahunt
1804 821 1871 859 ac
1895 803 2008 857 dis-

375 893 644 959 pergunt.
675 891 779 943 Ast
806 891 1090 958 Christus,
1122 898 1185 945 ut
1216 894 1366 946 Deus
1407 910 1575 947 verus
1620 898 1677 946 et
1727 899 2004 958 aeternus,

377 977 633 1031 animam
666 977 804 1031 fecit
832 978 1228 1035 immortalem
1260 985 1318 1035 et
1348 982 1496 1035 senii
1546 988 1867 1051 expertem,
1917 981 2009 1034 di—

376 1066 530 1130 vino,
573 1066 671 1135 qui
728 1065 839 1120 fuit
876 1067 947 1121 ab
1004 1068 1192 1136 initio,
1238 1070 1456 1140 Spiritu
1506 1075 1563 1123 et
1606 1070 2008 1124 insufﬂatione

376 1154 748 1221 viviﬁcatam,
776 1154 1010 1225 quando
1042 1174 1254 1228 nempe
1286 1158 1542 1228 primum
1574 1158 1889 1213 fabricatus
1921 1162 2011 1212 est

379 1244 703 1311 hominem,
735 1249 800 1299 ut
830 1245 1008 1299 divini
1041 1252 1099 1300 et
1128 1248 1226 1317 qui
1257 1249 1416 1302 omni
1441 1248 1774 1319 suspicione
1807 1252 2011 1303 carent

383 1332 594 1402 Moysis
624 1332 887 1387 referunt
915 1334 1072 1388 libri.
1107 1336 1351 1407 Lapsam
1398 1354 1532 1390 vero
1577 1354 1713 1391 cum
1765 1352 2009 1407 corpore

382 1437 489 1491 per
502 1421 963 1476 inobedientiam
980 1428 1035 1476 et
1048 1423 1454 1495 deceptionem
1474 1426 1701 1481 exitiasi
1716 1425 2008 1493 draconis,

384 1526 729 1580 progressus
753 1510 812 1564 in
836 1514 1051 1566 terram
1089 1517 1147 1565 et
1192 1514 1252 1567 in
1297 1529 1366 1567 ea
1403 1518 1803 1579 conversatus,
1833 1513 2012 1567 viam-

384 1614 497 1667 que
529 1598 736 1653 salutis
766 1598 939 1653 nobis
970 1600 1289 1655 ostendens
1318 1618 1424 1673 per
1451 1602 1809 1673 baptismum
1840 1607 1898 1656 et
1926 1618 2015 1655 re-

2108 452 2215 502 τῶν
2275 445 2567 519 ἀνθρώπων
2619 443 2801 518 ψυχάς
2853 441 2928 503 είς
2985 441 3073 495 τὸν
3135 436 3280 509 ᾅδου
3338 438 3584 509 πυθμένα
3631 458 3739 492 κατ-

2112 536 2324 608 ἀγουσι,
2386 534 2834 607 μετεμψυχώσεις
2894 528 2960 600 δή
3008 550 3159 590 τινας
3219 526 3314 582 καὶ
3370 527 3738 601 μεταγγισμοῦς

2112 621 2551 697 παρεισάγοντεςο
2611 621 2742 675 ποτὶ
2793 620 2886 693 μὶν
2939 617 3014 679 είς
3072 616 3259 691 ἄλογα
3321 619 3435 683 ζῶα
3486 616 3573 668 xui
3602 616 3739 688 θηρία

2112 713 2307 773 ταύτας
2365 704 2898 783 μετεμϐιϐἀζοντες,
2958 707 3088 760 ποτὲ
3149 702 3210 759 δὲ
3268 702 3348 767 είς
3409 702 3613 777 ἰχθύας,
3664 704 3737 756 καὶ

2115 800 2269 877 φυτὰ,
2304 799 2393 853 καὶ
2425 797 2594 859 ἄλλας
2639 796 2790 858 τινὸς
2832 792 3309 862 ἐπανακυκλήσεις
3360 794 3451 845 καὶ
3482 789 3737 865 περιόδους

2114 876 2485 947 κατασπῶντες
2535 885 2696 946 αὐτὰς
2750 884 2839 939 καὶ
2889 880 3386 958 ἀπορῥαπίζοντες.
3447 879 3507 936 Ὁ
3549 876 3602 932 δὲ
3627 881 3737 953 Χρι-

2118 979 2238 1039 στὸς
2266 976 2398 1039 καθὸ
2430 976 2554 1036 Θεὸς
2589 975 2849 1048 ὑπάρχων
2899 969 3112 1041 ἀληθὴς
3159 969 3258 1024 xui
3309 967 3549 1035 αἷώνίος,
3581 968 3740 1020 ἀθάνα-

2114 1088 2206 1122 τον
2225 1068 2408 1142 ψυχὴν
2459 1065 2549 1120 καὶ
2607 1063 2795 1139 ἀγήρω
2842 1062 3253 1122 κατασκευάσας
3311 1063 3391 1130 τῷ
3450 1057 3540 1111 ἀπ’
3584 1056 3733 1131 ἀρχῆς

2120 1157 2385 1228 Ηνεύματι
2447 1155 2576 1226 θείῳ
2636 1154 2725 1208 καὶ
2784 1152 3137 1229 ἐμφυσήματι
3177 1194 3192 1219 ,
3257 1150 3350 1203 ὅτε
3408 1148 3498 1201 τὸν
3549 1150 3734 1219 πρῶτον

2118 1243 2514 1317 έδημιοόρησεν
2575 1228 2877 1316 ἄνθρωπον,
2912 1242 2986 1302 ὡς
3031 1240 3085 1294 αἱ
3116 1241 3266 1293 θεῖαι
3320 1237 3411 1291 καὶ
3447 1228 3735 1303 ἀδιάϐλητοι

2116 1338 2212 1389 τοῦ
2263 1332 2535 1394 Μωϋσέως
2597 1328 2974 1406 διαγορεόουσι
3036 1323 3232 1402 βίϐλοι
3272 1370 3286 1395 ,
3360 1324 3451 1379 καὶ
3507 1327 3734 1377 πεσοῦσαν

2121 1423 2255 1497 μετά
2282 1426 2377 1476 τοῦ
2408 1422 2661 1492 σώματος
2719 1417 2809 1472 διὰ
2836 1424 2937 1486 τῆς
2967 1422 3261 1491 παρακοῆς
3292 1413 3383 1468 xui
3414 1415 3511 1481 τῆς
3560 1410 3737 1479 ἀπάτης

2118 1516 2213 1566 τοῦ
2260 1507 2612 1586 ψυχοφθόρου
2662 1504 2974 1581 δράκοντος,
3032 1502 3210 1558 ἐλθὼν
3262 1502 3351 1555 ἐπὶ
3400 1506 3502 1576 γῆς
3530 1501 3611 1553 καὶ
3654 1518 3734 1586 ποθ

2122 1584 2522 1671 λιτιυσάμενος,
2554 1597 2643 1650 καὶ
2686 1592 2939 1669 ὑροδεξας
2985 1595 3121 1665 ἡμῖν
3177 1589 3307 1646 ὁδὸν
3360 1587 3619 1663 σωτηρίας
3664 1584 3736 1639 διά

382 1687 809 1742 surrectionem
840 1704 1007 1742 suam
1047 1706 1081 1743 a
1122 1691 1389 1757 mortuis,
1442 1708 1512 1745 ex
1540 1691 1755 1745 inferni
1786 1690 2012 1762 abyssis

2126 1694 2216 1744 τοῦ
2269 1686 2637 1762 βαπτίσματος
2690 1685 2908 1752 καὶτῆς
2957 1681 3016 1736 ἐκ
3060 1684 3273 1756 νεκρῶν
3330 1678 3493 1733 αὐτοῦ
3547 1676 3733 1729 ἀναστά-

2319 1775 2332 1785 .
2440 1778 2465 1785 ..
2601 1778 2628 1785 ..
2680 1770 2742 1785 κα
2951 1782 2962 1785 _
3029 1771 3039 1785 1
3252 1767 3267 1785 9
3398 1767 3411 1785 9
3549 1764 3561 1781 \
3676 1761 3709 1785 ,I

385 1774 445 1829 in
476 1776 687 1831 caelum
710 1776 961 1833 reduxit.
985 1779 1052 1831 Et
1074 1778 1287 1832 itemm
1310 1779 1552 1834 veniens
1570 1779 1841 1849 judicare
1858 1778 2013 1831 vivos

382 1870 441 1918 et
466 1869 751 1932 mortuos,
784 1866 1159 1920 resuscitabit
1205 1884 1449 1938 corpora
1488 1885 1671 1937 eaque
1704 1866 2015 1923 animabus

382 1951 720 2024 conjunget,
754 1957 812 2007 et
843 1952 1049 2009 reddet
1078 1955 1398 2026 unicuique
1445 1956 1772 2012 secundum
1834 1971 2015 2027 opera

385 2056 510 2095 sua.

453 2216 542 2271 81.
576 2218 708 2272 Haec
739 2234 873 2272 cum
902 2218 1349 2291 phiIOSOphatus
1391 2219 1601 2275 fuisset
1628 2225 1871 2291 martyr,
1902 2220 2022 2275 ini-

390 2322 543 2376 quus
574 2311 631 2359 et
681 2312 947 2377 apostata
992 2306 1259 2362 Julianus
1315 2308 1496 2362 dixit:
1550 2309 1865 2375 Videtisne,
1909 2310 2017 2363 viri

387 2395 633 2449 Romani
666 2400 723 2449 et
771 2396 974 2463 Graeci,
1022 2396 1180 2451 hunc
1226 2397 1541 2451 scelestum
1591 2402 1649 2451 et
1705 2414 2017 2452 exsecran-

387 2484 551 2549 dum,
584 2490 805 2554 quanta
835 2502 904 2539 ex
936 2486 1150 2540 Grecis
1174 2486 1506 2558 disciplinis
1538 2488 1599 2541 in
1631 2493 1894 2543 nostram
1925 2504 2019 2543 re-

386 2573 666 2645 ligionem
699 2573 973 2628 effuderit
1018 2576 1422 2647 nugamenta?
1470 2578 1582 2630 Per
1637 2577 1822 2631 solem
1871 2576 2019 2631 mihi

390 2664 824 2731 charissimum,
852 2665 1002 2719 sicut
1023 2681 1231 2720 aurum
1261 2666 1583 2737 fulgentem
1614 2671 1791 2737 atque
1819 2667 2021 2722 omnia

391 2758 724 2818 ornantem,
757 2770 875 2806 non
905 2754 1096 2823 patiar
1136 2753 1413 2825 deinceps
1446 2757 1777 2809 Graecorum
1802 2754 2023 2809 doctri-

387 2841 480 2894 nis
529 2840 947 2910 impiissimum
1007 2842 1475 2897 Christianorum
1527 2860 1711 2915 genus
1767 2842 2013 2904 erudiri.

386 2930 530 2983 Ecce
550 2927 706 2982 enim
730 2946 910 2983 sacras
932 2929 1270 3001 dogmatum
1292 2931 1680 2985 institutionis
1702 2947 1881 2985 causa
1911 2930 2020 2985 iste

387 3018 704 3089 particeps,
720 3018 859 3072 licet
878 3034 999 3072 non
1020 3025 1176 3073 recte
1201 3024 1257 3074 et
1276 3019 1472 3089 plane,
1496 3019 1712 3074 multas
1736 3025 1933 3073 tamen
1964 3023 2023 3073 et

2126 1798 2283 1846 σεως,
2315 1775 2373 1830 ἐκ
2399 1778 2506 1830 τῶν
2535 1778 2631 1829 τοῦ
2680 1770 2811 1842 ’ᾲδου
2867 1771 3158 1843 πυθμένων
3223 1767 3301 1829 εἰς
3357 1764 3603 1839 οὐρανοὺς
3628 1761 3735 1819 ταῦ-

2121 1887 2220 1936 την
2254 1864 2605 1939 ἐπανήγαγεν*
2637 1860 2725 1916 καὶ
2774 1858 2937 1915 πάλιν
2985 1859 3299 1934 ἐρχόμενος
3342 1860 3515 1930 κρῖναι
3563 1857 3732 1921 ζῶντας

2122 1954 2213 2008 xzoi
2270 1952 2513 2027 νεκροὺς,
2573 1950 2915 2022 ἐξαναστήσει
2970 1948 3037 2001 τὰ
3097 1947 3355 2018 σώματα,
3405 1942 3491 1996 καὶ
3547 1939 3730 2027 συνάψει

2122 2048 2240 2104 ταῖς
2300 2024 2499 2096 ἑαυτῶν
2552 2042 2755 2114 ψυχαῖς
2790 2083 2805 2109 ,
2861 2034 2950 2091 καὶ
3022 2032 3303 2090 ἀποδώσει
3376 2031 3572 2103 ἑκάστῳ
3620 2024 3727 2082 κατά

2123 2130 2192 2186 τὰ
2218 2129 2346 2205 ἔργα
2374 2128 2559 2187 αὐτοῦ.

2195 2203 2299 2273 λα’.
2346 2221 2528 2274 Ταῦτα
2580 2219 2681 2270 τοῦ
2743 2214 3012 2287 μάρτυρος
3064 2203 3722 2288 φιλοσοφήσαντος,ὁπα-

2127 2310 2365 2382 ράνομος
2419 2305 2508 2360 καὶ
2566 2304 2875 2371 ἀποστάτης
2950 2299 3051 2378 ἔφη
3113 2294 3720 2382 Ἰουλιανόςοβορίτε,

2126 2380 2312 2472 ἀνδρες
2331 2397 2600 2467 Ῥωμαῖοι
2619 2394 2709 2447 xui
2740 2391 3033 2460 Ἕλληνες,
3055 2387 3279 2442 τουτονὶ
3300 2386 3391 2439 τὸν
3423 2380 3718 2481 παλαμναῖον

2125 2485 2213 2539 καὶ
2246 2485 2551 2559 ἀλιτήριον,
2611 2481 2777 2535 πόσον
2832 2480 2889 2533 ἐκ
2944 2483 3048 2533 τῶν
3099 2474 3451 2544 Ἑλληνικῶν
3506 2474 3716 2559 μαθημα-

2125 2595 2231 2628 των
2286 2554 2424 2628 κατά
2474 2578 2575 2641 τῆς
2607 2571 2874 2642 ἡμετέρας
2928 2565 3244 2641 έσχεδίασεν
3307 2562 3466 2617 ὕθλον
3501 2578 3513 2628 ;
3551 2557 3627 2614 Μὰ
3650 2554 3714 2642 τὸν

2128 2664 2250 2737 ἐμοὶ
2284 2659 2742 2738 προσφιλέστατον
2799 2657 2959 2726 ἥλιον
3004 2656 3097 2709 τὸν
3133 2657 3417 2729 χουσαυγῆ
3448 2648 3531 2703 καὶ
3559 2641 3713 2743 παγκὸῖ

2128 2736 2513 2824 σμιον,γούκέτι
2557 2748 2809 2819 ἀνέξομαι
2867 2750 2984 2806 τοῖς
3041 2742 3337 2813 Ἐλλήνων
3400 2736 3715 2833 μαθήμασιατο

2128 2842 2468 2915 Χριστιανῶν
2530 2838 2831 2891 ἀθεώτατον
2901 2828 3317 2894 ἐκπαιδεόεσθαι
3395 2827 3577 2901 γένος·
3629 2819 3713 2915 ita”)

2128 2906 2228 3003 γάρ
2258 2935 2360 2997 τῆς
2392 2928 2540 2999 ἱερᾶς
2567 2926 2675 2979 τῶν
2707 2923 2888 2997 λόγων
2932 2918 3185 2981 παιδείας
3235 2916 3325 2974 καὶ
3384 2913 3533 2973 οὗτος
3561 2910 3584 2963 ὁ
3608 2906 3715 3005 κύων

2135 2994 2480 3091 μεταλαϐὼν,
2512 3011 2608 3068 κᾶν
2669 2994 2814 3083 [364]
2867 3012 2968 3065 οὐκ
3013 3007 3096 3063 ἐπ’
3161 3006 3367 3071 εὐθείας
3398 3002 3481 3057 καὶ
3525 2994 3713 3091 όμαλοῦ,

385 3105 465 3177 inj
476 3106 740 3161 ucundas
764 3107 1017 3177 ineptias
1038 3108 1247 3162 eﬂ‘udit
1266 3108 1422 3163 circa
1442 3109 1688 3163 istorum
1719 3124 2016 3164 sacrorum

2130 3077 2256 3161 ἀλλ’
2288 3104 2439 3177 ὅμως
2467 3077 2697 3169 ’πολλὴν
2753 3077 2873 3154 τινα
2928 3097 3018 3152 καί
3066 3098 3276 3172 ἀτερπῆ
3338 3091 3457 3166 περὶ
3483 3089 3571 3177 τὴν
3601 3086 3713 3177 ἱστοῖ-

384 3210 450 3249 ac
482 3194 839 3265 sapientium
883 3196 1139 3250 virorum
1188 3196 1519 3252 historiam.
1551 3198 1639 3251 Ita
1667 3197 1897 3252 locutus
1920 3197 2019 3268 ju-

381 3282 482 3337 bet
506 3288 824 3354 martyrem
846 3283 1156 3338 lictoribus
1181 3284 1330 3338 tradi
1354 3285 1427 3339 ad
1449 3286 1800 3356 quingentas
1830 3302 2020 3355 usque

383 3372 583 3443 plagas
605 3371 1152 3441 vapulaturum.Qui
1175 3372 1484 3443 abreptum
1506 3373 1675 3428 illum
1695 3374 2019 3429 inhumane

386 3459 583 3530 ﬂagris
613 3458 936 3515 caedebant.
970 3462 1039 3514 Et
1086 3478 1276 3531 prmco
1322 3461 1653 3517 clamabat:
1705 3464 1815 3518 Fac
1861 3464 2021 3533 quod

382 3547 502 3602 vult
532 3548 1086 3620 imperator,desine
1118 3550 1371 3605 absurda
1393 3550 1645 3621 loqui,et
1673 3551 2020 3606 liberaberis

384 3652 417 3690 a
448 3637 871 3709 castigantibus
904 3643 979 3693 te.
1030 3641 1246 3709 Martyr
1292 3644 1488 3693 autem
1532 3639 1766 3694 fortiter
1807 3640 2020 3694 tolera-

384 3724 484 3779 bat
520 3726 660 3780 dum
718 3726 1133 3799 ﬂagellaretur,
1195 3733 1396 3783 tacens
1454 3732 1512 3783 et
1566 3730 1811 3784 omnino
1870 3728 2021 3783 nihil

385 3814 711 3883 proferens.

454 3992 541 4046 32.
577 3989 797 4045 Deinde
826 3990 1117 4060 Julianus,
1149 3992 1337 4047 oculis
1372 3993 1433 4047 in
1455 3993 1669 4048 Christi
1700 3997 2020 4064 martyrem

386 4078 702 4132 Macarium
757 4078 1063 4149 conjectis,
1114 4079 1198 4133 sic
1250 4094 1384 4133 eum
1430 4078 1720 4133 allocutus
1767 4084 1895 4134 est:
1939 4080 2022 4133 Tu

382 4165 523 4235 quid
559 4166 707 4221 dicis
735 4172 790 4220 te
844 4167 1052 4237 teipso,
1083 4166 1441 4223 miserabilis
1485 4168 1883 4222 homuncule?
1910 4168 2025 4221 Be-

389 4252 629 4324 spondit
657 4256 973 4310 Macarius:
998 4258 1078 4310 Tu
1108 4256 1234 4327 ipse
1257 4258 1439 4311 miser
1453 4273 1515 4311 es
1538 4262 1596 4311 et
1625 4258 1892 4311 omnium
1924 4257 2024 4310 ho-

386 4342 617 4396 minum
648 4341 1112 4413 infelicissimus,
1145 4346 1311 4399 canis
1341 4345 1575 4400 sordide
1607 4351 1665 4399 et
1692 4345 2018 4410 immunde;

2126 3195 2243 3267 ρίαν
2304 3189 2649 3266 μωρολογίαν
2707 3185 2958 3261 κατέχεεν
3022 3190 3133 3240 τῶν
3196 3186 3356 3260 ἱερῶν
3407 3176 3595 3233 ἐκείνων
3641 3166 3708 3275 καὶ

2126 3281 2438 3360 φιλοσόφων
2490 3276 2720 3352 ἀνδρῶν.
2783 3280 2959 3332 Ταῦτα
3012 3274 3208 3343 εἰπὼν,
3238 3268 3443 3327 κελεύει
3496 3266 3709 3360 τὸννμάρ-

2123 3346 2259 3446 τυρα
2285 3346 2403 3431 τοῖς
2435 3346 2659 3441 δημίοις
2689 3363 3080 3438 παραδοθῆναι,
3127 3360 3219 3446 καὶ
3281 3357 3551 3431 μαστιγοῦν
3577 3346 3707 3446 ἔχρι-

2124 3438 2485 3515 πεντακοσίων
2514 3438 2776 3529 πληγῶν.
2829 3452 2896 3509 Οἱ
2949 3449 3006 3505 δὲ
3055 3445 3317 3509 λαϐόντες
3356 3448 3530 3513 ἢκιζον
3573 3438 3705 3529 ἀπιν-

2126 3548 2357 3621 θρώπως
2396 3548 2510 3605 ταῖς
2568 3525 2800 3615 μάστιξι·
2857 3541 2947 3594 καὶ
3008 3540 3035 3593 ὁ
3090 3537 3265 3612 κήρυξ
3319 3530 3458 3589 ἐϐόα·
3513 3525 3700 3622 "pina-0v

2122 3613 2184 3691 ti)
2213 3639 2310 3689 τοῦ
2362 3613 2627 3707 βασιλέως
2684 3627 2922 3701 θέλημα,
2982 3631 3184 3682 παῦσαι
3243 3629 3347 3679 τῶν
3384 3613 3699 3707 μωΔπολοιγιῶν

2123 3723 2208 3785 κςὶ
2256 3702 2623 3794 ἀπαλλαγήσῃ
2670 3722 2779 3772 τῶν
2824 3714 3172 3784 κολαζόντων
3224 3734 3298 3768 σε.
3348 3712 3405 3766 Ὁ
3451 3704 3501 3760 δὲ
3540 3702 3701 3774 μάρτυς

2127 3813 2397 3887 ἐκαρτέρει
2428 3809 2784 3882 τυπτόμενος,
2818 3810 3039 3861 σιωπῶν
3092 3806 3183 3860 καὶ
3220 3799 3383 3877 μηδὲν
3414 3795 3545 3854 ὅλως
3570 3799 3698 3867 φθῖτ’

2124 3903 2375 3978 γόμενος.
3262 3982 3273 3983 7
3430 3978 3454 3983 _
3554 3969 3562 3983 1

2198 3987 2307 4065 λβ’.
2359 3987 2628 4050 Ἀτενίσας
2685 3984 2741 4040 δὲ
2770 3985 2908 4061 πρὸς
2937 3985 3030 4039 τὸν
3085 3987 3183 4037 τοῦ
3232 3978 3458 4054 Χριστοῦ
3506 3977 3697 4076 μξρτυμ

2124 4077 2423 4151 Μακάριον,
2473 4070 2573 4153 ἔφη
2619 4075 2755 4150 πρὸς
2803 4072 2983 4127 αὐτόν’
3042 4070 3115 4125 Σὺ
3147 4069 3402 4162 τίλέγεις
3446 4069 3553 4162 περὶ

2122 4172 2241 4237 τοῦ,
2299 4164 2647 4239 ταλαίπωρον
2702 4161 3126 4236 ἀνθρωπάριον;
3182 4154 3469 4239 Μακάριος-
3499 4142 3599 4239 ἔφη·
3637 4142 3687 4189 Συ

2127 4258 2173 4310 εἴ
2226 4254 2573 4329 ταλαίπωρος
2630 4253 2719 4306 καὶ
2768 4250 2982 4305 πάντων
3041 4247 3338 4324 ἀνθρώπων
3395 4234 3687 4329 ἀθλιώτερυξ,

2123 4344 2269 4400 κύων
2321 4342 2521 4418 ῥυπαρὲ
2566 4340 2656 4396 καὶ
2713 4339 2994 4413 ἀκάθαρτεο
3053 4336 3159 4411 ἐγὼ
3219 4333 3275 4389 δὲ
3326 4335 3402 4401 τῷ
3430 4324 3528 4381 ὄντι
3558 4330 3685 4391 μακα-

387 4447 490 4501 ego
522 4447 654 4485 vero
684 4432 880 4500 reipsa
907 4431 1113 4487 beatus
1162 4449 1316 4500 sum,
1349 4434 1467 4487 imo
1509 4432 1887 4488 beatissimus
1920 4434 2013 4504 (9),

2126 4432 2239 4508 ριός
2298 4430 2411 4504 εἶμι
2457 4429 2546 4484 καὶ
2600 4429 3077 4501 τρισμακάριστος,
3133 4424 3267 4479 κατά
3319 4420 3411 4486 τὴν
3464 4421 3682 4508 «palamve

378 4519 550 4589 juxta
579 4536 797 4575 nomen
826 4537 1022 4575 meum
1049 4522 1184 4589 (10),
1232 4521 1372 4591 quia
1400 4521 1499 4576 ubi
1549 4522 1845 4576 Christum
1876 4538 2019 4575 con-

390 4608 577 4677 fiteor,
610 4608 789 4663 adoro
819 4609 921 4663 Dei
954 4608 1166 4663 Filium
1196 4609 1488 4663 viventem
1522 4614 1579 4663 et
1598 4614 1905 4663 aeternum.
1938 4610 2021 4662 Tu

385 4701 583 4751 autem
612 4696 805 4768 ipsum
835 4697 1142 4767 abjurasti,
1176 4697 1486 4752 adhmrens
1530 4696 1762 4751 diabolo
1807 4701 1865 4750 et
1916 4712 2025 4751 an-

384 4785 529 4856 gelis
561 4786 710 4856 ejus,
744 4784 1057 4840 homicidis
1090 4790 1145 4839 et
1174 4784 1425 4855 impuris
1475 4784 1801 4856 spiritibus,
1834 4786 1933 4855 qui
1966 4790 2021 4838 te

387 4874 564 4928 etiam
605 4874 854 4928 invitum
900 4875 961 4928 in
1010 4873 1205 4944 ignem
1255 4879 1542 4928 mternum
1588 4874 1922 4945 projicient.
1954 4877 2024 4928 Et

395 4965 675 5032 Apostata
705 4978 717 5017 :
751 4962 954 5031 Video,
983 4963 1198 5033 inquit,
1232 4962 1389 5031 quod
1416 4963 1569 5016 mori
1615 4964 1817 5034 cupias
1864 4968 1921 5018 et
1949 4963 2022 5018 ad

382 5050 752 5105 iracundiam
786 5068 879 5105 me
918 5051 1154 5107 studeas
1182 5067 1519 5122 provocare,
1564 5057 1629 5105 ut
1670 5053 1783 5107 cito
1830 5057 1885 5106 te
1916 5068 2023 5106 au-

380 5138 586 5193 feram.
616 5140 743 5192 Non
773 5144 970 5195 tamen
1000 5145 1065 5195 ut
1106 5139 1464 5211 sperasti,ita
1512 5140 1613 5193 ﬁet
1641 5139 1770 5208 tibi,
1802 5138 2027 5211 impiis-

2133 4501 2257 4593 μίαν
2291 4497 2416 4593 μου,
2448 4518 2531 4573 ὅτι
2576 4497 2667 4571 τόν
2720 4497 2947 4591 Χριστὸν
3004 4513 3294 4586 ὁμολογῶν
3334 4497 3678 4599 appetatur???

2128 4612 2260 4663 Θεοῦ
2290 4607 2413 4661 Υἱὸν
2445 4608 2533 4660 τὸν
2578 4609 2753 4675 ζῶντα
2808 4603 2896 4657 xui
2946 4602 3290 4677 προαιώνιον.
3348 4589 3498 4651 Αὐτὸς
3523 4589 3570 4686 6“;
3590 4594 3680 4686 10L:

2124 4712 2222 4751 τον
2252 4695 2551 4771 ἆπηρνήσω
2599 4690 3038 4767 προσκολληθεῖς
3084 4695 3162 4762 τῷ
3208 4680 3444 4772 διαϐόλῳ
3475 4677 3559 4772 ml,

2128 4784 2381 4859 ἀγγέλοις
2440 4782 2604 4837 αὐτοῦ
2668 4785 2783 4842 τοῖς
2842 4779 3115 4853 ὀλεθρίοις
3165 4797 3221 4832 τε
3273 4771 3357 4826 καὶ
3423 4765 3681 4867 ἀκαθαρτοὶξ

2130 4851 2403 4946 δαίμοσιν,
2435 4868 2487 4925 ο⁹ί
2541 4892 2597 4925 σε
2655 4870 2745 4925 καὶ
2803 4867 2902 4923 οὐκ
2953 4865 3205 4931 ἐθέλοντα
3253 4864 3329 4931 τῷ
3380 4851 3675 4953 αἶιῗζνίῳΛπδῗι

2129 4939 2604 5036 παραπέμψουσιν.
2658 4957 2762 5014 Καὶ
2811 4958 2839 5012 ὁ
2872 4950 3212 5028 Παραόἁτης·
3272 4944 3397 5059 Οῗδὲα
3443 4939 3677 5059 81:31::

2129 5031 2222 5121 τᾷέ
2261 5031 2358 5103 xui
2404 5031 2540 5122 πρὸς
2597 5047 2764 5120 ὀργὴν
2827 5043 3041 5113 κινῆσαί
3102 5064 3165 5116 με
3221 5031 3568 5129 σπεύδειςζίνα
3590 5031 3679 5129 :7:-

2136 5113 2288 5215 χειον
2321 5113 2644 5208 ἐξαναλώσω
2675 5113 2777 5188 ’σε’
2831 5131 2959 5188 ἀλλ’
3009 5113 3116 5206 οὐχ
3165 5131 3236 5192 ὡς
3273 5121 3423 5179 αὐτὸς
3470 5113 3676 5179 ἤλπισας,

1958 5288 2003 5341 Ν
2008 5287 2177 5343 ΟΤᾸΕ.

450 5399 794 5485 _(9)I_Legiltur
822 5399 884 5454 in
914 5404 1085 5485 textu.
1106 5403 1303 5485 Graeco
1328 5419 1362 5485 ς,
1389 5401 1867 5485 τρισμακάριστος.
1901 5403 2015 5484 S_ed

376 5472 497 5543 τρὶς
528 5472 655 5544 (ter)
683 5472 743 5527 in
775 5472 1121 5553 compositis
1150 5472 1437 5545 adjective
1470 5472 1562 5529 συὶ
1600 5472 1870 5545 jungitur
1898 5474 2015 5529 vim

379 5544 545 5602 addit
583 5542 945 5619 superlatm.
978 5545 1128 5600 EDIT.

2194 5401 2306 5473 (ιο)
2338 5397 2616 5487 Meam
2638 5400 2795 5455 enim
2829 5366 3669 5489 είεηίθοαι,δρατξιξιςὶεξθξὲἓιὲῗ

2123 5454 2261 5528 πλέη
2290 5454 3097 5557 ἒακᾴριὴοέυίίιιειωῖἓτοίέθξη
3136 5454 3663 5557 δέίξ.δά,¹ἓὲἔ’ἓξηῗὲἓῗῗέἷ

2122 5523 2711 5619 ᾗὸῇἕίθέίάηίιῑοὲίιπέ
2727 5523 2871 5614 ξξιῖί
2900 5523 3287 5615 animam
3312 5544 3393 5589 seu
3421 5523 3586 5578 beatus.
