3964 6144
253 273 388 334 4281

1586 266 1645 319 S.
1684 265 1986 322 ΔΗΤΕΜῙΙ
2023 266 2294 322 PASSIO.

3493 266 3632 322 1282

257 397 433 458 οὕτως
463 393 609 450 ἔσται
643 413 749 463 σοι,
781 385 1115 446 ἀσεϐέστατε.
1147 392 1325 445 Τοῦτο
1385 384 1442 442 δὶ
1490 390 1706 461 πρῶτον
1756 388 1890 441 ἀπο·
1921 455 1923 462 ι

2042 391 2172 444 ime.
2207 391 2317 446 Sed
2348 392 2458 446 hoc
2488 393 2743 464 primum
2773 393 3088 466 responde,
3138 399 3197 450 et
3243 392 3439 449 indica
3465 395 3638 464 quid-

259 486 446 563 κρίνου
477 483 568 538 καὶ
599 479 838 549 δίδασκε,
874 480 926 534 τί
983 479 1046 533 τὸ
1098 475 1253 549 δόξαν
1279 478 1459 563 ύμῖν,
1490 476 1534 529 ὧ
1565 475 1897 563 παμμίαροι,

260 562 342 630 ὅτι
380 570 522 646 μηδὲ
573 574 700 642 μιᾶς
754 588 898 629 τινος
953 566 1192 640 ἐξουσίας
1249 562 1285 634 ἤ
1345 565 1490 639 παρὰ
1541 562 1808 638 βασιλέως
1863 563 1898 632 ἢ

258 663 406 738 παρά
450 679 597 720 τινος
657 661 766 711 τῶν
825 655 1109 730 ἆρχόντων
1172 651 1582 730 μετειληφότες,
1632 651 1790 708 παντί
1843 673 1900 706 τε

257 753 348 808 καὶ
379 750 658 822 πανταχοῦ
692 742 1094 820 διατρέχοντες,
1144 744 1238 804 τὰς
1297 746 1404 796 τῶν
1463 739 1711 816 μεγάλων
1765 743 1898 796 θεῶν

263 837 494 899 σπονδάς
539 857 598 890 τε
649 833 739 889 καὶ
798 832 982 894 θυσίας
1041 830 1352 905 ἀνατρέπειν
1413 827 1758 898 σπουδάζετε,
1821 826 1904 882 δι-

269 928 554 987 δάσκοντες
611 922 672 978 ἂν
747 921 876 984 τοὺς
934 920 1272 996 ἀνθρώπους,
1346 920 1570 980 τούτους
1633 921 1707 992 μή
1770 920 1902 972 εἶναι

267 1016 440 1088 θεοὺς,
479 1011 619 1087 μηδέ
650 1017 897 1086 σωτῆρας
943 1016 1042 1078 τῆς
1100 1007 1450 1080 οἰκουμένης,
1507 1007 1595 1061 καὶ
1651 1011 1747 1061 τοῦ
1803 1007 1901 1060 ἀν-

267 1102 538 1181 θρωπείου
565 1100 754 1176 γένους
781 1093 1087 1174 προνοητᾶς
1136 1117 1194 1150 τε
1249 1095 1339 1150 καὶ
1389 1097 1537 1169 [365]
1594 1092 1902 1168 κηδεμόνας

264 1193 660 1270 τυγχάνοντας,
692 1187 782 1250 οὕς
815 1189 851 1257 ἡ
882 1188 971 1241 ἀπ’
1031 1185 1227 1247 αἰῶνος
1285 1185 1378 1240 παὶ
1434 1181 1634 1248 ἄνωθεν
1699 1204 1902 1260 πατροο

266 1267 576 1358 παράδοτος
629 1281 737 1333 τῶν
792 1275 1089 1350 ἀνθρώπων
1144 1275 1420 1344 συνήθεια,
1480 1267 1649 1327 σέϐειν
1707 1293 1764 1327 τε
1813 1271 1902 1328 καὶ

267 1373 590 1446 προσκυνεῖν
645 1361 1046 1440 παραδέδωκεν·
1100 1362 1191 1416 τὸν
1252 1360 1310 1416 δὲ
1365 1361 1598 1436 Χριστὸν
1631 1362 1758 1436 χθὲς
1808 1366 1904 1416 τοῦ

2009 494 2146 532 nam
2176 478 2336 532 vobis
2367 480 2553 534 visum
2586 481 2680 550 sit,
2711 481 3077 550 exsecrandi,
3108 486 3173 536 ut
3202 480 3368 534 nulla
3399 482 3516 535 sive
3565 483 3636 536 ab

2007 567 2509 637 imperatore,sive
2532 586 2565 624 a
2582 571 2860 640 quopiam
2885 571 3226 642 magistratu
3250 570 3492 624 licentia
3517 587 3643 625 mu-

2008 655 2140 720 niti,
2173 655 2392 726 ubique
2425 657 2786 726 discurratis,
2824 664 2881 713 et
2910 675 3257 729 magnorum
3290 657 3535 714 deorum
3565 660 3646 713 ri-

2011 747 2105 798 tus
2128 749 2185 798 et
2205 745 2495 800 sacriﬁcia
2521 750 2780 800 evertere
2798 745 3119 812 conemini,
3146 746 3425 800 docentes
3455 747 3644 802 homi-

2011 849 2118 886 nes
2145 849 2242 886 eos
2275 849 2394 886 non
2427 850 2554 887 esse
2572 833 2712 888 deos
2733 850 2926 905 neque
2959 839 3283 890 servatores
3313 834 3649 900 mundi,aut

2010 921 2270 976 humano
2302 923 2502 993 generi
2535 922 2840 992 providere
2873 922 3257 993 ejusdemque
3288 939 3490 994 gerere
3540 941 3645 979 cu-

2010 1025 2157 1078 ram,
2194 1026 2342 1079 quos
2371 1009 2443 1064 ab
2476 1026 2594 1064 avo
2631 1015 2688 1066 et
2717 1011 2920 1065 multis
2950 1016 3105 1065 retro
3139 1011 3372 1066 smculis
3403 1028 3436 1066 a
3464 1013 3646 1084 patri-

2010 1096 2120 1150 bus
2136 1096 2397 1167 profecta
2418 1098 2757 1152 mortalium
2781 1099 3142 1153 consuetudo
3164 1100 3649 1155 reverendostra-

2013 1186 2163 1241 didit
2187 1193 2245 1242 et
2275 1188 2626 1257 adorandos;
2653 1189 2949 1244 Christum
2979 1195 3198 1254 autem,
3231 1190 3331 1260 qui
3361 1190 3488 1244 heri
3521 1207 3648 1245 esse

2013 1277 2206 1348 coepit,
2239 1293 2350 1332 nec
2379 1279 2633 1334 multum
2679 1284 2814 1334 ante
2861 1284 3126 1334 nostram
3178 1284 3430 1348 aetatem,
3464 1281 3649 1334 Deum

2015 1367 2442 1437 sempiternum
2473 1373 2530 1422 et
2567 1384 2763 1439 regem
2811 1368 3220 1422 universorum
3269 1368 3603 1439 praadicatis
3625 1370 3653 1422 Ἰ

270 1461 402 1516 εἶναι
434 1456 752 1532 ἀρξάμενον,
775 1452 864 1508 καὶ
895 1452 956 1506 o6
1003 1450 1110 1526 πρὸ
1159 1447 1374 1506 πολλοῦ
1403 1456 1502 1519 τῆς
1559 1451 1825 1526 ἡμετέρας
1883 1457 2089 1526 γενεᾶς,
2149 1453 2276 1507 Θεὸν
2336 1453 2665 1528 προαιώνιον
2722 1453 2811 1509 καὶ
2873 1450 3099 1529 βασιλέα
3148 1458 3254 1508 τῶν
3315 1454 3458 1510 ὅλων
3519 1456 3648 1510 ἆνα-

269 1547 562 1622 κηρύττετε
589 1563 604 1613 ;

343 1635 438 1710 λγ.
471 1633 571 1688 Καὶ
631 1632 659 1686 6
716 1630 1014 1703 Μακάριος·
1077 1628 1192 1686 Ούκ
1241 1625 1512 1704 ἠρκέσθης
1565 1633 1686 1690 ταῖς
1743 1627 1984 1704 Εὖγε-Β

272 1727 392 1780 νίου
433 1726 626 1800 σοφαῖς
684 1716 1038 1791 ἀποδείξεσιν,
1097 1718 1142 1771 ὦ
1202 1715 1652 1792 παρανομώτατε,
1710 1715 1794 1771 ὅτι
1847 1718 1917 1772 τὰ

275 1815 414 1870 αὐτά
441 1812 533 1867 καὶ
590 1808 713 1886 περὶ
769 1813 878 1864 τῶν
933 1807 1107 1862 αὐτῶν
1168 1807 1246 1861 ἀεὶ
1298 1804 1539 1882 ἐρωτᾷςς
1598 1807 1749 1874 Πλὴν
1808 1803 1918 1879 ἐγώ

277 1923 360 1958 σοι
394 1901 458 1956 τὰ
489 1899 625 1955 αύτά
678 1897 767 1952 καὶ
826 1894 950 1972 περί
996 1899 1104 1949 τῶν
1164 1893 1339 1949 αὐτῶν
1399 1893 1730 1969 ὁμοτρόπως
1783 1894 1919 1948 ἀπο-

275 1991 635 2068 κριθήσομαι,
668 1986 751 2042 ὅτι
784 1985 1014 2059 Χριστὸς
1061 1982 1120 2038 δν
1154 1982 1216 2037 σὺ
1264 1981 1552 2058 χλευάζεις
1598 1984 1688 2038 καὶ
1735 1980 1920 2037 διασύ-

281 2101 392 2158 ρεις
448 2075 737 2154 ἐπιγελῶν,
797 2073 970 2134 οὓτως
1053 2070 1501 2147 παρακελεύεται.
1589 2073 1754 2126 Εἶπεν
1814 2069 1918 2146 γὰρ

285 2170 423 2246 πρὸς
477 2166 605 2230 τοὺς
661 2163 837 2240 ἱεροὺς
892 2161 1055 2217 αὐτοῦ
1115 2161 1382 2234 μαθητάςο
1442 2160 1798 2236 Πορευθέντες
1846 2158 1921 2221 εἷς

284 2245 376 2315 τὸν
437 2257 642 2328 κόσμον
701 2256 927 2317 ἅπαντα,
982 2251 1349 2323 μαθητεύσατε
1402 2248 1577 2304 πάντα
1624 2248 1691 2302 τὰ
1771 2245 1921 2318 ἔθνη,

290 2347 638 2426 βαπτίζοντες
667 2343 860 2404 αὐτοὺς
918 2341 994 2403 εἲς
1048 2341 1110 2395 τὸ
1169 2335 1340 2412 ὄνομα
1394 2341 1492 2392 τοῦ
1551 2337 1779 2410 Πατρὸς,
1835 2335 1924 2392 καὶ

285 2423 382 2492 τοῦ
438 2435 589 2505 Ϊὶοῦ,
645 2433 734 2486 καὶ
784 2435 881 2486 τοῦ
939 2429 1097 2505 άγίου
1154 2425 1490 2499 Πνεύματος,
1577 2423 1926 2486 διδάσποντες

290 2523 486 2586 αὐτοὺς
585 2525 770 2596 τηρεῖν
875 2519 1047 2572 πάντα
1150 2517 1248 2571 ὑσα
1349 2513 1701 2587 ἐνετειλάμην
1775 2515 1926 2586 ὑμῖν,

290 2614 500 2692 φεύγειν
533 2633 592 2667 τε
615 2611 722 2666 ἀπὸ
750 2613 858 2664 τῶν
921 2606 1160 2681 ματαίων
1210 2603 1480 2674 εἰδώλων,
1539 2603 1629 2659 καὶ
1685 2601 1927 2678 ἐπιστρέ-

294 2689 412 2782 ipsis
444 2701 528 2756 ἐπὶ
561 2700 687 2755 Θεὸν
726 2702 918 2767 ζῶντα,
952 2694 1011 2757 ὅς
1057 2689 1230 2749 ἔκτισε
1275 2693 1366 2748 τὸν
1416 2691 1642 2768 οὐρανὸν
1691 2691 1782 2746 καὶ
1831 2693 1930 2759 τὴν

293 2777 422 2866 γῆν.
459 2791 520 2844 Οἱ
551 2789 652 2864 γὰρ
686 2785 796 2851 θεοί
827 2807 945 2853 σου,
979 2782 1071 2847 οὕς
1118 2781 1274 2844 αὐτὸς
1323 2785 1668 2856 προσκυνεῖς,
1731 2777 1929 2866 δαιμό-

295 2864 401 2935 νων
434 2877 534 2933 εἷ’σὶ
568 2875 885 2948 πλάσματα,
919 2872 1008 2928 καὶ
1070 2872 1252 2944 μύθων
1313 2868 1602 2944 εύρέματα,
1658 2866 1747 2922 καῖ
1815 2864 1932 2921 δια-

2087 1635 2174 1690 33.
2207 1632 2294 1688 Ad
2325 1633 2450 1687 hzec
2490 1633 2797 1688 Macarius:
2833 1635 2956 1688 Non
2991 1650 3124 1706 ergo
3157 1635 3517 1689 suffecerunt
3546 1635 3652 1689 tibi

2025 1723 2321 1794 sapientes
2350 1725 2592 1797 Eugenii
2625 1724 3178 1793 demonstrationes,
3215 1725 3653 1794 scelestissime,

2024 1813 2163 1884 quia
2184 1813 2389 1868 eadem
2412 1819 2469 1869 et
2489 1814 2560 1868 de
2585 1815 2794 1869 iisdem
2821 1832 3054 1886 semper
3084 1816 3408 1888 interrogas
3425 1817 3452 1870 ?
3481 1816 3658 1886 Equi-

2023 1901 2158 1957 dem
2187 1901 2290 1956 tibi
2317 1901 2523 1958 eadem
2545 1903 2616 1958 de
2638 1903 2848 1958 iisdem
2893 1919 2959 1959 ac
2984 1903 3190 1958 eodem
3214 1920 3328 1975 quo
3359 1911 3422 1959 tu
3451 1903 3659 1958 ordine

2023 1989 2504 2060 respondebo,ita
2525 1989 2775 2061 jubente
2796 1992 3046 2059 Christo,
3081 2008 3257 2063 quem
3288 1997 3351 2046 tu
3381 1991 3660 2047 deriden-

2027 2078 2168 2132 dum
2225 2078 2453 2148 praebes
2511 2083 2570 2133 et
2629 2079 2931 2134 irridendo
2987 2080 3231 2135 laceras.
3291 2080 3447 2134 Dixit
3499 2079 3659 2135 enim

2029 2165 2246 2221 sanctis
2269 2165 2575 2237 discipulis
2597 2167 2739 2222 suis:
2767 2170 2969 2222 Euntes
3003 2169 3063 2222 in
3107 2167 3398 2223 mundum
3427 2169 3662 2222 univer-

2029 2270 2180 2320 sum,
2214 2255 2400 2308 docete
2429 2271 2608 2310 omnes
2649 2262 2853 2325 gentes,
2881 2255 3218 2326 baptizantes
3247 2273 3332 2312 eos
3356 2258 3416 2310 in
3446 2259 3665 2312 nomine

2030 2342 2232 2411 Patris,
2259 2350 2311 2396 et
2331 2343 2482 2411 Filii,
2510 2349 2560 2397 et
2588 2345 2828 2413 Spiritus
2857 2347 3053 2411 sancti,
3086 2345 3336 2399 docentes
3366 2361 3452 2400 eos
3482 2348 3665 2400 omnia

2030 2447 2365 2500 quacunque
2405 2432 2664 2485 mandavi
2709 2433 2855 2486 vobis
2884 2432 2926 2500 ³,
2977 2437 3034 2486 et
3075 2433 3274 2505 fugere
3304 2449 3451 2488 vana
3481 2435 3662 2488 simu-

2030 2520 2208 2586 lacra,
2241 2524 2300 2572 et
2329 2520 2584 2573 converti
2611 2520 2682 2574 ad
2707 2522 2890 2575 Deum
2919 2521 3132 2591 vivum,
3162 2521 3261 2591 qui
3291 2521 3430 2576 fecit
3450 2523 3662 2578 ccelum

2033 2613 2091 2662 et
2122 2612 2360 2662 terram.
2395 2607 2483 2661 Dii
2517 2608 2670 2661 enim
2707 2609 2811 2675 tui,
2845 2626 2993 2678 quos
3023 2610 3146 2680 ipse
3178 2609 3408 2678 adoras,
3441 2610 3662 2664 daamo-

2034 2713 2177 2750 num
2196 2701 2336 2750 sunt
2356 2696 2722 2767 figmenta,et
2745 2697 2983 2751 inventa
3011 2696 3366 2764 fabularum,
3386 2702 3445 2752 et
3465 2698 3666 2753 diabo-

2032 2785 2162 2839 lica)
2187 2784 2547 2854 operationis
2576 2783 2750 2839 fetus.
2783 2787 2863 2840 De
2889 2785 2982 2839 bis
3013 2784 3170 2840 enim
3203 2785 3346 2840 dicit
3373 2786 3675 2858 Scriptura

2035 2879 2274 2929 nostra:
2311 2875 2416 2940 Dii,
2449 2875 2546 2943 qui
2577 2873 2768 2928 caelum
2799 2881 2849 2928 et
2881 2881 3083 2928 terram
3112 2891 3220 2928 non
3248 2878 3517 2944 fecerunt,
3543 2893 3673 2946 per-

292 2964 527 3036 6ολικῆς
579 2963 843 3041 ἐνεργείας
901 2961 1362 3046 κυοφορήματαον.
1398 2957 1545 3032 λέγει
1601 2957 1732 3046 ,γὰρ
1807 2955 1923 3046 περί

2042 2969 2166 3017 eant
2196 2961 2239 3014 ³.
2274 2961 2385 3016 Sed
2416 2961 2530 3016 alia
2563 2978 2797 3032 quoque
2841 2962 2955 3030 lex,
3006 2963 3333 3034 imperialis
3373 2981 3609 3036 nempe,
3642 2981 3675 3019 a

297 3056 538 3124 αύτῶνὴ
569 3055 808 3127 ἡμετέρα
854 3051 1064 3128 Γραφή.
1125 3048 1246 3103 Θεοί
1302 3043 1362 3101 οἷ’
1409 3047 1502 3100 τὸν
1559 3044 1786 3118 οὐρανὸν
1842 3044 1930 3098 καὶ

291 3148 396 3216 τὴν
453 3151 554 3220 γῆν
619 3141 716 3196 οὐκ
795 3138 1053 3209 ἐποίησαν
1129 3130 1537 3191 ἀπολέσθωσαν.
1618 3131 1794 3190 Ἀλλὰ
1843 3132 1934 3186 καὶ

294 3235 466 3308 νόμος
499 3231 692 3292 αὐτοὺς
744 3225 924 3304 ἔτερος
966 3224 1253 3303 βασιλικὸς
1313 3226 1341 3280 6
1398 3223 1543 3298 παρὰ
1599 3221 1936 3278 Κωνσταντί-

297 3346 394 3379 νου
422 3327 517 3377 τοῦ
549 3324 645 3376 σοῦ
666 3322 956 3394 συγγενοῦς
1012 3316 1265 3384 ἐκτεθεὶς,
1313 3310 1570 3370 ἐκϐάλλει
1622 3319 1722 3382 τῆς
1769 3331 1941 3385 προσ-

298 3414 600 3483 κυνήσεως,
657 3409 746 3463 καὶ
803 3405 1058 3462 καταλύει
1117 3404 1292 3460 αὐτῶν
1348 3403 1415 3458 τὰ
1491 3396 1820 3475 σεϐάσματαο
1881 3400 1938 3462 ὅς

303 3503 380 3566 είς
413 3500 650 3574 Χριστὸν
679 3496 989 3566 πιστεύσας,
1020 3497 1088 3552 τὰ
1115 3499 1226 3550 τῶν
1281 3490 1527 3548 εἰδώλων
1563 3493 1760 3565 τεμένη
1808 3511 1941 3545 κατ·

304 3594 547 3669 έστρεψε,
577 3589 793 3651 καὶτὰς
851 3586 1264 3663 προσαγομένας
1323 3583 1508 3644 αὐτοῖς
1553 3581 1737 3644 θυσίας
1776 3577 1947 3669 ᾅδιαρ-ξ

305 3667 480 3759 ῥήδην
512 3677 802 3734 ἀπέπαυσε.
856 3677 922 3734 Τί
973 3674 1150 3730 τοίνυν
1198 3671 1514 3745 ἀδικοῦμεν,
1549 3672 1593 3724 ὧ
1645 3667 1948 3745 βασιλεῦ,ἇί

304 3771 437 3834 Θεὸς
464 3766 779 3843 προσέταξε,
837 3766 927 3819 καὶ
995 3761 1251 3839 βασιλεὺς
1305 3762 1470 3835 μέγας
1527 3759 1948 3832 νενομοθέτηκε,

304 3857 658 3932 κρατύναντες
717 3854 807 3909 καὶ
856 3850 1334 3920 διαυθεντίζοντες,
1385 3848 1417 3902 ἅ
1471 3847 1528 3903 δὶ
1583 3851 1620 3918 ἡ
1673 3851 1782 3902 τῶν
1837 3866 1950 3900 πα-

2041 3050 2427 3106 Constantino
2447 3051 2886 3122 consanguineo
2912 3056 3008 3104 tuo
3041 3051 3179 3116 lata,
3207 3052 3551 3107 adoratione
3576 3069 3675 3107 eos

2043 3139 2321 3205 excludit,
2355 3143 2411 3193 et
2439 3138 2705 3193 dissolvit
2734 3156 2939 3194 eorum
2971 3140 3215 3194 cultum.
3259 3141 3678 3196 Constantinus

2047 3228 2228 3290 enim,
2256 3227 2470 3282 Christi
2511 3228 2626 3283 ﬁde
2676 3234 2971 3300 suscepta,
3004 3229 3298 3283 idolorum
3331 3230 3550 3300 templa
3577 3229 3681 3283 de-

2049 3317 2280 3384 struxit,
2316 3322 2373 3371 et
2400 3333 2532 3387 quae
2561 3317 2645 3372 eis
2698 3317 3101 3372 offerebantur
3148 3318 3454 3373 sacrificiis
3485 3323 3686 3390 aperte

2051 3407 2231 3461 tinem
2253 3406 2555 3478 imposuit.
2581 3407 2728 3472 Quid
2757 3424 2891 3480 ergo
2915 3408 3053 3462 mali
3069 3409 3318 3480 agimus,
3346 3409 3689 3479 imperator,

2054 3495 2102 3550 si
2135 3511 2265 3566 quae
2305 3497 2458 3550 Deus
2489 3496 2790 3551 mandavit
2819 3502 2876 3551 et
2921 3513 3170 3569 magnus
3212 3497 3534 3568 imperator
3561 3497 3690 3570 lege

2057 3584 2304 3639 sancivit
2325 3585 2658 3640 stabilimus
2702 3590 2761 3639 et
2781 3602 2815 3639 a
2844 3586 3179 3656 suspicione
3204 3585 3478 3641 falsitatis
3500 3585 3689 3640 vindi-

2058 3689 2280 3739 camus,
2322 3691 2452 3743 quaa
2500 3678 2697 3728 autem
2745 3680 3028 3741 veterum,
3059 3679 3124 3728 ut
3177 3674 3396 3742 dixisti,
3428 3675 3690 3728 vivorum

2057 3761 2402 3832 insipientia
2441 3779 2510 3816 ex
2565 3762 2899 3817 daemonum
2952 3762 3390 3818 machinatione
3448 3763 3690 3830 invenit,

2062 3849 2444 3906 eliminamus
2472 3857 2529 3906 et
2557 3851 2940 3923 prohibemus
2960 3852 2988 3906 ‘?

304 3946 500 4016 λαιῶν,
555 3945 628 4008 ὠς
687 3940 846 4018 ἔφης,
905 3939 1113 4016 ἀνδρῶν
1165 3937 1320 3994 ἄνοια
1372 3937 1432 3993 ἐκ
1484 3944 1583 4007 τῆς
1653 3939 1760 3990 τῶν
1817 3933 2092 4008 δαιμόνων
2151 3937 2341 4014 ἐφεῦρε
2400 3937 2832 4014 μηχανουργίας,
2891 3937 3291 4017 ἐξαφανίζοντες
3348 3938 3440 3994 καὶ
3499 3936 3694 3993 διακω-

305 4036 682 4198 λυῖἔθςθῖ’λδ’.
744 4119 848 4177 Καὶ
907 4118 934 4172 6
985 4111 1335 4189 ΙῙαραϐάτης·
1401 4111 1576 4171 Ἀλλὰ
1658 4116 1948 4169 Κωνσταν-

296 4218 474 4281 τῖνος,
511 4209 874 4287 οἷκτρότατοι,
913 4205 1230 4282 νεωτερίςας
1285 4202 1374 4258 διὰ
1415 4205 1509 4266 τὰς
1541 4200 1949 4278 προσπεσούσας

2133 4117 2219 4169 34.
2276 4116 2600 4187 Respondit
2640 4117 2958 4186 Apostata:
3007 4116 3118 4172 Sed
3169 4115 3612 4182 Constantinus,
3667 4131 3700 4168 o

2061 4205 2404 4272 miserrimi,
2454 4222 2589 4260 cum
2637 4205 2975 4261 innovasset
3023 4205 3294 4276 quaedam
3334 4210 3574 4277 propter
3605 4220 3703 4258 eas

303 4301 450 4374 αύτῷ
483 4297 892 4374 ἀνοσιουργίας,
922 4296 1126 4365 ἀπέστη
1155 4297 1264 4348 τῶν
1300 4295 1456 4364 θεῶν,
1504 4292 1592 4368 ὑφ’
1649 4291 1798 4364 ὑμῶν
1843 4293 1922 4343 τῶ

2062 4310 2210 4364 quas
2241 4293 2446 4348 didicit
2474 4294 2831 4364 impietates,
2863 4311 2898 4349 a
2944 4294 3058 4349 diis
3090 4293 3325 4362 defecit,
3357 4292 3638 4364 deceptus
3670 4307 3704 4346 a

304 4388 621 4446 Γαλιλαίων
657 4385 1029 4458 ἐξαπατηθεὶς,
1057 4385 1150 4439 ἅτε
1180 4381 1247 4452 δὴ
1275 4378 1518 4442 παιδείας
1549 4380 1843 4454 ἀμέτοχος,
1865 4399 1923 4432 κα

2063 4383 2228 4437 vobis
2255 4383 2600 4448 Galilaais,ut
2633 4384 2731 4453 qui
2765 4388 2921 4438 esset
2950 4383 3145 4439 omnis
3171 4383 3452 4438 doctrinze
3476 4398 3708 4453 expers,

317 4481 456 4553 μήτε
485 4483 603 4539 τοῖς
635 4478 968 4549 Ῥωμαῖκοῖς
1001 4475 1219 4546 νόμοις,
1262 4472 1404 4546 μήτε
1448 4475 1566 4532 τοῖς
1607 4467 1923 4538 Ἐλληνικοῖ

2065 4488 2258 4543 neque
2290 4473 2690 4526 Romanorum
2720 4471 2948 4545 legibus
2981 4478 3039 4527 et
3079 4473 3413 4528 Graecorum
3445 4470 3711 4526 moribus

2069 4561 2442 4617 informatus.
2500 4563 2616 4633 Ego
2672 4578 2826 4627 vero,
2887 4562 3090 4632 impie,
3141 4562 3242 4632 qui
3290 4562 3362 4617 ad
3408 4575 3710 4615 summum

2071 4653 2283 4707 Graeca
2315 4656 2374 4705 et
2401 4653 2678 4706 Romani»
2711 4650 3062 4706 eruditionis
3087 4651 3347 4722 perveni,
3380 4655 3438 4703 et
3465 4649 3527 4702 in
3555 4653 3709 4701 vete-

2071 4757 2204 4796 rum
2253 4741 2510 4794 virorum
2561 4739 2892 4812 theologiis,
2948 4739 3223 4795 videlicet
3266 4736 3554 4802 Mercurii,
3606 4736 3713 4789 Or-

2075 4829 2211 4899 phei
2270 4833 2327 4882 et
2371 4828 2660 4894 Platonis,
2715 4829 3067 4884 exercitatus
3127 4843 3280 4894 sum,
3337 4830 3394 4880 et
3441 4822 3714 4878 Judaicas

2077 4916 2406 4986 Scripturas
2483 4916 2656 4988 plane
2728 4917 2990 4989 cognitas
3063 4915 3273 4979 habeo,
3355 4911 3714 4968 conculcatis

2077 5005 2286 5058 horum
2320 5005 2714 5076 nugamentis,
2742 5005 2923 5078 jubeo
2958 5004 3228 5060 homines
3278 5001 3350 5057 ad
3400 5017 3627 5056 morem
3659 5003 3718 5055 et

2077 5092 2301 5148 cultum
2360 5108 2395 5147 a
2440 5093 2706 5164 patribus
2755 5094 3058 5156 traditum,
3119 5091 3604 5162 antiquissimum
3661 5093 3720 5144 et

2081 5182 2194 5238 diis
2222 5180 2624 5254 gratissimum
2663 5199 2869 5238 rursus
2923 5197 2985 5235 se
3032 5185 3281 5248 vertere,
3313 5181 3509 5252 potius
3542 5194 3721 5249 quam

2081 5270 2457 5327 indoctorum
2504 5288 2572 5326 ac
2619 5277 2965 5327 novatorum
3016 5269 3269 5341 ineptias
3301 5269 3494 5340 sequi.
3523 5267 3634 5321 Sed
3665 5269 3723 5318 et

2082 5361 2192 5416 iste
2224 5367 2471 5416 exuatur
2497 5367 2654 5416 veste
2694 5377 2820 5426 sua,
2875 5360 3093 5430 ﬁatque
3142 5359 3460 5432 ﬂagrorum
3491 5353 3720 5426 experi-

309 4565 482 4622 ἔθεσιν
513 4563 868 4640 ἐμπεδωθείς·
933 4560 1042 4636 ἐγὼ
1092 4559 1170 4632 δὲ,
1205 4560 1249 4614 ὦ
1283 4561 1481 4628 ἀνόσιε,
1541 4561 1639 4627 τῆς
1688 4555 1957 4627 Ἐλληνι-

304 4659 406 4725 κῆς
455 4677 514 4711 τε
568 4655 660 4709 καὶ
719 4654 1035 4726 Ῥωμαῖκῆς
1086 4646 1330 4710 παιδείας
1395 4645 1556 4724 ἄκρον
1616 4642 1962 4719 ἐπειλημμέ-

309 4765 426 4815 νος,
457 4745 546 4799 καὶ
577 4747 694 4804 ταῖς
740 4745 847 4795 τῶν
900 4737 1147 4794 παλαιῶν
1200 4734 1402 4810 ἀνδρῶν
1465 4735 1797 4809 θεολογίαις,
1840 4737 1962 4808 Ἑρ-

317 4838 420 4908 μοῦ
449 4830 507 4887 τέ
555 4852 700 4909 φημι
759 4829 848 4884 καὶ
905 4825 1150 4903 Ὀρφέως
1207 4823 1299 4878 καὶ
1358 4821 1676 4909 Πλάτωνος,
1731 4823 1962 4892 ἐξησκηο

317 4924 498 4996 μένος,
532 4907 637 4996 ούχ
667 4921 864 4988 ἣκιστα
923 4913 979 4970 δέ
1035 4913 1123 4969 καὶ
1179 4917 1299 4976 ταῖς
1355 4907 1678 4968 Ἰουδαϊκαῖς
1729 4913 1965 4986 Γραφαῖς

315 5006 821 5083 έξωμιληκὼς,καὶ
860 5006 960 5074 την
1014 5002 1221 5057 τούτων
1276 4997 1553 5076 τερθρείαν
1612 4999 1965 5070 πεπατηκὼς,

315 5098 480 5154 πάλιν
513 5097 601 5154 ἐπὶ
652 5097 714 5152 τὸ
770 5089 1252 5170 πατροπαράδοτον
1308 5089 1398 5143 καὶ
1453 5086 1817 5162 ἀρχαιότατον
1875 5086 1966 5141 καὶ

318 5187 570 5266 θεοφιλὲς
597 5186 724 5247 τοὺς
768 5185 1086 5258 ἀνθρώπους
1137 5176 1259 5245 ἔθος
1318 5199 1377 5232 τε
1433 5177 1525 5232 καὶ
1586 5172 1743 5239 σέϐας
1795 5179 1970 5250 μένειν

319 5265 734 5347 διακελεύομαι.
767 5273 802 5342 ἢ
833 5278 952 5334 ταῖς
1001 5276 1110 5326 τῶν
1170 5265 1509 5324 ἀπαιδεύτων
1569 5266 1659 5320 καὶ
1717 5287 1968 5342 νεωτερι-

323 5369 528 5438 ζόντων
558 5363 765 5427 ἀνοίαις
795 5361 1135 5416 ἀκολουθεῖν·
1194 5357 1340 5414 αλλὰ
1386 5359 1695 5434 ἀπογυμνοι
1740 5369 1850 5423 σθω
1881 5358 1972 5413 καὶ

399 5583 424 5619 ³
452 5580 650 5640 Matth.
683 5593 879 5651 xxvm,
917 5579 1005 5650 19,
1030 5576 1118 5637 20.
1195 5575 1217 5611 ³
1247 5575 1458 5634 Jerem.
1499 5591 1556 5647 x,
1591 5577 1677 5632 11.
