3964 6144
380 212 519 268 1283

1889 206 2256 273 annnuna.

3621 211 3779 295 una

377 338 561 396 menti
591 338 905 411 particeps,
934 341 1000 393 ut
1025 336 1117 391 vel
1147 352 1217 391 ex
1242 335 1354 391 hoc
1385 332 1707 407 sapientior
1746 333 1989 388 effectus

2143 328 2286 419 ιῦτος
2312 336 2409 401 τῆς
2438 330 2782 408 ἀμπεχόνης,
2814 331 2904 390 xui
2934 341 3038 405 τῆς
3094 338 3201 390 τῶν
3251 334 3529 410 μαστίγων
3578 306 3784 419 πείρας

312 470 315 473 ι
376 428 596 485 nostris
618 428 847 502 legibus
879 427 1055 481 etiam
1087 425 1301 479 invitus
1334 441 1395 479 se
1427 422 1755 479 submittat.

446 699 535 751 35.
570 698 711 751 Cum
751 694 929 766 igitur
980 698 1268 765 martyres
1312 692 1632 746 inhumane
1682 690 2017 746 cruciaren-

377 790 472 840 tur
503 790 560 839 et
588 783 946 857 gravissimis
973 782 1479 837 contunderentur
1510 780 2021 847 verberibus,bea-

373 878 467 927 tus
499 877 555 925 et
592 872 722 942 pius
758 870 1075 935 Artemius,
1112 870 1227 923 dux
1259 874 1316 922 et
1346 868 1668 941 augustalis
1696 868 1804 938 (11)
1839 872 2017 923 totius

372 960 618 1033 Egypti,
652 964 716 1014 ut
747 976 923 1030 supra
946 958 1267 1013 indicatum
1302 964 1408 1023 est,
1444 974 1476 1011 a
1505 957 1849 1011 Constantio
1884 973 2018 1011 con-

373 1050 633 1116 stitutus,
668 1050 845 1102 etiam
874 1053 1113 1120 propter
1144 1052 1365 1101 rectam
1397 1051 1455 1101 et
1486 1047 1773 1116 integram
1804 1044 2013 1116 agendi

369 1137 661 1192 rationem
688 1154 885 1191 rerum
919 1138 979 1190 in
1009 1137 1173 1207 Syria
1211 1135 1601 1207 gerendarum
1649 1134 2013 1205 procuratio-

372 1242 509 1280 nem
532 1231 856 1297 acceperat.
873 1226 1015 1279 Cum
1043 1242 1176 1297 ergo
1202 1224 1591 1295 imperatoriae
1616 1225 2011 1277 Romanorum

367 1314 609 1370 familiai
642 1313 1051 1369 devotissimus
1084 1319 1257 1380 esset,
1291 1318 1349 1366 et
1375 1312 1695 1367 audivisset
1713 1312 2010 1366 lulianum

371 1402 619 1476 imperio
651 1404 904 1476 potitum
937 1402 1010 1457 ad
1050 1403 1351 1457 Persicum
1402 1417 1716 1473 properare
1760 1400 2008 1470 bellum,

366 1491 623 1563 acceptis
656 1508 889 1563 quoque
912 1491 1125 1545 litteris
1148 1490 1361 1561 quibus
1377 1488 1698 1560 jubebatur
1718 1505 1850 1543 cum
1874 1489 2007 1543 uni-

363 1597 528 1636 verso
561 1579 820 1635 exercitu
864 1579 1242 1634 Antiochiam
1285 1578 1549 1646 tendere,
1582 1578 1643 1631 in
1675 1577 1893 1634 dictam
1923 1578 2009 1632 ci-

2128 416 2179 472 ἐν
2213 420 2419 492 μεθέξει
2471 421 2724 497 γενέσθω·
2786 423 2861 487 ὡς
2918 420 2977 478 ἄν
3036 422 3096 479 ἒκ
3150 425 3345 479 τούτου
3404 424 3775 501 σωφρονέστε-

2129 528 2222 583 ρος
2244 511 2503 585 γεγονὼς,
2531 517 2649 576 τοῖς
2679 514 2973 589 ἡμετέροις
3000 513 3194 587 νόμοις
3222 513 3310 569 καὶ
3364 515 3441 588 μή
3500 513 3779 588 βουλόμε-

2126 618 2218 660 νος
2256 598 2600 673 ὑποκύψειεν.

2199 684 2294 743 λε’.
2349 687 2568 743 Τούτων
2623 689 2796 744 τοίνυν
2855 690 3234 766 ἀπανθρώπως
3310 695 3776 768 τιμωρουμὲνων,

2126 772 2404 847 αἰκισμοῖς
2453 798 2509 832 τε
2572 779 2893 853 βαρυτάτοις
2943 777 3353 855 ἀλγυνομὲνων,
3414 781 3442 835 6
3504 782 3778 855 μακάριος

2125 862 2214 916 xui
2249 859 2473 933 εὐσεϐὴς
2506 867 2811 939 Ἀρτεμιος,
2871 868 2944 928 ὡς
2999 865 3441 943 προδεδήλωται,
3492 867 3616 939 δοὺξ
3673 869 3774 923 xui

2123 950 2528 1027 Αὖγουστάλιος
2560 954 2660 1008 ὑπὸ
2694 955 3072 1011 Κωναταντίου
3101 963 3202 1025 τῆς
3259 956 3537 1032 Αἰγύπτου
3585 971 3773 1028 πάσης

2123 1041 2492 1112 κατασταθεὶς,
2522 1044 2612 1097 xui
2663 1041 2751 1098 διὰ
2806 1044 2903 1112 τήν
2962 1043 3131 1117 ἀρθήν
3191 1044 3353 1099 αὐτοῦ
3407 1046 3495 1100 xui
3554 1045 3778 1120 ἀμίμη-

2122 1149 2210 1183 τον
2245 1131 2434 1204 πρᾶξιν
2467 1129 2767 1206 ἐπιτροπὴν
2800 1129 2929 1206 ἔσχε
2954 1132 3043 1187 καὶ
3099 1138 3206 1188 τῶν
3248 1141 3347 1203 τῆς
3400 1133 3599 1209 Συρίας
3647 1136 3775 1189 ἐπι-

2123 1214 2402 1289 μελεῖσθαι
2452 1220 2806 1295 πραγμάτων·
2868 1221 2942 1281 ὡς
3002 1220 3261 1296 ὑπάρχων
3316 1223 3406 1277 οὗν
3488 1235 3773 1287 καθοσιω-

2124 1307 2283 1377 μένος
2314 1311 2382 1381 τῇ
2413 1312 2518 1362 τῶν
2579 1310 2864 1381 Ῥωμαίων
2921 1308 3192 1384 βασιλείᾷ,
3242 1310 3332 1365 xui
3394 1311 3621 1373 ἀκνύσας
3677 1311 3769 1367 δτι

2117 1393 2418 1461 Ἰουλιανὸς
2451 1393 2823 1473 βεϐασίλευκι,
2853 1399 3112 1474 καὶπρὸς
3170 1401 3260 1455 τὸν
3311 1401 3574 1476 Περσικὸν
3633 1424 3774 1458 κατ-

2119 1484 2389 1559 επείγεται
2420 1486 2688 1561 πόλεμον,
2740 1488 3039 1564 γράμματά
3094 1509 3151 1543 τε
3198 1486 3485 1562 δεξάμενος
3532 1491 3601 1544 τὰ
3658 1513 3771 1545 πα-

2118 1572 2518 1649 ρακελευόμενα
2572 1575 2706 1648 μετὰ
2771 1577 2975 1638 παντὸς
3051 1581 3149 1633 τοῦ
3220 1578 3625 1654 στρατεύματος
3684 1581 3771 1643 εἰς

360 1668 598 1723 vitatem
623 1668 795 1740 juxta
825 1668 1104 1723 mandata
1134 1684 1194 1721 se
1227 1667 1495 1733 contulit,
1533 1672 1591 1721 et
1620 1683 1752 1722 cum
1786 1683 1851 1720 eo
1884 1682 1990 1737 quc

2143 1663 2460 1737 Αντιόχειαν
2493 1665 2666 1737 ἣκειν,
2689 1665 2824 1719 κατὰ
2869 1665 2931 1719 τὸ
2988 1667 3267 1730 κεκευσοὶν
3326 1665 3473 1739 αὐτῷ
3525 1671 3767 1744 παρεγὲ-

358 1773 465 1827 par
499 1762 622 1813 erat
652 1762 936 1829 apparatu
970 1762 1027 1811 et
1074 1756 1351 1812 satellitio
1403 1754 1589 1811 astitit
1635 1754 1998 1826 imperatori,

362 1861 467 1916 pro
504 1845 785 1900 tribunali
820 1844 1071 1911 sedenti,
1106 1844 1341 1915 quando
1372 1843 1441 1898 de
1475 1843 1693 1898 sanctis
1728 1844 2001 1915 martyri-

361 1933 471 1989 bus
521 1934 843 1988 sceleratus
893 1932 1148 1988 habebat
1200 1932 1609 2003 quaestionem.
1662 1933 1764 1988 Cui
1811 1932 1999 1988 dixit:

359 2023 494 2087 Quae
520 2026 574 2077 te
599 2038 775 2079 causa
806 2022 1497 2093 impellit,imperator,ut
1525 2027 1640 2075 tam
1674 2021 1999 2077 inhumane

356 2110 509 2165 vires
542 2116 777 2165 sanctos
811 2117 867 2164 et
898 2111 1014 2164 Deo
1048 2115 1424 2164 consecratos
1474 2114 1750 2179 torqueas
1799 2116 1853 2164 et
1901 2128 2000 2165 co-

353 2215 454 2273 gas
488 2199 667 2253 ﬂdem
699 2214 864 2252 suam
908 2198 1180 2268 abjurare
1204 2198 1231 2251 ?
1260 2198 1417 2252 Scias
1452 2197 1629 2269 igitur
1661 2198 1816 2269 quod
1848 2204 1905 2252 et
1938 2204 1997 2255 tu

352 2289 527 2342 homo
561 2289 662 2353 sis,
698 2287 910 2342 iisdem
942 2286 1244 2342 doloribus
1294 2286 1580 2341 obnoxius
1610 2286 1996 2359 ejusdemque

348 2380 575 2431 natura)
610 2375 999 2430 afﬂictionum
1040 2376 1354 2446 particeps,
1408 2376 1637 2430 etiamsi
1683 2377 1835 2431 Deus
1884 2378 1993 2432 im-

352 2472 685 2539 peratorem
718 2472 773 2522 te
804 2466 1211 2533 constituerit;
1248 2466 1294 2520 si
1338 2465 1511 2521 modo
1564 2483 1596 2521 a
1642 2467 1757 2522 Deo
1806 2468 1993 2539 impe-

348 2557 503 2611 rium
537 2561 724 2624 tenes,
775 2572 883 2611 nec
916 2556 1112 2626 potius
1141 2554 1281 2609 mali
1314 2554 1590 2626 princeps
1618 2560 1676 2611 et
1706 2556 1991 2625 scelestus

348 2644 639 2713 diabolus,
670 2645 821 2699 sicut
851 2644 992 2701 olim
1041 2643 1144 2698 Job
1190 2643 1572 2716 afﬂigendum
1605 2645 1775 2716 petiit
1805 2650 1863 2699 et
1888 2662 1989 2701 ac-

350 2735 527 2806 cepit,
557 2734 639 2789 ita
667 2738 723 2787 et
754 2739 807 2788 te
837 2733 1115 2787 adversus
1165 2750 1271 2787 nos
1322 2734 1569 2804 petitum
1604 2735 1833 2805 accepit
1864 2751 1992 2789 sce-

343 2822 757 2891 leratissimus,
786 2826 851 2875 ut
880 2821 1098 2876 cribret
1127 2821 1338 2875 Christi
1376 2821 1633 2875 triticum
1673 2827 1733 2876 at
1782 2839 1987 2893 super-

342 2911 595 2966 seminet
623 2912 855 2979 zizania.
892 2910 1001 2964 Sed
1034 2911 1093 2964 in
1124 2927 1338 2965 vanum
1370 2910 1597 2966 laborat
1625 2930 1637 2977 ;
1672 2928 1790 2966 non
1825 2913 1983 2966 enim

343 2999 550 3055 eadem
601 3016 718 3070 qua
768 2998 911 3054 olim
958 2998 1175 3071 gaudet
1221 2999 1505 3070 potentia.
1556 3001 1698 3054 Nam
1751 3016 1819 3053 ex
1868 3017 1983 3070 quo

339 3089 605 3144 Christus
656 3088 819 3143 venit
867 3094 925 3142 et
971 3087 1031 3142 in
1082 3092 1277 3142 erecta
1322 3104 1493 3143 cruce
1544 3088 1831 3144 exaltatus
1872 3095 1981 3160 est,

339 3178 552 3234 cecidit
581 3176 920 3232 daemonum
953 3176 1705 3247 supercilium,conculcata
1723 3183 1811 3232 est
1835 3177 1988 3250 ipso-

335 3284 466 3322 rum
500 3266 783 3338 potentia,
819 3271 1016 3337 spreta
1048 3271 1184 3319 sunt
1214 3265 1798 3331 machinamenta.Ne
1820 3265 1987 3322 falla-

334 3355 417 3409 ris
449 3372 606 3427 ergo,
642 3354 982 3425 imperator,
1032 3369 1176 3408 neve
1228 3353 1596 3408 dmmonibus
1642 3354 1980 3426 gratiﬁcans

335 3441 803 3497 Christianorum
835 3458 1040 3513 genus,
1070 3442 1225 3514 quod
1258 3442 1410 3495 Deus
1453 3442 1729 3508 custodit,
1781 3459 1979 3513 perse-

332 3530 553 3601 quaris.
589 3529 756 3584 Disce
790 3530 969 3601 igitur
996 3528 1273 3583 invictam
1310 3544 1437 3582 esse
1469 3532 1645 3600 atque
1678 3529 1980 3601 insupera-

2110 1770 2229 1804 νετο
2263 1749 2314 1804 ἐν
2344 1751 2679 1826 Ἀντιοχείᾳ,
2714 1751 2804 1806 καὶ
2841 1751 2973 1824 μετὰ
3022 1760 3124 1823 τῆς
3174 1753 3558 1830 προσηκούσης
3606 1756 3763 1829 αὐτῷ

2106 1844 2279 1911 τιμῆς
2317 1860 2376 1894 τε
2431 1839 2521 1894 καὶ
2582 1838 2926 1919 δορυφορίας,
2986 1844 3334 1917 παρειστήκει
3401 1848 3478 1916 τῷ
3536 1843 3767 1919 βασιλιῖ

2108 1927 2194 1981 hri
2228 1928 2323 1982 τοῦ
2390 1929 2657 2002 βήματος,
2716 1928 2804 1985 ὅτε
2860 1931 2959 1999 τήν
3013 1935 3122 1985 τῶν
3180 1930 3349 2006 ἁγίων
3409 1936 3555 2008 [367]
3614 1956 3761 2010 μαρ-

2105 2015 2281 2091 τύρων
2345 2018 2372 2071 ὁ
2433 2021 2752 2093 παράνομος
2811 2019 3050 2073 ἐποιεῖτο
3110 2019 3362 2089 ἐξέτασιν·
3424 2020 3511 2076 καὶ
3592 2022 3763 2099 φησὶν

2107 2106 2242 2179 πρὸς
2272 2104 2454 2162 αὐτόν.
2488 2108 2554 2162 Ὢ
2598 2107 2842 2181 βασιλεῦ,
2904 2106 2993 2162 διὰ
3045 2107 3099 2162 τί
3150 2107 3319 2171 οὕτως
3378 2108 3763 2185 ἀπανθρώπως

2108 2191 2299 2269 Ωνδρας
2330 2195 2516 2269 ἁγίους
2543 2196 2631 2250 καὶ
2664 2201 2743 2269 τῷ
2783 2201 2899 2268 Θεῷ
2956 2198 3361 2272 ἀφιερωμὲνους
3405 2198 3611 2274 αῗκίζῃ,
3663 2200 3761 2254 xui

2104 2281 2414 2358 ἀναγκάζεις
2465 2283 2713 2361 ἐξάρνους
2771 2284 3010 2359 γενέσθαι
3067 2292 3165 2355 τῆς
3223 2286 3423 2340 ἑαυτῶν
3481 2287 3757 2361 πίστεως;

2101 2373 2335 2446 γίκωσκε
2363 2372 2542 2427 τοίνυν
2577 2372 2660 2428 ὅτι
2713 2374 2801 2429 xui
2863 2375 3024 2436 αὐτὸς
3082 2373 3365 2451 ἄνθρωπος
3399 2377 3448 2430 εἶ
3472 2377 3751 2449 ὁμοιοπα-

2103 2462 2222 2530 θὴς,
2256 2461 2346 2515 xui
2392 2465 2492 2528 τῆς
2537 2464 2707 2532 αὐτῆς
2768 2464 2974 2539 φύσεως
3029 2468 3136 2518 τῶν
3192 2464 3529 2537 παθημάτων
3588 2488 3750 2539 μετε-

2101 2549 2348 2624 σχηκώς·
2406 2548 2493 2603 xui
2525 2549 2573 2603 εἷ’
2604 2550 2735 2611 Θεός
2798 2572 2854 2605 σε
2908 2551 3134 2625 βασιλέα
3185 2554 3531 2623 κατέστησεν,
3566 2555 3613 2608 εἰ
3647 2555 3753 2630 ἄρα

2098 2659 2158 2712 γε
2183 2636 2245 2692 ἐκ
2273 2642 2407 2692 Θεοῦ
2435 2639 2497 2693 τὸ
2533 2638 2812 2712 βασίλειον
2847 2635 3017 2714 ἔχεις,
3050 2642 3136 2695 xui
3195 2641 3271 2712 μή
3324 2640 3631 2717 ἂρχέκακος
3659 2644 3749 2698 xui

2098 2727 2340 2800 πονηρὸς
2400 2722 2658 2791 διάϐολος
2718 2729 2897 2803 ὥσπερ
2949 2729 3039 2784 τὸν
3102 2723 3225 2785 Ἰὼὸ
3303 2729 3605 2805 ἐξῃτήσατο
3659 2734 3750 2787 καὶ

2098 2809 2314 2886 ἔλαϐεν,
2375 2814 2545 2877 οὕτως
2591 2816 2682 2871 xui
2770 2818 2825 2871 σὲ
2880 2819 2998 2871 καθ’
3083 2818 3245 2890 ἡμῶν
3325 2817 3753 2897 ἐξαιτησάμενος

2097 2900 2320 2980 εἷ’ληφεν
2355 2905 2382 2958 6
2418 2904 2805 2980 παμπόνηρος,
2836 2905 2925 2959 ἳνα
2957 2908 3167 2979 σινιάσῃ
3222 2908 3313 2961 τὸν
3360 2912 3458 2962 τοῦ
3509 2915 3748 2983 Χριστοῦ

2098 2996 2267 3061 σῖτον,
2294 2992 2381 3046 καὶ
2410 2992 2694 3068 ἐπισπείρῃ
2729 2995 2958 3064 ζιζάνια·
3022 2992 3150 3049 ἀλλ’
3203 2995 3280 3057 εἷς
3337 3000 3511 3070 μάτην
3576 3000 3749 3055 αὐτοῦ

2094 3080 2155 3134 τὸ
2188 3079 2512 3155 ἐγχείρημα·
2550 3081 2724 3137 οὐκέτι
2755 3083 2855 3159 γὰρ
2889 3083 3037 3158 αὐτῷ
3069 3082 3229 3158 ἰσχὺς
3288 3086 3361 3147 ὡς
3408 3086 3499 3140 καὶ
3549 3088 3748 3163 πρότε-

2096 3190 2209 3246 ρον.
2247 3173 2364 3249 Ἀφ’
2396 3173 2456 3227 οὗ
2486 3173 2589 3249 γὰρ
2619 3173 2757 3242 ἦλθε
2804 3173 3036 3251 Χριστὸς
3094 3175 3183 3228 καὶ
3241 3176 3518 3252 κατεπάγη
3582 3200 3750 3233 σταυ-

2094 3261 2189 3337 ρὸς
2232 3262 2319 3316 καὶ
2385 3262 2577 3337 ὑψώθη
2640 3263 2871 3336 Χριστὸς
2916 3262 2969 3319 ἐν
3028 3263 3197 3337 αὐτῷ,
3252 3263 3530 3321 πέπτωκεν
3564 3268 3600 3337 ἡ
3631 3272 3742 3322 τῶν

2093 3347 2363 3423 δαιμόνων
2392 3350 2578 3429 όφρὺς,
2610 3352 2701 3407 καὶ
2753 3354 3197 3423 καταπεπάτηται
3227 3356 3262 3423 ἠ
3294 3354 3501 3409 τούτων
3554 3355 3739 3431 ἰσχὺς,

2086 3440 2175 3494 καί
2233 3440 2702 3517 καταπεφρόνηται
2780 3441 2847 3496 τὰ
2929 3440 3135 3496 τούτων
3217 3445 3589 3518 τεχνάσματα·
3654 3447 3733 3520 μή

2087 3526 2177 3583 οὖν
2211 3528 2421 3600 ἀπατῶ,
2457 3528 2702 3605 βασιλεῦ,
2740 3528 2880 3603 μηδὲ
2907 3535 3024 3592 τοῖς
3059 3528 3279 3605 δαίμοσι
3336 3534 3729 3607 χαριζόμενος,

328 3617 508 3673 bilem
531 3618 745 3672 Christi
777 3617 1051 3672 virtutem
1090 3621 1147 3671 et
1194 3616 1540 3687 potentiam.
1592 3616 1743 3670 Illud
1775 3622 1972 3673 autem

325 3707 501 3777 plane
528 3706 633 3762 tibi
667 3722 1017 3779 persuasum
1059 3711 1149 3759 est
1178 3723 1247 3760 ex
1297 3705 1554 3759 oraculis
1603 3721 1734 3776 quae
1764 3706 1969 3760 Oribao

331 3796 474 3865 sius,
506 3797 772 3851 medicus
820 3800 877 3850 ot
925 3799 1204 3865 quastor,
1255 3793 1325 3849 ab
1370 3794 1640 3866 Apolline
1691 3795 1967 3866 Delphico

2082 3617 2144 3670 τὸ
2173 3622 2280 3671 τῶν
2342 3619 2675 3693 Χριστιανῶν
2731 3620 3128 3696 θεοφρούρητον
3186 3619 3348 3675 δίωκε
3404 3622 3580 3697 γένος·
3641 3625 3735 3697 γί-

2080 3726 2254 3759 νωσκε
2277 3706 2479 3776 τοίνυν,
2531 3708 2605 3769 ὡς
2637 3709 2671 3777 ἡ
2703 3711 2798 3762 τοῦ
2859 3709 3095 3781 Χριστοῦ
3144 3709 3398 3779 ἀνίκητος
3446 3711 3535 3764 καὶ
3592 3712 3735 3781 ἀήτ-

2077 3813 2240 3864 τητος
2274 3794 2505 3871 ὑπάρχει
2540 3794 2700 3870 ἰσχύς
2728 3818 2787 3851 τε
2811 3798 2901 3851 xui
2952 3794 3203 3872 δύναμις·
3256 3799 3469 3861 πάντως
3530 3798 3589 3854 δὶ
3638 3802 3733 3855 xui

327 3883 540 3937 attulit.
578 3882 890 3955 Equidem,
926 3887 981 3937 te
1015 3883 1191 3937 etiam
1234 3883 1435 3952 invito,
1488 3900 1839 3954 responsum
1872 3901 1968 3938 re-

2144 3882 2235 3944 τὸς
2265 3886 2426 3937 τοῦτο
2484 3883 3004 3961 πεπληροφόρησαι,
3064 3884 3114 3959 ἐξ
3169 3887 3243 3940 ὧν
3308 3907 3391 3940 σοι
3454 3894 3732 3962 χρησμῶν

325 3971 537 4027 citabo.
575 3972 666 4028 Sic
698 3972 857 4027 enim
884 3970 1097 4025 habet:

2143 3966 2386 4045 ριϐάσιος
2417 3972 2445 4025 6
2477 3972 2659 4047 ἰατρὸς
2691 3973 2780 4027 καὶ
2811 3968 3113 4049 κοιαίστωρ
3153 3976 3299 4049 παρᾶ
3342 3979 3438 4029 τοῦ
3490 3975 3541 4031 ἐν
3597 3977 3733 4033 Δελ-

320 4065 445 4136 φοῖς
481 4058 838 4123 Ἀπόλλωνος
895 4058 1204 4133 κεκόμικεν.
1267 4059 1405 4133 Ἐγὼ
1464 4055 1520 4113 δὲ
1578 4080 1659 4113 σοι
1725 4058 1813 4113 καὶ
1869 4061 1960 4115 τὸν
2014 4061 2289 4135 χρησμὸν,
2350 4060 2447 4117 κᾶἔν
2509 4064 2585 4137 μή
2650 4061 2843 4139 βούλῃ,
2899 4062 3378 4140 ἐπαναγνώσομαι·
3441 4062 3565 4142 ἔχει
3622 4069 3723 4141 γὰρ

357 4148 383 4169 ν
504 4170 517 4182 ι

320 4168 495 4211 ουτως

316 4267 491 4321 Dicite
514 4268 871 4340 imperatori:
900 4268 1114 4340 Diruta;
1132 4272 1207 4322 est
1230 4266 1606 4337 pulcherrima
1637 4266 1787 4323 aula.
1883 4339 1887 4340 ί

2143 4262 2279 4340 Brute
2333 4265 2711 4340 1¢_BGG})\EI'
2769 4266 2952 4340 Χαμαὶ
3017 4268 3145 4340 πὲσε
3222 4265 3511 4340 δςιιίδοι-λος⁸
3564 4269 3725 4326 αὖλά·

316 4340 489 4393 Desiit
540 4332 770 4393 Pliasbus
828 4338 1024 4393 habere
1082 4332 1322 4403 domu'm,
1385 4346 1435 4392 et
1510 4339 1967 4462 aptamut‘atibus

1743 4428 1961 4462 aurum.

2143 4337 2269 4392 ixén
2321 4332 2525 4400 Φοῖϐος
2580 4333 2697 4413 ἔχει
2756 4332 3020 4407 καλύϐαν,
3083 4339 3144 4394 οὐ
3205 4336 3434 4413 μάντιδα
3494 4337 3732 4420 δάφνην,

1743 4428 1937 4463 aurum

316 4480 384 4533 Et
410 4482 621 4547 fontem
652 4479 996 4550 loquentem;
1033 4482 1240 4535 siccata
1289 4485 1367 4533 est
1418 4487 1467 4534 et
1508 4481 1660 4533 unda

386 4586 473 4642 36.
510 4586 641 4641 Haec
664 4603 798 4642 cum
822 4586 1141 4641 audivisset
1156 4586 1423 4640 Julianus
1447 4602 1515 4640 ex
1538 4602 1637 4639 ore
1661 4587 1957 4657 martyris,

315 4680 553 4748 stupore
583 4677 841 4731 maximo
874 4680 1179 4747 correptus
1227 4681 1334 4737 est,
1381 4680 1436 4728 et
1466 4675 1554 4729 ira
1584 4676 1961 4731 vehementer

310 4762 590 4822 incitatus
612 4765 686 4820 ad
717 4765 905 4819 instar
934 4764 1189 4819 ﬂamma
1222 4763 1642 4836 ignis,quando
1663 4764 1954 4835 sufﬂatur,

307 4858 367 4908 et
394 4870 546 4910 nova
602 4855 655 4910 ei
710 4853 960 4910 materia
1011 4852 1344 4925 subjicitur,
1406 4871 1622 4927 magna
1680 4859 1737 4909 et
1784 4861 1958 4912 acuta

305 4959 445 4997 voce
476 4944 855 5001 exclamavit:
888 4942 1027 5009 Quis
1068 4947 1125 4997 et
1154 4941 1312 4996 unde
1345 4948 1435 4997 est
1464 4943 1574 4998 iste
1607 4944 1950 5014 sceleratus,

306 5031 408 5102 qui
443 5037 561 5085 tam
592 5032 969 5088 temerariam
1000 5030 1170 5087 nobis
1202 5048 1307 5104 pro
1332 5031 1615 5087 tribunali
1649 5038 1808 5089 tanto
1833 5050 1951 5088 ver-

307 5120 519 5175 borum
551 5122 748 5177 sonitu
777 5122 1025 5195 protulit
1053 5121 1405 5177 concionem
1434 5120 1460 5175 ?
1493 5123 1817 5195 Respondit
1847 5142 1948 5180 co-

309 5210 450 5266 hors
480 5209 778 5265 militum:
830 5213 956 5268 Dux
1008 5217 1097 5267 est
1142 5209 1535 5279 Alexandriae,
1588 5210 1844 5268 domine.
1880 5216 1950 5269 Et

2076 4479 2151 4532 Οὐ
2212 4479 2381 4554 παγὰν
2443 4477 2764 4549 λαλέουσαν,
2826 4476 3090 4535 ἀπέσϐετο
3146 4482 3237 4535 καὶ
3298 4479 3468 4537 λάλον
3554 4482 3727 4559 ὕδωρ.

2143 4593 2241 4657 λς“.
2283 4601 2455 4652 Ταῦτα
2514 4596 2745 4659 ἀκούσας
2803 4599 2831 4653 6
2887 4598 3187 4662 Ἰουλιανὸς
3236 4598 3383 4674 παρὰ
3420 4604 3519 4655 τοῦ
3584 4604 3729 4675 μάρ-

2066 4704 2251 4756 τυρος,
2284 4680 2557 4759 ἔκθαμϐος
2591 4685 2737 4749 ὅλως
2769 4686 3001 4762 ἐγένετο,
3035 4686 3122 4741 καὶ
3156 4687 3246 4742 τὸν
3280 4688 3452 4761 θυμὸν
3507 4689 3727 4762 μᾶλλον

2067 4770 2274 4849 ἐγείρας
2304 4774 2431 4829 ὡσεὶ
2477 4774 2654 4853 φλόγα
2710 4776 2879 4850 πυρὸς
2935 4775 3431 4852 ἀναῤῥιπιζομὲνης
3489 4777 3584 4833 καὶ
3631 4781 3728 4834 κά-

2062 4874 2232 4926 τωθεν
2307 4862 2445 4934 ὕλης
2518 4865 2667 4926 τινὸς
2753 4867 2897 4939 [368]
2990 4864 3437 4943 ὑποστρεφούσης
3523 4867 3727 4938 αὐτὴν,

2066 4953 2206 5026 μέγα
2234 4973 2294 5007 τε
2322 4953 2409 5017 καὶ
2443 4949 2762 5028 διαπρύσιον
2823 4948 3137 5024 ἀνεϐόησεν·
3198 4953 3288 5016 Τίς
3338 4954 3502 5019 πόθεν
3567 4958 3730 5019 οὗτος

2062 5040 2090 5094 6
2122 5039 2433 5116 ἀλιτήριος,
2457 5042 2485 5097 6
2513 5042 2781 5113 τοσαύτην
2814 5045 2950 5115 ἡμῖν
2985 5040 3074 5096 ἐπὶ
3101 5046 3199 5096 τοῦ
3251 5044 3506 5119 βήματος
3553 5066 3727 5101 καταο

2060 5122 2347 5200 ϐομϐήσας
2379 5129 2770 5207 δημηγορίαν;
2812 5132 2877 5187 Ἠ
2917 5130 3064 5202 τάξις
3113 5127 3239 5210 ἔφη.
3288 5134 3349 5191 Ὁ
3398 5130 3523 5207 δούξ
3578 5134 3724 5189 ἐστιν

2056 5211 2496 5294 ’Δλεξανδρείας,
2536 5216 2580 5273 ὦ
2634 5216 2885 5275 δέσποτα.
2946 5220 3042 5274 Καὶ
3096 5219 3125 5274 6
3187 5219 3466 5295 βασιλεύς·
3529 5218 3725 5299 Ἀρτέ-

1896 5392 2119 5449 NOT/E.

362 5516 477 5591 (11)
502 5517 621 5574 Hoc
650 5515 893 5573 nomine
925 5514 1345 5587 designabatur
1364 5514 1544 5589 praefe
1558 5520 1687 5573 ctus
1714 5516 1986 5591 Egyptii,
2009 5535 2139 5591 quae
2161 5519 2421 5595 dignitas
2445 5522 2716 5598 instituta
2740 5528 2876 5595 erat
2912 5539 2948 5601 α
2977 5525 3204 5603 Caesare
3235 5527 3523 5605 Augusto.
3557 5526 3716 5603 Enn.
