3964 6144
264 247 407 306 1285

1609 251 1668 304 Β.
1710 248 2015 306 ΑΒΤΒΠῙΙ
2055 250 2312 314 PASSIO.

3505 248 3650 322 1286

265 392 415 448 μιος,
448 372 613 441 εἶπεν,
660 372 688 425 6
736 369 1021 447 ἀλιτήριος
1078 370 1106 424 6
1162 373 1241 442 τῷ
1278 369 1394 445 ἐμῷ
1426 367 1644 448 ἀδελφῷ
1677 373 1896 432 θάνατον

2022 372 2366 446 imperator:
2399 375 2718 445 Artemius,
2769 374 2981 448 inquit,
3033 373 3355 446 sceleratus
3399 375 3500 446 ille
3544 374 3652 454 qui

263 459 458 536 πικρὸν
490 459 891 534 κερασέμενοςς
939 459 1067 531 Ναὶ,
1123 459 1279 535 φησὶ.
1331 458 1579 535 κράτιστε
1614 458 1903 534 βασιλέων,

265 547 426 611 αὐτὸς
484 547 617 604 ἐστι.
677 546 780 602 Καὶ
841 543 1150 613 Ἰουλιανός·
1223 544 1388 620 Χάριν
1465 544 1738 624 ἐποφείλω
1792 551 1908 611 τοῖς

268 635 553 701 ἀθανάτοις
584 635 726 697 θεοῖς
756 635 846 690 καὶ
903 639 984 707 τῷ
1042 632 1283 707 δαφναίῳ
1322 632 1663 708 Ἀπόλλωνι,
1693 633 1775 689 ὅτι
1811 655 1905 707 μοι

265 725 356 780 τὸν
414 722 684 797 ἀλάστορα
741 721 1048 796 αὐτόμολον
1106 722 1195 777 καὶ
1252 721 1680 799 αὐτεπάγγελτον
1723 721 1906 800 ἐφανέ-

271 832 466 890 ρωσαν·
527 812 618 867 καὶ
676 829 860 886 φησιν·
925 813 1329 883 Ἀποζωσθήτω
1383 816 1480 867 τοῦ
1538 812 1820 886 ἀξώματος
1877 811 1905 864 6

269 901 612 976 παμμίαρος,
665 900 755 954 καὶ
808 901 907 969 τὴν
968 903 1143 971 ζώνην
1195 900 1562 976 ἀφαιρεθήτω,
1621 898 1773 970 δίκην
1797 904 1904 955 τῶν

267 991 467 1065 ἀρτίως
497 988 643 1061 αὐτῷ
672 986 1078 1060 τολμηθέντων·
1142 988 1271 1062 ὑπὲρ
1333 985 1390 1043 δὲ
1443 995 1543 1058 τῆς
1575 995 1784 1064 σφαγῆς
1811 991 1908 1041 τοῦ

269 1080 402 1154 ἐμοῦ
449 1075 692 1158 ἀδελφοῦ
745 1078 835 1133 καὶ
887 1082 983 1133 τοῦ
1041 1077 1292 1152 αἳματος,
1349 1074 1534 1154 αὔριον
1594 1077 1739 1150 αὐτῷ
1775 1078 1906 1132 θεῶν

273 1165 626 1245 βουλομένων
676 1166 957 1242 προσοίσω
1004 1168 1103 1236 τὴν
1153 1164 1330 1236 δίκην·
1367 1165 1428 1220 οὐ
1477 1167 1579 1242 γὰρ
1622 1164 1782 1242 ἐνίγε
1813 1164 1910 1220 αὐ-

267 1259 360 1313 τὸν
408 1254 732 1328 ἐξαναλώσω
790 1258 1022 1328 Θανάτῳ,
1081 1254 1225 1310 ἀλλά
1285 1255 1499 1330 μυρίοις
1543 1254 1632 1310 καὶ
1682 1256 1830 1318 ὅσοις
1859 1255 1912 1310 οἱ

275 1341 596 1424 ἀνδροφόνοι
657 1345 926 1421 ὑπόχρεοι
984 1346 1394 1414 καθεστήκασιν·
1455 1342 1515 1398 οὗ
1570 1345 1670 1420 γάρ
1727 1347 1913 1409 κοινοῦ

276 1455 340 1510 γε
367 1431 584 1509 ἀνδρὸς,
646 1431 792 1488 ἀλλά
856 1431 1126 1509 βασιλέως
1183 1435 1320 1506 αἷμα
1373 1431 1602 1510 ἐξέχεεν,
1633 1433 1719 1487 καὶ
1747 1437 1915 1501 ταῦτα

274 1519 443 1596 μηδὲν
476 1523 610 1598 πρὸς
639 1520 802 1578 αὺτοῦ
831 1521 1114 1584 πεπονθὼς
1146 1518 1353 1580 ἄδικον.

343 1698 445 1770 λζ’.
478 1703 662 1758 Ταῦτα
682 1704 848 1755 τοῦτα
881 1687 1146 1775 βασιλέως
1169 1697 1471 1757 Ἰουλιανοῦ
1497 1696 1564 1769 δη
1575 1700 1916 1775 μηγορήσαν-

272 1810 390 1862 τος,
421 1789 760 1865 ἀνάρπαστος
814 1789 916 1843 ὑπὸ
964 1792 1068 1843 τῶν
1104 1786 1420 1864 δορυφόρων
1454 1789 1482 1843 6
1514 1788 1662 1863 ἅγιος
1691 1787 1917 1864 γίνεται,

274 1879 364 1933 καὶ
420 1884 520 1948 τῆς
584 1876 758 1949 ζώνης
850 1878 983 1952 μετά
1063 1881 1160 1932 τοῦ
1219 1877 1524 1950 ἀξιώματος
1587 1875 1917 1953 ἀφαιρεθεὶς,

275 1969 478 2042 γυμνὸς
511 1966 598 2022 ἐπὶ
627 1970 728 2022 τοῦ
782 1967 1027 2041 βήματος
1071 1966 1259 2021 ἳστατο
1298 1966 1388 2020 καὶ
1418 1969 1524 2020 τῶν
1558 1962 1770 2037 δημίων
1801 1971 1920 2028 ταῖς

283 2056 438 2132 χερσὶ
468 2055 812 2128 παρεδίδοτο·
858 2056 911 2110 ol
961 2052 1040 2124 δὲ,
1089 2055 1338 2130 σχοίνους
1387 2059 1494 2110 τῶν
1522 2058 1722 2129 χειρῶν
1751 2055 1918 2110 αὐτοῦ

282 2145 370 2199 καὶ
422 2141 606 2199 ποδῶν
686 2142 1031 2216 ἐξαψάμενοι,
1107 2139 1456 2196 διατείνουσιν
1512 2139 1572 2196 ἐκ
1623 2139 1916 2215 τεσσάρων,

281 2232 370 2287 καὶ
427 2234 524 2303 τήν
577 2252 638 2286 τε
689 2231 924 2307 γαστέρα
977 2230 1064 2284 καὶ
1123 2229 1215 2284 τὸν
1273 2229 1441 2283 νῶτον
1499 2231 1596 2282 τοῦ
1648 2227 1919 2303 μάρτυρος

275 2327 393 2382 τοῖς
430 2320 742 2396 βουνεύροις
776 2316 1000 2386 ἔτυπτον
1058 2317 1147 2373 ἐπὶ
1197 2321 1482 2389 τοσοῦτον,
1514 2315 1651 2371 ὥστε
1681 2314 1915 2387 ἀλλάξαι

274 2409 432 2467 αὐτὸν
467 2409 632 2485 ζυγάς
681 2409 963 2482 τέσσαρας.
1016 2406 1121 2463 Καὶ
1173 2407 1240 2476 ἦν
1297 2403 1430 2461 ἰδεῖν
1491 2405 1643 2476 ξένην
1673 2405 1794 2459 τινὰ
1823 2406 1914 2459 καὶ

276 2501 378 2555 οὐκ
432 2497 774 2570 ἀνθρωπίνην
839 2497 1145 2570 ὑπομονήνο
1200 2495 1261 2550 οὐ
1317 2496 1418 2570 γὰρ
1477 2495 1795 2568 στεναγμὸς,
1850 2493 1912 2549 οὖ

281 2588 458 2666 φωνὴ,
490 2586 552 2641 οὗ
573 2585 841 2659 σκυλμὸς,
872 2587 976 2640 οὐκ
1030 2583 1169 2640 ἄλλο
1226 2604 1278 2637 τι
1330 2587 1436 2638 τῶν
1479 2582 1578 2637 ὅσα
1606 2582 1908 2658 πάσχουσιν

279 2678 554 2754 ἄνθρωποι
613 2674 866 2752 βασάνοις
932 2674 1321 2746 ἐξεταζόμενοι,
1379 2671 1504 2748 παρ’
1577 2670 1740 2726 αὐτοῦ
1792 2669 1911 2725 ἀνε-

277 2767 542 2840 πέμπεσοο
597 2763 725 2820 ἀλλ’
783 2763 1044 2837 ἅτρεπτός
1109 2783 1194 2824 τις
1261 2764 1351 2817 καί
1407 2759 1777 2822 ἀναλλοίωτος
1834 2763 1912 2832 τῷ

275 2858 555 2929 προσώπῳ
612 2851 977 2931 κατεφαίνετο.
1026 2852 1090 2909 Ἡ
1147 2853 1218 2928 γῆ
1250 2847 1308 2904 δέ
1360 2853 1457 2904 τοῦ
1514 2847 1742 2922 αἳματος
1788 2847 1910 2903 ἐπε-

275 2942 568 3021 πλήρωτο,
620 2942 710 2998 καὶ
742 2943 769 2997 6
830 2940 1030 3016 μάρτυς
1087 2940 1161 3002 ὡς
1221 2936 1395 2994 ἄλλου
1427 2940 1570 3012 [369]
1603 2938 1911 3013 πάσχοντος

271 3031 610 3110 ἐγνωρίζετο·
665 3031 801 3087 ὥστε
857 3027 1126 3102 θαυμάσαι
1185 3027 1387 3092 πάντας
1440 3025 1566 3089 τοὺς
1616 3030 1904 3101 παρεστῶ-

267 3142 388 3192 τας,
419 3121 506 3176 καὶ
540 3120 696 3176 αὐτὸν
754 3119 845 3174 τὸν
902 3119 1178 3190 ἀλάστορα
1228 3115 1523 3174 Ἰουλιανὸν
1572 3112 1906 3191 ἐκπλαγῆναι
1938 3094 1982 3162 C

274 3209 363 3264 ἐπὶ
418 3214 497 3280 τῷ
555 3209 687 3280 ξενῳ
743 3208 990 3280 θεάματι.
1050 3207 1149 3260 Καὶ
1203 3203 1411 3260 κελεύει
1469 3203 1626 3260 αὐτὸν
1665 3203 1913 3269 ἀνεθέντα

276 3298 364 3354 ἐπὶ
393 3299 493 3366 τὴν
527 3296 772 3376 φυλακὴν
801 3295 1114 3371 ἀπαχθῆναι
1169 3294 1302 3369 μετά
1338 3299 1446 3350 τῶν
1479 3291 1688 3349 λοιπῶν
1721 3293 1912 3370 ἁγίων,

275 3387 609 3462 σκεψόμενος
661 3390 778 3450 πῶς
835 3385 925 3440 καὶ
978 3386 1088 3440 τίνι
1135 3384 1324 3460 τρόπῳ
1373 3384 1463 3439 καὶ
1513 3383 1656 3457 ποίῳ
1701 3385 1913 3455 θανάτῳ

271 3485 372 3548 τῆς
405 3480 686 3550 παρούσης
720 3481 863 3546 ζωῆς
897 3473 1194 3551 ἐξαφανίσει
1225 3472 1352 3536 τοὺς
1387 3473 1682 3548 μάρτυρας.

345 3565 454 3636 λη’.
510 3567 577 3624 υἱ
637 3566 729 3638 μὲν
791 3564 882 3619 οὗν
940 3568 1038 3618 τοῦ
1094 3562 1330 3638 Χριστοό
1392 3561 1656 3635 μάρτυρες
1695 3559 1782 3616 ἐπὶ
1812 3561 1913 3630 τήν

275 3653 527 3730 φυλακήν
601 3653 936 3730 ἀπαγόμενοι
1039 3648 1302 3725 ἔψαλλον·
1409 3646 1788 3724 Ἐδοκίμασας,
1885 3651 1914 3705 ὁ

274 3746 429 3814 Θεὸς,
511 3742 796 3819 ἐπύρωσας
851 3743 1000 3814 ἡμᾶς
1083 3740 1158 3804 ὡς
1206 3743 1468 3814 πυροῦται
1519 3741 1582 3794 τὸ
1639 3737 1917 3813 ἀργύριον*

276 3834 562 3908 εἰσήγαγες
608 3835 758 3905 ἡμᾶς
817 3831 893 3892 εἱς
949 3831 1048 3897 τήν
1106 3827 1334 3904 παγίδα,
1394 3823 1518 3894 ἔθου
1577 3826 1791 3900 θλίψεις
1826 3825 1915 3882 ἐπὶ

274 3921 368 3978 τὸν
427 3926 598 3978 νῶτον
650 3923 829 3994 ἡμῶν,
911 3911 1234 3979 ἐπεϐίϐασας
1305 3916 1620 3991 ἀνθρώπους
1681 3914 1767 3970 ἐπὶ
1817 3914 1914 3978 τάς

273 4008 514 4089 κεφαλὰς
571 4012 753 4082 ἡμῶψ
815 4005 994 4063 λείπεν
1073 4004 1164 4060 οὖν
1219 4006 1281 4060 τὸ
1340 4002 1574 4069 διελθεῖν
1622 4005 1768 4078 ἡμᾶς
1827 4001 1917 4058 διὰ

271 4101 442 4176 πυρός
496 4119 554 4154 τε
605 4097 695 4153 καὶ
753 4094 965 4165 ὕδατος,
1027 4097 1175 4158 ὅπως
1243 4093 1318 4156 εἷς
1376 4093 1658 4168 ἀναψυχὴν
1717 4093 1913 4168 ἀγάγῃς

270 4192 440 4262 ἡμᾶς.
474 4186 576 4246 Καὶ
624 4193 721 4256 τῆς
766 4186 941 4260 εὐχῆς
981 4183 1392 4258 πληρωθείσης,
1447 4177 1603 4256 ἔλεγε
1631 4186 1768 4256 πρὸς
1795 4181 1915 4236 ἐαυ-

266 4279 358 4333 τὸν
421 4279 450 4332 6
512 4275 677 4350 μέγας
761 4275 1074 4348 Ἀρτέμιος·
1155 4268 1296 4328 Ἰδοὺ
1373 4270 1474 4348 γὰρ
1531 4271 1597 4324 τὰ
1651 4269 1916 4342 στίγματα

269 4370 366 4422 τοῦ
409 4367 643 4440 Χριστοῦ
698 4361 751 4418 ἐν
807 4367 888 4435 τῷ
935 4360 1146 4435 σώματί
1199 4380 1293 4414 σου
1344 4357 1700 4434 κεχάρακται⁶
1735 4356 1910 4412 λείπει

2015 461 2182 518 fratri
2214 481 2344 520 meo
2375 465 2682 520 accerbam
2713 469 2964 520 mortem
3011 464 3372 535 procuravit?
3401 466 3506 533 Ita,
3553 482 3650 522 re-

2017 551 2253 620 spondit
2281 553 2511 622 cohors,
2546 555 2767 626 Optime
2802 554 3142 624 imperator,
3174 552 3298 624 ipse
3331 558 3438 610 est.
3489 555 3650 622 Tunc

2023 639 2312 696 Julianus:
2341 643 2565 698 Gratias
2597 643 2780 698 debeo
2803 642 2914 697 diis
2945 641 3399 709 immortalibus,
3433 647 3492 697 et
3519 659 3646 697 ma-

2015 727 2170 782 xime
2202 728 2460 799 Apollini
2493 729 2809 800 Daphnaao,
2866 728 3024 800 quod
3075 728 3227 783 nihil
3277 727 3649 784 ostenderint

2016 815 2264 886 impium
2299 834 2405 874 sua
2434 823 2642 889 sponte
2686 818 3020 872 venientem
3069 822 3127 871 et
3172 816 3650 884 manifestantem

2019 905 2298 977 seipsum.
2332 909 2401 961 Et
2432 907 2608 963 dicit:
2656 907 2950 979 Spolietur
2997 906 3279 978 dignitate
3333 922 3439 960 sua
3486 923 3652 962 exse-

2018 995 2358 1062 crandus,et
2387 998 2620 1069 cingulo
2653 1001 2899 1052 exuatur
2929 997 2991 1049 in
3023 1011 3255 1066 pmnam
3287 1012 3494 1062 eorum
3523 1013 3656 1067 qua

2018 1083 2194 1139 modo
2225 1101 2403 1142 ausus
2434 1091 2524 1141 est
2550 1085 2834 1157 proferre.
2869 1086 2949 1139 De
2976 1084 3134 1139 caede
3163 1089 3365 1140 autem
3412 1100 3480 1140 ac
3529 1102 3658 1141 san-

2018 1172 2194 1244 guine
2225 1174 2422 1230 fratris
2450 1175 2566 1229 mei
2599 1191 2746 1244 cras,
2779 1174 2892 1229 diis
2925 1173 3274 1242 volentibus,
3305 1189 3507 1245 pmnas
3553 1173 3660 1230 da-

2020 1261 2126 1318 bit.
2161 1263 2390 1319 Etenim
2419 1281 2540 1319 non
2588 1280 2706 1321 una
2738 1279 2871 1317 eum
2915 1267 3103 1317 morte
3152 1278 3519 1328 consumam,
3553 1261 3658 1317 sed

2022 1349 2309 1417 millibus,
2341 1355 2632 1421 quotquot
2657 1349 2974 1406 homicidis
2995 1348 3182 1422 inﬂigi
3204 1349 3441 1416 solent;
3475 1349 3655 1421 siqui-

2023 1436 2158 1493 dem
2178 1455 2300 1494 non
2329 1439 2435 1493 viri
2465 1439 2820 1506 communis,
2855 1438 2958 1494 sed
2999 1437 3376 1510 imperatoris
3421 1437 3662 1512 sangui-g

2024 1543 2162 1582 nem
2193 1526 2486 1596 effuderit,
2514 1527 2743 1584 nullam
2774 1532 2973 1594 tamen
3003 1526 3074 1583 ab
3123 1543 3190 1582 eo
3220 1525 3503 1598 injuriam
3533 1543 3660 1600 pas-

2025 1632 2146 1671 8118.

2097 1706 2184 1762 37.
2212 1705 2312 1760 His
2349 1705 2543 1768 verbis
2593 1705 2665 1762 ab
2713 1705 3069 1777 imperatore
3110 1703 3342 1764 Iuliano
3394 1703 3664 1776 prolatis.

2025 1793 2318 1864 arripiunt
2347 1794 2632 1849 satellites
2663 1799 2952 1861 sanctum,
2995 1793 3096 1864 qui
3137 1791 3370 1864 cingulo
3401 1808 3535 1847 cum
3567 1791 3662 1852 di-z

2022 1881 2242 1953 gnitate
2270 1882 2574 1954 spoliatus,
2619 1882 2815 1938 nudus
2863 1881 3091 1937 sistitur
3135 1897 3241 1952 pro
3291 1880 3572 1936 tribunali
3603 1883 3664 1940 et

2023 1969 2300 2025 lictorum
2329 1971 2602 2026 manibus
2632 1971 2902 2026 traditur.
2937 1972 3003 2025 Hi
3035 1975 3232 2030 autem
3261 1969 3434 2026 funes
3478 1969 3666 2026 mani:

2023 2058 2133 2113 bus
2163 2064 2222 2113 et
2250 2059 2501 2130 pedibus
2531 2060 2809 2131 martyris
2830 2059 3158 2130 alligantes.
3194 2075 3227 2113 a
3258 2063 3512 2129 quatuor
3528 2075 3667 2131 par-

2023 2146 2181 2202 tibus
2214 2164 2351 2203 eum
2383 2149 2728 2214 extendunt,
2761 2154 3142 2219 ventremque
3193 2152 3250 2202 et
3279 2152 3505 2219 tergum
3536 2148 3664 2218 ejus

2022 2235 2168 2291 adeo
2195 2236 2374 2291 boum
2404 2238 2602 2292 nervis
2629 2237 2956 2305 verberant,
2977 2243 3042 2291 ut
3062 2237 3122 2292 in
3144 2235 3424 2291 caadendo
3457 2240 3667 2308 quater

2021 2325 2468 2381 alternarint.Et
2495 2326 2690 2383 videre
2723 2331 2848 2383 erat
2877 2326 3184 2382 insolitum
3207 2325 3524 2396 quamdam
3552 2341 3663 2380 nec

2020 2416 2344 2470 humanam
2375 2416 2878 2488 patientiam.Non
2909 2416 3067 2471 enim
3097 2415 3371 2487 gemitus,
3389 2431 3510 2469 non
3530 2430 3658 2483 vox,

2020 2521 2142 2559 non
2172 2504 2610 2578 singultus,non
2632 2505 2794 2561 aliud
2816 2505 3140 2576 quidquam
3172 2520 3376 2559 eorum
3405 2520 3536 2566 qum
3568 2519 3659 2558 ac-

2019 2593 2212 2648 cidere
2245 2594 2440 2649 solent
2468 2594 2808 2649 hominibus
2838 2593 2939 2649 ubi
2991 2597 3283 2648 tormenta
3327 2592 3653 2664 perferunt,

2019 2681 2090 2737 ab
2119 2682 2246 2754 ipso
2279 2681 2675 2737 emittebatur.
2704 2683 2880 2736 Terra
2927 2682 3167 2752 quidem
3211 2695 3417 2736 cruore
3447 2681 3655 2752 opple-

2016 2769 2228 2836 batur;
2263 2769 2540 2840 martyris
2570 2785 2708 2824 vero
2738 2769 2925 2838 frons,
2958 2785 3025 2824 ac
3072 2768 3119 2823 si
3151 2767 3303 2824 alius
3332 2772 3653 2839 pateretur,

2017 2857 2370 2913 cernebatur
2401 2862 2762 2929 exporrecta,
2817 2857 2898 2913 ita
2947 2862 3011 2912 ut
3057 2855 3416 2911 mirarentur
3447 2872 3656 2912 omnes

2017 2948 2490 3013 circumstantes,
2527 2952 2584 3001 et
2612 2947 2738 3018 ipse
2779 2946 3042 3002 nefarius
3090 2945 3359 3001 Julianus
3391 2944 3656 3000 inaudito

2018 3036 2284 3109 prodigio
2317 3040 2816 3092 consternaretur.
2850 3035 3022 3103 Jubet
3062 3034 3302 3089 tandem
3327 3033 3658 3090 relaxatum

2020 3141 2156 3179 cum
2186 3124 2432 3194 reliquis
2463 3123 2681 3180 sanctis
2711 3124 2771 3180 in
2802 3122 3131 3180 custodiam
3160 3121 3318 3190 duci,
3347 3121 3660 3176 meditatu-

2017 3229 2118 3268 rus
2151 3212 2531 3284 quomodo,et
2561 3212 2775 3283 quibus
2807 3211 3253 3277 cruciatibus,et
3301 3227 3416 3282 quo
3448 3208 3654 3266 mortis

2017 3317 2231 3374 genere
2261 3301 2439 3358 vitam
2468 3301 2727 3357 auferret
2753 3300 3132 3374 martyribus.

2092 3573 2179 3626 38.
2212 3571 2426 3627 Christi
2459 3587 2592 3644 ergo
2624 3575 2934 3642 martyres,
2965 3568 3107 3624 dum
3138 3568 3199 3624 in
3231 3583 3527 3624 carcerem
3559 3567 3662 3622 du-

2022 3660 2326 3724 cebantur,
2385 3659 2758 3731 psallebant:
2826 3659 3078 3714 Probasti
3132 3672 3248 3723 nos,
3293 3661 3474 3712 Deus:
3532 3657 3662 3726 igne

2019 3765 2118 3805 nos
2174 3750 2526 3812 examinasti,
2595 3749 2733 3802 sicut
2791 3748 3140 3802 examinatur
3191 3751 3499 3814 argentum.
3558 3746 3657 3800 In-

2020 3839 2232 3894 duxiin
2260 3853 2357 3893 nos
2387 3839 2444 3891 in
2474 3837 2980 3908 laqueum,posuisti
3010 3834 3394 3888 tribulationes
3421 3836 3478 3888 in
3500 3833 3660 3890 dorso

2019 3933 2244 3982 nostro:
2328 3927 2635 3996 imposuisti
2690 3924 2933 3979 homines
2986 3938 3150 3993 super
3205 3921 3394 3992 capita
3449 3928 3657 3988 nostra.

2021 4017 2222 4070 Restat
2279 4015 2456 4086 igitur
2514 4019 2598 4080 ut,
2680 4017 2995 4084 postquam
3079 4012 3486 4066 transiverimus
3555 4025 3661 4080 per

2021 4107 2201 4174 ignem
2232 4112 2284 4160 et
2313 4122 2535 4176 aquam,
2570 4105 2763 4159 educas
2806 4119 2901 4158 nos
2931 4101 2992 4156 in
3039 4102 3410 4170 refrigerium.
3447 4099 3488 4152 ⁴.
3531 4120 3558 4148 ››
3592 4102 3661 4154 Ει

2021 4193 2316 4265 completa
2345 4193 2632 4258 oratione,
2665 4190 2899 4246 dicebat
2929 4189 3085 4260 apud
3129 4206 3188 4244 se
3221 4204 3469 4260 magnus
3499 4190 3661 4245 Arte-

2018 4283 2207 4337 mius:
2241 4283 2386 4336 Ecce
2411 4281 2682 4352 stigmata
2703 4277 2918 4334 Christi
2943 4276 3002 4332 in
3026 4293 3271 4348 corpore
3303 4281 3402 4331 tuo
3435 4277 3661 4332 inscul-

2020 4377 2120 4443 pta
2151 4376 2309 4438 sunt,
2343 4374 2525 4424 restat
2553 4369 2729 4441 igitur
2756 4373 2816 4422 ut
2850 4372 2908 4422 et
2947 4367 3138 4438 ipsam
3169 4367 3430 4421 animam
3462 4365 3658 4420 tradas

273 4457 362 4512 οὖν
389 4455 482 4512 ’ίνα
511 4456 597 4512 καὶ
648 4454 814 4522 αὐτὴν
868 4454 965 4522 τήν
1019 4453 1204 4527 ψυχὴν
1255 4447 1618 4527 προσαποδῷς
1653 4449 1788 4523 μετά
1814 4451 1911 4502 τοῦ

2022 4477 2152 4515 cum
2172 4459 2401 4530 reliquo
2418 4457 2802 4531 sanguine.Et
2823 4455 3228 4528 prOpbeticum
3243 4455 3402 4509 illum
3423 4453 3657 4509 verbum

270 4546 564 4602 ἐπιλοίπου
620 4565 716 4599 σου
773 4540 1023 4615 α’ίματος·
1082 4540 1172 4595 καὶ
1225 4539 1288 4595 τὸ
1344 4539 1682 4617 προφητικὸν
1734 4537 1906 4593 ἐκέῖνο

269 4633 459 4711 λόγιον
546 4631 948 4706 ἐνθυμούμενος
1031 4627 1232 4706 ἔλεγεν*
1310 4625 1448 4682 Ἰδοὺ
1535 4624 1744 4682 δέδωκα
1813 4627 1904 4682 τὸν

265 4724 438 4780 νῶτόν
499 4737 606 4798 μου
666 4721 744 4784 εἲς
828 4719 1108 4794 μάστιγας,
1183 4717 1270 4771 καὶ
1347 4717 1442 4778 τὰς
1499 4715 1746 4791 σιαγόνας
1803 4737 1909 4791 μου

264 4811 340 4874 εἴς
398 4811 729 4888 ῥαπίσματα·
809 4807 954 4864 ἀλλὰ
1036 4806 1092 4861 τί
1167 4803 1548 4880 περισσότερον
1619 4809 1716 4859 τοῦ
1774 4803 1909 4878 ἐμοῦ

266 4902 538 4957 Δεσπὸτου
571 4901 875 4975 ὑπήνεγκας
930 4896 957 4950 6
1015 4893 1266 4966 ἀνάξιοςς
1325 4893 1586 4954 Κάκεῖνος
1613 4894 1907 4965 κατεξάνθη

260 4996 381 5053 ταῖς
443 4990 678 5066 μάστιξι⁹
765 4985 1015 5042 κάκείνου
1097 4985 1158 5038 τὸ
1242 4983 1536 5057 πρόσωπον
1602 4981 1913 5058 ῥαπίσματα

264 5078 582 5151 κατεδέξατο
638 5079 731 5134 καὶ
787 5073 1191 5153 κολαφίσματα,
1268 5071 1358 5127 καὶ
1435 5069 1651 5145 πυγμάς
1709 5071 1909 5144 ὑπέστη

265 5167 338 5224 δι’
366 5171 502 5226 ’ὀλου
553 5173 649 5224 τοῦ
708 5166 985 5240 σώματος,
1043 5162 1322 5226 ἀκάνθινον
1377 5159 1596 5238 ἐφόρεσε
1635 5159 1914 5240 στέφανον,

332 5349 355 5385 ⁸
389 5349 544 5405 Psal.
577 5364 698 5402 va.
740 5349 822 5401 l0.

2018 4547 2478 4604 meditabundus
2501 4545 3004 4618 proferebatzEcce
3035 4543 3169 4599 dedi
3197 4543 3438 4599 dorsum
3459 4555 3661 4599 meum

2019 4638 2080 4693 in
2103 4635 2356 4709 ﬂagella,
2391 4640 2450 4690 et
2486 4651 2666 4708 genas
2693 4650 2854 4689 meas
2886 4633 2959 4688 ad
2989 4633 3190 4704 alapas
3211 4633 3338 4703 (l2).
3371 4631 3483 4686 Sed
3514 4629 3661 4702 quid

2018 4726 2275 4797 amplius
2305 4723 2641 4780 sustinuisti
2670 4739 2846 4795 quam
2878 4740 3008 4794 quae
3042 4722 3326 4776 Dominus
3355 4736 3543 4784 meus,
3575 4718 3662 4773 in-

2019 4815 2193 4888 digne
2215 4815 2243 4869 ?
2261 4815 2390 4886 Ipse
2415 4829 2650 4884 quoque
2677 4812 3033 4868 dilaceratus
3053 4810 3165 4865 fuit
3183 4807 3452 4880 ﬂagellis;
3472 4807 3658 4878 ipsius

2020 4919 2255 4974 quoque
2284 4901 2478 4956 vultus
2511 4901 2713 4973 alapas
2765 4900 3026 4972 suscepit
3067 4902 3125 4952 et
3153 4896 3431 4968 colaphos
3459 4911 3473 4963 ;
3507 4895 3657 4950 ictus

2021 4989 2303 5045 sustinuit
2330 4990 2390 5043 in
2433 4994 2554 5045 toto
2601 5006 2867 5062 corpore,
2925 4988 3192 5058 spineam
3221 4983 3473 5056 portavit
3501 4999 3662 5038 coro-

2021 5095 2182 5146 nam,
2214 5073 2544 5150 manusque
2593 5095 2628 5134 a
2667 5084 2828 5151 tergo
2878 5076 3194 5144 revinctus,
3225 5072 3418 5128 nudus
3467 5071 3660 5128 cruci-

2025 5167 2177 5224 fixus
2203 5171 2294 5222 est
2317 5172 2559 5242 propter
2589 5183 2786 5222 meum
2813 5165 3121 5240 peccatum
3169 5178 3480 5235 meamque
3510 5175 3662 5234 pras-

1856 5434 2080 5494 ΝΟΤΕ.

332 5562 446 5650 (12)
475 5558 703 5625 Alludit
729 5560 969 5616 sanctus
997 5553 1072 5614 ad
1091 5555 1229 5614 locu
1249 5571 1310 5630 ῳ
1362 5553 1551 5625 Isaia,
1576 5572 1627 5612 ιι.
1648 5560 1718 5616 6:
1754 5562 1964 5632 Corpus
2015 5577 2193 5620 meum
2219 5561 2354 5618 dedi
2372 5560 2826 5632 percutimtibus,
2857 5566 2910 5618 et
2938 5574 3106 5632 genas
3140 5571 3286 5615 mea:
3312 5551 3659 5627 uellentin
