3964 6144
321 218 460 292 1237

1828 230 2187 287 ADDENDA.

3575 227 3729 285 1288

314 361 732 417 varicationem
761 356 862 411 ille
895 355 995 426 qui
1026 371 1145 409 non
1177 354 1449 426 cognovit
1475 358 1804 425 peccatum,
1840 371 1949 409 nec

2131 356 2146 408 ἶ
2178 356 2272 417 τὰς
2316 360 2503 431 χεῖρας
2539 355 2713 411 ὀπίσω
2746 353 2938 424 δεθεὶς,
2960 355 3164 430 γυμνὸς
3196 352 3284 408 ἐπὶ
3340 353 3431 408 τὸν
3478 353 3730 427 σταυρὸν

317 452 519 507 dolum
550 450 611 503 in
640 464 741 502 ore
775 463 878 501 suo
911 449 1186 516 cperatus
1227 449 1334 500 est.
1386 444 1580 498 Multaa
1634 461 1768 515 ergo
1819 452 1959 499 sunt

318 538 551 594 Domini
583 537 699 591 mei
730 534 1055 606 passiones,
1083 537 1140 587 et
1169 532 1341 603 longe
1375 532 1524 586 disto
1552 533 1736 585 miser
1763 532 1834 586 ab
1867 534 1961 603 ip-

318 628 438 681 sius
473 623 919 696 longanimitate
953 625 1011 675 et
1058 620 1361 690 patientia.
1416 619 1648 674 Gaudeo
1696 620 1874 690 igitur
1904 627 1962 675 et

318 716 544 771 exsulto
566 713 928 768 Dominimei
943 709 1358 782 passionnibus
1378 709 1962 764 illustratus.Allevat

313 822 519 860 meum
551 803 815 857 dolorem
848 800 1098 855 imitatio
1132 799 1465 869 passionis;
1500 799 1731 870 mitigat
1759 815 1958 854 meum

316 892 647 947 cruciatum
678 888 836 959 quod
885 887 1157 942 eumdem
1207 903 1342 940 cum
1395 886 1776 956 optimatibus
1823 904 1959 956 par-

319 980 581 1050 ticipem.
616 977 902 1047 Equidem
933 976 1146 1029 Christi
1179 975 1364 1046 gratia
1414 974 1571 1029 {ilius
1621 975 1722 1028 Dei
1772 974 1958 1029 factus

322 1085 453 1123 sum
476 1084 583 1139 per
613 1067 972 1137 baptismum
1005 1070 1062 1117 et
1094 1063 1314 1118 donum
1361 1063 1612 1133 Spiritus
1662 1063 1870 1128 sancti,
1904 1068 1962 1117 et

318 1157 511 1211 adhuc
542 1154 727 1225 magis
755 1154 892 1207 tiam
928 1169 1034 1223 per
1086 1151 1581 1205 resurrectionem
1631 1166 1664 1203 a
1693 1151 1957 1216 mortuis,

319 1244 546 1298 Gratias
577 1242 684 1297 tibi
732 1258 857 1313 ago,
912 1241 1181 1308 Domine,
1234 1239 1372 1309 quia
1419 1240 1536 1293 tuis
1586 1238 1960 1308 passionibus

316 1329 857 1387 coronastime.Sed
892 1334 974 1394 tu,
1010 1345 1041 1382 ο
1073 1328 1324 1398 benigne
1347 1332 1404 1380 et
1425 1326 1760 1381 misericors
1785 1329 1957 1398 Deus,

317 1434 738 1488 servorumque
771 1423 1004 1471 tuorum
1036 1415 1275 1487 provide
1326 1418 1539 1477 rector,
1588 1414 1806 1483 perﬁce
1839 1432 1964 1469 cur-

316 1525 447 1564 sum
477 1523 677 1561 meum
708 1507 768 1559 in
808 1505 892 1559 tui
939 1504 1202 1558 nominis
1243 1502 1636 1567 confessione,
1670 1507 1728 1554 et
1756 1519 1829 1556 ne
1866 1503 1960 1557 in-

314 1596 559 1668 dignum
593 1595 705 1649 hoc
743 1598 931 1664 coepto
984 1610 1077 1647 me
1117 1592 1374 1663 judices,
1429 1596 1670 1661 propter
1721 1597 1962 1662 peccata

2065 444 2375 519 προσεπάγη
2447 442 2535 499 διὰ
2604 446 2703 512 τὴν
2761 443 2897 517 ἐμὴν
2959 441 3222 516 ἁμαρτίαν
3270 463 3330 497 τε
3386 441 3477 495 καὶ
3537 442 3729 506 παρά-

2066 528 2245 601 ϐασιν,
2278 535 2304 587 6
2338 535 2414 606 μὴ
2447 533 2608 607 γνοὺς
2639 534 2929 609 ἁμαρτίαν,
2967 529 3103 605 μηδὲ
3160 529 3323 585 δόλον
3376 531 3428 584 ἐν
3477 532 3727 602 στόματι

2068 620 2446 695 ἐργασάμενος.
2484 620 2673 679 Πολλά
2727 626 3019 697 τοιγαροῦν
3065 620 3131 675 τὰ
3178 625 3275 674 τοῦ
3326 619 3461 693 ἐμοῦ
3512 621 3730 674 Δεσπό-

2063 729 2158 763 του
2190 713 2506 783 παθήματα·
2571 713 2778 787 μακράν
2839 710 2953 783 εἰμὶ
3003 716 3104 778 τῆς
3162 708 3370 762 ἐκείνου
3432 719 3722 783 μακροθυ-

2071 797 2196 868 μίας
2227 798 2315 852 καὶ
2376 800 2584 873 ἀνοχῆς
2643 801 2670 854 ὁ
2720 796 3091 873 ταλαίπωρος·
3152 798 3336 873 χαίρω
3392 796 3575 850 τοίνυν
3630 795 3732 849 καὶ

2066 885 2315 959 ἀγαλλιῶ
2347 893 2461 949 τοῖς
2484 892 2584 941 τοῦ
2635 889 2907 942 Δεσπότου
2969 908 3071 959 μου
3121 888 3403 957 παθήμασι
3455 884 3727 959 λαμπρυ-

2065 975 2319 1048 νόμενος.
2384 978 2643 1055 Κουφίζει
2707 1000 2812 1051 μου
2858 979 2951 1032 τὸν
3007 979 3172 1031 πόνον
3225 979 3374 1049 [370]
3407 978 3440 1044 ἡ
3476 975 3731 1048 μίμησις

2064 1068 2161 1117 τοῦ
2220 1065 2446 1129 πάθους·
2509 1064 2797 1141 ἐλαφρόνει
2844 1088 2948 1139 μου
3004 1067 3103 1135 τήν
3159 1062 3438 1140 ἀλγηδόνα
3489 1068 3524 1132 ἡ
3576 1066 3734 1135 ὁμο-

2067 1151 2222 1223 νιμία
2278 1158 2383 1207 τῶν
2448 1155 2791 1229 κρειττόνων.
2853 1156 3015 1229 Κάγὼ
3072 1154 3175 1227 γὰρ
3235 1150 3304 1207 δι’
3381 1152 3539 1207 αὑτὸν
3601 1153 3736 1213 υἱὸς

2068 1245 2203 1294 Θεοῦ
2236 1241 2502 1315 έγενόμην
2534 1241 2620 1297 διὰ
2657 1248 2755 1298 τοῦ
2804 1244 3175 1319 βαπτίσματος
3223 1241 3312 1296 καὶ
3355 1249 3457 1311 τῆς
3507 1238 3732 1313 δωρεᾶς

2066 1332 2158 1382 τεῦ
2191 1331 2343 1405 ἁγίου
2375 1333 2709 1406 Πιεόματος,
2742 1335 2831 1387 καὶ
2878 1330 2956 1388 ’ἐτι
3004 1330 3220 1406 μᾶλλον
3269 1334 3575 1406 γενήσομαι
3635 1327 3733 1384 διὰ

2067 1426 2169 1487 τῆς
2230 1421 2288 1476 ἐκ
2367 1429 2569 1498 νεκρῶν
2652 1423 3006 1485 ἀναστάσεως·
3093 1422 3398 1498 εὐχαριστῶ
3457 1442 3565 1490 σοι,
3626 1422 3733 1475 Δέ-

2070 1528 2263 1579 σποτα,
2294 1509 2374 1565 ὅτι
2406 1518 2525 1574 τοῖς
2571 1518 2687 1574 σοῖς
2738 1534 2803 1586 με
2848 1512 3070 1576 πάθεσιν
3116 1511 3501 1588 ἐστεφάνωσας·
3549 1508 3730 1577 ἀλλὰ,

2072 1593 2449 1674 φιλάνθρωπε,
2476 1600 2565 1655 καὶ
2600 1600 3025 1678 φιλοικτίρμων,
3052 1599 3145 1654 καὶ
3188 1604 3294 1654 τῶν
3346 1604 3451 1653 σῶν
3504 1596 3733 1653 δούλων

313 1702 444 1756 quae
476 1685 537 1738 in
568 1684 678 1738 hac
707 1683 825 1737 vita
864 1681 1155 1735 commisi.
1207 1682 1323 1751 Ego
1378 1680 1559 1747 enim,
1593 1680 1861 1749 Domine,
1897 1682 1957 1735 in

2129 1687 2375 1756 >ονοητά,
2406 1687 2698 1743 τελιίωσόν
2735 1710 2838 1760 μου
2869 1691 2959 1744 τὸν
2995 1687 3200 1763 δρόμον
3232 1687 3281 1741 ἐν
3311 1690 3380 1761 τῇ
3441 1687 3732 1762 ὁμολογίᾳ

314 1774 514 1829 sinum
546 1769 969 1825 misericordiae
1001 1774 1113 1822 tua)
1145 1768 1439 1837 meipsum
1472 1767 1717 1838 projeci.

2071 1793 2190 1846 σου,
2221 1776 2310 1829 καὶ
2346 1779 2418 1850 μή
2459 1798 2525 1850 με
2575 1778 2788 1849 ἀνάξιον
2847 1777 3033 1852 κρίνῃς
3088 1775 3249 1832 τοῦδε
3301 1781 3398 1831 τοῦ
3452 1775 3729 1851 ἐγχειρή-

310 1861 463 1935 πηγὴ
494 1853 783 1913 ἀνέϐλυσεν
817 1854 1031 1924 ὕδατος,
1063 1860 1234 1909 πᾶσαν
1276 1852 1662 1908 ἀποδιώκουσα
1721 1856 1899 1922 νόσον,
1939 1853 2095 1925 ἤκαὶ
2157 1863 2321 1941 μέχρι
2372 1872 2471 1935 τῆς
2533 1868 2779 1943 σήμερον
2842 1868 3012 1939 μένει,
3072 1870 3182 1921 τῶν
3236 1864 3403 1941 ἀγίων
3465 1866 3727 1936 σώξουσα

312 1950 412 2017 τὴν
448 1944 784 2018 ἐπωνυμίαν.

384 2058 473 2110 39.
509 2056 642 2108 Hasc
674 2070 807 2107 cum
839 2051 994 2123 apud
1028 2068 1087 2106 se
1133 2055 1405 2122 precatus
1452 2051 1685 2118 fuisset,
1738 2070 1959 2124 prope-

320 2144 469 2199 ravit
500 2143 571 2197 ad
604 2157 899 2196 carcerem
922 2157 1056 2194 cum
1076 2140 1296 2193 sanctis
1316 2139 1671 2210 martyribus
1703 2141 1961 2211 Eugenio

318 2238 375 2287 et
404 2230 689 2295 Macario;
724 2236 863 2283 tunc
894 2228 1093 2281 traditi
1129 2232 1266 2281 sunt
1304 2227 1533 2281 custodi
1579 2230 1853 2283 carceris.
1894 2230 1963 2282 Et

321 2317 536 2374 Christi
567 2322 789 2388 martyr
822 2333 955 2371 cum
984 2316 1200 2370 sanctis
1231 2314 1444 2369 athelis
1476 2316 1735 2387 Eugenio
1768 2322 1825 2371 et
1855 2319 1964 2371 Ma-

319 2407 477 2463 cario
498 2406 735 2461 laudem
760 2410 817 2460 et
837 2405 1156 2477 gratiarum
1183 2404 1477 2457 actionem
1505 2405 1619 2458 Deo
1643 2404 1959 2461 tribuebat.

320 2497 484 2551 Mane
514 2500 711 2549 autem
744 2493 1089 2563 facto,jubet
1120 2493 1334 2546 iterum
1364 2494 1640 2563 Apostata
1670 2498 1960 2563 martyres

323 2586 450 2640 sisti
491 2601 595 2654 pro
643 2582 945 2648 tribunali,
999 2587 1056 2635 et
1112 2580 1279 2634 nulla
1340 2597 1440 2634 eos
1503 2581 1963 2653 interrogatione

322 2673 616 2745 dignatus,
651 2687 784 2725 cum
817 2670 1188 2724 mandassset
1235 2674 1465 2722 tantum
1515 2685 1548 2722 a
1596 2670 1771 2723 sociis
1821 2670 1963 2738 suis,

323 2761 587 2832 Eupenio
621 2764 677 2813 et
702 2758 973 2825 Macario,
1004 2773 1286 2829 magnum
1320 2758 1646 2811 Artemium
1678 2757 1962 2827 separari,

324 2850 552 2922 priores
585 2847 791 2902 exsilio
824 2847 1101 2900 multatos
1129 2845 1311 2899 mittit
1356 2845 1419 2899 in
1468 2846 1663 2900 Oasim
1712 2845 1963 2901 Arabia).

324 2940 502 2993 Porro
540 2936 756 3007 duplex
787 2935 959 2989 datur
996 2934 1175 3005 hnjus
1224 2934 1485 2987 nominis
1516 2934 1680 2987 locus
1708 2950 1720 2986 :
1753 2950 1967 3004 nempe

320 3026 486 3081 Oasis
518 3041 695 3096 parva
722 3028 780 3078 et
828 3039 1059 3094 magna.
1094 3022 1381 3076 Pestifera
1425 3026 1563 3075 sunt
1597 3022 1721 3075 haec
1752 3021 1886 3075 loca
1914 3025 1971 3074 et

2144 2040 2242 2105 λθ’.
2285 2043 2391 2097 Καὶ
2446 2046 2612 2097 ταῦτα
2677 2045 2812 2118 πρὸς
2870 2045 3056 2099 ἑαυτὸν
3116 2042 3427 2116 εὐξάμενος,
3484 2038 3722 2120 ἔφθασεν

2072 2128 2123 2184 ἐν
2155 2134 2223 2205 τῇ
2256 2129 2473 2208 φυλακῇ
2531 2132 2664 2205 μετά
2717 2137 2824 2187 τῶν
2884 2132 3047 2207 ἀγίων
3113 2135 3397 2208 μαρτύρων
3451 2131 3724 2207 Εὖγενίου

2069 2216 2158 2271 καὶ
2216 2219 2516 2294 Μακαρίου,
2583 2220 2675 2275 καὶ
2735 2218 3109 2292 παρεδόθησαν
3175 2224 3255 2292 τῷ
3313 2217 3725 2297 δεσμοφύλακι·

2070 2305 2159 2359 καὶ
2189 2307 2254 2375 ἦν
2289 2307 2315 2360 6
2346 2312 2442 2361 τυῦ
2474 2313 2706 2383 Χριστοῦ
2742 2308 2942 2383 μάρτυς
3001 2310 3134 2379 μετά
3176 2313 3283 2363 τῶν
3330 2310 3499 2383 ἀγίῶν
3550 2306 3731 2363 ἀθλο-

2072 2397 2254 2474 φόρων
2306 2397 2559 2473 Εὐγενίου
2616 2398 2705 2453 καὶ
2757 2398 3058 2472 Μακαρίου,
3120 2396 3427 2472 δοξολογῶν
3484 2400 3576 2453 καὶ
3633 2399 3730 2453 εὖ-

2073 2491 2347 2559 χαριστῶν
2401 2492 2479 2558 τῷ
2528 2491 2664 2559 Θεῷ.
2728 2486 2942 2561 Πρωίας
3003 2485 3058 2542 δὲ
3116 2488 3442 2561 γενομένης,
3498 2486 3725 2542 κελεύει

2072 2572 2237 2628 πάλιν
2281 2576 2307 2629 ὁ
2367 2570 2692 2648 Παραϐάτης
2745 2576 2873 2638 τοὺς
2936 2576 3209 2652 μάρτυρας
3266 2580 3452 2641 στῆναι
3512 2575 3602 2630 ἐπὶ
3668 2576 3731 2630 τὸ

2076 2660 2447 2734 δικαστήριον,
2534 2664 2625 2718 καὶ
2716 2662 2990 2738 μηδεμιᾶς
3105 2665 3441 2735 καταξιώσας
3526 2665 3731 2727 αὐτοὺς

2076 2753 2419 2827 ἐρωτήσεως,
2451 2751 2486 2821 ἢ
2519 2748 2683 2824 μόνον
2735 2753 2825 2807 τὸν
2885 2752 3047 2829 μέγαν
3110 2753 3395 2828 Ἀρτέμιον
3449 2750 3730 2828 διαχωρι-

2074 2848 2264 2911 σθῆναι
2348 2847 2449 2910 τῆς
2530 2840 2702 2894 αὐτῶν
2793 2841 3046 2915 συζυγίας
3150 2840 3730 2917 παρακελευσάμενος,

2075 2928 2285 3005 ἐξορίαν
2336 2930 2452 2983 κατ’
2509 2929 2684 2983 αὐτῶν
2742 2930 3054 3007 ψηφίζεται,
3114 2930 3204 2985 καὶ
3258 2928 3461 3002 πέμπει
3524 2931 3733 2992 αὐτοὺς

2078 3018 2129 3072 ἐν
2160 3019 2338 3075 Ὀάσει
2371 3024 2470 3086 τῆς
2500 3012 2778 3091 Ἀραϐίας.
2813 3018 2915 3072 Δύο
2950 3016 3007 3073 δὲ
3052 3019 3151 3073 εἰσὶ
3200 3019 3384 3095 χωρία
3431 3019 3585 3073 οὕτω
3628 3042 3731 3074 κα-

320 3114 619 3186 pestiferis
648 3112 836 3167 ventis
882 3111 1249 3183 perﬂantur;
1300 3126 1478 3164 nemo
1528 3126 1791 3180 unquam
1824 3109 1962 3163 illuc

2129 3106 2335 3178 νόμενα,
2394 3106 2582 3167 Ὄασις
2632 3107 2828 3180 μικρὰν
2878 3107 2966 3160 καὶ
3021 3106 3256 3180 μεγάλη·
3309 3108 3626 3181 φθοροποιά
3678 3105 3734 3161 δὲ

318 3202 639 3257 adveniens
659 3201 750 3255 vel
774 3216 959 3253 unum
983 3214 1207 3253 annum
1232 3198 1444 3252 durare
1476 3198 1687 3268 potuit;
1717 3197 1818 3251 sed
1847 3214 1967 3251 om-

322 3308 430 3346 nes
461 3289 681 3343 ibidem
713 3288 983 3361 gravibus
1032 3286 1254 3340 morbis
1304 3287 1559 3356 correpti
1609 3286 1966 3345 moriuntur.

324 3382 472 3437 Illuc
496 3380 675 3452 igitur
703 3378 993 3447 relegatos
1048 3380 1284 3430 sanctos
1333 3375 1659 3446 Eugenium
1692 3381 1750 3430 et
1782 3377 1971 3430 Maca—

323 3473 477 3527 rium
518 3470 707 3542 capite
765 3467 944 3539 plecti
985 3467 1185 3538 jussit.
1236 3465 1340 3530 Qui
1392 3466 1766 3536 perfecerunt
1814 3483 1965 3519 mar-

323 3560 546 3634 tyrium
580 3574 753 3614 suum
784 3562 918 3629 post
948 3556 1072 3610 dies
1101 3555 1507 3627 quadraginta,
1540 3555 1818 3610 vicesima
1858 3556 1968 3608 De—

325 3649 602 3705 cembris.
646 3649 712 3702 In
762 3645 890 3701 loco
939 3649 1135 3699 autem
1192 3660 1392 3697 eorum
1439 3643 1968 3698 consummationis

324 3737 656 3810 prodigium
689 3734 903 3790 accidit
932 3748 1234 3804 magnum.
1281 3732 1423 3785 Cum
1484 3733 1641 3787 enim
1673 3732 1834 3786 locus
1866 3729 1967 3785 ille

326 3826 554 3881 nullam
584 3840 824 3895 prorsus
856 3838 1070 3891 aquam
1102 3820 1366 3887 haberet,
1394 3821 1521 3875 fons
1559 3821 1822 3875 scaturiit
1868 3819 1967 3890 qui

329 3929 567 3968 omnem
597 3909 871 3965 morbum
904 3908 1164 3979 expellit,
1198 3912 1257 3961 et
1286 3924 1474 3978 usque
1506 3908 1567 3962 in
1611 3908 1966 3962 hodiernum

328 4002 486 4057 diem
518 4005 736 4068 manet,
771 4002 1110 4053 sanctorum
1141 4012 1356 4049 nomen
1389 3996 1651 4050 sortitus.

2074 3195 2142 3247 τά
2200 3194 2403 3268 χωρία,
2463 3192 2551 3247 καὶ
2614 3194 2717 3249 ὑπὸ
2776 3198 3122 3270 φθοροποιῶν
3177 3193 3346 3268 ἀέρων
3418 3195 3731 3249 καταπνεό-

2081 3303 2235 3354 μενα,
2268 3281 2355 3335 καὶ
2397 3279 2573 3343 οὐδεὶς
2628 3286 2733 3335 τῶν
2796 3281 2965 3337 ἐκεῖσε
3013 3282 3431 3357 ἀπερχομένων,
3479 3283 3729 3338 ἐνιαυτὸν

2074 3368 2167 3425 ἕνα
2194 3368 2283 3423 καὶ
2317 3370 2480 3443 μόνον
2510 3368 2811 3445 διήρκεσεν,
2873 3370 2996 3426 ἀλλ’
3058 3371 3240 3426 αὐτόθι
3304 3372 3405 3426 ὑπὸ
3454 3371 3727 3447 χαλεπῶν

2077 3458 2427 3532 ἁλισκόμενοι
2477 3462 2801 3533 νοσημάτων
2850 3460 3358 3530 ἐναποθνήσκουσιν.
3412 3462 3561 3516 Ἐκεῖ
3606 3461 3733 3514 τοί-

2076 3571 2165 3604 νυν
2192 3549 2318 3610 τοὺς
2340 3547 2525 3625 ἁγίους
2570 3548 2886 3623 περιορίσας
2942 3549 3205 3624 Εὗγένιον
3262 3552 3353 3605 καί
3408 3551 3727 3624 Μακάρων,

2077 3637 2128 3694 ἐν
2161 3637 2296 3710 αὐτῇ
2327 3638 2420 3698 τὰς
2476 3637 2714 3715 κεφαλὰς
2773 3642 2879 3692 τῶν
2936 3638 3102 3713 ἁγίων
3166 3639 3554 3710 ἀποτμηθῆναι
3613 3638 3731 3692 ἐκέ-

2077 3725 2283 3780 λευσεν·
2338 3723 2389 3780 οἳ
2452 3726 2538 3780 καὶ
2631 3724 3021 3795 ἐτελειώθησαν
3112 3726 3244 3799 μετά
3326 3729 3735 3798 τεσσαράκοντα

2075 3816 2305 3887 ἡμέρας,
2340 3817 2407 3888 τῇ
2436 3811 2607 3869 εἰκάδι
2656 3820 2753 3870 τοῦ
2804 3810 3137 3889 Δεκεμϐρίου
3192 3815 3383 3888 μηνός.
3435 3818 3595 3889 [371]
3639 3819 3731 3872 Ἐν

2077 3902 2133 3958 δὲ
2162 3902 2240 3976 τῷ
2279 3898 2432 3975 τὸπῳ
2487 3910 2587 3972 τῆς
2645 3903 2819 3958 αὐτῶν
2879 3902 3233 3971 τελειώσεως,
3293 3910 3474 3977 θαῦμα
3529 3907 3728 3981 γέγονε

2078 3992 2232 4066 μέγα·
2271 3993 2346 4064 μή
2382 3989 2606 4067 ἔχοντος
2638 3992 2738 4067 γάρ
2768 3990 2864 4047 τοῦ
2920 3993 3093 4048 τόπου
3152 3990 3297 4067 ὕδωρ
3355 3994 3417 4048 τὸ
3468 3994 3729 4064 σύνολον,

330 4110 521 4162 ματος,
552 4085 642 4142 διὰ
668 4086 765 4148 τάς
808 4083 862 4139 ἐν
890 4081 1033 4157 τῷδε
1059 4088 1139 4155 τῷ
1172 4083 1277 4159 βίῳ
1325 4082 1757 4158 προσγενομένας
1816 4102 1908 4155 μοι
1969 4080 2256 4156 ἁμαρτίας·
2319 4080 2427 4155 ἐγὼ
2485 4081 2608 4155 γάρ,
2668 4082 2928 4154 Δέσποτα,
2990 4082 3067 4144 εἷς
3121 4081 3247 4144 τοὺς
3304 4082 3431 4145 σοὺς
3491 4083 3729 4157 ἐμαυτὸν

324 4175 596 4251 ἀπέῤῥιψα
628 4173 975 4247 οἷκτιρμοός.

398 4287 485 4338 40.
508 4283 773 4338 Julianus
795 4287 991 4337 autem
1017 4288 1291 4337 sanctum
1317 4281 1646 4335 Artemium
1678 4278 1751 4335 ad
1782 4297 1842 4335 se
1874 4297 1976 4335 vo—
2005 4282 2050 4346 D

329 4379 526 4430 catum
548 4372 642 4425 his
665 4371 857 4425 verbis
887 4371 1179 4425 allocutus
1211 4376 1301 4425 est
1327 4388 1339 4423 :
1368 4369 1717 4423 Temeritate
1752 4374 1851 4424 tua
1882 4386 1975 4424 me

330 4460 572 4532 coegisti
599 4458 815 4529 probro
851 4458 1087 4512 afﬁcere
1126 4475 1312 4529 genus
1346 4464 1607 4524 tunm,ac
1640 4462 1753 4511 tuae
1785 4458 1978 4527 digni-

331 4550 437 4604 tati
495 4547 717 4602 inferre
762 4547 1170 4619 ignominiam,
1216 4553 1273 4601 et
1301 4546 1390 4600 vel
1420 4547 1577 4617 ipsas
1608 4563 1817 4600 carnes
1850 4551 1978 4600 tuas

333 4638 642 4709 attingere.
681 4635 863 4691 Crede
912 4635 1088 4706 igitur
1132 4636 1301 4702 mihi,
1353 4634 1617 4700 Artemi;
1667 4634 1877 4689 accede
1925 4639 1982 4688 et

331 4727 599 4784 sacriﬁca
631 4725 764 4790 diis,
810 4725 1139 4795 praesertim
1198 4722 1455 4794 Apollini
1502 4722 1822 4793 Daphnzeo,
1870 4723 1979 4777 deo

327 4833 459 4872 meo
481 4814 831 4871 charissimo
856 4818 915 4867 et
935 4812 1333 4878 sanctissimo,
1370 4816 1427 4865 et
1451 4828 1485 4865 a
1536 4827 1713 4865 causa
1744 4812 1983 4883 sangui-

329 4904 423 4959 nis
446 4903 647 4958 fratris
673 4901 788 4956 mei
843 4898 1140 4954 absolvam
1176 4903 1251 4963 te,
1294 4897 1759 4968 dignitatemque
1790 4899 1980 4969 majo-

334 5008 463 5044 rem
496 4997 554 5045 et
584 4988 995 5061 gloriosiorem
1036 4986 1346 5040 restituam
1374 4986 1500 5041 tibi.
1534 4987 1608 5041 Te
1640 4986 1798 5041 enim
1832 5004 1979 5058 pra)-

333 5078 557 5132 fectum
590 5078 850 5148 praetorii
882 5076 1267 5131 constitutum
1301 5090 1716 5144 summumque
1740 5092 1981 5147 magno-

336 5182 472 5219 rum
493 5164 739 5219 deorum
763 5163 1127 5230 pontificem,
1155 5166 1382 5233 patrem
1401 5178 1599 5215 meum
1630 5163 1940 5233 appellabo
1966 5181 1979 5218 :

336 5251 666 5307 secundum
688 5252 750 5304 in
779 5250 1027 5320 imperio
1071 5251 1266 5305 locum
1300 5248 1548 5319 tenebis,
1584 5256 1640 5304 et
1670 5251 1981 5306 nobiscum

330 5342 446 5396 eris
469 5340 746 5396 omnibus
772 5338 979 5393 diebus
1006 5340 1136 5393 vita)
1160 5345 1217 5395 et
1247 5338 1710 5395 conservationis
1740 5344 1978 5396 nostra.

332 5432 475 5485 Nam
508 5435 570 5484 tu
598 5444 835 5499 quoque
865 5427 1045 5498 nosti,
1077 5429 1327 5493 Artemi,
1356 5428 1598 5482 fratrem
1630 5444 1829 5482 meum
1863 5446 1981 5484 non

326 5519 487 5591 juste
531 5535 565 5575 a
606 5516 951 5572 Constantio
1008 5515 1267 5571 occisum
1308 5516 1512 5585 fuisse,
1548 5516 1651 5572 sed
1677 5533 1811 5572 eum
1838 5535 1979 5576 con-

2156 4278 2229 4349 μ’.
2262 4278 2370 4334 Τὸν
2418 4274 2473 4331 δέ
2523 4274 2678 4352 ἅγιον
2732 4278 3024 4351 Ἀρτέμιον
3068 4276 3585 4352 προσκαλεσάμενος
3633 4276 3735 4359 ἔφη

2086 4367 2223 4441 πρὸς
2255 4364 2436 4422 αὐτόν.
2484 4366 2581 4419 Διά
2638 4367 2735 4435 τὴν
2790 4367 3117 4443 προπέτειάν
3169 4384 3269 4422 σου
3324 4369 3742 4445 κατηνάγκασάς

2091 4474 2157 4526 με
2186 4453 2444 4525 ἀτιμάσαι
2474 4454 2537 4507 τὸ
2594 4449 2747 4528 γένος
2798 4476 2914 4522 σου,
2976 4455 3063 4509 καὶ
3120 4458 3219 4524 τήν
3280 4459 3590 4531 προσοῦσάν
3653 4479 3737 4511 σοι

2086 4542 2433 4617 περιφάνειαν
2494 4537 2788 4613 ἐνυϐρίσαι,
2846 4543 2935 4597 καὶ
3007 4544 3183 4597 αὐτῶν
3268 4541 3575 4621 ἐφάψασθαι
3628 4550 3738 4599 τῶν

2088 4634 2303 4704 σαρκῶν
2338 4653 2453 4686 σου.
2495 4634 2751 4702 Πείσθητι
2784 4631 2873 4686 οὖν
2934 4654 3048 4705 μοι,
3102 4634 3373 4707 Ἀρτέμιε,
3416 4635 3506 4688 καὶ
3559 4656 3742 4709 προσ-

2089 4719 2259 4782 ελθὼν
2298 4724 2457 4782 θῦσον
2486 4726 2603 4783 τοῖς
2630 4726 2795 4788 θεοῖς,
2830 4719 3065 4793 μάλιστα
3093 4727 3170 4793 τῷ
3228 4722 3482 4798 Δαφναίῳ
3532 4723 3747 4778 Ἀπόλ-

2089 4808 2331 4882 λωνιτῷ
2372 4809 2495 4883 ἐμοὶ
2552 4813 2869 4884 τριποθήτῳ
2922 4812 3010 4865 καὶ
3071 4815 3395 4889 παναγάστῳ
3454 4819 3585 4885 θεῷ,
3648 4836 3748 4869 κα-

2086 4904 2185 4967 τῆς
2216 4899 2392 4961 αἰτίας
2421 4903 2523 4953 τοῦ
2556 4905 2787 4971 αἳματος
2814 4905 2910 4954 τοῦ
2942 4900 3077 4974 ἐμοῦ
3108 4900 3345 4978 ἀδελφοῦ
3395 4901 3631 4957 ἀπολύω
3667 4925 3745 4974 σε,

2087 4989 2187 5057 τήν
2234 5010 2292 5043 τε
2346 4988 2497 5058 ἀξίαν
2557 4988 2779 5061 μείζονα
2835 4990 2926 5043 καὶ
3005 4987 3345 5063 ἐνδοξοτέραν
3414 4991 3745 5063 ἐπαναθτςσω

2089 5096 2194 5130 σοι·
2247 5074 2485 5152 ἔπαρχον
2542 5077 2643 5152 γὰρ
2705 5078 3051 5154 πραιτωρίων
3107 5100 3164 5133 σε
3247 5083 3592 5150 καταστήσας
3653 5084 3748 5137 καὶ

2089 5166 2347 5240 ἀρχιερέα
2374 5169 2481 5220 τῶν
2519 5164 2774 5241 μεγάλων
2816 5168 2972 5236 θεῶν,
3022 5169 3227 5243 πατέρα
3271 5168 3402 5241 ἐμὸν
3454 5169 3744 5243 ὀνομάσω,

2086 5254 2176 5307 καὶ
2205 5260 2305 5322 τῆς
2336 5252 2473 5327 ἐμῆς
2499 5253 2773 5329 βασιλείας
2820 5256 2886 5309 τά
2935 5252 3154 5325 δεύτερα
3202 5257 3454 5332 φέροντα,
3501 5260 3596 5313 καὶ
3639 5258 3737 5335 ἔσῃ

2092 5343 2209 5413 μεθ’
2252 5345 2411 5415 ἡμῶν
2470 5344 2645 5397 πάντα
2701 5344 2791 5397 τὸν
2855 5339 3054 5419 χρόνον
3102 5348 3204 5410 τῆς
3263 5346 3534 5423 ἡμετέρας
3595 5354 3741 5419 ζωῆς

2087 5450 2143 5485 τε
2172 5432 2263 5485 καὶ
2294 5432 2595 5508 διαγωγῆς.
2656 5429 2822 5495 Οἶδας
2878 5432 2982 5508 γὰρ
3025 5432 3113 5487 καὶ
3165 5433 3345 5502 αὐτὸς,
3378 5436 3422 5489 ὦ
3455 5438 3738 5513 ’Δρτέμιε,

2089 5520 2164 5581 ὡς
2194 5520 2222 5574 ὁ
2253 5520 2382 5594 ἐμὸς
2436 5516 2670 5598 ἀδελφὸς
2712 5522 2884 5595 μάτην
2933 5522 3079 5597 παρὰ
3123 5524 3503 5581 Κωνσταντίου
3560 5527 3733 5605 πεφό-
