3964 6144
266 272 408 328 1289

1631 270 1691 322 8.
1737 266 2038 322 ARTEMII
2077 267 2348 322 PASSIO.

3519 275 3662 330 1290

257 417 458 465 νευται,
518 394 608 449 καὶ
667 394 740 456 ὡς
796 388 990 470 φθόνος
1043 392 1201 447 αὐτὸν
1249 392 1657 464 κατειργάσατο,
1717 389 1807 444 καὶ
1866 390 1893 444 6

2021 389 2218 444 :‘ecisse
2251 389 2536 446 invidiam
2571 396 2628 446 et
2654 392 2930 447 omnium
2968 392 3279 450 hominum
3311 396 3665 455 scelestissi-

254 487 468 541 πάντων
500 483 805 556 ἀνθρώπων
839 482 1200 542 ἀνοσιώτατος
1241 481 1268 534 ὁ
1300 481 1563 554 εὐνοῦχος
1616 473 1899 546 Εὐσέϐιος,

255 577 282 630 6
331 575 434 643 τὴν
491 577 589 628 τοῦ
641 571 1003 645 πραιποσίτου
1065 569 1209 642 ἀξίαν
1268 572 1450 631 κακῶς
1524 564 1901 639 ἐνδυσάμενος,

255 661 350 719 κᾶν
380 662 480 717 οὐκ
511 663 774 736 ἀρκοῦσαν
808 657 1009 714 δέδωκε
1042 659 1140 727 τήν
1201 654 1358 728 δίκην
1410 660 1508 711 τοῦ
1538 655 1905 729 ἀνοσιουργή-

260 772 425 826 ματος
454 752 483 806 6
511 748 812 822 παμπόνηρ
827 769 906 810 ος.

332 839 438 910 μα’.
473 837 578 893 Καὶ
609 835 694 889 ὅτι
721 837 820 902 τῆς
857 835 1126 908 ἡμετέρας
1176 837 1361 908 γενεᾶς
1420 831 1528 886 ἐστι
1593 829 1804 904 μᾶλλον
1863 831 1897 898 ἠ

261 925 510 1000 βασιλεία
539 922 825 1000 ἁρμόδιος·
862 924 889 978 ὁ
941 923 1044 997 γὰρ
1103 922 1235 995 ἐμὸς
1292 922 1473 996 πατὴρ
1534 927 1898 980 Κωνσταντιος

256 1015 314 1071 έκ
368 1021 468 1082 τῆς
525 1015 863 1086 Μαξιμιανοῦ
933 1011 1196 1086 θυγατρὸς
1281 1007 1567 1082 Θεοδώρας
1620 1007 1899 1082 γεγένηται

255 1108 333 1174 τῷ
389 1103 507 1175 ἐμῷ
562 1103 770 1173 πάππῳ
819 1101 1150 1158 Κώνσταντι.
1238 1101 1297 1156 Ὀ
1381 1095 1438 1152 δὲ
1491 1100 1898 1157 Κωνσταντῖνος

253 1191 304 1265 έξ
336 1191 560 1262 Ἑλένης
588 1191 733 1264 αὐτῷ
791 1186 980 1265 γέγονε
1035 1187 1253 1266 φαύλης
1308 1187 1454 1242 τινὸς
1512 1186 1765 1262 γυναικὸς
1807 1184 1896 1239 καὶ

249 1284 356 1334 τῶν
440 1277 805 1354 χαμαιτόπων
894 1274 1045 1331 οὐδὲν
1135 1274 1514 1351 διαφερούσης·
1572 1273 1661 1327 καὶ
1731 1275 1898 1326 ταῦτα

252 1370 424 1441 μήπω
452 1367 701 1444 γεγονότι
733 1365 978 1440 Καίσαρι,
1004 1364 1132 1419 ἀλλ’
1186 1363 1238 1418 έν
1298 1361 1524 1418 ἰδιώτου
1571 1361 1896 1436 τυγχάνοντι

251 1458 520 1532 σχήματι.
578 1457 640 1513 Ὀ
697 1455 877 1510 τοίνυν
933 1457 1336 1513 Κωνσταντῖνος
1396 1451 1692 1524 θρασύτητι
1750 1449 1897 1522 γνώ-

253 1567 362 1620 μης
409 1547 557 1619 [372]
609 1545 709 1613 τήν
764 1542 1037 1618 βασιλείαν
1103 1542 1408 1618 ἀφήρπασε,
1463 1539 1552 1594 καὶ
1611 1539 1700 1592 τὸν
1763 1535 1892 1609 έμὸν

249 1635 454 1710 πατέρα
491 1634 582 1688 καὶ
638 1633 766 1695 τοὺς
813 1631 1010 1686 τούτου
1070 1629 1337 1698 ἀδελφοὺς
1386 1626 1727 1703 ἀμφοτέρους
1779 1623 1892 1680 ἀδί-

250 1745 362 1785 κως
392 1722 687 1778 ἀπέκτεινε·
721 1721 811 1776 καὶ
845 1720 872 1774 ὁ
919 1719 1117 1774 τούτου
1175 1719 1290 1780 υἱὸς
1348 1717 1744 1782 Κωνστάντιος,
1800 1715 1892 1769 τὸν

255 1812 420 1867 αὐτοῦ
446 1812 649 1885 πατέρα
681 1808 1085 1883 μιμησάμενος,
1105 1807 1197 1862 τὸν
1258 1805 1387 1878 έμὸν
1446 1802 1678 1879 ἀδελφὼ
1727 1802 1893 1880 πεφό-

255 1921 430 1968 νευκε,
462 1900 552 1954 καὶ
581 1903 748 1954 ταῦτα
778 1897 965 1971 ὅρκοις
1020 1897 1156 1968 πρὸς
1216 1895 1377 1949 αὐτὸν
1438 1889 1894 1971 φρικωδεστάτοις

256 1989 826 2065 χρησάμενον.Ἦμᾶς
883 2006 941 2040 τε
995 1984 1189 2047 αὐτοὺς
1239 1983 1284 2038 εἰ
1343 1983 1419 2056 μὴ
1479 1987 1612 2046 θεῶν
1664 1979 1898 2055 προνοίᾳ

255 2080 690 2153 περιεσώθημεν,
738 2076 802 2132 τὸ
884 2074 1014 2129 αὐτὸ
1068 2068 1341 2144 ἠϐούλετο
1400 2069 1610 2144 δρᾶσαι·
1667 2069 1793 2125 ἀλλ’
1841 2069 1893 2122 οἱ

257 2167 368 2231 θεοὶ
401 2164 759 2232 διεκώλυσαν,
791 2161 1015 2236 αὖτοψεί
1075 2182 1166 2234 μοι
1224 2161 1322 2228 τήν
1385 2157 1654 2232 σωτηρίαν
1719 2155 1892 2229 μηνό-

253 2274 458 2323 σαντες,
489 2252 566 2317 εἰς
607 2251 698 2314 οὕς
754 2252 865 2324 ἐγὼ
915 2248 1264 2324 τεθαρῥηκὼν
1323 2249 1414 2302 τὸν
1473 2244 1895 2318 Χριστιανισμὸν

253 2343 618 2416 ἐξωμοσάμην
644 2340 734 2395 καὶ
762 2341 896 2413 πρὸς
916 2339 1007 2393 τὸν
1039 2336 1291 2407 Ἕλληνα
1347 2336 1464 2411 βίον
1516 2335 1801 2389 ἀπέκλινα·
1837 2332 1893 2387 εὗ

253 2429 436 2501 εἰδὼς,
469 2431 542 2491 ὡς
576 2430 603 2484 6
631 2432 739 2483 τῶν
770 2425 1056 2496 Ἐλλήνων
1088 2424 1178 2479 καὶ
1199 2423 1486 2496 Ῥωμαίων
1529 2421 1893 2496 ἀρχαιότατος

258 2520 372 2596 βίος
401 2517 593 2580 καλοῖς
617 2512 757 2581 ἔθεσι
797 2516 886 2570 καὶ
915 2516 1110 2588 νόμοις
1141 2514 1512 2588 χρησάμενος,
1543 2509 1696 2596 θεοὺς
1725 2529 1899 2583 προσ-

255 2595 504 2685 αγορεύει
533 2607 666 2669 τοὺς
687 2607 750 2661 τὸ
779 2606 968 2660 πιστὸν
1001 2603 1062 2659 έκ
1087 2607 1196 2657 τῶν
1222 2600 1554 2677 πραγμάτων
1575 2595 1822 2674 ἔχοντας.

333 2699 443 2774 μβ’.
472 2697 570 2759 Τίς
601 2696 700 2771 γὰρ
725 2697 824 2764 τὴν
857 2694 1085 2769 γνώμην
1119 2686 1456 2769 ἀμφίϐολος,
1481 2689 1642 2759 ἣλιον
1677 2689 1895 2764 βλέπων

262 2786 313 2842 ἰν
401 2785 610 2861 οὖρανῷ
687 2782 1015 2838 διππεύοντα
1075 2780 1165 2835 καὶ
1222 2779 1458 2848 σελήνην
1521 2777 1599 2856 ἐφ’
1658 2773 1901 2850 ἅρματος

263 2885 639 2950 χρυσυτυγου
667 2871 1110 2946 ταυροπολοῦσαν
1148 2888 1163 2938 ;
1196 2869 1223 2922 6
1260 2869 1352 2940 μὲν
1383 2867 1483 2940 γὰρ
1543 2867 1641 2933 τὴν
1689 2863 1898 2950 ἡμέραν

259 2948 478 3042 φαεινὴν
529 2962 906 3036 ἀπεργάζεται,
964 2958 1054 3013 καὶ
1111 2956 1244 3018 τοὺς
1302 2954 1619 3030 ἀνθρώπους
1672 2953 1755 3009 ἐπ’
1812 2948 1903 3028 ἔρ-

256 3073 351 3126 γον
385 3051 658 3127 έγείρει·ἡ
693 3047 749 3104 δέ
776 3051 876 3116 τήν
931 3047 1094 3102 νύκτα
1151 3041 1563 3119 λαμπαδουχεῖ,
1627 3044 1717 3096 καὶ
1772 3042 1902 3105 τοὺς

2015 495 2174 532 mum
2211 478 2531 533 Eusebium
2564 481 2926 550 eunuchum,
2960 481 3060 552 qui
3088 484 3387 554 praipositi
3415 485 3662 558 dignita-

2015 571 2133 620 tem
2167 583 2479 637 perperam
2512 568 2725 636 induit,
2759 585 2867 623 nec
2901 574 3098 624 tamen
3129 588 3234 641 pro
3284 573 3506 627 scelere
3539 575 3660 628 suf-

2015 655 2317 710 ﬁcientem
2348 673 2582 727 poenam
2616 657 2780 712 dedit
2807 658 2894 712 vir
2923 659 3346 729 nequissimus.

2079 833 2165 886 41.
2201 835 2380 904 ιιΕᾳιιθ
2414 833 2785 905 exploratum
2817 834 3001 890 habes
3049 835 3122 890 ad
3172 841 3439 892 nostrum
3471 855 3658 910 genus

2009 921 2194 992 magis
2226 922 2524 992 pertinere
2555 923 2894 994 imperium.
2931 926 3104 978 Pater
3133 925 3292 979 enim
3315 943 3484 981 meus
3510 929 3659 982 Con-

2009 1009 2262 1064 stantius
2293 1027 2362 1064 ex
2393 1011 2719 1079 Theodora,
2771 1013 3109 1067 Maximiani
3157 1014 3303 1081 ﬁlia,
3337 1022 3512 1070 natus
3567 1021 3659 1070 est

2008 1112 2111 1151 avo
2144 1113 2275 1152 meo
2307 1099 3074 1165 Constanti,Constantinus
3098 1107 3296 1156 autem
3314 1120 3384 1157 ex
3408 1104 3658 1175 Helena,

2007 1185 2105 1239 vili
2137 1186 2391 1256 quadam
2424 1188 2664 1243 muliere
2724 1205 2791 1243 ac
2848 1190 3262 1244 meretricibus
3323 1191 3656 1256 simillima.

2004 1273 2183 1345 idque
2214 1275 2313 1329 ubi
2346 1276 2612 1331 nondum
2645 1278 2840 1333 Cmsar
2869 1284 3101 1333 creatus
3127 1279 3189 1333 in
3236 1281 3445 1350 privati
3469 1281 3661 1336 homi-

2005 1363 2099 1417 nis
2153 1365 2492 1420 conditione
2552 1366 2915 1422 versabatur.
2976 1368 3402 1424 Constantinus
3471 1369 3659 1441 igitur

2005 1452 2394 1508 consiliorum
2427 1471 2671 1508 suorum
2702 1455 2952 1510 audacia
2981 1455 3299 1527 imperium
3321 1460 3654 1529 usurpavit,

2008 1545 2066 1594 et
2094 1547 2322 1610 patrem
2355 1559 2555 1597 meum
2595 1543 2919 1614 ambosque
2966 1544 3098 1614 ejus
3153 1545 3366 1600 fratres
3428 1547 3651 1619 injuste

2006 1628 2240 1682 occidit.
2270 1631 2481 1685 Postea
2518 1631 2917 1700 Constantius,
2938 1633 3392 1688 Constantinum
3424 1642 3654 1706 patrem

2010 1733 2183 1771 suum
2215 1717 2500 1787 imitatus,
2533 1719 2774 1774 fratrem
2806 1738 3006 1776 meum
3067 1723 3383 1792 interfecit,
3418 1725 3510 1778 cui
3565 1730 3651 1779 ta-

2009 1821 2146 1860 men
2203 1807 2567 1862 horrendum
2617 1809 3041 1880 jusjurandum
3096 1811 3361 1867 dederat.
3417 1814 3481 1866 In
3543 1830 3653 1867 nos

1999 1910 2258 1965 quoque,
2295 1897 2408 1950 nisi
2443 1897 2691 1952 deorum
2735 1899 3104 1970 providentia
3162 1902 3373 1956 servati
3431 1901 3654 1956 fuisse-

1998 1998 2152 2050 mus,
2175 1983 2334 2038 idem
2366 1985 2794 2053 meditabatur;
2827 1987 2930 2042 sed
2962 1987 3043 2041 dii
3071 1988 3526 2059 prohibuerunt,
3563 2007 3650 2045 sa-

1996 2070 2182 2126 lutem
2214 2088 2248 2126 a
2278 2088 2338 2126 se
2370 2073 2694 2143 profectam
2722 2075 2866 2128 mihi
2890 2075 3203 2130 manifesto
3236 2077 3640 2133 ostendentes.

1999 2159 2221 2224 Quibus
2251 2177 2355 2234 ego
2385 2161 2571 2216 fretus
2597 2163 3116 2218 Christianismum
3145 2164 3482 2236 abjuraviet
3508 2184 3645 2238 gen-

1999 2249 2193 2302 tilium
2225 2248 2400 2303 vitam
2427 2250 2734 2320 amplexus
2767 2268 2928 2306 sum:
2954 2269 3091 2308 nam
3123 2255 3642 2325 persuasissimum

2001 2336 2144 2390 mihi
2179 2341 2269 2391 est
2300 2339 2633 2393 Graecorum
2665 2343 2724 2393 et
2745 2341 3143 2394 Romanorum
3166 2343 3645 2412 antiquissimam

1999 2425 2227 2478 vivendi
2261 2443 2534 2492 norman,
2569 2427 2740 2482 bonis
2772 2429 3037 2484 moribus
3069 2434 3128 2483 et
3156 2430 3385 2501 legibus
3429 2431 3647 2487 funda-

2001 2520 2143 2581 tam,
2176 2514 2317 2570 deos
2347 2515 2647 2586 appellare
2691 2517 2828 2571 illos
2886 2518 2987 2588 qui
3037 2535 3108 2574 ex
3153 2537 3356 2575 rerum
3403 2521 3647 2576 veritate

2004 2604 2183 2658 ﬁdem
2207 2603 2319 2657 sibi
2345 2603 2588 2659 faciant.

2073 2695 2161 2746 42.
2195 2693 2335 2758 Quis
2366 2694 2524 2747 enim
2557 2699 2755 2748 mente
2795 2693 3009 2749 dubius
3068 2695 3268 2763 fuerit,
3322 2697 3421 2766 qui
3482 2712 3649 2767 aspe-

2001 2783 2154 2838 xerit
2186 2783 2372 2838 solem
2395 2783 2458 2836 in
2489 2784 2634 2839 coelo
2669 2785 3055 2854 equitantem,
3083 2791 3140 2839 et
3163 2785 3369 2840 lunam
3391 2785 3452 2840 in
3477 2803 3653 2842 curru

2005 2876 2209 2926 aurato
2243 2871 2429 2925 tauris
2485 2878 2824 2942 provectam
2858 2872 2886 2926 7
2942 2873 3176 2928 Etenim
3227 2874 3330 2928 ille
3390 2874 3653 2929 lucidum

2007 2959 2190 3014 efficit
2213 2959 2392 3026 diem,
2419 2960 2810 3030 hominesque
2843 2960 2916 3015 ad
2946 2961 3214 3016 laborem
3238 2963 3456 3018 excitat
3485 2980 3497 3030 ;
3531 2963 3657 3018 haec

2011 3052 2209 3103 autem
2237 3049 2394 3102 nocti
2427 3048 2668 3119 praefert
2691 3049 2869 3115 faces,
2905 3049 3287 3121 splendorem
3331 3052 3432 3106 dat
3461 3053 3658 3117 astris,

253 3111 972 3216 émépdcmatapaﬁpdvet,
1023 3135 1112 3190 καὶ
1170 3138 1287 3195 ταῖς
1364 3132 1658 3208 ἀγρόπνοις
1718 3151 1896 3207 φωτο-

2021 3141 2072 3191 et
2101 3136 2478 3208 vigilantibus
2510 3137 2693 3192 radiis
2726 3154 2999 3192 somnum
3060 3138 3411 3195 hominibus
3459 3141 3658 3196 conci-

253 3225 495 3294 δολίαις,
583 3228 782 3282 ὑπνοῦν
860 3224 986 3287 τοὺς
1044 3221 1363 3298 ἀνθρώπους
1451 3218 1898 3294 παρακελεύεται.

252 3318 435 3375 Ταῦτα
477 3313 829 3388 θεολογοῦσιν
885 3311 1156 3382 Ἕλληνες
1216 3311 1306 3366 καὶ
1365 3311 1656 3383 Ῥωμαῖοι,
1719 3305 1900 3381 Ἀρτέ-

259 3427 372 3479 μιε,
421 3403 512 3460 καὶ
568 3403 666 3459 οὐκ
724 3400 948 3473 ἀδίκως,
1011 3400 1154 3456 ἀλλά
1223 3394 1538 3472 πρεπόντως
1617 3396 1708 3452 καὶ
1771 3394 1907 3468 μετά

260 3492 474 3550 δικαίου
502 3497 600 3548 τοῦ
628 3493 912 3566 κρίματος.
945 3489 1011 3546 Τί
1049 3489 1152 3563 γὰρ
1196 3485 1365 3556 ἡλίου
1422 3483 1854 3560 τηλαυγέστερον
1886 3501 1902 3553 ;

264 3582 300 3653 ἤ
331 3582 383 3638 τί
409 3580 644 3652 σελήνης
678 3576 1113 3655 αὐγοειδέστερον
1151 3596 1165 3644 ;
1223 3575 1259 3644 ἢ
1306 3574 1358 3629 τί
1406 3578 1504 3628 τοῦ
1563 3577 1741 3648 χοροῦ
1795 3575 1904 3626 τῶν

269 3672 505 3746 ἀστέρων
582 3668 842 3744 ἡδότερόν
926 3688 986 3722 τε
1067 3666 1158 3720 καὶ
1204 3663 1624 3738 εὐπρεπέστερον
1671 3681 1685 3730 ;
1733 3665 1908 3715 Ταῦτα

265 3761 444 3817 τοίνυν
477 3758 748 3827 Ἕλληνες
830 3758 918 3812 καὶ
1001 3757 1268 3828 Ῥωμαῖοι
1357 3750 1657 3822 θειάζουσίν
1706 3771 1765 3806 τε
1817 3749 1908 3805 καὶ

273 3847 544 3921 σέϐουσιν,
574 3849 664 3905 καὶ
694 3849 832 3923 πρὸς
863 3847 1000 3902 αὐτὰ
1043 3847 1141 3907 τὰς
1173 3845 1374 3899 έαυτῶν
1432 3839 1661 3904 ἐλπίδας
1717 3839 1902 3895 ἐναπε-

271 3942 566 4016 κρέμασαν·
599 3939 689 3994 καὶ
747 3937 838 3992 τὸν
899 3937 992 4008 μὲν
1049 3933 1210 4003 ἥλιον
1269 3931 1598 3989 Ἀπόλλωνα
1635 3949 1914 4004 προσαγο-

270 4029 535 4104 ρεόουσιν,
565 4031 667 4098 τὴν
695 4024 753 4081 δὶ
809 4023 1044 4096 σελήνην
1101 4024 1385 4097 Ἄρτεμιν,
1438 4018 1529 4074 καὶ
1584 4017 1714 4080 τοὺς
1757 4017 1909 4092 μεγί-

270 4138 428 4180 στους
457 4122 564 4172 τῶν
615 4115 850 4190 ἀστέρων
920 4111 1011 4175 οὕς
1069 4109 1571 4186 προσαγορεύουσιν
1627 4105 1912 4181 πλανῄτας

266 4206 394 4270 τοὺς
421 4207 515 4268 τὰς
558 4205 694 4260 έπτὰ
752 4203 923 4274 ζὼνας
978 4201 1072 4264 τὰς
1133 4197 1418 4274 οὒρανίους
1476 4197 1793 4271 ἐπέχοντας,
1853 4195 1912 4249 ὅν

275 4297 370 4368 μὶν
402 4295 633 4370 Κρόνον,
662 4293 720 4348 ὄν
753 4290 809 4347 δὶ
839 4291 953 4361 Δία,
986 4289 1043 4345 ὅν
1092 4288 1149 4344 δὶ
1206 4291 1435 4363 Ἑρμῆν,
1493 4285 1550 4340 ὅν
1609 4283 1665 4339 δὲ
1719 4286 1912 4359 Ἀρέα,

273 4383 329 4439 ὅν
364 4380 422 4438 δὶ
480 4379 805 4459 Ἀφροδίτην
859 4377 1323 4450 κατονομάζουσιν
1377 4377 1548 4448 [373].
1605 4370 1772 4430 Οὗτοι
1811 4371 1912 4447 γὰρ

2010 3223 2133 3279 liat.
2171 3225 2324 3292 Haac,
2361 3225 2605 3291 Artemi,
2628 3225 2700 3279 de
2730 3224 2945 3280 divinis
2967 3232 3447 3282 commentantur
3478 3227 3660 3283 Grieci

2011 3318 2070 3366 et
2099 3313 2372 3380 Romani,
2400 3330 2510 3368 nec
2540 3314 2739 3381 stulte,
2777 3313 2883 3369 sed
2931 3316 3351 3370 convenienter
3401 3323 3459 3372 et
3500 3322 3662 3371 recto

2005 3401 2254 3474 judicio.
2289 3402 2438 3466 Quid
2493 3403 2654 3457 enim
2713 3403 2836 3458 sole
2890 3404 3261 3475 splendidius
3296 3406 3323 3460 ‘?
3353 3409 3468 3460 Aut
3520 3405 3664 3476 quid

2013 3491 2156 3546 luna
2173 3490 2492 3546 nitentius?
2508 3494 2621 3545 Aut
2651 3493 2792 3562 quid
2814 3497 3111 3548 astrorum
3139 3493 3316 3548 choro
3337 3494 3664 3565 jucundius

2017 3585 2074 3635 et
2093 3580 2398 3650 pulchrius
2430 3580 2457 3634 ‘2
2489 3581 2620 3634 H336
2652 3581 2830 3652 igitur
2861 3582 3045 3636 Graaci
3102 3588 3160 3636 et
3205 3584 3466 3638 Romani
3516 3584 3673 3637 inter

2016 3669 2157 3723 deos
2189 3668 2458 3722 referunt
2485 3673 2541 3722 et
2572 3669 2795 3736 colunt,
2829 3675 2887 3724 et
2917 3671 2978 3724 in
3011 3687 3079 3725 ea
3123 3686 3257 3741 spes
3307 3688 3445 3726 suas
3504 3687 3672 3742 repo-

2017 3762 2285 3812 suerunt.
2331 3759 2403 3810 Et
2476 3757 2665 3811 solem
2727 3757 2966 3827 quidem
3038 3759 3378 3830 Apollinem
3434 3765 3668 3826 vocant,

2017 3845 2221 3900 lunam
2255 3849 2452 3898 autem
2480 3845 2726 3899 Dianam
2753 3861 3016 3913 ;necnon
3030 3852 3326 3902 astrorum
3357 3847 3666 3917 maximas,

2020 3950 2150 4004 quae
2193 3933 2475 3987 dicuntur
2504 3933 2757 4004 planetae
2789 3939 3138 4006 septemque
3170 3935 3282 4006 (13)
3332 3936 3462 3990 οωιί
3494 3952 3668 3990 zonas

2020 4021 2347 4089 continent,
2408 4021 2714 4093 appellant
2769 4022 3109 4091 Saturnum,
3164 4025 3385 4091 Jovem,
3447 4025 3672 4078 Mercu-

2019 4111 2194 4176 rium,
2231 4112 2493 4175 Martem,
2535 4112 2844 4164 Venerem.
2896 4112 3028 4166 Hinc
3087 4112 3244 4165 enim
3295 4117 3455 4166 astra
3493 4127 3668 4166 mun-

2022 4196 2163 4251 dum
2193 4196 2536 4250 universum
2569 4197 2923 4268 gubernant,
2975 4214 3300 4269 eorumque
3356 4197 3671 4252 virtutibus

2022 4285 2244 4356 regitur
2275 4289 2395 4339 tota
2417 4301 2546 4354 qum
2573 4284 2680 4338 sub
2705 4285 2852 4340 cmlo
2885 4291 2975 4340 est.
3004 4288 3410 4342 terra.Horum
3424 4286 3675 4358 proinde

2023 4379 2246 4428 statuas
2278 4380 2597 4428 erexerunt
2623 4375 2919 4442 homines,
2954 4392 3174 4446 easque
3198 4377 3402 4432 colunt
3432 4381 3492 4431 et
3513 4392 3682 4431 vene-

269 4473 362 4528 τόν
416 4492 476 4527 τε
528 4471 732 4542 κόσμον
793 4469 998 4522 ἅπαντα
1057 4464 1344 4535 διοικοῦσι,
1405 4463 1494 4518 καὶ
1550 4466 1668 4523 ταῖς
1738 4461 1897 4515 αὐτῶπ

2023 4467 2252 4530 rantur,
2286 4462 2464 4516 simul
2489 4468 2689 4517 tamen
2719 4463 2998 4518 nonnihil
3055 4465 3397 4521 fabularum
3459 4465 3534 4521 ad
3580 4481 3680 4519 vo-

275 4559 530 4634 δυνάμεσι
589 4564 734 4614 πᾶσα
788 4559 824 4627 ἡ
884 4557 972 4611 ὑπ’
1029 4555 1256 4630 οὐρανὸν
1307 4550 1628 4627 διεξάγεται⁹
1707 4550 1914 4604 τούτων

271 4649 451 4706 τοίνυν
500 4648 711 4710 εἰκόνας
791 4647 1106 4716 στήσαντες,
1161 4637 1406 4698 σέϐουσιν
1469 4640 1752 4715 ἂνθρωποι
1829 4638 1918 4693 καὶ

271 4743 527 4812 τιμῶσιν·
588 4739 701 4809 ἅμα
758 4733 815 4790 δὲ
868 4735 958 4789 καὶ
1043 4731 1244 4805 μύθους
1321 4731 1471 4791 τινὰς
1527 4730 1664 4804 πρὸς
1715 4725 1921 4796 ἡδονὴν

276 4823 835 4887 ἀναπλάσαντεςόὖΧ.
866 4823 940 4884 ὡς
1000 4819 1156 4884 θεοὺς
1189 4817 1246 4873 δὲ
1295 4820 1499 4888 τιμῶσι
1560 4815 1656 4876 τὰς
1711 4815 1924 4876 εἶ’κόνας

837 4915 1014 4969 Τοῦτο
1089 4909 1194 4983 γὰρ
1257 4906 1320 4960 τὸ
1405 4903 1773 4975 ἁπλούστερον
1832 4902 1925 4956 καὶ

277 4915 474 4985 αὐτῶν,
561 4916 751 4988 ἀπαγε.

277 5004 589 5079 ἀγροικικὸν
664 5006 773 5057 τῶν

887 4997 1186 5072 ἀνθρώπων
1265 4987 1698 5060 διαλαμϐάνεται
1755 4989 1922 5063 γένος·

2027 4551 2314 4622 luptatem
2366 4551 2679 4623 fingentes.
2722 4551 2835 4606 Sed
2890 4569 3009 4608 non
3067 4559 3133 4608 ut
3191 4554 3333 4609 deos
3390 4554 3678 4626 imagines

2028 4645 2404 4706 venerantur,
2430 4639 2624 4694 absit!
2663 4642 2805 4694 Nam
2867 4647 2958 4695 est
3004 4642 3132 4697 haac
3165 4643 3403 4697 insania
3450 4642 3683 4712 simpli-

2033 4730 2207 4784 cioris
2239 4735 2298 4784 et
2326 4729 2572 4801 agrestis
2597 4729 2910 4784 hominum
2954 4732 3230 4803 generis;
3264 4731 3368 4786 sed
3421 4731 3522 4800 qui
3556 4729 3684 4800 phi-

2034 4817 2319 4889 1030phias
2352 4817 2611 4882 student,
2649 4817 2790 4872 etde
2813 4818 3028 4872 divinis
3053 4825 3323 4874 accurate
3347 4818 3681 4887 inquirunt,

2034 4910 2328 4959 noverunt
2354 4906 2447 4959 cui
2478 4907 2767 4961 honorem
2796 4913 3169 4977 praestent,et
3197 4907 3272 4961 ad
3298 4923 3474 4976 quem
3494 4911 3684 4961 trans-

2038 4998 2133 5048 eat
2160 4993 2495 5048 divinarum
2527 4995 2849 5066 imaginum
2883 4996 3167 5050 adoratio.
3191 5017 3219 5044 »

280 5078 396 5154 ἐπεὶ
429 5097 482 5150 οἱ
510 5097 612 5165 τὴν
640 5092 966 5170 φιλοσοφίαν
1001 5087 1394 5158 ἀσπαζόμενοι,
1417 5083 1507 5138 καὶ
1536 5083 1602 5137 τὶ
1628 5085 1737 5137 τῶν
1768 5083 1902 5136 θεῶν
1936 5078 2175 5157 ἀκριϐῶς
2205 5081 2560 5152 ἐξετάζοντες,
2593 5081 2770 5138 οἴδασι
2801 5085 2911 5138 τίνι
2960 5085 3061 5152 τήν
3122 5085 3292 5158 τιμὴν
3324 5084 3683 5159 ἀπονέμουσι,

279 5184 372 5242 καὶ
403 5185 538 5261 πρὸς
566 5169 684 5239 τίνα
715 5169 976 5237 διαϐαίνει
1008 5180 1042 5247 ἡ
1071 5181 1178 5232 τῶν
1210 5173 1369 5229 θείων
1403 5169 1732 5246 ἀγαλμάτων
1764 5171 2158 5245 προσκόνησις.

1866 5351 2086 5408 ΝΟΤᾸΕ.

354 5515 462 5584 (13)
496 5509 720 5588 Surius,
746 5509 823 5562 De
843 5505 1094 5588 probatis
1123 5505 1436 5558 sanctorum
1467 5499 1617 5566 vitis,
1648 5499 1718 5552 2O
1747 5495 2036 5564 Octobris,
2069 5496 2248 5553 habet
2275 5498 2544 5567 quinque.
2576 5496 2645 5550 Et
2663 5511 2867 5553 revera
2887 5498 3129 5554 nonnisi
3161 5499 3427 5572 quinque
3444 5500 3689 5556 nomina

282 5582 635 5643 afferuntur.
668 5582 817 5636 Emr.

685 5702 956 5762 Ρηιιοι..
1002 5697 1114 5759 Gn.
1159 5687 1368 5754 XCVI.

3331 5689 3405 5748 41
