3964 6144
445 243 574 298 1291

510 370 598 424 43.
632 366 928 423 Adhortor
951 366 1131 439 igitur
1159 370 1320 420 tuam
1359 364 1728 420 nobilitatem
1762 363 2073 419 nobiscum

446 464 628 525 stare,
654 475 785 528 quas
818 457 987 512 nobis
1007 456 1725 528 placentperﬁcere,recte
1752 456 2087 509 Graecorum

439 547 789 619 religionem
822 545 1099 616 amplecti
1133 550 1191 599 et
1222 546 1484 615 antiquis
1515 544 1780 599 moribus
1810 560 1877 598 ac
1905 542 2085 596 rebus

444 636 757 690 inhaarere.
791 634 1212 689 Constantinus
1247 635 1426 695 enim,
1457 640 1520 688 ut
1566 635 1691 704 ipse
1720 632 1858 697 scis,
1898 630 2087 685 homi-

438 741 584 779 num
670 724 918 793 deceptu
990 722 1329 790 facillimus,
1390 722 1666 777 indoctus
1714 737 1948 791 quoque
2028 723 2083 773 et

439 828 671 877 amens,
706 812 767 865 in
800 811 964 865 cultu
996 812 1283 866 novitates
1316 818 1541 866 sectare
1574 810 1769 881 coepit,
1804 814 1863 863 et
1918 807 2084 861 abro-

436 901 585 973 gatis
643 901 1048 954 Romanorum
1097 900 1346 972 legibus,
1427 900 1500 955 ad
1562 898 2079 953 Christianismum

435 990 772 1051 declinavit,
804 989 961 1059 quod
994 1006 1208 1059 nempe
1269 988 1519 1060 puderet
1549 1004 1684 1042 eum
1705 986 2078 1057 impietatum

434 1078 905 1147 suarum,diique
937 1094 1073 1131 eum
1098 1094 1269 1149 grege
1293 1078 1750 1148 expulissent,ut
1778 1074 2075 1129 scelestis-

436 1170 674 1234 simum,
731 1184 837 1221 sua
904 1167 1190 1238 religione
1237 1167 1545 1238 indignum
1605 1172 1663 1219 et
1692 1170 2075 1233 cognatorum

436 1257 722 1328 sanguine
784 1255 1183 1326 inquinatum.
1247 1256 1387 1309 Nam
1446 1256 1657 1309 fratres
1709 1270 1845 1307 suos
1898 1251 2073 1306 morti

434 1336 694 1397 tradidit,
754 1352 888 1390 cum
942 1336 1090 1389 nihil
1149 1336 1289 1390 mali
1347 1336 1647 1401 fecissent,
1716 1339 1775 1388 et
1830 1347 2074 1386 uxorem

435 1428 734 1490 Faustam,
768 1425 1076 1494 filiumque
1113 1440 1283 1478 suum
1316 1425 1583 1479 Priscum
1635 1425 1765 1491 (14),
1818 1421 1919 1491 qui
1950 1424 2076 1474 erat

432 1515 519 1567 vir
549 1514 697 1585 frugi
724 1519 782 1568 et
826 1514 1038 1568 bonus.
1101 1514 1448 1585 Hujusmodi
1508 1530 1642 1583 ergo
1701 1511 1926 1566 scelera
1991 1508 2070 1563 dii

433 1602 741 1668 exsecrati,
773 1601 1123 1672 repulerunt
1144 1618 1300 1665 eum,
1363 1608 1420 1655 et
1478 1618 1511 1656 a
1564 1618 1730 1655 sacro
1774 1598 2073 1654 sanctissi-

432 1708 646 1761 moque
680 1708 785 1746 suo
819 1691 981 1745 cultu
1021 1690 1366 1760 longissime
1424 1691 1697 1745 aberrare
1755 1689 2068 1751 fecerunt;

1991 238 2334 292 ADDENDA
2345 277 2359 291 .

3636 245 3740 304 4292

2263 360 2370 433 μγ“.
2435 364 2694 433 Παραινῶ
2749 362 2933 416 τοίνυν
3006 361 3107 430 τήν
3161 361 3256 430 σήν
3306 364 3615 436 γενναιότητι
3659 373 3741 441 μεθ’

2192 450 2355 519 ἡμῶν
2387 468 2445 502 τε
2472 451 2607 505 εἶναι
2639 450 2729 504 καὶ
2759 450 2825 505 τὰ
2871 452 3010 521 ἡμῖν
3061 448 3348 523 ἀρέσκοντα
3392 447 3742 527 διαπράττεσθαι,

2190 539 2292 606 τήν
2321 557 2380 591 τε
2410 538 2698 608 θρησκείαν
2732 537 3038 608 ἑλληνίζειν
3080 539 3276 610 ὀρθῶς,
3305 538 3388 592 καὶ
3426 544 3519 594 τῶν
3562 543 3742 617 ἀρχαίων

2193 622 2328 687 έθῶν
2372 647 2431 680 τε
2481 627 2572 681 καὶ
2615 628 2958 703 πραγμάτων
3020 628 3351 700 ἀντέχεσθαι.
3408 629 3465 685 Ὀ
3509 631 3594 703 γὰρ
3638 638 3746 686 Κων-

2192 720 2489 781 σταντῖνος,
2548 716 2623 777 ὡς
2681 716 2772 769 καὶ
2842 714 3001 775 αὐτὸς
3086 714 3377 782 ἐπίστασαι,
3430 716 3744 788 εὐεξαπάτητος

2189 799 2395 876 ἀνδρῶν
2431 805 2649 875 ἀμαθής
2695 824 2753 859 τε
2805 804 2895 858 καὶ
2949 804 3190 873 ἀνόητος
3244 802 3482 876 εὑρεθεὶς,
3529 806 3631 880 περὶ
3672 810 3742 877 τήν

2188 892 2475 963 θρησκείαν
2532 892 2893 965 ἐνεωτέρισεν,
2949 893 3039 947 καὶ
3094 890 3223 953 τοῦς
3300 893 3556 965 Ῥωμαίων
3593 895 3743 967 νόμους

2189 978 2532 1050 έξαθετήσας,
2589 982 2673 1036 ἐπὶ
2749 982 2840 1036 τὸν
2922 982 3347 1055 Χριστιανισμὸν
3418 980 3637 1051 ἐξέκλινε,
3680 985 3746 1045 τὰς

2186 1068 2435 1131 ἀνοσίους
2468 1070 2635 1125 αὐτοῦ
2664 1071 2884 1146 πράξεις
2917 1068 3314 1142 δεδιττόμενος,
3343 1072 3423 1125 καὶ
3473 1067 3545 1125 ὅτι
3584 1072 3627 1125 οἱ
3667 1074 3745 1135 θεοῖ

2186 1156 2347 1210 αὑτὸν
2372 1154 2820 1228 ἀπεϐουκόλησαν
2874 1159 2947 1219 ὡς
3003 1159 3302 1234 έξάγιστον,
3353 1159 3437 1212 καὶ
3482 1166 3569 1227 τῆς
3615 1160 3744 1213 αὐτῶν

2186 1245 2475 1314 θρησκείας
2553 1246 2809 1318 ἀνάξιον,
2896 1245 3128 1319 αἵματος
3213 1246 3456 1321 ὁμογνίου
3522 1246 3745 1321 γενόμενον

2183 1331 2444 1406 ἔμπλεον·
2501 1337 2629 1399 τούς
2683 1358 2743 1392 τε
2797 1338 2897 1412 γὰρ
2956 1336 3229 1412 ἀδελφοὺς
3310 1338 3563 1392 ἀπέκτεινε
3618 1335 3743 1409 μηδὶν

2182 1427 2484 1500 πράξαντας
2543 1426 2767 1495 ἄτοπον,
2816 1428 2906 1482 καὶ
2954 1429 3054 1495 τήν
3112 1434 3337 1504 γυναῖκα
3399 1428 3636 1492 Φαῦσταν,
3681 1438 3746 1489 καὶ

2180 1516 2272 1567 τὸν
2306 1516 2471 1570 αὐτοῦ
2525 1518 2640 1571 υἱὸν
2698 1516 2932 1591 Πρίσκον
2979 1517 3269 1591 [Κρίσπον]
3325 1516 3410 1571 τὸν
3465 1515 3671 1589 χρηστόν
3707 1534 3747 1567 τι

2182 1603 2270 1656 καὶ
2350 1605 2548 1679 ἀγαθὸν
2636 1602 2803 1680 ἄνδρα
2880 1608 3244 1680 τυγχάνοντα*
3300 1608 3456 1659 ταῦτα
3522 1605 3670 1658 τοίνυν
3702 1604 3748 1654 τὰ

2182 1690 2515 1767 άνοσιουργή
2526 1714 2668 1764 ματα
2705 1692 3071 1767 μυσαχθέντες
3104 1694 3154 1748 οἱ
3186 1694 3320 1761 θεοὶ,
3371 1697 3545 1747 τοῦτον
3570 1685 3745 1745 ἀπεϐου-

432 1788 720 1851 praaterea
767 1796 971 1834 semen
1030 1779 1159 1850 ejus
1218 1780 1571 1834 sceleratum
1618 1784 1676 1833 et
1715 1775 2075 1832 exsecrabile

2184 1778 2445 1848 κόλησαν,
2494 1781 2583 1834 καὶ
2641 1788 2740 1850 τῆς
2798 1782 2946 1854 ἱερᾶς
2997 1782 3175 1836 αὐτῶν
3253 1782 3340 1835 καὶ
3416 1778 3749 1853 παναγεστάτης

435 1886 569 1924 cum
602 1870 828 1940 integro
858 1883 1073 1941 genere
1130 1868 1201 1922 de
1232 1867 1426 1921 medio
1488 1868 1773 1921 tulerunt.
1811 1868 2079 1936 Quapro—

433 1964 586 2031 pter,
619 1958 705 2011 vir
734 1957 1103 2023 admirande,
1134 1957 1233 2011 ubi
1266 1956 1432 2011 video
1490 1962 1657 2010 tuum
1709 1956 1769 2009 in
1802 1953 2079 2009 omnibus

434 2049 672 2103 firmum
705 2064 772 2102 ac
802 2052 1081 2102 constans
1115 2047 1441 2118 ingenium,
1464 2046 1591 2099 volo
1626 2050 1681 2099 te
1711 2050 1929 2098 nostras
1952 2060 2082 2113 par-

436 2138 510 2191 tis
543 2143 601 2190 et
631 2137 931 2190 societatis
964 2136 1091 2188 fieri
1122 2135 1403 2200 amicum,
1446 2140 1506 2187 et
1535 2140 1868 2187 consortem
1903 2138 2079 2201 atque

435 2226 495 2279 in
528 2224 803 2279 omnibus
844 2223 1077 2293 imperii
1138 2222 1388 2293 negotiis
1438 2222 1736 2274 intimum.
1793 2218 2078 2291 Agedum,

433 2312 680 2377 Artemi,
714 2317 803 2365 sta
833 2312 1165 2376 nobiscum,
1200 2310 1297 2379 qui
1332 2309 1437 2361 viri
1472 2324 1697 2369 sumus,
1730 2307 2081 2377 Christoque

433 2400 723 2470 abjuralo,
762 2399 836 2453 ad
870 2406 1203 2470 paternam,
1233 2397 1713 2467 antiquissimam
1738 2401 1796 2449 et
1825 2396 2080 2450 maxime

436 2489 779 2543 diuturnam
812 2490 1209 2542 Romanorum
1238 2488 1693 2555 Grzecorumque
1732 2484 2080 2555 religionem

439 2577 867 2648 transgredere,
900 2580 958 2629 et
985 2575 1159 2629 bonis
1190 2574 1470 2627 divinitus
1530 2574 1832 2628 concessis
1884 2573 2080 2627 fruere

434 2666 769 2732 nobiscum,
802 2666 1096 2719 honorum
1156 2663 1552 2718 maximorum
1601 2679 1667 2717 ac
1725 2662 2081 2734 dignitatum

433 2754 748 2826 parﬁceps.

503 3026 589 3078 44.
624 3023 711 3078 Ad
744 3023 870 3078 haec
899 3023 1115 3078 Christi
1172 3028 1415 3095 martyr,
1477 3039 1610 3077 cum
1661 3038 1721 3077 se
1770 3018 2081 3091 paululum

2189 1870 2477 1941 θρησκείας
2502 1868 2692 1944 πόρῤω
2724 1891 2828 1924 που
2876 1869 2966 1924 καὶ
3032 1872 3240 1944 μακρὰν
3299 1864 3749 1936 ἀπεπλάνησαν,καὶ

2188 1957 2402 2030 σπέρμα
2457 1960 2519 2013 τὸ
2581 1957 2764 2033 ἐναγὲς
2822 1959 2990 2013 αὐτοῦ
3045 1958 3135 2014 καὶ
3187 1958 3494 2032 παμμίαρον
3540 1954 3614 2010 καὶ
3638 1955 3749 2028 γένος

2189 2044 2319 2100 ὅλον
2348 2045 2398 2116 ἐξ
2449 2046 2743 2118 ἀνθρώπων
2803 2049 3093 2125 ἠφάνισαν.
3153 2048 3254 2102 Διά
3304 2051 3479 2116 τοῦτο,
3530 2042 3747 2115 θαυμάσιε,

2190 2134 2331 2208 ὁρῶν
2366 2156 2459 2189 σου
2488 2136 2550 2189 τὸ
2595 2137 2733 2191 κατά
2787 2139 2957 2191 πάντα
3015 2136 3267 2201 εὖπαθές
3322 2156 3377 2191 τε
3429 2134 3511 2189 καὶ
3566 2127 3747 2206 βέϐαιον,

2191 2222 2470 2297 βούΑομαί
2502 2244 2558 2279 σε
2585 2231 2687 2293 τῆς
2717 2227 2986 2300 ἡμετέρας
3019 2228 3169 2299 [374]
3206 2223 3417 2301 μερίδος
3442 2226 3523 2278 καὶ
3571 2218 3749 2293 impia:

2189 2311 2431 2385 γενέσθαι
2464 2312 2645 2389 φίλον,
2702 2312 2791 2368 καὶ
2850 2311 3186 2388 σύγκληρον,
3243 2315 3330 2368 καὶ
3388 2310 3613 2367 κοινωνὸν
3656 2305 3753 2361 κατᾶ

2189 2400 2361 2455 πάντα
2388 2406 2495 2455 τῶν
2526 2408 2627 2470 τῆς
2660 2401 2942 2476 βασιλείας
2998 2403 3354 2479 πραγμάτων.
3413 2404 3561 2473 Δεῦρο
3600 2395 3749 2457 τοίνυν,

2188 2490 2470 2563 Ἀρτέμιε,
2503 2497 2658 2558 στῆθι
2693 2492 2807 2562 μετ’
2860 2494 3020 2564 ἡμῶν
3046 2496 3154 2545 τῶν
3220 2491 3526 2565 ἂνθρώπων,
3576 2484 3649 2540 καὶ
3688 2485 3751 2536 τοῦ

2190 2579 2425 2653 Χριστοῦ
2504 2577 2721 2653 ἔξαρνος
2775 2581 3089 2655 γενόμενος,
3166 2578 3258 2634 ἐπὶ
3309 2580 3405 2646 τὴν
3462 2576 3654 2649 πάτριον
3694 2569 3749 2623 καὶ

2190 2666 2559 2741 ἀρχαιοτάτην
2591 2666 2680 2722 καί
2710 2668 3083 2742 πολυχρόνιον
3144 2668 3428 2741 Ῥωμαίων
3482 2685 3535 2720 τε
3573 2664 3647 2718 καὶ
3668 2656 3749 2713 Ἐλ-

2189 2756 2373 2826 λήνων
2407 2756 2690 2830 θρησκεία)
2728 2753 3013 2829 μετάϐηθι,
3046 2757 3135 2812 καὶ
3194 2763 3305 2812 τῶν
3363 2755 3499 2831 παρά
3550 2755 3668 2811 θεοῖς
3696 2745 3750 2801 δε·

2191 2841 2523 2918 δωρημένων
2566 2847 2701 2917 ἡμῖν
2761 2846 2973 2919 ἀγαθῶν
3036 2846 3402 2913 συναπόλαυε,
3449 2846 3605 2916 τιμῶν
3648 2834 3746 2911 μεγί-

2191 2954 2328 2988 στων
2356 2955 2414 2988 τε
2434 2933 2523 2988 καὶ
2554 2934 2877 3007 ἀξιωμάτων
2903 2932 2953 2989 ἐν
2995 2939 3211 3009 μετοχῇ
3242 2934 3493 3010 γεγονώς.

2266 3021 2370 3097 μδὶ
2422 3024 2564 3098 Πρὸς
2619 3029 2786 3079 ταῦτα
2843 3026 2870 3079 ὁ
2927 3029 3024 3080 τοῦ
3074 3027 3319 3101 Χριστοῦ
3379 3026 3565 3099 μάρτυς
3614 3013 3747 3091 μικρὸν

433 3114 813 3168 sustinuisset
843 3118 900 3167 et
929 3115 1132 3167 animo
1168 3112 1689 3182 circumspexisset
1737 3109 1957 3175 audita,
1992 3113 2075 3161 to-

2192 3113 2435 3186 ἐπισχὼν
2484 3113 2572 3167 καὶ
2634 3111 3114 3188 ἐπιλογισάμενος,
3172 3116 3266 3169 καὶ
3334 3114 3460 3169 ὅλον
3515 3102 3752 3171 έττισυνάξίις

435 3208 671 3272 tamque
695 3201 1102 3273 recollegisset
1132 3206 1394 3255 mentem
1429 3206 1485 3254 et
1514 3200 2080 3267 rationem,respon-

434 3290 558 3343 dit:
590 3290 900 3359 Equidem,
938 3290 1279 3359 imperator,
1304 3288 1374 3342 de
1408 3304 1537 3341 mea
1566 3287 1851 3357 religione
1886 3291 1943 3339 et
1965 3284 2081 3338 ﬁde

434 3378 661 3431 nullam
695 3379 755 3431 in
780 3394 1041 3448 praesens
1076 3377 1180 3430 tibi
1212 3378 1453 3431 afferam
1486 3376 1915 3441 defensionem,
1943 3373 2083 3427 licet

434 3466 562 3536 ejus
595 3466 1137 3521 demonstrationes
1170 3465 1230 3519 in
1263 3471 1538 3535 promptu
1567 3464 1838 3518 habeam.
1873 3462 1984 3516 Sed
2007 3461 2079 3515 de

431 3554 633 3609 fratris
662 3556 744 3608 tui
778 3556 1113 3622 morte,hoc
1147 3556 1223 3608 sit
1254 3570 1600 3624 responsum
1627 3570 1638 3605 :
1671 3554 1796 3606 Non
1827 3566 2073 3621 appare-

433 3644 520 3697 bit
555 3661 647 3698 me
676 3644 803 3714 ejus
825 3645 1040 3698 animas
1095 3643 1375 3713 injuriam
1410 3642 1703 3708 intulisse,
1740 3641 1857 3695 sive
1877 3656 2075 3710 opere,

434 3732 553 3786 sive
582 3734 784 3799 verbo,
821 3734 937 3787 sive
970 3733 1390 3803 qualicumque
1431 3731 1648 3785 mentis
1699 3729 2072 3801 cogitatione,

433 3821 668 3874 etiamsi
702 3821 864 3874 mille
894 3822 1085 3875 modis
1107 3822 1167 3874 in
1201 3822 1311 3874 hoc
1346 3819 1663 3874 scrutando
1697 3818 2071 3889 defatigeris;

430 3926 571 3963 nam
628 3909 841 3963 veritas
903 3908 1308 3963 immutabilis.
1370 3910 1651 3962 Noveram
1711 3907 1869 3961 enim
1938 3922 2073 3960 eum

425 3998 854 4065 Christianum,
933 3998 1120 4069 pium,
1164 3998 1419 4068 justum,
1478 4002 1537 4049 et
1601 3996 1815 4049 Christi
1874 3995 2072 4066 legum

422 4092 724 4141 amantem
755 4104 821 4142 ac
849 4087 1197 4140 studiosum.
1236 4085 1390 4139 Sciat
1421 4101 1555 4156 ergo
1588 4084 1800 4139 ccelum
1828 4088 1886 4137 et
1916 4089 2073 4137 terra

420 4182 596 4244 atque
630 4176 939 4229 universus
970 4175 1317 4247 angelorum
1361 4174 1598 4241 chorus,
1656 4178 1715 4227 et
1779 4173 2067 4239 Christus,

417 4260 519 4314 Dei
553 4261 759 4329 Filius,
786 4278 961 4331 quem
1016 4262 1196 4316 adoro
1248 4261 1309 4315 in
1362 4262 1593 4333 spiritu,
1652 4278 1747 4316 me
1780 4260 2068 4315 mundum

421 4366 551 4403 esse
583 4350 654 4403 ab
689 4352 817 4421 ejus
850 4368 994 4405 nece
1030 4356 1087 4405 et
1117 4356 1327 4415 morte,
1362 4367 1471 4405 nec
1501 4350 1575 4405 ad
1606 4351 1889 4421 injustam
1939 4350 2068 4419 ejus

2188 3202 2279 3257 τὸν
2301 3202 2491 3255 ἑαυτοῦ
2520 3206 2646 3256 νοῦν
2693 3223 2751 3256 τε
2805 3202 2895 3257 καὶ
2953 3201 3245 3277 λογισμὸν,
3299 3200 3616 3277 ἀπεκρίνατο’
3658 3194 3752 3264 Ἐγὼ

2194 3290 2312 3362 μὲν,
2344 3291 2388 3343 ὦ
2449 3289 2695 3365 βασιλεῦ,
2754 3293 2875 3366 περὶ
2925 3298 3025 3360 τῆς
3075 3290 3218 3364 ἐμῆς
3270 3290 3545 3367 θρησκείας
3585 3283 3656 3339 καὶ
3688 3278 3752 3367 11l-

2191 3399 2357 3439 στεως
2411 3376 2674 3451 οὐδεμίαν
2722 3381 2844 3434 τινά
2895 3400 2978 3434 σοι
3043 3380 3348 3456 ἀπολογίαν
3407 3379 3670 3446 ποιήσομαι
3708 3365 3749 3420 τὸ

2188 3469 2379 3539 παρὸν,
2412 3465 2555 3541 ἔχων
2588 3466 2638 3521 ἰν
2673 3467 2877 3541 ἱτοίμῳ
2938 3470 3087 3541 [cod.
3136 3472 3302 3543 τιμῇ]
3347 3470 3439 3529 τὰς
3486 3464 3597 3533 ὑπὲρ
3632 3458 3753 3521 αὐτῆς

2186 3554 2507 3627 ἀποδείξεις.
2566 3557 2706 3630 Πρὸς
2768 3554 2825 3610 δὲ
2880 3556 2970 3611 τὸν
3018 3561 3115 3611 τοῦ
3165 3562 3266 3614 σοῦ
3298 3555 3523 3629 ἀδελφοῦ
3563 3551 3749 3606 θάνατον,

2186 3642 2357 3697 ἐκεῖνό
2382 3664 2465 3697 σοι
2499 3644 2947 3717 ἀπολογήσομαι,
2980 3645 3053 3706 ὡς
3095 3644 3156 3698 οὐ
3222 3646 3298 3718 μὴ
3360 3644 3640 3718 φανήσομαι
3681 3631 3749 3695 τῆν

2187 3730 2393 3786 ἐκείνου
2426 3733 2609 3805 ψυχὴν
2636 3730 2918 3802 ἠδικηκὼς
2956 3734 3203 3801 πώποτε,
3268 3734 3369 3787 οὐκ
3419 3726 3569 3804 ἔργῳ,
3598 3722 3647 3778 οὖ

2183 3842 2285 3895 γῳ,
2325 3820 2448 3874 οὕτε
2506 3819 2611 3874 τινὶ
2676 3818 2913 3883 διανοίας
2972 3821 3329 3894 ἐπινοήματι,
3389 3816 3499 3875 οὐδ’
3548 3814 3587 3870 εί
3633 3803 3751 3882 μυρία

2180 3910 2380 3978 κάμοις
2412 3909 2533 3983 περὶ
2565 3908 2762 3963 τούτου
2818 3909 3136 3981 ἀνερευνῶν·
3173 3912 3208 3980 ἠ
3271 3910 3496 3979 ἀλήθεια
3542 3902 3627 3978 γὰρ
3657 3897 3747 3967 ἆμι-

2180 3991 2475 4066 τάϐλητος.
2538 3997 2879 4070 ’Ππιστάμην
2962 3998 3064 4071 γάρ
3144 3997 3312 4053 αὐτὸν
3369 3986 3651 4068 Χριστιανόν
3708 4000 3745 4035 τε

2180 4081 2326 4152 ὄντα,
2386 4082 2617 4153 θεοφιλῆ
2694 4106 2752 4140 τε
2808 4087 2899 4140 καὶ
2944 4084 3176 4158 δίκαιον,
3220 4087 3312 4142 καὶ
3368 4084 3485 4159 περὶ
3538 4080 3643 4137 τοὺς
3680 4072 3744 4125 τοῦ

2176 4176 2411 4250 Χριστοῦ
2442 4175 2641 4247 νόμους
2700 4177 2982 4250 πρόθυμόν
3036 4197 3093 4232 τε
3150 4178 3237 4232 καὶ
3299 4171 3576 4231 σπουδαῖον
3623 4161 3741 4233 ὑπάρ-

2178 4282 2366 4337 χοντα·
2398 4263 2531 4318 ἳστω
2555 4264 2733 4319 τοίνυν
2768 4263 2996 4332 οὐρανός
3023 4287 3080 4321 τε
3140 4268 3234 4321 καὶ
3293 4272 3365 4335 γῆ
3395 4264 3481 4319 καὶ
3522 4262 3610 4320 πᾶς
3632 4253 3740 4308 ὁτῶν

2176 4353 2339 4426 ἁγίων
2372 4351 2617 4426 ἀγγέλων
2649 4353 2841 4428 χορὸς,
2866 4355 2954 4408 καί
2988 4356 3225 4429 Χριστὸς
3256 4356 3284 4409 ὁ
3341 4358 3437 4409 τοῦ
3489 4351 3606 4406 Θεοῦ
3641 4338 3741 4429 Υῖδςν

419 4439 778 4493 occisionem
806 4439 943 4493 viris
975 4440 1193 4511 impiis,
1236 4440 1337 4509 qui
1388 4439 1552 4493 illam
1615 4438 2062 4504 commiserunt,

2184 4424 2356 4514 ἐγὼ
2407 4424 2764 4514 λατρεύωηέν
2823 4445 2901 4514 τῷ
2962 4424 3078 4514 ἐμῶ
3132 4442 3429 4515 πνεύματι,
3458 4440 3527 4499 ὡς
3576 4424 3741 4545 “Buff:

415 4529 739 4600 quidquam
782 4531 985 4585 auxilii
1045 4530 1391 4585 contulisse.
1452 4531 1649 4597 Neque
1706 4528 1863 4581 enim
1922 4532 2063 4580 tunc

410 4618 764 4674 Constantio
798 4619 1038 4674 aderam
1073 4636 1085 4684 ;
1121 4618 1223 4672 sed
1256 4618 1316 4671 in
1350 4620 1589 4688 Aigypto
1623 4615 2060 4687 degebam,ibi-

407 4707 671 4779 demque
698 4710 888 4764 mansi
922 4726 1110 4779 usque
1144 4707 1215 4761 ad
1275 4713 1629 4777 praesentem
1688 4722 1931 4760 annum.
1992 4707 2062 4760 Et

401 4797 554 4853 hanc
594 4799 838 4870 quidem
893 4797 1305 4853 defensionem
1365 4796 1544 4851 affero
1601 4794 1758 4850 circa
1812 4795 2055 4849 fratrem

397 4890 589 4941 tuum.

467 5153 554 5208 45.
589 5154 753 5218 Quod
782 5171 918 5209 vero
951 5156 1166 5210 attinet
1212 5159 1279 5209 ut
1333 5154 1634 5209 Christum
1665 5154 1935 5225 abjurem
1994 5158 2053 5210 et

393 5242 748 5314 gentilitiam
779 5243 957 5298 vitam
988 5244 1333 5316 amplectar,
1367 5243 1479 5297 hoc
1510 5243 1617 5297 tibi
1652 5242 2046 5313 respondebo,

2170 4527 2278 4603 ἐγὼ
2311 4536 2409 4598 τῆς
2440 4528 2650 4584 ἐκείνου
2675 4537 2883 4605 σφαγῆς
2935 4552 2995 4586 τε
3051 4531 3143 4586 καὶ
3188 4530 3470 4600 τελευτῆς,
3499 4524 3578 4582 καὶ
3626 4510 3741 4593 μηδὶν

2170 4619 2579 4694 συνεισενεγκὼν
2614 4618 2688 4681 εἷς
2724 4620 2815 4675 τὸν
2848 4617 3051 4675 ἐκείνου
3100 4621 3259 4697 φόνεν
3307 4622 3399 4675 τὸν
3458 4614 3619 4671 ἃδικον

2165 4711 2355 4761 τοῦτον
2440 4707 2926 4783 κατεργασαμένοις
2984 4710 3229 4771 ἀνοσίοις
3315 4705 3571 4783 ἀνδράσιν.
3643 4687 3737 4783 θῦξῖ

2168 4796 2272 4871 γὰρ
2306 4796 2490 4871 παρὼν
2742 4799 2865 4854 τότε
2906 4798 2998 4853 σὺν
3056 4781 3435 4871 Κωνσταντίῳ,
3515 4789 3637 4847 ἀλλά
3676 4781 3741 4872 “if

2168 4885 2451 4961 Αἴγυπτον
2510 4886 2671 4960 εἶχον
2734 4885 2945 4957 οἴκησίν
2993 4908 3052 4943 τε
3098 4887 3187 4943 καὶ
3241 4885 3446 4941 δίαιταν
3503 4878 3642 4956 μέχρι
3679 4886 3741 4922 τον

2163 4960 2430 5049 παρόντος
2455 4971 2724 5029 ἐνιαυτοῦ*
2770 4974 2860 5029 καὶ
2889 4975 3091 5047 ταύτην
3128 4977 3226 5049 μὶν
3278 4972 3564 5047 ἀπολογίαν
3603 4960 3741 5019 τοῖσδ’

2165 5084 2259 5136 μαι
2291 5061 2414 5135 περὶ
2442 5066 2539 5117 τοῦ
2575 5067 2671 5117 σοῦ
2704 5060 2963 5138 ἀδελφοῦ.

2233 5153 2382 5224 [37b]
2417 5153 2516 5224 με’,
2551 5150 2681 5226 Περὶ
2727 5149 2785 5207 δὲ
2843 5158 2940 5208 τοῦ
2996 5153 3090 5209 τὸν
3148 5153 3384 5229 Χριστὸν
3440 5144 3737 5229 ἱξομώσαξσθαί

2157 5240 2247 5295 καὶ
2276 5241 2368 5295 τὸν
2400 5238 2730 5309 Ἑλληνικὸν
2755 5239 3091 5297 ἀσπάσασθαι
3150 5227 3296 5318 βίον,
3324 5238 3478 5296 τοῦτό
3529 5253 3601 5289 σοι
3639 5227 3737 5280 ἀπ’

1980 5396 2205 5452 ΝΟΤιΕ.

464 5542 582 5614 (14)
618 5542 869 5612 Crispum
899 5538 1028 5595 loco
1060 5538 1305 5594 Priscum
1335 5537 1651 5611 legendum
1678 5543 1786 5594 est.
1821 5537 2109 5594 Similiter
2132 5553 2296 5594 num.
2330 5537 2419 5593 45.
2450 5536 2552 5592 Est
2578 5549 2745 5591 error
2775 5535 3025 5595 librarii.
3057 5539 3213 5595 Emr.
