3964 6144
295 304 434 360 1293

1643 305 1705 358 Β.
1744 303 2046 359 ΑΒΤΕΜΠ
2081 303 2352 362 PASSIO.

3557 308 3697 366 1294

293 431 647 504 κριθήσομαι,
676 433 784 484 τῶν
813 433 980 504 τριῶν
1014 425 1222 482 παίδων
1278 430 1385 480 τῶν
1432 425 1519 480 ἐπὶ
1569 419 1932 480 Ναϐουχοδο-

2060 430 2222 486 verba
2254 431 2429 487 trium
2461 449 2780 504 puerorum
2815 433 2887 488 ad
2933 433 3474 491 Nabuchodonosor
3521 453 3694 491 usur-

305 521 463 595 νόσορ
518 520 618 588 τήν
678 519 861 596 φωνὴν
917 515 1318 590 δανεισάμενος,
1373 515 1446 577 ὡς
1504 516 1748 570 Γνωστὸν
1807 511 1944 570 ἔστω

305 630 410 677 σοι,
448 606 694 683 βασιλεῖ’),
727 609 810 662 ὅτι
839 612 957 669 τοῖς
987 611 1131 670 θεοῖς
1173 625 1270 659 σου
1314 605 1378 659 οὐ
1427 602 1698 678 λατρεύω,
1744 603 1834 657 καὶ
1876 607 1945 675 τῇ

306 699 471 754 εἰκόνι
501 701 570 761 τῆ
602 695 784 771 χρυσῇ
841 701 938 751 τοῦ
994 700 1092 750 σοῦ
1147 694 1413 772 φιλτάτου
1470 691 1822 754 Ἀπόλλωνος
1880 689 1946 746 οὔ

304 809 435 843 ποτε
463 787 846 860 προσκυνήσω.
898 791 1020 842 ’Ότι
1083 782 1140 838 δε
1191 785 1283 838 τὸν
1347 782 1607 856 μακάριον
1667 786 1948 839 Κωναταν-

299 881 444 933 τῖνον
475 877 568 931 τὸν
599 877 813 930 πάντων
851 873 1118 950 βασιλέων
1153 873 1467 947 ὑπέρτερον,
1503 873 1594 927 καὶ
1642 872 1706 925 τὸ
1749 870 1946 926 τούτου

304 966 455 1041 γενος
510 965 952 1039 ἐξεμυκτήρισας,
1011 963 1210 1038 ἐχθρὸν
1269 967 1386 1025 τοῖς
1443 966 1560 1024 σοῖς
1607 959 1946 1020 ἀποκαλέσας

306 1061 471 1124 θεοῖς,
502 1054 592 1109 καὶ
630 1053 903 1127 μανιώδη,
945 1052 1035 1107 καὶ
1083 1053 1250 1129 φόνου
1306 1051 1518 1123 μεστὸν,
1566 1053 1662 1104 τοῦ
1708 1069 1767 1103 τε
1808 1049 1945 1120 ὁμο-

301 1145 458 1218 γνίου
513 1143 793 1199 ἀνάπλεων
851 1143 1104 1215 αἳματος,
1159 1140 1327 1196 ταῦτά
1379 1160 1465 1195 σοι
1534 1138 1666 1213 ὑπὲρ
1743 1136 1946 1192 ἐκείνου

297 1231 744 1308 ἂπολογήσομαι·
804 1232 886 1286 ὅτι
950 1230 1164 1303 μᾶλλον
1203 1232 1232 1285 ὁ
1282 1231 1372 1292 σὸς
1430 1230 1610 1303 πατὴρ
1666 1228 1948 1283 Κωνστάν-

293 1344 409 1387 τιος
437 1323 609 1378 καἱοὶ
653 1320 852 1376 τούτου
909 1318 1141 1395 ἀδελφοὶ
1185 1318 1561 1394 προκατῆρξαν
1607 1322 1706 1372 τοῦ
1753 1314 1949 1386 ἀδική-

299 1432 487 1484 ματος,
518 1412 804 1489 φάρμακον
838 1409 984 1481 αὐτῷ
1028 1407 1371 1479 δηλητήριον
1421 1406 1805 1482 κερασάμενοι,
1855 1405 1946 1472 καὶ

296 1502 520 1566 θάνατον
555 1499 808 1574 ὀλέθριον
861 1500 1311 1574 προξενήσαναες,
1379 1495 1547 1569 μηδὲν
1595 1496 1732 1570 πρὸς
1781 1495 1948 1548 αὐτοῦ

298 1589 621 1651 πεπονθότες
681 1587 894 1644 ἄδικον·
957 1590 1200 1650 Ἐκεῖνος
1260 1585 1317 1642 δὲ
1365 1577 1465 1656 τὴν
1519 1591 1746 1662 γυναῖκα
1799 1584 1950 1640 Φαύ-

303 1699 451 1745 σταν,
509 1678 600 1732 καὶ
658 1681 797 1732 πάνυ
857 1676 1083 1739 δικαίως
1133 1677 1438 1731 ἀπέκτεινεν
1496 1676 1571 1737 ὡς
1629 1672 1945 1748 μιμησαμέ-

299 1787 392 1836 νην
423 1767 523 1834 τὴν
558 1765 727 1820 πάλαι
760 1763 1026 1840 Φαίδραν,
1057 1764 1148 1820 καὶ
1208 1759 1571 1819 διαϐαλοῦσαν
1614 1764 1708 1818 τὸν
1751 1760 1948 1816 τούτου

305 1855 420 1909 υἱὸν
452 1854 692 1928 Πρίσκον
753 1852 1033 1926 [Κρίσπον]
1093 1853 1169 1915 ὡς
1221 1853 1494 1928 ἐρωτικῶς
1551 1851 1685 1926 αὐτῇ
1743 1848 1942 1904 διακεί-

301 1965 458 2017 μενον
491 1950 585 1998 καί
615 1964 667 1997 τι
716 1945 853 2018 πρὸς
909 1944 1028 2019 βίαν
1077 1942 1483 2017 ἐπιχειροῦντα,
1538 1943 1778 2016 καθάπερ
1835 1941 1942 1995 κά-

295 2033 444 2102 κείνη
476 2033 571 2087 τὸν
603 2037 700 2087 τοῦ
730 2031 949 2102 Θησέως
1005 2031 1353 2088 Ἰππόλυτον·
1385 2031 1475 2085 καὶ
1524 2028 1590 2099 δὴ
1635 2031 1772 2084 κατά
1816 2026 1940 2088 τοὺς

294 2127 396 2190 τῆς
456 2121 668 2198 φύσεως
728 2121 934 2192 νόμους
984 2122 1058 2181 ὡς
1114 2121 1296 2194 πατήρ
1351 2119 1442 2172 τὸν
1492 2119 1606 2173 υἱὸν
1669 2116 1937 2189 ἠμύνατο.

302 2212 554 2285 Ὕστερον
601 2211 695 2282 μέν
754 2229 840 2263 τοι
895 2209 1080 2282 μαθὼν
1136 2210 1233 2278 τὴν
1287 2206 1566 2278 ἀλήθειαν,
1624 2206 1714 2261 καὶ
1772 2205 1939 2272 αὐτὴν

297 2298 741 2374 προσαπέκτεινε,
805 2294 960 2367 δίκην
1019 2297 1101 2351 ἐπ’
1160 2297 1297 2370 αὐτῇ
1355 2293 1577 2357 δικάσας
1631 2299 1816 2350 πασῶν
1857 2291 1939 2348 δι-

300 2386 615 2455 καιοτάτην.
663 2385 951 2444 Ἀπὲκλινε
1008 2383 1066 2440 δὲ
1121 2385 1256 2459 πρὸς
1305 2384 1398 2438 τὸν
1459 2384 1716 2457 Χριστὸν,
1775 2382 1943 2455 οὐρα-

298 2474 446 2529 νόθεν
481 2473 688 2528 ἐκείνου
745 2472 1102 2539 καλέσαντος,
1160 2473 1250 2527 ὅτε
1304 2473 1404 2539 τήν
1461 2471 1598 2546 πρὸς
1648 2468 1940 2538 Μαξέντιον

299 2559 550 2638 δριμεῖάν
581 2583 640 2616 τε
667 2561 756 2616 καὶ
801 2563 1110 2635 βαρυτάτην
1165 2559 1528 2634 διηγωνίσατο
1580 2557 1788 2633 μάχην,
1837 2555 1944 2611 δεί-

303 2651 394 2722 ξας
423 2650 572 2723 αὐτῷ
598 2649 662 2705 τὸ
691 2653 787 2704 τοῦ
835 2653 1069 2722 σταυροῦ
1118 2653 1346 2720 σημεῖον
1400 2645 1669 2720 μεσούσης
1714 2644 1944 2719 ἡμέρας,

312 2740 445 2813 ὑπὲρ
475 2739 566 2792 τὸν
594 2737 760 2808 ἥλιον
787 2743 906 2800 ταῖς
962 2736 1156 2812 αὐγαῖς
1212 2735 1589 2809 ἐξαστράπτον,
1632 2735 1722 2789 καὶ
1768 2736 1949 2810 γράμ-

305 2848 462 2900 μασιν
494 2827 852 2900 ἀστροτύπως
908 2825 1214 2901 ῥωμαικοῖς
1246 2822 1588 2895 διασημήνας
1637 2821 1800 2877 αύτοῦ
1845 2823 1945 2891 τήν

305 2921 401 2971 τοῦ
429 2916 680 2988 πολέμου
708 2914 886 2984 νίκην·
920 2915 1084 2985 ἡμεῖς
1127 2934 1185 2967 τε
1237 2913 1339 2988 γὰρ
1391 2912 1544 2967 αὐτοὶ
1599 2912 1662 2966 τὸ
1718 2916 1946 2984 σημεῖον

303 3003 634 3076 ἐθεασάμεθα
661 3007 740 3074 τῷ
788 3001 1022 3075 πολέμῳ
1069 3001 1352 3076 παρόντες,
1392 3001 1481 3056 καὶ
1528 3002 1596 3054 τὰ
1650 3001 1950 3076 γράμματα

2055 535 2242 590 pans:
2283 521 2497 575 Notum
2547 521 2651 575 tibi
2703 522 2797 590 sit,
2847 539 2970 586 rex,
3022 523 3178 593 quod
3221 523 3364 578 deos
3415 531 3543 579 tuos
3573 537 3694 580 non

2055 607 2205 676 colo,
2240 613 2298 662 et
2317 613 2572 664 statuam
2611 626 2853 665 auream
2891 611 3263 666 dilectissimi
3286 613 3369 666 tui
3401 613 3693 683 Apollinis

2054 714 2363 768 nunquam
2396 699 2653 754 adorabo
2677 702 2715 754 ⁵.
2745 701 2909 765 Quod
2931 706 3128 757 autem
3153 703 3392 757 beatum
3415 704 3691 758 Constan-

2053 786 2267 851 tinum,
2303 789 2569 842 omnium
2598 788 3024 859 imperatorum
3057 791 3403 848 maximum.
3444 792 3693 863 ejusque

2050 875 2336 930 familiam
2351 876 2869 946 despexisti.illum
2884 879 3192 934 inimicum
3205 879 3445 935 deorum
3458 886 3695 935 tuorum

2051 969 2355 1030 vocans,et
2373 965 2828 1029 insentatum,et
2850 967 3026 1022 caadis
3051 968 3314 1038 plenum,
3349 975 3408 1023 et
3427 974 3696 1037 cognato-

2051 1066 2186 1104 rum
2219 1051 2504 1123 sanguine
2533 1052 2934 1122 inquinatum,
2966 1055 3092 1109 haec
3123 1055 3194 1110 de
3228 1071 3294 1109 eo
3323 1056 3428 1110 tibi
3455 1073 3696 1127 respon-

2053 1138 2225 1193 debo:
2249 1139 2427 1210 Magis
2451 1140 2678 1194 scilicet
2698 1147 2864 1211 pater
2887 1147 3020 1197 tuus
3044 1143 3424 1199 Constantius
3445 1145 3693 1215 ejusque

2051 1226 2264 1282 fratres
2294 1228 2522 1298 priores
2551 1229 2756 1299 injusti
2788 1230 3048 1298 fuerunt,
3090 1232 3190 1302 qui
3221 1239 3424 1303 potum
3450 1249 3698 1288 venena-

2054 1321 2180 1371 tum
2217 1315 2535 1372 miscentes
2565 1318 2952 1374 Constantino
2983 1320 3256 1375 acerbam
3288 1327 3540 1376 mortem
3571 1338 3700 1392 pro-

2053 1405 2358 1476 pinarunt,
2390 1406 2557 1461 nulla
2583 1412 2782 1463 tamen
2812 1408 2884 1463 ab
2917 1425 2984 1463 eo
3018 1410 3241 1480 injuria
3274 1410 3696 1481 lacessiti.Ipse

2055 1500 2252 1549 autem
2284 1511 2528 1550 uxorem
2561 1513 2727 1551 suam
2757 1499 3030 1553 Faustam
3054 1498 3214 1570 juste
3245 1499 3566 1554 admodum
3592 1515 3693 1554 oc-

2055 1583 2218 1649 cidit,
2249 1584 2388 1654 quia
2412 1590 2671 1640 veterem
2703 1587 3013 1642 Phtedram
3044 1588 3292 1653 imitata,
3334 1589 3696 1644 calumniata

2057 1678 2148 1726 est
2200 1673 2575 1743 imperatoris
2635 1675 2823 1729 ﬁlium
2877 1677 3166 1742 Priscum,
3227 1685 3289 1731 ut
3345 1678 3445 1747 qui
3493 1693 3695 1732 amore

1977 1791 2024 1855 Β
2058 1761 2186 1832 ejus
2239 1766 2444 1832 captus
2490 1762 2605 1816 vim
2657 1764 2708 1817 ei
2753 1764 2974 1818 inferre
3023 1770 3270 1820 conatus
3320 1770 3496 1832 esset,
3545 1766 3698 1820 sicut

2059 1849 2236 1905 etiam
2269 1850 2372 1904 illa
2399 1851 2608 1906 Thesei
2639 1852 3697 1924 ﬁlium,Hippolytum.Constantinus

2057 1939 2297 2009 quidem
2320 1939 2492 2008 juxta
2511 1945 2735 1994 naturae
2769 1941 2949 2012 leges,
2983 1947 3049 1995 ut
3077 1946 3263 2011 pater,
3299 1943 3488 1997 ﬁlium
3521 1942 3699 2013 puni—

2049 2027 2168 2093 vit;
2199 2032 2406 2098 postea
2432 2044 2592 2092 vero,
2625 2035 2928 2099 comperta
2959 2030 3223 2096 veritate,
3255 2047 3502 2085 uxorem
3545 2047 3693 2100 quo-

2051 2132 2166 2185 que
2197 2116 2493 2170 sententia
2531 2116 2798 2171 omnium
2841 2118 3178 2187 justissima
3226 2119 3402 2172 morti
3448 2117 3692 2173 addixit.

2050 2204 2348 2258 Christum
2387 2209 2583 2259 autem
2631 2210 2700 2258 ut
2727 2205 2911 2259 Deum
2943 2206 3177 2277 agnovit
3205 2205 3428 2261 ccelesti
3459 2206 3692 2277 appari-

2051 2292 2210 2348 tione
2238 2293 2309 2347 ab
2364 2310 2431 2348 eo
2479 2299 2738 2361 vocatus,
2789 2295 3026 2364 quando
3057 2295 3299 2350 difﬁcile
3331 2301 3390 2350 et
3418 2295 3693 2367 gravissi-

2051 2398 2214 2436 mum
2245 2382 2515 2452 prmlium
2547 2382 2824 2437 adversus
2856 2384 3210 2438 Maxentium
3233 2385 3550 2439 commisit.
3585 2387 3694 2455 Ap-

2051 2471 2249 2542 paruit
2276 2471 2435 2524 enim
2465 2471 2657 2525 crucis
2688 2471 2943 2542 signum,
2965 2472 3122 2542 quod
3154 2473 3350 2528 media
3381 2473 3474 2527 die
3497 2473 3688 2527 lucem

2055 2559 2198 2613 solis
2223 2558 2538 2629 splendore
2570 2574 2675 2612 suo
2707 2559 3046 2630 superabat,
3098 2565 3158 2615 et
3202 2561 3417 2615 litteris
3449 2561 3692 2625 Latinis,

2055 2647 2287 2702 siderea
2318 2653 2459 2702 nota
2487 2646 2697 2714 ductis,
2748 2648 2935 2718 ipsius
2983 2649 3047 2702 in
3093 2649 3250 2703 bello
3280 2649 3585 2704 victoriam
3617 2647 3698 2702 si-

2054 2734 2390 2808 gnificabat.
2424 2737 2567 2790 Nam
2595 2752 2703 2790 nos
2750 2736 2864 2806 ipsi
2909 2736 3142 2808 signum
3187 2736 3443 2791 vidimus
3491 2737 3696 2807 praalio

2055 2830 2399 2896 praesentes,
2433 2829 2491 2878 et
2516 2823 2694 2878 verba
2723 2824 2993 2896 legimus.
3044 2827 3168 2880 Imo
3218 2830 3376 2881 totus
3407 2827 3698 2882 exercitus

2055 2913 2184 2968 haac
2243 2913 2402 2979 vidit,
2461 2912 2798 2983 multosque
2855 2913 3034 2984 hujus
3091 2914 3342 2986 prodigii
3397 2919 3578 2970 testes
3634 2915 3698 2970 in

2057 3002 2318 3057 exercitu
2345 3002 2630 3073 reperias,
2661 3002 2838 3057 modo
2864 3002 3010 3057 velis
3041 3003 3426 3076 interrogare.

307 3095 708 3169 ὑπανέγνωμιν·
743 3091 888 3147 άλλᾶ
917 3092 1009 3146 καὶ
1037 3091 1100 3146 τὸ
1126 3087 1489 3167 στρατόπεδον
1517 3091 1652 3145 ἅπαν
1706 3090 1944 3158 τεθέατο,
1974 3090 2063 3145 καὶ
2094 3088 2303 3146 πολλοὶ
2335 3090 2482 3164 [376]
2511 3088 2702 3144 τούτον
2739 3090 3006 3166 μάρτυρες
3033 3089 3086 3145 ἐν
3111 3096 3192 3163 τῷ
3222 3096 3300 3164 σῷ
3349 3089 3697 3167 στρατοπέδῳ

300 3183 694 3256 τυγχάνουσιν,
725 3179 777 3235 εἴ
802 3201 866 3254 γε
893 3178 997 3255 ἄρα
1027 3178 1299 3256 ἐρωτῆσαι
1333 3178 1637 3250 θελήσειας.

378 3272 482 3342 μς’.
517 3268 616 3323 Καὶ
643 3270 696 3323 τί
730 3266 797 3337 δὴ
827 3273 996 3324 ταῦτα
1030 3267 1178 3344 λέγω
1207 3288 1222 3338 ;
1253 3269 1344 3323 τὸν
1379 3269 1607 3341 Χριστὸν
1637 3265 1836 3324 ἄνωθεν
1891 3269 1935 3323 οἳ

2125 3273 2214 3325 45.
2248 3269 2334 3325 Ad
2363 3270 2506 3341 quid
2537 3271 2873 3326 autemhmc
2903 3269 3065 3326 dico?
3088 3271 3385 3327 Christum
3416 3288 3450 3327 a
3481 3271 3698 3327 smoulo

299 3365 582 3435 προφῆται
639 3357 1134 3433 προκατήγγειλαν,
1193 3358 1267 3419 ὼς
1326 3358 1417 3412 καὶ
1474 3358 1636 3419 αὐτὸς
1707 3363 1949 3432 κρεῖττον

301 3446 606 3502 ἐπίστασαιο
638 3446 730 3500 καὶ
759 3442 968 3500 πολλαὶ
999 3449 1098 3514 τῆς
1153 3445 1317 3500 αὐτοῦ
1365 3445 1660 3521 παρουσίας
1708 3447 1764 3500 αἱ
1816 3465 1952 3519 μαρ-

297 3536 483 3610 τυρίαι
514 3535 620 3589 κάκ
642 3538 752 3589 τῶν
780 3536 906 3608 παρ’
939 3535 1068 3607 ὑμῖν
1114 3529 1424 3606 σεϐομένων
1479 3536 1638 3602 θεῶν,
1700 3535 1790 3588 καὶ
1843 3538 1950 3589 τῶν

303 3627 581 3700 χρησμῶν
613 3623 668 3677 αἱ
715 3623 1157 3698 προαγορεύσεις·
1208 3622 1276 3677 τὰ
1317 3643 1375 3676 τε
1428 3617 1728 3677 Σιϐύλλεια
1775 3622 1952 3697 γράμ-

305 3732 468 3786 ματα,
498 3711 589 3765 καὶ
619 3712 653 3780 ἡ
686 3715 784 3764 τοῦ
813 3709 1106 3785 Βιργιλίου
1135 3713 1231 3764 τοῦ
1261 3709 1540 3780 Ῥωμαίου
1596 3709 1840 3776 ποίησις,
1889 3710 1951 3777 ἣν

306 3801 463 3872 ὑμεῖς
493 3797 838 3866 Βουκολικην
869 3797 1189 3870 ὀνομάζετε,
1247 3797 1340 3852 καὶ
1389 3798 1553 3858 αὐτὸς
1584 3798 1611 3851 ὁ
1643 3801 1773 3874 παρ’
1827 3799 1956 3870 ὑμῖν

306 3887 723 3960 θαυμαζόμενος
757 3884 1052 3943 Ἀπόλλων
1086 3887 1114 3940 ὁ
1147 3887 1405 3959 μαντικὸς
1433 3883 1648 3941 τοιόνδε
1675 3886 1795 3942 τινὰ
1831 3885 1957 3958 περὶ

305 3979 541 4051 Χριστοῦ
601 3975 904 4052 ἐξεφώνησε
993 3973 1183 4049 λόγον.
1268 3973 1600 4044 Ἐρωτηθεὶς
1659 3976 1762 4050 γὰρ
1813 3974 1958 4048 παρὰ

311 4067 419 4120 τῶν
447 4064 640 4119 ἑαυτοῦ
665 4062 989 4139 προπόλων,
1016 4062 1370 4138 ἀποκρίνεται
1400 4059 1526 4118 ὡδε·

307 4183 400 4250 Μὴ
434 4177 626 4260 ὄφελες
657 4181 909 4254 πύματόν
947 4200 1013 4254 με
1040 4181 1133 4236 καὶ
1163 4179 1386 4235 ὕστατον
1420 4178 1734 4254 ἐξερέεσθαι,

304 4324 545 4398 Δύσμορ’
577 4322 725 4398 ἐμῶν
756 4323 1082 4398 πρόπόλων,
1112 4323 1238 4398 περὶ
1271 4323 1580 4398 θεσπεσίοιο
1611 4325 1778 4398 θεοῖο,

302 4391 633 4471 Καᾼῖπνόιῆς
659 4402 760 4465 τῆς
791 4391 965 4471 πάντα
996 4391 1150 4471 πέρμιξ
1186 4391 1787 4471 βοτρυηδὸνᾼᾷχούσης,

301 4468 511 4543 Ῑείρεα,
546 4472 683 4543 ερῶςμ,
718 4469 1001 4543 ποταμοὺς
1026 4466 1117 4543 καὶ
1147 4466 1449 4543 Τάρταρον,
1641 4467 1883 4543 καὶπῦρ,

301 4539 367 4594 Ἥ
399 4522 469 4610 με
496 4522 589 4593 κοίὶ
618 4522 716 4592 ούκ
745 4522 1002 4610 ὲθᾷλόντα
1028 4522 1350 4610 δόμωνδάπδ
1379 4522 1559 4610 τῶνδε.
1577 4535 1784 4594 διώκει.

300 4611 371 4704 ’ἓ
395 4605 453 4665 δὲ
471 4610 610 4703 νἐμοὶ
640 4608 915 4704 τριπόδων
947 4605 1025 4664 ἔτι
1058 4605 1275 4704 λείπιιτο
1303 4605 1601 4704 ἠριχένει.α;

299 4681 400 4754 Α’ξᾼ,
433 4681 492 4754 αἴ
516 4678 611 4754 με,
642 4678 922 4754 τρίποδες,
955 4678 1352 4754 στοναχήσατε,
1384 4678 1554 4754 οἴχετ’
1590 4681 1907 4749 Ἀπολλὼν,

307 4751 659 4842 υἷ’χεετξέπεὶ
678 4751 892 4842 ’βροτός
910 4751 989 4822 με
1023 4751 1262 4842 βιάζεται
1295 4751 1711 4842 ούράνὶοςνφῶςο

303 4820 463 4879 Καΐὸ
493 4820 842 4888 παθὼν’Θεός
874 4820 1134 4891 ἐστι,’καὶ
1173 4824 1238 4878 οὐ
1273 4820 1468 4893 θεότης
1499 4820 1662 4884 πάθεν
1697 4821 1853 4891 αὐτή.

377 4942 400 4977 ⁸
426 4942 573 4997 Dan.
607 4957 689 5010 ιιι,
725 4941 814 4994 18.

2057 3359 2360 3431 prophetaa
2391 3360 2888 3430 praanuntiarunt,
2920 3366 2989 3414 ut
3017 3365 3081 3415 tu
3111 3360 3236 3432 ipse
3267 3362 3487 3432 optime
3518 3361 3697 3416 nosti.

2059 3451 2132 3504 Et
2158 3449 2345 3503 multa
2376 3453 2515 3503 sunt
2556 3449 2628 3503 de
2677 3450 2806 3520 ejus
2852 3449 3108 3504 adventu
3156 3450 3495 3505 testimonia
3524 3450 3700 3504 etiam

2064 3554 2289 3603 eorum,
2323 3539 2424 3608 qui
2448 3554 2482 3592 a
2510 3537 2672 3592 vobis
2706 3538 3004 3607 coluntur,
3029 3539 3273 3593 deorum
3300 3556 3312 3606 ;
3341 3539 3540 3593 multm
3563 3554 3705 3608 quo-

2064 3643 2177 3698 que
2190 3626 2556 3681 oraculorum
2568 3626 3220 3698 praadictiones,quibus
3233 3626 3706 3682 concinuntlibri

2065 3715 2361 3787 Sibyllini,
2393 3731 2504 3769 nec
2535 3732 2654 3769 non
2686 3715 2911 3785 Virgilii
2954 3717 3203 3770 Romani
3254 3717 3540 3778 carmina,
3574 3732 3704 3786 quin

2062 3821 2164 3859 vos
2193 3802 2449 3858 Bucolica
2478 3803 2810 3874 appellatis.
2845 3806 2967 3858 Imo
3015 3810 3076 3859 et
3111 3804 3235 3875 ipse
3284 3804 3441 3875 apud
3471 3819 3571 3858 vos
3602 3803 3706 3859 ad-

2063 3892 2373 3949 mirandus
2402 3893 2633 3962 Apollo,
2665 3909 2980 3964 supremus
3010 3892 3308 3962 fatidicus,
3359 3893 3702 3965 hujusmodi

2067 3982 2138 4037 de
2168 3981 2396 4036 Christo
2427 3981 2674 4052 protulit
2702 3998 3038 4036 sermonem
3063 4002 3077 4047 ;
3119 3983 3512 4054 interrogatus
3543 3983 3702 4037 enim

2066 4088 2102 4128 a
2128 4070 2421 4126 ministris
2449 4071 2572 4124 suis
2603 4070 2688 4125 sic
2716 4071 3025 4141 respondit
3048 4087 3061 4125 :

2067 4187 2183 4242 Non
2214 4185 2501 4255 Oportebat
2527 4201 2610 4239 me
2637 4186 2696 4239 in
2735 4186 2994 4240 extremis
3039 4192 3340 4241 versantem
3383 4187 3585 4257 (15-16)
3615 4188 3703 4242 in-

2065 4327 2367 4383 Miserandi
2395 4327 2652 4392 ministri,
2684 4327 2750 4381 de
2778 4329 2887 4381 Deo
2915 4330 3013 4397 qui
3041 4329 3108 4383 de
3138 4259 3595 4395 audaciai?)

2067 4401 2135 4454 Et
2163 4398 2369 4471 spiritu
2399 4397 2498 4467 qui
2526 4399 2714 4452 omnia
2752 4400 2954 4453 circum
2983 4406 3045 4453 ut
3075 4400 3256 4455 botrus
3305 4402 3708 4471 complectitur,

2066 4473 2255 4530 Astra.
2289 4468 2483 4534 lucem,
2516 4471 2712 4537 ﬂuvios
2741 4475 2791 4524 et
2819 4471 3130 4537 Tartarum,
3171 4488 3322 4538 aera,
3355 4468 3635 4541 et—ignem,

2069 4543 2178 4606 Qui
2204 4557 2289 4594 me
2317 4541 2476 4594 etiam
2508 4543 2740 4613 invitum
2772 4541 2840 4595 ab
2871 4541 3074 4596 adibus
3102 4544 3224 4597 istis
3242 4543 3528 4613 propellit.

1991 4640 2037 4704 ι)
2068 4613 2216 4704 {tibi
2237 4612 2870 4704 ui¢r39€a¥rf29flur
2880 4629 3037 4704 λιθέηε
3057 4612 3710 4704 ’ῖςτῖίεηξέξὲηέῑον,ίξ(,ί.ῖὶί

2070 4685 2216 4738 Hei!
2245 4684 2376 4737 heil
2404 4699 2486 4738 me
2516 4684 2774 4752 tripodes,
2807 4685 3037 4752 deflete;
3066 4687 3363 4740 exstinctus
3380 4691 3458 4738 est
3484 4684 3707 4754 Apollo.

2069 4755 2666 4824 Emstinctus,quoniam
2690 4754 2778 4808 vir
2805 4771 2888 4808 me
2906 4757 3090 4825 perdit
3112 4757 3336 4810 cozlestis
3367 4754 3571 4809 lumine
3589 4771 3706 4809 suo.

2075 4827 2148 4879 Et
2179 4829 2277 4895 qui
2293 4841 2489 4895 passus
2519 4830 2594 4879 est
2623 4826 2758 4880 Deus
2787 4832 2883 4894 est,
2910 4843 3008 4882 nec
3051 4827 3226 4881 deitas
3247 4841 3414 4896 passa
3459 4832 3536 4880 est
3564 4827 3707 4896 ipsa.

1902 5027 2124 5082 NOTxE.

373 5128 583 5198 (15-16)
623 5129 689 5182 In
741 5128 938 5182 Graeco
997 5124 1215 5198 legitur
1252 5120 1595 5198 ελίιύματόν
1654 5121 1743 5176 καὶ
1802 5121 1959 5178 ὕστα-

299 5195 420 5266 τον,
455 5195 586 5270 (ιιιω
616 5199 791 5254 ambo
819 5195 1124 5252 extremum
1154 5195 1518 5268 significant.
1553 5197 1711 5252 Enir.

375 5269 483 5334 (17)
515 5271 728 5324 Textus
757 5270 842 5323 sic
873 5268 1088 5322 habet:
1119 5262 1394 5334 τριπόδων
1433 5259 1513 5319 ἔτι
1547 5263 1768 5320 λείπετο
1826 5266 1960 5334 ἠρι-

375 5269 489 5341 (Hi
515 5271 728 5324 Textus
757 5270 842 5323 sic
873 5269 1088 5322 habet:
1119 5269 1394 5340 τριπόδων
1433 5269 1513 5319 ἔτι
1548 5269 1768 5320 λείπετο
1826 5269 1960 5338 ἠρι-

299 5338 504 5419 γένεια.
539 5371 606 5419 —_-
631 5337 1151 5419 'Hpiyiieia_(i}pi..
1179 5355 1342 5419 mane
1388 5343 1446 5392 et
1489 5353 1656 5419 perri?
1702 5343 1960 5419 tempore,

297 5409 584 5485 γίγνομαι)
617 5409 854 5485 proprie
883 5415 973 5464 est
1003 5409 1320 5485 epitheton
1339 5409 1511 5485 quod
1543 5409 1826 5485 tribuitur
1854 5425 1961 5465 au-

299 5480 478 5538 rorae.
515 5480 680 5538 Unde
723 5481 923 5546 etiam,
960 5487 1026 5534 ut
1058 5481 1178 5549 hic,
1215 5480 1532 5536 adhibetur
1557 5481 1631 5536 ad
1655 5481 1965 5549 designan-

305 5553 448 5608 dam
480 5553 670 5624 ipsam
699 5567 997 5624 auroram.
1034 5551 1145 5624 Sed
1181 5553 1367 5624 quaeri
1429 5557 1624 5624 potest
1669 5551 1810 5624 quid
1859 5568 1968 5623 per

305 5622 595 5698 tripodum
621 5639 882 5683 auroram
913 5622 1379 5696 intelligendum
1407 5622 1502 5680 sit.
1534 5622 1806 5680 Puto'his
1836 5622 1966 5680 ver-

2070 5125 2597 5210 bis‘antiquitatem
2619 5128 2919 5210 tripodum
2943 5127 3287 5210 ex_primi,ac
3311 5128 3360 5210 si
3376 5128 3709 5210 diceretur:

2071 5197 2315 5272 Antiqui
2347 5197 2896 5272 tripodes;_tripodes
2919 5197 3135 5269 quibus
3164 5200 3236 5255 ab
3267 5200 3532 5272 antiquis
3562 5205 3714 5272 tem-

2071 5268 2335 5341 poribus;
2370 5268 2444 5324 et‘
2477 5270 2646 5341 quasi
2687 5268 2759 5325 ab
2811 5268 3024 5326 aurora
3071 5271 3302 5339 mundi,
3353 5268 3432 5326 in_
3468 5271 3715 5326 edendis

2071 5340 2326 5414 oraculis
2357 5340 2503 5397 usus
2532 5357 2684 5414 sum.
2704 5371 2786 5414 7-
2817 5343 3023 5397 Posset
3070 5359 3303 5414 quoque
3351 5344 3478 5398 huic
3499 5412 3511 5414 _
3531 5343 3714 5414 inter;

2071 5412 2324 5485 pretatio
2356 5413 2606 5485 proponi
2632 5429 2645 5466 :
2682 5411 3119 5485 Remanserun‘t
3146 5411 3293 5470 mihi
3323 5411 3718 5485 tripodes,sed

2073 5483 2234 5556 omni
2252 5499 2372 5556 sua
2400 5483 2588 5556 gloria
2609 5499 2676 5538 ac
2706 5484 2919 5540 virtute
2943 5484 3230 5554 destituti,
3266 5491 3324 5539 et
3351 5483 3530 5556 prout
3550 5488 3721 5556 erant

2075 5553 2146 5608 ad
2179 5553 2466 5626 originem
2511 5555 2851 5626 (auroram),
2906 5557 3007 5611 ubi
3039 5557 3304 5612 nondum
3335 5553 3443 5626 per
3488 5554 3718 5609 fabulas

2075 5629 2135 5680 et
2159 5624 2485 5697 prw’stigias
2515 5624 2628 5681 Sibi
2657 5625 3062 5684 celebritatem
3100 5624 3604 5703 comparaverant.
3635 5626 3716 5680 In.
