3964 6144
414 270 437 325 4
446 269 555 325 295

1931 264 2299 321 ΛΒΒΕΝΒΔ.
2374 304 2380 311 .

3624 285 3731 343 1296

480 398 568 451 47.
602 393 929 466 Respondit
958 394 1275 464 Apostata:
1310 396 1455 448 Puto
1487 396 1565 456 te,
1599 408 1632 446 o
1663 390 1911 450 Artemi.
1935 406 2047 444 non

2244 389 2347 461 μζ.
2380 386 2698 447 Ὑπολαϐὼν
2757 390 2813 449 δὲ
2842 395 2869 450 6
2901 391 3226 469 Παραόάτης
3282 396 3400 477 ἔφη·
3443 407 3576 459 on?»
3613 427 3675 475 σε,
3698 410 3729 463 ὧ

413 486 627 540 ducem
677 485 738 537 in
786 486 1027 555 Egypto
1068 483 1273 553 fuisse,
1326 482 1429 537 sed
1473 487 1663 536 vatem
1713 480 2053 551 quemdam,

413 590 519 628 seu
549 574 743 645 potius
777 574 1127 627 sannionem
1159 577 1260 626 aut
1289 570 1824 626 circumforaneum
1868 568 2057 623 nebu-

410 663 632 729 lonem,
698 678 919 716 anuum
966 661 1426 715 temulentarum
1476 658 1951 713 narratiunculas
2001 662 2059 710 et

411 750 643 805 fabulas
674 754 899 804 veteres
930 755 1106 819 atque
1140 749 1477 818 antiquatas
1517 747 2052 802 circumferentem.

414 841 483 893 Et
512 844 775 910 martyr:
811 840 936 893 Non
970 845 1152 905 recte,
1197 839 1410 908 inquit,
1458 837 1766 908 judicasti,
1800 836 2059 907 impera-

418 934 528 995 tor,
564 943 761 997 neque
803 934 868 981 ut
890 933 1052 981 tuam
1101 927 1272 981 decet
1310 927 1662 997 sapientiam
1695 931 1753 980 et
1780 926 2055 979 virtutem

414 1019 493 1071 Ex
521 1016 634 1070 diis
666 1016 782 1070 tuis
815 1022 892 1082 et,
926 1032 1055 1086 quae
1087 1021 1250 1087 grata
1293 1015 1497 1081 habes,
1551 1014 1923 1068 documentis
1956 1012 2057 1067 de-

412 1106 874 1161 monstrationes
904 1121 1066 1165 eruo.
1100 1109 1165 1158 ut
1196 1120 1263 1157 ex
1306 1103 1555 1174 cognitis
1604 1101 1794 1156 discas
1841 1101 2056 1155 verita-

416 1195 489 1249 tis
526 1194 1101 1264 mysterium.Neque
1134 1192 1435 1246 existimes
1467 1208 1558 1246 me
1590 1190 1899 1262 gentilium
1929 1206 2058 1244 ver-

412 1284 504 1337 bis
536 1283 817 1337 delectari
843 1300 856 1347 ;
903 1298 1040 1337 nam
1068 1282 1239 1335 oleum
1266 1285 1571 1351 peccatoris
1598 1297 1708 1333 non
1747 1282 2058 1350 impinguet

410 1380 575 1443 caput
606 1389 782 1427 meum
812 1373 870 1438 σς
906 1371 1007 1426 sed
1038 1370 1110 1425 de
1160 1371 1376 1425 anima)
1426 1376 1540 1424 tum
1592 1369 1780 1423 salute
1831 1368 2052 1424 sollici-

412 1468 527 1527 tus,
562 1478 800 1516 omnem
842 1477 1048 1515 moveo
1098 1460 1377 1530 lapidem,
1430 1465 1496 1512 ut
1541 1458 1647 1512 tibi
1697 1458 1908 1512 veritas
1956 1457 2059 1511 ﬁat

413 1567 696 1621 persuasa
746 1552 867 1603 Meo
900 1549 1139 1620 quidem
1162 1548 1410 1619 judicio,
1436 1547 1937 1618 quemadmodum
1963 1546 2059 1600 Sa-

412 1646 580 1694 tanas
612 1644 867 1693 veterem
901 1639 1107 1700 Adam,
1146 1639 1404 1709 primum
1437 1641 1763 1707 parentem,
1800 1652 2055 1691 occaaca-

2164 477 2437 567 'Aprépte,
2480 480 2542 535 οὐ
2600 485 2900 559 στρατηγὸν
2958 483 3010 540 ἒν
3077 486 3336 561 Αἰγύπτῳ
3392 493 3733 567 παραγενέσθαι,

2164 563 2309 655 άλλα
2340 567 2735 646 χρησμολόγον
2765 572 2902 640 τινὰ,
2936 571 3148 645 μᾶλλον
3183 572 3241 629 δὲ
3274 563 3729 655 βωμολόχονῆμὴν

2164 653 2421 744 άγόρτην,
2481 657 2568 712 καὶ
2620 664 2801 733 γραῶν
2861 666 3326 736 κῶθωνιζομένων
3384 653 3732 744 λογύδριανκαί

2167 740 2369 814 μύθους
2426 745 2693 809 παλαιοὺς
2769 749 2857 804 καὶ
2941 754 3308 827 γεγηρακόνας
3391 740 3734 833 ἐπισυνάγοντα.

2164 833 2268 887 Καὶ
2300 834 2327 886 6
2364 835 2585 907 μάρτυς·
2619 836 2694 894 Οὐ
2725 838 2908 900 καλῶς
2940 839 3269 919 ὑπείληφας,
3304 842 3347 896 ὦ
3380 844 3602 919 βασιλεῦ,
3644 847 3735 902 οὐδὶ

2163 924 2261 984 τῆς
2291 928 2389 991 σῆς
2418 943 2610 999 σοφιας
2668 928 2754 981 καὶ
2815 930 3007 1001 ἀρετῆς
3064 928 3359 985 ἷσοστάσια·
3415 931 3470 987 ἐκ
3519 939 3612 989 τῶν
3656 941 3736 990 σῶν

2166 1005 2223 1062 δὲ
2253 1014 2385 1072 θεῶν
2413 1012 2501 1065 καὶ
2531 1018 2640 1068 τῶν
2672 1034 2758 1069 σοι
2788 1015 3112 1094 προσφιλῶν
3173 1018 3500 1092 μαθημάτων
3526 1021 3738 1096 ποιοῦμαι

2162 1098 2259 1161 τὰς
2315 1098 2638 1171 ἂποδείξεις,
2695 1103 2767 1156 ’ἐν’
2815 1104 2875 1158 ἐκ
2926 1109 3034 1159 τῶν
3096 1126 3183 1161 σοι
3238 1108 3514 1183 γνωρίμων
3566 1110 3619 1164 τὸ
3664 1118 3737 1181 τῆς

2163 1185 2419 1256 ἀληθείας
2454 1190 2646 1261 μάθοις
2695 1195 3015 1266 μυστήριον,
3074 1194 3165 1249 καὶ
3221 1197 3296 1268 μή
3357 1218 3421 1269 με
3475 1195 3611 1272 δόξῃς
3656 1205 3742 1261 τοῖς

2165 1276 2315 1348 [377]
2366 1282 2472 1331 τῶν
2531 1277 2815 1349 Ἑλλήνων
2876 1281 3380 1356 ἐγκαλλωπίζεσθαι
3436 1286 3637 1360 ῥήμασι·
3685 1288 3740 1360 μὴ

2165 1361 2222 1417 δὲ
2252 1364 2356 1440 γὰρ
2409 1364 2591 1421 ἔλαιον
2646 1368 2977 1445 ἆμαρτωλοῦ
3032 1373 3132 1440 τήν
3184 1371 3322 1445 ἐμὴν
3381 1373 3629 1429 λιπανάτω
3672 1395 3737 1429 κε-

2166 1454 2367 1529 φαλὴν,
2401 1454 2545 1511 ἀλλά
2571 1464 2669 1526 τῆς
2700 1466 2798 1527 σῆς
2854 1457 3164 1533 κηδόμενος
3214 1465 3452 1535 ψυχικῇς
3498 1464 3739 1537 σωτηρίας,

2165 1548 2300 1597 κινῶ
2329 1544 2499 1599 πάντα
2531 1545 2683 1619 λίθον
2718 1548 2855 1603 ὥστε
2883 1551 3168 1618 πεισθῆναί
3204 1572 3281 1605 σε.
3316 1547 3679 1624 Ὑπολαμϐάνω
3704 1549 3745 1605 δὲ

2166 1631 2249 1685 ὅτι
2282 1632 2462 1708 ὥσπερ
2496 1635 2523 1688 6
2557 1641 2798 1697 Σατανᾶς
2833 1638 2924 1692 τὸν
2982 1637 3215 1693 παλαιὸν
3278 1638 3454 1713 Ἀδὰμ
3504 1640 3583 1694 καὶ
3632 1660 3743 1714 πρω-

412 1729 494 1783 vit
524 1746 628 1800 per
659 1727 1124 1782 inobedientiam
1176 1733 1232 1780 et
1276 1726 1502 1780 fructus
1548 1726 1708 1780 vetiti
1740 1725 2047 1779 comestio-

2164 1720 2468 1776 τόπλαστον
2497 1723 2855 1802 ἀπετύφλωσε
2885 1724 2973 1781 διὰ
2995 1729 3092 1795 τῆς
3143 1734 3425 1802 παρακοῆς
3455 1728 3539 1783 καὶ
3565 1735 3648 1797 τῆς
3671 1732 3743 1781 τοῦ

414 1832 575 1880 nem,
608 1814 690 1869 ita
719 1820 775 1869 te
806 1831 1063 1885 quoque,
1113 1814 1455 1883 imperator,
1505 1818 1619 1866 tum
1664 1811 1870 1866 salutis
1902 1812 2052 1865 invi-

415 1904 546 1971 dus,
578 1904 791 1958 Christi
833 1903 948 1957 fide
1000 1902 1291 1973 spoliavit.
1343 1900 1508 1965 Quod
1558 1916 1691 1953 vero
1724 1900 1932 1963 solem,
1966 1900 2059 1954 lu-

410 2010 549 2049 nam
572 1998 631 2047 et
659 1997 818 2046 astra
843 1991 983 2046 deos
1013 1990 1298 2061 appellas,
1351 1989 1533 2061 pudet
1581 2004 1677 2043 me
1709 1988 2056 2056 ignorantia)

410 2089 547 2147 tum,
581 2097 684 2136 seu
719 2080 904 2150 magis
957 2078 1373 2149 improbitatis.
1424 2079 1628 2131 Nonne
1680 2080 2055 2147 Anaxagoras

410 2170 836 2235 Clazomenius,
918 2174 1053 2222 tuus
1144 2167 1419 2222 videlicet
1501 2167 1710 2237 magis,
1798 2182 2054 2221 massam

410 2262 643 2332 igneam
678 2258 878 2312 docuit
917 2274 1045 2311 esse
1097 2257 1305 2321 solem,
1356 2262 1514 2310 astra
1564 2262 1761 2310 autem
1810 2272 2055 2326 corpora

412 2350 720 2421 pumicosa
750 2354 806 2401 et
834 2346 1036 2401 anima
1067 2345 1456 2415 sensibusque
1483 2361 1723 2415 prorsus
1746 2345 2055 2400 destituta?

413 2436 716 2502 Quomodo
749 2452 883 2506 ergo
917 2436 1063 2504 ipse,
1096 2435 1418 2504 imperator
1463 2434 1683 2504 optime
1730 2440 1788 2488 et
1817 2433 2055 2505 sapien-

414 2526 800 2593 tissime,quze
832 2540 865 2576 a
894 2521 1252 2593 magistratis
1277 2521 1391 2574 tuis
1416 2520 1803 2591 repudiantur
1834 2526 1890 2574 et
1919 2537 2053 2574 con-

412 2620 758 2669 temnantur
784 2612 925 2666 deos
959 2611 1289 2681 proclamas
1311 2610 1338 2663 ‘P
1367 2610 1496 2662 Scio
1542 2609 1699 2663 enim
1751 2614 1806 2663 te
1855 2609 2049 2663 Plato-

409 2704 558 2758 nicaa
590 2718 719 2755 esse
751 2706 963 2763 sectae;
996 2703 1055 2752 et
1083 2698 1245 2751 Plato
1280 2696 1519 2765 quidem
1552 2696 1849 2749 Socratem
1883 2695 2050 2749 audi-

408 2791 781 2858 vit,Socrates
800 2794 999 2842 autem
1031 2785 1407 2849 Archelaum;
1440 2800 1615 2855 porro
1638 2783 1961 2838 Archelaus
1993 2789 2051 2839 et

408 2880 665 2935 Pericles
696 2880 1053 2947 Anaxagorae
1107 2874 1406 2929 auditores
1452 2873 1711 2927 fuerunt.
1745 2872 2046 2937 Quomodo

407 2969 605 3041 igitur,
634 2968 909 3037 princeps
936 2963 1304 3030 admirande,
1345 2962 1459 3016 ista
1488 2960 1629 3015 deos
1659 2960 1827 3028 dicis,
1862 2966 1919 3015 et
1948 2978 2045 3016 su-

408 3074 514 3129 per
543 3057 743 3110 omnia
773 3054 957 3108 solem
991 3052 1310 3115 veneraris,
1346 3066 1600 3119 eumque
1621 3049 2043 3120 jusjurandum

409 3147 857 3218 imperatorium
888 3143 1198 3198 constituis
1218 3142 1245 3196 ‘2
1274 3142 1388 3195 Cur
1417 3140 1682 3210 qualibet
1712 3141 2044 3209 occasione,

409 3240 526 3293 sive
559 3239 619 3291 in
660 3235 947 3307 epistolis,
1001 3234 1119 3288 sive
1168 3232 1229 3285 in
1259 3230 1593 3299 colloquiis,
1653 3229 1769 3283 sive
1812 3231 1870 3284 in
1906 3247 2049 3285 con-

400 3326 692 3390 cionibus,
735 3324 952 3394 saepius
1007 3337 1258 3391 usurpas
1316 3319 1632 3373 formulam
1684 3321 1789 3372 Per
1835 3318 2048 3373 solem?

397 3414 509 3469 Sed
540 3413 682 3484 quid
717 3415 948 3483 oportet
994 3409 1077 3464 sic
1130 3408 1454 3480 producere
1501 3423 1837 3461 sermonem
1860 3407 1887 3461 ?
1916 3410 2043 3462 Non

392 3505 602 3574 abjuro
664 3502 960 3556 Christum
1024 3514 1245 3566 meum,
1304 3495 1497 3551 absit!
1544 3511 1662 3549 non
1714 3495 2042 3566 amplector

390 3591 801 3647 detestabilem
834 3588 1146 3661 gentilium
1195 3587 1581 3657 impietatem.
1636 3587 1838 3639 Maneo
1871 3585 1930 3638 in
1961 3586 2037 3640 iis

383 3699 515 3752 quae
547 3682 791 3736 edoctus
825 3696 976 3743 sum,
1013 3682 1070 3730 et
1095 3692 1433 3747 persevero,
1467 3675 1527 3728 in
1560 3674 1821 3745 paternis
1852 3673 2031 3728 tradi-

379 3771 665 3835 tionibus,
723 3784 871 3837 quas
920 3766 1155 3819 nullum
1210 3770 1443 3834 tempus
1492 3763 1749 3833 dejiciet,
1800 3762 2029 3817 etiamsi

379 3857 635 3913 sublime
677 3855 820 3925 quid
869 3869 1103 3907 summa
1156 3851 1487 3922 detegerint
1532 3850 1811 3921 ingenia,,
1845 3855 1911 3904 ut
1939 3850 2030 3904 di-

378 3964 507 4002 cam
539 3945 767 4015 aliquid
800 3959 933 3997 cum
965 3946 1155 3995 vestro
1187 3945 1360 4009 poeta
1388 3937 1687 4008 Euripide.

447 4037 533 4089 48.
572 4033 657 4088 Ad
687 4034 812 4087 haec
843 4030 1021 4085 verba
1049 4028 1315 4083 Julianus
1349 4026 1711 4097 stupefactus
1741 4031 1800 4080 et
1830 4026 2025 4081 incer—

376 4139 477 4177 rus
510 4122 652 4193 quid
692 4125 908 4191 ageret,
963 4118 1137 4189 plane
1169 4115 1482 4180 obmutuit,
1532 4114 1809 4184 martyris
1835 4114 2024 4168 admi-

377 4218 539 4267 ratus
570 4226 844 4281 magnam
877 4207 1272 4263 eruditionem
1305 4210 1362 4259 et
1387 4204 1809 4275 eloquentiam,
1843 4209 2019 4274 atque

2165 1816 2335 1888 φυτοῦ
2368 1813 2644 1885 βρώσεως,
2678 1815 2819 1871 οὕτω
2848 1818 2937 1871 καὶ
2959 1819 3036 1885 σε,
3073 1816 3321 1893 βασιλεῦ,
3354 1820 3549 1896 φθονῶν
3567 1825 3650 1887 τῆς
3666 1825 3743 1886 σῆς

2165 1901 2456 1971 σωτηρίας,
2486 1910 2585 1972 τῆς
2614 1908 2710 1959 τοῦ
2741 1906 2975 1979 Χριστοῦ
3002 1906 3364 1980 ἀπεγύμνωσε
3413 1907 3635 1969 πίστεως·
3677 1906 3739 1961 ὅτι

2166 1987 2222 2043 δὲ
2249 1991 2339 2044 τὸν
2372 1989 2534 2059 ἥλιον
2561 1993 2651 2047 καὶ
2682 1991 2917 2065 σελήνην
2944 1996 3034 2049 καὶ
3063 1994 3192 2057 τοὺς
3222 1995 3444 2072 ἀστέρας
3474 1998 3609 2058 θεοὺς
3634 1996 3740 2051 ἀπο-

2164 2076 2370 2147 καλεῖς,
2404 2078 2734 2154 αἷσχύνομαι
2760 2082 2823 2137 τὸ
2851 2089 2950 2151 τῆς
2982 2081 3240 2155 ἀμαθίας,
3277 2082 3485 2156 μᾶλλον
3536 2081 3587 2140 δὶ
3618 2103 3744 2139 κακο-

2163 2161 2390 2229 ϐουλίας
2423 2167 2759 2245 ἐπάγγελμα·
2787 2169 2915 2245 οὐχὶ
2944 2172 3305 2246 Ἀναξαγόρας
3325 2174 3353 2227 6
3383 2171 3745 2246 Κλαζόμένιοςδ

2164 2251 2382 2324 δηλαδὴ
2416 2257 2510 2319 σὸς
2529 2254 3091 2335 διδάσκαλος,μῢδρον
3118 2258 3218 2338 ἔφη
3251 2261 3345 2316 τὸν
3378 2259 3743 2331 ἥλιον,καίτοί›ς

2160 2341 2388 2416 ἀστὲρας
2419 2345 2771 2419 κισσηροειδῆ
2831 2348 3079 2420 σώματα,
3138 2348 3228 2403 καὶ
3286 2350 3554 2409 παντελῶς
3604 2352 3745 2421 ἄψυχα

2158 2433 2248 2485 καὶ
2276 2431 2606 2503 ἀναίσθητας
2639 2438 2756 2496 πῶς
2786 2433 2878 2489 αὗν
2930 2436 3111 2503 αὐτὸς,
3168 2437 3437 2505 βασιλέων
3486 2438 3643 2513 ἄριστε
3678 2434 3743 2487 καὶ

2161 2518 2601 2598 φιλοσοφώτατε,
2631 2524 2699 2577 τὰ
2729 2524 2830 2578 ὑπὸ
2858 2528 2968 2578 τῶν
3027 2529 3133 2579 σῶν
3191 2523 3528 2581 διδασκάλων
3574 2523 3742 2579 60mi-

2164 2629 2290 2681 μενα
2321 2611 2407 2663 καὶ
2464 2606 2895 2684 διαϐαλλόμενα,
2953 2612 3105 2675 θεοὺς
3161 2614 3615 2693 προσαφοριύεις;
3654 2608 3742 2665 οἶδα

2156 2698 2255 2772 γὰρ
2314 2699 2396 2752 ’ὁτι
2455 2706 2555 2768 τῆς
2616 2698 2980 2770 Πλατωνικῆς
3041 2703 3309 2777 ὑπάρχεις
3370 2703 3627 2777 αἱρέσεως,
3681 2698 3743 2753 καὶ

2157 2786 2387 2879 μλάτων
2440 2788 2536 2860 μὲν
2624 2791 2952 2864 Σωκράτους
3032 2788 3318 2861 διήκουσε,
3402 2792 3666 2865 Σωκράτης
3707 2785 3741 2841 δδ

2172 2874 2488 2950 Αρχέλαου,
2520 2877 2825 2952 ’Λρχέλαος
2857 2876 2915 2933 δὲ
2971 2879 3060 2934 καὶ
3112 2880 3392 2955 Περικλῆς
3449 2877 3740 2952 Ἀναξαγόρου

2157 2961 2472 3033 διήκουσαν·
2534 2970 2651 3027 πῶς
2708 2967 2799 3021 οὗν
2855 2968 2900 3021 ὧ
2958 2967 3246 3041 θαυμάσιε,
3307 2974 3472 3024 ταῦτα
3525 2984 3740 3040 προσαγο-

2158 3051 2330 3128 ρεύεις
2360 3055 2535 3123 θεοὺς,
2594 3055 2725 3128 ὑπὲρ
2781 3052 2840 3109 δὲ
2894 3056 3095 3118 πάντας
3152 3056 3414 3127 άσπάζεις
3469 3058 3555 3112 τὸν
3604 3053 3742 3123 ἥλιον,

2159 3141 2247 3196 καὶ
2279 3142 2440 3215 ’ὁρκον
2472 3142 2631 3198 αὐτὸν
2665 3144 2945 3217 βασίλειον
2976 3146 3219 3214 τίθεσαι;
3258 3150 3369 3201 ἂνω
3425 3167 3481 3201 τε
3526 3144 3605 3199 καὶ
3636 3143 3742 3197 κάτώ

2156 3231 2251 3284 κάν
2282 3236 2400 3292 ταῖς
2432 3230 2768 3303 ἐπιστολαῖς,
2800 3232 2896 3287 κάν
2923 3240 3039 3296 τοῖς
3071 3233 3290 3308 λόγοις,
3316 3236 3415 3290 κάν
3467 3239 3576 3294 ταῖς
3616 3249 3740 3306 προσ-

2153 3320 2488 3395 αγυρεύσεσι,
2518 3318 2663 3375 πολὺ
2700 3322 2763 3375 τὸ
2820 3322 2920 3378 Μὰ
2962 3323 3053 3377 τὸν
3111 3320 3318 3393 ἡλιονς
3380 3321 3549 3380 Ἀλλᾶ
3595 3320 3640 3375 τί
3684 3316 3743 3373 δεῖ

2149 3413 2316 3464 ταῦτα
2375 3416 2779 3484 μακρηγορεῖν;
2835 3411 2934 3466 οὐκ
3003 3410 3335 3485 ἐξαρνοῦμαι
3404 3414 3495 3467 τὸν
3563 3404 3741 3482 Χριστόν

2152 3518 2279 3569 μου,
2315 3499 2389 3570 μὴ
2421 3497 2633 3572 γένοιτο
2665 3500 2677 3554 l
2711 3498 2808 3553 οὐκ
2837 3498 3147 3572 ἆσπάζομαι
3176 3502 3280 3569 τὴν
3316 3500 3547 3575 μυσαρᾶν
3579 3493 3743 3562 Ἐλλή-

2144 3607 2253 3639 νων
2285 3581 2547 3640 ἆσέϐειαν·
2582 3585 2724 3641 ἀλλᾶ
2757 3591 2899 3659 μενῶ
2929 3587 2980 3643 ἐν
3010 3591 3094 3650 οἷς
3139 3585 3466 3663 ἐδιδάχθην,
3512 3586 3593 3642 καὶ
3637 3601 3736 3655 καρ-

2141 3679 2281 3747 τερῶ
2338 3674 2426 3729 ἐπὶ
2481 3680 2600 3737 ταῖς
2687 3682 2938 3751 πατριαῖς
3025 3676 3416 3751 παραδόσεσιν,
3472 3679 3528 3738 ἅς
3597 3670 3738 3730 οὐδεὶς

2139 3758 2439 3818 καταϐαλεῖ
2468 3762 2684 3837 χρόνος,
2716 3763 2812 3819 κᾶν
2847 3765 2893 3818 εἱ
2936 3761 3007 3819 δι’
3056 3762 3235 3840 ἄκρων
3289 3765 3354 3821 τὰ
3404 3766 3557 3840 σοφὸν
3608 3756 3730 3835 ἐφεύ-

2139 3871 2298 3925 ρηται
2332 3857 2564 3926 φρενῶν,
2594 3850 2666 3905 ἵν’
2698 3851 2833 3907 εἶ’πω
2879 3874 2931 3907 τι
2971 3855 3087 3907 κατ’
3136 3852 3446 3931 Εὐριπίδην
3489 3854 3573 3907 τὸν
3627 3847 3731 3920 ὑμὲ-

2132 3960 2286 4011 τερον
2314 3944 2573 4011 ποιητήν.

2208 4031 2318 4101 μη’.
2356 4031 2499 4103 Πρὸς
2551 4034 2770 4087 ταῦταὸ
2802 4032 3097 4094 Ἰουλιανὸς
3164 4030 3501 4108 εἷ’λιγγιάσας
3546 4029 3623 4084 καὶ

2131 4120 2423 4191 απορηθεὶς
2472 4122 2640 4193 [378],
2696 4120 2795 4174 οὐκ
2852 4123 2998 4194 εῖχεν
3053 4122 3082 4176 6
3137 4141 3183 4175 ει
3239 4120 3331 4176 καὶ
3388 4121 3609 4197 γένηται,
3655 4113 3726 4166 τοῦ

2131 4206 2407 4281 μάρτυρος
2447 4208 2723 4281 θαυμάσας
2778 4209 2838 4262 τὸ
2894 4207 3211 4281 πολυμαθέε
3246 4230 3308 4265 τε
3365 4209 3454 4265 καὶ
3508 4205 3720 4275 εὔστομον

375 4304 437 4357 in
470 4299 884 4372 respondendo
935 4304 992 4351 et
1040 4296 1415 4352 defendendo
1468 4295 1832 4350 facilitatem.
1867 4296 2021 4349 Dixit

2152 4296 2214 4350 ιαὶ
2249 4296 2382 4369 πρὸς
2430 4303 2530 4351 πᾶν
2593 4295 2683 4351 οῦν
2741 4294 2962 4370 ἕτοιμον
3015 4297 3104 4353 καὶ
3164 4297 3591 4373 εὐαπολόγητον.
3641 4288 3716 4346 Καίἰ

374 4408 508 4462 ergo
540 4392 593 4445 ei
623 4388 837 4444 Christi
872 4392 1133 4458 martyr:
1171 4386 1431 4451 Dimitte,
1479 4385 1821 4455 imperator,
1853 4402 2017 4439 mor-

2127 4386 2291 4462 φησὶν
2335 4389 2467 4460 πρὸς
2526 4386 2687 4441 αὐτὸν
2718 4387 2745 4441 6
2776 4391 2871 4441 τοῦ
2931 4387 3164 4460 Χριστοῦ
3226 4389 3457 4465 μάρτυς·
3507 4373 3720 4458 Ἄφεςιῶ

370 4448 533 4535 tuam
594 4484 652 4534 et
706 4448 1074 4547 antiquatam
1147 4448 1458 4547 gentilium
1533 4448 2016 4543 superstitionem

2152 4448 2502 4543 ιασιλεῦ,¹τήν
2540 4476 2728 4550 νεκρὰν
2787 4474 2876 4529 καὶ
2935 4448 3265 4548 ἐξιωδηκυῖάν
3310 4448 3435 4531 1τῶν
3486 4448 3718 4537 Ἐλλήνων

369 4572 528 4641 (nam
559 4569 659 4623 diu
700 4567 827 4639 jam
876 4564 1143 4637 putruit),
1200 4569 1258 4619 et
1300 4562 1514 4617 accede
1560 4562 1631 4615 ad
1677 4561 2012 4618 Christum:

366 4659 725 4733 longanimis
757 4658 915 4713 enim
951 4660 1039 4711 est
1088 4659 1145 4708 et
1197 4652 1557 4717 misericors,
1611 4666 1679 4705 ac
1726 4653 2017 4721 paeniten-

367 4750 505 4804 tiam
543 4755 703 4804 tuam
737 4745 1037 4816 suscipiet.
1052 4743 1161 4797 Sed
1194 4741 1322 4796 fieri
1353 4757 1473 4795 non
1506 4745 1739 4810 poterat
1769 4746 1833 4794 ut
1861 4758 2020 4797 mar-

364 4844 455 4910 tyr
486 4838 703 4893 mentis
735 4850 1023 4907 perversae
1053 4830 1302 4900 impetui
1334 4829 1674 4896 resisteret;
1708 4835 1810 4884 aut
1852 4847 2019 4886 revo-

364 4933 526 4982 caret
555 4928 817 4981 animam
850 4940 957 4979 sua
988 4925 1197 4992 sponte
1226 4918 1299 4973 ad
1331 4918 1727 4989 perditionem
1776 4926 2015 4975 euntem

366 5033 432 5071 ac
462 5015 1019 5069 festinantem.Nam
1049 5006 1579 5074 Julianus,dudum
1610 5008 2015 5078 gentilismum

364 5107 563 5161 animo
591 5106 815 5169 fovens,
846 5105 1125 5159 haustum
1169 5117 1239 5155 ex
1271 5099 1393 5153 suis
1444 5098 1505 5153 in
1533 5099 1699 5153 Ionia
1728 5115 1861 5153 cum
1893 5102 2011 5155 Ma-

359 5197 519 5251 ximo
553 5194 905 5266 phi1050pho
938 5187 1544 5261 colloquiis,quandiu
1569 5187 1809 5257 quidem
1832 5188 2014 5243 frater

359 5303 500 5340 suus
535 5283 846 5355 superfuit,
881 5287 938 5336 et
982 5286 1117 5351 post
1150 5281 1347 5350 ipsum
1398 5276 1806 5341 Constantius,
1859 5276 2011 5331 nihil

352 5391 474 5447 praa
503 5374 708 5428 timere
736 5386 942 5426 eorum
978 5384 1157 5423 ausus
1180 5374 1269 5423 est
1298 5367 1590 5438 detegere.
1629 5363 1852 5429 Quibus
1877 5382 2010 5421 vero

430 5606 454 5639 ⁸
483 5606 641 5662 Psal.
676 5622 806 5675 xcv,
833 5604 887 5659 ὅ.

2128 4566 2434 4637 θρησκείαν·
2468 4561 2577 4634 ἤδη
2620 4566 2721 4638 γάρ
2779 4564 2868 4619 καὶ
2925 4564 3033 4639 πρὸ
3090 4561 3311 4620 πολλοῦ
3374 4566 3612 4634 σέσηπεν,
3655 4550 3719 4609 καὶ

2126 4650 2395 4725 πρόσελθε
2446 4656 2525 4724 τῷ
2577 4656 2813 4725 Χριστῷ·
2872 4653 3224 4727 μακρόθυμος
3282 4655 3389 4729 γάρ
3460 4651 3589 4706 ἐστιν
3654 4639 3718 4697 καὶ

2127 4740 2513 4817 φιλάνθρωπος
2557 4742 2647 4796 καὶ
2706 4738 2924 4816 δέχεταί
2978 4763 3073 4797 σου
3129 4741 3191 4796 τὸ
3252 4738 3552 4815 μεταμελές
3603 4730 3719 4809 [ϐοά.

2126 4828 2508 4903 πλημμελές)
2542 4828 2694 4887 Ἀλλ’
2726 4830 2825 4884 οὐκ
2864 4829 2925 4897 ἦν
2986 4830 3089 4905 ἂρα
3128 4832 3364 4906 γνώμης
3414 4818 3722 4893 ἐθελοκακοῦ-

2126 4940 2224 4989 σης
2286 4921 2559 4994 ἀντισχεῖν
2620 4920 2841 4992 ὁρμαῖς,
2897 4917 3020 4973 οὗδὶ
3105 4918 3527 4982 ἅνακαλέσασθαι
3579 4908 3720 4986 cultv

2123 5007 2424 5081 αὐτομόλῳ
2464 5006 2676 5079 διανοίᾳ
2706 5008 2843 5080 πρὸς
2870 5004 3145 5062 ἀπώλειαν
3175 5006 3485 5081 ἐρχομένην
3514 5002 3595 5058 καὶ
3633 4998 3717 5052 Em-

2124 5097 2481 5154 σπεύδουσαν.
2513 5098 2574 5155 Ὁ
2603 5098 2703 5171 γὰρ
2733 5095 3033 5159 Ἰουλιανὸς
3064 5094 3232 5151 πάλαι
3263 5097 3360 5151 τὸν
3398 5083 3720 5162 Ἑλληνισμὸν

2120 5189 2255 5241 κατά
2307 5188 2493 5260 ψυχὴν
2554 5184 2789 5256 ὠδίνων,
2847 5186 2905 5240 ἐκ
2954 5189 3058 5239 τῶν
3119 5185 3169 5239 ἐν
3230 5185 3411 5239 Ἰωνία
3462 5183 3718 5258 γενομένων

2122 5276 2266 5348 αὐτῷ
2294 5277 2429 5350 πρὸς
2479 5276 2568 5329 τὸν
2631 5274 2770 5351 ἀμφὶ
2826 5274 2916 5328 τὸν
2967 5274 3215 5347 Μάξιμον
3278 5272 3573 5351 φιλόσοφον
3624 5283 3718 5351 cui:

2120 5368 2340 5433 ουσιῶν,
2375 5364 2456 5437 ἐφ’
2488 5362 2612 5418 ὅσον
2646 5362 2740 5437 μὲν
2786 5363 2876 5417 ’ὅτε
2917 5360 3151 5439 ἀδελφὸς
3203 5360 3354 5433 αὐτῷ
3403 5364 3604 5433 περιῆν,
3650 5346 3717 5403 καὶ
