3964 6144
304 314 443 372 1297

1638 321 1698 374 8.
1737 319 2046 374 ABTBMII
2083 319 2358 376 PASSIO.

3565 311 3705 367 1298

307 442 422 510 μετ’
459 438 621 493 αὐτὸν
685 437 1079 506 Κωνστάντιος,
1139 439 1168 493 ὁ
1252 436 1309 492 δὲ
1359 435 1515 493 οὐδὲν
1563 442 1929 512 παραγυμνοῦ·

2065 440 2136 495 de
2159 441 2354 496 medio
2379 441 2650 506 sublatis,
2685 441 2810 512 ipse
2834 440 2960 511 jam
2991 454 3190 493 rerum
3221 437 3465 508 potitus,
3499 453 3705 508 perso-

300 525 535 601 ὲθάρῥει,
587 524 674 581 διὰ
719 527 781 581 τὸ
839 526 891 597 ἐξ
950 525 1169 582 ἐκείνων
1234 524 1374 588 δέος·
1437 526 1554 582 ἐπεὶ
1604 524 1660 582 δὶ
1691 527 1840 582 οὗτοι
1899 526 1949 597 ἐξ

297 614 596 689 ἀνθρώπων
628 617 785 685 ἦσαν,
819 615 986 677 αὐτὸς
1046 612 1103 671 δὶ
1158 619 1268 670 τῶν
1300 617 1643 690 πραγμάτων
1689 612 1798 685 ἤδη
1853 615 1946 669 κύ-

2062 546 2200 585 nam
2233 531 2508 602 deposuit
2539 537 2596 587 et
2625 531 2789 586 omni
2819 528 3013 585 studio
3050 529 3110 582 in
3145 527 3488 582 universum
3519 527 3702 598 genti-

2059 617 2300 674 lismum
2333 622 2548 692 erupit.

302 720 418 775 ριος
469 704 558 772 ἧν,
616 703 740 757 τότε
784 700 850 772 δὴ
908 704 985 765 εἷς
1038 704 1100 758 τὸ
1161 703 1388 780 φανερὸν
1451 702 1958 778 ἆπαμφιασάμενος,
2015 705 2212 768 πάσαις
2242 705 2434 780 ἀθρόον
2496 705 2572 768 εἷς
2613 705 2704 761 τὸν
2735 703 3109 776 Ἐλληνισμὸν
3136 701 3395 778 έξερῥάγη
3415 706 3534 762 ταῖς
3563 721 3702 776 προ-

301 798 544 872 θυμίαις.

371 896 476 962 μθ’.
537 890 890 964 Ἀπεκρίνατο
969 894 1260 966 τοιγαροῦν
1314 891 1452 965 πρὸς
1525 890 1618 944 τὸν
1679 891 1944 963 μάρτυρα’

293 981 446 1041 Ἐπεὶ
472 979 599 1042 τοὺς
642 979 807 1052 ἐμοὺς
863 979 1213 1056 ἐξεφαύλισας
1275 978 1495 1054 λόγους,
1559 979 1605 1033 ὦ
1660 980 1801 1045 κακή
1859 1000 1948 1034 κε-

295 1067 808 1150 φαλή,έτόλμησας
843 1066 902 1122 δὶ
933 1067 1020 1123 καἱ
1078 1068 1220 1144 πρὸς
1277 1068 1375 1136 τὴν
1431 1071 1539 1121 τῶν
1605 1069 1942 1140 Χριστιανῶν

300 1181 366 1234 με
395 1159 573 1213 πίστιν
639 1162 982 1230 μεταγαγεῖν,
1041 1157 1209 1211 ταῦτά
1261 1176 1344 1210 σοι
1397 1155 1516 1210 ἀντὶ
1566 1159 1675 1210 τῶν
1725 1153 1941 1230 δωρεῶν

296 1248 369 1302 ῶν
403 1240 726 1320 ὑπεσχόμην
756 1244 1080 1320 χαρίζομαι.
1142 1242 1363 1300 Κελεύει
1431 1241 1522 1298 οὗν
1589 1245 1942 1317 ἀπογυμνοῦ-

295 1346 414 1399 σθαι
463 1335 554 1388 τὸν
616 1333 884 1408 μάρτυρα,
935 1332 1023 1387 καὶ
1083 1327 1341 1394 σούϐλαις
1396 1329 1649 1406 σιδηραῖς
1700 1351 1944 1406 πεπυρα-

290 1424 594 1496 κτωμέναις
647 1423 745 1484 τὰς
827 1421 1068 1495 πλευρὰς
1126 1422 1294 1476 αὐτοῦ
1351 1418 1790 1496 διαπερονᾶσοαι,
1851 1419 1940 1474 καὶ

291 1514 384 1568 τὸν
413 1516 584 1567 νῶτον
616 1511 784 1566 αὐτοῦ
815 1505 1098 1584 τριϐόλοις
1157 1511 1300 1580 ὀξέσι
1356 1513 1774 1572 κατακεντιῖωθαι
1848 1507 1940 1562 καὶ

295 1599 714 1678 διαρῥήγνυσθαι
803 1599 1099 1672 συρόμενον
1160 1598 1371 1654 ὕπτιον.
1441 1597 1660 1654 Τούτων
1691 1595 1748 1652 δὶ
1807 1597 1941 1669 μετὰ

292 1687 510 1746 πολλοῦ
537 1692 634 1743 τοῦ
664 1689 870 1762 τάχους
917 1689 1390 1763 προσενεχθέντων
1448 1692 1529 1758 τῶ
1589 1688 1844 1761 μάρτυρι,
1901 1688 1936 1754 ἡ

290 1778 425 1847 αὐτὴ
449 1777 704 1850 καρτερία
732 1779 798 1845 ἦν
833 1775 981 1848 αὐτῷ
1009 1776 1299 1850 καθώσπερ
1349 1775 1441 1830 καὶ
1500 1773 1787 1848 πρότερον,
1841 1774 1931 1828 καὶ
1967 1747 2013 1813 Β

291 1868 472 1941 ὥσπερ
504 1865 800 1940 ἀλλοτρίου
825 1865 1138 1939 πάσχοντος
1165 1864 1444 1937 σώματος,
1507 1865 1673 1927 αὐτὸς
1713 1864 1928 1931 θεατὴς,

288 1953 415 2009 ἀλλ’
445 1952 506 2008 οὐ
559 1951 789 2028 πάσχειν
843 1973 896 2008 τι
951 1957 1059 2007 τῶν
1120 1949 1308 2006 δεινῶν
1360 1955 1510 2026 [379]
1557 1952 1928 2025 κατεφαίνετο”

286 2043 375 2099 καὶ
409 2041 476 2112 δὴ
509 2041 595 2098 ἐπὶ
627 2041 872 2103 πολΛαῖς
907 2047 1026 2104 ταῖς
1059 2042 1226 2115 ὥραις
1273 2046 1375 2097 τοῦ
1431 2042 1588 2116 ἁγίου
1647 2043 1928 2116 βασανιζο-

291 2133 476 2208 μένου,
508 2134 597 2188 καὶ
642 2130 916 2206 μηδεμίαν
975 2134 1162 2210 φωνὴν
1223 2133 1259 2201 ἢ
1317 2133 1608 2206 στεναγμὸν
1657 2131 1929 2205 ἀφιέντος,

289 2222 449 2285 αὐτὸς
477 2223 556 2277 τὼ
587 2227 741 2296 χεῖρε
787 2224 1080 2296 κροτήσας,
1133 2219 1314 2296 ὥσπερ
1369 2220 1678 2292 ἡττημένος
1735 2219 1927 2288 ἀνέστη

285 2317 382 2369 τοῦ
446 2314 716 2388 βήματος,
771 2313 859 2367 καὶ
920 2311 1128 2368 κελεύει
1185 2313 1276 2368 τὸν
1333 2313 1576 2388 μάρτυρα
1627 2309 1790 2366 πᾶλιν
1842 2309 1927 2364 ἐπὶ

282 2402 384 2470 τὴν
417 2399 634 2474 εῒρκτήν
668 2399 1004 2474 ἀπαχθῆναι,
1037 2399 1128 2455 καὶ
1191 2403 1330 2472 μήτε
1383 2399 1542 2474 ἄρτον
1606 2402 1744 2472 μήτε
1783 2397 1930 2472 ὕδωρ

2125 897 2213 950 49.
2244 895 2574 966 Respondit
2603 895 2801 966 itaque
2851 893 3096 964 martyri
3132 909 3143 945 :
3200 891 3490 955 Quoniam
3522 891 3700 947 verba

2055 999 2187 1038 mea
2216 985 2648 1055 contempsisti,
2673 1002 2706 1038 ο
2739 985 3090 1039 sceleratum
3123 987 3315 1051 caput,
3351 981 3470 1034 imo
3522 998 3699 1036 ausus

2053 1087 2116 1126 es
2137 1072 2211 1126 ad
2242 1073 2713 1128 Christianorum
2749 1073 2925 1127 ﬁdem
2961 1088 3053 1126 me
3085 1070 3559 1135 traducere,haac
3591 1069 3695 1123 tibi

2052 1177 2158 1231 pro
2181 1160 2374 1229 donis,
2405 1179 2536 1232 quas
2569 1162 2979 1232 promiseram,
3011 1159 3296 1232 gratiﬁco.
3329 1158 3500 1213 Jubet
3558 1175 3692 1230 ergo

2052 1246 2339 1303 denudari
2370 1256 2712 1319 martyrem,
2738 1253 2796 1302 et
2813 1247 3039 1301 subulis
3060 1245 3268 1300 ferreis
3299 1244 3691 1299 candentibus

2052 1335 2179 1406 ejus
2201 1337 2388 1392 latera
2413 1338 2702 1409 transﬁgi,
2762 1337 2889 1408 ejus
2938 1336 3180 1390 dorsum
3237 1333 3472 1388 tribulis
3502 1334 3690 1388 acutis

2049 1425 2251 1496 pungi,
2284 1429 2343 1480 et
2371 1425 2659 1496 disrumpi
2711 1425 2990 1496 supinum
3050 1427 3401 1494 protactum.
3466 1421 3689 1487 Quibus

2051 1512 2357 1583 suppliciis
2390 1513 2829 1584 quamprimum
2861 1512 3105 1583 martyri
3130 1510 3543 1576 illatis,eadem
3565 1514 3692 1564 erat

2049 1599 2100 1654 ei
2129 1600 2480 1666 constantia,
2514 1618 2645 1671 qua)
2675 1601 2841 1672 prius
2875 1618 2889 1666 ;
2937 1605 2995 1654 et
3024 1599 3192 1670 quasi
3253 1598 3432 1652 alieni
3463 1598 3686 1652 doloris

2048 1694 2345 1759 spectator
2372 1690 2602 1754 fuisset,
2633 1691 2784 1745 nihil
2807 1705 2976 1762 grave
3007 1689 3126 1760 pati
3159 1687 3685 1742 videbatur.Multis

2041 1783 2240 1833 autem
2272 1779 2434 1833 horis
2465 1786 2666 1834 sancto
2725 1779 3008 1846 cruciato,
3042 1795 3234 1848 neque
3274 1777 3459 1832 ullam
3481 1793 3681 1831 vocem

2039 1872 2140 1922 aut
2168 1869 2454 1936 gemitum
2486 1869 3088 1935 emittente,Julianus
3119 1883 3298 1921 manu
3330 1867 3561 1938 signum
3577 1865 3680 1920 de-

2039 1954 2144 2023 dit,
2179 1960 2237 2011 et
2267 1957 2434 2026 quasi
2466 1958 2652 2012 victus
2675 1957 2931 2012 surrexit
2959 1973 2992 2011 a
3044 1955 3346 2021 tribunali,
3371 1954 3674 2026 jussitque

2038 2049 2360 2115 martyrem
2391 2045 2464 2100 ad
2493 2062 2792 2101 carcerem
2839 2045 3062 2112 reduci,
3114 2050 3171 2099 et
3218 2059 3411 2113 neque
3455 2059 3671 2114 panem

2038 2147 2233 2200 neque
2253 2148 2468 2202 aquam
2493 2134 2543 2187 ei
2575 2133 2846 2204 praaberi,
2878 2149 2986 2187 nec
3016 2147 3385 2202 quaecunque
3407 2131 3480 2184 ad
3500 2131 3678 2184 vitam

2040 2222 2489 2277 sustentandam
2519 2222 2790 2278 homines
2823 2227 3082 2277 sumunt.
3112 2223 3242 2291 Ipse
3263 2226 3460 2276 autem
3482 2221 3543 2274 in
3569 2221 3681 2274 Da-

2038 2311 2260 2381 phnem
2294 2328 2355 2365 se
2385 2310 2658 2379 contulit,
2691 2327 2822 2382 qua;
2849 2317 2940 2366 est
2968 2310 3294 2366 Antiochiaa
3310 2309 3679 2381 jucundissi-

2040 2416 2138 2454 ma
2168 2400 2358 2454 sedes.

284 2489 430 2560 αὐτῷ
456 2496 891 2564 παρασχεθῆναι,
927 2491 1003 2562 μὴ
1037 2487 1082 2544 δ’
1117 2490 1214 2544 ὅσα
1239 2490 1373 2562 πρὸς
1420 2490 1484 2544 τὸ
1515 2492 1610 2561 ζῇν
1642 2483 2149 2561 μεταλαμϐάνουσιν
2183 2487 2476 2560 ἄιθρωποιο
2512 2485 2669 2549 αὐτὸς
2702 2485 2758 2541 δὶ
2789 2486 2875 2541 ἐπὶ
2905 2489 3007 2556 τὴν
3062 2489 3276 2561 Δάφνην
3311 2485 3564 2560 ὥρμησε,
3611 2483 3675 2538 τὸ

279 2591 379 2655 τῆς
411 2585 753 2661 Ἀντιοχείας
781 2584 1076 2641 κάλλιστον
1109 2583 1453 2658 ἔνδιαίτημα.

351 2676 409 2731 ν’.
436 2674 564 2749 Περὶ
598 2674 656 2730 δὶ
708 2676 772 2729 τὸ
833 2674 1183 2747 μεσονύκτιον
1238 2675 1523 2750 εὐχομένῳ
1577 2678 1659 2746 τῶ
1693 2675 1926 2748 μάρτυρι

2106 2675 2194 2727 50.
2225 2676 2438 2730 Verum
2469 2675 2626 2730 circa
2645 2674 2903 2730 mediam
2935 2679 3172 2729 noctem
3201 2675 3394 2729 oranti
3436 2675 3679 2745 martyri

281 2762 370 2818 έπὶ
398 2770 496 2833 τῆς
525 2762 798 2840 φυλακῆς,
831 2765 1074 2840 φαίνεται
1106 2764 1257 2834 αὐτῷ
1287 2764 1316 2817 ὁ
1348 2763 1608 2836 Χριστὸς,
1660 2762 1752 2816 καὶ
1792 2763 1923 2840 φησὶ

2050 2765 2097 2817 in
2129 2764 2396 2820 custodia
2425 2765 2691 2820 Christus
2738 2770 2983 2836 apparet
3011 2769 3070 2818 et
3099 2764 3280 2818 dicit:
3330 2765 3574 2830 Artemi,
3606 2765 3683 2819 vi-

285 2852 419 2927 πρὸς
450 2852 629 2908 αὐτόν⁹
660 2851 939 2925 Ἀρτέμιε,
999 2849 1284 2924 ἀνδρίζου,
1327 2851 1419 2906 καὶ
1471 2850 1657 2924 Ἱσχυε,
1718 2851 1806 2905 καὶ
1849 2852 1926 2923 μὴ

2050 2851 2227 2907 riliter
2255 2870 2359 2925 age
2392 2859 2450 2908 et
2478 2853 2809 2909 confortare
2835 2875 2850 2920 ;
2884 2871 2958 2908 ne
2991 2854 3202 2908 timeas
3232 2869 3376 2908 neve
3397 2853 3679 2908 formides

283 2937 476 3019 φοϐοῦ,
539 2939 681 3014 μηδὲ
733 2939 910 3000 δειλία
965 2942 1059 2996 τὸν
1111 2942 1390 3016 τύραννον·
1451 2942 1560 3017 ἐγὼ
1643 2944 1744 3017 γὰρ
1814 2943 1927 3014 εἰμὶ

2050 2945 2356 3011 tyrannum
2380 2942 2512 3012 (18).
2537 2944 2652 3013 Ego
2684 2943 2842 2998 enim
2873 2960 3004 2998 sum
3035 2949 3252 3010 tecum,
3303 2944 3403 3013 qui
3437 2959 3581 2997 eruo
3624 2947 3679 2997 te

287 3031 420 3104 μετᾶ
450 3029 568 3096 σοῦ,
628 3029 1012 3104 ἐξαιρούμενός
1069 3051 1128 3085 σε
1176 3030 1282 3086 ἀπὸ
1365 3033 1562 3093 παντὸς
1623 3035 1929 3106 πειρασμοῦ

2050 3045 2110 3082 ex
2142 3031 2304 3084 omni
2337 3031 2662 3086 tentatione
2695 3033 2975 3102 omnique
2991 3037 3422 3087 tormentorum
3445 3031 3677 3098 dolore;

279 3118 368 3174 καὶ
397 3117 576 3188 πάσης
599 3123 708 3174 τῶν
728 3118 1115 3194 κολαστηρίων
1150 3117 1371 3190 ὀδύνης,
1402 3119 1492 3175 καὶ
1546 3119 1598 3175 έν
1646 3123 1716 3193 τῇ
1779 3121 1929 3194 βασι-

2050 3117 2112 3172 in
2140 3134 2320 3190 regno
2353 3120 2636 3176 caelorum
2667 3120 2961 3175 coronabo
2994 3125 3072 3187 te,
3101 3125 3160 3174 et
3190 3120 3342 3174 sicut
3370 3121 3496 3191 ipse
3551 3137 3683 3175 con-

280 3205 402 3277 λείᾳ
428 3211 535 3260 τῶν
569 3207 806 3276 οὐρανῶν
855 3209 1177 3284 στεφανώσω
1234 3229 1314 3274 σε,
1369 3209 1456 3264 καὶ
1517 3207 1696 3282 ὥσπερ
1754 3209 1916 3270 αὐτὸς

2050 3209 2197 3261 ‘essus
2226 3223 2279 3262 es
2308 3225 2392 3262 me
2421 3225 2607 3264 coram
2639 3209 2969 3276 hominibus,
3012 3209 3309 3276 conﬁtebor
3363 3215 3417 3263 et
3471 3226 3568 3278 ego
3617 3217 3670 3264 te

286 3292 656 3367 ὡμολόγησάς
716 3315 783 3366 με
839 3294 1066 3350 ἐνώπιον
1122 3301 1230 3352 τῶν
1291 3297 1589 3371 ἀνθρώπων
1648 3297 1736 3352 ἐπὶ
1796 3297 1918 3366 ·τή’ς

2050 3300 2214 3351 ‘oram
2242 3298 2408 3352 Patre
2429 3314 2569 3361 meo,
2601 3297 2703 3367 qui
2759 3301 2816 3353 in
2877 3297 3026 3353 catis
3059 3304 3134 3352 est
3181 3298 3220 3352 ⁷.
3279 3297 3519 3352 Conﬁde
3578 3299 3685 3369 igi-

286 3387 417 3456 γῆς,
487 3382 830 3456 ὁμολογήσω
896 3385 1045 3458 κάγώ
1106 3406 1164 3440 σε
1221 3385 1450 3440 ἐνώπιον
1533 3390 1631 3441 τοῦ
1706 3380 1918 3460 Ηατρός

290 3490 396 3542 μου
423 3474 521 3524 τοῦ
557 3469 608 3524 ἐν
639 3475 754 3533 τοῖς
813 3471 1082 3547 οὐρανοῖς.
1134 3475 1325 3549 Θάρσει
1366 3473 1458 3528 οῦν
1515 3475 1605 3528 καὶ
1663 3473 1918 3547 ἀγαλλία-

293 3559 408 3632 μετ’
483 3557 620 3632 ἐμοῦ
678 3559 780 3633 γὰρ
839 3556 931 3634 ἔσῃ
987 3561 1039 3616 έν
1122 3567 1204 3634 τῷ
1277 3559 1608 3638 παραδείσῳ.
1665 3566 1841 3618 Ταῦτα
1894 3561 1923 3617 ό

293 3648 496 3722 μάρτυς
527 3646 759 3710 ἀκούσας
789 3652 934 3722 παρὰ
972 3655 1070 3705 τοῦ
1122 3652 1341 3724 Κυρίου,
1391 3651 1652 3724 εὐθαρσὴς
1697 3650 1924 3725 ἐγένετο,

286 3735 375 3790 καὶ
405 3733 476 3789 δι’
505 3734 646 3805 ὅλης
677 3743 777 3805 τῆς
805 3737 998 3799 νυκτὸς
1029 3742 1094 3807 ἦν
1130 3736 1435 3812 δοξολογῶν
1467 3740 1556 3794 καὶ
1587 3739 1923 3814 εὐχαριστῶν

284 3828 368 3896 τῷ
397 3828 533 3895 Θεῷ·
570 3825 730 3892 ἀνέθη
780 3826 882 3900 γὰρ
915 3826 974 3880 ἐκ
1030 3831 1137 3880 τῶν
1169 3826 1397 3900 πληγῶν
1457 3827 1548 3882 καὶ
1602 3833 1709 3882 τῶν
1754 3849 1926 3902 τραυ-

291 3911 473 3984 μάτων
505 3911 696 3978 αὐτοῦ,
730 3912 868 3967 ὥστε
906 3916 1047 3986 μήτε
1106 3914 1360 3986 μώλωπα
1414 3916 1689 3992 φαίνεσθαι
1743 3915 1794 3970 ὲν
1853 3921 1931 3987 τῷ

291 3999 430 4074 ἁγίῳ
449 3999 614 4054 αὐτοῦ
646 4001 883 4072 σώματι·
918 4000 1142 4071 ἐποίησε
1174 4000 1232 4057 δὲ
1283 4001 1442 4059 πέντε
1495 4003 1585 4058 καὶ
1635 4001 1764 4059 δέκα
1786 4003 1924 4078 ἠμέ-

293 4107 416 4163 ρας,
449 4085 686 4160 μηδενὸς
711 4089 775 4143 τὸ
829 4088 1056 4145 σύνολον
1115 4092 1462 4165 γευσάμενος
1526 4091 1778 4171 ἐτρέφετο
1829 4094 1931 4169 γὰρ

289 4173 358 4248 τῇ
377 4179 476 4229 τοῦ
505 4176 660 4250 ἁγίου
693 4177 1004 4249 Πνεύματος
1034 4178 1243 4253 χάριτι.

363 4269 461 4321 να“.
492 4264 554 4320 Ὀ
584 4261 642 4318 δὶ
669 4265 970 4328 Ἰουλιανὸς
1021 4268 1105 4323 έπὶ
1161 4269 1258 4336 τήν
1321 4268 1536 4346 Δάφνην
1593 4269 1821 4345 ὥρμησε
1873 4272 1934 4324 τὸ

291 4351 636 4424 προάστειον,
670 4352 743 4413 ὠς
774 4355 1111 4431 προέφημεν,
1143 4356 1329 4419 θυσίας
1377 4354 1803 4430 έτοιμαζόμενος
1856 4362 1935 4430 τῷ

2038 3387 2135 3437 tur
2164 3389 2223 3438 et
2250 3402 2371 3456 prae
2402 3386 2614 3458 gaudio
2638 3385 2868 3441 exsulta
2901 3404 2913 3452 ;
2945 3402 3156 3441 mecum
3186 3385 3331 3440 enim
3361 3389 3465 3441 eris
3507 3389 3565 3440 in
3584 3403 3685 3456 pa-

2023 3473 2238 3528 radiso.
2281 3475 2420 3528 Cum
2456 3476 2581 3530 haec
2612 3492 2645 3530 a
2676 3475 2931 3530 Domino
2976 3473 3301 3529 audivisset
3347 3480 3590 3546 martyr.
3618 3476 3687 3530 fi-

2037 3559 2212 3617 ducia
2241 3563 2502 3634 repletus
2529 3570 2638 3629 est,
2686 3569 2745 3619 et
2801 3580 2908 3634 per
2952 3564 3242 3635 integram
3286 3569 3520 3618 noctem
3567 3565 3683 3618 Deo

2036 3649 2275 3706 laudem
2305 3657 2363 3705 et
2389 3653 2712 3721 gratiarum
2746 3652 3044 3706 actionem
3098 3653 3324 3706 tribuit.
3371 3651 3683 3706 Convaluit

2039 3755 2072 3794 a
2094 3739 2283 3811 plagis
2314 3744 2372 3793 et
2401 3740 2744 3794 vulneribus
2776 3740 2920 3800 suis,
2955 3740 3038 3795 ita
3067 3746 3133 3794 ut
3163 3757 3237 3794 ne
3277 3739 3519 3794 cicatrix
3549 3740 3680 3810 qui-

2036 3827 2170 3881 dem
2202 3829 2263 3882 in
2289 3834 2494 3883 sancto
2530 3830 2660 3899 ejus
2691 3845 2936 3900 corpore
2968 3834 3300 3900 appareret.
3347 3829 3684 3884 Permansit

2037 3921 2236 3970 autem
2269 3915 2608 3986 quindecim
2639 3917 2788 3983 dies,
2817 3917 3063 3972 omnino
3094 3917 3244 3971 nihil
3273 3922 3516 3988 gustans
3537 3935 3551 3983 ;
3574 3934 3680 3972 nu-

2038 4003 2328 4060 triebatur
2350 4005 2510 4060 enim
2543 4005 2794 4076 Spiritus
2821 4006 3010 4060 sancti
3035 4005 3244 4078 gratia.

2111 4269 2493 4324 5i.Julianus
2532 4284 2668 4323 vero
2721 4269 2793 4324 ad
2845 4269 3194 4325 suburbium
3249 4271 3556 4342 Daphnem
3587 4287 3683 4324 ve-

2047 4362 2235 4420 nerat,
2295 4363 2360 4412 ut
2415 4375 2594 4430 supra
2668 4358 2944 4426 diximus,
3003 4358 3296 4414 sacriﬁcia
3341 4375 3681 4430 praaparans

293 4437 636 4506 ’Δπόλλωνι,
657 4441 744 4495 καὶ
779 4444 1070 4516 χρησμοὺς
1097 4447 1224 4519 παρ’
1263 4445 1431 4500 αὐτοῦ
1464 4444 1704 4516 δέξασθαι
1761 4468 1929 4521 προσ-

2050 4445 2322 4516 Apollini,
2354 4463 2388 4501 a
2418 4464 2533 4517 quo
2565 4463 2850 4518 responsa
2881 4463 2942 4500 se
2972 4453 3352 4516 accepturum
3385 4448 3677 4518 sperabat.

293 4525 489 4583 δοκῶν·
549 4529 584 4598 ἠ
640 4526 697 4583 δὶ
754 4530 934 4606 Δάφνη
1011 4534 1332 4605 προάστειόν
1396 4533 1504 4589 ἐστι
1562 4541 1662 4604 τῆς
1719 4538 1932 4592 Ἀντιο-

295 4616 474 4692 χείας,
506 4616 724 4673 ἐπὶτῶν
756 4619 1108 4695 ὑψηλοτέρων
1169 4621 1335 4690 αὐτῆς
1384 4623 1601 4698 χωρίων
1660 4625 1930 4698 κείμενον,

297 4702 482 4760 ἄλσεσι
597 4707 878 4769 παντοίοις
989 4711 1301 4786 συνηρεφές.
1405 4712 1929 4785 Πολυπρεμνότατον

297 4796 446 4867 [380]
467 4793 569 4869 γὰρ
598 4794 687 4849 καὶ
718 4793 1203 4871 πολυκαρπότατόν
1237 4795 1348 4852 ἐστι
1395 4799 1457 4852 τὸ
1513 4800 1746 4873 χωρίον,
1809 4800 1930 4866 ἔνθα

293 4884 403 4935 τῶν
433 4902 492 4936 τε
523 4879 706 4937 ἀλλων
739 4884 1008 4938 παντοίων
1056 4881 1288 4959 δένδρων
1345 4885 1434 4938 καὶ
1495 4883 1562 4952 δὴ
1613 4890 1702 4940 καί
1759 4909 1933 4942 κυπα-

297 4969 491 5042 ρίττων
524 4969 753 5040 ἐξαίσιον
787 4971 1108 5044 πεφύτευται
1165 4975 1383 5046 χρῆμα,
1433 4973 1568 5046 πρός
1613 4994 1673 5027 τε
1722 4972 1929 5035 κάλλος

295 5056 385 5110 καὶ
417 5055 620 5131 ὕψωμα
673 5059 763 5114 καὶ
823 5059 1047 5134 μέγεθος
1099 5059 1163 5116 οὐ
1224 5055 1564 5132 συμϐλητόν·
1617 5062 1829 5132 νάματά
1874 5082 1931 5116 τε

295 5153 550 5221 πανταχῆ
615 5144 811 5203 διαθέει
852 5147 1099 5220 ποτίμων
1159 5145 1386 5218 ὑδάτων,
1433 5148 1696 5222 μεγίστων
1743 5149 1929 5205 αὐτόθι

297 5239 490 5310 πηγῶν
519 5233 946 5308 ἀναδιδομένων,
979 5235 1068 5313 ἀφ’
1092 5234 1165 5290 ὦν
1194 5235 1284 5290 καὶ
1341 5239 1376 5305 ἡ
1409 5232 1574 5300 πόλις
1632 5235 1686 5292 ἐν
1717 5237 1928 5312 ὀλίγαις

371 5392 392 5427 ⁷
417 5391 618 5449 Matth.
650 5409 707 5448 ι.
739 5395 828 5449 32.

2042 4535 2223 4589 Porro
2251 4535 2494 4606 Daphne
2525 4536 2872 4591 suburbium
2907 4540 2997 4590 est
3026 4535 3373 4604 Antiochiae,
3408 4537 3469 4590 in
3521 4536 3678 4590 edito

2043 4623 2219 4695 hujus
2267 4623 2516 4678 civitatis
2572 4623 2700 4678 loco
2759 4623 2959 4689 situm,
3006 4625 3286 4693 omnique
3341 4625 3680 4693 plantarum

2039 4712 2320 4768 varietate
2350 4712 2789 4779 obumbratum,
2821 4717 3023 4782 utpote
3064 4712 3223 4782 quod
3266 4711 3574 4766 frondibus
3613 4727 3681 4766 ac

2039 4800 2328 4856 fructibus
2357 4800 2656 4856 exuberet.
2687 4803 2809 4865 Quo
2868 4800 2930 4854 in
2987 4801 3116 4854 loco
3168 4800 3459 4854 variarum
3509 4799 3683 4853 arbo-

2039 4905 2193 4950 rum,
2250 4889 2581 4958 praesertim
2670 4905 2802 4943 vero
2859 4904 3298 4959 cupressorum,
3371 4887 3686 4943 innumera

2040 4977 2305 5046 plantata
2337 4982 2426 5029 est
2458 4976 2800 5043 multitudo,
2851 4974 3322 5047 pulchritudine,
3372 4975 3686 5032 altitudine

2040 5071 2098 5120 et
2119 5063 2526 5136 magnitudine
2585 5063 3095 5136 incomparabilis.
3148 5062 3396 5119 Fluenta
3453 5083 3688 5136 quoque

2039 5153 2503 5224 poculentarum
2533 5170 2828 5224 aquarum
2860 5152 2922 5206 in
2968 5168 3206 5206 omnem
3255 5158 3482 5224 partem
3540 5155 3690 5210 dila-

2046 5241 2294 5310 buntur,
2329 5242 2792 5298 scaturientibus
2823 5239 3044 5296 ibidem
3076 5241 3351 5300 maximis
3404 5242 3687 5310 fontibus,

1888 5497 2113 5556 NOTIE.

375 5588 482 5663 (18)
501 5587 740 5690 .Alludit
762 5587 836 5647 ad
864 5587 1065 5648 locum
1094 5590 1288 5663 Iosue,
1320 5609 1435 5662 V111,
1469 5597 1519 5651 ί.
