3964 6144
3517 312 3655 367 1302

255 311 391 368 1301
1596 316 1657 370 8.
1696 316 1872 368 ARTI

1988 317 2002 369 l
2039 316 2306 370 PASSIO.

325 437 422 496 νδῖ
467 441 524 494 Ὀ
579 440 680 516 γὰρ
731 437 799 510 δὴ
855 435 1108 505 Βαϐύλας
1155 441 1313 502 οὗτος
1343 437 1558 516 λέγεται
1602 436 1868 492 έπίσκοπο

2090 442 2176 494 54.
2212 440 2458 512 Babylas
2505 441 2666 496 enim
2715 441 2817 496 ille
2864 440 3082 495 dicitur
3129 441 3439 510 episc0pus
3469 439 3653 494 fuisse

259 530 354 603 μὶν
389 531 537 602 [382]
584 530 824 602 γενέσθαι
877 535 977 598 τῆς
1035 528 1396 603 Ἀντιοχείας,
1457 530 1814 600 Νουμεριανῷ
1844 523 1872 580 δ

2008 529 2358 596 Antiochiaa,
2392 535 2449 584 et
2479 531 2836 584 Numeriano
2868 531 3224 601 imperatore
3259 529 3352 582 die
3394 528 3650 598 quadam

253 623 335 690 τῷ
368 618 584 694 βασιλεῖ
624 619 883 673 εἰσελθεῖν
942 617 1264 693 βουλομένῳ
1312 617 1363 671 ἐν
1412 620 1480 689 τῇ
1510 621 1617 670 τῶν
1646 617 1870 686 Χριστια

2004 618 2218 673 festiva
2248 619 2644 674 Christianam
2671 620 2978 674 ecclesiam
3009 618 3234 690 ingredi
3265 617 3513 686 volente,
3538 623 3651 671 ste-

256 713 363 763 νῶν
395 706 656 777 ἐκκλησίᾳ
711 708 849 760 κατά
901 705 966 776 δή
1025 727 1147 761 τινα
1207 707 1420 781 ἑορτὴν,
1478 705 1602 767 στὰς
1657 705 1762 774 πρὸ
1789 709 1872 758 τῶι

2005 707 2146 762 tisse
2203 725 2324 778 prae
2379 707 2625 774 foribus,
2656 724 2909 779 eumque
2977 706 3347 778 prohibuisse
3405 707 3648 775 intrare,

257 799 431 871 θυρῶν
491 793 817 850 διεκώλυσεν
897 793 1182 865 εἲσελθεῖν,
1241 794 1456 871 φάσκων
1541 793 1616 856 εἷς
1673 790 1868 866 δύναμι

2003 796 2208 852 dicens
2231 814 2291 852 se
2314 815 2418 869 pro
2439 797 2659 851 viribus
2681 796 3103 867 impediturum
3127 812 3199 849 ne
3223 795 3398 864 lupus
3414 811 3649 866 gregem

260 887 338 958 μὴ
365 885 716 958 περιόψεσθαι
772 881 935 938 λύκον
992 887 1072 956 τῷ
1128 884 1378 956 ποιμνίῳ
1418 881 1872 956 έπεισερχόμενον

2002 885 2325 940 invaderet.
2367 888 2695 956 Imperator
2751 884 2990 953 quidem
3047 884 3246 938 statim
3277 883 3348 937 ab
3381 883 3650 954 ingressu

254 975 346 1029 τὸν
393 971 452 1028 δὲ
501 972 803 1044 παραυτίκα
863 973 956 1045 μέν
1014 973 1453 1047 άποκρουσθῆναι
1512 977 1612 1039 τῆς
1661 969 1872 1024 εἰσόδου

2002 974 2276 1044 repulsus
2307 974 2438 1039 fuit,
2472 975 2592 1028 sive
2626 973 2782 1044 quod
2816 973 3171 1027 seditionem
3206 972 3266 1026 in
3298 971 3515 1042 populo
3546 971 3645 1025 fu-

255 1061 362 1118 εῗτε
392 1059 460 1132 δὴ
493 1061 672 1117 στάσιν
720 1061 844 1116 τινὰ
889 1061 1026 1136 πρὸς
1074 1065 1172 1115 τοῦ
1221 1059 1402 1136 ὅχλου
1435 1057 1642 1114 ἔσεσθαι
1679 1058 1872 1113 ὑπειδόι

2003 1067 2196 1116 turam
2219 1061 2637 1132 suspicaretur,
2664 1063 2782 1116 sive
2804 1061 2964 1115 aliud
2988 1061 3312 1131 quidquam
3333 1066 3532 1114 mente
3556 1077 3648 1114 re-

260 1171 436 1224 μενον,
485 1148 592 1205 εἷίτε
659 1157 748 1204 καί
832 1149 1019 1211 ἄλλως
1101 1149 1274 1204 αὐτῶν
1338 1144 1785 1222 μεταϐουλευθὲν·
1841 1146 1872 1202 ἐπ

2001 1149 2274 1204 volveret.
2327 1151 2473 1204 Cum
2523 1155 2722 1204 tamen
2773 1167 2924 1221 aegre
2971 1149 3151 1203 ferret
3190 1148 3648 1219 prohibitionem

256 1239 488 1314 χαλεπῷ
517 1239 610 1310 μὲν
647 1259 734 1293 τοι
763 1239 862 1306 τήν
908 1238 1209 1293 ἀντίστασιν
1257 1241 1354 1292 τοῦ
1402 1237 1698 1291 ἐπισκόπου
1728 1257 1872 1305 ποιηι

2004 1237 2286 1308 episcopi,
2340 1237 2414 1292 ad
2470 1238 2691 1309 regiam
2750 1253 3040 1305 reversus,
3092 1236 3274 1307 jussit
3321 1253 3478 1304 eum,
3509 1235 3647 1290 facti

253 1348 506 1400 σαμενον,
556 1325 742 1396 ἐπειδή
791 1327 866 1388 ὼς
916 1327 1102 1382 ἑαυτὸν
1161 1325 1250 1380 ἐπὶ
1302 1326 1368 1380 τὰ
1423 1324 1671 1401 βασίλεια
1714 1324 1872 1395 ἀπηλ·

2002 1327 2093 1380 sui
2125 1327 2417 1382 rationem
2449 1326 2839 1393 redditurum,
2889 1325 2963 1380 ad
3012 1325 3273 1379 tribunal
3315 1325 3471 1379 duci.
3501 1327 3648 1379 Pro—

255 1414 426 1491 λάγη,
485 1413 927 1488 παραστήσασθαί
983 1435 1040 1470 τε
1115 1414 1274 1470 αὐτὸν
1348 1414 1435 1470 ἐπὶ
1489 1418 1587 1469 τοῦ
1646 1415 1872 1488 βήματα

2002 1415 2176 1469 ducto
2210 1432 2346 1488 ergo
2371 1415 2606 1487 Babyla,
2628 1415 2818 1486 primo
2842 1414 3082 1486 quidem
3113 1414 3421 1468 audaciam
3445 1414 3644 1484 prohi-

255 1502 745 1578 ἀπολογησόμενον
797 1499 1067 1572 ἐκέλευσε,
1113 1501 1202 1556 καὶ
1256 1499 1322 1570 δὴ
1374 1503 1744 1576 παραστάντος
1799 1500 1872 1554 αὐ⁴

2001 1504 2244 1558 bitionis
2284 1504 2594 1570 accusavit,
2632 1503 2847 1559 deinde
2883 1503 3070 1574 jussit
3113 1519 3248 1557 eum
3276 1503 3644 1558 daemonibus

252 1595 372 1662 τοῦ,
401 1596 595 1664 πρῶτα
628 1591 722 1663 μὶν
751 1591 852 1658 τὴν
890 1589 1101 1663 τόλμαν
1149 1597 1250 1659 τῆς
1298 1589 1588 1651 κωλύσεως
1631 1588 1872 1644 ἐνεκάλει

2002 1593 2355 1660 sacriﬁcare,
2381 1593 2428 1647 si
2452 1593 2628 1648 vellet
2649 1591 3084 1647 criminationis
3107 1608 3340 1662 pugnam
3364 1593 3640 1662 effugere.

254 1677 440 1734 ἔπειτα
471 1679 565 1751 μὲν
596 1698 681 1734 τοι
739 1676 948 1733 κελεύει
1006 1677 1166 1732 αὐτὸν
1225 1683 1342 1739 τοῖς
1401 1674 1620 1750 δαίμοσι
1652 1676 1815 1746 θύειν,
1847 1698 1871 1731 ε

2000 1681 2112 1736 Sed
2142 1683 2453 1752 episcopus
2488 1682 2925 1736 accusationem
2959 1679 3247 1746 dissolvit,
3282 1685 3340 1734 et
3370 1680 3641 1733 exhortac

256 1766 515 1844 βούλοιτό
545 1788 606 1842 γε
633 1767 732 1835 τὴν
785 1765 874 1822 ἐπὶ
903 1771 982 1839 τῷ
1020 1766 1328 1842 ἐγκλήματι
1383 1763 1540 1836 δίκην
1572 1763 1862 1840 διαφυγεῖν

2000 1771 2223 1825 tionem
2270 1771 2513 1842 rejecit:
2564 1770 2728 1824 illam
2773 1769 3014 1840 quidem
3061 1769 3336 1834 dicendo,
3368 1775 3640 1839 oportere

251 1857 342 1911 τὸν
395 1853 454 1910 δὲ
508 1856 644 1930 πρὸς
693 1856 790 1924 τήν
835 1850 1092 1931 ἔγκλησιν
1149 1852 1599 1928 ἀπολογήσασθαι
1653 1854 1740 1909 καὶ
1787 1855 1886 1922 τήν

249 1943 557 2018 πρόκλησιν
591 1941 1030 2016 διακρούσασθαι,
1080 1944 1178 2012 τήν
1243 1943 1361 2014 μέν,
1395 1945 1639 2019 φήσαντα
1667 1944 1890 2015 ποιμένι

248 2032 421 2104 έαυτῷ
467 2033 640 2087 πάντα
687 2036 985 2108 προσήκειν
1035 2031 1165 2107 ὑπὲρ
1237 2035 1330 2085 τοῦ
1377 2029 1638 2103 ποιμνίου
1684 2041 1887 2106 προθυ-

250 2128 488 2195 μεῖσθαι,
519 2123 618 2191 τήν
653 2119 730 2190 δέ,
766 2124 843 2194 μὴ
875 2119 1179 2190 ἀνελέσθαι,
1221 2125 1318 2175 τοῦ
1370 2120 1540 2182 ὅντως
1568 2122 1722 2182 ὄντος
1753 2122 1886 2183 ἀπο-

244 2212 442 2266 στάντα
470 2214 626 2277 Θεοῦ,
657 2208 1034 2283 ψευδωνύμοις
1063 2209 1151 2263 καὶ
1180 2207 1437 2280 ὀλετῆρσι
1470 2206 1691 2279 δαίμοσι
1718 2207 1884 2272 θύειν.

241 2299 355 2363 Εἶθ’
389 2300 416 2354 ὁ
453 2299 546 2372 μὲν
580 2301 654 2360 ὼς
704 2300 848 2372 ἑώρα
898 2300 972 2370 μή
1025 2297 1370 2370 πειθόμενον,
1423 2298 1740 2370 προσέταξεν
1788 2297 1886 2350 αύ-

239 2389 328 2443 τὸν
363 2386 581 2442 ἁλύσεσι
611 2388 699 2442 καὶ
742 2383 932 2450 πέδαις
979 2384 1397 2459 ἐνδησαμένους,
1422 2386 1523 2455 τήν
1555 2386 1639 2440 ἐπὶ
1674 2387 1885 2458 θανάτῳ

239 2473 388 2551 ἄγειν
420 2483 521 2542 τῆς
553 2474 796 2551 κεφαλῆς
841 2474 1262 2550 ἀφαιρήσοντας·
1298 2476 1325 2530 ὁ
1374 2471 1449 2543 δὲ,
1498 2471 1685 2543 ἐπειδὴ
1718 2476 1884 2547 ἤγετο

235 2567 648 2639 τεθνηξόμενος,
675 2565 870 2626 ταύτας
909 2559 1195 2619 ἀναλαϐὼν
1242 2562 1342 2637 ᾖδε
1391 2568 1488 2618 τοῦ
1533 2561 1758 2634 ψαλμοῦ
1786 2565 1882 2625 τὰς

243 2655 446 2731 ῥήσεις·
505 2655 892 2728 Ἐπίστρεψον,
941 2655 1093 2728 ψυχή
1169 2673 1298 2725 μου,
1362 2651 1437 2713 εἰς
1487 2652 1587 2720 τὴν
1646 2651 1885 2706 ἀνάπαυ-

245 2741 328 2798 σίν
355 2763 474 2814 σου,
504 2743 589 2799 ὃτι
614 2742 815 2817 Κύριος
844 2735 1171 2816 εύηργέτησέ
1200 2760 1277 2796 σε.

308 2963 396 3016 vs’.
447 2956 587 3011 Φασὶ
639 2953 697 3011 δὲ
742 2957 832 3011 καὶ
882 2959 1030 3027 τρεῖς
1079 2951 1276 3016 παῖδας
1326 2952 1594 3028 ἀδελφοὺς
1629 2954 1692 3008 τὸ
1721 2951 1879 3028 γένος

237 3043 442 3118 κομιδῇ
499 3044 646 3106 νέους
707 3045 794 3100 ὑπ’
849 3043 996 3114 αύτῷ
1053 3043 1539 3118 ἀνατρεφομένους,
1576 3041 1878 3117 άρπαγῆναί

2000 1876 2084 1927 se,
2117 1865 2319 1931 utpote
2374 1866 2692 1931 pastorem,
2754 1859 2956 1914 omnia
3011 1875 3116 1930 pro
3173 1874 3344 1930 grege
3385 1857 3642 1911 libenter

1997 1948 2118 2019 pati
2143 1965 2156 2016 ;
2186 1948 2339 2002 hanc
2369 1953 2567 2003 autem
2592 1947 2987 2002 renuntiando
3011 1964 3072 2001 se
3096 1964 3216 2002 non
3240 1947 3639 2001 admissurum

1997 2041 2082 2102 ut,
2131 2037 2416 2108 abuegato
2464 2053 2599 2091 vero
2653 2038 2787 2100 Deo,
2835 2037 3196 2091 sacrificaret
3247 2035 3638 2102 daemonibus,

1994 2124 2160 2179 falsis
2182 2125 2410 2180 scilicet
2427 2125 2539 2180 diis
2561 2131 2620 2179 et
2639 2125 2990 2196 perniciosis
3021 2125 3346 2195 spiritibus.
3380 2126 3636 2194 Impera-

1996 2217 2087 2267 tor
2106 2218 2172 2267 ut
2197 2213 2338 2267 vidit
2370 2213 2539 2267 illum
2571 2229 2693 2267 non
2728 2212 3126 2279 obedientem,
3151 2213 3332 2283 jussit
3362 2229 3519 2278 eum,
3552 2229 3641 2266 ca-

1994 2302 2150 2356 tenis
2181 2307 2239 2356 et
2266 2301 2651 2373 compedibus
2693 2301 2957 2372 ligatum,
2991 2301 3202 2371 capitis
3233 2301 3638 2371 amputatione

1995 2387 2270 2443 interﬁci.
2297 2388 2404 2453 Qui
2434 2405 2570 2443 cum
2603 2388 2918 2442 duceretur
2947 2388 3293 2453 moriturus,
3323 2403 3634 2442 assumens

1993 2477 2119 2531 haec
2151 2477 2364 2547 psalmi
2397 2476 2572 2531 verba
2592 2477 2841 2531 canebat
2867 2494 2879 2530 :
2907 2479 3249 2543 Convertere,
3273 2480 3463 2531 anima
3491 2493 3631 2544 mea,

1990 2567 2050 2620 in
2078 2567 2321 2635 requiem
2365 2571 2536 2633 tuam,
2569 2567 2832 2634 quoniam
2871 2567 3132 2620 Dominus
3165 2566 3428 2634 benefacit
3461 2566 3560 2618 tibi
3589 2565 3628 2617 ⁸.

2058 2957 2145 3009 55.
2170 2955 2378 3009 Fertur
2407 2954 2584 3010 etiam
2613 2958 2732 3009 tres
2781 2969 3018 3024 pueros,
3049 2953 3262 3008 fratres
3290 2970 3626 3024 germanos,

1987 3043 2306 3099 admodum
2331 3043 2581 3114 juvenes
2615 3047 2791 3112 atque
2822 3059 2856 3097 a
2888 3047 3090 3096 sancto
3131 3042 3407 3114 episcopo
3437 3043 3631 3098 nutri-

235 3153 292 3188 τε
317 3133 407 3188 καὶ
440 3133 634 3195 αὐτοὺς
695 3133 801 3188 ὑπὸ
856 3136 953 3186 τοῦ
1005 3129 1294 3208 βασιλέως·
1339 3131 1429 3186 καὶ
1470 3133 1546 3193 ὡς
1576 3128 1692 3186 οὐδ’
1723 3128 1872 3184 αύτο¹ἰ

1988 3137 2098 3200 tos,
2133 3136 2336 3203 captos
2365 3131 2547 3186 fuisse
2576 3132 2648 3186 ab
2681 3132 3059 3202 imperatore.
3093 3132 3236 3186 Cum
3265 3148 3401 3186 vero
3436 3149 3628 3202 neque

237 3222 377 3276 θύειν
410 3219 633 3292 ἤθελον,
660 3222 750 3276 καὶ
789 3242 873 3276 τοι
913 3221 1176 3282 παντοίας
1225 3219 1460 3296 ἀνάγκης
1489 3220 1673 3281 αὐτοῖς
1703 3240 1877 3290 προσ-

235 3310 534 3383 αγομένης,
590 3309 681 3364 καὶ
757 3308 952 3370 αὐτοὺς
1028 3308 1279 3364 κελεῦσαι
1336 3309 1425 3363 τὸν
1489 3307 1717 3383 βασιλέα
1769 3312 1879 3362 τῶν

232 3396 482 3474 κεφαλῶν
514 3399 778 3474 ἂφαιρεῖν.
835 3394 942 3458 Οὕς
996 3395 1184 3466 ἐπειδὴ
1239 3399 1372 3465 ἧκον
1428 3396 1506 3458 εἰς
1551 3398 1613 3451 τὸ
1657 3396 1882 3468 προκεί-

237 3507 395 3559 μενον
449 3484 682 3560 χωρίον,
741 3485 770 3540 ὁ
828 3481 1077 3546 Βαὸύλας
1149 3486 1328 3556 ἑαυτῷ
1403 3486 1880 3559 προστησάμενος,

234 3577 381 3647 [383]
436 3573 731 3649 προτέρους
787 3577 1035 3649 προσῆγε
1098 3577 1178 3645 τῷ
1251 3574 1414 3646 ξίφει·
1472 3577 1569 3627 τοῦ
1631 3576 1708 3646 μή
1759 3594 1881 3629 τινα

230 3670 514 3734 τερὲσαντα
568 3661 725 3717 αὐτὸν
787 3660 1042 3717 ἀναδῦναι
1110 3665 1202 3715 τὸν
1283 3662 1532 3730 θάνατον,
1587 3663 1676 3716 καὶ
1737 3663 1881 3716 ἀπο-

235 3749 582 3820 τεμνομένων
612 3749 814 3817 ταύτην
860 3746 920 3801 ἄν
975 3747 1141 3801 εἰπὼν
1197 3747 1298 3815 τήν
1357 3749 1566 3820 φωνήν⁸
1603 3745 1742 3802 Ἰδοὺ
1771 3747 1882 3822 ἐγὼ

231 3837 322 3892 καὶ
352 3839 421 3892 τὰ
473 3835 664 3892 παιδία
718 3837 752 3891 ’ὰ
812 3857 907 3907 μοι
963 3833 1160 3890 ἔδωκεν
1217 3836 1244 3889 ό
1302 3836 1456 3898 Θεός.
1512 3837 1740 3892 Ἔπειτα
1791 3829 1882 3892 διαὶ

233 3924 392 3987 αὐτὸς
422 3924 704 4000 προῦτεινε
731 3924 823 3980 τὸν
881 3923 1082 3978 οἰκεῖον
1133 3923 1300 3978 αύτοῦ
1358 3925 1567 4000 ἀύχένα
1608 3929 1690 3997 τῷ
1721 3920 1882 4002 ξίφει’

233 4013 610 4087 έντειλάμετος
665 4019 782 4076 τοῖς
843 4015 908 4068 τὸ
985 4017 1145 4085 σῶμα
1216 4015 1380 4068 αύτοῦ
1437 4014 1881 4086 ἀναλεξαμένοις’

227 4101 324 4164 τὰς
358 4102 580 4166 ἁλύσεις
605 4103 692 4156 καὶ
735 4103 830 4162 τὰς
880 4099 1045 4163 πέδας
1094 4099 1240 4172 αὐτῷ
1270 4102 1556 4174 συνθάψαι,
1590 4103 1683 4158 Ἶν’
1713 4102 1749 4176 ᾖ
1784 4099 1884 4176 μοξ

226 4195 411 4253 ταῦτα,
447 4192 601 4268 φησὶ,
631 4191 870 4262 κειμένῳ
916 4190 1145 4262 κόσμος·
1192 4189 1284 4244 καὶ
1316 4187 1406 4244 οὖν
1439 4189 1528 4244 καὶ
1565 4192 1678 4262 μετ’
1710 4190 1856 4245 αύτῶ

234 4275 310 4332 ἔτι
340 4279 600 4352 τυγχάνει
630 4277 903 4350 κείμενος,
949 4277 1024 4340 ὡς
1075 4276 1224 4355 φασί,
1280 4281 1478 4332 Τοῦτον
1504 4279 1596 4332 τὸν
1631 4273 1880 4334 Βαϐύλαν

229 4367 258 4420 ὁ
298 4363 619 4434 Ἰουλιανὸς,
672 4363 858 4434 ἔπειδή
908 4367 1043 4439 πρὸς
1091 4369 1188 4420 τοῦ
1235 4362 1496 4421 Βύσεϐίου
1543 4364 1745 4435 ἤκουσε
1771 4368 1881 4421 κώ·

1989 3221 2046 3275 hi
2079 3221 2414 3276 sacrificare
2447 3221 2685 3288 vellent,
2721 3221 2860 3274 licet
2903 3220 2977 3274 ad
3009 3221 3067 3274 id
3098 3221 3494 3292 undecunque
3531 3239 3627 3276 co-

1987 3315 2285 3383 gerentur,
2320 3327 2420 3364 eos
2469 3327 2704 3381 quoque
2753 3309 3034 3364 decollari
3073 3310 3256 3380 jussit
3285 3310 3625 3381 imperator.

1991 3399 2096 3453 Ubi
2145 3398 2219 3452 ad
2268 3398 2461 3453 locum
2511 3398 2877 3469 propositum
2927 3405 3165 3452 ventum
3222 3405 3331 3465 est,
3383 3399 3630 3470 Babylas

1991 3488 2228 3543 eosdem
2260 3495 2396 3542 ante
2428 3505 2490 3543 se
2526 3493 2813 3556 statuens,
2846 3489 3071 3560 priores
3113 3489 3308 3559 gladio
3341 3489 3626 3558 exhibuit,

1992 3593 2066 3632 ne
2097 3577 2229 3647 quis
2261 3593 2466 3632 eorum
2497 3594 2566 3632 ex
2599 3578 2810 3632 timore
2857 3583 3105 3632 mortem
3136 3577 3458 3649 aufugeret.
3491 3579 3627 3643 Qui-

1991 3666 2103 3720 bus
2131 3665 2462 3731 decollatis,
2493 3666 2755 3721 recitatis
2813 3682 3049 3736 quoque
3097 3667 3188 3721 his
3236 3667 3461 3722 verbis:
3493 3670 3629 3722 Ecce

1992 3771 2091 3824 ego
2121 3761 2172 3810 et
2196 3757 2358 3824 pueri
2385 3770 2520 3822 quos
2550 3755 2699 3809 dedit
2731 3755 2873 3808 mihi
2900 3756 3040 3809 Deus
3071 3756 3108 3822 9,
3145 3760 3202 3808 et
3227 3756 3350 3825 ipse
3409 3755 3626 3810 collum

1994 3860 2167 3898 suum
2197 3843 2500 3914 protendit
2541 3843 2756 3914 gladio.
2802 3845 3066 3898 Jusserat
3096 3843 3249 3908 illos,
3283 3844 3383 3914 qui
3416 3861 3630 3914 corpus

1994 3933 2122 4004 ejus
2151 3931 2458 3986 collecturi
2487 3937 2675 3997 erant,
2704 3938 2943 3986 catenas
2971 3939 3029 3986 et
3057 3931 3373 4003 compedes
3392 3949 3526 3987 cum
3559 3949 3627 3987 eo

1994 4020 2268 4092 sepelire,
2297 4025 2359 4075 ut
2412 4021 2534 4074 sint
2579 4021 2725 4088 haac,
2775 4019 3102 4091 inquiebat,
3125 4021 3351 4091 jacenti
3385 4021 3529 4075 mihi
3555 4020 3628 4076 ad

1992 4115 2306 4174 ornatum;
2336 4113 2396 4163 et
2423 4125 2631 4179 reapse
2681 4109 2869 4164 fertur
2924 4125 3058 4164 cum
3090 4109 3162 4163 iis
3189 4109 3380 4163 adhuc
3402 4109 3624 4179 jacere.

1989 4198 2258 4254 Julianus
2280 4214 2436 4269 ergo,
2460 4213 2594 4252 cum
2615 4197 2934 4252 audivisset
2963 4197 3036 4250 ab
3066 4197 3317 4252 Eusebio
3349 4197 3627 4268 Babylam

1991 4287 2150 4340 hunc
2171 4301 2298 4340 esse
2321 4284 2746 4354 impedimento
2770 4285 2980 4338 statuis
3002 4285 3320 4354 quominus
3341 4302 3628 4356 responsa

1991 4374 2254 4439 ederent,
2290 4372 2450 4427 illico
2482 4371 2784 4428 mandavit
2829 4373 2924 4438 iis,
2974 4391 3229 4444 quorum
3267 4375 3515 4429 referret
3545 4375 3626 4430 ita

230 4452 381 4526 λυμα
434 4459 551 4516 τοῖς
607 4453 912 4529 ἀγάλμασιν
971 4455 1104 4509 εἶναι
1159 4458 1256 4508 τοῦ
1320 4455 1395 4526 μή
1453 4459 1615 4530 χρᾷν,
1677 4455 1869 4510 αὐτίκα

356 4541 388 4560 ,Ι
469 4545 487 4560 Ι-
669 4540 681 4560 ,
733 4546 756 4556 ε’
811 4544 871 4560 ,1
1030 4541 1114 4560 \In
1243 4540 1285 4560 ἣν
1333 4541 1347 4560 θ
1424 4543 1438 4560 \
1620 4542 1660 4560 IN

1993 4463 2144 4526 fieri,
2164 4467 2228 4516 ut
2247 4478 2484 4532 capsam
2510 4462 2695 4528 illam,
2721 4479 2791 4516 ex
2812 4478 3024 4533 magno
3047 4463 3242 4533 lapide
3264 4470 3623 4533 excavatam,

227 4541 572 4615 προσέταξεν,
625 4540 761 4614 αὐτῇ
807 4544 971 4616 θήκῃ,
1030 4541 1183 4596 λίθου
1239 4540 1285 4597 δ’
1328 4541 1439 4597 ἐστὶ
1501 4542 1742 4617 μεγάλου
1772 4565 1869 4597 πε-

229 4630 530 4704 ποιημένη,
564 4629 815 4703 μετάγειν
868 4628 927 4683 ἐκ
976 4637 1075 4698 τῆς
1134 4630 1348 4708 Δάφνης
1380 4634 1462 4693 οἷς
1483 4632 1535 4686 τί
1558 4636 1721 4686 τοῦτο
1750 4629 1864 4685 δια-

229 4719 376 4796 φέρει
423 4717 613 4794 πόῤῥω
656 4721 762 4772 ποῦ
808 4717 972 4772 αὐτὸν
1038 4716 1342 4791 ἀλλαχόσε,
1384 4717 1476 4773 ’ίνα
1598 4720 1688 4774 καὶ
1737 4719 1868 4794 βού-

231 4805 434 4861 λωνται
495 4805 1027 4878 μεταστησαμένους.
1077 4805 1248 4869 Εὐθὺς
1301 4804 1393 4860 οὖν
1430 4808 1458 4860 ὁ
1495 4811 1594 4872 τῆς
1651 4803 1867 4871 πόλεως

228 4891 404 4969 ὄχλος
435 4893 802 4970 προχυθέντες
854 4894 929 4954 ὡς
984 4892 1072 4948 έπὶ
1132 4892 1342 4967 μεγάλῃ
1391 4894 1557 4964 αἰτίᾳ,
1589 4895 1680 4948 καὶ
1710 4914 1868 4965 περι-

225 4980 564 5056 ϐαλλόμενοι
599 4982 781 5038 εἷλκον
825 4983 922 5050 τήν
957 4983 1152 5051 θήκην·
1212 4983 1247 5051 ἡ
1303 4979 1359 5036 δὶ
1408 4982 1484 5042 ὡς
1518 4981 1622 5056 οὐχ
1656 4983 1744 5036 ὑπ’
1774 4981 1862 5036 ἀν-

229 5072 462 5148 θρώπων
550 5068 822 5142 ἑλκομένη
909 5067 1122 5142 μᾶλλον
1189 5070 1224 5139 ἧ
1303 5071 1611 5144 κρείττονος
1695 5067 1863 5138 αὐτὴν

222 5159 480 5230 κινούσης
535 5155 840 5232 δυνάμεως,
907 5155 1099 5231 ἔφθανε
1167 5157 1470 5230 προθυμίαν
1529 5157 1860 5232 έφεπομένη’

220 5247 538 5322 αὐθήμερόν
594 5249 655 5321 γέ
707 5267 795 5302 τοι
851 5246 1017 5314 αὐτὴν
1077 5243 1324 5306 σταδίους
1381 5244 1547 5300 πλέον
1587 5247 1622 5315 ἢ
1661 5249 1860 5318 πεντή-

221 5356 386 5393 κοντα
436 5334 820 5406 κομισάμενοι,
875 5333 926 5388 έν
995 5338 1074 5406 τῷ
1129 5332 1452 5406 καλουμένῳ
1508 5336 1861 5408 κοιμητηρίῳ

225 5421 528 5481 κατέθεσαν.
560 5423 714 5478 Ἔστι
765 5418 822 5476 δὲ
868 5420 919 5476 έν
967 5421 1036 5496 τῇ
1087 5419 1245 5477 πόλει
1277 5423 1422 5486 οἶκος
1449 5423 1712 5498 σωμάτων
1745 5445 1858 5479 πα-

294 5605 318 5642 ⁶
344 5602 500 5663 Psal.
533 5617 677 5672 amr,
707 5603 763 5659 7.
792 5601 815 5639 ⁸
843 5602 956 5660 Iaa.
986 5617 1106 5674 vui,
1138 5603 1224 5662 18.

1984 4568 2020 4607 a
2049 4552 2291 4622 Daphne
2323 4550 2714 4606 transferrent
2759 4551 3043 4606 aliorsum
3092 4552 3319 4622 procul,
3352 4569 3624 4622 quocun-

1977 4657 2092 4711 que
2113 4640 2434 4696 voluissent
2450 4639 2720 4694 eamdem
2741 4641 3426 4710 transponentes.Statim
3447 4642 3625 4713 igitur

1975 4729 2226 4784 civitatis
2256 4728 2424 4798 plebs
2465 4729 2744 4794 effusa,ac
2783 4728 2831 4783 si
2881 4729 2952 4783 de
2987 4745 3047 4783 re
3087 4745 3300 4801 magna
3324 4736 3619 4800 ageretur,

1976 4822 2034 4871 et
2061 4817 2534 4871 circumcurrens
2592 4817 2866 4872 trahebat
2919 4834 3154 4888 capsam
3183 4837 3198 4885 ;
3232 4819 3356 4871 haec
3395 4823 3616 4885 autem,

1973 4909 2036 4958 ut
2069 4921 2199 4974 qum
2231 4909 2504 4958 nontam
2551 4905 2885 4960 traheretur
2931 4905 3004 4960 ab
3049 4905 3391 4960 hominibus
3435 4920 3616 4974 quam

1973 4992 2303 5061 potentiore
2334 4992 2591 5061 quadam
2621 4994 2672 5048 vi
2713 4999 3066 5059 moveretur,
3099 4992 3460 5048 trahentium
3491 4994 3616 5050 ala-

1972 5081 2241 5135 critatem
2281 5081 2343 5134 in
2391 5081 2692 5151 sequendo
2744 5081 3210 5152 praeoccupabat.
3245 5083 3610 5139 Translatam

1973 5168 2133 5223 enim
2182 5169 2388 5224 eadem
2439 5169 2532 5224 die
2590 5170 2906 5241 plusquam
2938 5171 3130 5226 stadia
3160 5173 3609 5245 quinquaginta,

1971 5262 2297 5325 posuerunt
2343 5257 2403 5311 in
2451 5257 2646 5312 locum
2692 5258 2793 5328 qui
2841 5262 3205 5315 cwmeterium
3252 5263 3605 5332 appellatur.

1969 5345 2070 5398 Est
2097 5361 2310 5416 nempe
2342 5346 2402 5400 in
2447 5347 2678 5400 civitate
2729 5345 3067 5415 aedificium,
3102 5349 3200 5403 ubi
3235 5350 3420 5405 multa
3449 5351 3606 5404 anti—

1969 5449 2222 5504 quorum
2249 5435 2524 5502 virorum,
2548 5434 2703 5490 inter
2725 5451 2875 5506 quos
2907 5441 3046 5492 sunt
3066 5438 3338 5494 nonnulli
3365 5445 3606 5511 propter
