3964 6144
366 313 504 368 1303

1884 322 2250 375 ADDENDA.

3588 323 3699 381 1304

366 440 647 511 pietatem
676 442 1023 514 martyrium
1056 445 1236 516 passi,
1261 462 1510 517 corpora
1531 447 1754 518 jacent.
1781 447 1851 499 Et
1873 449 2010 499 tunc

2139 446 2293 495 λαιῶν
2328 439 2537 518 ἀνδρῶν
2586 442 2676 496 καὶ
2728 440 2880 496 ἐνίων
2926 461 2989 517 γε
3042 439 3125 495 ἐπ’
3172 436 3407 514 εὐσεϐείᾳ
3437 465 3701 520 μαρτυρου-

370 530 611 600 quidem
643 548 880 601 capsam
908 533 1059 588 istuc
1089 540 1492 605 portaverunt.

441 708 528 761 56.
563 709 831 764 Julianus
868 717 1066 765 autem
1098 712 1345 782 parabat
1376 713 1818 768 multitudinem
1847 712 2011 767 victi-

371 811 602 849 marum
652 802 710 851 et
766 798 1169 867 donariorum,
1227 806 1463 871 postera
1510 802 1604 855 die
1652 818 1785 855 cum
1836 801 2009 854 eisin

370 884 677 954 Daphnem
707 902 1082 956 ascensurus,
1116 895 1173 943 et
1206 896 1343 944 tunc
1374 890 1613 960 quidem
1646 906 1892 961 sperans
1926 905 2009 955 se,

370 973 566 1027 sinon
624 975 915 1040 omnium,
973 984 1033 1031 at
1088 984 1245 1032 certe
1304 979 1595 1049 Apollinis
1652 978 1889 1032 oracula
1914 995 2010 1031 ex-

366 1066 697 1131 cepturum.
732 1065 796 1117 In
829 1065 987 1119 hunc
1021 1067 1179 1120 enim
1214 1073 1395 1121 totam
1430 1066 1607 1121 studii
1638 1067 1727 1120 sui
1760 1082 1922 1137 spem
1956 1069 2015 1119 et

367 1154 806 1207 contentionem
856 1154 1167 1226 dirigebat,
1201 1156 1498 1227 siquidem
1531 1157 1581 1210 ei
1616 1157 1799 1227 magis
1832 1172 2010 1226 quam

367 1238 467 1293 alii
500 1241 839 1312 hujusmodi
890 1243 1055 1298 locus
1104 1250 1413 1314 praestaret
1447 1247 1619 1315 juxta
1649 1250 1835 1299 artem
1869 1243 2011 1296 divi-

367 1328 571 1396 nandi,
605 1336 663 1383 et
692 1331 934 1401 Daphne
987 1333 1039 1385 ei
1088 1338 1431 1387 consecrata
1462 1340 1638 1399 esset,
1675 1349 1783 1386 nec
1814 1336 2015 1402 posset

370 1415 627 1471 dubitari
660 1419 803 1489 quin
838 1419 887 1473 ei
920 1420 979 1473 in
1004 1422 1243 1491 propria
1266 1422 1403 1476 sede
1426 1422 1618 1493 major
1639 1437 1816 1491 quam
1842 1427 2011 1474 caste-

370 1506 454 1559 ris
477 1506 845 1562 daamonibus
863 1515 1225 1579 competeret
1239 1509 1818 1581 potentia.Eusebius
1840 1525 2012 1579 porro

379 1600 437 1649 et
457 1597 557 1665 qui
580 1595 860 1651 dicuntur
880 1599 1215 1653 sacerdotes
1237 1606 1413 1670 atque
1436 1599 1790 1653 aedituorum
1825 1597 2012 1664 turba,

378 1691 785 1755 exspectantes
818 1688 1257 1758 imperatorem,
1308 1689 1581 1743 maximis
1630 1688 1689 1741 in
1730 1687 2014 1758 angustiis

2123 529 2320 601 μένων,
2352 528 2538 584 πολλά
2595 526 2930 604 δεδεγμένος·
2987 529 3111 583 τότε
3171 529 3262 602 μὲν
3308 528 3393 583 οῦν
3441 533 3530 600 τὴν
3560 536 3698 605 θήκην

2117 616 2335 673 ἐνταῦθα
2367 618 2731 691 εἶ’σεκόμισαν.

2190 709 2284 770 νς“.
2318 708 2378 764 Ὀ
2407 704 2464 761 δὲ
2495 705 2789 767 Ἰουλιανὸς
2841 707 3263 781 παρεσκευάζετο
3300 705 3501 771 πλῆθος
3528 710 3700 784 ἱερείων

2117 816 2175 850 τε
2206 797 2292 849 καὶ
2356 796 2737 864 ἀναθημάτων,
2798 794 2870 856 ὡς
2926 799 2995 867 τῇ
3058 795 3303 866 ὑστεραίᾳ
3344 795 3429 849 σὺν
3460 797 3621 861 αὐτοῖς
3644 800 3702 863 εἷς

2118 886 2215 951 τὴν
2253 884 2462 960 Δάφνην
2496 879 2924 955 ἀναϐησόμενος,
2980 888 3068 937 νῦν
3118 904 3177 959 γε
3226 881 3292 951 δὴ
3340 882 3537 947 πάντως
3581 886 3703 942 ἐλπί-

2124 978 2227 1041 ζων
2262 972 2311 1026 ei’
2341 975 2416 1043 μή
2450 976 2555 1025 τῶν
2589 969 2799 1039 ἄλλων,
2830 971 2973 1026 ἀλλὰ
3009 976 3104 1024 τοῦ
3148 993 3211 1045 γε
3256 971 3587 1035 Ἀπόλλωνος
3611 976 3705 1030 τεύ-

2121 1063 2294 1131 ξεσται
2345 1061 2871 1131 ἀποκριθησομένου·
2926 1060 3012 1115 ἐπὶ
3057 1064 3245 1115 τοῦτον
3294 1061 3389 1136 γὰρ
3437 1061 3567 1134 αὐτῷ
3594 1071 3707 1119 πᾶσι

2119 1157 2218 1217 τῆς
2274 1148 2577 1223 προθυμίας
2636 1151 2669 1217 ἡ
2732 1148 2890 1210 ἐλπὶς
2947 1150 3013 1217 ἧν
3070 1148 3158 1202 καὶ
3216 1150 3244 1203 ὁ
3300 1150 3467 1218 τόνος,
3497 1151 3561 1212 ὡς
3591 1151 3707 1224 αὐτῷ

2126 1235 2337 1310 μᾶλλον
2392 1234 2428 1305 ἤ
2488 1237 2655 1310 έτέρῳ
2711 1237 2772 1290 τὸ
2829 1240 3076 1291 τοιοῦτον
3134 1234 3380 1314 διαφέρον
3412 1240 3536 1292 κατά
3559 1242 3706 1307 τετὴν

2125 1328 2388 1399 μαντικὴν
2437 1326 2660 1400 τέχνην,
2712 1326 2801 1379 καὶ
2857 1325 3000 1398 αύτῳ
3047 1326 3108 1380 τὸ
3165 1328 3372 1402 χωρίον
3403 1329 3537 1401 [384]
3563 1329 3707 1382 ἀνεῖτο

2122 1418 2155 1483 ἡ
2190 1417 2392 1491 Δάφνη.
2423 1416 2709 1485 νομίζοντι
2761 1414 2906 1486 αὐτῷ
2961 1412 3010 1469 ἔν
3056 1435 3112 1468 τε
3158 1419 3236 1487 τῷ
3290 1415 3464 1487 οἰκείῳ
3490 1418 3626 1488 τόπῳ
3651 1417 3707 1470 εἱ-

2122 1504 2318 1571 κὸτως,
2415 1508 2521 1557 τῶν
2572 1501 2758 1557 ἄλλων
2815 1500 3088 1575 δαιμόνων
3142 1503 3374 1579 ῗσχύειν,
3403 1508 3458 1560 Ὁ
3487 1502 3538 1559 δὲ
3573 1505 3705 1560 Εὐσέ-

2124 1587 2244 1655 ϐιος
2271 1592 2359 1645 καὶ
2419 1593 2474 1645 οἱ
2534 1589 2823 1667 λεγόμενοι
2882 1592 3045 1667 ἱερεῖς
3103 1592 3191 1645 καὶ
3246 1598 3352 1647 τῶν
3397 1595 3636 1667 νεοκόρων
3661 1595 3708 1648 τὸ

2124 1679 2337 1749 πλῆθος
2382 1677 2819 1755 προσδεχόμενοι
2872 1681 2964 1734 τὸν
3036 1680 3281 1756 βασιλέα,
3333 1682 3381 1736 ἐν
3440 1684 3590 1757 ἀγῶνι
3635 1702 3709 1753 με-

379 1774 785 1842 versabantur,
837 1778 994 1831 circa
1041 1778 1359 1849 imaginem
1409 1777 1745 1846 vigilabant,
1778 1782 1837 1830 et
1864 1775 2016 1828 nihil

2139 1768 2282 1843 γαλῳ
2336 1765 2577 1834 ἔστασαν,
2631 1771 2721 1823 καὶ
2780 1767 3144 1844 διηγρύπνουν
3214 1771 3339 1845 περὶ
3392 1772 3451 1825 τὸ
3504 1769 3708 1845 ἄγαλμα,

378 1878 498 1917 non
529 1864 1023 1920 machinabantur
1051 1872 1116 1919 ut
1153 1867 1440 1933 Julianus,
1476 1866 1711 1936 quando
1739 1866 2015 1930 venisset,

378 1968 508 2006 eam
538 1953 828 2008 inveniret
854 1954 1234 2025 loquentem;
1286 1956 1502 2009 etenim
1554 1955 1707 2008 alius
1739 1954 2018 2023 deinceps

378 2040 648 2095 dilationi
681 2059 800 2095 non
821 2043 1272 2113 relinquebatur
1294 2049 1629 2113 praetextus.
1664 2044 1789 2097 Jain
1822 2047 2018 2096 autem

381 2146 498 2183 nox
524 2130 776 2183 multum
826 2137 1213 2201 processerat,
1250 2149 1384 2186 cum
1426 2132 1577 2199 ignis
1610 2148 1639 2185 e
1673 2130 1815 2185 czelo
1846 2131 2017 2183 vehe-

379 2222 611 2271 menter
653 2219 947 2273 demissus
994 2219 1166 2272 irruit
1223 2220 1282 2272 in
1345 2219 1651 2290 templum,
1702 2235 1816 2288 quo
1845 2216 2021 2271 simul

382 2306 545 2360 omni
577 2323 646 2361 ex
676 2312 840 2377 parte
890 2308 1282 2378 apprehenso,
1315 2308 1502 2377 ipsam
1536 2308 1854 2379 imaginem
1888 2323 2022 2359 cum

386 2394 647 2449 donariis
678 2396 919 2450 exussit.
955 2398 1217 2466 Cumque
1252 2397 1455 2450 omnia
1490 2396 1668 2449 simul
1699 2395 2026 2465 conflagra-

386 2489 538 2551 rent,
574 2488 631 2538 et
660 2483 810 2553 ignis
842 2485 1007 2539 valde
1066 2485 1467 2551 extolleretur,
1501 2485 1773 2555 protinus
1803 2484 2027 2537 clamor

388 2572 596 2643 ingens
619 2574 775 2627 circa
797 2573 983 2627 aedem
1017 2574 1361 2638 intonuit,et
1382 2573 1529 2626 nulli
1562 2572 1773 2626 similis
1807 2571 2029 2625 exstitit

390 2661 875 2716 tumultus.Multi
907 2662 1146 2732 quidem
1171 2663 1232 2715 in
1256 2662 1541 2715 auxilium
1574 2661 2025 2725 concurrebant,

390 2751 493 2806 sed
514 2767 687 2805 nemo
712 2756 838 2805 erat
862 2752 961 2821 qui
988 2759 1187 2822 posset
1208 2752 1326 2823 igni
1351 2752 1649 2805 resistere.
1674 2754 1743 2805 Et
1764 2752 1904 2805 dum
1928 2751 2025 2805 alii

387 2840 662 2910 praefecto
717 2840 973 2894 Orientis
1030 2841 1159 2909 (19),
1215 2840 1469 2904 Juliano,
1528 2856 1654 2894 rem
1712 2840 2027 2893 indicaturi

386 2933 717 2991 currerent,
753 2928 944 2982 stabat
974 2928 1206 2999 reliqua
1238 2929 1409 2983 turba
1438 2928 1862 2999 obstupefacta,
1897 2945 2031 2998 spe-

387 3023 553 3073 ctans
583 3018 965 3087 insperatam,
990 3034 1120 3087 quae
1145 3018 1438 3072 invaserat
1461 3035 1582 3084 eos,
1608 3018 2027 3071 calamitatem.

386 3105 543 3177 Ignis
587 3110 784 3159 autem
828 3104 981 3158 nihil
1028 3105 1188 3159 aliud
1235 3106 1533 3177 tangebat,
1586 3105 1726 3159 licet
1773 3109 1936 3159 tanta
1975 3110 2033 3159 et

389 3199 509 3249 tam
542 3194 782 3265 copiosa
809 3194 1058 3248 materia
1079 3193 1202 3247 illic
1228 3193 1479 3261 adesset,
1514 3194 1627 3248 nisi
1658 3194 1947 3264 templum
1970 3194 2030 3246 in

394 3283 551 3353 quod
582 3283 894 3348 ceciderat,
929 3287 984 3336 et
1015 3298 1145 3351 quas
1178 3281 1413 3336 inerant
1443 3281 1669 3347 eidem;
1703 3282 1785 3335 ita
1814 3286 1896 3346 ut,
1929 3280 2035 3335 de—

394 3369 516 3423 leta
546 3369 802 3439 imagine
836 3386 969 3423 cum
1001 3369 1292 3423 universis
1324 3369 1606 3435 donariis,
1640 3370 2036 3423 remanserint

398 3471 586 3527 pauca
633 3455 1020 3510 aediﬁciorum
1068 3455 1333 3526 vestigia,
1384 3455 1605 3510 indicia
1657 3455 2032 3519 calamitatis,

401 3561 532 3614 quas
562 3543 753 3599 adhuc
780 3543 1175 3598 ostenduntur
1197 3548 1481 3613 tanquam
1512 3544 1908 3599 certissimum
1941 3560 2036 3598 ar-

401 3640 749 3707 gumentum
779 3635 931 3707 ignis
963 3634 1242 3689 divinitus
1274 3634 1547 3690 immissi.

470 3904 557 3955 57.
585 3900 852 3956 Julianus
900 3906 1118 3971 autem,
1165 3919 1298 3956 cum
1347 3902 1668 3957 audivisset
1713 3919 1843 3972 qua;
1884 3903 2036 3957 acci-

397 3990 627 4058 derant,
644 3992 732 4045 ira
752 3991 1094 4062 repletur,et
1118 4006 1285 4062 grave
1307 3992 1624 4046 arbitratus
1647 3993 1693 4045 si
1717 3992 2032 4047 Christiani

398 4096 468 4135 ex
499 4081 608 4135 hoc
642 4097 779 4135 casu
812 4096 946 4133 eum
980 4085 1181 4134 essent
1223 4079 1603 4146 ludificaturi,
1638 4081 1833 4134 statim
1858 4080 2037 4151 jussit

397 4169 534 4223 illos
566 4186 594 4223 e
628 4172 831 4241 Magna
860 4170 1109 4223 ecclesia
1140 4170 1373 4239 expelli,
1403 4170 1564 4222 omni
1598 4170 1780 4234 aditu,
1816 4169 2037 4223 foribus

398 4257 771 4312 strictissime
820 4258 1058 4322 clausis,
1111 4258 1431 4329 prohiberi,
1467 4265 1523 4312 et
1553 4260 1752 4313 omnia
1781 4258 2040 4329 pretiosa

402 4346 717 4419 publicari.
752 4346 923 4399 Dedit
953 4364 1187 4417 quoque
1218 4347 1538 4419 gentilibus
1577 4348 1918 4402 facultatem
1945 4348 2037 4401 in-

400 4434 707 4507 grediendi
759 4434 1230 4489 Christianorum
1276 4435 1576 4501 ecclesias,
1628 4442 1684 4489 et
1726 4436 1786 4488 in
1827 4436 2037 4489 iisdem

2124 1862 2297 1914 πάντα
2342 1859 2875 1933 πραγματευόμενοι,
2932 1861 3079 1922 ’ὁπως
3138 1859 3308 1915 έπειδ’
3365 1862 3421 1915 ἂν
3473 1862 3709 1934 ἀφίκηται,

2124 1951 2286 2025 τύχοι
2346 1950 2512 2003 αὐτοῦ
2572 1950 2954 2026 φθεγξαμένου·
3016 1952 3090 2014 ὡς
3147 1950 3327 2021 ἄλλης
3382 1974 3439 2028 γε
3491 1951 3618 2023 αύτῷ
3653 1948 3714 2006 ἔτι

2128 2040 2446 2114 προφάσεως
2480 2040 2555 2099 εἷς
2597 2035 2871 2107 ἀναϐολὴν
2924 2043 2999 2111 μή
3050 2041 3505 2115 ὑπολειπομένης.
3532 2039 3712 2107 Ἐπειδὴ

2132 2125 2189 2181 δὲ
2245 2126 2435 2202 πὸῥρω
2491 2132 2597 2181 τῶν
2654 2133 2858 2182 νυκτῶν
2934 2130 3021 2197 ἦν,
3097 2130 3155 2183 ἐκ
3210 2135 3309 2185 τοῦ
3380 2129 3589 2203 ούρανοῦ
3632 2134 3713 2204 πῦρ

2132 2214 2340 2291 ἀθρόως
2386 2217 2727 2291 κατενεχθέν,
2778 2217 3037 2290 ἐνέσκηψε
3083 2222 3158 2289 τῷ
3204 2224 3308 2291 νεῷ
3355 2220 3437 2273 καὶ
3490 2220 3590 2291 ἅμα
3614 2239 3715 2272 παν-

2130 2305 2360 2378 ταχόθεν
2394 2305 2553 2362 αὐτὸν
2614 2303 2971 2379 δραξάμενον,
3028 2305 3277 2381 έμπιπρᾷ
3324 2308 3467 2379 αὐτῷ
3496 2306 3717 2380 ἀγάλματι

2132 2394 2221 2448 καὶ
2268 2393 2452 2455 αὐτοῖς
2519 2395 2881 2465 ἀναθήμασιν
2933 2395 3147 2449 πάντων
3212 2394 3273 2450 δὲ
3322 2399 3455 2468 ὁμοῦ
3500 2413 3717 2472 καταφλε-

2133 2484 2404 2557 γομένων,
2436 2482 2526 2535 καὶ
2556 2483 2652 2536 τοῦ
2682 2483 2852 2556 πυρός
2904 2481 2989 2537 έπι
3049 2480 3182 2558 μέγα
3228 2483 3607 2556 ἐξαιρουμένου,
3639 2483 3715 2553 βοὴ

2141 2572 2235 2643 μὲν
2266 2571 2457 2625 αὐτίκα
2501 2570 2713 2645 μεγάλη
2774 2571 2897 2645 περὶ
2954 2573 3043 2625 τὸν
3102 2572 3231 2626 νεὼν
3284 2574 3369 2641 ἦν,
3423 2566 3717 2646 καῖθόρυϐος

2138 2656 2315 2712 οὐδενῖ
2363 2658 2579 2724 ἐοικὼς,
2631 2659 2719 2712 καὶ
2771 2656 2835 2727 δὴ
2897 2658 3121 2714 πολλῶν
3162 2659 3430 2732 ἐπαμῦναι
3462 2662 3718 2733 προθυμου-

2142 2748 2339 2819 μένων,
2373 2745 2549 2808 οὐδεὶς
2599 2747 2663 2814 ἦν
2713 2748 2739 2800 ὁ
2787 2748 2922 2821 πρὸς
2975 2748 3036 2802 τὸ
3092 2753 3198 2820 πῦρ
3249 2751 3512 2825 ἀντισχεῖν
3539 2746 3718 2816 δυνησό-

2142 2856 2322 2908 μενος.
2357 2833 2515 2891 Ἀλλ’
2546 2837 2597 2888 οἱ
2632 2836 2726 2908 μὲν
2758 2831 2903 2899 ἔθεον
2935 2841 3013 2907 τῷ
3046 2838 3280 2911 ἄρχοντι
3309 2846 3406 2907 τῆς
3437 2838 3594 2909 Ἑῲας
3617 2838 3715 2891 Ἰου·

2139 2922 2310 2994 λιανῷ
2376 2922 2725 2995 μηνύσοντες,
2786 2925 2813 2978 ὁ
2873 2922 2929 2978 δὲ
2986 2923 3179 2987 λοιπὸς
3231 2924 3407 3000 ὄχλος
3439 2923 3633 2980 ἕστασαν
3660 2924 3719 2977 ὑπ’

2139 3011 2451 3082 ἐκπλήξεως
2485 3013 2663 3067 θεαταὶ
2718 3018 2817 3066 τοῦ
2867 3012 3169 3086 παραδόξου
3215 3022 3319 3083 τῆς
3366 3009 3718 3076 καταλαϐούσης

2140 3100 2332 3161 αὐτοὺς
2378 3106 2659 3176 συμφορᾶς
2717 3101 3013 3174 γενόμενοι.
3072 3103 3134 3157 τὸ
3188 3101 3247 3157 δὲ
3304 3108 3407 3177 πῦρ
3462 3100 3649 3161 οὐδενὸς
3672 3100 3719 3165 ἦν

2139 3193 2247 3243 τῶν
2306 3187 2492 3242 ἄλλων
2549 3188 2870 3260 ἁπτόμενον,
2926 3191 3194 3261 τοσαύτης
3253 3213 3317 3266 γε
3372 3192 3457 3245 καὶ
3487 3191 3621 3249 οὗτος
3645 3189 3723 3259 ἀμ-

2142 3277 2410 3356 φιλαφοῦς
2468 3276 2606 3347 ὕλης
2664 3278 2771 3331 ἐκεῖ
2822 3278 3135 3355 πεφυκυίας,
3191 3278 3276 3334 ὅτι
3340 3282 3414 3353 μὴ
3466 3281 3723 3352 μονώτατον

2143 3366 2374 3438 ἐμπεσὸν
2408 3364 2704 3443 κατέφλεγε
2762 3365 2853 3420 σῦν
2910 3372 3025 3428 τοῖς
3085 3367 3265 3422 ἐνοῦσι
3320 3374 3397 3439 τῷ
3447 3372 3563 3437 νεῷ,
3599 3365 3659 3425 ὠς
3679 3367 3724 3415 τὸ

2148 3455 2240 3528 μὶν
2274 3452 2493 3531 ἄγαλμα
2540 3454 2629 3508 καὶ
2682 3460 2784 3508 πᾶν
2817 3453 2847 3509 ὅ
2875 3476 2925 3509 τι
2977 3455 3028 3509 έν
3056 3456 3395 3530 ἀναθήμασιν
3426 3458 3507 3526 ἦν,
3534 3452 3724 3519 καθάπαξ

2143 3545 2519 3620 ἀφανισθῆναι·
2582 3544 2791 3619 βραχέα
2845 3541 2902 3597 δὲ
2970 3543 3258 3622 λειφθῆναι
3314 3544 3418 3600 τῶν
3475 3540 3724 3611 οἰκοδομη-

2148 3634 2330 3705 μάτων
2371 3630 2563 3707 ἐδάφη,
2623 3637 2864 3704 μνημεῖα
2917 3636 3013 3686 τοῦ
3064 3634 3299 3702 πάθους,
3358 3631 3391 3688 ἃ
3439 3631 3520 3687 καὶ
3568 3634 3640 3683 νῦν
3667 3626 3723 3681 ἔτι

2145 3718 2437 3789 δείκνυται,
2522 3719 2840 3798 σαφέστερον
2924 3720 2986 3775 τὸ
3072 3718 3276 3796 δεῖγμα
3347 3726 3441 3777 τοῦ
3507 3717 3723 3788 θεηλάτου

2141 3808 2331 3883 πυρός.

2213 3898 2305 3966 νζ“.
2337 3898 2394 3953 Ὀ
2427 3894 2483 3951 δὲ
2514 3895 2813 3957 Ἰουλιανὸς
2868 3897 2937 3950 τὰ
2992 3892 3275 3968 συμϐάντα
3329 3897 3563 3963 ἀκούσας,
3594 3893 3722 3965 ὀργῆς

2142 4010 2201 4043 τε
2230 3988 2561 4061 πιμπλᾶται,
2614 3988 2704 4042 καὶ
2762 3984 2934 4041 δεινὸν
2988 3989 3360 4061 ποιησάμενος
3394 3988 3438 4042 εἰ
3467 3977 3723 4061 Χριστιανοῖ

2144 4082 2258 4148 τοῖς
2319 4071 2720 4148 συμϐεϐηκόσιν
2782 4075 3129 4129 ἰπιτωθάσειν
3210 4075 3489 4147 μέλλοιεν,
3578 4068 3724 4125 αὐτίκα

2130 4146 2469 4239 μπροστάῦτει
2541 4171 2643 4233 τῆς
2720 4163 2971 4238 Μεγάλης
3045 4146 3239 4225 αὐτοὺς
3313 4164 3518 4234 ἐξωθεῖν
3567 4156 3721 4223 ἐκκλη-

2148 4254 2285 4320 σέας,
2316 4252 2405 4307 καὶ
2434 4251 2635 4320 ταύτην
2700 4252 2793 4324 μὶν
2851 4247 3045 4306 ἄϐατον
3100 4251 3287 4315 αὐτοῖς
3344 4248 3603 4308 παντελῶς
3624 4248 3722 4299 ἀπο-

2149 4348 2376 4421 φαίνειν,
2428 4342 2501 4405 ὡς
2548 4340 2630 4395 ὅτι
2693 4340 3064 4417 ἀσφαλέστατα
3110 4340 3278 4409 αὐτὴν
3330 4342 3473 4415 [385]
3519 4332 3719 4421 ἀποκλει-

2152 4420 2434 4504 σαμένους,
2481 4431 2549 4485 τὰ
2597 4427 2654 4483 δὲ
2698 4428 2961 4502 κειμήλια
3009 4429 3179 4484 πάντα
3224 4428 3540 4502 δημοσιοῦν·
3570 4420 3719 4478 δέδωκε

400 4505 504 4593 pro
535 4522 705 4576 libitu
734 4522 965 4593 agendi.
1005 4523 1225 4587 Quibus
1272 4540 1305 4578 a
1359 4529 1609 4594 tyranno
1643 4529 1700 4576 et
1730 4523 1910 4592 impio
1940 4524 2027 4577 Ju-

2148 4518 2204 4575 δὲ
2234 4519 2322 4574 καὶ
2364 4525 2481 4581 τοῖς
2538 4516 2803 4588 Ἓλλησιν
2861 4515 3062 4585 ἄδειαν,
3123 4518 3263 4573 ὥστε
3319 4505 3719 4591 εἶσέρχεσθαιαῦ-

397 4612 558 4667 liano
590 4611 948 4679 constitutis,
985 4612 1125 4682 quid
1167 4612 1558 4666 maximorum
1592 4610 1885 4664 malorum
1935 4628 2041 4681 pa-

401 4706 618 4756 tratum
676 4717 796 4755 non
855 4699 1012 4754 fuit?
1088 4700 1235 4764 Quid
1305 4699 1865 4753 absurdissimorum
1921 4716 2041 4754 non

403 4790 739 4845 effuderunt.
786 4789 1059 4861 gentiles,
1114 4790 1399 4842 elTrenata
1446 4787 1646 4858 lingua
1687 4788 1943 4843 nefanda
1982 4789 2041 4842 in

402 4880 871 4934 Christianorum
928 4877 1105 4932 ﬁdem
1165 4877 1553 4947 proferentes,
1600 4884 1658 4931 et
1702 4895 1809 4949 per
1836 4895 2043 4933 omnes

402 4969 665 5023 civitates
678 4968 1064 5038 blasphemiis
1078 4967 1439 5022 insectantes
1454 4969 1769 5023 Dominum
1788 4973 1845 5023 et
1860 4970 2043 5023 Deum

404 5061 675 5110 nostrum
731 5058 929 5110 Jesum
988 5056 1285 5110 Christum
1317 5055 1343 5108 ?
1398 5058 1539 5109 Nam
1600 5057 1858 5124 Sebaste,
1901 5058 2042 5111 olim

405 5143 645 5212 quidem
679 5144 975 5210 Samariae,
1005 5160 1163 5197 nunc
1213 5158 1351 5197 vero
1384 5142 1455 5197 ab
1484 5144 1709 5197 Herode
1740 5144 2043 5198 aediﬁcatae

402 5236 461 5285 et
514 5230 755 5285 Sebaste
811 5231 1141 5301 appellatis,
1203 5248 1338 5287 ossa
1387 5230 1564 5286 Elisei
1618 5232 1919 5302 prophetaa
1988 5238 2046 5286 et

2148 4608 2273 4669 τοὺς
2308 4608 2383 4667 εἷς
2413 4609 2506 4668 τάς
2563 4611 2670 4661 τῶν
2724 4611 3066 4680 Χριστιανῶν
3120 4606 3435 4675 ἐκκλησίας,
3483 4603 3562 4658 καὶ
3588 4599 3717 4654 ποιεῖν

2151 4698 2248 4750 ὅσα
2282 4696 2587 4769 βούλονται.
2643 4694 2862 4751 Τούτων
2919 4693 3008 4749 οῦν
3064 4696 3208 4769 παρά
3252 4699 3351 4749 τοῦ
3403 4693 3633 4767 τυράννου
3655 4680 3717 4737 καὶ

2149 4781 2371 4846 ἀσεϐοῦς
2415 4784 2717 4841 Ἰουλιανοῦ
2774 4781 3188 4853 κελευσθέντων,
3240 4783 3294 4838 τί
3349 4788 3453 4838 τῶν
3510 4776 3718 4853 μεγίστων

2148 4879 2328 4929 κακῶν
2378 4873 2477 4928 οὐκ
2533 4873 2824 4942 ἐτελέσθης
2881 4873 2933 4927 τί
2994 4870 3049 4926 δὲ
3103 4877 3207 4927 τῶν
3267 4870 3629 4945 ἀπηχεστᾶτων
3655 4860 3722 4913 οὐκ

2151 4964 2378 5038 ἐλέχθη,
2436 4969 2543 5017 τῶν
2601 4962 2781 5040 ἆφέτῳ
2835 4961 3056 5036 γλώσσῃ
3108 4961 3422 5017 λαλούντων
3457 4958 3519 5013 τὰ
3567 4951 3723 5040 ἄρῥητα

2150 5053 2284 5107 κατὰ
2310 5059 2408 5120 τῆς
2440 5056 2545 5105 τῶν
2598 5055 2932 5123 Χριστιανῶν
2990 5050 3241 5113 πίστεως,
3274 5050 3364 5103 καὶ
3399 5037 3723 5121 βλασφημούφ

2150 5146 2258 5195 τῶν
2291 5141 2365 5202 εἷς
2390 5142 2481 5194 τὸν
2532 5140 2725 5215 Κύριον
2778 5140 2869 5193 καὶ
2926 5138 3055 5194 Θεὸν
3115 5141 3273 5210 ἡμῶν
3310 5138 3512 5205 Ἰησοῦν
3540 5123 3722 5215 Χρ-ιστὸξ

2151 5229 2205 5284 ἐν
2234 5227 2427 5290 πάσαις
2468 5234 2586 5290 ταῖς
2611 5212 2856 5283 Ἴπόλεσιν
2908 5233 3059 5301 (20);
3119 5228 3202 5283 Ἐν
3268 5227 3363 5298 μὲν
3408 5224 3503 5298 γὰρ
3533 5212 3721 5280 Σεϐαστῇ

1981 5376 2024 5428 Ν
2031 5375 2202 5430 ΟΤᾸΕ.

475 5488 582 5558 (i9)
614 5490 680 5543 In
711 5492 873 5561 textu
905 5488 1135 5543 Graaco:
1169 5490 1262 5557 Τῷ
1313 5488 1538 5561 ἄρχοντι
1568 5488 1665 5554 τῆς
1700 5486 1870 5558 Ἐῲας
1903 5488 2037 5541 Ἰου-

404 5556 593 5628 λιανῷ.
628 5559 881 5615 Dubium
911 5575 1030 5613 non
1058 5565 1151 5631 est
1176 5561 1322 5631 quin
1348 5556 1424 5614 de
1456 5556 1808 5631 imperatore
1841 5575 2034 5615 sermo

408 5630 517 5698 sit;
550 5648 656 5686 cur
683 5648 819 5687 vero
847 5630 943 5685 hic
972 5630 1305 5685 istiusmodi
1337 5630 1733 5701 appellatione
1764 5631 2035 5702 designe-

2145 5493 2260 5555 tur,
2292 5504 2426 5542 cum
2460 5488 2536 5543 sit
2556 5504 2650 5543 res
2682 5488 2930 5543 minoris
2962 5486 3270 5553 momenti,
3297 5500 3417 5540 non
3448 5468 3715 5538 existimavi

2144 5560 2633 5629 conquirendum.
2675 5563 2831 5617 Eon.

2217 5634 2325 5702 (20)
2355 5632 2700 5704 Philostsrg.
2733 5629 2839 5687 lib.
2870 5644 2969 5686 vn.
