3964 6144
285 288 426 346 1305

1627 295 1686 348 Β.
1727 294 2032 349 AETka
2070 296 2337 353 ΡΔΞΙΟ.

3537 298 3678 357 1306

285 421 349 490 τῇ
391 414 564 472 πάλαι
600 417 696 488 μὶν
744 414 1044 490 Σαμαρεὶᾳ,
1103 419 1191 470 νῦν
1252 415 1310 471 δὲ
1355 416 1503 491 παρά
1528 413 1778 490 Ἡρώδου
1818 437 1927 471 κτι-

2043 422 2102 473 et
2115 420 2354 476 Joannis
2382 423 2655 495 Baptista
2674 441 2704 479 e
2719 424 2930 480 loculis
2951 430 3139 498 rapta,
3159 426 3671 482 etimmundorum

287 505 466 579 σθείσῃ
490 515 580 560 καὶ
639 499 881 578 Σεϐαστῃ
938 502 1315 579 έπικληθείσῃ,
1373 505 1439 560 τὰ
1487 506 1617 559 όστᾶ
1647 509 1742 559 τοῦ
1800 525 1929 578 προ-

291 596 464 672 φήτου
512 590 825 649 Ἐλισσαίου
902 592 990 646 καὶ
1059 596 1157 647 τοῦ
1215 597 1514 648 Bantia-:05
1567 594 1818 650 Ἰωάννου
1869 592 1928 647 ἐκ

286 686 392 737 τῶν
468 683 648 752 θηκῶν
706 679 1050 756 ἔξαγαγόντες
1081 727 1096 752 ,
1153 680 1244 735 καὶ
1320 680 1533 757 ἀλόγων
1618 681 1930 754 ἀκαθάρτων

289 772 500 831 ὀστέοις
558 769 952 844 προσμίξαντες
1027 771 1355 824 κατέκαυσαν
1393 814 1406 837 ,
1478 769 1567 824 καὶ
1624 771 1722 836 τὴν
1779 770 1925 824 κόνιν

287 858 365 920 εἲς
395 860 485 913 τὸν
519 857 647 932 αέρα
672 856 997 930 ἐλίκμησαν·
1029 858 1119 911 τὸν
1154 855 1210 911 δὲ
1237 861 1333 912 τοῦ
1356 864 1612 932 Σωτῆρος
1643 855 1930 928 ἀνδριάντα

284 946 335 1000 ἐν
367 945 595 1002 Πανέαδι
616 950 684 1018 τῇ
709 945 867 1000 ποΑεί
898 946 1032 1019 πρὸς
1060 949 1160 1010 τῆς
1193 945 1645 1022 αἱμορῥοησάσης
1677 947 1926 1019 γυναικὸς

281 1032 774 1098 κατασκευασθέντα
853 1033 1302 1108 μεγαλοπρεπῶς,
1362 1033 1427 1102 ἢν
1485 1035 1514 1088 ὁ
1570 1033 1799 1108 Χριστὸς
1853 1031 1926 1086 161'-

281 1142 434 1191 σατο,
483 1123 573 1176 καὶ
631 1120 944 1194 ἱδρυνθέντα
975 1121 1027 1176 ἂν
1061 1121 1319 1194 ἐπισήμῳ
1347 1125 1446 1186 τῆς
1501 1121 1717 1182 πιίλεως
1749 1120 1924 1190 τόπῳ,

279 1210 338 1266 ’ὸν
374 1213 509 1283 μετά
538 1211 737 1286 χρόνον
786 1212 1111 1285 γνωσθέντα,
1170 1209 1229 1264 ἐκ
1282 1217 1380 1279 τῆς
1437 1209 1622 1263 αὐτόθι
1653 1207 1926 1284 φυομένης

282 1297 516 1374 βοτάνης
573 1302 669 1352 τοῦ
731 1296 1007 1371 θαύματος
1064 1298 1116 1352 οἱ
1173 1298 1482 1370 Χριστιανοὶ
1539 1297 1822 1371 ἀράμενοι,
1869 1295 1921 1350 ἐν

276 1391 356 1458 τῷ
409 1394 511 1455 τῆς
570 1385 862 1456 ἐκκλήσίας
944 1384 1239 1440 διακονικῶ
1296 1385 1523 1455 ἔστησαν
1557 1429 1570 1453 ,
1619 1389 1810 1439 τοῦτον
1871 1385 1924 1438 οἱ

277 1473 550 1544 Ἕλληνες
601 1476 1062 1541 κατασπάσαντες,
1116 1473 1218 1527 κάκ
1266 1477 1372 1527 τῶν
1429 1469 1612 1526 ποδῶν
1672 1472 1926 1545 σχοίνους

279 1563 602 1636 ἐξάψαντες,
659 1561 849 1635 ἔσυραν
910 1563 998 1618 ἐπὶ
1055 1570 1155 1631 τῆς
1213 1563 1411 1636 ἀγορᾶς
1446 1581 1460 1594 ·
1513 1558 1616 1622 ἓως
1673 1561 1733 1616 οὗ
1790 1561 1925 1616 κατὰ

284 1653 475 1725 μικρὸν
507 1651 973 1724 ἀποθραυόμενος,
1002 1651 1298 1727 ἠφανίσθη,
1337 1650 1507 1722 μόνης
1535 1656 1634 1718 τῆς
1679 1649 1921 1726 κεφαλῆς

2034 506 2344 564 brutorum
2367 513 2598 567 ossibus
2619 515 2904 584 permista
2941 515 3415 581 combusserunt,
3439 531 3674 570 eorum-

2039 611 2152 665 que
2178 598 2408 654 cineres
2429 601 2489 654 in
2514 617 2712 656 aerem
2736 603 3138 658 ventillarunt.
3180 603 3495 658 Salvatoris
3525 620 3674 674 quo-

2039 699 2152 752 que
2190 691 2444 741 statuam
2494 689 2555 743 in
2607 691 2838 745 civitate
2883 691 3153 746 Paneade
3180 708 3213 746 a
3243 692 3514 760 muliere,
3543 709 3673 763 quae

2039 773 2342 843 sanguinis
2373 777 2657 846 proﬂuvio
2688 779 3018 843 laborabat,
3051 785 3110 834 et
3145 796 3178 834 a
3207 781 3436 835 Christo
3469 787 3676 836 sanata

2037 858 2248 927 fuerat,
2283 865 2594 934 magnifice
2653 872 2930 930 erectam,
2966 873 3025 921 et
3053 868 3116 921 in
3161 867 3378 938 insigni
3426 868 3674 924 civitatis

2036 945 2164 1002 loco
2197 951 2468 1019 positam,
2502 969 2798 1024 quamque
2828 960 2958 1025 post
3004 960 3236 1025 tempus
3285 971 3354 1009 ex
3386 957 3672 1012 miraculo

2036 1033 2158 1090 illic
2201 1039 2588 1108 germinantis
2626 1042 2824 1096 herbas
2853 1044 3146 1114 cognitam
3176 1044 3491 1098 Christiani
3521 1045 3668 1100 tule-

2035 1130 2170 1178 rant
2201 1131 2260 1180 et
2290 1126 2350 1181 in
2382 1127 2756 1184 diaconicum
2788 1130 2904 1197 (20)
2942 1136 3302 1201 posuerant:
3337 1133 3501 1188 illam
3529 1150 3674 1205 gen-

2033 1214 2168 1269 tiles
2218 1215 2583 1287 dejecerunt,
2631 1225 2688 1273 et
2725 1219 2966 1274 funibus
3029 1220 3102 1275 ad
3170 1221 3351 1292 pedes
3417 1223 3672 1295 alligatis

2033 1310 2342 1359 traxerunt
2382 1323 2488 1377 per
2534 1307 2750 1375 forum,
2802 1309 2991 1363 donec
3047 1308 3348 1366 confracta
3390 1312 3673 1382 paulatim

2034 1391 2230 1446 deleta
2277 1400 2383 1458 est,
2438 1395 2562 1450 solo
2607 1397 2812 1451 relicto
2874 1398 3094 1468 capite,
3143 1399 3299 1469 quod
3330 1415 3364 1454 a
3394 1399 3670 1469 quodam,

2031 1479 2350 1550 gentilibus
2391 1483 2910 1550 tumultuantibus,
2944 1484 3241 1539 sublatum
3272 1485 3400 1540 fuit.
3429 1487 3671 1541 Interim

2038 1567 2286 1639 gentiles
2334 1569 2680 1641 blasphema
2728 1577 2787 1627 et
2821 1572 3217 1629 abominanda
3262 1573 3323 1628 in
3355 1575 3670 1629 Dominum

2033 1660 2298 1709 nostrum
2314 1657 2511 1712 Iesum
2535 1659 2830 1714 Christum
2856 1660 3259 1729 effundebant,
3279 1661 3479 1732 qualia
3493 1677 3668 1716 nemo
3707 1653 3712 1657 ’

279 1739 730 1817 καταλειφθείσης
783 1741 873 1794 καὶ
948 1724 1279 1814 ἁρπαγείσης
1364 1739 1468 1793 ὑπὸ
1536 1760 1684 1800 τινος
1742 1724 1793 1792 έν
1849 1743 1927 1810 τῷ

2041 1758 2301 1813 unquam
2331 1745 2504 1799 homo
2529 1746 2770 1800 audivit.

283 1824 627 1902 θορυϐεῖσθαι
651 1827 778 1891 τοὺς
807 1825 1108 1896 Ἕλληνας,
1143 1825 1459 1881 λαλούντων
1493 1826 1668 1881 αὐτῶν
1705 1826 2006 1902 βλασφημα
2033 1827 2123 1882 καὶ
2151 1827 2502 1904 ἀπηχέστατα
2547 1832 2768 1907 ῥήματα
2798 1833 2875 1896 εἷς
2921 1835 3011 1888 τὸν
3038 1833 3238 1908 Κύριον
3269 1837 3428 1907 ἡμῶν
3461 1837 3670 1906 Ἰησοῦν

281 1917 536 1992 Χριστὸν,
567 1915 600 1971 ἃ
635 1918 708 1989 μή
735 1937 818 1978 τις
851 1916 1148 1991 ἀνθρώπων
1180 1913 1386 1984 ἤκουσε
1413 1915 1653 1972 πώποτε.

349 2042 451 2110 νη’.
505 2039 676 2102 Αὐτὸς
736 2038 793 2095 δὲ
825 2041 852 2093 6
883 2035 1233 2101 ἀσεϐέστατος
1285 2039 1376 2093 καὶ
1424 2041 1640 2093 πάντων
1689 2057 1924 2113 παρανο-

286 2130 534 2202 μώτατος
610 2125 908 2189 Ἰουλιανὸς
983 2125 1291 2202 ἠγαλλιᾶτο
1361 2127 1450 2182 καὶ
1519 2122 1778 2201 ἵχαιρεν,
1836 2125 1925 2178 καὶ

280 2221 518 2292 γαυριῶν
583 2215 669 2270 ἐπὶ
725 2215 961 2282 τούτοις,
1023 2214 1268 2270 ὲγέλευσε
1323 2214 1410 2268 καὶ
1465 2213 1556 2268 τὸν
1615 2214 1926 2287 ένἹεροσο-

281 2304 481 2378 λύμοις
537 2305 658 2358 ναὸν
717 2308 826 2358 τῶν
889 2300 1168 2357 Ἰουδαίων
1237 2304 1384 2376 [386]
1438 2301 1652 2372 ἀνιστᾷν
1707 2305 1803 2373 (ἀ)·
1834 2301 1920 2354 καὶ

277 2393 403 2454 τοὺς
455 2391 812 2466 Χριστιανοὺς
863 2398 961 2460 τῆς
1023 2389 1240 2454 πόλεως
1295 2387 1563 2458 ἐκϐαλὼν,
1621 2395 1739 2451 τοῖς
1799 2391 1928 2446 Ἰου-

281 2480 309 2538 δ
354 2483 367 2537 ί
511 2479 565 2512 ῃκ
954 2485 977 2497 ο
1110 2480 1124 2492 ⁸
1313 2479 1325 2500 Ι
1484 2481 1499 2500 9
1603 2479 1616 2498 Ι

316 2503 453 2544 αοις
511 2493 678 2536 εοωκε
732 2502 1039 2547 κατοικειν,
1100 2479 1426 2541 ἀποστειλας
1505 2478 1748 2533 Αλυπιόν
1805 2499 1924 2532 τινα

282 2574 379 2625 τοῦ
414 2569 546 2642 μετά
575 2565 818 2636 σπουδῆς
863 2568 953 2622 τὸν
999 2568 1118 2620 ναὸν
1167 2564 1711 2637 ἀνοικοδομήσασθαι.
1746 2565 1920 2620 Αὐτὸν

285 2656 344 2714 δὶ
395 2656 724 2729 προκαθίσας
779 2655 865 2709 ἐπὶ
919 2659 1016 2710 τοῦ
1075 2656 1320 2730 βήματος
1378 2653 1428 2708 ἐν
1486 2652 1553 2727 τῇ
1609 2650 1920 2725 καλουμένη

289 2745 559 2818 Βασιλικῇ
594 2789 608 2813 ,
693 2743 939 2799 ἐκέλευσε
1012 2743 1388 2815 προσαχθῆναι
1462 2743 1553 2796 τὸν
1635 2742 1876 2814 μάρτυρα
1907 2759 1921 2770 ·

288 2837 688 2909 προσαχθέντος
735 2830 793 2887 δὲ
842 2837 938 2886 τοῦ
997 2831 1172 2906 ἁγίου,
1230 2825 1332 2904 ἔφη
1393 2830 1526 2902 πρὸς
1573 2829 1753 2891 αὐτὸν,
1787 2829 1922 2883 Πάν-

284 2943 392 2983 τως
448 2921 681 2990 ἤκουσσς
739 2920 827 2974 καὶ
887 2918 1083 2988 αὐτὸς,
1141 2912 1456 2971 ἀσεϐέστατε
1511 2917 1806 2989 Ἀρτέμιε,
1863 2916 1924 2969 τὸ

285 3009 557 3082 τόλμημα
612 3011 720 3063 τῶν
794 3001 998 3061 ἀσεϐῶν
1079 3005 1214 3060 κατὰ
1273 3005 1330 3059 σὶ
1387 3005 1721 3078 Χριστιανῶν
1793 3001 1923 3077 ὅπερ

285 3097 543 3166 ἰποίησαν
577 3096 628 3150 έν
663 3099 845 3170 Δάφνῃ
881 3094 932 3150 ἐν
993 3099 1073 3166 τῷ
1124 3097 1235 3162 ναῷ
1294 3097 1390 3146 τοῦ
1449 3095 1693 3164 σωτῆρος
1721 3089 1925 3147 Ἀπόλ-

287 3184 490 3252 λωνος,
537 3185 626 3237 καὶ
685 3184 756 3244 ὡς
786 3180 1082 3257 ἐνέπρησαν
1138 3181 1302 3235 αὐτοῦ
1359 3181 1449 3234 τὸν
1505 3181 1630 3234 ναὸν
1691 3178 1780 3234 σὺν
1812 3184 1926 3240 τοῖς

285 3271 638 3344 ἀναθήμασιν;
669 3270 759 3324 καὶ
805 3271 867 3324 τὸ
918 3273 1186 3342 πάντιμον
1237 3269 1327 3323 καὶ
1386 3269 1690 3340 θαυμαστὸν
1749 3265 1925 3334 ἄγαλ-

293 3380 367 3432 μα
425 3359 765 3435 έξηφανισαν·
823 3357 948 3414 ἀλλ’
1002 3357 1062 3412 οὖ
1123 3359 1457 3432 χαρήσονται
1506 3354 1925 3424 έπιτωθάζοντες

286 3447 375 3503 καὶ
435 3445 793 3521 χλευάζοντες
836 3446 901 3500 τὰ
947 3445 1205 3520 ἡμέτερα·
1266 3444 1374 3520 ἐγὼ
1421 3445 1523 3518 γὰρ
1556 3442 1798 3498 ἀποτίσω
1827 3445 1924 3510 τήν

292 3536 424 3609 ὑπὲρ
480 3535 675 3589 τούτου
734 3536 928 3603 ποινὴν
1012 3530 1478 3606 ἰϐδομηκοντάκις
1537 3532 1689 3600 ἔπτὰ,
1749 3531 1928 3588 καθώς

293 3645 422 3703 φασι
451 3622 518 3678 τὰ
550 3623 781 3699 ὑμέτερα
811 3620 993 3698 λόγια.

361 3800 456 3856 νθ’.
518 3800 619 3854 Καὶ
680 3799 707 3852 6
771 3799 994 3873 μάρτυς·
1046 3799 1289 3852 Ἤκουσα
1347 3797 1420 3858 ὡς
1476 3795 1740 3866 θεήλατος
1795 3796 1929 3871 ὀργὴ

292 3887 383 3943 καὶ
414 3891 520 3961 πῦρ
553 3886 837 3960 οὐρανόθεν
898 3884 1172 3939 κατελθὼν
1223 3883 1487 3960 κατέφαγε
1543 3885 1631 3938 τὸν
1665 3884 1782 3946 θεόν
1813 3905 1930 3954 σου,

291 3977 382 4030 καὶ
413 3974 581 4028 αὐτοῦ
629 3974 720 4028 τὸν
751 3973 874 4026 ναὸν
930 3971 1213 4047 ἐνέπρησεν
1269 3975 1440 4026 πάντα
1493 3973 1579 4026 καὶ
1634 3969 1936 4049 κατηδάφι-

294 4083 400 4119 σιν·
451 4062 497 4117 εί
551 4063 648 4116 οὗν
699 4062 818 4125 θεὸς
867 4061 958 4130 ἦν,
1008 4060 1062 4114 τί
1122 4062 1198 4132 μὴ
1259 4059 1445 4114 ἑαυτὸν
1506 4060 1566 4114 έκ
1613 4064 1708 4114 τοῦ
1765 4061 1932 4134 πυρὸς

297 4151 595 4226 ἐρῥύσατος
674 4149 776 4205 Καὶ
847 4150 874 4202 6
945 4143 1280 4222 παραϐάτης·
1369 4145 1528 4222 Τᾶχα
1605 4147 1692 4202 καὶ
1777 4147 1934 4210 αὐτὸς

293 4237 473 4301 ἔοικάς
529 4259 644 4310 μοι,
703 4237 1078 4308 ἀνοσιώτατε,
1138 4241 1421 4311 κερτομεῖν
1477 4235 1563 4290 ἐπὶ
1614 4233 1796 4290 τοῖσδε
1846 4236 1934 4289 καὶ

293 4325 742 4401 κατακακγάζειν,
793 4327 866 4387 ὡς
910 4322 999 4379 ἅτε
1037 4326 1181 4400 παρά
1208 4328 1305 4378 τοῦ
1332 4328 1463 4379 Θεοῦ
1519 4345 1615 4378 σου
1663 4323 1932 4394 ἐκδίκησίν

295 4435 417 4470 τινα
472 4411 922 4489 προσδεξάμενος.
958 4413 1063 4469 Καὶ
1116 4414 1143 4468 ὁ
1206 4433 1428 4487 μάρτυς·
1485 4411 1626 4487 Ἐγὼ
1684 4412 1933 4481 πάντοτε,

300 4497 713 4571 δυσσεϐέστατε,
765 4501 849 4555 ἐπὶ
931 4505 1000 4575 τῇ
1056 4505 1162 4556 τῶν
1221 4498 1492 4574 δαιμόνων
1571 4501 1772 4554 πτώσει
1827 4504 1933 4554 τῶν

299 4591 446 4666 παρά
475 4591 569 4644 σοῦ
619 4589 948 4661 τιμωμένων
990 4589 1261 4660 κομπάζω
1308 4589 1398 4643 καὶ
1441 4587 1619 4664 χαίρω
1650 4588 1737 4642 καὶ
1771 4585 1934 4661 ἀγαλ-

2103 2043 2191 2095 58.
2225 2044 2355 2114 Ipse
2386 2050 2582 2100 autem
2633 2047 3022 2118 impiissimus
3060 2053 3234 2118 atque
3266 2048 3532 2103 omnium
3561 2049 3671 2104 ho-

2032 2129 2261 2185 minum
2282 2133 2780 2190 sceleratissimus
2791 2136 3079 2203 Julianus,
3093 2136 3306 2207 gaudio
3320 2136 3669 2202 exsultabat,

2033 2221 2092 2271 et
2119 2220 2487 2290 arrogantior
2514 2220 2704 2276 factus
2745 2237 2816 2276 ex
2847 2222 2941 2289 iis,
2976 2223 3282 2293 imperavit
3310 2223 3486 2276 etiam
3518 2228 3668 2277 tem-

2031 2303 2194 2375 plum
2224 2307 2582 2373 Judmorum,
2605 2309 2762 2379 quod
2795 2316 2920 2364 erat
2968 2309 3414 2381 Hierosolymis,
3455 2310 3668 2364 recedi-

2032 2392 2196 2447 ﬁcari
2229 2412 2243 2460 ;
2276 2395 2597 2466 ejectisque
2627 2413 2657 2451 e
2685 2397 2918 2452 civitate
2973 2397 3346 2460 Christianis,
3394 2397 3661 2452 eamdem

2029 2481 2245 2535 Iudaeis
2307 2483 2550 2536 tradidit
2608 2485 3013 2552 habitandam,
3065 2491 3122 2539 et
3185 2485 3350 2540 misit
3405 2485 3663 2556 Alipium

2031 2568 2490 2640 quemdam.qui
2524 2572 2728 2642 templi
2759 2574 3253 2627 restaurationem
3275 2575 3665 2645 urgeret.lpse

2028 2672 2217 2722 verro,
2251 2656 2462 2712 sedens
2493 2675 2597 2729 pro
2628 2659 2909 2714 tribunali
2943 2661 3000 2714 in
3027 2660 3157 2714 loco
3180 2660 3274 2714 cui
3307 2676 3528 2714 nomen
3559 2662 3667 2714 Ba-

2032 2741 2218 2810 silica,
2243 2744 2426 2814 jussit
2453 2762 2652 2800 coram
2691 2747 2817 2801 sisti
2854 2753 3193 2816 martyrem.
3231 2747 3522 2801 Producto
3561 2763 3664 2802 au-

2031 2835 2149 2884 tem
2203 2837 2452 2885 sancto:
2512 2833 2700 2900 Certe,
2744 2833 2957 2903 inquit,
3007 2834 3231 2887 Artemi
3289 2833 3663 2904 impiissime,

2032 2924 2093 2972 tu
2148 2935 2382 2988 quoque
2435 2920 2710 2975 audivisti
2753 2922 2943 2975 audax
2982 2921 3211 2976 facinus
3241 2920 3560 2992 impiorum
3599 2937 3666 2975 ac

2034 2998 2115 3052 tui
2169 2999 2450 3053 similium
2502 3000 2994 3066 Christianorum,
3045 3001 3201 3070 quod
3247 3005 3559 3072 patrarunt
3605 3000 3667 3054 in

2033 3086 2296 3157 Daphne,
2348 3088 2407 3140 in
2455 3088 2676 3158 templo
2725 3089 3014 3158 Apollinis
3063 3089 3410 3143 servatoris:
3463 3103 3665 3159 quem-

2030 3174 2348 3229 admodum
2381 3176 2632 3230 scillicet
2661 3177 3060 3231 sanctuarium
3094 3177 3221 3248 ejus
3245 3193 3378 3231 cum
3409 3176 3670 3230 donariis

2039 3265 2389 3330 exusserint,
2422 3269 2481 3318 et
2509 3265 2763 3319 maxime
2797 3265 3192 3319 venerandam
3240 3281 3307 3319 ac
3337 3263 3670 3319 mirabilem

2043 3309 2389 3330 ---..---_----,
2425 3309 2480 3318 ν-
2509 3309 2762 3319 --...-....ν
2808 3309 3192 3319 mnum“-..
3240 3309 3306 3319 νη,
3337 3309 3670 3319 ...-...----...

1958 3309 2000 3376 α
2039 3349 2447 3406 dextruxerint
2474 3353 2812 3425 imaginem.
2848 3352 2960 3406 Sed
3006 3369 3125 3407 non
3169 3351 3508 3424 gaudebunt
3535 3351 3672 3404 irri-

2038 3439 2302 3493 sionibus
2334 3445 2392 3494 et
2420 3440 2693 3495 ludibriis
2742 3441 3038 3511 prosecuti
3071 3445 3308 3507 nostra;
3356 3456 3460 3512 ego
3511 3439 3670 3493 enim

2037 3544 2142 3597 pro
2171 3543 2238 3580 eo
2271 3527 2495 3600 exigam
2541 3545 2742 3599 pmnas
2778 3531 3089 3599 septuagies
3117 3531 3346 3598 fsepties,
3379 3533 3445 3582 ut
3480 3532 3674 3581 vestra

2039 3613 2244 3669 dicunt
2273 3615 2527 3687 eloquia.

2110 3795 2196 3847 59.
2230 3793 2553 3864 Respondit
2574 3797 2833 3865 martyr:
2885 3793 3090 3848 Audivi
3141 3792 3396 3847 divinam
3429 3791 3578 3846 iram
3619 3793 3678 3844 et

2040 3881 2236 3952 ignem
2285 3882 2515 3937 caelitus
2583 3881 2918 3936 immissum
2996 3881 3438 3951 consumpsisse
3500 3879 3677 3934 deum

2042 3974 2228 4036 tuum,
2249 3970 2494 4040 ejusque
2518 3969 2804 4040 templum
2824 3969 3158 4024 incendisse
3180 3985 3247 4023 ac
3269 3983 3509 4038 prorsus
3526 3983 3680 4021 ever-

2045 4057 2204 4110 tisse.
2230 4057 2284 4111 Si
2321 4058 2498 4129 igitur
2526 4057 2670 4112 deus
2702 4064 2844 4125 erat,
2880 4075 2985 4112 cur
3016 4074 3076 4111 se
3117 4057 3242 4127 ipse
3266 4073 3334 4109 ex
3382 4056 3514 4127 igne
3559 4070 3677 4108 non

2045 4145 2346 4199 servavit?
2400 4148 2470 4198 Et
2524 4151 2790 4216 apostata
2835 4161 2848 4198 :
2915 4145 3084 4198 Forte
3160 4148 3217 4196 et
3267 4148 3329 4197 tu
3385 4141 3678 4196 scelestis-

2045 4233 2213 4294 sime,
2246 4233 2460 4287 videris
2493 4233 2636 4286 mihi
2675 4233 2768 4286 his
2797 4232 3083 4286 insultare
3117 4235 3175 4286 et
3221 4231 3294 4285 ad
3336 4230 3520 4284 risum
3552 4245 3678 4284 mo-

2043 4338 2195 4390 vere,
2247 4322 2415 4392 quasi
2447 4338 2481 4376 a
2513 4321 2628 4375 Deo
2660 4326 2759 4374 tuo
2807 4320 3124 4375 vindictam
3171 4319 3431 4389 aliquam
3471 4334 3680 4373 conse-

2044 4416 2213 4464 cutus
2239 4409 2433 4463 fuiset.
2468 4411 2537 4462 Et
2563 4413 2822 4480 martyr:
2858 4410 2973 4480 Ego
3023 4424 3276 4478 semper,
3317 4406 3529 4477 inquit,
3566 4405 3678 4458 im-

2044 4497 2408 4569 piissime,de
2433 4498 2766 4552 daemonum
2791 4497 2983 4564 ruina,
3006 4513 3154 4566 quos
3173 4502 3233 4550 tu
3258 4493 3679 4566 colis,glorior,

2045 4587 2269 4658 gaudeo
2309 4591 2368 4639 et
2392 4585 2661 4643 exsulto:
2701 4591 2758 4640 et
2788 4601 3160 4655 quiscunque
3201 4583 3466 4637 Christus
3516 4598 3681 4636 meus

299 4665 425 4735 λιῶ·
460 4677 550 4732 καὶ
584 4677 673 4732 ἐπί
729 4680 886 4730 πᾶσιν
946 4675 1025 4736 οἷς
1059 4677 1086 4730 6
1119 4675 1348 4746 Χριστός
1411 4699 1514 4748 μου
1573 4679 1927 4751 τερατουργεῖ,

2047 4674 2342 4728 mirabilia
2363 4679 2657 4744 operatur,
2681 4673 3136 4727 delectationem
3159 4671 3304 4726 mihi
3331 4687 3397 4724 ac
3417 4669 3681 4723 laetitiam

299 4765 634 4841 τερπόμενος
689 4763 920 4838 γέγηθα·
982 4761 1256 4834 ἐκδίκησιν
1291 4760 1348 4816 δὶ
1374 4768 1483 4818 τῶν
1531 4763 1608 4826 εἷς
1659 4763 1755 4837 ἐμὲ
1783 4784 1945 4838 πρατ-

293 4856 537 4926 τομένων
591 4855 740 4928 παρά
797 4857 917 4918 σοῦ,
971 4852 1079 4907 ἐκεῖ
1139 4850 1360 4921 δέξομαι
1419 4850 1574 4906 ὁπότ’
1628 4849 1689 4906 ἂν
1744 4850 1806 4905 τὰ
1837 4856 1943 4926 πῦρ

297 4942 470 4998 έκεῖνο
514 4943 576 4996 τὸ
625 4940 926 5012 ἀκοίμητόν
976 4960 1034 4992 σε
1084 4939 1456 5013 καταλήψεται
1511 4939 1602 4992 καὶ
1634 4941 1668 5007 ἡ
1703 4936 1940 4993 διαιωνί-

299 5038 460 5101 ζουσα
506 5027 753 5090 κόλασις·
800 5027 1070 5090 κάνταῦθα
1122 5025 1178 5082 δὶ
1210 5027 1275 5081 ού
1323 5025 1499 5082 πολὺς
1556 5023 1944 5099 παρελεύσεται

300 5119 526 5195 χρόνος,
557 5117 648 5171 καὶ
676 5118 738 5172 τὸ
781 5116 1133 5190 μνημόσυνόν
1170 5135 1266 5168 σου
1301 5117 1417 5186 μετ’
1447 5112 1598 5188 ἤχου
1647 5114 1944 5190 ἀφανισθή-

301 5228 467 5264 σεται.
521 5203 626 5261 Καὶ
658 5205 686 5259 6
717 5199 1058 5280 παραϐάτης·
1121 5203 1181 5258 Εἰ
1239 5200 1331 5258 οὗν
1359 5201 1634 5278 ἀγαλλιᾷς
1689 5201 1776 5257 ἐπὶ
1825 5202 1945 5258 τού.

2050 4765 2308 4835 pariunt.
2342 4762 2638 4816 Ultionem
2686 4777 2820 4815 vero
2872 4775 3077 4815 eorum
3125 4775 3253 4828 quae
3285 4774 3316 4812 a
3347 4764 3401 4811 te
3422 4756 3568 4810 mihi
3590 4757 3680 4810 in-

2054 4855 2277 4905 tentata
2307 4854 2463 4914 sunt,
2487 4854 2628 4902 tunc
2657 4848 2942 4918 accipiam
2971 4845 3206 4917 quando
3227 4843 3379 4914 ignis
3401 4843 3684 4896 inexstin-

2052 4938 2266 5010 gubilis
2298 4943 2351 4990 te
2375 4936 2858 5007 comprehendet,
2895 4939 2953 4989 et
2990 4932 3343 5004 supplicium
3375 4931 3682 5001 sempiter-

2053 5044 2218 5084 num.
2245 5029 2314 5081 Et
2343 5028 2438 5080 hic
2461 5042 2695 5097 quoque
2734 5041 2900 5079 mora
2931 5040 3049 5078 non
3083 5022 3192 5075 erit
3222 5020 3364 5092 quin
3396 5021 3684 5076 memoria

2054 5123 2154 5172 tua
2183 5133 2317 5171 cum
2349 5116 2544 5170 sonitu
2583 5114 2899 5169 auferatur.
2935 5113 3094 5165 Tunc
3124 5115 3426 5182 apostata:
3477 5109 3534 5164 Si
3574 5110 3684 5182 igi-

2056 5211 2152 5260 tur
2179 5204 2417 5277 gaudes,
2450 5201 2823 5273 impiissime,
2857 5198 2927 5254 de
2958 5198 3286 5270 suppliciis,
3318 5199 3507 5269 iisque
3528 5197 3682 5254 dele-

1877 5418 2099 5474 ΝΟΤιΕ.

393 5509 446 5579 d)
475 5507 826 5579 Philostorg.
856 5505 968 5579 loc.
1001 5506 1099 5562 cit.

391 5575 480 5652 20)
510 5575 861 5635 υἰαοοηίοιὶηι
885 5576 1046 5634 idem
1075 5581 1165 5635 est
1191 5593 1260 5635 ac
1288 5576 1444 5651 quod
1473 5592 1584 5635 nos
1611 5577 1790 5635 hodie
1821 5575 2148 5634 sacristiam
2177 5589 2472 5632 vocamus.
