3964 6144
348 242 516 324 ιεοτ,

1885 246 1981 299 ΑΒ
1987 244 2248 299 DINDA.

3598 239 3723 295 i308

348 369 546 437 ctaris,
579 369 981 427 accessionem
1001 369 1107 426 tibi
1129 370 1455 443 procurabo
1482 369 1801 426 desiderati
1838 385 1977 441 gau-

2093 371 2207 431 τοῖς
2256 367 2345 423 καὶ
2403 367 2771 447 ἐπευφραίνεις
2801 407 2816 435 ,
2863 364 3211 431 ἀνοσιώτατε,
3259 363 3587 437 προσθήκην
3630 361 3723 441 ἐγώ

352 456 453 513 dii.
481 458 717 524 Verum,
741 457 1171 525 infelicissime,
1204 458 1310 513 tibi
1333 475 1510 530 parco
1534 475 1602 513 ex
1621 458 1981 530 benignitate

349 550 408 600 et
433 544 564 600 volo
613 550 689 612 te,
747 545 1013 617 deposita
1060 546 1339 613 amentia,
1374 563 1518 601 sana
1570 550 1765 601 mente
1812 544 1897 599 uti
1927 548 1986 599 et

347 634 625 689 accedere
648 633 761 688 diis
781 635 1213 689 immortalibus
1235 636 1724 691 sacriﬁcaturum.
1745 634 1985 688 Summa

349 722 512 776 enim
539 721 821 794 dignitate
844 729 1086 777 ornatus
1107 723 1292 787 fuisti,
1320 724 1422 777 tibi
1448 723 1647 777 multa;
1670 722 1888 777 divitiae
1911 721 1982 774 ab

349 809 467 864 alto
521 814 579 863 et
616 826 651 864 a
695 810 1018 880 majoribus
1066 811 1452 866 accumulatae
1498 817 1653 880 sunt,
1696 816 1753 864 et
1779 809 1983 864 multis

347 898 628 951 virtutum
672 897 907 953 dotibus
951 903 1006 952 te
1066 899 1146 952 dii
1202 900 1625 966 honestarunt,
1667 899 1805 953 licet
1848 913 1984 969 erga

348 985 483 1040 illos
512 986 811 1058 ingratum
844 992 898 1041 te
928 987 1272 1058 praabueris.

416 1253 506 1307 60.
542 1253 610 1306 Et
655 1255 924 1322 martyr:
983 1252 1134 1317 Quid
1191 1253 1438 1319 insanis,
1496 1250 1893 1322 iniquissime,
1926 1254 1985 1305 et

348 1340 701 1395 immortalis
717 1340 1010 1412 pestiferis
1024 1342 1402 1397 sermonibus
1424 1342 1453 1396 ?
1473 1342 1635 1396 Parvi
1657 1341 1844 1395 fecisti
1858 1341 1986 1396 bar-

350 1429 579 1484 baricas
618 1429 999 1496 rebelliones,
1043 1430 1354 1501 suscepisti
1401 1430 1624 1484 bellum
1656 1430 1982 1494 Persicum,

351 1534 467 1588 quo
488 1517 829 1573 universum
867 1518 1069 1573 orbem
1113 1520 1367 1591 agitasti,
1401 1524 1458 1573 et
1486 1520 1547 1572 in
1579 1534 1691 1584 me,
1726 1518 1828 1573 Dei
1859 1534 1984 1572 ser-

349 1621 508 1670 vum,
541 1606 725 1660 otium
758 1607 1102 1662 consumis?
1134 1608 1233 1662 Dic
1259 1608 1319 1662 in
1352 1624 1446 1662 me
1474 1607 1711 1679 qualem
1727 1606 1983 1660 volueris

354 1695 743 1761 sententiam;
767 1713 904 1750 nam
936 1713 1041 1768 ego
1063 1696 1202 1751 deos
1235 1702 1365 1751 tuos
1396 1714 1515 1751 non
1557 1696 1759 1758 adoro,
1787 1711 1983 1765 neque

2091 476 2174 510 σοι
2210 459 2360 530 [387]
2391 459 2697 528 ποιήσομαι
2744 459 2844 510 τοῦ
2900 452 3240 525 ποθουμένου
3299 449 3723 525 ἀγαλλιάματος.

2093 544 2288 610 Ἀλλὰ,
2320 542 2726 618 δυσμενέστατε,
2758 540 3015 615 φείδομαί
3067 561 3163 595 σου
3218 536 3291 595 δι’
3351 538 3559 595 οἰκείαν
3590 560 3723 615 χρη-

2092 633 2344 705 στότητα,
2401 635 2490 688 καὶ
2539 631 2812 708 βούλομαί
2870 651 2926 685 σε
2972 637 3072 700 τῆς
3132 628 3318 687 ἀνοίας
3378 628 3724 700 παύσάμενον,

2092 719 2330 798 σώφρονι
2390 722 2643 796 λογισμῷ
2690 721 2997 795 χρήσασθαι
3031 762 3044 787 ,
3100 716 3189 772 καὶ
3259 716 3591 791 προσελθεῖν
3646 717 3723 781 θύ-

2093 830 2251 864 σοντα
2328 816 2443 871 τοῖς
2514 810 2796 871 ἀθανάτοις
2886 814 3049 871 θεοῖς·
3120 806 3211 861 καὶ
3282 805 3563 876 ἀξιώματι
3633 807 3721 881 γὰρ

2094 898 2333 973 μεγίστῳ
2359 897 2718 971 κεκόσμησαι,
2765 897 2855 951 καὶ
2884 894 3127 958 πλοῦτος
3155 894 3348 955 ἱκανὸς
3402 892 3604 957 ἄνωθέν
3653 914 3723 948 σοι

2090 988 2177 1041 καὶ
2209 987 2268 1041 έκ
2304 988 2586 1063 προγόνων
2630 987 2973 1060 σεσώρευται,
3026 984 3118 1038 καὶ
3158 982 3353 1038 πολλά
3412 1003 3501 1037 σοι
3552 982 3615 1035 τὰ
3638 990 3725 1050 τῆς

2089 1075 2284 1150 ἀρετῆς
2339 1074 2790 1147 πλεονεκτήματα
2844 1074 2897 1128 οἱ
2953 1071 3066 1126 θεοὶ
3130 1069 3543 1145 παρεσκεύασαν
3579 1114 3594 1137 ,
3645 1070 3729 1123 κᾶν

2090 1165 2253 1228 αὐτὸς
2277 1165 2574 1240 ἀχάριστος
2607 1159 2797 1241 ὤφθης
2827 1163 2948 1236 περὶ
2982 1160 3201 1222 αὐτούς.

2164 1252 2221 1322 ξ’.
2281 1253 2385 1308 Καὶ
2431 1254 2460 1307 6
2494 1254 2719 1327 μάρτυς’
2779 1251 2847 1308 Τί
2907 1250 3092 1324 μαίνῃ,
3136 1248 3597 1323 παρανομώτατε,
3647 1246 3727 1301 καὶ

2090 1339 2308 1415 ἀσχολῇ
2342 1339 2428 1395 ἔπὶ
2458 1346 2572 1402 τοῖς
2606 1338 2876 1413 ὀλεθρίοις
2908 1337 3145 1414 ῥήμασιν
3181 1355 3195 1405 ;
3242 1337 3452 1396 ’Έασας
3482 1334 3573 1397 τὰς
3607 1335 3724 1409 βαρ-

2092 1423 2316 1502 ϐαρικὰς
2374 1427 2751 1489 ἐπαναστάσεις
2781 1471 2795 1497 ,
2854 1428 2942 1480 καὶ
2996 1427 3089 1480 τὸν
3150 1424 3421 1499 Περσικὸν
3477 1418 3726 1478 ἀνεδάλου

2092 1516 2360 1588 πόλεμον,
2420 1514 2488 1571 δι’
2547 1517 2606 1570 ’ὀν
2661 1518 2761 1585 τήν
2818 1514 3147 1587 οἲκουμένην
3194 1517 3375 1567 πᾶσαν
3426 1509 3722 1580 έσάλευσας,

2090 1605 2179 1659 καὶ
2213 1605 2287 1668 εἷς
2319 1606 2415 1677 ἐμὲ
2444 1606 2533 1660 τὸν
2560 1609 2656 1660 τοῦ
2687 1609 2819 1660 Θεοῦ
2852 1602 3046 1659 δοῦλον
3076 1602 3296 1677 ἀσχολῇ
3328 1621 3342 1671 ;
3396 1598 3557 1655 Δίδου
3602 1600 3721 1654 ἀπό-

2095 1714 2251 1771 φασιν
2308 1699 2425 1747 κατ’
2480 1692 2615 1765 ἐμοῦ
2673 1690 2788 1747 οἵαν
2842 1690 3068 1747 ἐθέλεις·
3127 1689 3239 1764 ἐγὼ
3289 1690 3400 1764 γὰρ
3428 1693 3543 1750 τοῖς
3599 1689 3722 1749 θεοῖς

342 1754 858 1853 ῇηεεὶοηίὺιιαιιιὶε
889 1754 1290 1839 ωθυευὺωὶιιο
1317 1802 1329 1851 ;
1355 1784 1458 1839 sed
1488 1786 1605 1839 Deo
1654 1754 1786 1838 meo
1837 1754 1979 1853 quo-

2108 1754 2119 1771 .
2512 1754 2522 1765 .
3167 1754 3178 1764 .
3304 1754 3315 1764 .
3369 1754 3379 1763 .

2098 1802 2194 1835 σου
2225 1781 2287 1835 ού
2320 1780 2587 1853 λατρεύω,
2646 1776 2768 1835 οὔτε
2820 1785 2938 1843 τοῖς
2962 1784 3077 1839 σοῖς
3134 1779 3548 1852 προστάγμασιν
3607 1778 3723 1830 ὓπο-

352 1871 498 1925 tidie
539 1873 721 1926 oﬂ'ero
758 1872 1325 1928 sacriﬁciumlaudis
1360 1879 1418 1927 et
1446 1872 1873 1937 confessionis;
1897 1872 1988 1926 fac

351 1959 530 2031 igitur
558 1959 715 2030 quod
746 1960 850 2028 vis,
902 1960 1374 2016 sceleratissime.
1409 1960 1668 2015 Audiens
1691 1960 1815 2014 haec
1846 1975 1989 2029 apo-

354 2052 506 2101 stata
538 2053 595 2099 et
624 2048 710 2100 ira
742 2049 1039 2116 incensus,
1073 2049 1336 2118 lapidum
1370 2053 1739 2118 exemptores
1761 2063 1827 2101 ac
1847 2046 1990 2116 lapi-

356 2133 582 2188 dicidas
616 2134 840 2205 ingredi
865 2135 1047 2204 jussit
1072 2134 1331 2204 dixitque
1361 2137 1444 2188 eis
1470 2152 1483 2188 :
1517 2135 1814 2188 Videtisne
1845 2151 1990 2204 pras-

355 2227 588 2290 ruptam
645 2226 895 2291 petram,
956 2238 1087 2291 quas
1145 2239 1175 2275 e
1213 2222 1449 2293 regione
1508 2223 1722 2277 theatri
1770 2222 1987 2276 civitati

359 2308 632 2362 imminet
661 2309 941 2363 ruinosa?
970 2311 1094 2374 Qua
1140 2310 1318 2381 igitur
1364 2316 1542 2373 secta,
1595 2317 1770 2381 atque
1803 2311 1989 2365 altera

358 2396 487 2467 ejus
519 2402 683 2467 parte
717 2396 778 2451 in
804 2397 989 2451 altum
1022 2398 1264 2465 elevata,
1298 2399 1454 2453 hunc
1474 2399 1824 2454 sceleratum
1846 2416 1987 2453 con-

358 2484 583 2538 stituite
627 2484 928 2550 medium;
978 2486 1284 2557 ruptisque
1332 2487 1603 2555 vinculis,
1657 2504 1775 2557 qua
1821 2492 1989 2558 petra

354 2572 663 2640 retinetur,
724 2572 959 2643 dejicite
1011 2590 1141 2628 eam
1190 2575 1353 2628 omni
1378 2576 1433 2629 vi
1463 2581 1638 2645 atque
1670 2576 1892 2645 impetu
1924 2576 1985 2630 in

349 2664 578 2731 partem
612 2676 682 2714 ex
711 2676 827 2730 qua
856 2667 1016 2716 secta
1046 2667 1164 2727 est;
1199 2668 1256 2716 et
1284 2663 1394 2717 iste
1426 2663 1659 2718 medius
1688 2664 1985 2734 intercep-

351 2752 445 2801 tus
476 2747 537 2802 in
566 2748 996 2803 minutissimas
1022 2754 1218 2820 partes
1251 2755 1406 2805 totus
1436 2756 1793 2817 conteretur,
1826 2752 1984 2820 ejus-

353 2853 466 2908 que
498 2837 722 2893 viscera
749 2839 951 2894 omnia
988 2838 1451 2912 disrumpentur,
1486 2846 1550 2895 ut
1577 2842 1724 2897 sciat
1748 2842 1984 2896 cuinam

350 2925 608 2991 resistat,
650 2926 710 2979 in
754 2942 927 2995 quem
979 2927 1445 2998 impugnandum
1491 2946 1655 2984 arma
1702 2929 1983 2995 induerit,

352 3017 411 3067 et
439 3012 579 3082 quid
602 3013 803 3067 auxilii
826 3014 879 3068 ei
901 3014 1223 3070 collaturus
1246 3017 1321 3071 sit
1343 3018 1495 3071 Deus
1518 3017 1666 3087 ejus,
1701 3018 1748 3071 si
1770 3034 1983 3088 nempe

2094 1868 2303 1939 κύπτω,
2334 1868 2479 1924 ἀλλά
2522 1873 2602 1941 τῷ
2659 1872 2776 1940 Θεῷ
2836 1889 2940 1940 μου
2998 1869 3116 1930 καθ’
3161 1865 3395 1935 ἑκάστην
3451 1864 3717 1941 προσφέρω

2096 1958 2278 2022 θυσίαν
2334 1957 2609 2023 αἰνέσεως,
2661 1956 2750 2011 καὶ
2809 1954 3307 2028 ἐξομολογήσεως·
3368 1952 3514 2007 ποίει
3564 1952 3647 2006 οὗν
3696 1952 3719 2005 ’ὀ

2097 2043 2291 2113 θέλεις,
2341 2045 2785 2119 παρανομώτατε.
2841 2047 3015 2098 Ταῦτα
3062 2044 3089 2096 6
3134 2036 3463 2116 παραϐάτης
3510 2039 3716 2094 ἀκούσας

2095 2135 2184 2187 καὶ
2215 2135 2437 2207 πλήρης
2467 2135 2639 2205 θυμοῦ
2666 2133 2977 2207 γενόμενος,
3010 2130 3289 2203 λατόμους
3322 2130 3413 2184 καὶ
3456 2129 3712 2197 λιθοξόους

2096 2220 2369 2276 ἐκέλευσεν
2428 2221 2712 2291 εἰσελθεῖν,
2769 2222 2857 2275 καὶ
2916 2241 3047 2297 φησι
3092 2220 3229 2289 πρὸς
3280 2217 3503 2279 αύτούς·
3552 2218 3715 2291 Ὁρᾶτε

2093 2311 2191 2377 τὴν
2251 2310 2528 2381 ἀπότομον
2608 2308 2803 2382 πέτραν
2854 2308 2952 2377 τὴν
3022 2306 3278 2362 ἀπέναντι
3357 2310 3455 2360 τοῦ
3514 2304 3709 2376 θεάτρου

2093 2400 2230 2473 πρὸς
2260 2400 2320 2455 τὸ
2351 2401 2600 2462 κάταντες
2630 2402 2726 2467 τῆς
2770 2398 2984 2459 πόλεως
3019 2398 3284 2475 ῥέπουσαν
3322 2417 3337 2466 ς
3390 2397 3588 2465 Ταύτην
3634 2394 3711 2447 οὗν

2096 2485 2443 2564 διχάσαντες,
2499 2488 2586 2543 καὶ
2644 2488 2705 2541 τὸ
2762 2486 2945 2560 ἓτερον
3005 2486 3169 2561 μέρος
3225 2486 3401 2555 αὐτῆς
3460 2483 3706 2560 ἀνωφερὲ-

2094 2597 2277 2651 στερον
2312 2578 2622 2646 στήσαντες,
2668 2575 2883 2631 τουτονὶ
2939 2575 3030 2629 τὸν
3063 2573 3359 2651 ἀλιτήριον
3415 2567 3710 2647 έμϐιϐάσατε

2096 2662 2277 2738 μέσον
2322 2665 2411 2718 καὶ
2452 2665 2579 2725 τοὺς
2638 2662 2870 2736 δεσμοὺς
2926 2669 3025 2731 τῆς
3082 2662 3285 2738 πέτρας
3339 2659 3707 2738 ἐναπορρήξαν·

2090 2774 2200 2823 τες,
2234 2753 2389 2829 ἄφετε
2438 2754 2573 2823 μετά
2621 2750 2802 2827 ῥύμης
2847 2752 2934 2805 καὶ
2985 2752 3184 2827 βάρους
3238 2749 3551 2813 έναπελθεῖν
3594 2747 3705 2821 πρὸς

2090 2842 2153 2895 τὸ
2208 2840 2376 2915 μέρος
2406 2840 2524 2904 ὅθεν
2583 2838 2915 2915 δεδίχασται·
2969 2840 3059 2894 καὶ
3110 2840 3310 2894 τούτου
3364 2839 3524 2912 μέσον
3552 2837 3705 2908 εὑρισ-

2090 2931 2326 3000 κομένου
2382 2930 2519 2991 ἅπας
2570 2929 2705 2983 κατά
2759 2929 2953 3004 μικρὸν
2985 2927 3471 2998 συνθλασθήσεται,
3524 2923 3605 2979 καὶ
3652 2920 3705 2975 τὰ

2092 3015 2239 3079 ἐντὸς
2298 3018 2463 3072 αὐτοῦ
2516 3017 2685 3071 πάντα
2742 3013 3158 3093 διαῤῥγήσονται
3192 3033 3207 3045 ·
3267 3015 3337 3069 'iv’
3419 3012 3537 3087 εἴδῃ
3616 3011 3701 3065 τίνι

349 3106 560 3171 potens
592 3100 823 3157 futurus
853 3102 930 3156 sit
959 3119 1089 3157 eum
1136 3105 1364 3175 eripere
1405 3105 1476 3159 de
1507 3105 1779 3159 manibus
1811 3106 1979 3159 meis.

2097 3102 2418 3174 ἀνθίσταται,
2469 3105 2558 3159 καὶ
2599 3104 2702 3159 τίνι
2752 3105 2887 3179 πρὸς
2920 3106 3107 3178 μάχην
3168 3102 3515 3174 ἐξώπλισται,
3546 3099 3625 3155 καὶ
3662 3095 3704 3149 τί

350 3189 686 3243 Mandatum
716 3190 871 3245 dicto
896 3191 1068 3245 citius
1100 3192 1432 3263 lapidicida
1478 3194 1758 3255 exsecuti,
1795 3193 1982 3248 demi-

351 3282 555 3332 serunt
608 3283 858 3349 petram,
888 3284 956 3334 ut
988 3286 1271 3351 tyrannus
1312 3282 1593 3352 jusserat.
1649 3284 1788 3347 Qua)
1849 3299 1983 3337 cum

351 3365 538 3419 multo
569 3366 829 3435 pondere
860 3367 921 3420 in
963 3385 1225 3438 princeps
1257 3385 1437 3423 ruens
1488 3374 1677 3424 totum
1709 3370 1983 3441 martyris

350 3468 565 3522 corpus
648 3454 951 3524 cooperuit
1030 3460 1206 3526 atque
1273 3455 1419 3511 adeo
1487 3459 1855 3529 compressit,
1920 3463 1986 3511 ut

350 3542 571 3595 ossium
605 3543 1039 3598 confractorum
1098 3545 1326 3599 sonitus
1383 3546 1624 3615 quidam
1682 3547 1986 3601 audiretur

348 3630 731 3697 tremendus,
789 3631 1092 3686 horribilis
1148 3638 1208 3687 et
1256 3633 1530 3688 humanis
1588 3635 1830 3690 auribus
1890 3636 1983 3690 in-

352 3724 572 3776 suetus.

424 3986 509 4039 61.
544 3984 687 4038 Cum
719 3990 959 4041 sanctus
1007 3986 1069 4040 in
1102 3987 1297 4042 media
1326 3993 1494 4059 petra
1521 3995 1891 4059 premeretur
1929 3998 1988 4047 et

355 4077 710 4139 conteretur,
766 4074 1075 4129 invocabat
1119 4076 1415 4130 Christum
1444 4077 1686 4131 dicens:
1717 4080 1781 4132 In
1820 4086 1986 4147 petra

354 4160 615 4214 exaltasti
637 4177 741 4223 me,
772 4164 904 4230 quia
953 4165 1135 4230 factus
1181 4179 1234 4219 es
1261 4179 1379 4235 spes
1407 4181 1527 4218 mea
1547 4182 1565 4218 :
1619 4168 1784 4221 turris
1820 4170 1984 4235 forti-

350 4247 560 4301 tudinis
615 4263 649 4300 a
698 4250 841 4315 facie
897 4251 1180 4305 inimici‘.
1228 4252 1487 4307 Statuisti
1538 4270 1709 4322 supra
1768 4261 1984 4324 petram

346 4335 509 4403 pedes
572 4350 714 4390 meos
745 4377 761 4401 ,
818 4342 872 4389 et
935 4338 1191 4391 direxisti
1257 4355 1467 4406 gressus
1518 4357 1659 4396 meos
1680 4342 1721 4396 ³.
1784 4344 1987 4413 Accipe

348 4425 544 4490 igitur,
590 4424 896 4492 Unigenite,
928 4424 1193 4494 spiritum
1239 4444 1435 4493 meum,
1484 4435 1537 4482 et
1578 4446 1646 4484 ne
1692 4431 1983 4486 concludas

348 4526 431 4564 me
460 4512 518 4563 in
548 4526 737 4565 manus
766 4511 1132 4567 inimicorum.
1178 4515 1320 4569 Nam
1368 4516 1568 4570 omnia
1607 4518 1735 4588 ejus
1762 4518 1984 4573 viscera

349 4599 617 4669 disrupta
665 4606 851 4665 erant,
905 4602 1268 4656 comminuta
1315 4620 1549 4673 quoque
1590 4609 1711 4659 tota
1758 4605 1983 4659 ossium

349 4704 680 4760 compages,
706 4694 764 4743 et
791 4689 1030 4759 pupillae
1052 4691 1357 4744 oculorum
1379 4690 1584 4746 orbitis
1600 4691 1981 4748 excedebant.

352 4777 566 4829 Verum
614 4777 697 4831 sic
728 4777 1021 4847 patienter
1068 4777 1361 4833 tolerabat
1403 4779 1617 4833 Christi
1662 4797 1983 4853 generosus

348 4865 589 4930 athleta,
615 4866 783 4935 quasi
809 4866 976 4920 incus
1012 4865 1281 4932 infracta,
1316 4883 1419 4921 seu
1449 4867 1599 4938 lapis
1630 4869 1983 4925 durissimus

348 4957 407 5008 et
437 4954 598 5008 omni
656 4954 970 5009 adamante
1022 4953 1248 5009 fortior.
1299 4955 1443 5009 Cum
1475 4972 1609 5028 ergo
1652 4963 1890 5013 sanctus
1922 4958 1981 5011 in

344 5040 541 5096 medio
572 5047 873 5113 petrarum
918 5041 1075 5096 diem
1123 5057 1189 5095 ac
1238 5048 1472 5097 noctem
1526 5050 1981 5115 perseverasset,

339 5130 521 5199 jussit
551 5128 890 5200 faadifragus
924 5131 1191 5186 Julianus
1221 5130 1477 5202 disjungi
1500 5137 1718 5201 petras,
1743 5134 1984 5189 arbitra-

344 5222 440 5271 tus
464 5232 598 5269 eum
640 5216 993 5285 disruptum,
1033 5218 1397 5274 confractum
1446 5223 1504 5271 et
1544 5226 1843 5275 mortuum
1888 5238 1983 5275 re-

346 5311 579 5375 pertum
602 5304 693 5359 iri.
729 5304 960 5374 Aper-tis
982 5310 1176 5359 autem
1199 5306 1403 5375 petris,
1426 5308 1712 5376 processit
1744 5314 1982 5363 sanctus

349 5398 407 5449 et
431 5390 964 5448 circumambulare
986 5392 1177 5462 C(Bpit,
1206 5393 1393 5448 oculis
1424 5394 1663 5464 quidem
1695 5411 1764 5450 ex
1792 5396 1986 5452 orbita

419 5533 439 5570 ί
469 5534 625 5594 Psal.
656 5550 748 5606 ιι,
778 5537 831 5607 2,
862 5537 914 5595 3.
963 5534 987 5570 ²
1013 5533 1169 5595 Psal.
1198 5550 1391 5605 mm,
1423 5536 1476 5592 3.

2010 4468 2059 4530 D

2088 3195 2235 3269 παρὰ
2261 3197 2357 3248 τοῦ
2410 3196 2543 3248 Θεοῦ
2591 3192 2755 3246 αὐτοῦ
2811 3190 3248 3270 ὠφεληθήσεσαι,
3280 3192 3325 3247 εί
3360 3188 3459 3263 ἄρα
3506 3188 3698 3257 δυνήσε-

2086 3303 2172 3337 ται
2205 3281 2362 3336 αὐτὸν
2421 3280 2689 3351 ἐξελέσθαι
2741 3280 2800 3335 ἐκ
2853 3285 2957 3333 τῶν
3013 3285 3214 3355 χειρῶν
3274 3298 3400 3352 μου·
3452 3277 3588 3351 [388]
3614 3272 3696 3327 Τοῦ

2088 3364 2253 3444 ἔργου
2311 3367 2368 3423 δὲ
2425 3374 2612 3432 θᾶττον
2700 3367 2869 3441 λόγου
2949 3368 3347 3442 περαιωθέντος
3416 3368 3609 3443 ἀφῆκαν
3657 3357 3697 3444 οἳ

2090 3443 2336 3527 λαξευταὶ
2393 3458 2491 3525 τήν
2550 3457 2744 3531 πέτραν
2805 3456 2879 3516 ὡς
2932 3456 2960 3509 6
3010 3454 3278 3530 τύραννος
3342 3452 3606 3530 ἔζησεν-ἠ
3651 3443 3697 3499 δέ

2089 3544 2179 3598 σὺν
2242 3545 2393 3619 βάρει
2450 3542 2648 3615 πολλῷ
2706 3543 2793 3597 ἐπὶ
2839 3544 2935 3597 τοῦ
2981 3546 3221 3615 πρηνοῦς
3250 3542 3539 3617 ἐνεχθεῖσα,
3585 3534 3691 3589 ὅλον

2089 3630 2321 3705 ἐκάλυψε
2350 3632 2411 3686 τὸ
2443 3636 2601 3703 σῶμα
2645 3636 2741 3685 τοῦ
2787 3632 3085 3706 μάρτυρος,
3128 3632 3217 3686 καὶ
3261 3627 3513 3686 τοσοῦτον
3555 3621 3687 3678 αὐτὸν

2090 3718 2368 3790 έξεπίεσεν,
2420 3717 2558 3774 ὥστε
2610 3724 2718 3774 τῶν
2779 3719 2977 3773 ὀστέων
3036 3720 3212 3775 αὐτῶν
3264 3708 3690 3788 κατατεθραυσμέ-

2087 3830 2194 3863 νων
2229 3808 2370 3882 ἦχόν
2400 3828 2521 3861 τινα
2549 3814 2879 3881 κροτηθῆναι
2920 3802 3151 3881 φοϐερόν
3199 3828 3261 3862 τε
3308 3808 3395 3861 καὶ
3429 3803 3585 3879 βίαιον
3612 3796 3681 3851 καὶ

2090 3896 2250 3966 ξένων
2283 3896 2594 3970 ἀνθρωπίνῃ
2625 3895 2784 3969 ἀκοῇ.

2160 3985 2251 4054 ξα’.
2288 3984 2385 4038 Καὶ
2422 3984 2489 4052 ἦν
2533 3984 2562 4037 6
2601 3983 2756 4058 ἅγιος
2807 3984 2982 4056 μέσων
3030 3988 3139 4038 τῶν
3190 3987 3401 4058 πετρῶν
3455 3993 3687 4047 στενοχω-

2092 4071 2353 4146 ρούμενος
2424 4073 2514 4126 καὶ
2601 4072 2980 4143 έκπιεζόμενος
3027 4116 3041 4141 ,
3128 4071 3548 4141 ἐπικαλούμενος
3612 4060 3683 4114 τὸν

2090 4159 2318 4234 Χριστὸν
2365 4159 2454 4213 καὶ
2504 4156 2697 4230 λέγων·
2761 4160 2847 4215 Ἐν
2906 4160 3074 4234 πέτρα
3132 4158 3352 4232 ὕψωσάς
3386 4177 3467 4229 με,
3498 4148 3681 4221 ὡδήγη-

2090 4249 2183 4309 σάς
2254 4268 2360 4319 με,
2415 4245 2497 4300 ὅτι
2556 4245 2821 4320 έγενήθης
2876 4245 3035 4309 έλπίς
3092 4264 3217 4319 μου⁶
3277 4246 3477 4319 πύργος
3529 4234 3682 4309 ἰσχύος

2089 4334 2195 4389 ἀπὸ
2295 4334 2589 4407 προσώπου
2689 4334 2910 4408 ἐχθροῦ*
3015 4331 3241 4403 ἔστησας
3342 4331 3426 4417 Eni
3502 4324 3676 4417 ,τέτραξ

2089 4422 2214 4484 τοὺς
2278 4418 2449 4482 πόδας
2519 4443 2656 4494 μου,
2721 4422 2809 4475 καὶ
2883 4421 3203 4483 κατεύθυνας
3275 4422 3341 4475 τὰ
3411 4409 3676 4482 διαϐήματά

2094 4534 2218 4584 μου.
2283 4512 2433 4581 Δέξαι
2490 4511 2694 4583 τοίνυν,
2752 4512 3077 4586 Μονογενὶς,
3138 4512 3199 4565 τὸ
3256 4508 3465 4580 πνεύμᾶ
3517 4494 3672 4574 μουιδ

2090 4599 2249 4662 εἰδὼς
2306 4602 2404 4669 τὴν
2464 4601 2825 4675 στενοχωρίαν
2887 4622 3032 4673 μου,
3108 4601 3197 4655 καὶ
3264 4601 3340 4673 μὴ
3398 4588 3670 4690 συγκλείσθς

2094 4710 2160 4761 με
2188 4688 2264 4750 εἷς
2294 4693 2485 4762 γεῖρας
2516 4688 2750 4763 ἐχθρῶν.
2784 4691 2955 4745 ’Πσαν
3006 4689 3105 4763 γὰρ
3133 4692 3304 4743 πάντα
3330 4687 3394 4741 τὰ
3421 4682 3554 4739 ἐντὸς
3592 4682 3669 4727 αὑ·

2087 4782 2184 4832 τοῦ
2233 4776 2569 4853 διεῤῥωγότα
2600 4826 2615 4850 ,
2669 4778 2759 4833 καὶ
2810 4782 2917 4832 τῶν
2977 4778 3146 4831 ὀστῶν
3204 4781 3238 4846 ἡ
3297 4770 3509 4851 ἁρμονία
3548 4767 3669 4853 -πᾶσα

2090 4851 2543 4937 συντεθλασμένη,
2595 4866 2685 4921 καὶ
2716 4866 2764 4920 οἱ
2799 4860 2994 4938 βολϐοὶ
3046 4869 3153 4919 τῶν
3209 4862 3493 4942 ὀφθαλμῶν
3543 4851 3667 4942 if?!"

2088 4950 2394 5024 πηδηκότες
2426 4953 2486 5009 ἐκ
2512 4958 2618 5009 τῶν
2679 4937 2913 5028 θυρίδων
2972 4952 3167 5007 αὐτῶν·
3203 4937 3345 5007 ἀλλὰ
3396 4945 3485 5028 καί,
3527 4937 3667 5028 οὕτως

2086 5044 2153 5111 ἦν
2209 5041 2540 5115 ἐγκαρτερῶν
2601 5043 2628 5097 ὁ
2678 5023 2775 5097 τοῦ
2830 5044 3064 5111 Χριστοῦ
3119 5044 3359 5113 γενναῖος
3414 5023 3662 5115 ἀθλητὴς]

2089 5105 2267 5200 ὣσπερ
2326 5105 2515 5202 ἀκμων
2571 5129 2839 5200 ἀνήλατος
2872 5173 2885 5195 ,
2943 5130 2978 5198 ἢ
3039 5127 3193 5191 λίθος
3248 5126 3548 5206 ἀτέραμνοςο
3590 5105 3659 5206 καί

2088 5219 2282 5279 παντὸς
2327 5200 2631 5289 ἀδάμαντος
2689 5217 3060 5292 ἴσχυρότερος.
3120 5217 3439 5285 Ποιήσαντος
3474 5200 3550 5292 οὖν
3588 5212 3661 5248 του

2089 5306 2244 5381 ἁγίου
2301 5307 2353 5361 έν
2389 5310 2535 5378 μέσῳ
2583 5311 2691 5361 τῶν
2743 5290 2954 5380 πετρῶν
3008 5304 3381 5379 ἡμερνύκτιον,
3434 5290 3659 5381 ἐκέλευσεν

2089 5377 2481 5469 ὁἺπαράνομος
2539 5377 2855 5456 Ἰουλιανὸςί
2894 5377 3277 5466 διαζευχθῆναι
3329 5388 3415 5447 τὰς
3466 5377 3655 5447 «tum:
