3964 6144
241 238 382 295 i309

1566 253 1624 306 8.
1665 250 1969 306 ΔΒΤΕΜῙῙ
2005 249 2280 308 PASSIO.

3491 249 3645 341 iam:

240 363 568 449 προσδοκῶν
624 364 783 422 αὐτὸν
845 365 1178 447 διεῤῥωγότα
1227 372 1317 426 καὶ
1392 372 1874 448 συντεθραυσμένον

1994 375 2384 446 pendentibus
2415 381 2473 432 et
2526 377 2825 449 propriam
2873 375 3351 449 relinquentibus
3401 375 3625 444 sedem,

239 451 328 505 xui
372 447 558 525 νεκρὸν
616 453 1014 526 εὑρεθήσεσθαν
1077 457 1454 534 ἀνεῳχθεισῶν
1515 447 1587 514 δῖ
1623 463 1728 512 τῶν
1787 479 1882 512 πε-

238 541 406 613 τρῶν,
465 539 743 612 ἐξῆλθενὸ
775 541 934 618 ἃγιος
990 551 1324 620 περιπατῶν,
1379 546 1504 609 τοὺς
1562 544 1883 621 ὀφθαλμοὺς

238 623 386 703 ἔχων
417 626 890 699 ἐκπεπηδηκότας,
947 633 1036 686 καὶ
1092 634 1188 696 τάς
1244 632 1385 696 ῒδίας
1439 631 1601 709 ἕδρας
1654 631 1878 689 καταλι-

238 716 458 787 πόντας,
490 718 664 789 θὲαμα
705 719 928 792 φρικτὸν
979 719 1068 774 καὶ
1131 719 1384 795 διήγημα
1435 722 1579 792 ξὲνον
1637 729 1738 791 τῆς
1797 723 1883 776 ἀνο

239 806 514 878 θρωπίνης
599 808 862 882 ὑπάρχων
944 809 1176 887 φύσεως,
1265 808 1551 885 ἅνθρωπος
1654 813 1880 886 γυμνὸς,

235 894 756 970 κατατεθλασμένων
787 896 950 951 αὐτοῦ
978 903 1084 953 τῶν
1119 900 1289 954 ὀστῶν
1320 901 1410 954 καὶ
1441 906 1546 955 τῶν
1609 902 1884 974 ἁρμονιῶν

1995 466 2398 533 spectaculum
2423 467 2630 537 utique
2653 467 3013 521 horrendum
3037 471 3095 520 et
3113 471 3338 520 naturaa
3356 465 3630 520 humanas

1989 549 2262 605 mirabile
2295 554 2712 623 compendium
2742 573 2750 605 ς
2778 554 2954 608 homo
2985 552 3201 619 nudus,
3235 553 3506 606 contritis
3535 569 3628 606 os-

1992 638 2154 693 sibus
2186 645 2244 694 et
2272 642 2655 712 compagibus
2687 641 2986 712 disruptis,
3020 641 3314 695 internam
3355 640 3648 704 humanm,

1991 733 2218 782 naturas
2250 728 2704 800 dispositionem
2739 747 3005 801 corpore,
3065 746 3180 799 quo
3225 727 3631 782 circumdaba-

1992 820 2107 882 tur,
2136 818 2534 889 egredientem
2561 819 2904 885 ostendens,
2929 817 3256 883 incedebat,
3283 815 3637 886 loquebatur

1996 909 2053 958 et
2082 904 2361 960 adversus
2393 912 2715 978 tyrannum
2748 906 2924 960 verba
2950 905 3223 961 faciebat.

235 980 756 1058 συντεθραυσμένων,
788 986 887 1053 τήν
922 985 1241 1060 οἰκονομίαν
1270 995 1370 1056 τῆς
1432 988 1780 1061 ἀνθρωπίνης
1840 988 2050 1065 φύσεως
2108 990 2167 1045 ἐκ
2220 996 2316 1045 τοῦ
2369 991 2727 1066 πέριέχοντος
2787 993 3041 1064 σώματος
3092 989 3407 1064 ἐξελθοῦσαν
3464 1010 3632 1063 παρα-

235 1068 465 1141 δεικνὺς,
495 1092 808 1142 περιεπατει
839 1075 990 1148 [389]
1018 1075 1106 1129 καὶ
1141 1075 1434 1148 διελέγετο,
1465 1076 1555 1130 xui
1587 1077 1724 1152 πρὸς
1749 1077 1841 1130 τὸν
1870 1077 2128 1151 τύραννον
2161 1079 2569 1154 ἀντεωθέγγετο.

437 1163 537 1216 "Ov
573 1159 702 1215 ἲδὼν
763 1163 790 1216 6
846 1163 1163 1238 παμμίαρος
1223 1163 1547 1235 Ἰουλιανὸς,
1604 1160 1876 1237 ἔκθαμϐος

233 1249 365 1310 ὅλος
422 1247 650 1322 ἐγένετο,
707 1249 798 1304 καὶ
853 1253 988 1325 πρὸς
1043 1252 1169 1314 τοὺς
1223 1252 1493 1326 παρόντας
1562 1253 1873 1329 ἐφθέγξατο·

231 1337 443 1409 Ὁρᾶτε,
475 1333 601 1414 ἔφη,
634 1337 806 1411 θέαμα
835 1341 985 1412 ξὲνον
1045 1341 1135 1394 καὶ
1195 1339 1449 1416 διήγημα
1503 1348 1603 1411 τῆς
1658 1341 1874 1415 ἀνθρω-

229 1426 396 1496 πίνης
425 1425 720 1500 ἀλλότριον
752 1427 1003 1503 φύσεωςς
1037 1430 1120 1504 ἆρ’
1170 1429 1266 1484 οὐκ
1326 1427 1534 1502 ἐπῳδὸς
1591 1429 1681 1483 καὶ
1739 1429 1874 1503 γόης

228 1515 423 1592 πέφυκ’
452 1511 577 1584 ὅδε;
612 1517 714 1588 ἄρα
747 1519 819 1589 μή
853 1538 906 1570 τι
937 1517 1221 1594 φάντασμα
1266 1519 1355 1572 καὶ
1408 1515 1684 1589 δαιμόνων
1735 1517 1877 1572 ἀπα-

227 1601 417 1672 τηλῶν
448 1608 610 1658 τοῦτο
637 1606 940 1679 τεκμήριον
968 1626 982 1675 ;
1017 1610 1128 1663 Νῦν
1155 1605 1416 1679 πείθομαι
1446 1609 1537 1662 τὸν
1574 1604 1875 1681 Εὐριπίδην

231 1694 395 1770 σοφὸν
457 1695 593 1747 εἶναι
648 1694 738 1748 xui
793 1693 1018 1750 πολλῶν
1066 1698 1406 1771 πραγμάτων
1467 1697 1518 1752 ἐν
1591 1696 1869 1770 ἐπιστήμῃ

229 1783 590 1857 τυγχάνοντα,
621 1781 672 1835 ἐν
705 1784 928 1858 Ὀρέστῃ
954 1781 1082 1838 τάδε
1121 1783 1584 1862 φιλοσοφήσαντω

414 1974 528 2045 Οὐκ
556 1973 667 2030 ἔστι
700 1973 870 2030 δεινόν
897 1973 994 2030 ὧδ’
1025 1976 1192 2031 εἰπεῖν
1223 1975 1374 2045 ἔπος,

413 2044 551 2124 ρῦδὲ
575 2045 901 2124 pas-0:353;
930 2048 1209 2124 ξυμφορὰν
1235 2044 1523 2124 θεήλατον,

406 2118 504 2178 Ἦς
535 2118 634 2172 οὐκ
663 2116 723 2172 ἅν
752 2115 894 2190 ἄρετ’
927 2115 1094 2192 lix-06c
1113 2115 1412 2193 ’ἀνθρώπου
1442 2119 1620 2195 φύσις.

302 2220 391 2276 Μὰ
417 2221 543 2284 τοὺς
573 2224 866 2285 ἀθανάτους
892 2225 979 2278 καὶ
1014 2225 1320 2294 ἀηττήτους
1353 2226 1530 2294 θεοὺς,
1562 2225 1660 2280 οὐκ
1699 2225 1866 2295 ἢλπι-

232 2315 344 2378 ζον,
378 2308 584 2385 ἄνδρες,
619 2308 906 2367 ἔτιτοῦτον
933 2314 1024 2368 τὸν
1057 2313 1402 2386 παλαμναῖον
1433 2315 1523 2368 καὶ
1583 2313 1866 2388 ἀλιτήριον

232 2396 285 2452 ἂν
317 2403 431 2459 τοῖς
464 2403 592 2466 ζῶσι
649 2399 929 2475 τετάχθαι,
989 2402 1094 2456 Νῦν
1157 2399 1213 2456 δὶ
1267 2401 1357 2456 καὶ
1413 2405 1520 2456 τῶν
1581 2400 1866 2465 ἐνδοσθίων

234 2485 398 2540 αὐτοῦ
426 2486 779 2562 ἐκραγέντων,
807 2490 897 2544 καὶ
953 2494 1054 2556 τῆς
1105 2491 1368 2565 ἁρμονίας
1420 2491 1631 2556 ἀπάσης
1682 2487 1868 2544 διαλυ-

233 2579 440 2648 θείσης,
469 2585 691 2634 κινεῖται
721 2581 809 2634 καὶ
842 2581 1146 2657 φθέγγεται.
1209 2579 1368 2636 Ἀλλ’
1419 2582 1472 2634 οἱ
1523 2581 1634 2634 θεοὶ
1681 2585 1866 2635 τοῦτον

237 2665 623 2740 ἐταμιεύσαντο
655 2668 732 2731 εἷς
759 2667 986 2724 πολλῶν
1020 2669 1317 2744 ἀνθρώπων
1347 2670 1746 2743 σωφρονισμὸν,
1799 2670 1871 2722 ’ἶν’

242 2754 277 2829 ᾖ
314 2755 690 2830 μορμολύκιον
722 2763 838 2821 τοῖς
861 2758 924 2813 τὸ
944 2757 1142 2833 κράτος
1170 2758 1348 2812 αὐτῶν
1383 2758 1459 2830 μή
1507 2761 1871 2831 προσκυνοῦσι

243 2843 305 2897 τὸ
340 2844 726 2918 ὑπερκόσμιον.
763 2845 859 2899 Καί
889 2867 1022 2916 φησι
1074 2845 1211 2919 πρὸς
1257 2847 1349 2899 τὸν
1395 2847 1656 2921 μάρτυρα·
1709 2842 1872 2914 Ἰδοὺ,

236 2931 574 3008 ταλαίπωρε,
601 2934 691 2988 καὶ
729 2931 1026 3010 ὀφθαλμῶν
1059 2933 1371 3008 ἐστερήθης,
1404 2933 1492 2987 καὶ
1521 2937 1628 2987 τῶν
1689 2931 1874 3006 μελῶν

238 3021 485 3075 ἁπάντων
517 3021 843 3096 ἠχρείωσαι·
876 3023 1009 3076 ποία
1039 3021 1132 3076 οῦν
1162 3019 1238 3077 ἔτι
1291 3021 1533 3076 λείπεταί
1585 3041 1670 3074 σοι
1717 3021 1875 3082 ἐλπὶς

233 3109 372 3183 πρὸς
397 3109 454 3163 ’ὀν
488 3109 662 3180 μάτην
703 3109 984 3178 ἢλπισαςς
1045 3107 1222 3166 Ἀλλὰ
1273 3110 1372 3177 τήν
1434 3108 1709 3181 εὐμένειαν
1765 3113 1874 3164 τῶν

238 3201 372 3259 θεῶν
404 3195 740 3251 ἐπικάλεσαι·
772 3197 899 3259 ἴσως
932 3197 1074 3253 ἷλεοί
1132 3219 1214 3251 σοι
1268 3199 1608 3271 γενήσονται,
1657 3199 1742 3252 καὶ
1798 3199 1873 3270 μή

239 3305 296 3340 σε
325 3290 444 3346 ταῖς
477 3284 528 3339 ἐν
561 3282 692 3354 ᾅδου
715 3285 969 3339 κολάσεσι
1002 3283 1435 3359 παραδώσουσιν.

308 3375 401 3450 ξγ’,
437 3374 493 3427 '0
533 3371 590 3428 δὲ
643 3378 743 3428 τοῦ
795 3376 1031 3448 Χριστοῦ
1089 3373 1290 3450 μάρτυς
1347 3373 1570 3430 κόλασιν
1627 3373 1880 3444 ἀκούσας’

242 3460 533 3536 ἐμειδίασε·
562 3462 652 3516 καὶ
708 3484 839 3540 φησι
897 3463 1034 3536 πρὸς
1085 3463 1180 3517 τὸν
1232 3463 1522 3535 ἀσυμπαθῆ
1583 3462 1671 3517 καὶ
1726 3463 1885 3534 ἀμεί-

241 3550 428 3607 λικτον
453 3549 731 3625 τόραννοψ
765 3552 826 3604 O't
870 3550 955 3605 σοὶ
1005 3549 1116 3604 θεοί
1168 3571 1236 3622 με
1279 3556 1398 3612 ταῖς
1445 3550 1726 3606 κολάσεσιν
1781 3571 1882 3604 πα-

237 3636 732 3712 ραδώσουσινςκαὶ
790 3643 908 3702 πῶς
956 3637 1173 3702 ἐκεῖνοι,
1223 3639 1533 3714 παμμίαρε,
1581 3640 1679 3706 τὴν
1741 3636 1879 3693 ῗδίαν

236 3725 460 3782 κόλασιν
496 3728 571 3799 μὴ
633 3725 979 3804 ἐκφυγόντες,
1037 3723 1231 3788 ἄλλοις
1297 3726 1568 3801 βοηθῆσαι
1622 3724 1887 3796 δυνήσον-

238 3834 364 3883 tut;
402 3814 658 3876 Ἐκείνοις
691 3815 1022 3887 ἡτοίμασται
1071 3813 1132 3868 τὸ
1179 3817 1286 3887 πῦρ
1331 3814 1393 3868 τὸ
1443 3814 1688 3884 αἰώνιον,
1736 3816 1883 3888 [390]

239 3903 466 3964 ἐκείνοις
499 3904 526 3958 6
559 3905 838 3976 Τάρταρος
868 3903 956 3956 καὶ
993 3903 1043 3956 oi
1098 3899 1403 3970 σκώληκες,
1453 3902 1540 3955 καὶ
1575 3903 1602 3956 6
1637 3902 1885 3978 βρυγμὸς

235 3997 344 4048 τῶν
379 3991 614 4047 ὀδόντων
648 3993 675 4046 6
709 3990 939 4065 μηδέπω
969 3991 1294 4065 παυόμενος·
1350 3993 1466 4064 μεθ’
1520 3992 1592 4045 ὧν
1648 3992 1732 4046 καὶ
1783 3991 1879 4046 αὖα

232 4083 324 4143 τὸς
384 4077 736 4155 παραδοθήσῃ
787 4085 865 4152 τῷ
917 4079 1122 4152 αίωνίῳ
1180 4079 1272 4134 καὶ
1328 4077 1671 4151 ἀτελευτήτῳ
1727 4079 1882 4152 πυρὶ,

242 4169 318 4232 τίς
351 4169 520 4224 αἰῶνα
548 4167 1044 4240 κολασθησόμενοςο
1078 4169 1162 4223 ’ὁτι
1201 4168 1294 4223 τὸν
1328 4169 1550 4243 σταυρὸν
1599 4165 1696 4222 τοῦ
1745 4165 1881 4222 Θεοῦ

242 4257 639 4326 κατεπάτησας,
691 4261 780 4310 καί
837 4257 898 4310 τὸ
957 4259 1093 4329 αἷμα
1141 4255 1206 4309 τὸ
1261 4254 1505 4326 τίμιονὸ
1537 4255 1666 4328 ὑπὲρ
1724 4255 1883 4325 ἡμῶν

241 4347 475 4421 ἐξέχεεν,
505 4347 691 4400 κοινὸν
723 4347 942 4418 ἡγήσω,
969 4340 1249 4420 ἐνυϐρίσας
1278 4344 1340 4398 τὸ
1391 4347 1606 4416 Πνεῦμα
1652 4349 1750 4412 τῆς
1779 4339 1884 4416 χᾶ-

243 4455 389 4510 ριτος
418 4433 469 4488 ἐν
503 4434 548 4504 ᾦ
577 4434 867 4508 ἡγιάσθης,
913 4430 1166 4504 δαίμοσιν
1224 4430 1492 4506 ὀλεθρίοις
1535 4429 1880 4503 πειθόμενος.

240 4524 400 4594 Ἐμοὶ
433 4519 490 4576 δὶ
522 4522 653 4596 ὑπὲρ
684 4520 877 4575 τούτου
925 4525 1020 4574 τοῦ
1082 4523 1278 4594 μικροῦ
1335 4519 1580 4592 καμάτου
1638 4520 1728 4572 καὶ
1783 4521 1884 4583 τῆς

2059 1173 2146 1224 62.
2168 1172 2292 1235 Quo
2315 1171 2458 1239 viso,
2493 1171 2754 1226 nefarius
2799 1171 3065 1226 Julianus
3105 1175 3342 1240 stupore
3371 1169 3628 1224 maximo

1987 1259 2233 1314 affectus
2265 1265 2374 1326 est,
2408 1264 2466 1313 et
2521 1259 2851 1314 astantibus
2913 1259 3094 1314 dixit:
3146 1257 3445 1312 Videtisne
3499 1272 3634 1328 spe—

1985 1347 2279 1401 ctaculum
2313 1348 2423 1402 hoc
2454 1364 2671 1402 novum
2705 1353 2762 1401 et
2802 1345 3226 1418 compendium
3259 1344 3427 1409 illud,
3475 1343 3633 1415 quod

1985 1434 2055 1488 ad
2110 1434 2434 1490 humanam
2493 1442 2772 1490 naturam
2821 1436 3124 1506 pertinere
3180 1450 3299 1487 non
3355 1431 3629 1486 videtur?

1984 1525 2189 1577 Nonne
2221 1540 2392 1595 sagus
2421 1529 2478 1578 et
2506 1525 2840 1578 incantator
2872 1529 2960 1577 est
2990 1523 3099 1576 iste
3121 1521 3149 1575 ?
3173 1527 3274 1575 aut
3324 1525 3622 1591 spectrum

1983 1611 2278 1680 quoddam
2312 1616 2370 1666 et
2395 1611 2698 1666 fallacium
2730 1611 3066 1666 daemonum
3098 1607 3426 1663 indicium?
3457 1609 3622 1661 Nunc

1982 1700 2127 1754 mihi
2152 1717 2498 1771 persuasum
2527 1707 2617 1755 est
2642 1700 2983 1771 Euripidem
3008 1699 3334 1770 sapientem
3357 1696 3538 1751 fuisse
3561 1700 3622 1750 et

1980 1789 2301 1844 multarum
2332 1806 2531 1844 rerum
2563 1789 2812 1845 scientia
2838 1788 3185 1859 pollentem,
3224 1785 3458 1856 quando
3487 1784 3615 1839 haec

1980 1878 2042 1932 in
2073 1879 2275 1933 Oreste
2305 1878 2758 1950 philosophatur
2783 1893 2796 1930 :

2119 1985 2236 2038 Non
2267 1989 2342 2039 est
2373 1985 2491 2038 ulla
2519 1985 2654 2038 adeo
2687 1983 2950 2038 terribilis
2979 1982 3129 2036 dictu
3157 1995 3263 2047 res,

2118 2056 2298 2124 Neque
2327 2054 2580 2122 afﬂictio,
2615 2071 2788 2123 neque
2817 2053 3084 2107 divinitus
3113 2053 3274 2106 missa
3303 2051 3608 2124 calamitas,

2118 2123 2286 2194 Cujus
2301 2126 2520 2194 pondus
2551 2126 2786 2178 hominis
2814 2131 3018 2178 natura
3045 2139 3155 2176 non
3182 2123 3466 2176 sustineat.

1977 2231 2089 2284 Per
2119 2229 2260 2284 deos
2302 2230 2670 2284 immortales
2725 2235 2782 2283 et
2838 2228 3107 2294 invictos,
3167 2243 3286 2280 non
3345 2226 3610 2295 suspica-

1977 2317 2101 2381 bar,
2134 2317 2266 2383 viri,
2297 2317 2454 2371 hunc
2486 2317 2802 2371 scelestum
2835 2322 2893 2370 et
2922 2315 3170 2386 impium
3221 2311 3412 2368 adhuc
3455 2314 3613 2366 inter

1976 2406 2132 2459 vivos
2162 2406 2511 2476 computari.
2545 2406 2706 2459 Nunc
2738 2421 2893 2473 vero,
2954 2402 3272 2458 visceribus
3321 2401 3524 2456 effusis
3555 2407 3614 2455 et

1976 2495 2204 2565 integra
2232 2493 2453 2548 ossium
2483 2509 2762 2564 compage
2811 2492 3097 2562 disrupta,
3142 2495 3408 2545 movetur
3437 2494 3495 2543 et
3522 2489 3612 2543 lo-

1978 2582 2199 2652 quitur.
2232 2580 2345 2636 Sed
2374 2581 2455 2635 dii
2508 2580 2678 2634 illum
2735 2585 3108 2634 reservarunt
3159 2578 3231 2633 ad
3287 2577 3610 2632 multorum

1979 2670 2290 2725 hominum
2315 2669 2763 2735 correctionem,
2797 2673 2864 2721 ut
2884 2673 3040 2721 esset
3063 2665 3406 2719 terriculum
3431 2663 3501 2718 iis
3515 2665 3620 2735 qui

1981 2758 2278 2814 caalestem
2311 2775 2516 2812 eorum
2545 2757 2872 2829 potentiam
2899 2772 3019 2810 non
3052 2754 3317 2809 adorant.
3379 2753 3618 2825 Martyri

1982 2853 2177 2904 autem
2210 2845 2358 2901 dixit
2386 2864 2399 2902 :
2432 2847 2537 2910 En,
2571 2846 2772 2911 miser,
2808 2851 2867 2900 et
2896 2843 3082 2898 oculis
3111 2842 3372 2913 privatus
3427 2857 3511 2908 es,
3562 2845 3621 2895 et

1983 2934 2247 2989 omnium
2276 2933 2678 2988 membrorum
2710 2947 2884 2986 usum
2916 2929 3189 2986 amisisti.
3232 2929 3369 2993 Quas
3417 2929 3618 2997 itaque

1985 3039 2118 3095 spes
2149 3023 2209 3076 in
2241 3039 2376 3077 eum
2406 3022 2513 3075 tibi
2546 3026 2815 3092 superest
2844 3021 2906 3074 in
2956 3036 3131 3090 quem
3171 3019 3388 3072 frustra
3418 3032 3619 3088 spera-

1985 3111 2104 3166 sti?
2131 3113 2345 3165 Verum
2377 3110 2623 3165 deorum
2655 3109 3078 3180 benignitatem
3124 3107 3365 3162 invoca:
3420 3105 3622 3160 forsan

1987 3199 2093 3254 tibi
2124 3199 2625 3270 propitiabuntur,
2657 3215 2767 3253 nec
2793 3196 3030 3252 tradent
3076 3201 3130 3250 te
3177 3194 3483 3266 suppliciis
3537 3193 3621 3247 in-

1908 3283 1951 3350 C'.
1989 3288 2162 3343 ferni.

2067 3378 2154 3431 63.
2185 3374 2292 3429 Sed
2323 3374 2537 3429 Christi
2593 3378 2837 3444 martyr,
2896 3371 3144 3428 audiens
3195 3371 3518 3426 immanem
3567 3373 3626 3423 et

1992 3465 2426 3536 implacabilem
2454 3471 2770 3536 tyrannum
2796 3463 3085 3535 supplicia
3105 3462 3470 3532 loquentem,
3496 3459 3628 3516 sub-

1992 3553 2123 3608 risit
2144 3559 2202 3608 et
2217 3554 2396 3609 dixit:
2430 3553 2598 3608 Diine
2640 3554 2722 3607 tui
2749 3551 3059 3623 suppliciis
3087 3567 3180 3604 me
3209 3550 3493 3604 tradent?
3522 3548 3627 3604 sed

1991 3642 2310 3711 quomodo,
2342 3641 2678 3704 maledicta,
2711 3641 2830 3706 isti,
2866 3656 3001 3693 cum
3041 3639 3347 3709 proprium
3398 3637 3624 3708 suppli-

1990 3729 2145 3782 cium
2179 3745 2297 3783 non
2330 3728 2660 3799 eﬂ'ugerint,
2688 3727 2820 3781 aliis
2851 3726 3122 3780 auxiliari
3154 3725 3475 3796 poterunt?
3500 3723 3626 3777 Illis

1991 3822 2231 3888 paratus
2265 3822 2354 3870 est
2382 3816 2534 3887 ignis
2566 3822 2844 3880 aalernus,
2905 3813 3026 3868 illis
3071 3814 3344 3868 Tartarus
3401 3817 3458 3866 et
3500 3827 3625 3865 ver-

1988 3922 2105 3982 mes
2135 3909 2193 3959 et
2233 3904 2451 3959 stridor
2505 3903 2797 3969 dentium,
2854 3903 2953 3973 qui
3008 3918 3313 3973 nunquam
3373 3901 3624 3957 desinet.

1990 3997 2134 4050 Cum
2164 3997 2377 4067 quibus
2414 4001 2475 4050 tu
2524 4011 2758 4065 quoque
2809 3995 3059 4050 traderis
3105 3994 3226 4065 igni
3287 3999 3508 4048 interno
3571 3996 3629 4045 et

1989 4083 2480 4156 inexstinguibili,
2536 4085 2597 4138 in
2656 4083 2875 4138 saecula
2919 4081 3290 4152 puniendus:
3340 4081 3480 4150 quia
3526 4079 3628 4133 Dei

1990 4189 2225 4229 crucem
2256 4174 2637 4239 conculcasti,
2670 4173 3031 4227 contumelia
3060 4169 3307 4226 affecisti
3343 4169 3625 4241 Spiritum

1989 4262 2293 4316 charitatis
2320 4263 2379 4314 in
2411 4277 2526 4331 quo
2568 4259 2970 4315 sanctificatus
3028 4275 3112 4322 es,
3173 4263 3230 4313 et
3277 4256 3628 4329 perniciosis

1991 4349 2361 4403 daemonibus
2380 4348 2730 4418 obsequium
2753 4347 3123 4418 praestitisti?
3139 4346 3275 4400 Mihi
3299 4351 3495 4400 autem
3519 4362 3629 4416 pro

1991 4437 2105 4493 levi
2128 4437 2330 4492 labore
2362 4442 2419 4491 et
2448 4437 2605 4491 brevi
2649 4437 2933 4503 cruciatu,
2966 4451 3142 4505 quem
3172 4434 3318 4489 mihi
3351 4432 3629 4497 intulisti,

1989 4527 2176 4582 multa
2195 4526 2453 4598 reposita
2470 4530 2604 4579 sunt
2628 4525 2870 4595 praamia
2887 4529 2945 4577 et
2961 4538 3194 4577 coronas
3215 4520 3634 4590 victoriw,qui-

244 4610 496 4671 εὒτελοῦς
523 4609 788 4684 τιμωρίας
817 4611 884 4677 ἧς
939 4629 1032 4680 μοι
1079 4609 1476 4683 προσήνεγκας,
1523 4605 1709 4662 πολλά
1760 4607 1876 4660 ἀντ-

1994 4615 2102 4669 bus
2130 4614 2332 4685 cingar
2383 4611 2760 4683 sempiternis
2787 4611 3010 4681 nuptiis
3041 4625 3172 4664 cum
3206 4609 3434 4662 Christo
3460 4623 3634 4662 accu-

246 4699 643 4769 αποδοθήσεται
694 4694 902 4752 ἔπαθλα
949 4696 1037 4751 καὶ
1090 4694 1340 4773 στέφανοι
1403 4698 1736 4769 νικητήριοι,
1796 4695 1886 4756 οῦς

249 4786 590 4860 ἀναδήσομαι
623 4787 700 4850 είς
726 4786 819 4841 τὸν
854 4787 1122 4857 ἀκήρατον
1154 4787 1417 4860 νυμφῶνα
1477 4784 1609 4854 μετά
1650 4785 1884 4857 Χριστοῦ

244 4876 768 4948 ἀνακλιθησόμενος,
800 4874 888 4928 καὶ
935 4873 1211 4928 ταινιώσει
1274 4892 1378 4945 μου
1433 4871 1534 4940 τὴν
1582 4869 1824 4939 κεφαλὴν
1858 4873 1885 4925 6

245 4964 520 5034 Δεσπότης
549 4962 780 5036 Χριστὸς
837 4962 968 5036 ὑπὲρ
1033 4961 1096 5016 τὸ
1154 4959 1430 5037 ἐφήμερον
1489 4959 1704 5035 στέφος,
1753 4958 1884 5031 ὅπερ

250 5051 311 5106 σὺ
361 5049 718 5124 περιδὲδεσαι.
776 5047 953 5106 Ἀλλά
1000 5048 1053 5104 τί
1115 5069 1208 5121 μοι
1263 5051 1433 5102 ταῦτα
1489 5047 1624 5122 πρὸς
1682 5046 1738 5100 σὲ
1791 5046 1884 5100 τὸν

251 5135 416 5208 ἀσεϐῆ
447 5140 538 5194 καὶ
571 5137 845 5211 ἀλάστορα
899 5137 1199 5212 τύραννον;
1257 5136 1520 5205 ἀπόστηθι
1581 5135 1671 5188 ἀπ’
1727 5132 1885 5207 ἐμοῦ,

245 5229 673 5303 παρανομώτατε
741 5229 827 5282 καὶ
888 5231 1104 5282 πάντων
1155 5224 1450 5300 ἀνθρώπων
1535 5223 1883 5278 ἀνοσιώτατε·

245 5315 396 5373 δίδου
428 5317 694 5394 ἀπόφασιν
716 5318 832 5371 κατ’
871 5315 1006 5389 ἐμοῦ
1061 5315 1248 5371 ὁποίαν
1297 5313 1521 5384 ἐθέλεις,
1566 5312 1656 5366 καὶ
1711 5312 1826 5366 οἳαν
1859 5313 1887 5367 6

247 5410 484 5464 Σατανᾶς
515 5405 542 5457 6
571 5409 840 5458 κατοικῶν
873 5404 924 5459 ἐν
956 5408 1024 5478 τῇ
1055 5407 1208 5478 ψυχῇ
1243 5424 1338 5457 σου
1379 5397 1589 5476 ἐμϐάκῃ
1623 5421 1728 5454 σοι·
1779 5398 1888 5475 ἐγὼ

1995 4703 2246 4757 biturus.
2271 4704 2339 4756 Et
2359 4701 2594 4755 ornabit
2614 4706 2881 4770 tempora
2902 4714 3034 4753 mea
3059 4697 3326 4751 Christus
3348 4694 3630 4748 Dominus

1997 4790 2401 4844 excellentiori
2435 4805 2522 4855 ea,
2553 4804 2669 4857 qua
2699 4793 2762 4841 tu
2792 4786 2866 4842 ad
2896 4787 3053 4841 diem
3086 4783 3358 4855 cingeris,
3393 4796 3632 4836 corona.

1997 4875 2108 4930 Sed
2135 4875 2278 4945 quid
2309 4875 2457 4929 mihi
2488 4876 2613 4928 haec
2644 4873 2716 4928 ad
2786 4879 2840 4928 te
2888 4873 3136 4944 impium
3176 4876 3233 4924 et
3283 4867 3636 4922 sceleratum

2003 4969 2320 5034 tyrannum
2342 4963 2369 5016 ?
2397 4962 2642 5017 Discede
2673 4979 2708 5016 a
2736 4979 2852 5030 me,
2885 4958 3248 5030 nequissime
3279 4961 3337 5010 et
3365 4955 3635 5011 omnium

1996 5050 2346 5122 impiissime
2375 5050 2683 5122 ;profer‘in
2701 5066 2794 5104 me
2819 5049 3054 5119 qualem
3077 5045 3350 5114 volueris,
3369 5043 3605 5116 qualem
3622 5075 3634 5085 -

1996 5153 2110 5209 que
2136 5138 2400 5206 Satanas,
2434 5137 2532 5208 qui
2562 5138 2620 5190 in
2652 5137 2850 5192 anima
2897 5140 2996 5189 tua
3037 5132 3281 5200 habitat,
3332 5132 3438 5186 tibi
3487 5148 3631 5204 sug-

1995 5228 2266 5300 gesserit,
2299 5227 2674 5282 sententiam.
2709 5228 2823 5296 Ego
2850 5225 3006 5279 enim
3037 5223 3321 5278 voluntati
3355 5228 3468 5276 tuae
3490 5238 3631 5277 con-

1998 5317 2243 5379 tradico,
2275 5332 2468 5386 neque
2501 5313 2796 5370 mandatis
2829 5312 2944 5367 tuis
2987 5312 3349 5384 obtempero.
3382 5311 3492 5365 Fac
3522 5309 3630 5382 igi-

1999 5410 2093 5459 tur
2123 5403 2281 5475 quod
2310 5404 2416 5470 vis,
2445 5400 2920 5457 sceleratissime.

246 5494 348 5569 γάρ
378 5495 459 5563 τῷ
490 5495 568 5562 σῷ
612 5491 881 5564 θελήματι
934 5491 1342 5566 ἀντιτάσσομαι,
1402 5489 1491 5545 καὶ
1547 5495 1664 5552 τοῖς
1725 5489 2105 5566 προστάγμασί
2155 5511 2250 5546 σου
2294 5489 2400 5566 οὐχ
2456 5487 2770 5547 ὑποκύπτω.
2829 5487 2978 5544 Ποίει
3034 5485 3129 5540 οῦν
3189 5485 3219 5542 ὅ
3275 5482 3469 5554 θὲλεις,
3525 5503 3632 5539 πα-

254 5580 625 5656 ρανομώτατε.
