3964 6144
418 257 552 318 1811

1925 269 2295 326 ADDINDA.

3648 277 3763 335 1312

483 385 607 441 664.
634 387 767 443 Haec
792 393 1066 462 martyris
1088 394 1263 451 verba
1286 412 1417 451 cum
1439 399 1760 455 audivisset
1791 397 2032 454 fmdifra-

2234 386 2325 460 ξδ’.
2375 392 2554 445 Ταῦτα
2584 384 2959 465 όπαραῦάτης
3016 394 3106 448 καὶ
3163 398 3263 448 τοῦ
3320 399 3461 451 Θεοῦ
3508 396 3761 475 ἀλλότριος

415 488 521 545 gus
544 480 601 528 et
624 491 658 529 a
681 477 796 532 Deo
816 479 1046 536 alienus
1063 482 1351 547 Julianus,
1377 487 1553 542 talem
1577 488 1638 542 in
1662 505 1796 543 eum
1811 486 2057 558 protulit

417 563 815 618 sententiam:
847 570 1197 640 Artemium,
1229 575 1327 643 qui
1361 573 1502 629 deos
1530 576 1894 630 contumelia
1920 575 2057 629 affe-

415 648 514 713 cit,
550 652 841 708 Romanas
900 664 1218 729 nostraque
1276 662 1433 733 leges
1486 665 1734 735 pedibus
1788 663 2051 727 calcavit,

416 753 478 791 se
510 739 634 809 ipse
665 742 1063 801 Christianum
1095 766 1200 818 pro
1232 751 1496 807 Romano
1535 759 1592 808 et
1618 756 1814 809 Graaco
1836 752 2052 824 profes-

415 842 513 880 sus
547 832 653 894 est,
683 836 737 883 et
769 848 872 901 pro
905 833 1053 890 duce
1108 842 1167 890 et
1210 841 1501 910 augustali
1554 843 1826 897 Galilzeus
1867 842 2050 913 magis

412 916 638 972 studuit
667 922 981 984 nominari.
1011 942 1288 996 suprema
1320 933 1615 986 sententia
1630 934 1805 987 morti
1828 931 2049 986 addici-

411 1021 565 1072 mus,
600 1013 657 1060 et
687 1012 1113 1068 exsecrandum
1146 1017 1277 1085 ejus
1302 1025 1478 1087 caput
1513 1020 1706 1091 gladio
1759 1020 2051 1090 amputari

402 1092 704 1163 jubemus.
760 1101 1011 1170 Accepta
1072 1103 1411 1173 hujusmodi
1472 1110 1785 1175 sententia,
1835 1108 2049 1162 Christi

410 1188 636 1253 martyr
694 1202 965 1256 egressus
1024 1195 1114 1243 est
1171 1208 1200 1244 e
1250 1194 1508 1249 tribunal
1562 1213 1696 1250 cum
1760 1195 2049 1250 militibus

408 1269 838 1329 abducentibus
865 1292 1021 1341 eum,
1054 1278 1426 1338 laetabundus
1445 1289 1503 1337 et
1523 1285 1848 1347 exsultans,
1880 1286 2049 1355 hym-

410 1374 518 1413 nos
548 1366 794 1417 cantans
826 1369 884 1418 et
913 1365 1253 1435 gloriﬁcans
1291 1370 1587 1425 Christum
1619 1375 1851 1444 Regem.
1884 1376 2051 1429 Post-

412 1462 588 1516 quam
630 1458 1027 1519 pervenerunt
1079 1455 1152 1509 ad
1210 1456 1405 1512 locum
1465 1459 1564 1513 ubi
1618 1461 1831 1515 Christi
1888 1478 2048 1515 mar-

408 1538 501 1604 tyr
532 1542 588 1590 et
638 1537 810 1593 miles
869 1545 1444 1601 consummationem
1492 1555 1840 1621 accepturus
1900 1556 2044 1617 erat,

408 1622 556 1678 dixit
585 1625 875 1682 militibus
897 1630 997 1699 qui
1029 1648 1164 1686 eum
1223 1632 1555 1689 ducebant:
1590 1638 1838 1704 Fratres,
1872 1637 2044 1691 obse-

408 1729 507 1767 cro
537 1729 657 1780 vos,
691 1716 997 1772 concedite
1028 1720 1175 1773 mihi
1210 1721 1645 1791 aliquantulum
1669 1726 1951 1795 temporis
1973 1724 2044 1779 ad

405 1800 717 1856 orandum.
752 1803 858 1867 Qui
890 1808 1366 1876 responderunt:
1402 1812 1583 1866 Prout
1610 1812 1899 1883 placuerit
1920 1813 2043 1881 tibi,

403 1887 515 1944 fac.
550 1891 621 1943 Et
648 1908 965 1949 conversus
997 1902 1233 1951 sanctus
1266 1898 1338 1953 ad
1371 1900 1683 1970 orientem,
1742 1902 2042 1957 manibus-

406 1993 520 2048 que
553 1977 614 2034 in
649 1979 862 2036 caelum
890 1981 1120 2053 levatis,
1151 1986 1235 2040 sic
1263 1988 1488 2041 oravit:

473 2240 560 2294 65.
597 2242 824 2297 Gratias
870 2244 972 2297 tibi
1030 2260 1159 2316 ago,
1214 2248 1463 2303 Domine
1523 2249 1782 2306 Salvator
1837 2268 2039 2308 eorum

404 2328 503 2397 qui
528 2328 589 2382 in
620 2330 860 2403 veritate
896 2332 1169 2389 invocant
1198 2353 1417 2391 nomen
1450 2343 1635 2405 tuum,
1663 2340 1802 2410 quia
1831 2358 2037 2396 corro-

400 2415 621 2469 horasti
654 2434 767 2484 me,
801 2419 1109 2489 indignum
1140 2422 1429 2479 famulum
1462 2431 1650 2489 tuum,
1684 2428 1756 2482 ad
1797 2430 2039 2485 concul-

399 2502 653 2558 candum
686 2506 956 2561 stimulos
1001 2508 1243 2577 diaboli,
1306 2512 1378 2567 ad
1430 2516 1860 2571 conterendum
1911 2520 2037 2590 ejus

397 2589 639 2660 laqueos
662 2609 810 2662 quos
836 2597 1034 2664 posuit
1056 2598 1263 2653 subtus
1285 2600 1463 2670 pedes
1485 2620 1669 2666 meos.
1697 2610 1751 2658 et
1784 2606 1856 2660 ad
1896 2589 2034 2661 con-

396 2677 762 2735 fundendum
786 2689 1113 2753 apostatam
1156 2687 1477 2757 lulianum,
1510 2698 1882 2748 recusantem
1924 2696 2037 2749 im-

396 2767 626 2835 perium
650 2773 836 2836 tuum,
865 2771 1271 2829 adhaerentem
1305 2776 1539 2833 diabolo
1571 2786 1628 2834 et
1656 2780 1729 2835 iis
1762 2782 1862 2851 qui
1893 2783 2030 2838 ode-

396 2859 537 2907 runt
566 2859 644 2920 te,
674 2856 925 2925 pedibus
956 2860 1281 2917 calcantem
1310 2871 1542 2921 sanctas
1572 2868 1731 2937 leges
1780 2874 1932 2935 tuas,
1965 2888 2032 2926 ac

392 2938 588 2996 divina
612 2944 890 3000 mandata
912 2951 1011 3002 tua
1032 2950 1466 3019 profanantem.
1494 2956 1751 3010 Gratiam
1773 2957 1878 3011 tibi
1901 2975 2028 3030 ago,

392 3044 425 3081 ο
455 3029 622 3085 valde
651 3032 1010 3099 misericors,
1055 3039 1188 3105 quia
1217 3039 1583 3096 humilitatem
1632 3061 1803 3099 meam
1848 3063 2026 3116 respe-

2165 476 2462 540 Ἰουλιανὸς
2501 478 2733 543 ἀκούσας
2786 480 2930 554 παρᾶ
2985 485 3083 536 τοῦ
3149 487 3444 559 μάρτυρος,
3499 485 3765 566 ἀπεφήνατο

2161 568 2277 622 κατ’
2335 566 2500 622 αὐτοῦ
2553 568 2779 638 ταυτηνὶ
2835 572 2933 637 τήν
2991 571 3280 647 ἀπόφασιν*
3377 574 3651 649 Ἀρτέμιον
3695 582 3764 635 τὸν

2156 654 2283 716 τοὺς
2316 654 2470 719 θεοὺς
2501 650 2869 729 ἔνυϐρίσαντα,
2902 659 2989 712 καὶ
3050 660 3177 722 τοὺς
3224 661 3567 734 Ῥωμαϊκούς
3607 688 3658 721 τε
3697 672 3763 724 eui

2159 742 2460 818 ἡμετέρους
2544 747 2991 815 καταπατήσαντα
3073 747 3301 819 νόμους,
3368 753 3672 824 Χριστιανόν
3718 778 3760 812 τε

2160 831 2318 885 αὑτὸν
2353 832 2467 885 ἀντὶ
2498 833 2767 905 Ῥωμαίου
2797 834 2885 888 καὶ
2917 834 3197 905 Ἕλληνος
3247 838 3756 915 καθομολογήσαντα,

2159 920 2246 974 καὶ
2281 920 2395 974 ἀντὶ
2430 918 2620 982 δουκὸς
2661 922 2747 975 καὶ
2807 922 3211 996 αύγουσταλίου
3268 926 3562 982 Γαλιλαῖον
3609 932 3759 987 ἑαυτὸν

2159 1007 2521 1079 ὀνομάσαντα,
2550 1012 2618 1082 τῇ
2648 1009 2934 1081 τελευταίᾳ
2988 1016 3084 1066 τοῦ
3133 1014 3364 1068 θανάτου
3414 1015 3760 1087 παραδεδώκα-

2160 1116 2255 1168 μεν
2284 1099 2473 1169 ψήφῳ,
2504 1098 2603 1164 τὴν
2640 1099 2835 1171 μιαρὰν
2868 1098 3033 1153 αὐτοῦ
3087 1101 3328 1179 κεφαλὴν
3381 1103 3516 1177 ξίφει
3560 1106 3757 1177 ἐκκοπῆ-

2156 1204 2243 1237 ναι
2297 1183 2664 1246 κελεύσαντες.
2718 1186 2931 1256 Ταύτην
2980 1187 3077 1242 οῦν
3133 1190 3234 1258 τήν
3292 1191 3556 1268 ἀπόφασιν
3612 1198 3636 1250 ὁ
3683 1202 3756 1251 τοῦ

2154 1273 2392 1345 Χριστοῦ
2428 1275 2631 1348 μάρτυς
2676 1272 2982 1348 δεξάμενος,
3040 1274 3335 1347 ἐξελήλυθε
3389 1285 3487 1335 τοῦ
3546 1284 3756 1358 βήματος

2160 1362 2308 1434 [391]
2340 1361 2474 1433 μετὰ
2500 1366 2606 1415 τῶν
2661 1361 2973 1437 ἂπαγόντων
3033 1364 3193 1419 αὐτὸν
3249 1371 3604 1443 στρατιωτῶν,
3655 1374 3752 1448 χαί-

2157 1469 2264 1522 ρων
2293 1450 2381 1502 καὶ
2413 1448 2855 1523 άγαλλιώμενος,
2906 1451 3227 1528 ὑμνολογῶν
3280 1458 3371 1509 καὶ
3422 1454 3642 1528 δοξάζων
3682 1462 3752 1515 τὸν

2159 1535 2384 1611 βασιλέα
2439 1538 2690 1612 Χριστόν.
2750 1539 3057 1604 Φθάσαντες
3114 1539 3173 1595 δὶ
3228 1544 3321 1598 τὸν
3374 1544 3539 1600 τόπον
3596 1548 3663 1610 εἰς
3709 1550 3751 1604 όν

2154 1620 2381 1697 ἔμελλεν
2409 1628 2436 1681 ὁ
2465 1630 2560 1681 τοῦ
2598 1628 2833 1700 Χριστοῦ
2892 1632 3229 1702 στρατιώτης
3286 1635 3380 1688 καὶ
3441 1637 3631 1709 μάρτυς
3676 1640 3753 1706 τήν

2151 1712 2432 1769 τελείωσιν
2466 1711 2733 1787 δέξασθαι,
2765 1709 2864 1786 ἔφη
2915 1718 3051 1792 πρὸς
3099 1718 3228 1783 τοὺς
3272 1722 3569 1798 ἀπάγοντας
3617 1726 3747 1781 αὐτὸν

2156 1804 2504 1875 στρατιώταις’
2539 1802 2819 1881 Ἀδελφοῖ,
2875 1807 3175 1881 παρακαλῶ
3234 1811 3399 1883 ὑμᾶς,
3458 1811 3625 1869 ἔνδοτέ
3675 1837 3746 1887 μοι

2159 1894 2350 1967 μικρὸν
2382 1898 2477 1948 τοῦ
2526 1894 2934 1968 προσεύξασθαι·
2995 1899 3047 1951 οἱ
3096 1896 3154 1953 δὶ
3198 1902 3338 1975 πρὸς
3398 1902 3551 1958 αὐτὸν
3606 1908 3746 1961 εἷποψ

2153 1982 2239 2043 Ὧς
2287 1978 2398 2036 ἔστι
2458 2002 2542 2036 σοι
2597 1983 2953 2057 καταθύμιον,
3009 1989 3263 2057 ποίησον.
3325 1991 3425 2045 Καὶ
3483 1996 3746 2070 στραφεῖςό

2153 2071 2306 2144 ἅγιος
2339 2069 2472 2125 κατὰ
2522 2070 2808 2139 ἀνατολὰς,
2859 2073 2948 2126 καὶ
3003 2077 3098 2137 τὰς
3157 2082 3353 2153 χεῖρας
3407 2079 3482 2143 εἰς
3531 2080 3745 2155 οὐρανοὺς

2149 2156 2495 2235 ἐφαπλώσας,
2529 2158 2727 2229 ηὔξατο
2755 2160 2946 2225 οὕτως.

2221 2248 2304 2318 εἰ.
2339 2245 2664 2321 Εὐχάριστῶ
2722 2269 2829 2317 σοι,
2888 2248 3128 2307 Δέσποτα
3178 2258 3365 2329 Σῶτερ
3424 2262 3527 2311 τῶν
3556 2258 3602 2312 ἐν
3630 2261 3740 2329 ἄλη·

2151 2334 2265 2405 θείᾳ
2296 2334 2740 2407 ἐπικαλουμένων
2770 2338 2833 2391 τὸ
2884 2334 3057 2412 ὄνομά
3103 2362 3219 2409 σου,
3269 2345 3356 2399 ὅτι
3405 2344 3663 2422 ένίσχυσάς
3691 2369 3740 2420 με

2145 2424 2236 2477 τόν
2270 2423 2475 2496 ἀνάξιον
2508 2422 2707 2479 δοῦλόν
2742 2446 2836 2480 σου
2889 2434 3263 2495 καταπατῆσαι
3325 2434 3392 2488 τὰ
3444 2436 3622 2510 κέντρα
3664 2440 3738 2490 τοῦ

2148 2507 2545 2581 διαϐόλου,καὶ
2578 2513 2857 2587 συντρῖψαι
2889 2515 2984 2578 τὰς
3029 2517 3194 2572 αὐτοῦ
3244 2520 3479 2597 παγίδας
3519 2507 3574 2586 ἇς
3620 2520 3733 2579 ἔθετο

2148 2598 2491 2663 ὑποκάτωθεν
2547 2606 2655 2656 τῶν
2714 2600 2895 2657 ποδῶν
2958 2626 3083 2677 μου,
3141 2608 3230 2662 καὶ
3288 2617 3625 2687 καταισχῦναι
3667 2614 3734 2666 τὸν

2146 2690 2450 2757 ἂποστάτην
2502 2687 2799 2745 Ἰουλιανὸν
2853 2693 2942 2747 τὸν
3001 2694 3473 2770 άποσκιρτήσαντα
3522 2708 3612 2769 τῆς
3658 2704 3728 2767 σῆς

2144 2773 2477 2845 δεσποτείας,
2508 2779 2597 2831 καὶ
2628 2777 3113 2852 προσκολληθέντα
3140 2786 3220 2857 τῷ
3252 2782 3496 2861 διαϐόλῳ
3541 2789 3618 2843 καὶ
3642 2795 3730 2851 τοῖς

2145 2865 2362 2935 μισοῦσί
2411 2882 2485 2919 σε·
2546 2866 2637 2920 τὸν
2696 2871 3148 2939 καταπατήσαντα
3203 2873 3335 2937 τοὺς
3391 2876 3581 2947 νόμους
3629 2876 3724 2938 τοὺς

2141 2951 2325 3025 ἁγίους
2350 2973 2467 3019 σου,
2524 2953 2614 3007 καὶ
2672 2950 3063 3027 βεϐηλώσαντα
3117 2960 3185 3014 τὰ
3240 2956 3396 3017 ἔνθεά
3452 2985 3541 3017 σου
3588 2984 3722 3038 apoc—

2136 3041 2406 3114 τάγματα·
2441 3042 2746 3117 εὐχαριστῶ
2778 3065 2883 3113 σοι,
2916 3046 3286 3121 φιλάνθρωπε,
3318 3051 3401 3105 ὅτι
3449 3050 3633 3113 ἐπεῖδες
3658 3051 3721 3105 iui

390 3118 546 3179 misti,
578 3134 753 3187 neque
783 3124 1100 3179 conclusisti
1128 3143 1211 3180 me
1259 3129 1317 3180 in
1360 3131 1611 3184 manibus
1658 3133 2025 3199 inimicorum,

2143 3130 2235 3195 τήν
2294 3129 2614 3183 ταπείνωσίν
2671 3151 2798 3202 μου,
2854 3132 2943 3186 καὶ
3026 3133 3087 3188 ού
3162 3139 3508 3202 συνέπλεισάς
3562 3160 3619 3213 με
3663 3140 3719 3199 εἷς

386 3206 482 3261 sed
499 3210 736 3276 posuisti
768 3213 826 3263 in
858 3213 1156 3267 latitudine
1178 3217 1344 3284 pedes
1391 3235 1534 3273 meos
1583 3227 1634 3274 et
1677 3228 1850 3277 rectos
1889 3227 2025 3291 feci-

388 3295 462 3347 sti
506 3312 716 3363 gressus
771 3298 972 3353 meos3.
1034 3301 1261 3355 Gratias
1321 3304 1425 3357 tibi
1501 3323 1630 3377 ago,
1716 3310 2025 3380 Unigenite

390 3381 644 3435 Verbum
674 3383 877 3451 Patris,
911 3388 1050 3456 quia
1079 3406 1172 3443 me
1203 3390 1476 3460 dignatus
1506 3410 1568 3447 es
1589 3394 1787 3450 bravio
1820 3415 2023 3468 super-

385 3484 477 3522 naa
506 3471 832 3525 vocationis
878 3479 936 3527 et
982 3476 1159 3531 choro
1206 3484 1545 3536 sanctorum
1599 3487 1853 3547 tuorum,
1886 3486 2025 3556 quia

388 3559 813 3612 consummasti
837 3577 931 3615 me
965 3561 1024 3616 in
1057 3562 1141 3616 tui
1186 3566 1581 3630 confessione,
1638 3576 1695 3623 et
1746 3572 2022 3627 ruborem

386 3641 639 3698 elicuisti
668 3647 739 3700 iis
772 3648 869 3717 qui
900 3658 1282 3707 surrexerunt
1306 3654 1619 3711 adversum
1642 3675 1756 3713 me.
1777 3661 1846 3713 Et
1866 3676 2023 3714 nunc

380 3729 587 3786 invoco
619 3736 696 3797 te,
729 3736 993 3801 Domine,
1026 3741 1255 3810 respice
1286 3742 1344 3796 in
1381 3760 1473 3797 me
1508 3750 1565 3799 et
1594 3745 1666 3798 ad
1698 3747 1874 3802 verba
1910 3748 2019 3801 hu-

380 3818 651 3874 militatis
685 3840 855 3893 meae,
879 3825 952 3879 da
978 3827 1345 3899 refrigerium
1372 3830 1701 3889 haereditati
1727 3840 1859 3903 tua},
1886 3836 2025 3907 quia

384 3904 684 3961 infirmata
717 3915 805 3962 est
834 3927 943 3965 nec
974 3916 1338 3971 confirmasti
1398 3935 1549 3973 eam.
1601 3923 1865 3985 Quoniam
1909 3942 2025 3978 ecce

384 3995 602 4048 inimici
633 3999 714 4049 tui
743 4008 1084 4055 sonuerunt:
1127 4009 1180 4056 et
1210 4007 1306 4073 qui
1337 4007 1567 4061 oderunt
1597 4015 1666 4079 te,
1709 4012 2025 4066 extulerunt

384 4089 567 4150 caput.
618 4084 794 4154 Super
832 4089 1106 4157 populum
1161 4099 1314 4146 tuum
1361 4096 1805 4164 malignaverunt
1850 4103 2021 4155 consi-

385 4169 557 4223 lium:
600 4177 650 4224 et
680 4176 1059 4242 cogitaverunt
1110 4180 1366 4235 adversus
1404 4190 1616 4239 sanctos
1668 4192 1805 4241 tuos.
1857 4190 2021 4242 Dixe-

381 4262 517 4311 runt
546 4274 564 4309 :
605 4260 815 4327 Venite,
849 4270 901 4317 et
948 4266 1324 4334 disperdamus
1371 4287 1459 4325 eos
1488 4273 1553 4326 de
1596 4281 1757 4341 gente
1789 4291 1801 4328 :
1834 4282 1886 4330 et
1913 4293 2024 4331 non

381 4351 708 4399 memoretur
734 4365 927 4404 nomen
961 4353 1166 4408 Christi
1194 4357 1346 4411 ultra
1376 4358 1415 4411 ‘.
1452 4360 1583 4414 Haec
1607 4361 1794 4431 jactat
1840 4363 2018 4418 Julia-

2138 3222 2326 3291 χεῖρας
2394 3218 2633 3292 ἐχθρῶν,
2691 3216 2817 3272 ἀλλ’
2876 3216 3101 3291 ἔστησας
3158 3222 3209 3279 ἐν
3275 3227 3566 3303 εὐρυχώρῳ
3624 3226 3719 3286 τοὺς

2132 3302 2301 3367 πόδας
2337 3327 2461 3377 μου,
2494 3307 2583 3360 καὶ
2639 3306 2963 3371 κατεύθυνας
3010 3311 3076 3366 τὰ
3125 3302 3439 3388 διαϐήματά
3485 3339 3597 3389 μου.
3640 3314 3718 3372 Εὖ-

2132 3397 2381 3469 χαριστῶ
2412 3414 2516 3460 σοι,
2553 3397 2840 3469 μονογενὶς
2874 3399 3017 3473 Αόγε
3046 3405 3143 3455 τοῦ
3170 3406 3402 3474 Πατρὸς,
3426 3404 3504 3460 ὅτι
3524 3404 3716 3474 ἡξίωσάς

2137 3502 2202 3554 με
2229 3482 2324 3535 τοῦ
2359 3479 2611 3555 βραϐείου
2638 3489 2740 3551 τῆς
2770 3484 2880 3539 ἅνω
2908 3485 3178 3557 κλήσεως,
3209 3493 3301 3546 καὶ
3333 3499 3427 3549 τοῦ
3456 3498 3608 3568 χοροῦ
3632 3496 3713 3545 τῶν

2134 3568 2303 3642 ἁγίων
2334 3590 2452 3637 σου,
2476 3570 2562 3624 καὶ
2595 3569 2911 3633 ἐτελείωσάς
2945 3597 3011 3646 με
3042 3575 3093 3630 ἐν
3123 3582 3192 3651 τῇ
3225 3580 3492 3657 ὁμολογίᾳ
3520 3602 3620 3647 σου,
3644 3578 3713 3632 καὶ

2131 3657 2478 3731 κατῄσχυνας
2515 3657 2642 3720 τοὺς
2701 3658 3157 3734 ἐπανισταμένους
3214 3666 3298 3722 ἐπ’
3355 3668 3466 3742 ἐμέο
3519 3669 3594 3723 καὶ
3642 3670 3711 3718 νῦν

2133 3743 2499 3818 ἐπικαλοῦμαῖ
2530 3768 2605 3813 σε,
2636 3744 2897 3819 Δέσποτα,
2930 3748 3081 3807 ἔπιδε
3112 3753 3194 3808 ἐπ’
3238 3755 3337 3829 ἐμὲ
3380 3757 3466 3813 καὶ
3508 3756 3585 3811 ἐπὶ
3622 3757 3711 3811 τοῖς

2134 3833 2343 3910 ῥήμασί
2371 3856 2475 3907 μου
2504 3841 2622 3898 τοῖς
2652 3845 2944 3905 ταπεινοῖς,
2975 3842 3064 3895 καὶ
3097 3840 3186 3905 δὸς
3217 3845 3497 3921 ἀναψυχὴν
3524 3849 3582 3918 τῇ
3608 3843 3713 3912 κλη-

2133 3922 2367 3996 ρονομία
2398 3944 2513 3990 σου,
2547 3922 2627 3978 ὅτι
2659 3925 2953 3996 ἠσθένησεν
2979 3930 3068 3983 καὶ
3099 3932 3160 3985 ού
3191 3938 3511 4007 κατηρτήσω
3561 3932 3709 4000 αὐτήν.

2133 4008 2273 4066 Ἰδοὺ
2304 4012 2405 4084 γὰρ
2434 4011 2485 4064 oi.
2542 4010 2731 4088 ἐχθροί
2781 4035 2875 4069 σου
2930 4015 3172 4092 ἤχησαν,
3230 4024 3319 4076 καὶ
3375 4023 3424 4077 οἱ
3481 4018 3708 4095 μισοῦντές

2132 4118 2190 4151 σε
2218 4098 2353 4173 ἦραν
2404 4098 2668 4173 κεφαλήν.
2729 4103 2852 4158 Ἐπὶ
2907 4105 2997 4159 τὸν
3058 4105 3188 4161 λαόν
3249 4130 3346 4165 σου
3398 4126 3707 4177 κατεπανουρ·

2129 4184 2369 4258 γήσαντο
2398 4184 2648 4257 γνώμην,
2706 4188 2793 4241 καὶ
2842 4184 3229 4248 ἐϐουλεύσαντο
3275 4198 3420 4270 [392]
3470 4195 3587 4250 κατὰ
3623 4196 3703 4245 τῶν

2130 4270 2293 4345 ἁγίων
2362 4292 2477 4326 σου.
2530 4273 2694 4328 Εἶπον
2743 4280 2867 4352 γάρ·
2937 4282 3095 4334 Δεῦτε
3149 4282 3238 4335 καὶ
3297 4283 3705 4358 ἐξολοθρεύσωμιν

2133 4358 2353 4427 αὐτοὺς,
2397 4360 2487 4413 καὶ
2537 4361 2598 4414 οὐ
2658 4364 2733 4435 μὴ
2789 4373 3003 4437 μνησθῆ
3051 4370 3113 4423 τὸ
3163 4365 3336 4444 ὄνομα
3380 4376 3472 4426 τοῦ
3521 4368 3703 4443 Χριστοῦ

380 4447 496 4486 nus
525 4449 538 4497 ;
572 4433 699 4488 haac
729 4452 861 4491 cum
887 4438 1103 4496 ﬁducia
1126 4443 1316 4497 effutit
1337 4461 1350 4509 ;
1374 4445 1500 4499 hinc
1521 4448 1784 4503 minatur
1805 4452 2020 4520 papulo

2143 4439 2227 4502 ἔτι.
2268 4446 2448 4500 Ταῦτα
2503 4450 2772 4519 κομπάζει
2830 4452 3147 4516 Ἰουλιανός·
3203 4462 3369 4514 ταῦτα
3423 4456 3698 4530 θρασύνεται·

378 4521 478 4572 tuo
503 4525 560 4573 et
589 4520 918 4578 haereditati
954 4531 1088 4589 tum.
1122 4547 1227 4598 pro
1281 4548 1395 4601 qua
1450 4536 1794 4605 sanguinem
1855 4542 2019 4593 tuum

381 4604 659 4664 efi‘udisti.
677 4610 820 4664 Ecce
845 4612 1002 4667 enim
1026 4614 1234 4671 altaria
1259 4622 1357 4672 tua
1379 4604 1594 4681 diruta,
1617 4623 2018 4678 sanctuarium

378 4696 542 4747 tuum
568 4694 701 4766 igne
725 4707 1161 4770 consumptum,
1187 4703 1365 4757 decor
1388 4706 1599 4760 domus
1622 4713 1735 4762 tua;
1761 4712 2016 4778 evanuit,

379 4784 436 4833 et
462 4783 700 4853 sanguis
726 4788 1065 4840 testamenti
1098 4790 1177 4842 tui
1227 4808 1331 4859 pro
1388 4792 1577 4848 nihilo
1627 4801 1715 4850 est
1756 4797 2015 4867 habitus,

374 4874 617 4938 propter
646 4880 885 4941 peccata
909 4880 1111 4929 nostra
1143 4882 1199 4930 et
1220 4876 1617 4948 blasphemias
1639 4900 1785 4954 quas
1813 4887 2020 4943 effudit

375 4954 551 5008 Arius
581 4957 889 5014 adversum
942 4966 1017 5027 te,
1072 4962 1399 5033 Unigenite,
1450 4973 1507 5022 et
1549 4970 1832 5040 Spiritum
1880 4990 2015 5029 san-

373 5045 533 5095 ctum
558 5048 759 5099 tuum:
789 5049 1025 5117 quando
1051 5051 1277 5106 scilicet
1299 5054 1559 5111 alienum
1583 5064 1638 5113 te
1665 5077 1794 5114 esse
1817 5062 2017 5118 docuit

372 5144 407 5183 a
444 5130 633 5186 Patris
657 5137 1271 5195 consubstantialitate
1302 5143 1550 5214 ejusque
1580 5153 1806 5204 natura:
1828 5158 2013 5207 extra-

373 5231 591 5285 neum;
627 5223 861 5290 quando
895 5231 970 5289 te,
1003 5227 1339 5284 Creatorem
1361 5233 1647 5299 omnium,
1681 5243 2010 5294 creaturam

371 5305 710 5376 appellavit,
742 5314 800 5365 et
826 5310 889 5366 in
928 5316 1192 5386 tempore
1221 5318 1418 5388 posuit
1448 5321 1548 5391 qui
1578 5321 1718 5377 fecit
1772 5327 2009 5384 saecula.

444 5544 468 5582 ³
493 5544 651 5603 Psal.
682 5562 817 5619 xxx,
848 5550 901 5606 9.
980 5548 1002 5586 ι
1030 5548 1188 5610 Paul.
1217 5566 1431 5626 una,
1463 5554 1582 5611 3-5.

2124 4537 2288 4587 ταῦτα
2320 4532 2517 4604 ἀπειλᾷ
2543 4540 2622 4607 τῷ
2662 4536 2778 4607 λαῷ
2836 4559 2931 4593 σου
2987 4542 3077 4595 καὶ
3128 4547 3196 4617 τῇ
3255 4544 3580 4617 κληρονομίᾳ
3625 4560 3695 4594 σου

2126 4620 2256 4694 ὑπὲρ
2284 4624 2347 4689 ἧς
2377 4623 2439 4676 τὸ
2471 4623 2562 4676 σὸν
2592 4627 2727 4697 αἷμα
2757 4624 2990 4701 ἐξέχεας.
3026 4628 3166 4685 Ἰδοὺ
3200 4633 3302 4707 γὰρ
3349 4635 3413 4688 τὰ
3459 4628 3695 4697 θυσιαστή-

2125 4710 2215 4782 ριά
2257 4730 2352 4763 σου
2382 4713 2810 4790 κατεσκάφησαν,
2858 4716 2947 4770 καὶ
3004 4719 3066 4772 τὸ
3124 4721 3364 4795 ἁγίασμά
3419 4743 3506 4776 σου
3558 4716 3692 4791 ἐμπέ-

2123 4819 2380 4873 πρησται,
2411 4802 2498 4853 καὶ
2549 4804 2582 4870 ἡ
2643 4803 2936 4877 εὐπρέπεια
2986 4812 3082 4861 τοῦ
3141 4809 3295 4865 οἷ’κου
3352 4833 3442 4866 σου
3495 4807 3691 4883 έξηφάνι·

2124 4908 2260 4956 σται,
2293 4888 2383 4942 καὶ
2412 4890 2473 4943 τὸ
2506 4893 2643 4959 αἷμα
2670 4898 2769 4961 τῆς
2800 4889 3061 4965 διαθήκης
3122 4919 3218 4953 σου
3268 4898 3602 4973 ἐξουδένωται,
3629 4890 3693 4946 διὰ

2119 4977 2214 5038 τὰς
2247 4978 2513 5052 ἁμαρτίας
2540 4981 2720 5050 ἡμῶν,
2775 4981 2861 5035 καὶ
2906 4983 3001 5047 τάς
3052 4985 3397 5064 βλασφημίας
3442 4990 3498 5048 ἅς
3532 4983 3689 5055 ἐξέχεεν

2120 5066 2338 5138 Ἀρειος
2367 5067 2502 5120 κατὰ
2530 5070 2626 5120 σοῦ
2654 5072 2751 5122 τοῦ
2807 5076 3141 5145 Μονογενοῦς
3184 5077 3273 5130 καὶ
3315 5080 3408 5131 τοῦ
3447 5074 3582 5147 ἁγίου
3618 5086 3688 5121 σου

2121 5152 2457 5225 Ηνεύματος,
2486 5152 2796 5229 ἀλλοτριῶν
2825 5178 2881 5212 σε
2913 5166 3010 5227 τῆς
3055 5166 3151 5215 τοῦ
3200 5165 3400 5237 Πατρὸς
3450 5153 3687 5233 ὁμοουσιόσ

2117 5260 2280 5309 τητος
2311 5241 2399 5295 καὶ
2431 5241 2701 5313 άποξενῶν
2734 5266 2791 5299 σε
2815 5253 2917 5316 τῆς
2970 5254 3136 5303 αυτοῦ
3186 5251 3409 5325 φύσεως,
3454 5248 3621 5317 κτίσμα
3644 5257 3685 5292 σε

2118 5327 2410 5385 ἀποκαλῶν
2467 5331 2559 5387 τὸν
2614 5329 2952 5411 δημιουργὸν
2994 5337 3169 5411 πάσης
3205 5348 3305 5411 τῆς
3354 5340 3572 5401 κτίσεως,
3618 5325 3682 5383 καί
