3964 6144
255 318 394 376 1313

1592 321 1650 373 Β.
1693 320 1994 374 ΔΒΤΕΜῙῘ
2032 318 2301 372 PASSIO.

3518 321 3651 377 1314

258 444 363 498 ὑπὸ
392 441 593 517 χρόνον
618 440 787 505 τιθεὶς
815 442 905 495 τὸν
933 440 1059 503 τοὺς
1094 440 1294 504 αἰῶνας
1316 438 1890 516 δημιουργήσανταζεγ

2037 441 2250 497 licebat
2284 442 2442 498 enim
2481 461 2494 498 :
2529 448 2663 500 Erat
2690 450 2946 519 tempus,
2982 447 3216 518 quando
3261 464 3380 502 non
3413 453 3540 503 erat
3567 447 3660 502 Fi-

255 532 472 609 φάσκων
507 528 733 584 οὐτωσί.
769 530 872 586 Ἠν
907 549 1038 584 ποτε
1072 529 1161 584 ’ὀτε
1217 528 1316 583 οὐκ
1369 527 1436 596 ἦν
1484 529 1512 582 ὁ
1568 527 1713 590 Υἱός·
1778 528 1906 602 βου-

257 618 472 689 λήσεως
529 618 618 672 καὶ
683 618 960 681 θελήσεως
1018 616 1141 671 Υἰόν
1175 637 1232 672 σε
1261 614 1550 670 ἀποκαλῶν
1608 617 1908 690 ὁπαρανο-

264 708 538 781 μώτατος.
579 705 735 763 Ἀλλ’
778 705 982 767 ἐκεῖνος
1045 706 1137 776 μὲν
1197 706 1224 759 ὁ
1285 699 1548 773 δυσσεϐὴς
1607 705 1753 775 εὗρεν
1808 708 1905 758 τοῦ

263 793 405 850 ἰδίου
439 796 710 867 στόματος
741 793 829 848 καί
859 800 960 863 τῆς
993 791 1187 848 ἀδίκου
1243 792 1494 867 γλώττης
1521 793 1614 854 τὰς
1645 787 1902 864 ἀμοιϐὰς,

261 884 306 938 εἰ
338 890 427 937 καί
462 885 517 938 αἰ
545 881 892 959 βλασφημίαι
942 881 1106 936 αὐτοῦ
1166 883 1406 954 μένουσι,
1462 885 1904 957 καρποφοροῦσαι

265 970 534 1043 αὐτῷτὴν
565 969 790 1024 αἰώνιον
840 970 924 1026 καὶ
983 969 1338 1038 ἀτελεύτητον
1389 969 1634 1024 κόλασιν.
1695 967 1770 1022 Σὺ
1825 964 1906 1034 δὲ,

271 1059 618 1133 μακρόθυμε,
669 1065 864 1129 στῆσον
923 1060 1022 1128 τὴν
1080 1059 1196 1112 καθ’
1252 1060 1413 1130 ἡμῶν
1467 1053 1766 1131 τυραννίδα,
1815 1055 1902 1110 καὶ

265 1143 457 1201 σϐέσον
486 1148 579 1202 τὸν
609 1147 778 1219 θυμόν
814 1167 909 1201 σου
951 1147 1044 1201 τὸν
1091 1143 1299 1201 δίκαιον
1345 1145 1435 1199 καὶ
1483 1145 1582 1212 τήν
1641 1142 1806 1221 ὅργήν
1837 1140 1904 1212 ἤν

265 1237 429 1307 ἡμεῖς
492 1233 874 1307 ἰξεκαύσαμεν,
935 1233 987 1289 ἐν
1042 1239 1122 1305 τῷ
1185 1233 1529 1309 παροργίζειν
1584 1253 1660 1301 σε,
1720 1230 1904 1306 Κύριν

264 1325 494 1399 θραῦσον
526 1329 627 1391 τῆς
689 1320 1148 1397 εἰδωλολατρείας
1195 1323 1262 1376 τὰ
1319 1321 1674 1396 ὄχυρώματα’
1716 1315 1907 1375 σϐἑσον

259 1412 385 1473 τοὺς
424 1412 647 1486 βωμοὺς
673 1415 782 1466 τῶν
815 1409 1085 1477 εἰδώλων,
1117 1411 1204 1465 καὶ
1236 1411 1337 1479 τήν
1367 1410 1585 1464 κνίσσαν
1642 1413 1750 1463 τῶν
1778 1407 1908 1462 ἀκα-

264 1500 472 1575 θάρτων
506 1501 750 1572 αἱμάτων
801 1501 1164 1555 κατάπαυσονο
1213 1497 1304 1553 ⁴¹ίνα
1362 1521 1446 1554 σοι
1496 1498 1647 1563 θυσία
1703 1497 1911 1569 καθαρὰ

263 1590 352 1644 καὶ
385 1587 717 1661 ἀναίμακτος
749 1589 1087 1662 προσάγηται
1136 1587 1190 1642 ἐν
1247 1588 1404 1642 παντὶ
1457 1588 1613 1659 τόπῳ
1667 1593 1768 1655 τῆς
1823 1581 1908 1638 δερ

268 1674 518 1738 σποτείας
549 1693 666 1730 σου·
693 1675 780 1730 ἵνα
806 1697 902 1730 σου
949 1674 1237 1746 δοξάζηται
1279 1675 1341 1730 τὸ
1395 1676 1657 1750 πανάγιον
1715 1675 1907 1745 ὄνομα,

2019 531 2175 597 lius;
2208 533 2441 587 consilii
2466 540 2524 588 et
2547 536 2871 593 voluntatis
2905 539 3116 592 Filium
3151 543 3206 592 te
3256 537 3499 593 vocabat
3531 555 3659 593 sce-

2020 619 2394 676 lestissimus.
2429 623 2538 677 Sed
2571 624 2672 679 ille
2706 627 2947 697 quidem
2996 626 3214 697 impius
3279 626 3368 680 sui
3427 627 3544 680 oris
3603 631 3661 680 et

2015 707 2256 779 perfidus
2287 709 2502 782 linguas
2517 728 2720 783 pmnas
2737 714 3107 781 luit,etiamsi
3128 714 3512 784 blasphemiae
3530 713 3659 784 ejus

2014 804 2412 867 perseverent,
2445 817 2574 869 qua)
2605 808 2844 872 pariunt
2875 803 2926 856 ei
2958 809 3245 856 aeternum
3261 818 3372 856 nec
3393 818 3656 871 unquam

2016 885 2323 940 finiturum
2343 889 2722 958 supplicium.
2755 892 2836 944 Tu
2867 892 3252 957 autem,Deus
3275 891 3656 961 longanimis,

2014 974 2272 1043 reprime
2302 976 2678 1046 tyrannidem
2709 991 2915 1033 contra
2940 995 3046 1033 nos
3081 977 3662 1042 excitatam,exstin-

2015 1076 2124 1131 gue
2151 1061 2301 1115 iram
2334 1067 2494 1116 tuam
2519 1064 2744 1135 justam
2777 1071 2952 1136 atque
2984 1065 3663 1136 indignationem,quam

2017 1163 2126 1201 nos
2158 1148 2534 1205 incendimus
2565 1152 2851 1207 irritando
2884 1158 2963 1220 te,
3024 1154 3290 1208 Domine.
3351 1153 3667 1224 Confringe

2016 1235 2370 1292 idololatria;
2401 1241 2868 1312 propugnacula,
2891 1247 3083 1297 everte
3110 1241 3405 1296 idolorum
3435 1241 3666 1309 altaria,

2019 1327 2078 1378 et
2105 1323 2338 1379 fumum
2371 1326 2662 1381 immundi
2724 1330 3030 1401 sanguinis
3088 1329 3320 1394 cohibe,
3377 1335 3444 1383 ut
3472 1327 3668 1383 hostia

2017 1429 2165 1483 pura
2185 1419 2243 1466 et
2271 1413 2580 1470 incruenta
2601 1418 2882 1472 otl‘eratur
2913 1417 3015 1470 tibi
3048 1416 3108 1471 in
3127 1418 3286 1471 omni
3313 1417 3439 1472 loco
3470 1416 3663 1471 domi-

2017 1501 2279 1556 nationis
2312 1509 2424 1558 tum
2456 1522 2468 1569 ;
2495 1510 2560 1558 ut
2587 1505 2952 1576 gloriﬁcetur
2986 1505 3429 1560 sanctissimum
3444 1521 3664 1559 nomen

2018 1594 2211 1657 tuum,
2245 1591 2432 1645 Patris
2465 1598 2523 1647 et
2552 1594 2681 1647 Filii
2733 1600 2791 1647 et
2847 1594 3097 1664 Spiritus
3156 1594 3367 1656 sancti,
3421 1609 3580 1648 nunc
3611 1597 3670 1646 et

2023 1692 2258 1747 semper
2280 1685 2337 1732 et
2365 1696 2471 1750 per
2500 1681 2700 1736 omnia
2735 1682 2952 1736 saecula
2974 1681 3350 1737 saeculorum.
3384 1686 3594 1735 Amen.

265 1771 360 1822 τοῦ
392 1767 599 1842 Πατρὸς
630 1764 719 1820 καὶ
749 1769 845 1820 τοῦ
899 1765 1028 1819 Υἳοῦ
1081 1765 1170 1820 καὶ
1227 1769 1323 1820 τοῦ
1381 1765 1540 1839 ἁγίου
1574 1761 1907 1835 Πνεύματος,
1928 1764 2016 1815 νῦν
2047 1783 2106 1818 τε
2134 1764 2222 1818 καὶ
2254 1764 2335 1819 ἀεὶ
2366 1766 2455 1820 καὶ
2487 1767 2564 1828 εἰς
2590 1767 2716 1830 τοὺς
2754 1769 2989 1830 ἅπαντας
3045 1768 3247 1830 αἰῶνας
3289 1772 3399 1823 τῶν
3429 1768 3669 1824 αἰώνων.

267 1856 474 1928 Ἀμήν.

340 1943 426 2014 ξςῖ
460 1941 554 1998 Καὶ
585 1941 777 2004 κλίνας
829 1943 898 1997 τὰ
949 1941 1151 2017 γόνατα
1204 1942 1417 2016 τρίτον,
1472 1940 1562 1996 καὶ
1593 1940 1899 2017 προσκυνήο

2081 1945 2168 1997 66.
2202 1945 2271 1998 Et
2300 1961 2434 2000 cum
2462 1951 2553 2000 ter
2582 1962 2773 2016 genua
2795 1947 3060 2002 ﬂexisset
3079 1951 3255 2018 atque
3276 1946 3670 2002 adorassetad

273 2051 368 2095 σας
399 2033 537 2086 κατὰ
568 2027 860 2100 ἀνατολὰς,
891 2030 1237 2104 προσηύξατο
1267 2027 1434 2084 πάλιν
1493 2027 1693 2105 λέγων·
1728 2029 1824 2084 Θεὶ
1862 2027 1922 2083 ἐκ

273 2123 428 2187 Θεοῦ,
494 2121 627 2192 μόνε
685 2121 832 2193 [393]
887 2118 946 2174 ἐκ
1005 2119 1195 2192 μόνου,
1240 2116 1469 2173 Βασιλεῦ
1517 2117 1578 2173 ἐκ
1631 2114 1919 2194 βασιλέως,

276 2209 304 2262 ὁ
335 2206 386 2262 ἰν
420 2206 674 2282 οὐρανοῖς
702 2204 892 2261 ὤνκαὶ
946 2208 1308 2280 καθεζόμενος
1364 2205 1425 2261 ἐκ
1471 2204 1657 2277 δεξιῶν
1709 2210 1806 2261 τοῦ
1864 2225 1922 2261 σε

277 2298 633 2372 γεννήσαντος
665 2299 800 2352 Θεοῦ
852 2295 942 2350 καί
1006 2295 1238 2372 Πατρὸς,
1274 2297 1301 2350 ὁ
1359 2295 1446 2350 ἐπὶ
1503 2301 1611 2371 γῆς
1661 2292 1921 2349 πολιτευ-

278 2387 508 2456 σάμενος
539 2381 628 2438 διὰ
653 2385 750 2453 τήν
783 2384 999 2438 πάντων
1058 2386 1219 2456 ἡμῶν
1281 2383 1573 2457 σωτηρίαν
1631 2384 1659 2437 ὁ
1716 2383 1918 2456 στέφα-

276 2493 368 2535 νος
425 2477 532 2526 τῶν
590 2473 720 2548 ὑπὲρ
785 2477 882 2527 σοῦ
937 2467 1170 2536 εὐσεϐῶς
1224 2470 1557 2541 ἀθλούντων,
1624 2469 1921 2526 ἐπάκουσόν

285 2582 391 2633 μου
421 2565 519 2615 τοῦ
548 2565 804 2615 ταπεινοῦ
831 2560 923 2615 καὶ
955 2559 1171 2633 ἀναξίου
1232 2557 1435 2614 δούλου
1491 2563 1610 2628 σοῦ,
1661 2560 1751 2614 καὶ
1807 2560 1920 2632 μετ’

281 2650 504 2724 εἰρήνης
531 2647 673 2723 δέξαι
707 2671 812 2722 μου
849 2651 950 2717 τὴν
982 2650 1191 2723 ψυχὴν,
1249 2649 1340 2704 καὶ
1398 2646 1699 2703 ἀνάπαυσον
1754 2648 1919 2717 αὐτὴν

287 2740 419 2813 μετᾶ
462 2743 570 2794 τῶν
631 2738 793 2816 ἁγίων
845 2743 951 2793 τῶν
1005 2738 1098 2792 ἀπ’
1147 2737 1346 2799 αἰῶνός
1403 2759 1486 2792 σοι
1535 2737 1920 2812 εὐαρεστησάν-

283 2849 392 2883 των
420 2830 507 2884 καὶ
544 2827 884 2899 δοξασάντων
913 2828 976 2883 τὸ
1007 2827 1182 2901 ὅνομά
1214 2847 1308 2881 σου
1348 2827 1410 2882 τὸ
1467 2827 1641 2903 ἅγιον,
1696 2827 1792 2882 τοῦ
1825 2832 1923 2883 lla-

281 2919 413 2993 τρὸς
442 2917 659 2973 καὶτοῦ
689 2918 816 2971 Υἰοῦ
845 2915 934 2971 καὶ
985 2920 1082 2971 τοῦ
1140 2916 1292 2992 ἁγίου
1350 2915 1686 2988 Πνεύματος,
1734 2920 1824 2970 νῦν
1866 2936 1926 2971 τε

284 3005 373 3061 καί
427 3007 506 3061 ἀεὶ
570 3006 660 3061 καὶ
720 3005 796 3070 εἰς
840 3005 969 3069 τοὺς
1021 3004 1257 3066 ἃπαντας
1307 3004 1508 3065 αἰῶνας
1531 3005 1638 3058 τῶν
1689 3003 1922 3061 αἰώνων.

286 3095 488 3167 Ἀμήν.
522 3094 621 3148 Καὶ
656 3093 864 3168 ἐγένετο
895 3093 1042 3164 αύτῷ
1093 3091 1145 3164 ἐξ
1203 3094 1436 3166 οὐρανοῦ
1484 3095 1634 3170 φωνή
1668 3091 1923 3168 λέγουσα·

288 3183 568 3258 Ἀρτέμιε,
599 3180 926 3252 εἰσηκούσθη
959 3183 995 3252 ἡ
1021 3179 1212 3253 ’δέησίς
1245 3203 1362 3252 σου,
1391 3180 1479 3236 καί
1537 3184 1572 3251 ἡ
1604 3181 1764 3254 χάρις
1817 3185 1926 3236 τῶν

2028 2031 2339 2097 orientem,
2372 2034 2588 2088 iterum
2648 2040 2920 2106 precatus
2977 2040 3068 2089 est
3109 2035 3352 2090 dicens:
3400 2036 3551 2090 Deus
3591 2033 3664 2090 de

2029 2119 2168 2186 Deo,
2192 2137 2345 2175 unus
2379 2120 2449 2176 de
2481 2139 2621 2188 uno,
2654 2125 2773 2177 Rex
2805 2123 2875 2178 de
2903 2139 3058 2195 rege,
3093 2124 3193 2194 qui
3221 2123 3284 2177 in
3317 2123 3480 2178 caelis
3514 2138 3576 2178 es
3607 2127 3668 2177 et

2030 2207 2200 2262 sedes
2229 2208 2305 2262 ad
2334 2209 2632 2264 dexteram
2660 2211 2998 2282 generantis
3029 2215 3085 2264 te
3113 2211 3218 2265 Dei
3250 2217 3309 2265 et
3336 2210 3668 2280 Patris,qui

2028 2295 2089 2349 in
2119 2301 2277 2351 terra
2302 2304 2679 2352 conversatus
2725 2315 2787 2353 es
2818 2303 3060 2370 propter
3088 2299 3355 2354 omnium
3398 2303 3670 2353 nostrum

2027 2385 2301 2453 salutem,
2327 2404 2544 2442 corona
2576 2405 2779 2443 eorum
2810 2389 2911 2459 qui
2939 2405 3043 2459 pro
3104 2394 3159 2443 te
3207 2389 3302 2460 pie
3334 2389 3662 2454 decertant,

2029 2475 2236 2529 exaudi
2261 2491 2356 2530 me
2378 2475 2663 2530 humilem
2683 2482 2740 2531 et
2770 2476 3082 2548 indignum
3111 2476 3398 2532 famulum
3413 2477 3670 2542 tuum;in

2027 2579 2168 2632 pace
2202 2563 2433 2634 suscipe
2459 2564 2720 2619 animam
2743 2581 2958 2631 meam,
2991 2571 3052 2619 et
3079 2565 3169 2620 fac
3192 2581 3322 2620 eam
3363 2567 3668 2635 quiescere

2030 2667 2162 2705 cum
2197 2652 2417 2706 sanctis
2437 2652 2574 2714 tuis,
2609 2653 2710 2721 qui
2740 2668 2774 2706 a
2827 2653 3045 2707 swculo
3097 2652 3200 2706 tibi
3230 2653 3584 2724 placuerunt
3612 2657 3671 2706 et

2029 2739 2507 2811 glorificaverunt
2534 2756 2756 2794 nomen
2797 2746 3066 2796 sanctum
3117 2745 3304 2809 tuum,
3365 2741 3556 2796 Patris
3614 2745 3674 2795 et

2028 2827 2162 2882 Filii
2186 2833 2244 2882 et
2274 2828 2526 2900 Spiritus
2557 2828 2764 2897 sancti,
2788 2844 2949 2884 nunc
2980 2833 3038 2883 et
3060 2845 3294 2900 semper
3323 2833 3381 2883 et
3410 2845 3517 2900 per
3538 2844 3670 2884 om-

2032 2915 2132 2970 nia
2155 2916 2372 2971 szecula
2402 2916 2778 2971 saeculorum.
2811 2920 3019 2971 Amen.
3055 2919 3124 2971 Et
3150 2916 3304 2972 facta
3331 2923 3420 2972 est
3461 2933 3567 2972 vox
3598 2916 3671 2971 de

2032 3003 2177 3059 cmlo
2205 3003 2410 3059 dicens
2441 3005 2528 3058 ei:
2562 3006 2806 3072 Artemi,
2867 3005 3143 3061 exaudita
3199 3011 3288 3060 est
3333 3004 3668 3076 deprecatio

2033 3097 2154 3158 tua,
2184 3099 2233 3148 et
2263 3095 2398 3148 data
2429 3095 2531 3147 tibi
2559 3095 2749 3166 gratia
2775 3096 3122 3148 curationum
3145 3095 3279 3165 (21).
3313 3093 3672 3164 Festinaigi-

2034 3186 2130 3235 tur
2158 3197 2569 3236 consummare
2591 3197 2829 3236 cursum
2845 3187 3098 3248 tuum,et
3115 3187 3413 3237 certamen
3431 3181 3675 3252 perﬁce.

288 3269 534 3342 ἰαμάτων
579 3289 664 3324 σοι
719 3266 1040 3345 δεδώρηται’
1099 3266 1294 3325 σπεῦδε
1337 3269 1516 3324 τοίνυν
1563 3269 1657 3324 τὸν
1716 3266 1920 3343 δρόμον

2037 3271 2193 3325 Intra
2217 3286 2351 3325 cum
2383 3270 2601 3324 sanctis
2627 3275 2685 3324 et
2705 3270 2902 3341 accipe
2932 3269 3386 3341 bravium,quod
3400 3274 3673 3342 paratum

289 3379 410 3426 σου,
467 3359 557 3413 καὶ
611 3359 705 3413 τὸν
758 3359 942 3432 ἀγῶνα
994 3359 1304 3415 τελείωσον·
1361 3358 1571 3415 εἴσελθε
1627 3359 1764 3432 μετὰ
1815 3363 1925 3414 τῶν

288 3447 594 3522 ἁγίων,καί
629 3442 985 3520 ἀπολάμϐανε
1035 3448 1097 3503 τὸ
1158 3441 1410 3523 βραϐεῖον
1469 3447 1530 3501 τὸ
1585 3446 1925 3521 ἡτοιμασμέ-

285 3556 377 3590 νον
409 3541 527 3597 τοῖς
557 3535 757 3611 ἁγίοις,
787 3535 879 3590 καὶ
930 3541 1061 3590 πᾶσι
1117 3540 1233 3597 τοῖς
1287 3534 1601 3610 ἠγαπηκόσι
1653 3537 1752 3603 τὴν
1807 3535 1928 3590 ἐπι-

287 3625 505 3702 φάνειαν
535 3629 633 3680 τοῦ
665 3629 921 3698 Χριστοῦ.
953 3627 1012 3680 Ὀ
1053 3623 1112 3680 δὲ
1167 3624 1488 3700 παράνομος
1549 3624 1801 3699 βασιλεὺς
1831 3645 1929 3680 πε-

285 3718 457 3768 σεῖται
507 3712 558 3768 ἰν
621 3712 867 3787 Περσίδι,
927 3714 1153 3790 σφάγιον
1208 3714 1578 3788 γενησόμενον
1634 3719 1751 3776 τοῖς
1799 3715 1927 3769 ἀκαο

284 3801 501 3877 θάρτοις
553 3799 807 3875 δαίμοσιν
865 3801 959 3864 οὕς
1044 3801 1356 3877 ἐθεράπευεν
1439 3802 1529 3856 καὶ
1602 3802 1694 3866 οὕς
1747 3801 1926 3876 ἐτίμα,

284 3889 543 3956 τοιαύτην
575 3891 916 3964 ἀντιμισθίαν
975 3893 1104 3965 παρ’
1159 3891 1339 3946 αὐτῶν
1391 3887 1782 3962 κομισάμενος,
1837 3891 1928 3946 καί

292 3977 598 4054 βασιλεύσει
654 3973 838 4053 ἔτερος
891 3978 1002 4033 ἀντ’
1061 3977 1225 4034 αὐτοῦ
1276 3981 1794 4054 χριστιανικώτατος
1839 3980 1930 4034 καὶ

289 4067 727 4146 θεοφιλέστατος,
758 4068 1107 4142 καταθραύων
1167 4067 1256 4124 καὶ
1307 4070 1592 4123 κπασπῶν
1650 4090 1823 4125 παντα
1865 4069 1933 4124 τὰ

288 4161 396 4211 τῶν
430 4155 676 4212 εἰδώλων
712 4151 1044 4229 σεϐάσματα.
1096 4158 1154 4211 Ὀ
1202 4155 1259 4212 δὲ
1318 4156 1450 4220 λαὸς
1507 4162 1604 4212 τοῦ
1650 4162 1786 4214 Θεοῦ
1842 4158 1933 4214 εύ-

289 4247 674 4322 φρανθήσεται,
757 4246 847 4301 καὶ
919 4252 1084 4302 πᾶσαι
1174 4245 1493 4316 Ἑκκλησίαι
1561 4245 1935 4323 ἐλευθερωθή-

287 4355 470 4389 σονται
521 4341 622 4404 τῆς
682 4332 1112 4408 εἰδωλομανίας,
1169 4335 1261 4390 καὶ
1319 4337 1504 4409 βαθεῖα
1557 4335 1780 4408 εἰρήνην
1833 4337 1933 4405 τήν

292 4423 615 4496 οἰκουμένην
644 4422 852 4479 ἅπασαν
915 4424 1311 4499 καταλήψεται,
1368 4424 1459 4479 καὶ
1508 4426 1570 4481 τὸ
1619 4424 1795 4498 ὄνομα
1839 4429 1936 4480 τοῦ

2035 3367 2126 3416 est
2155 3361 2375 3416 sanctis
2407 3366 2583 3431 atque
2607 3360 2884 3414 omnibus
2915 3361 3016 3430 qui
3058 3360 3394 3415 dilexerunt
3424 3359 3680 3414 manife-

2036 3450 2350 3506 stationem
2391 3449 2604 3504 Christi
2641 3449 2772 3520 (22).
2825 3447 3085 3504 Rebellis
3114 3453 3313 3504 autem
3358 3448 3682 3518 imperator

2035 3538 2205 3594 cadet
2249 3538 2311 3592 in
2342 3537 2604 3601 Perside,
2657 3537 2892 3592 victima
2949 3537 3182 3591 futurus
3229 3535 3677 3590 immundorum

2036 3627 2394 3692 daemonum,
2421 3641 2570 3696 quos
2604 3624 2786 3679 coluit
2817 3630 2874 3678 et
2897 3630 3209 3680 veneratus
3240 3629 3349 3688 est,
3383 3629 3442 3678 et
3471 3640 3505 3678 a
3543 3623 3678 3693 qui-

2033 3717 2146 3771 bus
2178 3712 2517 3785 hujusmodi
2539 3713 2874 3767 mercedem
2906 3712 3174 3783 accipiet.
3208 3711 3494 3784 Regnabit
3521 3711 3674 3767 alius

2036 3822 2141 3876 pro
2165 3820 2233 3858 eo
2265 3801 2802 3856 Christianissimus
2837 3806 2895 3856 et
2921 3801 3226 3872 piissimus
3247 3800 3384 3871 (23),
3417 3801 3518 3871 qui
3543 3816 3674 3855 om-

2036 3909 2174 3947 nem
2204 3891 2502 3946 idolorum
2533 3889 2757 3944 cultum
2789 3889 3121 3961 confringet
3166 3893 3226 3944 et
3284 3888 3498 3944 evellet
3543 3890 3680 3959 (24).

2038 3980 2296 4051 Populus
2327 3995 2461 4034 vero
2492 3978 2594 4033 Dei
2618 3977 2779 4033 omni
2811 3977 3023 4049 gaudio
3079 3976 3334 4041 incedet,
3366 3982 3426 4031 et
3449 3981 3679 4032 cunctas

2038 4068 2314 4124 Ecclesiae
2345 4066 2758 4122 liberabuntur
2811 4065 2884 4120 ab
2932 4066 3166 4122 insania
3218 4065 3536 4132 idolorum,
3568 4080 3682 4136 pax

2041 4173 2276 4228 quoque
2307 4172 2516 4211 secura
2545 4154 2833 4209 mundum
2867 4154 3176 4208 univerum
3234 4152 3680 4224 complectetur,

2043 4256 2100 4306 et
2129 4265 2348 4304 nomen
2393 4247 2608 4302 Christi
2656 4244 3009 4299 exaltabitur
3052 4249 3111 4298 et
3146 4244 3623 4316 magniﬁcabitur
3651 4260 3687 4299 a

2045 4338 2265 4395 finibus
2296 4337 2368 4391 ad
2401 4337 2550 4390 fines
2581 4333 2741 4388 orbis
2775 4339 3087 4388 terrarum.
3135 4332 3478 4388 Idololatria
3525 4333 3685 4387 enim

2045 4427 2326 4496 deinceps
2356 4441 2474 4478 non
2508 4422 2750 4477 extollet
2787 4427 2963 4492 caput
3008 4437 3202 4489 suum,
3262 4438 3457 4492 neque
3515 4419 3679 4475 dabi-

292 4517 532 4590 Χριστοῦ
564 4513 909 4586 ὑψωθήσεται
963 4517 1051 4570 καὶ
1118 4513 1580 4592 μεγαλυνθήσεται
1638 4515 1744 4571 ἀπὸ
1774 4515 1921 4591 περά‹

2047 4521 2143 4571 tur
2200 4514 2392 4568 Stanaa
2449 4510 2750 4566 eradicare
2818 4509 3276 4564 fundamentum
3357 4507 3683 4575 Ecclesiae;

1877 4696 2096 4752 NOT/E.

369 4819 442 4887 (ε)
472 4819 720 4875 Fallitur
751 4835 885 4889 ergo
917 4817 1333 4874 Villemontius
1364 4821 1502 4874 Hist.
1568 4819 1696 4874 eccl.
1727 4825 1766 4872 t.
1820 4819 1937 4884 VII,

298 4909 355 4962 p.
390 4893 489 4962 731
526 4909 653 4962 sqq.
689 4891 833 4946 dum
864 4889 1189 4945 Artemium
1213 4889 1379 4944 valde
1402 4889 1737 4960 suspicatur
1756 4889 1939 4943 fuisse

301 4961 605 5017 Arianum’.
618 4961 788 5016 ’Em'r.

371 5034 486 5099 (2|)
519 5033 746 5088 Alludit
773 5032 846 5088 ad
879 5036 1103 5086 textum
1134 5033 1332 5102 Apost.
1369 5032 1387 5082 l
1419 5031 1550 5102 Cor.
1582 5045 1683 5094 xu,
1714 5027 1768 5082 9.

372 5106 478 5173 (22)
511 5105 736 5160 Alludit
763 5105 837 5160 ad
867 5103 1063 5158 locum
1095 5101 1382 5173 Apostoli,
1415 5103 1469 5173 ll_
1493 5101 1638 5155 Tim.
1697 5117 1772 5173 ιν,
1813 5101 1865 5153 8.

370 5170 484 5244 ('23)
522 5177 797 5231 Iovianus
854 5170 1271 5245 nempe,iquip
1297 5171 1648 5245 praeclarum
1703 5170 1940 5245 pietatis

297 5241 593 5318 indicium
625 5247 898 5318 praebuit,
928 5241 1173 5318 quando
1224 5243 1278 5297 ei
1297 5241 1556 5318 :rnilites
1579 5241 1942 5318 _obtulerunt

301 5315 592 5372 diadema.
627 5313 1043 5379 Theodoretus,
1078 5315 1183 5370 lib.
1219 5331 1272 5368 1v
1308 5316 1446 5369 Hist.
1480 5313 1688 5378 eccles.,
1722 5329 1851 5384 cap.
1887 5316 1938 5382 1,

301 5393 524 5440 narrat.
559 5404 695 5443 eum
728 5387 947 5442 dixisse
979 5403 992 5442 :
1030 5389 1150 5442 Non
1185 5401 1408 5454 possum
1463 5402 1578 5454 ego,
1640 5387 1738 5454 qui
1769 5384 1938 5438 Chri-

300 5459 515 5512 stianus
569 5473 708 5525 sum,
763 5459 966 5512 talibus
1016 5470 1274 5526 praeesse,
1334 5472 1429 5512 nec
1484 5455 1701 5510 Juliani
1755 5457 1940 5525 copias

299 5544 507 5598 regere,
544 5531 736 5600 pravis
780 5529 1016 5583 imbutas
1073 5529 1360 5583 institutis.
1419 5529 1557 5582 Nam
1611 5527 1713 5600 qui
1726 5529 1938 5600 istius:

299 5596 450 5656 modi
475 5596 627 5670 sunt,
656 5601 866 5658 divinae
891 5600 1260 5655 Providentiae
1289 5605 1556 5670 expertes,
1600 5596 1769 5667 facile
1814 5599 1941 5668 capi

2047 4824 2100 4872 et
2135 4816 2373 4871 ludibrio
2415 4828 2522 4868 esse
2551 4813 2790 4868 hostibus
2821 4813 3014 4867 solent.
3072 4810 3273 4876 Quibus
3323 4809 3546 4873 auditis,
3578 4809 3687 4861 mi-

2050 4889 2166 4943 lites
2195 4902 2309 4940 una
2337 4900 2460 4938 voce
2489 4885 2889 4953 responderunt
2924 4899 2936 4935 :
2971 4883 3044 4936 Ne
3078 4881 3312 4953 Adubita,
3361 4881 3684 4953 imperator,

2047 4975 2145 5012 nec
2201 4956 2493 5024 imperium
2547 4948 2794 5009 n'ostrum
2843 4953 2991 5008 velut
3064 4950 3380 5024 improbum
3420 4948 3638 5024 declina
3669 4965 3687 5002 :

2052 5019 2381 5090 Christianis
2410 5041 2647 5094 namque
2673 5025 2968 5094 imperabis
2989 5029 3040 5076 et
3092 5019 3404 5090 inpietatis
3433 5019 3689 5094 doctrina

2049 5097 2292 5154 educatis
2322 5113 2340 5150 :
2369 5092 2574 5164 quippe
2629 5099 2728 5165 qui
2744 5092 2931 5149 laetata
2977 5094 3120 5145 inter
3174 5107 3272 5165 nos
3319 5092 3690 5165 provectiores

2048 5175 2192 5225 sunt.
2226 5162 2575 5224 Constantini
2614 5162 2786 5236 ipsius
2836 5165 3144 5218 doctrinam
3192 5162 3522 5236 _ha_userunt,
3581 5164 3688 5236 mi-

2048 5257 2206 5296 nores
2237 5257 2270 5293 a
2319 5233 2650 5294 Constantio
2668 5237 2927 5290 instructi
2976 5239 3102 5288 sunt
3135 5250 3148 5287 :
3185 5233 3350 5303 hujus
3404 5248 3532 5287 vero
3562 5234 3688 5300 (Ju-

2051 5311 2212 5380 liani)
2241 5312 2356 5365 vita
2382 5311 2563 5377 functi
2594 5309 2760 5380 breve»
2780 5306 3001 5380 imperii
3031 5311 3239 5380 tempus
3285 5306 3418 5380 fuit,
3465 5319 3562 5357 nec
3615 5303 3690 5357 ad

2051 5376 2228 5439 labem
2252 5376 2488 5450 deceptis
2519 5378 2852 5452 inﬁgendam
2879 5378 3014 5452 satis
3043 5376 3316 5452 idoneum.
3351 5376 3504 5452 Eo_1_r.
3575 5441 3586 5452 _

2123 5444 2422 5525 (24)7Dicét
2450 5444 2654 5525 auctor
2683 5447 2858 5525 infra,
2881 5446 3345 5513 n.70,lovianum
3367 5444 3688 5500 adhaesisse

2049 5519 2263 5582 haeresi
2291 5519 2697 5578 Eunomianaa.
2730 5520 2810 5574 In.
