3964 6144
450 327 589 384 1315
1963 317 2329 371 ΔΒΒΕΝΒΔ.
3670 323 3774 379 1316

444 466 583 507 nam
606 456 782 521 parte
810 450 980 517 inferi
1006 464 1116 502 non
1135 446 1513 517 praevalebunt
1570 446 1825 500 adversus
1885 457 2001 496 eam

2222 447 2292 496 ὧν
2350 439 2455 503 ἓως
2513 438 2762 515 περάτων
2818 447 2916 509 τῆς
2975 440 3323 512 οἴκουμένης.
3354 439 3430 496 Οὐ
3462 439 3560 513 γὰρ
3590 436 3656 495 ἔτι
3683 442 3780 515 ἀρεῖ

442 542 684 619 κεφαλὴν
716 547 751 613 ἡ
776 541 1220 615 εἷδωλολατρεία,
1249 540 1362 594 οὐδ’
1395 540 1456 594 οὐ
1489 542 1565 612 μή
1590 543 1700 615 σχῇ
1737 541 1922 615 χώραν
1953 543 1980 595 6
2014 548 2278 613 Σατανᾶς,
2306 543 2403 595 τοῦ
2431 540 2524 593 τὸν
2550 537 2805 607 θέμελιον
2863 543 2962 606 τῆς
3020 536 3346 607 Ἐκκλησίας
3394 537 3774 611 ἀναμοχλεῦσαι·

441 641 610 695 πύλαι
643 642 747 715 γὰρ
778 639 913 711 ᾅδου
944 640 1009 694 οὐ
1038 637 1460 713 κατισχύσουσιν
1485 638 1675 706 αὐτῆς.

516 735 602 785 67.
629 733 947 801 Postquam
973 731 1229 784 divinam
1260 746 1458 784 vocem
1478 729 1719 783 auribus
1752 730 2081 799 excepisset

2263 728 2353 798 EC.
2411 725 2586 781 Ταῦτα
2640 726 2786 801 παρᾶ
2840 732 2939 793 τῆς
2999 722 3146 784 Θείας
3203 725 3387 801 φωνῆς
3444 722 3776 786 ἐνωτισθεὶςὸ

449 820 684 887 Beatus,
716 825 773 873 et
802 819 873 873 de
906 818 1082 873 rebus
1130 818 1343 872 futuris
1400 816 1573 888 plane
1622 816 1839 871 certior
1894 818 2011 871 fact

2210 816 2667 890 ιίακάριος,[394]
2724 815 2813 868 καὶ
2868 812 3255 889 πληροφορίαν
3316 807 3501 866 λαϐὼν
3555 817 3651 865 τῶν
3680 812 3775 883 μελ-

446 908 676 975 fuisset,
705 909 821 962 Deo
851 908 1067 979 gratias
1096 907 1232 978 egit,
1266 912 1325 960 et
1350 905 1563 976 plenus
1593 905 1806 977 gaudio
1842 910 1899 959 et
1933 906 2003 960 lee

2212 904 2399 959 tévtwv
2433 903 2768 979 πραγμάτων
2822 905 3165 978 γενήσεσθαι,
3232 899 3587 976 εὐχαρίστησέ
3631 920 3679 953 τε
3721 906 3777 971 τῷ

448 996 529 1050 tia
562 996 780 1050 collum
814 995 1096 1065 praebuit;
1122 1011 1466 1066 progressus
1489 1010 1644 1048 unus
1675 993 1929 1049 militum
1950 1011 2012 1049 sa

2209 996 2331 1062 Ξεῷ,
2362 991 2451 1044 καὶ
2482 995 2652 1065 χαρᾶς
2683 990 2771 1044 καὶ
2829 990 3159 1068 εὐφροσύνης
3215 990 3502 1065 γενόμενος
3551 983 3774 1060 ἔμπλεως,

443 1089 604 1138 ctum
638 1085 767 1155 ejus
799 1090 975 1154 caput
1000 1084 1349 1154 amputavit,
1396 1083 1673 1137 vicesima
1715 1082 1811 1136 die
1861 1099 2008 1137 men:

2209 1075 2372 1134 ἔκλινε
2400 1081 2491 1132 τὸν
2523 1078 2744 1153 αὐχένα·
2778 1080 2867 1133 καὶ
2926 1078 3244 1154 προσελθὼν
3293 1081 3371 1140 εἷς
3417 1082 3520 1132 τῶν
3554 1097 3774 1150 στρατιω-

447 1172 737 1239 Octobris,
770 1173 919 1226 feria
950 1178 1132 1238 sexta,
1167 1188 1296 1241 qua:
1330 1171 1546 1225 dicitur
1569 1173 1907 1225 Parasceve.
1944 1173 2012 1226 Be

2210 1172 2325 1233 τῶν,
2383 1166 2643 1238 ἀπέτεμεν
2725 1169 2826 1235 τὴν
2886 1168 3045 1241 ἁγίαν
3106 1168 3270 1222 αὐτοῦ
3324 1166 3585 1243 κεφαλὴν,
3636 1162 3775 1219 εἰκάδα

449 1269 575 1315 tum
593 1267 982 1331 sanctumque
1014 1277 1227 1330 corpus
1255 1259 1325 1313 ab
1360 1258 1716 1329 imperatore
1742 1258 2014 1331 Iuliano;

2209 1257 2487 1330 ἱπέχοντος
2516 1261 2613 1311 τοῦ
2644 1252 2978 1332 Ὀκτωϐρίου
3014 1258 3205 1329 μηνὸς,
3266 1257 3316 1311 ἐν
3372 1253 3551 1331 ἡμέρᾳ
3575 1253 3686 1327 ἕκτῃ
3729 1258 3774 1324 τῇ

448 1349 545 1402 tiit
574 1349 791 1403 mulier
816 1349 1085 1418 quaedam
1120 1348 1329 1414 fidelis,
1365 1347 1559 1401 Aristo.
1590 1348 1850 1411 nomine,
1886 1348 2013 1401 Anti

2212 1343 2510 1417 ιαλουμένῃ
2572 1346 2913 1413 Παρασκευῇ,
2975 1347 3051 1402 Οὔ
3101 1346 3165 1399 τὸ
3223 1347 3488 1418 μακάριον
3537 1342 3617 1398 καὶ
3665 1342 3777 1416 ἅγιον

448 1437 653 1491 chenee
685 1438 959 1491 Ecclesiae
993 1436 1474 1501 diaconissa;cui
1505 1436 1780 1505 princeps
1803 1435 1951 1489 illud
1966 1435 2013 1489 da

2211 1436 2360 1505 σῶμα
2391 1431 2688 1505 ἐξῃτήσατο
2715 1435 2860 1507 παρὰ
2908 1438 3005 1488 τοῦ
3067 1434 3340 1509 βασιλέως
3370 1433 3657 1487 Ἰουλιανοῦ
3681 1432 3776 1505 γυνή

447 1526 759 1579 concessit.
797 1528 932 1590 Quae
966 1531 1235 1580 sanctum
1269 1524 1583 1579 etbeatum
1609 1540 2012 1595 corpus,myrr

2213 1542 2285 1583 τις
2314 1521 2502 1588 πιστὴ,
2537 1520 2764 1591 ὀνόματι
2787 1523 3029 1595 Ἀρίστη,
3085 1519 3332 1582 διάκονος
3395 1520 3687 1595 ὑπάρχουσα
3708 1524 3778 1587 τῆς

445 1613 752 1668 conditum
775 1612 1506 1685 etpretiosisaromatibus
1531 1618 1587 1665 et
1616 1593 2010 1683 unguentisod

2211 1608 2249 1663 ἐν
2335 1608 2653 1683 Ἃντιοχείᾳ
2709 1593 3054 1679 Ἐκκλησίας”
3123 1612 3211 1665 καὶ
3281 1593 3569 1683 ἐπέτρεψε-
3606 1607 3776 1675 δοθῆναι

443 1702 731 1767 ratum,in
763 1718 1065 1773 capsam.a
1088 1718 1148 1755 se
1180 1707 1467 1771 paratam,
1494 1700 1788 1770 deposuit,
1813 1701 2008 1771 idemq

2211 1697 2358 1770 κύτῇ·
2391 1700 2425 1768 ἢ
2458 1700 2547 1753 καὶ
2588 1702 2863 1769 ποιήσασα
2916 1700 3316 1775 γλωσσόκομον
3371 1700 3460 1755 καὶ
3502 1700 3776 1772 σμυρνίσασα

441 1790 773 1844 transmisit
800 1791 861 1843 in
887 1790 1304 1844 felicissimam
1337 1788 1632 1842 civitatem
1672 1789 2006 1842 Constantir

2212 1787 2259 1839 τὸ
2290 1788 2444 1860 ἅγιον
2478 1787 2640 1841 αὐτοῦ
2670 1790 2760 1843 καὶ
2804 1792 3068 1861 μακάριον
3126 1794 3308 1861 σῶμα,
3365 1789 3455 1843 καὶ
3508 1788 3777 1859 πολυτίμοις

441 1877 647 1948 polim,
675 1879 737 1932 in
772 1878 904 1933 loco
937 1878 1257 1948 conspicuo
1290 1877 1608 1942 collocans,
1643 1893 1709 1930 eo
1755 1878 2001 1932 consilio

2211 1874 2448 1949 ἰρώμασι
2500 1876 2590 1930 καὶ
2652 1877 2845 1952 μύροις
2918 1876 3273 1946 εὖωδιάσασα,
3335 1880 3577 1941 κατέθετο
3635 1875 3677 1930 έν
3723 1880 3776 1944 τῷ

446 1965 783 2035 ecclesiam,
814 1972 1022 2021 sancto
1054 1972 1113 2019 et
1144 1981 1355 2036 magno
1396 1970 1654 2035 martyre
1701 1966 1962 2019 Artemio
2008 1992 2011 2011 ι

2208 1961 2603 2037 γλωσσοκόμῳ,
2648 1968 2733 2021 καὶ
2769 1966 3071 2041 ἀνέπεμψεν
3104 1966 3155 2022 ἐν
3199 1970 3269 2040 τῇ
3304 1964 3638 2037 πανευδαίμῳ
3664 1966 3773 2019 Κων-

442 2070 642 2125 gnam,
668 2072 773 2125 pro
812 2059 1105 2109 conventu
1138 2054 1405 2108 fidelium
1438 2052 1845 2117 aadiﬁcaret,in
1868 2070 2007 2107 men

2210 2049 2477 2105 τταντίνου
2509 2053 2690 2123 πόλει,
2725 2056 2774 2109 έν
2824 2056 2978 2127 τόπῳ
3036 2053 3294 2128 ἐπισήμῳ
3351 2053 3684 2126 καταθεμένη,
3726 2052 3775 2111 ὡς

444 2143 596 2196 riam
628 2143 876 2214 insignis
908 2143 1035 2213 ejus
1066 2142 1351 2212 martyrii.
1380 2144 1522 2194 Acta
1554 2140 1835 2195 sunthaec
1859 2141 1919 2195 in
1941 2158 2009 2196 ur

2209 2137 2508 2212 3ουλομένη
2570 2142 2718 2197 οἷκον
2772 2141 2918 2213 ἄξιον
2969 2148 3065 2198 τοῦ
3116 2144 3272 2219 ἁγίου
3354 2141 3774 2217 μεγαλομάρτυρος

446 2230 715 2301 principe
749 2231 951 2300 Syriae,
983 2230 1314 2291 Antiochia,
1340 2228 1445 2282 sub
1471 2228 1700 2281 Juliano
1732 2229 2011 2295 Caesare,<

2212 2229 2513 2301 Αρτεμίου,
2568 2232 2702 2306 πρὸς
2760 2232 2819 2286 τὸ
2879 2232 3089 2303 σύναξιν
3148 2231 3513 2295 ἐπιτελεῖσθαι
3564 2230 3629 2291 εἷς
3676 2250 3773 2301 μνη-

447 2318 728 2390 gnomine
762 2320 1055 2388 Apostata,
1106 2317 1357 2371 Dulcitio
1390 2316 1762 2386 proconsule,
1809 2323 1867 2370 et
1896 2317 2012 2371 Sall

2209 2316 2430 2372 ,ιόσυνον
2506 2326 2606 2388 τῆς
2660 2317 2915 2393 ἂοιδίμου
3012 2323 3318 2393 μαρτυρίας
3392 2321 3570 2375 αὐτοῦ.
3643 2321 3774 2375 Ταῦτα

446 2405 555 2458 stio
578 2406 853 2477 praefecto
887 2410 1023 2475 (25),
1058 2407 1119 2459 in
1152 2406 1279 2459 loco
1311 2404 1403 2458 cui
1436 2420 1653 2458 nomen
1703 2405 1968 2475 Daphne,
2001 2423 2011 2459 1

2205 2407 2444 2482 ἐπράχθη
2505 2408 2556 2462 ἐν
2611 2410 2920 2485 Ἀντιοχείᾳ
2974 2414 3043 2484 τῇ
3101 2409 3334 2484 μεγίστῃ
3401 2408 3555 2465 πόλει
3606 2406 3770 2481 Συρίας,

443 2500 661 2564 gnante
695 2511 872 2565 super
902 2511 1011 2548 nos
1038 2494 1285 2549 Domino
1317 2499 1375 2546 et
1400 2493 1515 2546 Deo
1549 2498 1607 2545 et
1661 2493 1954 2548 Salvatore
1987 2511 2008 2548 τ

2201 2496 2283 2551 έπὶ
2314 2496 2614 2554 Ἰουλιανοῢ
2648 2499 2945 2573 Καίσαρος,
2976 2503 3074 2553 τοῦ
3128 2496 3521 2567 ἐπικληθέντος
3574 2488 3766 2568 Παραϐά-

448 2587 572 2637 stro
603 2584 739 2637 Jesu
768 2583 1018 2637 Christo.

2199 2607 2308 2657 του,
2343 2587 2799 2649 ἀνθυπατεύοντος
2860 2587 3203 2658 Δουλκιτίου,
3261 2588 3360 2642 καὶ
3402 2589 3498 2655 τὴν
3577 2586 3764 2658 ὕπαρχον

444 2664 726 2730 διέποντος
756 2669 935 2743 ἀρχὴν
967 2668 1324 2724 Σαλουστίου·
1358 2666 1408 2721 ἐν
1435 2667 1588 2739 τόπῳ
1616 2664 1941 2741 καλουμένῳ
1985 2671 2190 2747 Δάφνη,
2252 2676 2636 2751 βασιλεύοντος
2684 2676 2764 2751 ἐφ’
2822 2679 2969 2749 ἡμᾶς
3022 2682 3120 2732 τοῦ
3172 2676 3378 2749 Κυρίου
3431 2676 3517 2730 καὶ
3559 2677 3672 2728 Θεοῦ
3706 2670 3765 2726 καί

434 2771 695 2840 Σωτῆρος
743 2768 901 2839 ἡμῶν
939 2767 1117 2835 Ἰησοῦ
1148 2766 1400 2839 Χριστοῦ.

508 2858 594 2909 68.
632 2857 703 2910 Ut
732 2873 911 2927 supra
940 2857 1162 2911 dictum
1195 2862 1303 2922 est,
1335 2860 1602 2926 apostata
1655 2856 1921 2911 Julianus
1964 2859 2073 2912 mi-

2259 2864 2357 2933 ξη“.
2392 2865 2537 2920 Ἐπεὶ
2572 2862 2629 2919 δὲ
2655 2864 2904 2938 ἀνωτέρω
2961 2863 3255 2939 εἰρήκαμεν
3320 2865 3395 2925 ὡς
3439 2864 3467 2918 6
3514 2854 3760 2936 παραϐάτης

444 2943 521 2997 sit
546 2944 983 3015 Hierosolymas
1000 2945 1072 2999 ad
1086 2943 1569 2999 reaadiﬁcandum
1590 2944 1926 2999 Judaaorum
1942 2950 2009 3000 te]

2195 2951 2485 3013 Ἰουλιανὸς
2514 2951 2825 3007 ἀπέστειλεν
2881 2952 2955 3013 εἷς
3009 2951 3376 3025 Ἰεροσόλυμα
3431 2956 3523 3006 τοῦ
3557 2950 3636 3004 τὸν
3682 2946 3760 2999 ναὸν

443 3032 634 3102 plum,
695 3034 851 3104 quod
910 3034 1307 3104 Vespasianus
1392 3033 1639 3103 ejusque
1704 3034 1862 3088 filius
1921 3035 2008 3089 Tit

2194 3044 2291 3094 τῶν
2349 3039 2626 3094 Ἰουδαίων
2687 3038 3249 3112 ἀνοικοδομήσασθαι,
3333 3039 3364 3094 δ
3436 3034 3759 3097 Οὐεσπεσιανὸς

398 3192 401 3197 _
429 3120 607 3175 simul
634 3138 767 3175 cum
799 3122 1032 3177 civitate
1074 3127 1409 3176 everterant
1439 3126 1613 3190 atque
1670 3121 1963 3176 incendera

2195 3127 2273 3182 mi
2303 3129 2461 3190 Τίτος
2487 3130 2515 3183 6
2535 3128 2731 3184 τούτου
2762 3129 2879 3191 υἱὸς
2915 3129 3050 3202 μετὰ
3084 3135 3187 3197 τῆς
3244 3128 3463 3192 πόλεως
3489 3127 3572 3182 καὶ
3623 3125 3760 3180 τοῦτον

436 3210 942 3279 quemadmodum
991 3210 1256 3265 Christus
1305 3210 1591 3264 Dominus
1622 3210 1976 3280 praedixerat

2193 3216 2436 3271 καθεῖλον
2484 3219 2575 3271 καὶ
2633 3216 2971 3289 ἐνεπύρισαν,
3022 3216 3203 3281 καθὼς
3262 3218 3578 3292 προείρηκεν
3624 3215 3648 3267 6
3690 3218 3758 3265 Δε-

425 3296 533 3351 illo
566 3298 795 3353 sanctis
827 3299 949 3352 suis
974 3298 1303 3368 discipulis,
1336 3297 1493 3367 quod
1514 3297 1742 3351 scilicet
1769 3314 1878 3351 non
1906 3299 1987 3353 rel

2195 3306 2391 3375 σπότης
2439 3307 2670 3381 Χριστὸς
2747 3305 2869 3381 περὶ
2930 3304 3094 3360 αὐτοῦ
3150 3306 3291 3381 πρὸς
3347 3304 3472 3367 τοὺς
3527 3301 3760 3376 θεηγόρους

430 3392 692 3454 queretur
717 3385 861 3455 ldpis
887 3403 1051 3455 super
1078 3387 1314 3455 lapidem
1344 3388 1443 3454 qui
1465 3402 1577 3439 non
1633 3386 1995 3441 destrueretur

2195 3395 2346 3449 ιύτοῦ
2380 3394 2644 3467 μαθητὰς,
2669 3392 2751 3448 ὅτι
2784 3394 2846 3448 οὐ
2907 3396 2982 3466 μὴ
3038 3393 3197 3467 μείνῃ
3243 3392 3400 3458 λίθος
3460 3392 3619 3448 ἐπάνω
3646 3389 3760 3450 λίθου

432 3472 574 3526 Cum
608 3489 743 3544 ergo
775 3474 1038 3528 nefarius
1065 3474 1245 3527 verba
1275 3474 1489 3528 Christi
1519 3474 1830 3529 mendacia
1876 3481 1997 3529 oste

2193 3483 2242 3545 ἧς
2298 3484 2362 3537 οὐ
2426 3484 2500 3553 μὴ
2555 3481 2856 3554 καταλυθῇ.
2920 3479 3103 3536 Θέλων
3163 3481 3255 3536 οὖν
3288 3484 3318 3537 6
3362 3482 3648 3556 παράνομος
3689 3475 3758 3532 τὰς

436 3559 576 3615 dere
608 3562 803 3626 vellet,
844 3562 1102 3617 maximo
1163 3562 1357 3616 studio
1408 3562 1728 3617 festinabat
1787 3564 2001 3634 templu

2194 3571 2331 3642 :395]
2354 3574 2451 3625 τοῦ
2484 3574 2720 3645 Χριστοῦ
2760 3570 2941 3639 φωνὰς
2992 3567 3207 3643 ψευδεῖς
3268 3568 3559 3640 ἀποδεῖξαι,
3609 3561 3759 3621 ἐσπού-

422 3647 963 3723 mdiﬁcareJubens
995 3668 1063 3705 ex
1078 3651 1314 3722 publico
1334 3651 1543 3706 aerario
1576 3668 1783 3707 omnes
1804 3659 1987 3707 consti

2191 3654 2307 3726 Βαζε
2349 3660 2584 3730 μάλιστα
2612 3659 2701 3713 τὸν
2734 3658 2860 3713 ναὸν
2896 3657 3233 3732 οἰκοδομεῖν,
3295 3661 3580 3732 προστάξας
3608 3654 3756 3709 ἐκτῶν

429 3741 644 3795 ctionis
674 3743 974 3813 impensas
1004 3742 1152 3798 ﬁeri.
1181 3743 1626 3797 Concurrebant
1656 3759 1789 3814 ergo
1811 3743 1994 3797 Judaai

2190 3743 2464 3819 δημοσίων
2520 3747 2857 3821 πραγμάτων
2927 3768 2987 3802 τε
3035 3748 3126 3801 καὶ
3184 3748 3490 3823 χρημάτων
3541 3741 3755 3799 ποιεῖσθαι

427 3843 561 3881 cum
614 3831 827 3899 gaudio
860 3846 1070 3901 magno
1109 3848 1255 3901 opus
1290 3831 1781 3902 aggrediebantur
1814 3849 1827 3897 ;
1860 3831 1992 3886 fund

2188 3842 2348 3890 πᾶσαν
2378 3838 2477 3905 τὴν
2506 3843 2605 3905 τῆς
2637 3834 2938 3908 οἰκοδομῆς
2974 3832 3177 3906 ἔξοδον.
3249 3834 3649 3912 Συνδραμόντων
3685 3828 3753 3882 οὖν

420 3922 758 3971 mentorum
776 3916 993 3971 fossam
1026 3920 1319 3988 argenteis
1351 3919 1544 3973 hamis
1576 3927 1632 3972 et
1662 3919 1985 3990 ligonibus]

2214 3930 2240 3939 η.
2315 3927 2327 3946 ,
2431 3923 2453 3942 α
2501 3927 2511 3944 ,
2721 3925 2736 3944 ς
2874 3926 2887 3944 κ
3076 3934 3103 3943 ,,
3217 3933 3243 3944 ,,
3440 3932 3465 3941 ,.,
3586 3927 3605 3935 -
3634 3915 3652 3937 ν
3733 3938 3739 3948 ί

2187 3946 2281 3979 των
2333 3929 2616 3997 Ιουοαιων,
2648 3946 2738 3980 και
2763 3946 2898 3998 μετα
2918 3926 3136 3995 πολλης
3178 3946 3280 3994 της
3330 3945 3499 4000 χαρας
3525 3943 3609 3977 του
3632 3936 3752 3992 εργοδ

424 4003 679 4073 dientes,
707 4022 781 4061 ea
828 4006 1047 4076 jacturi
1105 4012 1295 4074 erant,
1356 4023 1491 4061 cum
1548 4008 1989 4062 vehementissii

2188 4016 2569 4091 ἒναρξαμένων,
2600 4018 2689 4071 καὶ
2739 4018 2837 4085 τήν
2896 4022 3003 4072 τῶν
3041 4015 3312 4090 θεμελίων
3343 4018 3535 4094 τάφρον
3584 4012 3753 4082 ἔξορυτ-

421 4092 658 4149 irruens
688 4094 954 4165 procella
986 4095 1143 4165 quod
1176 4102 1516 4151 excavatum
1529 4096 1724 4150 fuerat
1751 4112 1986 4151 rursusz

2187 4104 2377 4157 πόντων
2412 4104 2672 4177 ἀργυραῖς
2704 4105 2913 4175 ἄμμαις
2968 4105 3059 4157 καὶ
3116 4105 3366 4181 σκάφαις,
3418 4102 3503 4157 καὶ
3552 4098 3661 4157 τοὺς
3684 4105 3752 4157 θε-

428 4183 632 4252 gessit.
667 4183 933 4253 Cumque
964 4183 1199 4256 fulgura
1231 4190 1289 4238 et
1318 4186 1577 4239 tonitrua
1602 4190 1724 4239 tota
1761 4185 1875 4239 ista
1896 4202 1993 4241 no<

2186 4189 2406 4263 μελίους
2437 4189 2686 4263 ἤμελλον
2730 4186 3192 4258 καταϐάλλεσθαι,
3247 4189 3575 4267 σφοδροτάτη
3604 4202 3751 4283 mra:

418 4269 1414 4343 demitterentur,appropinquante
1429 4274 1557 4345 jam
1575 4274 1668 4328 die
1693 4280 1983 4329 terraamol

2186 4280 2257 4355 γὶς
2290 4278 2612 4349 ἐπελθοῦσα,
2642 4281 2705 4334 τὸ
2732 4282 2961 4335 κενωθὶν
3012 4266 3344 4355 ἀντεχώννυ.
3388 4279 3667 4354 Ἀστραπῶν
3713 4266 3751 4321 δῖ

416 4357 607 4413 factus
630 4366 738 4425 est,
772 4360 854 4413 ita
888 4366 949 4414 ut
980 4362 1176 4426 multi,
1209 4362 1387 4416 etiam
1447 4363 1547 4431 qui
1580 4362 1687 4416 sub
1724 4362 1819 4417 dio
1853 4380 1981 4433 perr

2184 4389 2263 4423 και
2294 4369 2533 4442 βροντῶν
2562 4370 2679 4423 καθ’
2732 4367 2868 4439 ’ὀλην
2927 4368 3137 4439 ἐκείνην
3186 4370 3286 4437 τὴν
3347 4369 3507 4423 νύκτα
3558 4361 3749 4433 συνεχῶς

421 4448 1019 4519 ctabant,perierint:
1058 4456 1116 4505 et
1146 4450 1318 4521 ignis,
1345 4466 1414 4504 ex
1470 4451 1690 4520 apertis
1720 4451 1986 4506 fundame

2185 4458 2700 4530 ιαταπεμπομένων,
2786 4458 3007 4530 σεισμὸς
3088 4458 3409 4532 έγγιζούσης
3465 4454 3636 4511 λοιπὸν
3680 4452 3750 4511 τῆς

420 4537 496 4591 tis
528 4554 868 4608 erumpens,
900 4555 1109 4593 omnes
1140 4538 1529 4607 consumpsit,
1561 4539 1663 4607 qui
1694 4538 1819 4593 illic
1840 4539 1985 4592 invel

2182 4546 2383 4615 ἡμέρας
2416 4542 2649 4618 ἐγένετο,
2683 4542 2819 4597 ὥστε
2848 4543 3095 4605 πολλοὺς
3144 4544 3235 4598 καὶ
3278 4544 3562 4617 ὑπαίθρους
3606 4536 3747 4610 μένον·

424 4632 580 4683 sunt.
613 4629 871 4700 Contigit
902 4645 1137 4698 quoque
1154 4634 1212 4682 et
1232 4628 1500 4682 civitates
1530 4628 1764 4691 cadere,
1797 4627 1989 4682 videlit

2182 4653 2267 4695 τας
2313 4631 2665 4704 ἐναποψύξαι·
2726 4631 2814 4685 καὶ
2863 4636 2967 4705 πῦρ
3027 4632 3085 4687 ἐκ
3139 4636 3247 4686 τῶν
3299 4631 3649 4708 ὀρυσσομένων
3694 4623 3747 4672 θε-

422 4715 1645 4787 Nicopolim,Neapolim,Eleutheropolim,
1682 4718 1987 4771 Gazamali:

2180 4716 2384 4793 μελίων
2442 4720 2736 4792 ἐξενεχθὲν,
2796 4718 2997 4781 πάντας
3077 4719 3202 4779 τοὺς
3262 4719 3559 4794 εὑρεθέντας
3622 4712 3745 4766 lnios

426 4820 540 4875 que
558 4806 779 4877 plures.
813 4807 885 4860 Et
915 4804 1341 4875 Hierosolymis
1374 4804 1640 4858 Porticus
1669 4804 1817 4859 Elia
1847 4807 1991 4861 mult

2178 4808 2513 4886 κατέφλεξεν·
2571 4814 2889 4863 καταπεσεῖν
2938 4805 2996 4862 δὲ
3062 4808 3150 4863 καὶ
3225 4808 3415 4871 πόλεις
3466 4799 3637 4870 συνέϐη
3680 4795 3743 4852 τάξ

416 4893 842 4961 Judaaos,circa
873 4909 1227 4965 synagogam
1262 4893 1622 4961 inventos,in
1646 4894 1878 4949 ruinam
1902 4895 1981 4967 la;

2179 4897 2297 4972 περὶ
2346 4895 2674 4966 Νικόπολιν,
2721 4896 2811 4952 καὶ
2870 4897 3171 4970 Νεάπολιν,
3231 4889 3649 4971 Ἐλευθερόπολίν
3707 4900 3744 4935 τι

420 4983 661 5036 sustulit
676 5000 689 5048 ;
706 4983 1006 5054 simulque
1021 4983 1173 5055 ignis
1190 4981 1385 5037 subito
1409 4999 1728 5053 erumpens
1746 4984 1985 5041 maxime

2178 4986 2261 5040 καὶ
2293 4986 2486 5056 Γάζαν,
2517 4986 2607 5041 καὶ
2639 4984 2820 5060 ἑτέρας
2865 4984 3113 5047 πλείους·
3175 4986 3304 5042 στοά
3356 5006 3417 5041 τε
3463 4990 3553 5051 τῆς
3594 4974 3743 5033 Λῖλίας

419 5070 862 5126 multitudinem
894 5072 1239 5128 combussit.
1273 5073 1567 5127 Praeterea
1593 5070 1761 5128 facta)
1803 5080 1941 5129 sunt
1978 5083 1984 5126 1

2175 5076 2344 5150 ἦγουν
2380 5074 2767 5148 Ἰερουσαλὴμ,
2853 5077 2888 5143 ἢ
2945 5076 3091 5149 παρὰ
3166 5077 3264 5144 τὴν
3312 5071 3606 5148 συναγωγὴν
3664 5063 3740 5117 τῶν

489 5210 514 5243 ⁵
542 5211 744 5266 Matth.
776 5228 883 5280 xw,
920 5215 1007 5268 18.
1041 5214 1064 5247 δ
1094 5214 1297 5270 Matth.
1330 5230 1483 5283 xxxv,
1508 5216 1559 5268 2.

1994 5335 2036 5388 Ν
2043 5334 2215 5391 ΟΤίΕ.

490 5455 599 5525 (25)
632 5455 830 5532 (ἔπηξε-α
858 5454 932 5532 ad
988 5455 1294 5532 litteram;
1326 5458 1595 5532 vicarium
1640 5455 1868 5532 abeunte
1893 5459 2057 5532 prin-
2168 5458 2370 5532 dicens
2405 5475 2417 5512 :
2460 5460 2736 5515 Orientem
2782 5460 3004 5530 regebat
3066 5464 3332 5532 potestate
3374 5454 3603 5529 preteeti
3646 5441 3734 5502 δαί·

415 5529 662 5596 cipatum
703 5528 984 5583 Sallustio.
1016 5528 1199 5581 Porro
1230 5528 1514 5583 vicarium
1571 5527 1731 5581 hunc
1763 5527 2061 5597 principa—
2170 5531 2380 5586 lustius.
2414 5532 2567 5587 EDIr.

414 5602 543 5654 tum
569 5600 962 5668 preferturam
1018 5603 1189 5652 vocat
1234 5597 1606 5665 Ammianus,
1639 5597 1743 5654 lib.
1774 5615 1923 5667 xxvr,
1950 5597 1977 5668 §
2003 5603 2058 5669 5,
