3964 6144
310 288 450 345 1317

1628 289 1690 343 8.
1730 287 2035 343 ABTRIHI
2072 290 2344 346 PASSIO.

3552 293 3692 350 1318

308 409 588 470 Ἰουδαίων
674 407 923 473 πολλους
1001 412 1106 464 τῶν
1183 407 1486 484 εῗρημένων
1567 414 1947 484 κατενεχθεῖσα

2076 411 2260 468 nebraa
2292 414 2352 470 in
2385 414 2530 472 locis
2562 416 2730 484 istis;
2764 422 2822 472 et
2847 420 3217 474 terrmmotus
3251 417 3514 474 continui
3546 419 3700 474 mul-

308 497 542 556 ἀνεῖλεν·
595 502 701 572 πῦρ
757 519 816 554 τε
868 497 1087 574 ἐκραγὲν
1146 495 1394 568 ἀδήλως,
1453 495 1744 560 πλείστους
1804 499 1949 556 Ἰου-

309 588 472 646 δαίων
503 599 847 643 κατέκαυσενθ
877 586 1082 662 ἐγένετο
1127 582 1185 640 δὶ
1238 585 1331 641 καῖ’
1385 586 1578 650 σκότος
1633 588 1770 640 κατά
1821 584 1948 647 τοὺς

2059 501 2323 571 tiplicem
2385 504 2780 560 calamitatem
2842 507 3017 561 variis
3093 506 3426 562 civitatibus
3478 508 3700 579 injece-

2059 595 2218 644 runt.

307 677 511 740 τόπους
543 675 775 738 ἐκείνους
806 676 896 730 καὶ
927 673 1140 747 σεισμοὶ
1174 678 1441 749 συνεχεῖς,
1474 671 1690 738 πολλὰς
1717 674 1924 752 φθαράς
1954 673 2006 728 ἐν
2035 673 2274 738 πολλαῖς
2306 675 2657 752 ἐργασάμενοι
2689 678 2936 738 πόλεσιν.

391 769 480 840 ξθ’.
511 768 574 824 Ὀ
605 763 662 821 δὶ
691 765 987 827 Ἰουλιανὸς
1030 763 1236 838 ἀπάρας
1289 763 1396 818 ἀπὸ
1458 770 1558 833 τῆς
1618 763 1955 839 ’Λντιοχείας

317 857 408 912 σὺν
469 857 625 911 παντὶ
681 859 760 926 τῷ
819 855 1198 928 στρατεύματι,
1256 851 1344 908 ἐπὶ
1409 853 1507 922 τὴν
1568 850 1800 928 Περσίδα
1848 857 1950 928 γῆν

313 945 622 1021 ἕπορεύετο.
665 944 764 999 Καὶ
818 945 917 1013 τὴν
973 946 1330 1019 Κτησιφῶντα
1386 940 1548 996 πόλιν
1605 935 1950 1010 καταλαϐὼν,

312 1033 486 1090 έδόκει
516 1055 568 1090 τι
623 1033 760 1108 μέγα
812 1029 1238 1105 διαπραξάμενος
1285 1027 1462 1104 ἔργον,
1515 1028 1595 1106 ἐφ’
1642 1027 1794 1104 ἔτερα
1857 1051 1954 1100 με-

313 1117 581 1178 ταϐαίνειν
612 1121 915 1196 κρείττονα.
947 1117 1180 1182 Ἔλαθεν
1229 1115 1286 1173 δὲ
1334 1117 1492 1173 αὐτὸν
1537 1115 1891 1187 ἐξαπατηθεὶς
1922 1119 1950 1173 6

313 1209 656 1283 παμμίαρος.
707 1209 924 1276 Ἔρωτα
958 1205 1058 1280 γάρ
1118 1199 1436 1260 διαϐολικὸν
1489 1210 1590 1273 τῆς
1639 1201 1948 1277 εἷδωλομα-

315 1299 430 1360 νίας
461 1296 882 1369 ἐνκτησάμενος,
929 1294 1021 1350 καὶ
1071 1293 1298 1354 ἐλπίσας
1349 1290 1437 1347 διά
1487 1292 1581 1364 μὶν
1629 1296 1736 1347 τῶν
1779 1292 1950 1348 ἀθέων

317 1391 455 1451 θεῶν
486 1387 650 1441 αὐτοῦ
681 1383 1050 1459 πολυχρόνιον
1082 1383 1182 1450 τήν
1213 1381 1488 1456 βασιλείαν
1521 1382 1684 1451 ἄξειν,
1714 1381 1805 1436 καὶ
1829 1381 1948 1437 νέον

313 1475 554 1550 γενέσθαι
587 1470 958 1546 Ἀλέξανδρον,
991 1467 1356 1545 περιγενέσθαι
1416 1468 1474 1526 δέ
1518 1474 1607 1525 καί
1651 1475 1760 1526 τῶν
1815 1477 1952 1547 Περ-

318 1569 449 1632 σῶν,
505 1564 594 1618 καὶ
646 1564 708 1618 τὸ
763 1567 870 1617 τῶν
925 1563 1257 1633 Χριστιανῶν
1316 1559 1611 1636 ἐξαλείφειν
1669 1559 1744 1622 εἷς
1817 1563 1951 1616 ἅπαν

320 1656 470 1727 [396]
527 1652 680 1730 γένος
732 1653 822 1707 καὶ
881 1647 1075 1724 ὄνομα,
1135 1651 1344 1722 ἐξέπεσε
1418 1653 1516 1719 τῆς
1607 1649 1953 1728 ὑπερηφάνου

320 1739 582 1804 διανοίας·
613 1742 825 1816 γέροντι
855 1741 960 1815 γάρ
991 1739 1230 1814 ἐντυχὼν
1262 1738 1438 1814 Πέρσῃ
1481 1739 1568 1794 καὶ
1618 1741 1745 1812 παρ’
1790 1739 1954 1796 αὐτοῦ

2132 768 2218 821 69.
2251 767 2519 823 Julianus
2551 775 2746 824 autem
2777 788 2910 826 cum
2955 770 3228 826 universo
3279 771 3538 826 exercitu
3569 774 3699 826 An-

2060 854 2279 911 tiochia
2307 858 2694 927 profectus,in
2728 860 3018 914 Persicam
3049 859 3350 931 regionem
3382 860 3494 914 iter
3523 860 3703 916 facie-

2059 940 2180 996 bat.
2212 945 2442 1000 Potitus
2487 945 2634 1000 urbe
2685 947 3088 1018 Ctesiphonte,
3124 946 3430 1002 videbatur
3459 947 3569 1002 sibi
3600 948 3699 1002 ali-

2061 1030 2205 1099 quid
2233 1033 2429 1104 magni
2460 1033 2669 1088 fecisse
2702 1041 2760 1088 et
2787 1035 2861 1090 ad
2893 1036 3011 1090 alia
3031 1035 3258 1106 majora
3265 1035 3395 1106 jam
3426 1037 3699 1091 transire.

2060 1122 2184 1174 Non
2215 1121 2376 1176 enim
2406 1122 2774 1195 iutelligebat
2803 1140 2866 1179 se
2898 1124 3092 1194 decipi
3126 1123 3350 1178 infelix.
3382 1126 3524 1179 Nam
3576 1125 3701 1180 dia-

2059 1207 2250 1263 bolico
2282 1210 2630 1266 idololatrias
2656 1229 2857 1267 amore
2883 1217 3250 1283 captus,cum
3283 1219 3578 1284 sperasset
3596 1212 3700 1268 fal-

2059 1312 2259 1351 sorum
2283 1297 2529 1354 deorum
2551 1315 2730 1369 opera
2741 1300 3066 1371 longaevum
3081 1299 3192 1355 sibi
3211 1299 3335 1354 fore
3356 1300 3694 1371 imperium,

2059 1390 2119 1438 et
2146 1401 2364 1442 novum
2385 1403 2446 1441 se
2477 1387 2739 1442 futurum
2765 1388 3383 1455 Alexandrum,relata
3409 1389 3480 1443 de
3506 1388 3695 1444 Persis

2057 1475 2303 1530 victoria
2331 1482 2390 1531 et
2417 1477 2884 1534 Christianorum
2914 1495 3128 1551 genere
3160 1495 3228 1534 ac
3281 1478 3523 1533 nomine
3577 1479 3710 1534 stir-

2061 1562 2217 1632 pitus
2245 1563 2460 1632 deleto,
2485 1566 2700 1620 excidit
2743 1568 3014 1638 superbis
3067 1567 3546 1640 cogitationibus.
3599 1568 3703 1622 Fa-

2060 1657 2189 1706 ctus
2220 1652 2374 1707 enim
2408 1653 2610 1708 obvius
2643 1656 2770 1709 seni
2801 1655 3033 1710 cuidam
3066 1658 3278 1722 Persae,
3298 1654 3369 1710 ab
3403 1655 3504 1710 illo
3531 1655 3705 1709 dece-

2063 1745 2198 1810 ptus
2228 1739 2356 1794 fuit.
2389 1742 2496 1806 Qui
2545 1759 2652 1813 per
2695 1745 2954 1814 speciem
3003 1744 3272 1799 tradendi
3323 1744 3450 1798 sine
3503 1743 3705 1798 labore

322 1829 618 1900 ἀπατηθεὶς
667 1832 754 1902 (f),
813 1828 952 1884 ὥστε
1005 1828 1072 1882 τὰ
1132 1825 1377 1902 βασίλεια
1431 1831 1539 1881 τῶν
1599 1831 1816 1902 Περσῶν
1864 1827 1953 1882 καὶ

2076 1829 2286 1899 regalia
2335 1831 2645 1884 Persarum
2699 1839 3052 1888 ornamenta
3101 1838 3159 1887 et
3205 1848 3412 1886 omnes
3456 1831 3712 1898 divitias,

322 1917 496 1973 πάντα
523 1917 616 1973 τὸν
647 1916 884 1972 πλοῦτον
943 1915 1181 1991 ἀμογητὶ
1229 1913 1664 1989 παραλήψεσθαι,
1717 1909 1960 1970 ἐνέϐαλεν

319 2005 478 2061 αὐτὸν
534 2005 622 2061 έπὶ
682 2007 782 2075 τήν
815 2001 1166 2078 Καρμανῖτην
1222 2001 1427 2079 ἔρημον
1487 2002 1566 2066 εἷς
1619 2000 1833 2066 ἀνοδίας
1875 2005 1964 2058 καὶ

321 2094 562 2170 βάραθρα
591 2093 679 2150 καὶ
712 2092 789 2155 εἶς
837 2091 1080 2169 ἐρήμους
1129 2093 1216 2147 καὶ
1269 2089 1532 2167 ἀνύδρους
1579 2090 1782 2154 τόπους
1833 2092 1968 2164 μετά

317 2183 515 2245 παντὸς
543 2187 641 2237 τοῦ
669 2181 1102 2255 στρατεύματος,
1131 2179 1219 2234 καὶ
1278 2176 1406 2253 δίψῃ
1454 2179 1544 2234 καὶ
1588 2177 1741 2252 λιμῷ
1779 2181 1966 2241 πιέσας

317 2270 536 2338 αὐτοὺς,
563 2270 652 2325 καὶ
699 2273 869 2324 πᾶσαν
927 2269 1025 2336 τὴν
1081 2268 1253 2322 ’ἱππον
1308 2265 1686 2329 ἱναποκτείνας
1735 2265 1963 2340 ὡμολό-

315 2380 480 2434 γησεν
511 2361 540 2414 6
594 2358 802 2434 Πέρσης
862 2356 1128 2421 ἑκουσίως
1179 2355 1377 2418 αὐτοὺς
1437 2355 1862 2425 πεπλανηκέναι,
1892 2356 1966 2418 ὡς

320 2446 380 2502 ἂν
411 2446 749 2526 διαφθαρεῖεν
783 2447 873 2502 ὑπ’
923 2446 1108 2514 αὐτοῦ,
1165 2445 1255 2500 καὶ
1317 2447 1394 2517 μὴ
1453 2445 1553 2513 τὴν
1609 2445 1802 2499 ἑαυτοῦ
1857 2465 1965 2499 πα-

321 2534 480 2609 τρίδα
510 2534 887 2608 πορθουμένην
922 2533 1025 2588 ὑπὸ
1054 2538 1160 2587 τῶν
1194 2532 1461 2607 ἐχθίστων
1515 2532 1782 2596 θεᾶσοιτο.
1829 2535 1967 2588 Τοῦ-

317 2645 414 2679 τον
449 2625 543 2698 μὶν
610 2624 702 2679 οὗν
761 2621 1065 2697 παραυτίκα
1119 2619 1360 2693 μεληδὸν
1409 2621 1836 2693 κατακόψαντες,
1889 2623 1968 2692 τῷ

323 2715 534 2786 θανάτῳ
564 2711 941 2788 παρέπεμψαν
975 2709 1170 2774 εὐθέως
1229 2706 1287 2764 δὲ
1332 2708 1423 2764 καὶ
1473 2711 1607 2782 μετά
1662 2715 1761 2777 τῆς
1807 2707 1966 2778 τηλιο

318 2801 521 2874 καύτης
545 2799 946 2874 ταλαιπωρίας,
979 2799 1271 2861 πίπτοντες
1296 2795 1513 2859 ἄκοντες
1542 2802 1622 2868 τῷ
1674 2801 1786 2852 τῶν
1834 2803 1968 2871 Περ-

319 2893 429 2944 σῶν
489 2888 868 2964 στρατεύματι,
927 2885 1017 2942 καὶ
1077 2881 1369 2958 συμϐολῆς
1427 2884 1748 2961 γενομένης,
1807 2885 1968 2946 αὐτὸς

322 2974 616 3040 Ἰουλιανὸς
644 2975 779 3050 τῇδε
828 2976 984 3031 κάκεῖ
1041 2971 1344 3048 διατρέχων
1391 2973 1481 3027 καὶ
1531 2970 1967 3046 διαταττόμενος,

313 3066 625 3135 περιπίπτει
685 3063 895 3140 δόρατι,
955 3063 1030 3125 ὡς
1092 3061 1189 3136 μέν
1241 3082 1386 3124 τινες
1443 3060 1726 3138 φάσκουσι,
1806 3082 1966 3140 στρατ

312 3156 536 3211 τιώτουο
574 3155 648 3218 ὡς
689 3138 760 3208 δέ
791 3150 978 3222 ἄλλοι,
1018 3154 1328 3227 σαρακηνοῦ
1374 3153 1482 3204 τῶν
1533 3154 1773 3223 Περσῶν·
1826 3149 1899 3211 ὡς
1922 3138 1967 3204 δ’

317 3245 345 3299 6
375 3213 722 3318 Χριστιανῶν
773 3241 801 3294 6
849 3213 1065 3309 ἀληθὴς
1089 3213 1226 3294 ικαὶ,
1250 3239 1520 3314 ἡμέτερος
1571 3213 1808 3311 [λόγος],
1865 3241 1962 3292 τοῦ
1993 3213 2036 3280 C

314 3332 590 3386 Δεσπότου
645 3331 883 3404 Χριστοῦ
928 3325 1348 3400 ἀντιταξαμένου
1407 3325 1578 3398 αὐτῷ.
1638 3326 1808 3396 Τόξον
1858 3325 1962 3402 γάρ

311 3421 527 3496 ἀθρόως
558 3419 664 3474 ἀπὸ
694 3421 790 3474 τοῦ
841 3418 997 3492 ἀέρος
1046 3416 1254 3472 ένταθὲν
1305 3415 1396 3470 καὶ
1459 3415 1621 3489 βέλος
1668 3413 1752 3469 ἐπ’
1803 3414 1962 3469 αὐτὸν

314 3510 389 3571 ὼς
418 3509 506 3563 ἐπὶ
539 3507 740 3563 σκοπὸν
775 3506 948 3584 ἀφιὲν,
979 3505 1069 3560 καὶ
1103 3503 1192 3559 διά
1238 3509 1345 3558 τῶν
1396 3503 1640 3578 λαγόνων
1692 3504 1964 3577 ὁρμῆσαν,

317 3594 614 3669 διαμπερὲς
675 3590 906 3668 ἔτρωσεν
963 3593 1125 3647 αὑτὸν
1186 3591 1263 3655 εἷς
1314 3592 1382 3646 τά
1439 3587 1799 3664 ὑποχόνδρια.
1869 3590 1967 3644 Καὶ

310 3685 624 3756 ἀνοιμώξας
655 3679 790 3758 βαρύ
841 3703 900 3736 τε
950 3680 1041 3735 καὶ
1104 3676 1364 3753 δυσηχές,
1423 3675 1570 3750 ἔδοξε
1619 3677 1712 3732 τὸν
1770 3677 1964 3752 Κύριον

310 3777 471 3846 ἡμῶν
527 3774 738 3842 Ἰησοῦν
795 3769 1035 3844 Χριστὸν
1095 3767 1332 3822 ἐνώπιον
1389 3765 1552 3821 αὐτοῦ
1609 3766 1822 3821 ἑστάναι
1877 3767 1968 3822 καὶ

316 3859 617 3936 έπεγγελᾷν
652 3859 818 3930 αὐτῷ·
855 3859 883 3912 6
916 3855 974 3910 δὲ
1026 3855 1251 3916 σκότους
1306 3853 1395 3908 καὶ
1459 3851 1652 3926 μανίας
1702 3851 1968 3924 πλησθεὶς

321 3945 610 4022 δεξάμενος
641 3951 711 4020 τῇ
752 3945 903 4020 χειρὶ
960 3945 1024 3999 τὸ
1077 3940 1213 3997 ἴδιον
1264 3945 1401 4014 αἷμα
1446 3941 1535 3996 καὶ
1586 3940 1661 4003 εθς
1707 3942 1798 3996 τὸν
1841 3943 1971 4018 ἀέρα

317 4035 497 4112 ῥάνας,
528 4036 666 4108 πρὸς
720 4038 790 4108 τῇ
841 4032 1046 4106 έκπνοῇ
1098 4031 1418 4105 γενόμενος,
1462 4029 1714 4104 ἀνέκραξε
1771 4028 1968 4104 λέγων⁸

319 4125 638 4198 Νενίειηγας,
671 4122 891 4197 Χριστὲ,
923 4120 1282 4196 χορτάσθητι,
1320 4117 1620 4173 Γαλιλαῖεί
1655 4116 1752 4172 Καὶ
1802 4116 1974 4182 οὕτως

2069 1917 2275 1988 injecit
2294 1933 2429 1972 eum
2457 1934 2590 1972 cum
2621 1920 2894 1974 universo
2939 1921 3200 1975 exercitu
3249 1919 3311 1973 in
3357 1918 3711 1973 Carmaniti-

2067 2021 2197 2060 cam
2228 2005 2631 2075 solitudinem,
2672 2009 2734 2062 in
2783 2008 2913 2063 loca
2960 2009 3115 2063 invia
3164 2013 3222 2062 et
3250 2007 3616 2080 voraginosa,
3649 2006 3712 2060 in

2067 2092 2336 2164 regiones
2369 2093 2632 2149 desertas
2663 2101 2721 2149 et
2771 2096 3110 2166 inaquosas.
3163 2097 3426 2166 Cumque
3467 2094 3623 2149 fame
3654 2098 3716 2148 et

2070 2181 2166 2235 siti
2199 2181 2593 2251 oppressisset
2639 2199 2739 2237 eos
2771 2186 2970 2252 Persa,
3008 2183 3232 2254 totique
3266 2183 3553 2253 equitatui
3587 2182 3708 2236 exi-

2070 2267 2218 2321 tium
2252 2275 2674 2339 comparasset,
2718 2269 2913 2324 fassus
2957 2276 3046 2325 est
3093 2286 3154 2325 se
3186 2269 3513 2326 voluntarie
3544 2285 3646 2323 eos
3676 2284 3711 2324 a

2069 2361 2230 2410 recta
2253 2355 2344 2410 via
2374 2355 2709 2425 deduxisse,
2741 2366 2807 2413 ut
2833 2359 3202 2431 disperderet
3253 2376 3376 2427 eos,
3427 2364 3484 2413 et
3511 2374 3585 2412 ne
3611 2373 3714 2428 pa-

2072 2441 2248 2496 triam
2282 2459 2449 2496 suam
2481 2445 2901 2501 infensissimis
2933 2449 3200 2502 hostibus
3231 2452 3516 2502 vastatam
3564 2445 3716 2500 vide-

2074 2534 2184 2582 ret.
2220 2530 2384 2584 Hunc
2415 2533 2655 2601 quidem
2688 2535 2816 2589 sine
2865 2552 3034 2590 mora
3080 2536 3455 2590 membratim
3495 2533 3722 2588 discer-

2071 2622 2238 2688 ptum
2269 2625 2458 2673 morte
2510 2622 2876 2690 affecerunt;
2927 2625 3125 2679 statim
3167 2640 3300 2678 vero
3331 2628 3464 2694 post
3491 2625 3718 2676 tantam

2073 2705 2472 2762 calamitatem
2506 2709 2565 2762 in
2596 2711 2910 2766 Persarum
2959 2712 3283 2767 exercitum
3313 2710 3480 2765 inviti
3511 2725 3716 2764 occur-

2073 2800 2236 2861 runt,
2271 2800 2331 2849 et
2357 2812 2554 2868 pugna
2584 2799 2752 2868 inita,
2786 2799 2911 2868 ipse
2935 2800 3228 2867 Julianus,
3261 2799 3400 2854 dum
3445 2812 3713 2869 puocun-

2074 2899 2189 2952 que
2219 2882 2501 2938 discurrit
2531 2891 2590 2939 et
2619 2887 2819 2942 omnia
2848 2887 3130 2959 disponit,
3186 2886 3343 2942 cadit
3371 2885 3714 2940 vulneratus

2073 2969 2301 3036 lancea,
2335 2977 2400 3026 ut
2429 2973 2706 3028 nonnulli
2738 2974 2967 3037 dicunt.
2998 2975 3225 3042 militis,
3261 2979 3363 3029 aut
3404 2975 3716 3028 Persarum

2075 3059 2311 3126 missili,
2345 3066 2411 3114 ut
2437 3061 2570 3117 aliis
2603 3063 2834 3134 placet;
2869 3063 2969 3118 sed
3003 3063 3330 3119 secundum
3362 3061 3719 3117 Christiano-

2073 3163 2207 3200 rum
2239 3151 2832 3218 sententiam,veram
2865 3153 3070 3222 utique
3099 3169 3166 3207 ac
3195 3157 3524 3217 nostram,a
3557 3147 3722 3203 Chri-

2076 3240 2164 3290 sto
2197 3237 2468 3306 Domino,
2501 3241 2599 3310 qui
2633 3238 2689 3294 ei
2721 3241 3162 3296 adversabatur.
3191 3240 3396 3295 Telum
3428 3239 3589 3294 enim
3635 3251 3722 3290 re-

2074 3325 2314 3394 pentine
2346 3343 2417 3382 ex
2446 3343 2581 3382 aere
2611 3330 3029 3401 projectum,et
3061 3330 3272 3402 sagitta
3293 3329 3355 3383 in
3387 3343 3521 3382 eum
3552 3323 3721 3396 quasi

2075 3413 2137 3467 in
2166 3431 2410 3484 scopum
2441 3416 2732 3486 immissa,
2786 3419 2973 3490 ipsius
3020 3419 3208 3474 latera
3253 3415 3602 3490 penetravit,
3661 3416 3720 3466 et

2075 3500 2480 3572 hypocondria
2509 3522 2750 3576 prorsus
2771 3507 3314 3579 perfodit.Ejulanti
3333 3511 3529 3560 autem
3550 3501 3722 3557 vehe-

2075 3595 2308 3646 menter
2337 3598 2397 3646 et
2437 3595 2778 3650 acutissime
2825 3595 3134 3650 videbatur
3182 3595 3467 3650 Dominus
3517 3597 3722 3647 noster

2076 3677 2244 3733 Jesus
2274 3680 2540 3736 Christus
2571 3687 2724 3737 stare
2762 3700 2831 3738 ex
2862 3684 3125 3740 adverso.
3158 3685 3290 3754 Ipse
3322 3698 3459 3736 vero
3493 3681 3728 3735 insania

2080 3773 2140 3822 et
2166 3768 2364 3825 furore
2393 3773 2674 3842 percitus,
2704 3791 2884 3830 manu
2933 3792 3039 3831 sua
3082 3774 3394 3847 proprium
3439 3772 3727 3844 colligens

2080 3858 2454 3930 sanguinem,
2485 3877 2738 3932 eumque
2769 3865 2829 3917 in
2872 3863 3055 3918 altum
3099 3863 3446 3935 proﬁciens,
3471 3861 3727 3933 jamiam

2081 3951 2409 4002 extremum
2443 3949 2716 4020 spiritum
2747 3951 3109 4016 redditurus,
3151 3949 3534 4006 exclamavit:
3569 3948 3725 4003 Vici-

2083 4036 2178 4101 sti,
2213 4036 2477 4106 Christe;
2520 4039 2755 4110 satiare,
2803 4040 3039 4096 Galilaae
3067 4040 3078 4094 ι
3115 4040 3206 4094 Sic
3239 4039 3497 4110 pessima
3526 4042 3715 4092 morte

2085 4123 2303 4180 efﬂavit
2322 4126 2758 4193 animum,deos
2771 4145 2908 4183 suos
2929 4129 3094 4183 omni
3117 4127 3377 4183 convicio
3396 4127 3722 4182 insectans.

318 4215 411 4269 τὸν
442 4211 694 4287 ἔχθιστον
728 4212 954 4274 θάνατον
985 4201 1336 4274 καταλαϐὼν,
1367 4207 1695 4280 κατέστρεψε
1721 4206 1814 4260 τὸν
1847 4204 1985 4280 βίόν,
2014 4209 2141 4270 τοὺς
2169 4210 2332 4264 αὐτοῦ
2362 4211 2515 4275 θεοὺς
2538 4213 2724 4268 πολλά
2749 4213 3240 4287 λοιδορησάμενος.

396 4309 458 4358 ο’.
489 4303 600 4359 Τοῦ
634 4297 691 4355 δὶ
732 4293 1050 4375 Παραϐάτου
1104 4295 1363 4358 πεσόντος
1419 4292 1472 4349 ἐν
1516 4298 1594 4364 τῷ
1657 4294 1974 4368 μεταιχμίῳ

323 4394 420 4446 τοῦ
469 4391 618 4462 [397]
678 4384 1066 4462 στρατοπέδου,
1118 4379 1378 4444 Ἰοϐιανὸς
1438 4381 1821 4458 ἀναγορεύεται
1876 4383 1975 4456 βα-

328 4476 511 4538 σιλεὺς
543 4476 647 4532 ὑπὸ
674 4479 771 4530 τοῦ
823 4470 1188 4550 στρατοπέδου
1247 4476 1347 4544 (g)'
1405 4471 1496 4525 καὶ
1554 4467 1789 4532 σπονδὰς
1838 4472 1974 4545 πρὸς

2157 4301 2243 4354 70.
2275 4301 2418 4355 Cum
2450 4302 2762 4357 cecidisset
2790 4307 3070 4375 Apostata
3099 4305 3256 4359 inter
3295 4303 3525 4359 medios
3557 4318 3725 4356 exer-

2083 4388 2256 4456 citus,
2305 4390 2580 4445 Jovianus
2629 4391 2952 4464 imperator
3001 4393 3291 4448 salutatur
3335 4408 3370 4447 a
3415 4389 3726 4446 militibus.

2087 4477 2193 4542 Qui
2229 4493 2361 4532 cum
2397 4479 2592 4534 Persis
2619 4497 2826 4552 pacem
2861 4481 3214 4553 composuit,
3247 4479 3433 4536 Nisibi
3479 4479 3606 4534 sine
3638 4479 3729 4532 in-

329 4569 422 4622 τὸν
456 4567 666 4638 Πέρσην
699 4563 973 4638 εἰρηνικὰς
1012 4566 1405 4633 ποιησάμενος,
1452 4561 1550 4628 τήν
1603 4553 1819 4616 Νίσιϐιν
1862 4580 1953 4614 πα-

2085 4568 2230 4623 colis
2255 4570 2340 4625 eis
2371 4571 2607 4639 tradita,
2657 4577 2714 4626 et
2762 4573 2846 4627 sic
2891 4573 3230 4644 expeditum
3277 4589 3337 4628 se
3378 4571 3552 4637 fecit;
3589 4584 3729 4624 nam

330 4653 530 4730 ραδοὺς
595 4658 713 4714 τοῖς
759 4651 952 4726 Ιιέρσις
1011 4650 1134 4705 ἂνευ
1185 4654 1295 4703 τῶν
1369 4644 1696 4723 οἰκητόρων,
1756 4645 1978 4718 ἐξῆλθεν

327 4741 546 4798 ἐκεῖθεν·
579 4742 607 4796 6
636 4741 736 4816 γὰρ
769 4739 996 4815 στρατὸς
1053 4736 1207 4810 λιμῷ
1253 4736 1343 4790 καὶ
1387 4735 1572 4808 λοιμῷ
1621 4733 1972 4813 διεφθείρετο.

330 4831 540 4888 Ἐλθὼν
583 4827 642 4885 δὲ
699 4828 858 4890 αὐτὸς
917 4827 1003 4883 ἐπὶ
1061 4833 1160 4895 τῆς
1215 4827 1324 4878 τῶν
1379 4824 1666 4895 Ῥωμαίων
1725 4831 1851 4898 γῆς,
1907 4829 1976 4899 τῇ

325 4924 432 4974 τῶν
466 4920 848 4992 Ἀνομοιητῶν
881 4915 1086 4988 αἱρέσει
1119 4912 1445 4989 προσετέθη,
1493 4907 1659 4984 ἤγουν
1714 4911 1976 4984 Εὖνομιασ

328 5015 460 5066 νῶν’
496 5009 799 5088 φθάσαντος
833 5004 892 5062 δὲ
949 5006 1114 5062 αὐτοῦ
1167 5005 1266 5072 τὴν
1322 4999 1630 5070 Γαλατικήν
1687 4999 1975 5079 ἐπαρχίαν,

325 5086 595 5152 αὐτόθιέν
630 5093 990 5156 Δαδαστάνοις
1028 5088 1080 5148 ἔν
1135 5112 1245 5146 τινι
1303 5087 1522 5164 χωρίῳ,
1582 5086 1724 5142 οὕτω
1770 5088 1977 5146 καλου-

331 5187 502 5259 μένῳ,
532 5182 684 5263 ἄφνω
739 5183 1094 5258 καταστρέφει
1139 5181 1232 5235 τὸν
1285 5177 1429 5252 βίονο
1469 5175 1559 5230 καὶ
1610 5175 1756 5250 μένει
1789 5180 1817 5234 6
1848 5179 1980 5246 λαὸς

324 5269 680 5337 ἀϐασίλευτος
733 5271 943 5346 ἡμέρας
989 5268 1415 5343 τεσσαράκοντα,
1470 5263 1635 5340 ἂχρις
1665 5266 1726 5321 οὗ
1785 5266 1975 5332 ἐλθόν-

326 5382 417 5425 τες
466 5361 518 5416 έν
573 5361 792 5432 Νικαίᾳ,
849 5355 1300 5417 Οὖαλεντινιανὸν
1360 5352 1749 5430 ἀνηγόρευσαν,
1808 5357 1871 5415 Ὀ
1920 5355 1978 5413 δὲ

2086 4659 2378 4714 exercitus
2408 4665 2570 4730 peste
2603 4676 2669 4715 ac
2699 4660 2853 4717 fame
2882 4661 3132 4732 peribat.
3180 4664 3498 4732 Postquam
3529 4663 3725 4712 autem

2085 4747 2146 4800 in
2178 4747 2577 4803 Romanorum
2600 4754 2816 4806 terram
2867 4751 3122 4817 advenit,
3169 4753 3588 4804 Anomasorum
3623 4759 3727 4799 seu

2085 4835 2591 4891 Eunomianorum
2624 4838 2834 4893 haeresi
2857 4839 3200 4894 adhmsitEt
3229 4854 3364 4892 cum
3389 4837 3730 4908 peragraret

2087 4922 2407 4977 Galaticam
2469 4925 2856 4996 provinciam,
2916 4928 2978 4982 in
3027 4926 3204 4997 hujus
3264 4924 3390 4979 vico
3447 4921 3730 4994 quodam,

2086 5009 2436 5066 Dadastanis
2481 5019 2705 5082 vocato,
2753 5020 2999 5086 repente
3046 5019 3313 5068 mortuus
3363 5017 3472 5068 est.
3519 5009 3737 5064 Mansit

2084 5098 2338 5169 populus
2361 5101 2487 5156 sine
2510 5102 2865 5174 imperatore
2889 5101 3095 5157 diebus
3118 5100 3528 5174 quadraginta,
3547 5099 3738 5154 donec

2086 5185 2292 5241 Nicaea;
2311 5189 2614 5245 constituti
2643 5191 3120 5246 Valentinianum
3144 5186 3738 5245 salutassent.Valen-

2084 5273 2354 5331 tinianus
2412 5284 2610 5333 autem
2660 5279 2966 5350 proprium
3019 5277 3263 5334 fratrem
3311 5279 3732 5349 imperatorem

2085 5363 2434 5436 proclamat,
2467 5365 2562 5422 die
2595 5367 2803 5438 quinta
2845 5367 3138 5422 Kalendas
3185 5367 3396 5435 Martii,
3445 5369 3578 5438 post
3604 5363 3731 5417 dies

1919 5485 2142 5543 NOTIE.

397 5566 470 5658 (j)
502 5583 852 5657 Philostorg.
883 5581 996 5638 loc.
1031 5581 1127 5637 cit.

2157 5585 2242 5658 (α)
2272 5585 2626 5661 Ρδίιοειτοε.
2657 5587 2805 5664 frag.
2839 5589 2943 5647 lib.
2975 5606 3088 5646 vm.
