3964 6144
439 274 576 330 1319
1772 308 1778 315 .
1946 271 1986 317 Δ
2000 268 2283 322 ΟΒΕΝΟΔ
2294 308 2307 321 .
3662 272 3773 326 13m

435 397 673 469 triginta
702 395 849 451 duos
882 394 1114 466 imperii
1148 392 1742 449 sui.Valentinianum
1766 406 1901 462 ergo
1930 406 1994 443 co

2213 386 2627 449 ιῦαλεντινιανὸς
2654 389 2746 442 τόν
2806 385 2943 441 ἴδιον
3003 384 3237 463 ἀδελφὸν
3298 387 3606 463 ἀναγορεύει
3652 392 3778 464 βασι-

432 485 733 540 venientes
766 484 1025 554 episcopi
1058 499 1219 553 pura)
1252 488 1310 535 et
1361 487 1532 536 rectae
1584 480 1739 544 ﬁdei,
1776 479 1997 550 petieru

2209 476 2280 529 .éa
2308 480 2375 548 τῇ
2409 478 2512 550 πρὸ
2570 476 2727 530 πέντε
2785 473 3075 529 Καλανδῶν
3136 475 3415 547 Μαρτίων,
3480 478 3605 548 μετὰ
3656 483 3774 553 τριάς

436 574 561 627 ﬁeri
597 572 906 643 synodum.
941 572 1047 635 Qui
1080 570 1426 641 respondit:
1462 570 1597 622 Mihi
1634 569 1871 639 quidem
1915 568 2001 621 dei

2211 584 2354 618 ιοντα
2378 564 2466 617 καὶ
2498 562 2591 617 δύο
2623 563 2832 637 ἡμέρας
2863 566 2961 627 τῆς
3011 562 3175 616 αὐτοῦ
3228 560 3522 636 βασιλείας.
3577 564 3776 620 Οὐαλεν-

438 662 589 714 Deus
618 660 909 714 dominari
938 660 1112 714 rebus
1164 658 1384 723 saeculi,
1439 658 1599 711 vobis
1648 664 1845 711 autem
1876 656 2003 710 Eccl

2207 655 2397 722 τινιανῷ
2428 650 2607 705 τοίνυν
2640 650 2953 726 ἐντυχόντες
3006 652 3057 704 οἱ
3107 649 3391 704 ἐπίσκοποι
3439 658 3537 719 τῆς
3579 661 3772 729 καθαρᾶς

435 749 537 802 siis
564 766 577 813 ;
606 748 679 802 ad
724 764 817 801 me
854 747 1002 801 nihil
1026 746 1183 800 istud
1226 748 1456 810 attinet;
1491 762 1605 815 quo
1634 761 1768 817 ergo
1799 746 1961 798 vobis
1991 761 2000 782 π

2205 739 2271 794 ιαὶ
2306 740 2471 811 ὀρθῆς
2500 739 2753 805 πίστεως,
2785 739 3059 813 ᾐτήσαντο
3112 738 3353 811 γενέσθαι
3414 737 3649 796 σύνοδον.
3698 743 3770 795 Καὶ

432 853 561 889 sum
592 837 771 889 fuerit
802 835 1428 906 congressi,synodum
1465 834 1776 888 celebrate.
1820 835 1935 887 Hoc
1965 833 1997 886 f1

2206 828 2446 901 ιπεκρίθη
2481 828 2689 896 αὐτοῖς,
2750 829 2832 881 ὅτι
2885 826 3065 898 Ἐμοὶ,
3121 827 3216 898 μὲν
3246 827 3274 880 ὁ
3305 828 3432 888 Θεὸς
3481 825 3660 882 ἔδωκεν
3703 828 3771 902 ἄρ-

433 940 786 994 responsum
810 928 968 977 recta
990 923 1181 977 adhuc
1207 929 1263 976 et
1284 922 1551 976 nondum
1575 927 1849 992 corrupta
1876 937 1998 975 mer

2205 937 2303 990 ζειν
2332 920 2439 970 τῶν
2466 920 2562 970 τοῦ
2593 916 2807 988 κόσμου
2836 917 3201 989 πραγμάτων,
3260 916 3388 987 ὑμῖν
3441 913 3497 970 δὲ
3540 922 3639 970 τῶν
3682 920 3770 973 Ἐκ-

430 1011 1139 1067 fruentis.Convenientes
1174 1011 1350 1081 igitur
1376 1010 1630 1080 episcOpi
1666 1011 1995 1079 Lampsacu:

2207 1002 2447 1074 ιλησιῶν·
2509 1004 2612 1077 ἐγὼ
2669 1004 2849 1058 τοίνυν
2909 1003 2984 1064 εἰς
3036 1007 3199 1057 τοῦτο
3255 1003 3317 1056 τὸ
3374 1010 3592 1079 πρᾶγμα
3655 1004 3772 1060 οὐδὲν

434 1098 798 1169 Hellesponti
823 1099 1139 1166 civitatem,
1175 1098 1311 1151 ﬁdei
1345 1104 1518 1151 rectas
1542 1096 1815 1167 dogmata
1842 1113 1946 1167 per
1975 1113 1999 1150 c

2210 1113 2314 1168 χω·
2350 1093 2487 1148 ὅπου
2517 1092 2607 1148 οὖν
2657 1091 2808 1148 δοκεῖ
2854 1092 3007 1165 ὑμῖν,
3063 1091 3408 1155 συνελθόντες
3453 1096 3549 1161 τήν
3595 1093 3774 1149 σύνοδον

431 1188 552 1258 pita
582 1188 1037 1259 recollegerunt.
1072 1189 1141 1241 Et
1174 1187 1449 1258 martyris
1480 1186 1720 1240 Luciani
1756 1186 1869 1240 ﬁde
1903 1203 1996 1255 ex;

2207 1184 2463 1251 ποιήσατε.
2496 1185 2677 1238 Ταῦτα
2707 1182 2796 1235 οὖν
2827 1180 2905 1235 ἔτι
2935 1181 3096 1256 ἀρθὸν
3129 1177 3277 1255 ἔχων
3322 1182 3384 1235 τὸ
3433 1180 3671 1258 φρόνημα
3709 1184 3772 1237 καὶ

432 1276 929 1341 sita,contrariam
949 1276 1326 1343 damnarunt,
1363 1274 1840 1345 subscripserunt
1871 1274 1997 1329 ﬁdei

2208 1273 2351 1340 ιήπω
2383 1268 2672 1347 διαφθαρὲν
2702 1269 2827 1347 ἔφη’
2891 1270 3244 1343 συναχθέντες
3292 1270 3382 1323 οὗν
3435 1271 3487 1324 οἱ
3532 1271 3773 1325 ἐπίσκοποι

434 1365 654 1418 sanctis
686 1364 957 1419 Patribus
1006 1364 1256 1417 Nicmnis
1308 1363 1646 1433 propositaa,
1698 1379 1948 1433 eamque
1997 1400 1999 1410 ι

2206 1382 2231 1413 ν
2261 1360 2567 1432 Λαμψάκῳ,
2598 1358 2761 1422 πόλις
2791 1357 2849 1414 δὲ
2879 1358 2991 1414 ἔστι
3050 1363 3147 1414 τοῦ
3194 1358 3629 1429 Ἑλλησπόυτου,
3674 1362 3771 1415 ἀνα-

434 1468 639 1506 omnes
672 1452 961 1506 Ecclesias
993 1451 1303 1505 miserunt.
1338 1452 1403 1505 In
1434 1451 1662 1505 Christo
1692 1453 1829 1505 Jesu
1869 1452 1999 1506 Dom

2206 1452 2595 1525 ,ecpaltatobvmi
2644 1449 2711 1501 τὰ
2764 1455 2863 1517 τῆς
2922 1450 3157 1510 πίστεως
3213 1447 3348 1521 ὀρθὰ
3405 1446 3656 1522 δόγματα·
3705 1451 3771 1503 καὶ

434 1557 509 1594 no
542 1545 763 1608 nostro,
798 1539 891 1595 cui
920 1540 1127 1611 gloria.

2205 1538 2501 1609 παραθέντες
2553 1536 2651 1603 τήν
2705 1535 2885 1590 πίστιν
2966 1540 3269 1590 Λουκιανοῦ
3345 1540 3443 1589 τοῦ
3528 1536 3770 1611 μάρτυρος,

425 1626 819 1698 ἀναθεμάτισαν
880 1628 971 1697 μὲν
1030 1627 1092 1681 τὸ
1149 1626 1433 1698 ἀνόμοιον,
1494 1626 1895 1702 ὑπογράψαντες
1934 1629 2004 1696 τῇ
2041 1626 2213 1680 πίστει
2269 1629 2339 1697 τῇ
2400 1625 2778 1699 προεκτεθείσῃ
2836 1624 2939 1679 ὑπὸ
2994 1629 3104 1679 τῶν
3158 1624 3321 1698 ἁγίων
3400 1627 3637 1699 Ιιατέρων
3688 1632 3770 1679 τῶν

428 1714 476 1768 ἐν
532 1717 747 1786 Νικαίᾳ,
804 1716 891 1769 καὶ
954 1716 1032 1777 εἰς
1081 1716 1253 1779 πάσας
1296 1717 1392 1777 τὰς
1452 1716 1780 1786 Ἐκκλησίας
1838 1714 2219 1789 διεπὲμψαντοο
2283 1713 2333 1769 ἐν
2393 1718 2608 1788 Χριστῷ
2665 1716 2844 1784 Ἰησοῦ
2898 1718 2978 1785 τῷ
3034 1715 3213 1787 Κυρίῳ
3268 1714 3532 1785 ἡμῶν,ᾦ
3576 1717 3606 1783 ἠ
3659 1712 3770 1783 δόξα.

429 1884 824 1895 ____—.

879 2044 1005 2165 S.
1104 2044 1248 2165 P.
1356 2044 1510 2164 N.
1608 2042 2319 2164 JOANNIS
2410 2044 3387 2167 DAMASGENI

716 2300 1449 2387 OCTOECHUM
1530 2302 1663 2383 ET
1727 2298 2551 2386 PAllACLE'l'ICEN
2612 2301 2722 2387 IN
2788 2300 2874 2388 Β·
2933 2302 3529 2390 VIBGINEM.

2076 2528 2147 2539 -—.

1268 2652 1359 2705 Ad
1388 2650 1682 2705 editionem
1711 2656 1953 2705 nostram
1986 2650 2255 2722 Liturgiaa
2288 2651 2499 2705 Graeca:
2531 2652 2965 2708 amandavimus.

604 2994 1402 3123 ΔΙΑΛΕΞΙΣ
1520 2972 2435 3124 ΙΩΑΝΝΟΥ(¹)
2557 2997 3615 3130 ΟΡΘΟΔΟΞΟΥ

1524 3268 1847 3363 ΠΡΟΣ
1946 3267 2692 3365 ΜΑΝΙΧΑΙΟΝ.

1186 3615 1475 3670 JOANNIS
1514 3616 1917 3672 ORTHODOXI
1956 3617 2371 3673 DISPUTATIO
2412 3619 2555 3673 CUM
2597 3620 2999 3677 MANICHEO.

1147 3770 1301 3838 (Mn,
1335 3769 1671 3824 Bibliotheca
1698 3787 1840 3825 nova
1862 3772 2109 3841 Patrum,
2141 3775 2280 3826 tom.
2314 3773 2404 3843 IV,
2438 3778 2606 3844 parte
2638 3790 2695 3840 ιι,
2729 3790 2860 3847 pag.
2904 3776 3050 3847 104.)

474 4140 967 4196 ORTHODOXUS.
1002 4139 1059 4193 Si
1086 4155 1299 4211 corpus
1348 4156 1382 4194 a
1434 4140 1683 4194 materia
1710 4146 1817 4208 est,
1852 4142 2039 4197 anima

2227 4144 2658 4199 ΟΡΘΟΔΟΞΟΣ.
2692 4143 2755 4200 Εἰ
2814 4146 2875 4199 τὸ
2926 4150 3083 4218 σῶμα
3132 4148 3231 4214 τῆς
3280 4144 3442 4217 ὕλης,
3471 4147 3503 4213 ἡ
3534 4140 3583 4197 δὲ
3621 4136 3737 4212 ψυχῆ

403 4236 602 4285 autem
635 4246 706 4283 ex
736 4230 889 4285 bono
926 4232 1039 4285 Deo
1073 4236 1180 4297 est,
1224 4236 1291 4286 ut
1338 4249 1436 4285 vos
1487 4231 1704 4300 dicitis,
1757 4239 1968 4288 contra:

2295 4234 2345 4284 >ὖ
2377 4231 2577 4305 ἀγαθοῦ
2609 4234 2763 4302 Θεοῦ,
2823 4235 2942 4297 καθ’
2988 4235 3151 4308 ὑμᾶς,
3198 4233 3413 4290 ἐναντία
3451 4232 3507 4287 οὐ
3553 4228 3741 4287 συντίθεσ

408 4317 651 4387 quidem
683 4334 803 4372 non
839 4325 1276 4389 componuntur
1303 4320 1527 4390 absque
1558 4320 1784 4375 artiﬁce
1818 4320 1973 4390 aliqu

2172 4316 2396 4373 ταιόίνευ
2428 4320 2673 4395 τεχνίτου
2721 4321 2887 4385 τινός·
2949 4325 3064 4377 οἷον
3118 4324 3179 4377 τὸ
3242 4321 3411 4396 μέλαν
3462 4320 3543 4375 καὶ
3595 4312 3737 4370 λευκὸν

397 4405 578 4458 veluti
614 4406 847 4477 nigrum
881 4412 939 4461 et
967 4407 1166 4461 album
1189 4424 1222 4461 a
1252 4408 1562 4477 pictore,et
1583 4425 1616 4463 a
1648 4409 1875 4464 medico
1909 4426 1962 4464 ca

2171 4408 2266 4461 ὕπὸ
2300 4408 2607 4485 ζωγράφου,
2637 4411 2726 4463 καὶ
2775 4411 2876 4465 ὑπὸ
2928 4410 3125 4485 ἰατρῶν
3176 4412 3242 4466 τὰ
3291 4414 3461 4487 θερμα
3506 4404 3607 4475 ε’ίδη
3654 4403 3736 4457 τοῖς

398 4490 488 4545 dm
523 4492 750 4562 species
786 4510 918 4547 cum
948 4493 1214 4565 frigidis;
1269 4494 1400 4563 quis
1444 4495 1598 4549 inter
1629 4510 1690 4548 se
1721 4510 1961 4564 compos

2169 4499 2419 4572 Ψυχροῖς,
2450 4497 2533 4561 τίς
2564 4500 2591 4553 ὖ
2624 4502 2937 4575 συναγαγὼν
2986 4502 3053 4556 τὰ
3102 4486 3551 4576 ἐναντίαςψυχήν
3594 4515 3641 4548 τε
3674 4486 3734 4543 καὶ

399 4580 723 4653 contrario,
756 4582 1017 4637 animam
1051 4582 1280 4637 scilicet
1310 4588 1367 4636 et
1416 4598 1652 4652 corpus,
1686 4598 1869 4636 unum
1922 4599 1964 4636 a1

1465 4598 1652 4652 )rpus,
1686 4598 1869 4636 unum
1922 4583 2047 4636 ani-
2159 4590 2342 4658 σῶμα,
2376 4584 2427 4641 ἕν
2465 4591 2602 4656 ζῶον
2630 4588 3030 4665 ἐργασάμενοςς

398 4668 517 4723 mal
548 4669 817 4724 efﬁciens
837 4670 865 4725 ?

468 4758 918 4813 MANICHASUS.
980 4758 1176 4813 Bonus
1250 4759 1425 4825 Deus,
1501 4774 1636 4813 cum
1694 4757 2033 4813 seditionem

2227 4764 2646 4821 MANIXAIOE'
2682 4766 2745 4822 Ὀ
2777 4765 2977 4841 ἀγαθὸς
3003 4768 3131 4830 Θεὸς
3182 4768 3423 4829 ἀτάκτως
3470 4755 3726 4832 κινουμένης

396 4852 797 4901 commoveret
817 4845 1386 4917 materia,sumptam
1408 4847 1758 4917 particulam
1782 4848 1961 4918 aliqua

2158 4856 2251 4918 τῆς
2284 4849 2441 4921 ὕλης,
2478 4847 2661 4907 λαϐὼν
2709 4854 2904 4927 μοῖράν
2945 4877 3065 4911 τινα
3111 4862 3212 4925 τῆς
3256 4856 3444 4910 ἑαυτοῦ
3491 4849 3723 4919 δυνάμεως,

394 4950 513 4987 suae
546 4935 733 5005 ipsius
763 4934 1130 5004 substantiae,
1164 4935 1226 4989 in
1279 4937 1584 4990 materiam
1634 4937 1859 5007 injecit,
1910 4953 1959 4991 es

2155 4940 2220 5009 τῇ
2249 4939 2352 5013 ὕλῃ
2406 4940 2779 5016 προσέπεμψε,
2841 4941 3091 4999 δελεάσαι
3144 4946 3309 5013 αὐτὴν
3365 4928 3720 5020 βουλόμενος’ἧ

395 5021 563 5076 illam
597 5023 835 5078 allicere
868 5024 1105 5091 volens;
1142 5042 1273 5096 qum
1305 5024 1456 5079 hanc
1489 5031 1794 5097 exceptam
1832 5026 1960 5080 ebib

2156 5024 2208 5081 δὲ
2265 5023 2509 5083 λαϐοῦσα
2561 5031 2797 5085 κατέπιε
2859 5033 2950 5087 καὶ
3009 5033 3181 5096 οὕτως
3238 5032 3296 5088 ἐκ
3362 5039 3458 5102 τῆς
3538 5024 3721 5101 κράσεως

394 5115 571 5181 atque
594 5127 663 5164 ex
684 5112 994 5182 utriusque
1017 5113 1395 5168 concretione
1419 5114 1768 5183 compositio
1793 5116 1959 5169 exstil

1636 5114 1768 5168 sitio
1793 5116 2037 5171 exstitit.
2153 5116 2478 5193 ἀμφοτέρων
2506 5119 2572 5173 τὰ
2603 5118 2827 5175 σύνθετα
2855 5120 3065 5197 γέγονεν
3098 5126 3196 5197 (2).

1982 5234 2026 5287 Ν
2032 5233 2204 5288 ΟΤᾸΞ.

466 5324 541 5409 (1.)
573 5322 842 5409 Intelligo
874 5325 1920 5409 Joannem.DamascenumAttamen
1947 5330 2043 5385 hic
2224 5334 2297 5402 (2)
2330 5334 2652 5409 Audiamus
2683 5336 3164 5409 S,Augustinum
3214 5337 3627 5409 Manichaaorum
3654 5337 3719 5409 εἷ’

393 5400 596 5479 noster
624 5393 889 5479 dialogus
921 5396 1095 5479 plane
1127 5399 1393 5479 diyersus
1426 5404 1517 5454 est
1556 5398 1643 5479 ab.
1680 5414 1747 5451 eo
1780 5400 2039 5479 quinexs-
2150 5393 2315 5479 rores
2346 5408 2613 5479 apprime
2646 5393 2984 5477 callentem,
3020 5414 3095 5466 De
3125 5427 3296 5479 agone
3321 5408 3529 5479 Christi,
3553 5393 3714 5479 gap-3;

394 5467 1090 5544 tatcontraAManichznos
1120 5470 1227 5525 sub
1273 5471 1435 5526 illius
1484 5470 1726 5526 nomine
1781 5467 1840 5525 in
1890 5472 2037 5544 Opp.
2152 5498 2177 5522 α
2212 5467 2519 5531 Μεηίὀιὶωί
2581 5478 2786 5534 dicunt
2842 5467 2983 5535 ante
3044 5467 3249 5536 mundi
3303 5467 3715 5544 constituti01_le'l_11

393 5541 435 5593 t.
468 5539 512 5609 Ι,
542 5554 601 5609 p.
635 5540 763 5610 429,
795 5554 920 5609 seq.
1937 5532 1957 5544 ”

2147 5544 2330 5603 fuisse
2352 5554 2587 5620 gentem
2610 5532 3555 5624 tenebrarumquaa—co—ntrailjeum
3568 5532 3710 5595 rebel-
