3964 6144
259 304 391 359 1321

1023 309 1321 363 JOANNIS
1357 304 1777 362 ORTHODOXI
1815 298 2245 354 DISPUTATIO
2281 299 2432 354 CUM
2470 299 2890 354 MANICHEO.

3518 302 3658 358 1322

326 429 390 484 Ο.
423 429 606 483 Ταῦτα
637 427 798 499 μῦθοί
826 429 969 490 τινές
1023 428 1126 482 εἰσι
1158 429 1322 484 πλέον
1382 435 1482 497 τῆς
1537 420 1783 486 ἀσεϐείας
1833 422 1881 476 τέ

2081 421 2143 474 Ο.
2181 422 2277 475 Hae
2311 427 2450 476 sunt
2477 422 2691 477 fabulae
2723 423 3210 496 queedam,magis
3243 425 3419 480 etiam
3461 427 3659 484 incre-

251 515 512 569 ἀπίθανον
572 514 810 589 ἔχοντες
867 521 1083 590 πρῶτον
1147 517 1240 588 μὲν
1294 518 1378 572 ἀτι
1449 514 1627 576 οὐδεὶς
1707 513 1892 568 ἑαυτὸν

251 604 524 673 συντίθησι
583 605 722 678 πρὸς
779 604 962 677 ἐτέρου
1031 606 1258 678 γένεσιν
1347 606 1481 680 πρὸς
1560 601 1775 663 τούτοις
1838 597 1894 654 δὲ

251 693 494 761 παθητὸς
527 695 614 747 καὶ
665 694 916 768 μεριστὸς
947 695 974 748 6
1006 695 1136 756 Θεὸς
1195 695 1431 758 έντεῦθεν
1479 693 1800 767 εὑρίσκεται,
1848 687 1900 743 εἷ’

251 801 316 854 γε
375 781 538 854 μέρος
601 781 760 843 αὐτὸς
821 777 1005 837 λαϐὼν
1062 787 1129 856 τῇ
1185 781 1292 849 ὕλη
1352 781 1665 858 προσέρῥεν·
1750 778 1894 835 ἀλλά

248 870 339 923 καὶ
397 871 431 937 ἡ
491 868 596 939 ὕλη
653 873 749 923 τοῦ
808 871 938 924 εἶναι
990 873 1130 939 κακή
1191 869 1707 946 ἐλευθερωθήσεται,
1766 867 1892 942 ἐρα-

250 962 433 1020 σθεῖσα
458 962 555 1011 τοῦ
587 959 806 1030 ἀγαθοῦ,
865 959 955 1013 καὶ
1002 960 1064 1014 τὸ
1115 959 1165 1030 ἐξ
1212 961 1377 1014 αὐτοῦ
1429 965 1542 1036 φῶς
1598 959 1895 1013 καταπιοῦ-

247 1065 330 1100 σα·
366 1041 536 1100 ἄλλον
567 1067 626 1100 τε
655 1044 712 1101 δὶ
742 1047 1028 1121 ἀπόκριναί
1061 1069 1176 1120 μοι,
1206 1048 1494 1121 ἀσώματος
1529 1049 1557 1102 6
1587 1047 1755 1114 Θεός;

319 1141 394 1191 M.
427 1135 550 1206 Ναὶ,
584 1136 898 1208 ἀσώματος.

319 1226 386 1281 Ο.
419 1228 542 1286 Πῶς
600 1225 690 1278 οὗν
748 1225 776 1279 6
834 1225 1125 1298 ἀσώματος
1180 1227 1270 1280 καὶ
1331 1227 1540 1287 ἁπλοῦς
1614 1224 1793 1297 τομὴν
1853 1223 1890 1292 ἢ

250 1309 507 1385 διαίρεσιν
542 1311 802 1386 ὑπομένει
828 1332 842 1382 ;

317 1404 384 1455 Μ.
426 1399 587 1457 Ἀλλ’
643 1401 709 1456 οὐ
765 1399 1024 1476 διαίρεσιν
1083 1403 1118 1472 ἢ
1172 1403 1350 1471 τομήν
1411 1401 1682 1476 γεγονέναι
1743 1397 1891 1474 λέγω

243 1495 342 1558 τῆς
373 1487 516 1551 θείας
551 1489 757 1560 οὐσίάς,
791 1490 938 1546 ἀλλὰ
967 1487 1284 1566 προσϐολὴν
1313 1489 1607 1562 ὁμοούσιον
1637 1494 1715 1560 τῷ
1744 1509 1888 1563 προ-

243 1571 595 1650 ϐαλλομένῳ·
633 1579 724 1634 καὶ
750 1579 887 1652 πρὸς
915 1584 1078 1634 τοῦτο
1106 1577 1468 1654 διαμάχεσθαι
1531 1576 1889 1649 Χριστιανοὺς

244 1665 398 1727 ’ὄντας
438 1667 578 1738 ὑμᾶς
608 1668 710 1722 οὐκ
739 1670 896 1740 οἶμαι
927 1665 1022 1740 [οἳ]
1051 1669 1140 1722 τὸν
1180 1668 1302 1721 Υἱὸν
1353 1668 1448 1721 τοῦ
1496 1664 1629 1721 Θεοῦ
1658 1666 1748 1720 καί
1781 1666 1887 1720 Λό-

2005 506 2217 562 dibiles
2253 526 2429 579 quam
2462 511 2950 581 impia).Primum
2970 513 3208 582 quidem
3229 515 3368 583 quia
3396 532 3568 570 nemo
3590 535 3652 573 se

2005 595 2200 665 ipsum
2233 599 2555 668 componit,
2596 603 2662 651 ut
2703 598 2885 652 alium
2935 600 3240 668 producat.
3292 603 3513 658 Deinde
3558 605 3654 660 his

2003 685 2234 755 positis,
2261 686 2523 756 patibilis
2547 686 2975 758 divisibilisque
3012 690 3162 742 Deus
3193 690 3333 745 hinc
3365 694 3657 763 comperi-

2006 774 2176 839 tur,si
2203 774 2445 844 quidem
2468 781 2664 846 partes
2687 778 2775 830 sui
2801 783 3066 848 sumptas
3087 779 3147 831 in
3171 781 3480 834 materiam
3513 799 3653 853 pro—

1995 862 2281 932 jecit.Sed
2309 869 2366 916 et
2387 865 2634 918 materia
2664 866 2984 934 quominus
3007 866 3082 920 sit
3103 867 3260 921 mala
3289 868 3648 935 absolvetur,

2004 951 2285 1020 quoniam
2317 951 2538 1006 bonum
2570 952 2884 1017 adamavit,
2917 955 3164 1026 ejusque
3197 956 3393 1011 lucem
3441 958 3648 1014 ebibit.

2004 1041 2168 1094 Nunc
2189 1039 2351 1094 aliud
2372 1041 2514 1094 mihi
2532 1043 3047 1113 respondetzestne
3065 1043 3450 1115 incorporeus
3469 1047 3652 1102 Deus?

2073 1131 2142 1182 M.
2179 1129 2330 1183 Sane
2365 1129 2774 1201 incorporeus.

2073 1217 2135 1271 Ο.
2170 1217 2470 1282 Quomodo
2501 1219 2680 1290 igitur
2726 1220 3112 1291 incorporeus
3148 1227 3216 1291 et
3263 1223 3516 1295 simplex
3565 1243 3653 1281 se-

2001 1306 2258 1360 ctionem
2286 1311 2388 1360 aut
2417 1305 2770 1362 divisionem
2802 1309 3068 1379 patitur?

2075 1396 2142 1449 M.
2177 1397 2293 1467 Ego
2328 1412 2520 1466 neque
2568 1397 2915 1453 divisionem
2967 1415 3160 1469 neque
3207 1402 3531 1458 sectionem
3562 1403 3649 1458 fa-

2000 1487 2155 1538 ctam
2179 1483 2310 1539 dico
2335 1486 2546 1540 divinze
2573 1486 2940 1552 substantia),
2975 1488 3078 1541 sed
3111 1489 3491 1544 emissionem
3514 1508 3652 1547 con-

2001 1572 2454 1629 substantialem
2486 1576 2800 1630 emittenti.
2833 1578 3024 1645 Atque
3050 1577 3190 1632 huic
3221 1581 3530 1634 sententiae
3560 1597 3648 1636 re-

2000 1677 2260 1731 pugnare
2287 1680 2386 1716 vos
2418 1664 2784 1718 Christianos
2816 1681 2937 1719 non
2970 1672 3132 1736 puto,
3162 1667 3262 1736 qui
3295 1667 3507 1722 Filium
3541 1671 3644 1724 Dei

242 1755 360 1828 γὸν,
394 1755 454 1809 οὐ
484 1763 684 1827 τμῆμα
710 1763 811 1825 τῆς
840 1757 1040 1810 τούτου
1102 1757 1308 1829 [ἰατρὸς
1361 1755 1544 1816 οὐσίας
1593 1755 1746 1828 φατὲ,
1796 1755 1881 1808 καὶ

2039 1749 2277 1817 'erbum,
2312 1753 2634 1806 sectionem
2669 1753 3017 1808 substantiae
3047 1759 3310 1824 paternaa
3337 1773 3456 1811 non
3499 1757 3646 1812 dici-

247 1843 400 1916 ὅμως
434 1843 729 1914 ὁμοοόσιον
757 1849 836 1916 τῷ
866 1844 1035 1918 Πατρί
1065 1844 1153 1898 καὶ
1185 1845 1310 1917 παρ’
1367 1844 1490 1915 ὑμῖν
1530 1841 1890 1916 ὁμολογεῖται

246 1931 337 1985 καὶ
371 1931 445 1993 εἷς
477 1933 567 1986 τὸν
601 1932 807 2004 κόσμον
838 1930 1235 1987 ἀποσταλείσθαι
1288 1932 1420 2007 ὑπὲρ
1471 1931 1738 2006 σωτηρίας
1784 1935 1891 1984 τῶν

247 2017 549 2093 ἀνθρώπων
605 2021 707 2075 ὑπὸ
763 2023 862 2090 τῆς
920 2020 1071 2096 ἁγίας
1128 2027 1346 2098 Γραφῆς
1391 2019 1732 2094 κηρύττεται·
1796 2018 1889 2073 06-

245 2129 356 2171 τως
399 2109 490 2162 οὗν
547 2116 725 2181 τομῆς
786 2111 862 2182 μὴ
918 2110 1212 2184 γενομένης
1245 2111 1272 2164 ὁ
1304 2109 1504 2183 ἀγαθὸς
1553 2109 1680 2169 Θεὸς
1732 2105 1886 2162 δόνα-

252 2197 340 2270 μίν
370 2219 491 2252 τινα
517 2194 854 2272 προεϐάλετο
885 2200 1021 2274 πρὸς
1049 2200 1112 2254 τὸ
1159 2197 1405 2274 ἐπισχεῖν
1457 2202 1558 2263 τῆς
1605 2196 1742 2267 ὕλης
1789 2197 1886 2265 τὴν

247 2286 480 2359 ἀταξίας.

315 2376 378 2432 Ο.
414 2376 515 2431 Καὶ
579 2373 751 2438 οὕτως
813 2373 1132 2451 ἐλεγχθείης
1178 2374 1257 2449 τῷ
1312 2379 1410 2446 τῆς
1455 2380 1634 2447 τομῆς
1681 2372 1883 2449 ἐγκλή-

249 2483 376 2535 ματι
407 2463 767 2536 περιπίπτων.

319 2552 393 2607 Μ.
423 2549 707 2624 Ἔλεγξον,
739 2553 828 2607 καὶ
859 2551 1123 2625 πείσομαι
1149 2556 1269 2614 τοῖς
1302 2573 1418 2609 σου.

312 2643 376 2695 Ο.
411 2644 738 2711 Διαιρεῖσθαι
769 2641 869 2708 τήν
901 2639 1037 2710 ὕλην
1066 2642 1155 2694 καὶ
1184 2641 1274 2695 τὸν
1309 2641 1435 2695 Θεὸν
1470 2637 1633 2701 ἰδίοις
1690 2640 1882 2700 τόποις

244 2724 362 2782 οἶδα
390 2725 663 2792 πολλάκις
691 2729 944 2798 ἀκηκοὼς
981 2729 1083 2782 ὑπὸ
1137 2733 1244 2784 τῶν
1302 2729 1642 2804 Μανιχαίων·
1689 2728 1778 2782 καὶ
1810 2728 1884 2790 ὡς

241 2814 304 2868 τὸ
337 2815 429 2887 μὲν
459 2823 634 2870 νοτιον
667 2820 736 2890 τῇ
767 2816 889 2890 ὕλῃ,
921 2817 984 2871 τὸ
1017 2813 1074 2871 δὲ
1108 2818 1341 2892 βόρειον,
1395 2817 1484 2872 καὶ
1536 2813 1881 2888 ἀνατολικὸν,

243 2902 330 2957 καὶ
363 2900 576 2959 δυτικὸν
604 2906 962 2980 προσνέμεται
992 2910 1073 2978 τῷ
1102 2907 1286 2980 ἀγαθῷ
1311 2910 1448 2978 Θεῷ.

309 2994 385 3050 Μ.
421 2994 609 3055 Οὕτως
641 2998 740 3070 γάρ
774 2994 1185 3068 ὁμολογοῦμεν,

309 3086 366 3137 Ο.
404 3086 526 3144 Πῶς
568 3081 659 3136 οῦν
721 3083 782 3138 οὖ
841 3080 1089 3146 δέδοικας
1146 3085 1244 3153 τήν
1303 3082 1571 3154 τοσαύτης
1625 3079 1878 3158 βλασφη-

242 3168 336 3242 μία
397 3167 732 3246 ὑπερϐολήν,
787 3173 1158 3246 περιγραπτὸν
1199 3170 1433 3248 ’ίεσᾶγων
1485 3172 1548 3227 τὸ
1596 3175 1775 3238 Θεῖον,
1824 3168 1883 3224 ὅν

237 3256 436 3330 ἀγαθὸν
468 3259 557 3312 καὶ
584 3257 999 3333 παντοδόναμον
1058 3259 1381 3336 ὁμολογεῖς,
1435 3259 1524 3314 καὶ
1572 3264 1740 3314 ταῦτα
1779 3258 1886 3314 ἀπὸ

235 3351 335 3414 τῆς
365 3347 626 3416 κακίστης
666 3344 806 3416 ’ὑλης
863 3350 1374 3424 περιγραφόμενον;
1439 3347 1608 3421 Πέρας
1658 3347 1760 3422 γὰρ
1807 3351 1887 3417 τῷ

240 3437 355 3505 Θεῷ
388 3429 572 3504 δίδως,
604 3433 655 3488 έν
687 3435 841 3508 τόπῳ
871 3440 1060 3490 τοῦτον
1102 3438 1507 3510 ὑποτιθέμενος·
1563 3439 1729 3509 πέρας
1782 3434 1884 3510 γάρ

242 3520 352 3576 ἐστι
382 3521 556 3586 τόπος
579 3527 676 3578 τοῦ
724 3523 1098 3600 περιέχοντος,
1153 3527 1284 3580 καθὸ
1331 3523 1574 3599 περιέχει
1621 3523 1683 3577 τὸ
1732 3543 1884 3596 περι-

243 3611 528 3685 εχόμενον’
562 3612 961 3687 περιεχόμενος
993 3611 1050 3668 δὲ
1080 3615 1108 3670 6
1140 3615 1293 3682 Θεὸς,
1345 3612 1713 3688 περιγραπτὸς
1755 3613 1886 3666 πάν·

241 3720 348 3761 τως
381 3699 512 3754 ἐστί’
542 3701 630 3754 καὶ
674 3701 834 3764 αὐτὸς
895 3700 952 3756 δὲ
981 3705 1008 3757 ὁ
1037 3703 1128 3757 τὸν
1181 3704 1308 3759 Θεὸν
1367 3703 1641 3776 περιέχων
1694 3697 1883 3770 τόπος,

246 3789 632 3866 περιγράφεται
660 3791 778 3844 κατ’
828 3791 1000 3846 έκεῖνο
1057 3793 1118 3846 τὸ
1173 3790 1356 3860 τέλος,
1411 3793 1544 3854 καθὸ
1592 3796 1690 3859 τῆς
1748 3789 1886 3860 ὕλης

249 3880 345 3931 τοῦ
369 3877 542 3932 τόπου
601 3879 912 3956 ἐφάπτεται·
966 3881 1056 3934 καὶ
1106 3879 1279 3943 οὕτως
1331 3881 1433 3934 ὑπὸ
1486 3879 1890 3956 περιγραφομέ-

244 3984 337 4019 νου
392 3964 564 4020 τόπου
610 3970 1072 4044 περιγραφήσεται
1107 3969 1134 4023 6
1167 3969 1294 4031 Θεὸς
1351 3970 1470 4032 καθ’
1543 3969 1702 4041 ὑμᾶς,
1761 3965 1888 4028 τοὺς

241 4053 397 4127 τόπῳ
424 4056 530 4109 τινὶ
557 4057 967 4131 περιορίζοντας
1008 4059 1097 4112 τὸν
1154 4057 1302 4116 Θεόν.
1355 4057 1530 4114 Ἀλλά
1573 4061 1742 4111 ταῦνα
1794 4056 1886 4129 μὲν

247 4143 542 4220 παρείσθω⁹
573 4145 689 4201 εἷπε
721 4144 778 4201 δέ
831 4169 947 4219 μοι,
997 4146 1049 4202 ἐν
1092 4153 1173 4221 τῷ
1223 4147 1406 4221 οἰκείῳ
1454 4147 1608 4220 τόπῳ
1670 4144 1891 4220 μένοντα

243 4234 333 4287 τὸν
376 4235 503 4289 Θεὸν
561 4237 669 4313 φῆς
727 4232 1096 4310 προϐαλέσθαι
1154 4240 1252 4307 τὴν
1310 4237 1362 4308 ἐξ
1419 4239 1586 4292 αὐτοῦ
1642 4234 1890 4310 δύναμιν,

244 4322 333 4376 καὶ
367 4320 456 4376 ἐπὶ
486 4324 580 4378 τὸν
612 4330 710 4392 τῆς
744 4324 882 4396 ὕλης
917 4324 1294 4396 ἐξαποστεῖλαι
1318 4325 1485 4382 τόπον
1520 4343 1535 4396 ;

317 4413 390 4466 Μ.
424 4409 546 4480 Ναί,
575 4413 739 4466 τοῦτό
762 4434 929 4486 φημι.

2000 1837 2093 1904 tis,
2129 1844 2186 1892 et
2218 1839 2396 1894 simul
2447 1845 2645 1896 tamen
2692 1843 2849 1896 Patri
2895 1843 3460 1900 consubstantialem
3513 1863 3650 1901 con-

2001 1925 2270 1980 ﬁtemini.
2308 1927 2468 1982 Idem
2496 1929 2556 1982 in
2582 1929 2867 1984 mundum
2900 1937 3142 2001 propter
3160 1932 3472 1987 hominum
3495 1935 3650 1990 salu-

1999 2016 2117 2066 tem
2141 2014 2356 2068 missus
2377 2015 2441 2068 in
2463 2021 2666 2070 sancta
2692 2016 2991 2087 Scriptura
3021 2017 3396 2088 praadicatur.
3433 2020 3523 2074 Sic
3557 2037 3647 2075 er-

1995 2116 2087 2171 go,
2138 2101 2304 2156 nulla
2333 2103 2764 2159 interveniente
2796 2110 3076 2175 sectione,
3110 2106 3301 2161 bonus
3341 2109 3493 2162 Deus
3524 2110 3639 2164 vim

1997 2189 2314 2259 quamdam
2346 2208 2416 2246 ex
2449 2209 2576 2246 sese
2607 2193 2806 2248 emisit
2834 2193 2906 2248 ad
2939 2197 3430 2265 compescendam
3463 2205 3644 2253 mate.

1995 2280 2095 2334 riae
2126 2282 2621 2352 pertubationem.

2065 2371 2127 2424 Ο.
2160 2372 2351 2440 Atque
2383 2371 2464 2426 ita
2494 2371 2555 2426 in
2588 2371 2937 2443 improbataa
2969 2373 3250 2429 sectionis
3282 2375 3518 2446 culpam
3551 2377 3640 2431 in-

1994 2457 2164 2512 cidis.

2063 2549 2133 2600 M.
2168 2548 2536 2616 Demonstra,
2569 2553 2628 2602 et
2659 2565 2760 2617 ego
2795 2549 2970 2606 dictis
2999 2551 3113 2606 tuis
3144 2551 3408 2606 credam.

2063 2638 2126 2692 Ο.
2163 2637 2348 2692 Dividi
2383 2638 2692 2693 materiam
2725 2655 2793 2694 ac
2825 2641 3009 2694 Deum
3042 2641 3297 2711 propriis
3329 2642 3496 2708 locis,
3522 2644 3643 2698 scio

1993 2743 2088 2780 me
2109 2744 2229 2781 non
2261 2727 2452 2782 semel
2475 2727 2709 2783 audisse
2742 2745 2776 2783 a
2805 2729 3180 2796 Manichaais;
3215 2735 3392 2802 atque
3424 2736 3652 2786 austra-

1993 2815 2112 2870 lem
2144 2821 2373 2887 partem
2408 2816 2697 2883 materiai,
2731 2817 3054 2883 borealem,
3090 2818 3464 2890 orientalem,
3495 2821 3650 2876 occi-

1993 2903 2385 2975 dentalesque
2418 2909 2616 2976 partes
2647 2905 2802 2962 bono
2838 2908 2953 2962 Deo
2986 2907 3252 2963 attribui.

2065 2996 2136 3048 M.
2177 2994 2274 3049 Dic
2305 3010 2415 3049 nos
2447 2994 2820 3065 profitemur.

2067 3081 2132 3135 Ο.
2165 3080 2465 3144 Quomodo
2498 3097 2633 3152 ergo
2667 3098 2786 3136 non
2817 3083 3024 3138 horres
3058 3088 3231 3138 tantaa
3262 3084 3646 3157 blasphemiae

1999 3185 2306 3224 excessum
2329 3169 2356 3223 ?
2380 3169 2896 3242 circumscriptum
2924 3171 3212 3228 inducens
3233 3174 3447 3242 Dnum,
3468 3191 3647 3246 quem

1997 3258 2219 3313 bonum
2251 3263 2310 3314 et
2339 3259 2808 3330 omnipotentem
2834 3262 3222 3331 conﬁteris,et
3245 3267 3445 3318 tamen
3463 3281 3496 3319 a
3520 3282 3649 3336 pes-

1997 3348 2148 3403 sima
2164 3347 2411 3402 materia
2427 3347 3010 3405 limitatum.Etenim
3033 3351 3354 3407 terminum
3379 3353 3494 3408 Deo
3518 3352 3644 3420 das,

1995 3436 2136 3491 dum
2171 3452 2304 3491 eum
2337 3436 2398 3490 in
2431 3436 2560 3492 loco
2608 3437 2864 3493 collocas
2895 3456 2907 3492 :
2957 3456 3096 3494 nam
3129 3440 3295 3496 locus
3351 3442 3650 3497 terminus

1998 3530 2088 3579 est
2139 3525 2522 3594 continentis,
2551 3531 2844 3596 quatenus
2893 3529 2953 3583 in
2985 3545 3045 3583 se
3070 3529 3338 3584 continet
3372 3546 3651 3602 compre-

1995 3613 2248 3668 hensum
2275 3631 2287 3668 :
2318 3615 2781 3685 comprehensus
2823 3622 3021 3671 autem
3069 3618 3242 3685 Deus,
3275 3635 3523 3689 prorsus
3555 3624 3652 3675 est

1995 3703 2477 3773 circumscriptus
2504 3720 2516 3755 :
2553 3708 2612 3757 et
2642 3704 2766 3774 ipse
2811 3706 2912 3775 qui
2944 3707 3130 3760 Deum
3163 3707 3430 3761 continet
3457 3707 3649 3773 locus,

1997 3809 2065 3846 eo
2099 3792 2350 3846 termino
2374 3791 2904 3859 circumscribitur,
2936 3811 3052 3864 quo
3081 3796 3229 3852 105
3258 3796 3371 3850 loci
3395 3796 3656 3852 materia

1997 3881 2280 3954 pertingit
2303 3900 2315 3936 :
2341 3886 2516 3952 atque
2542 3883 2623 3937 ita
2643 3882 3093 3956 circumscripto
3117 3884 3246 3940 loco
3279 3886 3656 3942 circumscri-

1999 3968 2215 4037 beturfa
2235 3969 2399 4023 vobis
2422 3971 2708 4041 Deus,qui
2730 3971 2887 4026 intra
2911 3979 3138 4028 certum
3159 3973 3356 4029 locum
3371 3975 3555 4028 Deum
3581 3975 3650 4029 li-

1999 4057 2363 4114 mitatis.Sed
2384 4059 2507 4113 haec
2530 4059 2714 4114 missa
2741 4060 3240 4117 faciamus.Narra
3267 4080 3444 4134 porro
3475 4064 3651 4131 mihi,

2001 4165 2077 4204 an
2107 4148 2345 4219 prOprio
2378 4148 2438 4202 in
2471 4148 2600 4202 loco
2650 4153 2906 4204 stantem
2956 4151 3139 4205 Deum
3195 4150 3357 4206 dicas
3405 4168 3474 4206 ex
3521 4169 3650 4208 sese

2003 4237 2270 4294 emisisse
2299 4237 2436 4304 vim,
2469 4241 2645 4307 atque
2676 4238 2750 4293 ad
2779 4239 3043 4294 materiae
3076 4240 3401 4313 projecisse
3431 4242 3649 4298 locum.

2073 4415 2144 4468 M.
2173 4413 2483 4467 Enimvero
2517 4411 2600 4467 sic
2633 4411 2748 4467 aio.

318 4498 381 4553 Ο.
415 4498 480 4554 Εἰ
511 4496 601 4552 οὗν
634 4499 694 4554 ἐκ
719 4505 817 4556 τοῦ
875 4506 1008 4557 Θεοῦ
1064 4499 1318 4578 προϐολὴ
1377 4503 1428 4559 έν
1490 4503 1656 4576 έτέοῳ
1705 4501 1881 4578 γέγονε

2070 4504 2133 4558 Ο.
2168 4501 2224 4556 Si
2256 4517 2393 4574 ergo
2423 4517 2492 4555 ex
2522 4502 2638 4556 Deo
2713 4501 2953 4557 emissio
3003 4503 3077 4559 ad
3131 4504 3315 4560 alium
3366 4505 3520 4562 facta
3567 4511 3659 4562 est

245 4583 422 4658 τόπῳ,
454 4591 551 4641 106
582 4592 714 4642 Θεοῦ
742 4588 794 4644 ἐν
845 4589 1014 4663 ἑτέρῳ
1071 4591 1266 4667 χωρίῳ
1321 4592 1718 4666 διαμείναντος,
1776 4592 1894 4654 πὼς

248 4675 350 4728 οὐκ
378 4674 637 4752 ἐμερίσθη
669 4684 770 4746 τῆς
797 4683 894 4733 τοῦ
953 4681 1162 4752 Πατρὸς
1215 4683 1606 4744 ὑποστάσεωςε
1659 4679 1742 4736 Τά
1791 4681 1894 4755 γὰρ

248 4758 508 4818 διεστῶτα
535 4770 652 4827 τοῖς
684 4767 902 4839 τόποις,
955 4767 1168 4830 πάντως
1217 4770 1305 4823 καὶ
1351 4767 1620 4838 ἀλλήλων
1671 4766 1896 4843 διαιρεῖ-

248 4861 369 4913 σθαι
399 4853 626 4928 ἀνάγκη·
657 4857 744 4910 καὶ
779 4855 951 4918 οὕτως
1010 4857 1102 4911 οὗν
1133 4859 1168 4927 ἡ
1197 4861 1295 4911 τοῦ
1345 4860 1476 4912 Θεοῦ
1526 4855 1753 4930 δύναμις
1800 4876 1896 4910 κα-

241 4943 308 4996 τὰ
335 4944 392 4999 σὶ
421 4944 518 5000 οὐκ
547 4945 648 5017 ἔξω
677 4953 778 5016 τῆς
811 4946 978 5003 αὐτοῦ
1008 4949 1226 5024 γέγονεν
1293 4949 1638 5008 ὑποστάσεως
1665 4969 1679 5015 ;
1728 4947 1790 5001 τὸ
1841 4942 1898 4999 δὲ

2003 4593 2226 4659 locum,
2280 4591 2396 4645 Deo
2446 4589 2626 4644 aliam
2683 4591 3000 4646 stationem
3051 4599 3399 4667 occupante,
3445 4594 3654 4666 quidni

2005 4698 2039 4736 a
2069 4680 2260 4735 Patris
2291 4679 2626 4733 substantia
2674 4685 2947 4750 separata
2978 4680 3129 4737 fuit?
3159 4685 3302 4739 Nam
3347 4699 3477 4753 quae
3508 4682 3655 4737 locis

2006 4769 2248 4834 distant,
2279 4783 2347 4822 ea
2376 4767 2627 4821 invicem
2659 4766 2884 4824 distare
2916 4787 3163 4826 necesse
3194 4777 3297 4826 est.
3333 4772 3539 4824 Nonne
3571 4770 3655 4825 sic

2005 4857 2203 4926 igitur,
2256 4871 2326 4908 ex
2379 4855 2674 4909 sententia
2721 4861 2840 4925 tua,
2895 4859 2998 4912 Dei
3044 4858 3126 4912 vis
3177 4863 3340 4913 extra
3386 4856 3654 4928 ejusdem

2011 4943 2403 4999 substantiam
2433 4942 2705 5014 prodiit?
2722 4946 2850 5001 Jam
2876 4945 3034 5016 quod
3057 4950 3220 5000 extra
3247 4945 3507 5017 aliquem
3537 4951 3652 5019 est,

1831 5116 2056 5172 ΝΟΤᾸΞ.

250 5241 430 5327 Lavit:
462 5243 524 5298 in
558 5261 679 5327 quo
705 5245 862 5327 bello
894 5247 1146 5327 credunt
1174 5247 1374 5302 miseri
1426 5246 1897 5327 omnipotentem

254 5315 439 5368 Deum
469 5331 589 5368 non
613 5316 722 5370 sibi
749 5318 922 5372 aliter
942 5319 1203 5397 potuisse
1235 5315 1613 5397 suc_cu_rrere,
1627 5317 1740 5397 nisi
1774 5332 1901 5397 par-

253 5389 374 5460 tem
406 5401 575 5460 suam
608 5392 970 5460 contraieam
1003 5391 1282 5444 mitteret.
1319 5391 1497 5460 Cujus
1519 5390 1709 5459 gentis
1735 5389 1901 5460 prin-

251 5455 437 5532 cipes,
473 5455 742 5532 sicutilli
774 5458 998 5524 dicunt,
1034 5455 1460 5516 devoraverunt
1489 5455 1897 5532 p'artemjDei,

254 5531 313 5579 et
341 5527 654 5606 temperati
689 5534 829 5606 sun_t
855 5536 919 5583 ut
958 5537 1159 5601 posset
1185 5533 1440 5606 mundus
1467 5527 1538 5606 de
1570 5532 1690 5606 illis
1719 5530 1904 5584 fabri-
1949 5531 1952 5534 ’

251 5597 393 5650 cari.
429 5596 524 5653 Sic
558 5596 764 5654 dicunt
781 5596 976 5656 Deum.
988 5605 1327 5674 pervenisse
1350 5605 1424 5660 ad
1446 5604 1752 5660 victoriam
1770 5617 1904 5657 cum

493 5716 766 5778 Parnon.
814 5719 926 5780 Gn.
971 5719 1181 5784 XCVI.

2005 5239 2234 5313 magnis
2283 5238 2722 5313 calamitatibus
2772 5243 2831 5293 et
2873 5239 3233 5313 cruciatibus
3287 5247 3346 5298 et
3391 5242 3661 5299 miseriis

2008 5310 2252 5392 suo-rum
2297 5310 2724 5392 membrorum,
2772 5327 2902 5392 qua;
2953 5312 3226 5392 membra
3274 5314 3482 5392 dicunt
3530 5331 3661 5392 esse

2007 5383 2319 5439 commista
2377 5382 2706 5436 tenebrosis
2755 5382 3081 5457 visceribus
3131 5385 3469 5457 principum
3527 5386 3663 5440 illo-

2008 5472 2161 5519 rum,
2193 5459 2260 5508 ut
2287 5469 2386 5509 eos
2418 5457 2839 5522 temperarent,
2870 5458 2928 5507 et
2973 5471 3006 5508 a
3052 5455 3277 5510 fervore
3329 5455 3664 5527 compesce-

2011 5532 2144 5581 rent
2174 5531 2287 5580 etc.
2323 5545 2351 5573 ι»

3262 5716 3340 5772 4⁸2
