3964 6144
416 285 437 335 1
446 282 552 336 323

1944 282 2312 335 ADDENDA.

3641 286 3747 343 1321

405 410 465 464 id
496 409 738 465 omnino
770 409 841 465 ab
874 408 1143 481 ejusdem
1186 408 1518 463 substantia
1569 413 1907 479 separatum
1939 412 2048 461 est.

2294 408 2438 469 τινὸς
2472 406 2737 482 ὑπάρχον,
2770 409 2988 470 πάντως
3035 409 3125 463 καὶ
3175 412 3275 474 τῆς
3326 408 3640 474 ὑποστάσεως
3679 414 3748 468 οὗ·

409 501 523 554 Nos
554 505 753 556 autem
785 500 944 555 haud
975 505 1200 554 vestras
1232 498 1571 569 impietates
1604 505 1919 565 sectamur,
1961 512 2062 551 ne-

413 605 527 658 que
560 588 674 643 duo
706 589 1001 660 principia
1031 588 1180 642 locis
1217 593 1489 658 separata
1514 587 1906 651 afﬁrmamus,
1962 584 2065 639 sed

413 694 599 733 unum
631 677 1029 732 universitatis
1089 678 1449 739 Creatorem,
1510 682 1569 731 et
1622 692 1808 729 unum
1864 690 2064 729 rerum

415 768 681 821 omnium
714 766 973 831 initium,
1010 767 1243 819 Patrem
1289 781 1354 818 ac
1406 764 1638 832 Filium,
1702 768 1915 817 cuncta
1944 763 2063 815 im-

411 854 582 924 plens
615 853 907 924 dogmatis
930 853 1119 907 instar
1154 852 1493 905 credimus:
1528 853 1762 905 Patrem
1801 851 1861 903 in
1897 849 2064 916 Filio,

412 942 625 997 Filium
658 942 717 995 in
751 943 921 995 Patre
967 956 1085 995 una
1138 941 1492 995 conﬁtentes
1522 940 1692 1011 juxta
1732 937 1881 991 illud
1930 938 2068 991 eila-

415 1035 578 1086 tum:
615 1051 642 1080 «
677 1032 791 1101 Ego
824 1030 886 1083 in
908 1031 1100 1097 Patre,
1137 1035 1196 1083 et
1226 1031 1401 1083 Pater
1430 1029 1491 1082 in
1523 1043 1617 1082 me
1642 1028 1678 1081 ί.
1711 1046 1736 1076 ιι
1774 1028 2061 1096 Itemque:

416 1138 441 1170 α
472 1119 683 1174 Omnia
714 1136 844 1189 quaa
877 1118 1057 1172 habet
1103 1120 1296 1183 Pater,
1340 1133 1473 1171 mea
1503 1121 1641 1171 sunt
1673 1116 1716 1169 ³.
1748 1136 1776 1164 ››
1814 1115 1977 1169 Unde
2008 1118 2067 1168 et

412 1209 739 1279 inspiratus
770 1209 1028 1262 Joannes
1062 1212 1347 1276 tanquam
1379 1206 1579 1260 omnia
1609 1204 1895 1275 implente
1939 1203 2061 1256 Tri-

415 1298 627 1361 nitate,
663 1297 733 1351 de
768 1298 885 1350 Deo
922 1296 1107 1350 Verbo
1152 1296 1270 1349 ait:
1321 1318 1348 1344 ‹‹
1403 1297 1467 1348 ln
1512 1294 1751 1364 propria
1798 1292 1975 1357 venit,
2008 1295 2066 1345 et

417 1386 508 1441 sui
541 1402 672 1440 eum
710 1402 828 1440 non
876 1382 1310 1455 receperunt":
1344 1406 1370 1432 »
1425 1383 1750 1437 secundum
1802 1398 1933 1435 vero
1964 1397 2063 1434 vos

414 1474 788 1537 Manichaeos,
822 1491 941 1528 non
974 1473 1033 1526 in
1082 1472 1322 1544 propria
1372 1472 1551 1537 venit,
1606 1470 1706 1524 sed
1758 1470 1953 1540 potius
2001 1469 2062 1521 in

414 1564 644 1629 aliena;
678 1564 725 1617 si
759 1563 999 1633 quidem
1032 1562 1105 1616 ad
1138 1562 1398 1616 materia;-
1434 1561 1628 1615 locum
1661 1559 1933 1625 accessit,
1967 1574 2061 1611 vo-

412 1652 543 1707 lens
575 1652 805 1707 animas
838 1651 898 1705 in
937 1651 1132 1706 alieno
1184 1651 1313 1704 loco
1365 1650 1655 1721 alligatas,
1712 1654 1777 1701 ut
1824 1665 1926 1701 vos
1973 1645 2064 1700 di-

413 1743 566 1810 citis,
601 1742 895 1796 redimere
951 1742 1141 1805 Quare
1176 1746 1233 1793 et
1259 1739 1424 1793 illam
1458 1756 1588 1809 quae
1622 1736 1937 1792 revocabas
1968 1752 2058 1789 se-
2096 1769 2139 1832 Β

412 1832 671 1886 ctionem
702 1832 756 1901 (a
788 1837 842 1884 te
874 1830 1096 1900 alioqui
1128 1846 1249 1883 non
1292 1828 1476 1883 semel
1523 1826 1901 1896 afﬁrmatam)
1950 1841 2057 1896 pu-

413 1926 547 1976 tans
578 1920 660 1974 sic
694 1920 904 1974 divinae
938 1918 1286 1973 substantiae
1336 1917 1685 1971 divisionem
1734 1917 1937 1979 vitare,
1988 1930 2063 1967 ne

415 2010 499 2064 sic
530 2009 772 2079 quidem
822 2009 1048 2063 vitasti:
1107 2024 1364 2077 namque
1423 2007 1483 2060 in
1525 2005 1795 2061 eamdem
1847 2004 2064 2059 recidis

416 2096 1059 2170 irreligiositatem.Sed
1080 2097 1237 2151 unde
1264 2095 1681 2158 discessi,illuc
1713 2095 1907 2149 denuo
1940 2109 2065 2147 ser-

418 2203 657 2241 monem
688 2191 986 2241 converto.
1036 2185 1348 2256 Responde
1399 2200 1535 2256 ergo
1584 2183 1769 2238 mihi:
1817 2180 2065 2236 materia

419 2291 526 2345 per
556 2290 639 2341 se,
672 2275 892 2344 absqus
924 2290 1060 2328 cum
1092 2274 1209 2327 Deo
1261 2271 1696 2339 commistione,
1734 2270 2062 2341 simplexne

416 2368 525 2427 est,
562 2380 637 2418 an
668 2363 1021 2433 composita?

486 2452 558 2505 M.
592 2451 944 2521 Composita.

483 2540 546 2594 Ο.
581 2541 661 2593 Ex
693 2538 1061 2609 simplicibus
1095 2543 1292 2593 autem
1325 2537 1391 2591 ﬁt
1419 2536 1812 2607 compositum
1834 2535 1862 2590 ?

482 2630 551 2685 M.
592 2632 670 2683 Ita
702 2636 808 2683 est.

480 2719 545 2774 Ο.
586 2719 640 2772 Si
672 2735 807 2789 ergo
840 2717 1162 2788 composita
1195 2722 1285 2771 est
1315 2716 1583 2779 materia,
1617 2720 1781 2786 patet
1832 2730 1961 2768 eam
1992 2712 2064 2767 ab

410 2808 528 2861 alio
584 2808 782 2877 aliquo
844 2807 1158 2877 componi:
1217 2822 1394 2860 nemo
1465 2804 1623 2858 enim
1674 2803 1938 2874 seipsum
1988 2801 2061 2856 ad

415 2897 908 2967 compositionem
963 2894 1221 2950 adducit.
1274 2893 1577 2957 Quomodo
1636 2907 1772 2964 ergo
1834 2890 1906 2946 ab
1947 2889 2062 2945 alio

417 2986 766 3056 composita,
802 2989 961 3039 caret
990 2984 1159 3038 initio
1179 2983 1205 3037 ‘?
1234 2983 1469 3053 Alioqui
1503 2982 1699 3048 etiam,
1738 2978 2065 3051 composita

414 3090 486 3128 ex
513 3073 760 3128 diversis
818 3078 1258 3143 componuntur
1316 3088 1446 3142 quae
1504 3069 1941 3141 praeexsistunt,
2000 3073 2065 3123 ut

415 3162 701 3217 electrum
762 3178 831 3216 ex
888 3166 1130 3233 argento
1190 3166 1247 3213 et
1308 3176 1451 3214 auro
1498 3158 1928 3231 compositum:
1990 3158 2067 3211 si-

417 3252 612 3306 mulve
646 3250 1061 3321 speclabile,ut
1090 3253 1267 3317 caput
1296 3247 1538 3318 aliquod
1563 3264 1631 3301 ex
1654 3245 1904 3312 ossibus,
1939 3261 2063 3299 car-

415 3338 513 3407 ne,
549 3340 912 3394 membranis
946 3355 1013 3393 ac
1044 3337 1270 3391 nervis:
1319 3337 1444 3390 haec
1494 3336 1654 3389 enim
1703 3351 1822 3389 una
1873 3332 2067 3388 consi-

417 3434 599 3495 stunt,
652 3445 786 3483 cum
836 3428 957 3481 sint
1010 3426 1257 3494 diversa,
1292 3425 1563 3495 nihilque
1595 3441 1663 3478 ex
1695 3424 1787 3478 his
1816 3422 2065 3494 singulis

417 3518 644 3573 exstitit
673 3523 809 3573 ante
840 3517 1233 3588 compositum
1279 3531 1345 3569 ex
1406 3514 1550 3585 ipsis
1580 3518 1776 3583 caput.
1823 3514 1969 3583 Ergo
2018 3510 2066 3564 si

411 3609 670 3663 materia
720 3606 1046 3678 composita
1100 3610 1207 3672 est,
1268 3620 1345 3658 ne
1402 3603 1532 3675 ipsa
1582 3619 1816 3672 quoque
1870 3616 2063 3655 unum

410 3697 773 3768 principium
808 3702 915 3760 est,
962 3693 1064 3749 sed
1113 3694 1299 3748 multo
1359 3692 1531 3764 plura
1577 3691 1624 3745 si
1679 3691 1809 3761 ipsa
1850 3706 1954 3759 per
2003 3706 2065 3743 se

421 3786 749 3857 composita
781 3786 876 3853 sit,
910 3789 968 3838 et
1016 3784 1142 3838 sine
1191 3782 1316 3837 ulla
1346 3796 1479 3836 cum
1527 3781 1645 3834 Deo
1694 3778 2070 3850 compositio-

422 3889 518 3929 ne.

491 3963 562 4016 Μ.
586 3963 735 4033 Ergo
768 3959 1101 4032 simplicem
1133 3957 1283 4012 dicis
1315 3973 1442 4011 esse
1474 3955 1785 4011 materiam
1806 3954 1833 4009 ?

485 4051 549 4107 Ο.
583 4051 823 4105 Minime
889 4047 1223 4119 simplicem
1266 4062 1395 4100 esse
1443 4045 1535 4099 aio
1586 4043 1917 4111 materiam,
1965 4042 2067 4098 sed

416 4142 828 4196 demonstrare
859 4139 989 4195 volo
1023 4155 1152 4193 eam
1185 4152 1303 4191 non
1336 4151 1465 4191 esse
1492 4134 1715 4204 absque
1746 4133 1915 4188 initio
1964 4150 2067 4188 ne-

416 4247 529 4300 que
563 4230 918 4296 increatam,
954 4233 1020 4283 ut
1049 4234 1113 4282 tu
1139 4226 1247 4292 ais,
1280 4230 1338 4279 et
1367 4240 1488 4279 non
1536 4224 1667 4278 sine
1713 4223 1834 4277 suis
1866 4222 2067 4293 quali-

414 4318 643 4374 tatibus
670 4335 703 4373 a
729 4319 848 4371 Deo
878 4318 1061 4372 fuisse
1105 4315 1475 4387 productam:
1527 4311 1912 4383 qualitatibus
1940 4313 2068 4382 ejus

411 4424 647 4478 semper
675 4406 1065 4473 variantibus,
1101 4405 1355 4473 aliisque
1387 4418 1521 4456 cum
1553 4401 1685 4456 aliis
1716 4401 2067 4471 permutatis

2169 500 2266 550 τοῦ
2297 495 2575 571 διῄρηται’
2607 500 2775 566 ἡμεῖς
2804 494 2849 550 δ’
2883 497 2991 571 οὐχ
3019 497 3264 569 ἑπόμεθα
3304 503 3420 560 ταῖς
3469 500 3604 567 ὑμῶν
3649 501 3746 556 ἀσε-

2172 578 2363 652 ϐείαις,
2398 581 2519 638 οὐδὲ
2553 582 2647 638 δύο
2695 584 2869 659 ἀρχὰς
2926 583 3259 658 διῃρηοκὲνας
3313 591 3426 649 τοῖς
3468 587 3636 649 τόποις
3676 611 3747 664 φα-

2176 672 2293 743 μὲν,
2325 672 2452 727 ἀλλ’
2484 667 2573 726 ἕνα
2601 676 2697 727 τοῦ
2728 673 2928 734 παντὸς
2989 673 3357 748 Δημιουργὸν,
3399 675 3483 729 καὶ
3532 676 3641 747 μίαν
3674 679 3746 745 τὴν

2170 762 2383 815 πάντων
2444 762 2623 837 ἀρχὴν
2682 761 2953 837 λέγοντες,
3041 763 3251 836 Πατέρα
3306 784 3363 818 τε
3415 763 3502 818 καὶ
3558 765 3660 819 Υίὸν
3701 768 3749 821 τὰ

2170 860 2344 905 πάντα
2373 852 2622 927 πληροῦν
2656 850 3078 927 δογματίζομεν’
3142 854 3350 928 Πατέρα
3406 853 3454 908 ἐν
3511 855 3628 926 Υἱῷ,
3684 856 3748 909 ναὶ

2171 941 2294 994 Υἱὸν
2328 941 2378 994 ἐν
2422 941 2592 1016 Πατρὶ
2641 943 3189 1017 προσομολογοῦντες
3238 940 3372 996 κατὰ
3417 942 3476 995 τὸ
3524 941 3683 1016 λόγιον
3704 946 3748 999 τὸ

2171 1027 2394 1102 φάσκον
2432 1054 2459 1081 (ί
2491 1032 2635 1105 Ἐγὼ
2666 1029 2719 1085 ἐν
2766 1036 2844 1102 τῷ
2895 1030 3065 1105 Πατρὶ
3111 1031 3197 1085 καὶ
3234 1031 3262 1085 ὁ
3291 1032 3474 1105 Πατὴρ
3503 1030 3552 1085 ἐν
3581 1029 3704 1101 ἐμοί.
3730 1056 3750 1082 κ

2171 1118 2294 1185 Καὶ,
2328 1142 2354 1169 ‹‹
2400 1119 2579 1172 Πάντα
2635 1120 2702 1172 τὰ
2755 1123 2852 1174 τοῦ
2912 1119 3139 1193 Πατρὸς,
3199 1117 3307 1191 ἐμά
3352 1117 3481 1174 ἐστι.
3514 1119 3649 1172 »Διὸ
3686 1121 3747 1172 καί

2171 1203 2428 1274 Ἰωάννης
2463 1208 2489 1260 ὁ
2522 1202 2806 1284 θεοφόρος,
2851 1207 2923 1268 ὡς
2977 1208 3043 1262 τὰ
3101 1208 3274 1261 πάντα
3331 1205 3635 1278 πληρούσης
3680 1215 3750 1274 τῆς

2171 1293 2323 1365 ἁγίας
2362 1293 2610 1367 Τριάὸος,
2646 1295 2766 1366 περὶ
2823 1301 2920 1350 τοῦ
2979 1300 3117 1350 Θεοῦ
3177 1295 3352 1371 Λόγου
3409 1297 3585 1373 φησίν
3616 1320 3640 1346 «
3688 1295 3752 1356 Εἷς

2168 1380 2373 1436 τάῗδια
2428 1382 2585 1452 ἦλθε,
2640 1385 2725 1438 καὶ
2788 1385 2839 1438 οἱ
2888 1381 3028 1438 ’ἰδιοι
3086 1384 3246 1439 αὐτὸν
3308 1384 3369 1438 ού
3418 1381 3749 1457 παρὲλαδον,ιο

2173 1472 2297 1534 Καθ’
2332 1474 2466 1543 ὑμᾶς
2498 1470 2551 1526 δὲ
2582 1473 2710 1533 τοὺς
2742 1475 3104 1547 Μανιχαίους,
3161 1473 3260 1528 ούκ
3311 1473 3387 1536 εἷς
3430 1474 3494 1527 τὰ
3538 1471 3636 1526 ἴδια
3676 1471 3751 1540 ἧλ-

2171 1571 2278 1629 θεν,
2314 1560 2459 1615 ἀλλὰ
2492 1562 2705 1633 μᾶλλον
2766 1562 2841 1625 εἷς
2890 1564 2955 1617 τὰ
3009 1561 3297 1637 ἀλλότρια’
3354 1560 3407 1617 εἷ’
3450 1583 3510 1637 γε
3554 1566 3623 1633 τῷ
3661 1568 3751 1631 τῆς,

2169 1648 2308 1718 ὕλης
2337 1649 2542 1719 ἐπῆλθε
2570 1652 2745 1722 τόπῳ,
2778 1651 2872 1713 τὰς
2903 1653 3084 1726 ψυχὰς
3114 1651 3165 1706 ἐν
3200 1649 3480 1726 ἀλλοτρίῳ
3522 1650 3659 1722 τύπῳ
3682 1670 3753 1703 πε-

2169 1737 2475 1810 πεδημὲνας
2530 1742 2648 1804 καθ’
2706 1741 2843 1812 ὑμᾶς
2903 1740 3241 1814 βουλόμενος
3292 1740 3570 1794 ἀνασῶσαι·
3650 1736 3753 1792 ὣστε

2171 1828 2261 1881 καὶ
2296 1825 2367 1882 δι’
2395 1830 2469 1882 ὧν
2501 1828 2809 1885 ἀνεκαλὲσω
2838 1831 2937 1898 τήν
2984 1831 3166 1902 τομὴν
3224 1832 3327 1898 τήν
3371 1827 3639 1898 πολλάκις,
3679 1827 3754 1881 ὑπὸ

2172 1921 2268 1970 σοῦ
2299 1915 2610 1991 λεχθεῖσαν,
2656 1917 2904 1990 οἰόμενος
2959 1917 3309 1991 ἐκφεύξεσηαι
3369 1924 3465 1985 τῆς
3519 1915 3647 1979 θείας
3686 1913 3753 1968 ού-

2173 2004 2289 2068 σίας
2315 2006 2414 2074 τήν
2447 2005 2749 2079 ἀφαίρεσιν,
2783 2004 2897 2060 οὐδ’
2946 2003 3142 2073 οὕτως,
3194 2005 3540 2083 ἐκπέφευγας,
3581 2004 3646 2065 εἷς
3682 2004 3751 2069 τήν

2172 2093 2339 2162 αύτήν
2395 2089 2637 2149 ἀσέϐειαν
2696 2094 3132 2169 περιπέπτωκας.
3192 2092 3353 2152 Ἀλλ’
3430 2094 3541 2159 ὅθεν
3591 2087 3752 2162 ἐξέὅην,

2171 2187 2252 2254 τῷ
2283 2181 2437 2257 λόγῳ
2465 2180 2631 2237 πάλιν
2683 2181 2953 2256 ἐπάνειμι.
3011 2184 3332 2257 ’Δπόκριναι
3382 2183 3492 2237 οὖν’
3536 2180 3627 2251 ὕλη
3667 2180 3755 2241 καθ’

2173 2271 2389 2338 ἑαυτὴν,
2422 2269 2542 2325 ἃνευ
2572 2278 2671 2341 τῆς
2700 2271 2836 2346 πρὸς
2887 2271 3016 2327 Θεὸν
3049 2272 3413 2346 συγκράσεως,
3472 2269 3604 2338 ἁπλῆ
3649 2268 3753 2322 ἐστιν

2173 2357 2209 2428 ἤ
2243 2358 2492 2421 σύνθετος
2520 2378 2535 2427 ς

2247 2450 2321 2506 Μ.
2359 2452 2639 2511 Σύνθετος.

2246 2539 2310 2593 Ο.
2345 2539 2430 2607 Ἐξ
2464 2534 2651 2591 ἁπλῶν
2686 2536 2744 2592 δὲ
2770 2538 2833 2592 τὸ
2863 2536 3114 2592 σύνθετον
3144 2537 3351 2612 γίνεται
3382 2556 3395 2607 ;

2245 2632 2315 2682 Μ.
2346 2626 2532 2687 Οὕτως
2564 2625 2700 2700 ἔχει.

2247 2718 2311 2773 Ο.
2347 2715 2412 2772 Εἴ
2438 2715 2616 2770 τοίνυν
2647 2715 2897 2779 σύνθετος
2927 2718 2961 2785 ἡ
2990 2713 3121 2785 ὅλη,
3180 2712 3356 2784 δῆλον
3409 2715 3481 2777 ὡς
3522 2712 3612 2767 ὑπό
3651 2728 3751 2767 τινος

2177 2805 2360 2876 ἑτέρου
2410 2806 2758 2868 συντὲθειται’
2817 2803 2995 2868 οὐδεὶς
3039 2804 3138 2879 γὰρ
3196 2800 3388 2858 ’ἑαυτὸν
3441 2803 3568 2876 πρὸς
3618 2799 3749 2853 σύνθε-

2176 2914 2257 2947 σιν
2293 2890 2431 2968 ἄγεν
2491 2898 2608 2955 πῶς
2669 2894 2758 2947 οὗν
2820 2894 2904 2962 ὑφ’
2959 2893 3141 2967 ἑτέρου
3199 2894 3522 2959 συντιθεῖσα,
3575 2886 3745 2960 ἅναρχός

2177 2980 2315 3037 ἐστιν
2344 3002 2358 3051 ;
2390 2980 2616 3044 ’Ἄλλως
2647 3003 2705 3037 τε
2732 2984 2799 3036 τὰ
2828 2981 3069 3047 σύνθετα,
3116 2980 3174 3036 ἐκ
3222 2979 3500 3055 διαφόρων
3545 2977 3746 3032 συντέθει-

2177 3093 2286 3139 ται,
2318 3072 2788 3148 προϋπαρχόντων
2820 3072 2914 3143 μὶν
2949 3071 3023 3132 ὡς
3052 3071 3116 3125 τὸ
3152 3068 3427 3143 ἤλεκτρον
3473 3069 3533 3123 τὸ
3574 3066 3625 3122 ἐκ
3653 3082 3748 3139 χρυ-

2180 3160 2297 3214 σίου
2381 3161 2468 3214 καὶ
2548 3160 2784 3235 ἀργύρου
2864 3160 3124 3213 συντεθέν·
3211 3157 3657 3232 συνθεωρούμενον
3698 3149 3747 3209 ὡς

2168 3248 2293 3317 ἥτις
2321 3248 2532 3324 κεφαλή
2567 3248 2618 3318 ἐξ
2647 3246 2845 3302 ὀστέων
2876 3248 2963 3301 καὶ
3008 3250 3246 3321 σαρκῶν,
3302 3247 3395 3302 καὶ
3445 3247 3652 3319 ὐμένων,
3687 3236 3748 3292 καὶ

2167 3338 2404 3409 νεύμων·
2434 3340 2601 3391 ταῦτα
2628 3336 2732 3413 γὰρ
2791 3337 2903 3408 ἅμα
2962 3334 3185 3405 συνέστη
3246 3333 3485 3412 διάφορα
3530 3332 3653 3399 ὄντα,
3688 3324 3751 3379 υἱ

2170 3424 2424 3497 οὐδαμῶς
2474 3422 2696 3479 ἕκαστον
2754 3426 3064 3499 προΰπέστη
3120 3431 3219 3494 τῆς
3278 3423 3330 3496 ἐξ
3406 3422 3567 3477 αὐτῶν
3614 3434 3751 3472 συντε-

2172 3516 2354 3585 θείσης
2403 3514 2665 3591 κεφαλῆς·
2699 3515 2733 3583 ἡ
2784 3512 2890 3583 ὕλη
2951 3513 3045 3567 οὗν
3105 3512 3149 3567 εἰ
3209 3511 3463 3577 σύνθετός
3519 3510 3634 3577 ἐστι,
3689 3503 3753 3557 καὶ

2171 3605 2308 3672 αύτή
2343 3602 2523 3657 οὐκέτι
2570 3599 2715 3657 ἔσται
2778 3600 2875 3675 μία
2928 3601 3103 3677 ἀρχή,
3163 3600 3313 3656 ἀλλὰ
3368 3597 3506 3655 πολὺ
3560 3593 3753 3659 πλείους,

2170 3692 2305 3761 αὕτη
2335 3694 2453 3747 καθ’
2485 3693 2679 3761 ἑαυτὴν
2708 3690 2957 3753 σύνθετος
3016 3688 3149 3745 οὖσα
3204 3692 3301 3745 καὶ
3360 3689 3485 3745 ἂνευ
3521 3694 3609 3753 τῆς
3652 3678 3754 3755 πρός

2171 3782 2299 3837 Θεὸν
2332 3780 2641 3844 συνθέσεως.

2244 4051 2319 4106 Μ,
2352 4046 2562 4118 Ἃπλῆν
2596 4045 2687 4102 οὗν
2721 4049 2827 4125 φὴς
2861 4048 3118 4116 εἶναιτὴν
3151 4045 3292 4115 ῧλην
3322 4065 3336 4116 ;

2243 4143 2306 4197 Ο.
2340 4140 2476 4214 Ούχ’
2507 4138 2687 4204 ἁπλῆν
2721 4124 2852 4194 εἶναι
2886 4138 3033 4213 λέγω
3061 4140 3164 4207 τὴν
3195 4137 3357 4208 ὕλην,
3406 4132 3544 4191 ἀλλὰ
3584 4124 3747 4187 δεικνύ·

2170 4249 2258 4282 ναι
2291 4227 2630 4303 βουλόμενος
2663 4226 2745 4282 ὅτι
2781 4226 2879 4281 οὐκ
2905 4225 3143 4301 ἅναρχός
3173 4226 3340 4295 ἐστιν,
3374 4221 3495 4279 οὗδὲ
3546 4220 3748 4293 ἇγὲνητος

2173 4317 2248 4374 ὡς
2306 4317 2369 4370 σὺ
2421 4318 2545 4393 φής’
2601 4315 2691 4370 καὶ
2749 4316 2831 4370 ’ὁτι
2892 4314 2984 4369 σὺν
3036 4319 3154 4377 ταῖς
3212 4313 3498 4382 ποιότησιν
3553 4309 3641 4363 ὑπὸ
3678 4304 3745 4356 τοῦ

2174 4409 2525 4479 Δημιουργοῦ
2577 4406 2863 4479 παρήχθηο
2923 4408 3031 4459 τῶν
3085 4402 3209 4477 περὶ
3268 4404 3442 4469 αὐτὴν
3498 4394 3742 4479 ποιοτήτιιιν

412 4502 590 4568 prout
619 4497 804 4567 ipsius
838 4494 1087 4550 creatori
1120 4494 1237 4548 Deo
1268 4490 1579 4562 placuerit.
1632 4490 1775 4542 Nam
1829 4489 1877 4541 si
1909 4493 2052 4543 esset

2174 4478 2593 4565 ἀλλαττομένων
2625 4478 2704 4547 ἀεὶ
2735 4494 2825 4547 καὶ
2862 4489 3324 4565 μεταϐαλλουσῶν
3359 4490 3533 4559 ἆλλης
3572 4484 3635 4545 είς
3675 4478 3741 4532 ἀλ·

411 4585 683 4658 simplex,
717 4584 1013 4655 quomodo
1061 4599 1129 4636 ex
1175 4598 1293 4636 uno
1346 4577 1623 4648 simplici,
1674 4576 1922 4630 materia
1968 4577 2061 4628 in-

415 4692 615 4746 quam,
651 4674 979 4745 composita
1011 4673 1224 4726 flerent
1253 4666 1545 4739 corpora?
1583 4665 1886 4730 Quomodo
1918 4666 2061 4719 item

412 4765 477 4819 in
509 4781 627 4819 uno
680 4762 958 4835 simplici,
1008 4760 1258 4815 materia
1302 4757 1549 4821 scilicet,
1604 4754 1718 4809 duo
1766 4754 2061 4809 contraria

418 4854 941 4925 deprehendimus,
971 4849 1413 4924 generationem
1459 4851 1515 4901 et
1563 4844 2005 4916 corruptionem
2035 4843 2063 4897 ?

413 4944 577 5009 Quod
609 4944 657 4998 si
690 4961 759 4998 ex
790 4944 919 5014 ipsa
968 4944 1107 4995 sunt
1137 4953 1406 5009 corpora,
1458 4935 1663 4991 eadem
1697 4951 1934 5005 quoque
1991 4951 2062 4990 ex

414 5050 475 5088 se
507 5034 637 5103 ipsa
682 5049 897 5103 corpus
948 5030 1093 5096 erit;
1145 5045 1282 5084 nam
1333 5025 1491 5096 quod
1538 5030 1628 5080 est
1672 5025 1938 5096 genitum
1992 5041 2062 5078 ex

417 5122 618 5191 aliquo
652 5137 919 5190 corpore,
972 5120 1168 5191 ipsum
1201 5132 1435 5188 quoque
1492 5130 1704 5183 corpus
1750 5117 1857 5167 est.
1906 5114 2059 5169 ιθο

411 5209 577 5275 Quod
609 5208 658 5263 si
689 5224 904 5279 corpus
934 5208 1187 5264 materia
1207 5211 1315 5274 est,
1350 5219 1485 5275 ergo
1518 5201 1863 5271 composita.
1896 5201 2062 5266 Quod

413 5299 461 5353 si
496 5297 849 5370 composito,
882 5312 1003 5351 non
1036 5301 1126 5352 est
1155 5295 1438 5362 increata,
1472 5298 1539 5348 ut
1566 5292 1680 5347 fuit
1700 5292 2065 5348 demonstra-

407 5392 554 5444 tum.

474 5591 494 5627 ί
523 5592 690 5649 Joan.
721 5607 831 5659 11v,
870 5593 956 5645 11.
1030 5590 1051 5623 ²
1079 5588 1243 5645 Joan.
1278 5604 1388 5656 xvr,
1422 5590 1509 5642 15.
1583 5586 1604 5622 ⁸
1633 5588 1801 5644 Joan.
1835 5604 1880 5657 1,
1924 5588 2010 5645 ii.

2172 4580 2274 4652 λην
2330 4583 2454 4636 ὃταν
2515 4581 2818 4655 παρασταίη
2872 4585 2952 4651 τῷ
3007 4584 3174 4634 ταῦτα.
3228 4575 3587 4654 παραγαγόντι

2171 4650 2350 4746 εἰὝγὰρ
2383 4650 2601 4732 (Ξιπλοῦς⁷
2638 4670 2771 4738 ἐστι,
2828 4673 2947 4731 πῶς
3009 4668 3058 4741 ἐξ
3110 4668 3225 4731 ἑνὸς
3275 4650 3479 4735 ἁπλοῦ,
3536 4659 3655 4746 φημῖ

2166 4738 2271 4829 τῆς
2315 4738 2476 4831 ύλης,
2506 4760 2573 4814 τὰ
2630 4759 2852 4813 σύνθετα
2903 4738 3088 4834 γὲγονε
3138 4758 3405 4831 σώματας
3464 4738 3577 4813 Πῶς
3622 4738 3736 4834 δὶξ*

2167 4852 2247 4919 τῷ
2278 4847 2353 4902 ἒνὶ
2383 4849 2567 4920 ἁπλῷ,
2597 4849 2666 4918 τῇ
2721 4846 2843 4921 ὕλῃ,
2905 4830 3000 4901 δύο
3061 4846 3271 4901 ἐναντία
3329 4845 3638 4920 εὑρίσκεμεν,

2168 4932 2310 4988 νεσίν
2338 4955 2397 4989 τε
2442 4934 2531 4989 καὶ
2584 4932 2834 5011 φθοράν;
2894 4933 2956 4989 El
3009 4930 3067 4987 δὶ
3122 4931 3171 5005 ἐξ
3221 4932 3392 5001 αὐτῆς
3439 4930 3503 4987 τὰ
3553 4927 3735 4995 σώματα.

2171 5028 2330 5096 σῶμα
2360 5023 2411 5093 ἐξ
2437 5010 2605 5088 αὐτῆς
2634 5022 2721 5076 καί
2756 5021 2890 5092 αὕτη
2961 5020 3129 5076 ἔσται·
3182 5022 3241 5076 τὸ
3296 5023 3396 5097 γὰρ
3453 5010 3734 5097 γεγενημένον

2171 5109 2231 5166 ἔκ
2252 5093 2401 5173 τινος
2433 5112 2706 5183 σώματος,
2740 5115 2898 5183 σῶμα
2939 5110 3194 5184 ὑπάρχει’
3228 5108 3275 5163 εἷ
3310 5093 3377 5163 '6:
3420 5093 3565 5179 σῶμα
3590 5104 3618 5169 ἡ
3644 5093 3735 5184 ὕλης

2168 5201 2260 5256 καὶ
2320 5200 2592 5264 σύνθετοςο
2653 5199 2900 5260 σύνθετος
2951 5195 3008 5253 δὲ
3053 5197 3425 5274 τυγχάνουσα,
3497 5193 3584 5249 οὐκ
3636 5181 3735 5240 ἔστιν

2170 5288 2450 5366 ἀγένητος,
2483 5290 2557 5351 ὡς
2590 5285 2991 5347 ἀποδέδεικται.
