3964 6144
308 289 450 344 1325

1076 293 1390 348 JOANNIB
1426 289 1841 349 ORTHODOXI
1879 289 2304 380 DISPUTATIO
2338 293 2490 347 CUM
2527 292 2680 346 MAN
2690 290 2947 347 ῙΟΗΒΟ.

3577 287 3718 382 1.326

379 414 454 469 M.
496 410 665 474 Πόθεν
716 412 807 466 οὗν
838 412 989 467 νόσοι
1047 412 1137 467 καὶ
1194 414 1439 483 θάνατοι,
1501 411 1591 466 καὶ
1642 412 1958 464 τὰτοιαῦτα

2142 413 2211 465 Μ.
2252 411 2559 466 Undenam
2603 429 2738 484 ergo
2783 411 2996 478 morbi,
3027 414 3084 466 et
3129 414 3375 477 mortes,
3410 413 3468 464 et
3496 410 3719 479 hujus-

305 500 372 556 τὰ
399 501 540 553 κακᾶ
574 518 586 566 ;
621 499 687 552 Εἴ
715 499 819 574 γὰρ
855 502 930 571 μή
965 500 1015 569 ἐξ
1075 499 1213 570 ὕλης
1272 499 1516 573 ἁνάρχου
1575 497 1666 552 καὶ
1699 497 1961 572 ἀγενήτου

307 589 396 643 καὶ
428 587 582 662 φύσει
610 596 781 656 κακῆς
838 593 1005 644 ταῦτα
1055 587 1335 665 τυγχάνει,
1372 589 1399 642 ὁ
1430 589 1556 649 Θεὸς
1589 587 1759 646 αἶ’τιος
1815 582 1964 639 ἔσται

308 684 405 746 τῆς
430 675 639 730 τούτων
669 677 949 750 γενέσεως.

382 785 444 840 Ο.
477 782 545 839 Τί
592 783 691 857 γὰρ
739 782 874 836 κατά
929 781 1174 854 νομίζεις
1226 784 1322 844 τὰς
1353 781 1546 846 νόσους
1604 781 1694 836 καὶ
1749 781 1840 834 τὸν
1874 778 1966 842 θά-

310 870 729 940 νατον;Καίτοι
783 876 1008 933 θάνατος
1065 872 1158 943 μὲν
1215 870 1497 947 ἐλευθεροῖ
1551 875 1648 924 τοῦ
1707 870 1965 939 σώματος

310 961 407 1027 τήν
459 962 668 1032 ψυχήν,
722 958 808 1012 καὶ
868 963 964 1014 τοῦ
1024 957 1226 1032 δεσμοῦ
1257 965 1356 1029 τῆς
1413 959 1551 1029 ὕλης
1606 954 1963 1012 ἀπαλλάττεν

312 1047 470 1109 νόσος
503 1045 560 1101 δὲ
601 1047 769 1102 πάλιν
826 1049 980 1117 τήκει
1037 1049 1101 1102 τὸ
1151 1052 1330 1118 σῶμα,
1389 1047 1570 1120 ὥσπερ
1629 1045 1691 1100 σὺ
1721 1043 1968 1117 νομίζεις

315 1142 476 1209 σῶμα
531 1139 694 1191 κακὸν
758 1135 1005 1213 ὑπάρχον
1042 1156 1054 1168 °
1110 1136 1383 1198 πολλάκις
1443 1133 1500 1190 δὲ
1557 1135 1646 1190 καὶ
1706 1133 1969 1206 ἁμαρτίας

317 1226 547 1300 ἐνεργεῖν
606 1225 812 1279 κωλυει
840 1228 875 1294 ἡ
906 1227 1084 1292 νόσος,
1118 1225 1178 1286 ἃς
1233 1221 1454 1300 ἔπραξεν
1502 1223 1562 1278 ἃν
1615 1225 1643 1278 ὁ
1691 1227 1888 1291 νοσῶν,
1925 1219 1972 1274 εἴ

319 1314 394 1386 μὴ
424 1316 493 1387 τῇ
525 1315 668 1386 νόσῳ
699 1311 995 1384 πεπήδετοο
1044 1311 1232 1374 ἄλλως
1276 1334 1336 1368 τε
1373 1312 1659 1388 ἀπόκριναί
1696 1331 1791 1384 μοι
1835 1329 1969 1364 πυν-

315 1403 624 1474 θανομένῳ,
659 1400 740 1456 δεῖ
767 1405 834 1472 τὴ
866 1403 1055 1457 κακίαν
1093 1407 1266 1474 μισεῖν
1303 1421 1316 1470 ;

395 1493 471 1547 Μ.
503 1491 636 1548 Ναί.

389 1584 452 1636 Ο.
490 1584 614 1641 Πῶς
649 1580 738 1633 οὖν
770 1579 994 1649 ταύτην,
1019 1580 1086 1648 ἢν
1119 1583 1294 1651 μισεῖν
1321 1583 1663 1652 προσποιεὶς,
1699 1576 1971 1651 μεγίσταις

319 1672 520 1740 τιμᾷς;
551 1667 745 1741 ὁμοίαν
797 1667 964 1736 αὐτὴν
1017 1667 1186 1744 λέγων
1245 1671 1323 1738 τῷ
1379 1667 1568 1741 ἀγαθῷ
1627 1670 1762 1737 Θεῷ,
1797 1662 1970 1719 ἀΐδιόν

319 1776 378 1810 τε
406 1756 496 1811 καὶ
531 1754 772 1831 ἄναρχον
804 1757 893 1810 καὶ
923 1757 1200 1832 ἀγένητον.

396 1870 469 1920 Μ.
529 1862 654 1938 Οὐχ
710 1862 906 1936 ομοίαν
965 1863 1134 1930 αὐτὴν
1184 1866 1448 1934 ποιοῦμεν
1507 1865 1588 1932 τῷ
1619 1860 1798 1936 ἀγαθῷ
1832 1863 1970 1931 Θεῷ·

326 1949 548 2023 οἷ’δαμεν
585 1953 689 2026 γὰρ
719 1952 810 2006 τὸν
843 1953 970 2006 Θεὸν
997 1953 1088 2006 τὸν
1138 1950 1384 2024 ὕψιστον,
1419 1950 1640 2024 ἀγαθὸν,
1674 1946 1971 2025 φωτοειδῆ,

325 2040 754 2115 παντοκράτορα·
814 2039 864 2094 εἴ
914 2041 1004 2093 καὶ
1063 2039 1302 2113 ἄναρχος
1362 2037 1452 2093 οῦν
1513 2041 1547 2107 ἡ
1605 2036 1783 2108 κακία,
1829 2035 1976 2092 ἀλλὰ

325 2127 470 2183 πολὺ
499 2129 595 2182 τοῦ
626 2132 758 2182 Θεοῦ
789 2125 1033 2186 ἀποδὲει.

390 2309 454 2363 Ο.
484 2306 703 2366 Ἔοικας
750 2304 959 2380 ἀγνοεῖν
1019 2303 1102 2358 ὅτι
1159 2303 1222 2358 τὸ
1280 2303 1480 2378 ἀγαθὸν
1533 2301 1625 2356 καὶ
1681 2298 1972 2377 φωτοειδὲς

315 2398 412 2448 τοῦ
445 2398 578 2448 Θεοῦ
609 2395 699 2448 καὶ
730 2393 807 2456 εἷς
851 2392 978 2455 τοὺς
1037 2391 1222 2468 ἁγίους
1278 2391 1564 2468 ἀγγέλους,
1599 2391 1688 2444 καὶ
1720 2389 1797 2453 εἶς
1825 2391 1972 2462 ἡμᾶς

315 2482 444 2544 τοὺς
502 2483 862 2556 ἀνθρώπους,
921 2481 1047 2552 ἤτοι
1117 2482 1386 2556 χάρισμα,
1438 2479 1642 2554 φθάνει’
1704 2479 1733 2531 '6
1787 2477 1975 2550 μέντοι

314 2574 414 2640 τῆς
469 2571 614 2635 θείας
673 2570 881 2646 φύσεώς
939 2570 1049 2624 ἐστι
1107 2570 1600 2644 χαρακτηριστικὸν
1640 2569 1702 2622 τὸ
1734 2566 1972 2642 ἄναρχον

319 2662 410 2715 xvi
437 2661 722 2736 ἀγένητον,
762 2665 928 2714 τοῦτο
975 2659 1028 2712 ἐν
1075 2655 1250 2713 οὐδενὶ
1310 2662 1418 2711 τῶν
1449 2654 1634 2711 ἄλλων
1696 2656 1975 2731 ὲνθεωρεῖ-

319 2769 428 2804 ται·
481 2749 526 2803 εἶ
583 2746 641 2803 δὲ
669 2752 737 2821 τῇ
795 2747 955 2819 κακίᾳ
1008 2744 1171 2808 δίδως
1217 2746 1283 2801 τὰ
1335 2746 1539 2822 κυρίως
1596 2745 1686 2799 καὶ
1743 2746 1975 2819 πρώτως

326 2837 794 2912 χαρακτηριστικά
821 2841 920 2902 τῆς
967 2835 1114 2899 θείας
1170 2837 1404 2912 φύσεως,
1454 2838 1571 2896 πῶς
1623 2833 1733 2907 οὐχ
1785 2831 1974 2904 ὁμότι-

322 2947 422 2999 μος
446 2923 594 2982 ἔσται
640 2930 721 2998 τῷ
753 2930 919 2997 ego;
980 2923 1117 2981 Εῗπέ
1166 2922 1222 2979 δέ
1255 2943 1349 2998 μοι
1403 2927 1510 2978 ποῦ
1566 2922 1976 2996 παντοκράτορα

318 3013 490 3089 λὲγεις
520 3015 613 3070 τὸν
665 3016 820 3085 Θεὸν,
855 3013 903 3068 εἷ’
929 3034 988 3087 γε
1014 3014 1150 3068 κατὰ
1206 3013 1265 3067 σὶ
1316 3018 1416 3082 τῆς
1471 3010 1612 3082 ὕλης
1662 3009 1752 3066 καὶ
1780 3014 1888 3065 τῶν
1922 3010 1973 3083 ἐξ

317 3103 484 3174 αύτὴς
519 3103 673 3159 οὔπω
703 3104 1032 3178 κεκράτηκεν
1068 3121 1084 3174 ;

389 3287 460 3338 Μ.
492 3279 652 3339 ἈλΛ’
680 3275 832 3336 ἔσται
862 3278 1059 3354 καιρὸς
1091 3276 1183 3334 ὅτε
1211 3277 1302 3333 καὶ
1330 3277 1500 3347 αὐτῆς
1526 3278 1806 3353 κρατήσει.
1850 3356 1853 3360 γ

389 3460 455 3517 Ο.
515 3459 721 3513 Οὐκοῦν
780 3455 934 3513 οὔπω
990 3461 1082 3513 νῦν
1143 3454 1540 3529 παντοκράτωρ
1595 3453 1735 3509 ἐστὶν
1770 3501 1786 3527 ,
1862 3453 1975 3508 ἐπεὶ

318 3545 471 3602 οῦπω
523 3548 820 3622 κεκράτηκε
869 3552 968 3616 τῆς
1025 3543 1214 3600 ἀϊδίου
1266 3544 1414 3616 αὐτῷ
1479 3542 1742 3612 συνούσης
1799 3539 1975 3612 ὕλης⁹

315 3634 534 3707 ὕστερον
564 3632 622 3690 δὲ
652 3635 679 3689 ὃ
715 3636 791 3707 μὴ
837 3639 929 3688 νῦν
962 3628 1107 3708 ἔχει,
1163 3633 1592 3708 προσγενήσεται
1647 3629 1793 3702 αὐτῷ
1843 3629 1980 3685 κατᾶ

319 3722 394 3778 σὲ·
430 3721 653 3796 δυνάμει
682 3725 783 3799 γὰρ
817 3727 908 3777 νῦν
964 3723 1360 3797 παντοκράτωρ
1422 3721 1706 3794 ὑπάρχων,
1740 3718 1977 3794 ὕστερων

321 3811 465 3888 ἐνέργ
479 3832 564 3867 εια
589 3814 894 3886 γενήσεται,
922 3811 973 3883 ἐξ
1023 3809 1236 3873 ἁπλοῦς
1273 3809 1350 3870 εἷς
1382 3807 1707 3877 λελειότητα
1739 3805 1978 3882 ἐρχόμε-

319 3920 428 3962 νος.
461 3900 779 3976 Ἀπόκριναί
829 3921 924 3974 μοι
973 3904 1091 3960 πῶς
1118 3903 1208 3952 νῦν
1240 3897 1339 3952 ούκ
1395 3893 1506 3950 ἔστι
1563 3897 1978 3970 παντοκράτωρ,

325 3988 401 4052 ὠς
447 3990 522 4062 μὴ
584 3987 910 4063 δυνάμενος,
942 3988 977 4059 ἢ
1007 3988 1079 4049 ὡς
1116 3988 1190 4059 μή
1228 3983 1566 4061 βουλόμενος
1600 4004 1614 4052 ;
1643 3984 1703 4040 Ei.
1765 3986 1856 4057 μὲν
1907 3984 1981 4045 ὡς

329 4079 405 4149 μὴ
453 4074 779 4150 δυνάμενος,
837 4081 953 4139 πῶς
1009 4075 1154 4137 ὅλως
1204 4075 1648 4149 παντοκράτωρ;
1709 4075 1822 4148 χρὴ
1878 4072 1978 4148 γάρ

325 4165 457 4220 εἶναι
507 4167 920 4240 παντοκράτορα
976 4165 1108 4233 ἀεὶ,
1167 4165 1253 4218 καὶ
1315 4158 1764 4234 παντοδύναμον·
1826 4159 1872 4215 εί
1922 4158 1980 4214 δὲ

323 4253 400 4315 ὡς
436 4255 511 4326 μή
549 4253 886 4329 βουλόμενος
940 4257 1157 4330 πρῶτον
1223 4251 1316 4324 μὲν
1366 4250 1638 4324 βασκαίνει
1670 4253 1738 4322 τῇ
1791 4269 1978 4318 σωτη-

326 4342 412 4418 ρίᾳ
440 4347 546 4397 τῶν
580 4343 900 4417 ἀνθρώπων,
952 4342 1139 4397 ἔπειτα
1171 4339 1228 4396 δὲ
1274 4340 1365 4395 καὶ
1423 4336 1594 4402 αἶ’τιος
1629 4340 1728 4408 τὴς
1787 4337 1979 4400 κακίας

2075 498 2302 554 cemodi
2336 500 2492 554 mala
2519 501 2548 554 ?
2576 502 2718 554 Nam
2751 501 2798 553 si
2848 501 2974 554 hinc
3026 515 3096 553 ex
3142 498 3393 554 materia
3420 498 3590 552 initio
3615 513 3721 553 ‘ca-

2075 593 2265 655 rente,
2300 588 2581 656 increata,
2617 593 2674 643 et
2705 595 2912 659 suapte
2939 593 3152 643 natura
3170 588 3381 641 vitiosa
3410 603 3530 640 non
3564 592 3723 656 sunt,

2081 679 2234 732 Deus
2264 678 2475 732 horum
2509 695 2686 733 causa
2712 679 2843 734 erit.

2149 767 2211 822 Ο.
2255 769 2369 821 Cur
2399 784 2531 822 vero
2564 773 2627 822 tu
2685 768 2843 822 mala
2873 785 3004 822 esse
3046 766 3301 838 judicas,
3359 765 3599 820 morbos
3660 782 3726 820 ac

2077 861 2330 910 mortem
2362 856 2389 910 ‘?
2414 859 2564 911 Mors
2588 862 2745 911 certe
2783 857 3045 910 animam
3077 871 3325 925 corpore
3347 854 3579 917 liberat,
3613 859 3671 906 et
3696 869 3730 908 a

2078 945 2341 1000 materiae
2370 945 2604 999 vinculo
2637 945 2842 1000 solvit:
2877 944 3118 999 morbus
3168 945 3310 998 item
3337 959 3551 1014 corpus
3584 959 3727 996 con-

2079 1034 2284 1097 sumit,
2333 1034 2489 1102 quod
2543 1039 2605 1087 tu
2662 1050 2877 1104 corpus
2926 1033 3151 1087 malum
3203 1048 3332 1086 esse
3393 1031 3722 1088 existimas.

2078 1122 2240 1193 Saepe
2275 1121 2451 1175 etiam
2482 1127 2726 1192 peccata
2755 1123 3128 1176 committere
3159 1120 3434 1191 prohibet
3455 1119 3722 1185 morbus,

2079 1226 2210 1280 qua)
2241 1211 2446 1280 utique
2477 1226 2631 1282 aager
2657 1210 3048 1278 admississet,
3081 1209 3195 1264 nisi
3223 1208 3431 1264 morbo
3464 1208 3719 1279 impedi-

2074 1305 2256 1353 retur.
2290 1299 2527 1370 Alioqui
2543 1299 2839 1370 responde
2865 1299 3012 1354 mihi
3041 1314 3053 1351 :
3089 1303 3400 1369 oportetne
3433 1297 3723 1352 malitiam

2079 1387 2276 1443 odisse
2298 1388 2325 1442 ?

2151 1477 2221 1531 M.
2250 1478 2394 1530 Vero
2423 1476 2690 1546 inquam.

2152 1565 2214 1618 Ο.
2249 1565 2364 1618 Cur
2393 1581 2528 1635 ergo
2577 1564 2753 1630 hanc,
2787 1580 2966 1634 quam
3009 1563 3209 1618 odisse
3251 1562 3518 1631 simulas,
3551 1562 3732 1634 pluri-

2081 1669 2244 1707 mum
2278 1653 2537 1708 houoras
2557 1653 2585 1706 Ἰ
2612 1653 2751 1707 dum
2785 1670 2914 1707 eam
2940 1653 3198 1707 similem
3217 1651 3364 1706 dicis
3397 1650 3554 1705 bono
3589 1653 3728 1718 Deo,

2004 1767 2051 1831 B
2084 1739 2511 1810 sempiternam
2541 1745 2718 1810 atque
2750 1739 3099 1793 increatam.

2155 1849 2225 1901 M.
2261 1848 2425 1903 Haud
2470 1847 2726 1902 similem
2778 1863 2906 1901 eam
2938 1846 3188 1900 facimus
3238 1845 3394 1899 bono
3428 1846 3544 1900 Deo
3577 1861 3590 1898 :
3626 1862 3732 1900 no-

2081 1937 2276 1990 vimus
2325 1937 2486 1990 enim
2547 1938 2731 1990 Deum
2771 1935 3152 1998 altissimum,
3194 1935 3438 1990 bonum.
3487 1934 3548 1987 in
3600 1933 3731 1987 luce

2080 2030 2436 2092 versantem,
2470 2025 2961 2095 omnipotentem.
2996 2025 3345 2094 Quanquam
3377 2022 3554 2094 igitur
3581 2021 3728 2076 abs-

2083 2129 2196 2184 que
2253 2113 2424 2167 initio
2485 2118 2575 2168 est
2625 2113 2884 2180 malitia,
2930 2118 3191 2167 attamen
3249 2112 3423 2184 longe
3483 2110 3729 2165 inferior

2083 2202 2200 2256 Deo
2220 2208 2327 2257 est.

2153 2295 2218 2348 O.
2263 2291 2496 2346 Nescire
2545 2291 2783 2358 videris,
2834 2289 3190 2355 bonitatem,
3246 2293 3303 2343 et
3345 2289 3548 2342 lumen
3608 2288 3731 2354 Dei,

2083 2381 2304 2436 sanctis
2335 2381 2560 2452 angelis
2592 2396 2829 2450 quoque
2876 2379 3165 2448 nobisque
3216 2377 3560 2432 hominibus
3592 2377 3732 2430 doni

2082 2471 2272 2523 instar
2297 2468 2723 2522 communicari
2751 2485 2765 2533 ;
2800 2467 2903 2520 sed
2947 2473 3144 2521 tamen
3176 2467 3334 2536 quod
3381 2466 3593 2520 divinas
3624 2481 3731 2520 na-

2083 2564 2228 2613 turae
2257 2556 2803 2611 characteristicum
2832 2561 2940 2615 est.
2973 2560 3036 2609 ut
3084 2555 3130 2609 si
3165 2571 3378 2624 nempe
3410 2555 3563 2608 Deus
3595 2553 3733 2608 abs—

2081 2663 2195 2718 que
2219 2646 2389 2700 initio
2425 2651 2482 2699 et
2519 2645 2838 2715 ingenitus,
2870 2644 2930 2697 id
2973 2645 3036 2697 in
3076 2643 3193 2698 alio
3243 2643 3483 2696 nemine
3527 2642 3731 2697 obser-

2079 2735 2221 2790 vari.
2251 2733 2416 2798 Quod
2447 2733 2494 2788 si
2519 2738 2580 2787 tu
2611 2733 2852 2788 malitias
2903 2731 3175 2786 attribuis
3221 2748 3353 2801 quae
3387 2729 3732 2802 principali-

2080 2827 2172 2877 ter
2222 2823 2637 2892 praicipueque
2696 2820 3175 2876 charasteristica
3239 2819 3450 2874 divinae
3502 2824 3729 2873 natura:

2081 2917 2240 2984 sunt,
2275 2912 2485 2982 quidni
2515 2913 2643 2966 haac
2684 2911 2814 2981 pari
2867 2927 3000 2966 cum
3053 2911 3170 2964 Deo
3222 2910 3448 2965 honore
3480 2909 3600 2964 sit?
3628 2909 3731 2964 Dic

2080 3001 2226 3056 item
2256 3001 2403 3056 mihi
2435 2999 2817 3071 quandonam
2841 3000 3312 3069 omnipotentem
3341 3001 3528 3054 Deum
3546 2998 3729 3052 fuisse

2000 3112 2043 3178 ρ
2081 3090 2363 3156 affirmes,
2415 3088 2712 3160 siquidem
2761 3092 2818 3143 te
2861 3087 3067 3160 judice
3113 3087 3381 3142 nondum
3420 3086 3731 3144 materiam

2084 3178 2332 3251 ejusque
2358 3178 2602 3232 effectus
2635 3175 2934 3248 superavit
2960 3176 2988 3231 ‘1

2153 3287 2227 3340 M.
2284 3283 2396 3339 Sed
2453 3288 2688 3355 tempus
2751 3283 2990 3354 aderit,
3041 3299 3178 3338 cum
3235 3281 3425 3354 ipsam
3477 3294 3727 3353 supera-

2082 3373 2191 3429 bit.

2154 3463 2218 3517 Ο.
2268 3464 2415 3533 Ergo
2465 3459 2735 3516 nondum
2785 3461 3161 3532 omnipotens
3225 3466 3334 3528 est,
3379 3459 3519 3531 quia
3564 3475 3731 3514 coex-

2084 3551 2394 3605 sistentem
2436 3550 2488 3604 ei
2520 3550 2830 3604 materiam
2897 3548 3164 3604 nondum
3225 3548 3572 3619 superavit:
3623 3547 3729 3602 sed

2083 3644 2290 3711 postea
2315 3638 2474 3710 quod
2523 3655 2683 3692 nunc
2732 3654 2852 3692 non
2890 3637 3090 3705 habet,
3143 3639 3194 3692 ei
3242 3636 3638 3708 superveniet,
3672 3640 3730 3691 te

2075 3728 2320 3800 judice:
2355 3743 2514 3781 nunc
2577 3727 2736 3780 enim
2785 3725 2966 3781 insita
3012 3731 3244 3780 tantum
3287 3725 3501 3780 virtute
3532 3725 3734 3779 omni-

2082 3822 2294 3888 potens
2339 3820 2449 3879 est,
2500 3821 2704 3886 postea
2735 3819 2794 3869 et
2822 3819 2956 3870 actu
3006 3815 3141 3869 talis
3190 3815 3321 3883 erit,
3373 3831 3444 3870 ex
3476 3813 3733 3884 simplici

2083 3906 2157 3961 ad
2179 3905 2607 3977 perfectionem
2664 3921 3034 3975 progressus.
3068 3904 3379 3976 Responde
3424 3903 3593 3970 mihi,
3627 3920 3734 3958 cur

2084 3993 2259 4048 modo
2293 4009 2412 4048 non
2447 3994 2520 4047 sit
2569 3995 2971 4065 omnipotens,
3023 4011 3166 4048 num
3215 3995 3355 4064 quia
3396 3993 3624 4063 nequit,
3657 4009 3733 4047 an

2084 4083 2224 4153 quia
2244 4098 2364 4136 non
2393 4082 2517 4136 vult
2543 4082 2570 4135 ‘?
2601 4084 2744 4136 Nam
2777 4083 2825 4137 si
2853 4083 2994 4153 quia
3022 4082 3250 4152 nequit,
3285 4081 3580 4152 quomodo
3613 4097 3738 4136 om-

2084 4171 2226 4226 nino
2259 4171 2336 4225 sit
2366 4171 2744 4241 omnipotens
2770 4171 2798 4225 ?
2845 4171 3088 4242 Oportet
3116 4170 3277 4225 enim
3331 4186 3468 4224 eum
3501 4187 3738 4241 semper

2086 4277 2214 4314 esse
2264 4259 2756 4330 omnipotentem,
2790 4263 2849 4313 et
2878 4259 3042 4313 omni
3085 4258 3138 4312 vi
3178 4257 3516 4330 praeditum.
3567 4258 3735 4323 Quod

2085 4349 2134 4402 si
2167 4349 2306 4419 quia
2344 4364 2466 4402 non
2496 4347 2643 4408 vult.
2675 4348 2868 4418 primo
2914 4347 3156 4418 quidem
3207 4347 3432 4402 invidet
3462 4347 3742 4402 humanas

324 4430 644 4506 εύρίσκεται·
695 4428 991 4506 δυνάμενος
1053 4431 1172 4504 μὲν,
1210 4430 1285 4505 μή
1351 4428 1690 4506 βουλόμενος
1724 4424 1782 4482 δὲ
1809 4425 1961 4495 αὖτῆπ

2131 4436 2285 4504 ιΙιιιί,
2341 4436 2556 4492 deinde
2614 4441 2674 4492 et
2730 4436 2974 4491 malitiaa
3033 4453 3212 4493 causa
3268 4453 3398 4492 esse
3447 4436 3741 4508 comperi-

327 4516 388 4573 ἄν
395 4520 456 4575 ελ
462 4525 538 4575 εῖν
548 4563 562 4589 ,

398 4699 474 4755 Μ.
508 4697 673 4762 Πόθεν
707 4698 799 4752 οῦν
830 4717 861 4752 τ
931 4696 1103 4766 κατᾶ;

395 4791 459 4844 Ο.
515 4788 629 4844 Οὐκ
687 4785 987 4858 ἀκολουθίᾳ
1035 4783 1142 4839 τινὶ
1201 4783 1398 4856 λογικῇ
1446 4783 1779 4854 ήέρώτησις
1834 4784 1982 4854 παρά

327 4880 422 4931 σοῦ
477 4879 787 4952 γεγένηταιο
820 4876 933 4951 χρὴ
991 4874 1092 4951 γᾶρ
1151 4871 1350 4928 είδέναι
1405 4871 1450 4926 εί
1509 4870 1621 4927 ἔστι
1669 4872 1834 4926 κακὸν
1889 4871 1980 4926 καὶ

321 4964 374 5020 τί
404 4965 514 5021 ἐστι
545 4966 734 5021 κακόν·
767 4963 866 5020 εἷ’θ*
906 4961 1050 5019 οὕτω
1086 4968 1318 5034 ζητῆσαι
1349 4961 1512 5016 πόθεν
1542 4961 1874 5015 συνίσταται.

395 5151 473 5202 Μ.
507 5141 661 5198 Οὕτω
695 5143 1018 5215 ζητήσωμεν
1031 5184 1043 5198 .

398 5233 462 5288 Ο.
494 5233 617 5288 Τῶν
650 5226 821 5286 ὄντων
853 5231 920 5284 τὰ
951 5231 1046 5302 μὶν
1101 5228 1242 5283 ἔστιν
1295 5225 1473 5296 οὑσία,
1504 5225 1570 5281 τὰ
1615 5223 1672 5281 δὲ
1702 5226 1931 5297 ποιότης
1967 5268 1980 5294 ,

321 5320 388 5375 τὰ
419 5318 477 5374 δὲ
526 5319 784 5394 ἐνέργεια.
847 5318 949 5374 Καὶ
999 5317 1180 5372 ούσεία
1235 5317 1329 5388 μὲν
1388 5314 1528 5370 ἐστιν
1559 5313 1984 5390 ἐγὼ,σί›“ποιό-

322 5430 444 5479 της,
476 5407 693 5474 λευκὸν,
747 5403 941 5478 μὲλαν,
998 5404 1194 5479 γΛυκὺ,
1225 5403 1442 5477 πικρὸν,
1471 5404 1562 5459 καὶ
1616 5404 1714 5458 ὅσα
1762 5407 1986 5459 τοιαῦτα

330 5518 380 5552 εν
417 5494 897 5569 ὑποκειμέιμένοις
953 5494 1167 5566 σώμασι
1202 5492 1570 5567 θεωρούμενα·
1605 5489 1983 5563 ἐπιτηδειότης

331 5585 412 5656 δὲ,
441 5587 578 5666 πρὸς
606 5585 672 5657 ἢν
735 5583 1002 5664 πεφύκασι
1033 5583 1102 5639 τὰ
1150 5584 1417 5660 γεγονότα
1475 5583 1704 5657 σώματα
1761 5579 1986 5656 δυνάμει

2088 4531 2200 4595 ιιις,
2233 4527 2374 4598 quia
2432 4542 2568 4582 cum
2611 4526 2822 4596 possit,
2891 4542 3016 4581 non
3061 4526 3188 4582 vult
3239 4541 3370 4589 eam
3415 4525 3488 4581 de
3545 4525 3742 4582 medio

2091 4615 2322 4672 tollere.

2159 4706 2231 4758 M.
2265 4703 2429 4758 Unde
2463 4702 2644 4776 igitur
2673 4702 2833 4758 mala
2859 4702 2888 4758 ?

2159 4792 2223 4846 Ο.
2266 4791 2434 4845 Haud
2477 4791 2755 4846 rationali
2804 4790 3241 4861 consequentia
3288 4805 3323 4844 a
3367 4793 3423 4842 te
3483 4788 3741 4845 interro-

2088 4883 2290 4950 gatum
2331 4883 2457 4933 est:
2501 4883 2736 4950 oportet
2784 4879 2949 4934 enim
2994 4894 3070 4933 an
3117 4879 3196 4932 sit
3231 4877 3477 4945 malum,
3511 4882 3570 4932 et
3599 4878 3742 4949 quid

2091 4968 2170 5022 sit
2216 4967 2391 5035 scire,
2441 4971 2569 5022 tum
2626 4966 2868 5023 demum
2917 4965 3230 5037 exquirere
3276 4965 3580 5023 undenam
3629 4983 3740 5022 ex-

2093 5055 2283 5110 sistat.

2164 5144 2236 5196 M.
2270 5143 2418 5198 Sane
2451 5143 2533 5198 ita
2560 5143 2964 5214 exquiramus.

2164 5232 2228 5287 0.
2262 5232 2401 5296 Quae
2455 5232 2736 5300 existunt,
2769 5230 2987 5302 partim
3041 5229 3374 5287 substantia
3403 5237 3562 5301 sunt,
3611 5251 3746 5305 par-

2096 5320 2203 5374 tim
2253 5320 2531 5392 qualitas,
2582 5321 2793 5391 partim
2842 5319 2926 5372 vis
2973 5319 3178 5374 activa.
3232 5320 3569 5376 Substantia
3615 5325 3749 5393 qui-

2097 5409 2252 5477 dem,
2287 5427 2390 5482 ego
2423 5415 2481 5464 et
2509 5414 2610 5462 tu:
2657 5408 2934 5478 qualitas,
2976 5409 3200 5476 album,
3237 5409 3492 5482 nigrum,
3546 5411 3741 5480 dulce,

2095 5515 2386 5567 amarum,
2445 5503 2500 5552 et
2558 5498 2730 5567 siqua
2787 5497 2905 5551 alia
2955 5497 3300 5569 hujusmodi
3348 5499 3410 5553 in
3463 5501 3744 5571 subjectis

2094 5587 2440 5658 corporibus
2466 5590 2830 5656 spectantur.
2880 5584 3179 5642 Idoneitas
3210 5587 3304 5641 cui
3337 5587 3569 5660 singula
3611 5605 3739 5644 cor-
