3964 6144
419 303 555 357 1327

1939 305 2305 359 ADDRNDA.

3666 314 3778 369 1328

412 446 559 501 pora
602 435 741 485 sunt
789 436 946 497 nata,
1006 436 1071 485 ut
1118 430 1201 485 ita
1248 429 1653 501 potentialiter
1693 430 1847 484 sint:
1890 429 2051 484 velut

2179 431 2491 503 τυγχάνειν·
2526 431 2638 486 οἷον
2672 432 2995 504 ἐπιτηδείως
3020 456 3239 511 εχουσιν
3290 436 3344 489 αἱ
3393 440 3569 509 χεῖρες
3614 436 3779 511 τέχνας

417 537 631 576 manus
683 522 911 576 idonea;
961 526 1099 576 sunt
1160 522 1433 592 opiﬁciis,
1487 522 1689 593 lingua
1736 527 1800 576 ut
1850 522 2064 577 serviat

419 611 700 678 sermoni,
734 611 915 683 pedes
948 611 1327 677 ambulando,
1372 628 1520 682 puer
1550 611 1867 665 eruditioni
1916 628 2058 682 pue-

414 700 534 755 rili.
572 701 665 754 Vis
698 707 897 756 autem
931 700 1119 755 activa
1168 706 1254 756 est
1303 717 1561 773 congrua
1609 706 1836 754 natura:
1884 701 2058 764 actio,

414 789 504 845 vel
532 790 892 845 irrationalis
926 796 991 843 ut
1012 790 1166 857 talis,
1192 790 1282 843 vel
1304 790 1611 845 rationalis
1642 796 1706 845 ut
1736 790 1877 845 item
1903 789 2056 844 talis.

414 878 565 944 Quid
597 894 732 950 ergo
764 895 835 933 ex
865 878 1040 933 dictis
1070 879 1294 933 malum
1332 895 1458 933 esse
1492 877 1704 933 definis
1726 878 1752 932 ‘2

482 988 553 1043 Μ.
588 986 1024 1057 Operationem.
1067 987 1309 1041 Constat
1338 992 1535 1041 autem
1585 1002 1821 1041 omnem
1854 1002 2057 1057 opera-

413 1076 634 1130 tionem
667 1092 794 1131 esse
830 1076 1223 1131 substantiam
1246 1075 1630 1147 operationis.

484 1184 547 1239 Ο.
607 1183 819 1253 Utique
870 1183 1063 1238 omnis
1116 1182 1199 1237 vis
1256 1183 1443 1237 activa
1492 1181 1898 1237 substantialis
1948 1186 2056 1237 est.

412 1270 524 1325 Sed
555 1287 753 1341 quaaro
785 1286 819 1325 a
849 1276 924 1336 te,
960 1270 1188 1326 malitia
1236 1288 1370 1325 cum
1419 1271 1496 1326 sit
1542 1272 1626 1325 vis
1671 1270 1881 1337 activa,
1914 1287 2054 1326 num

414 1360 593 1415 etiam
625 1359 955 1415 substantia
987 1376 1114 1415 esse
1145 1364 1339 1431 potest
1370 1360 1397 1415 ?

483 1468 623 1523 107
663 1469 732 1521 Μ.
766 1468 851 1521 Ita
882 1468 997 1521 aio.

485 1575 527 1629 Ο
568 1574 831 1627 Primum
891 1574 1131 1643 quidem
1189 1573 1547 1628 contradicis
1602 1572 1728 1635 tibi,
1789 1572 1929 1627 dum
1987 1589 2057 1627 ex

416 1662 745 1717 substantia
778 1663 905 1717 fieri
928 1663 1074 1717 dicis
1105 1662 1221 1717 vim
1252 1664 1496 1717 activam
1539 1678 1861 1731 rursusque
1904 1663 2056 1716 hanc

414 1766 534 1803 non
562 1766 691 1804 esse
723 1750 838 1803 vim
870 1750 1117 1805 activam
1150 1750 1297 1805 dicis
1323 1768 1334 1804 :
1368 1750 1525 1805 unde
1549 1756 1606 1803 et
1636 1766 1869 1804 summa
1900 1750 2058 1820 igno-

2174 515 2528 591 ἐργάζεσθαι,
2587 520 2807 595 γλῶσσα
2865 521 2921 578 δὲ
2982 523 3134 597 λόγῳ
3194 521 3482 595 διακονεῖν,
3537 523 3685 587 πόδες
3734 525 3779 581 δὲ

2171 608 2309 679 πρὸς
2364 606 2595 681 βάδισιν,
2655 609 2869 666 παιδίον
2931 611 2988 667 δὲ
3046 614 3183 683 πρὸς
3240 615 3471 685 μάθησιν
3531 617 3773 688 τεχνικήν·

2171 694 2406 769 ἐνέργεια
2473 695 2531 753 δέ
2587 698 2727 755 ἐστιν
2760 703 2794 769 ἠ
2833 706 2929 756 τοῦ
2985 702 3121 756 κατᾶ
3180 701 3334 778 φύσιν
3387 702 3591 777 πρᾶξις,
3634 702 3665 771 ἢ
3702 708 3776 758 τοῦ

2170 782 2376 859 ἀλόγου
2407 788 2479 848 ὡς
2502 786 2729 862 ἀλόγου,
2759 791 2794 861 ἢ
2820 794 2919 844 κοῦ
2950 790 3181 865 λογικοῦ
3226 790 3302 851 ὡς
3334 789 3576 866 λογικοῦ·
3617 791 3663 846 τί
3704 792 3773 846 οὗν

2168 877 2275 926 τῶν
2309 874 2611 948 εἰρημένων
2648 877 2803 953 ὁρίζῃ
2834 879 2896 933 τὸ
2926 880 3089 933 κακὸν
3124 880 3256 933 εἶναι
3283 896 3297 948 ;

2244 983 2314 1037 Μ.
2353 982 2673 1058 Ἐνέργειαν·
2734 982 2905 1055 δῆλον
2956 984 3014 1041 δὲ
3044 987 3127 1042 ὅτι
3180 990 3323 1041 πᾶσα
3378 984 3605 1061 ἐνέργεια
3648 986 3773 1042 οὐσία

2170 1065 2310 1123 ἐστὶν
2356 1069 2636 1148 ἐνεργείας.

2240 1174 2303 1230 Ο.
2365 1180 2514 1232 Πᾶσα
2584 1180 2680 1250 μὲν
2740 1176 2985 1254 ἐνεργεια
3060 1177 3213 1233 οὐσία
3296 1177 3435 1233 ἐστὶν
3495 1177 3769 1253 ἐνεργείας·

2168 1260 2356 1333 ἐρωτῶ
2388 1262 2444 1320 δέ
2476 1287 2550 1325 σε.
2582 1268 2616 1336 ή
2649 1266 2810 1322 κακία
2849 1266 3091 1342 ἐνέργεια
3139 1267 3291 1337 οὖσα,
3324 1267 3411 1322 καὶ
3470 1266 3616 1322 οὐσία
3665 1270 3771 1323 εἶναι

2168 1349 2387 1405 δύναται
2417 1376 2431 1405 ι

2204 1374 2259 1405 υν
2268 1374 2387 1407 αται
2417 1376 2431 1407 ι

2238 1464 2307 1515 Μ.
2340 1458 2498 1515 Οὕτω
2529 1483 2601 1533 φη
2614 1462 2697 1533 μί.

2239 1568 2301 1622 Ο.
2338 1571 2561 1641 Πρῶτον
2624 1570 2717 1641 μὲν
2766 1567 3002 1630 ἐναντίος
3055 1572 3260 1639 σεαυτῷ
3321 1569 3598 1643 ὑπάρχεις,
3630 1570 3770 1641 ἐξού-

2166 1653 2279 1715 σίας
2314 1658 2543 1730 γενέσθαι
2597 1657 2768 1731 λέγων
2830 1657 3118 1733 ἐνέργειαν,
3177 1657 3267 1711 καὶ
3328 1656 3493 1712 πάλιν
3552 1658 3641 1712 οὐκ
3669 1660 3766 1712 εἶναι

2164 1745 2261 1812 τὴν
2321 1743 2590 1820 ἐνέργειαν
2651 1747 3086 1820 ὑποτιθέμενος’
3149 1746 3267 1811 ὅθεν
3342 1748 3516 1818 πάσης
3577 1748 3765 1820 ἀμαθίας

414 1840 608 1894 rantia
638 1839 908 1894 laborare
940 1839 1096 1911 apud
1128 1839 1452 1894 dialectica)
1484 1856 1718 1910 quoque
1750 1819 2053 1911 imperitos

2173 1819 2480 1908 ὕπερϐολὴν
2509 1834 2599 1890 καὶ
2646 1836 2793 1910 παρά
2845 1819 2962 1899 τοῖς
2999 1834 3131 1911 ἄγαν
3164 1836 3414 1911 ἀπείροις
3472 1819 3766 1905 διαλεκτικῆς

414 1926 725 1982 videberis.
777 1928 982 1993 Quaaro
1035 1933 1232 1983 autem
1279 1945 1347 1983 ex
1389 1935 1466 1997 te,
1502 1944 1647 1982 num
1696 1928 1891 1983 omnis
1923 1945 2063 1999 ope-

416 2016 566 2070 ratio
598 2016 757 2070 mala
786 2016 915 2070 sit?

488 2122 556 2175 M.
589 2121 827 2175 Minime
858 2120 1145 2192 gentium.

490 2227 553 2282 Ο.
586 2227 771 2291 Quam
802 2242 938 2299 ergo
970 2225 1117 2281 dicis
1146 2224 1363 2281 malam
1400 2226 1806 2298 operationem
1834 2227 1863 2282 Ἰ

486 2331 904 2397 Homicidium,
937 2332 1318 2397 adulterium,
1344 2332 1723 2404 injustitiam,
1758 2338 1816 2387 et
1846 2334 2063 2404 quaevis

418 2419 517 2491 huj
529 2420 783 2477 usmodi.

486 2529 546 2583 Ο.
583 2528 639 2582 Si
680 2529 1087 2584 homicidium.
1125 2545 1195 2584 ex
1227 2529 1523 2585 sententia
1560 2534 1681 2597 tua,
1712 2529 2065 2584 naturaliter

414 2617 637 2671 malum
668 2623 776 2685 est,
801 2618 1037 2688 judices
1068 2619 1168 2689 qui
1203 2619 1462 2674 latrones
1494 2636 1561 2673 ac
1593 2618 1836 2673 sicarios
1880 2619 2064 2673 inter-

415 2706 643 2773 ﬁciunt,
692 2707 851 2761 male
901 2712 1099 2778 agunt.
1146 2710 1511 2778 Rursusque,
1545 2724 1649 2761 cur
1681 2708 1897 2778 aliquis
1928 2723 2063 2762 cum

414 2812 520 2849 sua
544 2812 725 2849 uxore
772 2812 896 2850 rem
948 2796 1172 2850 habens
1218 2813 1335 2850 non
1368 2801 1592 2867 peccat,
1620 2813 1753 2850 cum
1787 2797 1982 2851 aliena
2002 2796 2061 2850 id

414 2898 592 2954 agens
623 2890 846 2953 peccat.
881 2900 1015 2939 cum
1040 2890 1237 2939 tamen
1270 2884 1475 2939 eadem
1500 2884 1576 2939 sit
1604 2886 1754 2939 actio
1778 2886 1805 2939 ‘I
1833 2887 1978 2939 Puto
2006 2891 2062 2938 te

413 2971 485 3023 ob
519 2971 644 3025 haec
674 2972 763 3025 vel
794 2973 1097 3028 nolentem
1152 2972 1445 3039 confiteri,
1479 2974 1772 3028 actionem
1823 2990 2059 3027 omnem

410 3067 683 3115 neutram
714 3062 891 3115 veluti
927 3079 1077 3127 esse,
1099 3062 1483 3117 determinari
1506 3068 1703 3117 autem
1732 3062 1802 3117 ab
1835 3062 2060 3135 agentis

2170 1924 2233 1978 οὐ
2267 1921 2521 2003 διαφεύξη
2568 1928 2761 1982 νοσῶν·
2824 1926 3012 2001 ἐρωτῶ
3043 1925 3100 1982 δέ
3131 1947 3207 1999 σε,
3242 1928 3347 2001 ἆρα
3393 1932 3531 1982 πᾶσα
3574 1926 3763 2003 ἐνέργεια

2167 2015 2305 2083 κακή
2343 2033 2356 2083 ;

2236 2125 2310 2178 Μ.
2338 2120 2417 2177 Οὐ
2447 2123 2685 2186 πάντως.

2238 2235 2302 2284 Ο.
2337 2228 2500 2283 Ποίαν
2534 2227 2623 2285 οὖν
2658 2228 2831 2306 λέγεις
2861 2230 3031 2299 κακὴν
3066 2229 3338 2305 ἐνέργειαν
3376 2248 3390 2297 ;

2240 2334 2317 2406 Μ,
2352 2334 2553 2404 Φόνον,
2586 2335 2860 2411 μοιχείαν,
2893 2333 3127 2406 ἀδικίαν,
3157 2335 3245 2389 καὶ
3279 2334 3382 2390 ὅσα
3408 2339 3634 2390 τοιαῦτα.

2237 2532 2302 2586 Ο.
2339 2530 2459 2583 E16
2500 2530 2661 2608 φόνος
2717 2529 2853 2584 κατὰ
2901 2529 2959 2584 σὲ
3015 2527 3169 2603 φύσει
3227 2529 3419 2598 κακὸς,
3471 2529 3520 2582 οἱ
3564 2524 3755 2581 δικασταὶ

2164 2613 2553 2693 τυμϐορύχους
2612 2619 2701 2673 καὶ
2777 2614 3141 2691 ἀνδροφόνους
3218 2617 3572 2693 φονεύοντες,
3622 2616 3754 2672 κακῶς

2164 2711 2403 2760 ποιοῦσι·
2435 2706 2524 2761 καὶ
2554 2705 2741 2760 πάλιν·
2795 2708 2847 2761 τί
2908 2705 3111 2775 δήποτε
3142 2706 3169 2759 6
3204 2706 3299 2777 μὶν
3333 2709 3401 2778 τῇ
3462 2702 3565 2775 ἰδίᾳ
3590 2704 3749 2777 γαμετῇ

2167 2795 2501 2869 μιγνύμενος
2561 2795 2671 2869 οὐχ
2728 2796 3044 2867 ἁμαρτάνει,
3105 2793 3158 2849 ἐν
3218 2792 3487 2867 ἀλλοτρίᾳ
3538 2791 3589 2846 δὲ
3634 2795 3748 2844 τοῦτο

2164 2888 2339 2939 ποιῶν
2370 2884 2710 2958 ἁμαρτάνει;
2755 2884 2845 2938 καὶ
2900 2886 3067 2937 ταῦτα
3127 2888 3253 2955 μιᾶς
3316 2880 3574 2955 ἐνεργείας
3626 2877 3749 2947 οὔσης

2162 2979 2261 3041 τῆς
2299 2972 2512 3045 μίξεως
2544 2973 2695 3045 οἶμαί
2754 2994 2812 3027 σε
2864 2970 2953 3026 διὰ
2979 2970 3188 3026 τούτων
3245 2971 3339 3025 καὶ
3401 2972 3582 3025 ἄκοντα
3622 2987 3745 3042 προσ·

2165 3060 2487 3135 ομολογεῖν,
2548 3064 2629 3116 δτι
2662 3066 2805 3115 πᾶσα
2860 3059 3096 3135 ἐνέργεια
3158 3058 3294 3131 μέση
3333 3058 3463 3114 ἐστί·
3512 3054 3744 3113 ποικίλλε-

408 3149 729 3214 voluntate,
764 3156 831 3205 ut
864 3152 1043 3205 virtus
1075 3152 1348 3205 vitiumve
1383 3151 1629 3206 evadat:
1681 3168 1936 3222 namque
1968 3151 2050 3206 al-

2173 3172 2251 3205 ιαι
2284 3148 2342 3204 δὲ
2377 3154 2446 3224 τῇ
2499 3156 2693 3226 γνώμῃ
2740 3153 2837 3205 τοῦ
2872 3148 3175 3221 μετιόντος,
3209 3148 3377 3222 ἀρετή
3409 3149 3442 3216 ἢ
3474 3146 3616 3201 κακία
3638 3164 3743 3246 γινῗῑ

408 3243 498 3292 ter
538 3243 942 3309 temperanter
979 3256 1113 3293 cum
1160 3255 1266 3294 sua
1303 3256 1507 3305 uxore,
1558 3240 1708 3295 alter
1753 3240 2051 3311 impudice

407 3340 542 3379 cum
574 3326 771 3380 aliena
807 3331 1094 3380 versatur.

476 3432 546 3485 M.
574 3431 876 3504 Cupiditas
908 3449 1107 3488 nonne
1138 3431 1297 3487 mala
1329 3437 1419 3487 est
1448 3432 1476 3487 ‘I

476 3542 539 3597 Ο.
576 3544 701 3597 Non
724 3542 938 3613 plane;
973 3558 1111 3598 nam
1153 3546 1209 3596 et
1252 3543 1375 3597 hmc
1426 3543 1694 3598 neutrius
1748 3544 2051 3615 qualitatis

405 3636 513 3699 est,
546 3632 793 3702 ﬁerique
824 3637 1018 3703 potest
1047 3637 1112 3685 ut
1147 3632 1324 3686 etiam
1373 3632 1683 3687 honestate
1734 3639 2053 3688 exornetur

402 3738 437 3775 a
468 3722 685 3776 mentis
742 3722 1190 3793 gubernatione.
1246 3722 1578 3792 Aliquando
1609 3728 1764 3778 certe
1797 3723 1871 3778 ad
1922 3740 2049 3778 rem

402 3810 714 3865 honestam
744 3811 933 3865 tendit
984 3811 1313 3883 cupiditas:
1372 3828 1630 3883 namque
1676 3812 1851 3867 allius
1900 3813 2048 3867 libe-

401 3914 603 3953 rorum
655 3915 851 3968 causa,
912 3899 1064 3955 alius
1120 3900 1457 3971 voluptatis,
1509 3901 1593 3955 rei
1652 3916 1917 3956 venerea;
1949 3901 2050 3957 dat

399 4004 661 4059 operam.

470 4097 541 4150 Μ.
566 4096 729 4150 Nunc
760 4096 907 4151 mihi
960 4096 1071 4152 hoc
1128 4095 1414 4160 edissere,
1474 4101 1674 4150 utrum
1728 4112 2044 4168 corporum

397 4185 696 4255 corruptio
729 4200 795 4239 ac
825 4185 1074 4256 putredo
1105 4203 1139 4241 a
1170 4187 1288 4241 Deo
1332 4184 1488 4240 bono
1521 4190 1579 4240 et
1607 4186 2042 4257 incorruptibili

397 4271 474 4327 sit
497 4271 524 4327 ?

464 4380 529 4448 Ο,
564 4380 802 4435 Locutio
833 4396 902 4435 ea:
931 4381 1117 4450 aliquo
1148 4379 1535 4435 multifariam
1570 4381 1919 4437 adhibetur:
1955 4389 2044 4440 est

393 4466 553 4521 enim
586 4468 743 4523 filius
776 4485 845 4524 ex
872 4485 966 4525 me
997 4469 1603 4537 consubstantialiter,
1640 4476 1731 4524 est
1774 4487 1844 4525 ex
1873 4472 2039 4528 fabro

2170 3238 2325 3311 μένη·
2357 3240 2384 3293 ὁ
2420 3240 2512 3312 μὲν
2564 3240 2665 3314 γὰρ
2709 3237 3003 3316 σωφρόνως
3055 3240 3124 3311 τῇ
3176 3233 3290 3309 ἰδίᾳ
3351 3236 3605 3313 μίγνυται,
3654 3227 3745 3286 ὁδὶ

2160 3327 2476 3392 ἀκολάστως
2503 3332 2571 3401 τῇ
2601 3326 2890 3403 ἀλλοτρίᾳ.

2232 3437 2307 3492 Μ.
2332 3436 2396 3491 Ἠ
2427 3433 2686 3509 ἐπιθυμία
2717 3434 2818 3489 οὐκ
2847 3430 2957 3487 ἔστι
2990 3432 3131 3502 κακή
3169 3450 3183 3499 ;

2231 3543 2293 3599 Ο.
2328 3541 2405 3599 ΟΒ
2436 3540 2670 3605 πάντως·
2729 3539 2864 3613 μὲση
2924 3540 3028 3614 γάρ
3088 3537 3198 3592 ἐστι
3257 3536 3350 3591 καὶ
3406 3535 3549 3604 αὕτη·
3577 3530 3649 3587 καὶ
3673 3527 3738 3614 δν·

2159 3632 2316 3686 νατὸν
2350 3630 2514 3699 αὐτὴν
2555 3631 2900 3703 κοσμηθῆναι
2930 3631 2999 3701 τῇ
3027 3631 3123 3681 τοῦ
3170 3630 3267 3681 νοῦ
3320 3623 3590 3694 ἐπιστασίᾳ.
3620 3612 3739 3690 Ἀμέ-

2161 3720 2243 3775 λει
2278 3720 2366 3774 καὶ
2397 3718 2580 3775 καλῶν
2639 3718 2781 3773 ἐστιν
2837 3718 3190 3790 ἐπιθυμῆσαι³
3234 3717 3263 3769 ὁ
3292 3715 3384 3788 μὲν
3414 3714 3506 3790 γὰρ
3553 3711 3642 3764 ἐστι
3666 3728 3736 3784 φι-

2158 3808 2480 3884 λόπτωχος,
2514 3810 2542 3865 ὁ
2591 3805 2648 3863 δὲ
2705 3806 3058 3883 φιλάργυρος’
3114 3805 3203 3860 καὶ
3266 3805 3295 3859 ὁ
3352 3805 3443 3877 μὲν
3484 3795 3737 3857 παιδοπιίας

2158 3902 2319 3977 χάριν
2347 3905 2416 3975 τῇ
2451 3900 2591 3975 μίξει
2622 3901 2919 3975 κέχρηται,
2953 3899 2981 3954 6
3015 3894 3071 3952 δὲ
3102 3896 3264 3972 χάριν
3300 3894 3513 3966 ἡδονῆς.

2225 4099 2299 4155 Μ.
2334 4096 2511 4154 Τοῦτό
2574 4117 2667 4167 μοι
2726 4095 2864 4164 εἷπὶ,
2899 4093 2959 4148 ἐκ
2986 4096 3083 4148 τοῦ
3134 4093 3337 4167 ἀγαθὸῢ
3392 4089 3476 4146 καὶ
3519 4085 3727 4163 ἀφθάρτου

2153 4190 2284 4241 Θεοῦ
2315 4189 2349 4255 ἡ
2382 4185 2555 4262 φθορά
2582 4188 2689 4239 τῶν
2723 4182 2990 4258 σωμάτων
3024 4182 3116 4236 καὶ
3147 4184 3313 4255 σῆψις
3344 4178 3569 4253 ἐγένετο;

2224 4382 2297 4438 Ο.
2330 4381 2404 4437 Τὸ
2463 4376 2522 4435 ἔκ
2578 4400 2727 4443 τινος
2780 4377 3088 4452 πολλαχῶς
3141 4374 3380 4451 λέγεται·
3438 4359 3718 4463 ἔστι
3822 4372 3823 4427 ἰ

2148 4469 2283 4541 ἐμοῦ
2314 4470 2341 4523 6
2373 4463 2487 4531 υἱός
2542 4489 2645 4541 μοτ
2699 4466 2993 4541 ὁμοοόσιος
3051 4464 3195 4539 ἐμοί’
3228 4464 3289 4520 ἐκ
3310 4468 3405 4519 τοῦ
3450 4461 3661 4541 τέκτονος
3677 4461 3713 4501 το

386 4555 641 4627 lignario
672 4574 1005 4623 scamnum,
1030 4574 1099 4612 ex
1131 4564 1290 4612 terra
1326 4557 1575 4623 fructus,
1611 4574 1679 4612 ex
1731 4575 1865 4630 rege
1899 4576 2037 4615 con-

2173 4536 2371 4630 ίάθρον·
2408 4555 2466 4611 ἐκ
2506 4536 2563 4611 δέ
2616 4536 2873 4630 τῆςγῆς
2919 4555 2970 4609 οἱ
3002 4536 3221 4629 καρποί·
3260 4552 3321 4607 ἐκ
3372 4554 3463 4605 τοῧ
3518 4536 3711 4631 βασιλέωξ

391 4644 748 4704 ﬁscationes.
783 4649 897 4701 Nos
920 4663 1055 4719 ergo
1078 4662 1454 4717 nequaquam
1485 4662 1553 4699 ex
1587 4645 1687 4699 Dei
1711 4646 2043 4705 substantia

388 4733 638 4790 dicimus
672 4736 799 4791 ﬁeri
833 4736 1300 4805 corruptionem,
1334 4734 1437 4789 sed
1480 4734 1779 4789 voluntate
1813 4736 1940 4807 ejus
1972 4754 2040 4794 ea

387 4823 515 4877 fieri
548 4842 678 4895 qum
710 4825 883 4880 nobis
915 4823 1085 4879 utilia
1127 4829 1283 4878 sunt.
1320 4825 1463 4878 Nam
1492 4823 1539 4877 si
1566 4824 1831 4893 quamvis
1889 4826 2034 4881 adeo

384 4912 620 4980 fragiles
651 4930 744 4969 res
789 4916 1063 4968 humanas
1102 4913 1241 4977 sint,
1278 4918 1584 4983 tantopere
1615 4913 1687 4968 ob
1720 4913 1825 4968 has
1874 4915 2036 4970 insa-

384 5000 601 5063 nimus,
636 5008 701 5055 ut
722 5004 901 5057 etiam
933 5002 1137 5057 litibus
1171 5018 1241 5056 ex
1270 5000 1443 5055 bellis
1477 5001 1690 5056 harum
1721 5018 1899 5057 causa
1929 5003 2026 5058 de-

382 5095 717 5154 certemus;
752 5092 895 5160 quid
950 5108 1185 5148 eramus
1234 5090 1420 5146 acturi
1467 5090 1514 5143 si
1570 5090 1722 5145 Deus
1780 5091 2032 5148 caducas

380 5194 500 5232 non
529 5178 771 5234 fecisset
795 5180 822 5235 ‘I
846 5182 1147 5245 Quomodo
1179 5183 1357 5237 etiam
1388 5179 1744 5234 immortalis
1771 5182 1901 5235 vitae
1934 5182 2033 5238 do-

379 5282 523 5321 num
578 5267 1033 5334 aastimaremus,
1060 5287 1237 5341 quam
1280 5268 1453 5324 nobis
1486 5268 1589 5322 Dei
1621 5268 1879 5323 Charitas
1908 5270 2031 5324 col-

377 5355 571 5411 latura
603 5360 715 5424 est,
752 5356 866 5411 nisi
902 5362 1076 5413 antea
1104 5359 1281 5414 vitam
1312 5359 1465 5413 hanc
1501 5356 1950 5427 corruptibilem
1974 5364 2031 5414 et

377 5446 766 5516 temporalem
826 5448 1051 5517 experti
1083 5464 1368 5515 essemus,
1398 5464 1577 5520 quam
1608 5464 1717 5502 nos
1738 5448 1863 5519 ipse
1889 5464 2025 5519 pru-

373 5532 585 5589 denter
623 5541 985 5607 praagustare
1030 5535 1215 5590 voluit
1243 5535 1270 5590 Ἰ
1327 5536 1587 5607 Alioqui,
1647 5537 1695 5591 si
1727 5540 2025 5609 corruptio

374 5622 533 5678 mala
560 5629 669 5693 est,
696 5624 999 5697 generatio
1033 5624 1159 5681 sine
1194 5623 1373 5680 dubio
1402 5624 1562 5682 bona
1592 5631 1698 5683 est.
1740 5627 1917 5700 Atqui
1961 5625 2023 5683 in

2154 4624 2465 4717 δημεύσεις·
2501 4646 2665 4717 ἡμεῖς
2711 4624 2895 4699 τοίνυν
2928 4641 3026 4697 οὐκ
3075 4624 3142 4697 ⁷ἐκ
3171 4645 3270 4707 τῆς
3301 4638 3476 4699 οὐσίας
3500 4636 3579 4723 τοῖ’
3623 4624 3709 4723 θίῗδ

2151 4754 2322 4811 φαμεν
2357 4734 2620 4801 εἶναιτὴν
2680 4732 2908 4811 φθορὰν,
2971 4730 3232 4806 βουλήσει
3266 4727 3321 4784 δὲ
3351 4727 3504 4811 αὐτος)
3552 4719 3707 4810 ἐνεργεῖ·
3812 4744 3815 4811 γη

2149 4807 2269 4883 σθαι
2330 4807 2868 4899 συμφέροντα-ἡμῖν.
2928 4818 3124 4894 Εἷγάρ
3159 4821 3405 4893 φθαρτῶν
3460 4807 3705 4907 avt-mra»

2145 4912 2506 4985 πραγμάτων,
2567 4910 2711 4965 οὕτω
2768 4910 2892 4983 περὶ
2944 4908 3119 4963 αὐτῶν
3174 4908 3479 4980 μεμήναμεν
3520 4898 3704 4985 ‘5‘?le-

2144 4972 2339 5074 “Diei!
2366 5000 2455 5054 καὶ
2492 4972 2783 5073 ’πολέμους
2830 4972 2949 5053 κατ’
3004 4972 3273 5067 ἀλλήλων
3302 4972 3482 5057 κινεῖν,
3510 4984 3555 5040 τί
3575 4972 3701 5075 0615*

2140 5069 2525 5161 τολμήσαιμεν
2588 5069 2659 5142 εί*
2691 5084 2933 5166 ἄφθαρτα
2986 5089 3155 5141 ταῦτα
3223 5069 3699 5166 αιιαρήγειγεν-[Πξκ
3804 5122 3805 5151 ι

2142 5174 2199 5232 δι
2249 5157 2341 5232 ’.ἀι
2405 5157 2655 5248 άισθησιν
2706 5157 3015 5251 ἐμέλλομεν
3051 5178 3151 5244 τῆς
3206 5172 3404 5263 δωρεᾶς
3460 5157 3697 5263 λιξδῗῖἶῗῗῗ

2141 5266 2415 5341 ἀφθάρτυυ
2476 5270 2640 5336 ζωῆς,
2824 5267 2961 5337 ἡμῖν
3024 5262 3447 5341 ἐφιλοτιμήσατο
3493 5253 3516 5306 ὁ
3556 5250 3694 5317 Κύριος

2138 5358 2320 5429 ἧμῶνο
2353 5356 2397 5411 εἶ
2434 5357 2509 5429 μὴ
2565 5357 2831 5429 πρότερον
2866 5354 2918 5409 ἐν
2956 5352 3123 5428 πείρᾳ
3170 5349 3450 5427 γεγόναμεν
3473 5345 3555 5407 τῆς
3579 5342 3693 5408 Wa?

2134 5449 2234 5511 τῆς
2288 5446 2490 5516 ταύτης
2546 5446 2638 5499 καὶ
2698 5444 2966 5518 ἐπικήρου
3014 5444 3182 5511 ζωῆς,
3234 5438 3308 5499 εἷς
3337 5438 3399 5505 ἢν
3448 5432 3572 5501 ἡμᾶς
3599 5433 3689 5518 πίξξ
3788 5478 3795 5518 ι

2136 5496 2498 5609 .‘,‘:..i.';.'e';.‘.
2536 5496 2926 5609 διξᾲῶξὲῇἱν
2952 5496 2955 5497 ί
2983 5496 3305 5603 ἐδοκίμασεν*
3330 5496 3559 5609 {una
3590 5525 3630 5609 ῖξ
3646 5496 3683 5609 ιδξ

2135 5584 2504 5702 ξίν.
2779 5584 3051 5699 ﬂeuit;
3082 5584 3311 5678 πάντως
3333 5584 3549 5687 ’ἀγαθόν’
3588 5584 3681 5649 ἀλλἔὶ

3829 4050 3831 4105 ι

3826 4120 3829 4185 1

3825 4190 3827 4265 ί

3824 4270 3825 4345 ι

3810 4868 3811 4909 ι

3808 4938 3809 4991 1

3806 5022 3807 5071 1

3795 5324 3799 5393 φ
