3964 6144
254 302 393 362 1329

1016 301 1323 358 JOANNIS
1357 299 1776 356 OBTHODOXI
1796 295 2242 396 ‘DISPUTATIO
2278 297 2428 354 CUM
2464 295 2880 353 MANICHBO.

3514 289 3655 347 1330

261 431 364 505 μὴν
398 428 523 502 περὶ
553 426 615 482 τὸ
649 426 778 482 αὐτὸ
811 428 972 498 σῶμα
999 425 1201 502 γένεσις
1261 424 1351 480 καὶ
1406 424 1600 501 φθορὰ,
1660 425 1762 478 οὐκ
1796 424 1877 496 ἅρι

2010 425 2219 481 eodem
2251 440 2494 497 corpore
2526 427 2652 480 tum
2688 421 2990 496 generatio
3031 424 3156 475 tum
3207 420 3506 491 corruptio
3541 421 3608 476 fit
3640 437 3654 476 :

258 525 416 592 σῶμα
449 517 604 591 φύσει
635 517 822 582 κακὸν,
847 515 920 578 ὡς
957 515 1111 587 ὑμεῖς
1164 509 1600 568 διαϐεϐαιοῦσθαι
1631 513 1694 567 τὸ
1740 517 1898 584 σῶμα

256 612 354 674 τῆς
385 606 572 668 κακίας
604 607 738 660 εἶναι
772 602 1203 680 δογματίζοντες.
1235 604 1331 656 Διά
1383 603 1436 657 τί
1493 600 1549 657 δὲ
1607 603 1639 656 ἄ
1681 602 1772 663 μὶν
1803 621 1898 655 νο-

277 696 447 772 μίζεις
477 695 608 749 εἶναι
639 693 774 748 κακά
803 698 908 747 τῶν
943 693 1210 764 σωμάτων
1271 697 1490 766 θεωρεῖς
1547 712 1605 745 τε
1657 692 1746 744 καὶ
1805 689 1894 746 λέ-

263 807 394 861 γεις,
426 786 492 838 τὰ
543 782 600 837 δὲ
659 783 708 855 ἐξ
755 782 930 836 αὐτῶν
980 781 1154 856 ἀγαθὰ
1209 781 1618 856 παρατρέχειςς
1671 785 1889 852 Πρῶτον

264 875 355 947 μὲν
383 873 483 947 γὰρ
517 871 621 926 ἀπὸ
649 875 756 926 τῶν
789 869 848 925 ἐκ
886 877 990 945 γῆς
1040 867 1443 941 ἀναδιδομένων
1493 874 1713 944 καρπῶν
1770 890 1890 945 τρε-

259 961 468 1036 φόμεθά
495 981 554 1014 τε
581 958 670 1014 καὶ
703 959 1080 1031 συνιστάμεθα·
1143 957 1204 1012 ἐκ
1257 956 1314 1012 δὲ
1370 957 1539 1013 λίθων
1568 958 1656 1012 καὶ
1689 957 1888 1027 ξύλων,

249 1047 428 1110 ο⁹ίκους
475 1048 960 1120 κατασκευάζομεν,
1021 1044 1090 1101 δι’
1144 1049 1217 1101 ὧν
1284 1042 1498 1119 ’ὄμϐρου
1544 1045 1632 1100 καὶ
1690 1046 1888 1121 κρύους

256 1137 702 1211 ἐλευθερούμεθα·
727 1133 873 1190 ἀλλᾶ
899 1135 986 1188 καὶ
1026 1139 1118 1190 τοῦ
1151 1134 1315 1204 ἡλίου
1362 1134 1424 1188 τὸ
1471 1131 1746 1196 καυσῶδες
1802 1134 1886 1189 ἐκ·

241 1225 525 1298 κΛίνομεν,
557 1223 615 1278 6'v
650 1222 712 1278 σὺ
744 1226 1038 1293 θεοποιῶν,
1072 1224 1172 1278 ούκ
1201 1223 1460 1298 αἶ’σχύνῃ·
1493 1220 1705 1297 σιδήρῳ
1737 1219 1794 1276 δὲ
1823 1223 1884 1278 ού

246 1312 407 1386 μόνον
440 1314 536 1381 τήν
559 1319 662 1387 γῆν
711 1312 972 1386 ἀροῦμεν,
1004 1309 1151 1366 ἀλλᾶ
1179 1310 1269 1365 καὶ
1300 1309 1602 1383 πολεμίους
1634 1309 1883 1374 ἐπιόντας

241 1400 644 1474 φυλαττόμεθα.
679 1399 740 1456 Εἰ
783 1397 840 1454 δὲ
889 1400 1105 1460 τούτοις
1160 1397 1554 1474 ἐλεγχόμενος,
1606 1397 1882 1472 ἐπιμένοις

242 1492 405 1562 σῆψιν
427 1488 516 1544 καὶ
551 1485 814 1543 δυσωδίαν
846 1482 1325 1560 προϐαλλόμενος,
1373 1485 1504 1548 ἴσως
1554 1485 1766 1562 ἀγνοεῖς
1796 1487 1878 1542 ’ὀτι

242 1578 309 1632 τὰ
335 1584 436 1646 τῆς
504 1581 690 1652 ψυχῆς
755 1575 1095 1650 μετασχόντα
1144 1573 1357 1648 μᾶλλον
1413 1583 1515 1644 τήν
1568 1577 1731 1649 σῆψιν
1790 1575 1878 1630 καὶ

244 1664 509 1722 δυσωδίαν
571 1665 876 1742 ὑφίσταται·
937 1666 1136 1738 ἀγαθοῦ
1193 1668 1331 1719 Θεοῦ
1389 1661 1447 1718 δὲ
1493 1666 1612 1728 καθ’
1647 1665 1784 1737 ὑμᾶς
1841 1667 1876 1734 ἡ

239 1756 392 1829 ψυχὴ
425 1754 577 1810 ούσία
608 1753 768 1809 ἐστίν·
802 1754 830 1808 ὁ
861 1754 1056 1827 ἀγαθὸς
1088 1752 1177 1806 οὗν
1211 1753 1338 1814 Θεὸς
1395 1750 1569 1813 αἴτιος
1625 1749 1770 1808 ἔσται
1801 1754 1872 1807 ὧν

225 1846 471 1919 νομίζεις
501 1848 680 1900 κακῶν
709 1850 812 1913 τῆς
843 1843 1060 1916 σήψεώς
1090 1863 1148 1897 τε
1176 1843 1263 1897 καὶ
1299 1839 1586 1904 δυσωδίας.

295 2115 368 2166 Μ.
430 2108 496 2165 Εἰ
557 2109 632 2182 μή
683 2107 796 2164 ἔστι
851 2107 1010 2175 κακὰ,
1071 2104 1158 2161 διὰ
1211 2105 1266 2161 τί
1321 2108 1486 2180 νόμοι
1550 2107 1872 2176 κολάζουσιν

229 2197 359 2255 αύτά
390 2219 404 2267 ;

292 2292 356 2343 Ο.
385 2288 560 2340 Τοῦτο
596 2283 832 2357 μάλιστα
862 2282 1078 2359 ἐλέγχει
1110 2284 1208 2352 τήν
1269 2284 1367 2352 σήν
1429 2279 1872 2361 φρενοϐλάϐειαν·

227 2373 276 2430 εἲ
301 2378 402 2450 γὰρ
439 2375 515 2446 μή
550 2372 632 2450 ἐφ’
660 2375 794 2446 ἡμῖν
826 2376 892 2441 ἦν
923 2374 990 2426 τὰ
1031 2373 1176 2427 κακὰ
1204 2372 1299 2427 καὶ
1362 2375 1729 2446 ἀγαθοποιεῖν,
1781 2373 1880 2428 οὐκ

231 2462 288 2518 ἄν
322 2461 580 2532 ἐκόλαζον
610 2460 740 2523 τοὺς
768 2461 1106 2536 κακούργους
1136 2461 1188 2514 οἱ
1240 2461 1426 2532 νόμοι,
1487 2460 1685 2525 οἷ’τινες
1736 2461 1871 2516 πολ-

230 2550 382 2614 λάκις
445 2551 509 2605 ού
569 2550 670 2617 τήν
716 2549 906 2619 πρᾶξιν
959 2552 1279 2617 σκοποῦσιν,
1312 2547 1458 2604 ἀλλά
1507 2550 1605 2618 τήν
1639 2546 1872 2613 διάθεσιν

231 2644 324 2695 τοῦ
354 2637 650 2712 πράξαντος
683 2637 1041 2708 ἐξετάζουσιν·
1075 2638 1189 2690 οἷον
1219 2635 1404 2712 ἕρριψέ
1459 2658 1543 2698 τις
1574 2635 1733 2706 ξύλον
1785 2628 1875 2693 καὶ

227 2729 369 2783 ἄκων
403 2725 584 2782 ἀνεῖλέ
612 2747 755 2794 τινα,
816 2725 878 2779 ού
934 2725 1171 2798 κρίνουσι
1232 2724 1400 2802 φόνου
1455 2725 1545 2779 τὸν
1581 2724 1873 2799 ἐργασάμε-

226 2836 330 2872 νον·
392 2814 560 2889 ἐμίγη
617 2835 700 2876 τις
749 2811 892 2868 ἄκων
953 2813 1222 2888 ἀλλοτρίᾳ
1251 2813 1360 2868 τινὶ
1409 2814 1645 2888 γυναικὶ,
1696 2816 1873 2884 εὑρὼν

223 2905 389 2972 αὐτὴν
424 2903 511 2958 ἐπὶ
543 2900 738 2971 κλίνης
793 2902 958 2956 αὐτοῦ
1013 2901 1392 2974 κοιμωμένην,
1455 2903 1528 2964 ὡς
1579 2907 1646 2975 τῇ
1675 2904 1869 2957 ἑαυτοῦ

227 2991 555 3068 μιγνύμενος
583 2994 820 3066 γαμετῇ,
862 2990 1169 3046 ἀπολύουσι
1230 2990 1433 3065 μοιχὸν
1484 2992 1576 3046 τὸν
1636 3013 1873 3066 κατηγο-

219 3080 499 3158 ρούμενον,
533 3080 580 3135 εἰ
611 3084 770 3134 τοῦτο
805 3077 1072 3154 δειχθείη.

1905 1801 1952 1866 Β

2007 531 2128 570 non
2153 521 2240 570 est
2276 531 2410 587 ergo
2435 515 2700 585 corporis
2749 517 2962 567 natura
3013 510 3192 576 mala,
3226 510 3310 564 uti
3362 527 3462 565 vos
3519 528 3654 566 con-

2006 604 2271 672 tenditis,
2304 605 2404 674 qui
2436 621 2649 674 corpus
2680 603 2740 657 in
2775 603 3064 658 malarum
3094 617 3290 655 rerum
3317 599 3505 654 classe
3528 606 3647 654 sta-

2004 694 2188 747 tuitis.
2223 694 2338 747 Cur
2366 699 2563 746 autem
2599 698 2678 759 tu,
2713 709 2844 762 quae
2887 690 3044 745 mala
3090 691 3151 743 in
3186 689 3647 760 corporibusju-

2003 782 2185 842 dicas,
2213 782 2634 852 contemplaris
2663 786 2719 835 et
2770 781 3005 845 recitas,
3038 779 3194 833 bona
3220 783 3416 831 autem
3450 794 3518 832 ex
3550 779 3643 832 his

2001 872 2306 926 manantia
2330 871 2667 925 dissimulas
2689 869 2868 924 ?Nam
2895 868 3086 939 primo
3101 866 3644 938 quidemfructibus

2001 978 2071 1015 ex
2101 967 2258 1014 terra
2281 959 2672 1030 suppeditatis
2724 959 3023 1012 nutrimur
3080 962 3138 1010 et
3175 973 3593 1010 conservamur
3630 974 3642 1010 :

1998 1050 2295 1120 lapidibus
2329 1066 2394 1103 ac
2427 1049 2601 1120 lignis
2633 1048 2789 1102 aedes
2839 1047 3262 1109 construimus,
3323 1046 3537 1115 quibus
3569 1046 3640 1100 ab

1997 1138 2187 1192 imbre
2214 1143 2272 1191 et
2291 1137 2505 1207 frigore
2528 1136 2912 1208 protegimur,
2947 1134 3047 1189 sed
3101 1140 3157 1188 et
3186 1133 3458 1188 ardorem
3497 1135 3640 1190 solis

1995 1228 2268 1295 vitamus,
2303 1241 2479 1296 quem
2511 1229 2575 1279 tu
2605 1224 2880 1280 deiﬁcare
2921 1241 3042 1278 non
3099 1223 3439 1278 erubescis:
3480 1223 3638 1280 ferro

1995 1321 2192 1372 autem
2215 1331 2337 1369 non
2369 1312 2780 1369 tantummodo
2839 1317 3057 1367 terram
3117 1327 3374 1379 aramus,
3434 1328 3635 1367 verum

1993 1405 2171 1461 etiam
2197 1404 2492 1458 irruentes
2523 1403 2722 1457 hostes
2752 1400 3190 1473 propulsamus.
3224 1403 3342 1472 Age
3399 1416 3535 1456 vero
3587 1401 3635 1456 si

1991 1495 2083 1549 his
2107 1493 2426 1558 convictus,
2455 1491 2847 1546 nihilominus
2905 1495 3134 1562 perstas
3156 1489 3535 1562 putredinem
3569 1507 3636 1545 ac

1988 1582 2237 1637 fetorem
2267 1581 2556 1652 objiciens
2589 1597 2703 1649 ;an
2735 1579 2991 1652 ignoras,
3053 1594 3122 1632 ea
3177 1595 3308 1648 quas
3358 1578 3627 1634 animum

1987 1671 2281 1738 afﬁciunt,
2312 1669 2612 1741 putredini
2645 1669 2831 1724 multo
2854 1668 3040 1740 magis
3065 1684 3133 1722 ac
3173 1667 3344 1721 fetori
3370 1683 3498 1722 esse
3520 1667 3621 1723 ob-

1986 1760 2162 1815 noxia
2185 1760 2213 1814 ‘I
2241 1759 2418 1830 Atqui
2477 1759 2538 1812 in
2589 1757 2886 1813 sententia
2931 1762 3143 1823 vestra,
3179 1756 3317 1810 boni
3355 1757 3450 1810 Dei
3486 1756 3626 1812 sub-

1986 1849 2205 1904 stantia
2245 1853 2333 1903 est
2363 1849 2611 1904 anima:
2661 1863 2797 1918 ergo
2851 1846 3044 1900 bonus
3094 1847 3247 1900 Deus
3308 1861 3487 1900 causa
3518 1846 3630 1901 erit

1978 1938 2214 2003 horum,
2239 1955 2370 2008 quae
2415 1943 2676 2008 reputas,
2734 1935 3028 1990 malorum
3059 1934 3391 2005 putredinis
3423 1952 3491 1989 ac
3536 1935 3631 1990 fe-

1978 2027 2147 2082 toris.

2050 2117 2120 2168 Μ.
2155 2115 2209 2168 Si
2238 2113 2398 2168 mala
2427 2113 2490 2167 in
2543 2113 2766 2171 mundo
2793 2129 2914 2167 non
2963 2115 3121 2177 sunt,
3183 2127 3287 2165 cur
3334 2111 3496 2184 leges
3565 2129 3633 2168 ea

1978 2203 2237 2275 puniunt
2264 2201 2292 2256 ‘I

2050 2297 2114 2347 Ο.
2141 2291 2257 2346 Ηοο
2289 2290 2541 2345 maxime
2590 2295 2752 2345 tuam
2785 2291 3050 2362 coarguit
3122 2291 3414 2347 insaniam
3445 2305 3459 2343 :
3494 2306 3634 2344 nam

1981 2381 2094 2436 nisi
2119 2380 2306 2435 nostri
2339 2379 2567 2434 arbitrii
2590 2385 2748 2434 esset
2781 2379 2935 2434 male
2968 2381 3054 2434 vel
3080 2380 3232 2436 bene
3264 2395 3435 2451 agere
3477 2378 3634 2433 haud

1979 2468 2132 2524 108
2185 2484 2329 2523 sane
2367 2462 2651 2538 punirent
2701 2468 3006 2523 maleficos
3061 2470 3240 2540 leges,
3291 2486 3421 2539 quae
3474 2485 3629 2538 saepe

1980 2557 2136 2613 haud
2168 2563 2363 2612 actum
2397 2561 2685 2626 spectant,
2709 2556 2811 2611 sed
2841 2558 3072 2628 agentis
3107 2559 3475 2628 propositum
3507 2557 3628 2611 dis-

1979 2647 2223 2718 quirunt
2249 2662 2260 2699 :
2287 2645 2486 2704 veluti.
2519 2644 2745 2712 lignum
2788 2645 2921 2714 quis
2945 2645 3625 2715 jecit.etinvitushomi-

1979 2752 2117 2790 nem
2158 2734 2419 2800 occidit;
2454 2750 2572 2786 non
2596 2726 3079 2788 damnantcaedis
3140 2734 3295 2805 leges
3337 2751 3470 2788 eum
3523 2735 3623 2804 qui

1979 2825 2137 2880 fecit.
2163 2825 2364 2878 Mistus
2410 2828 2500 2876 est
2531 2823 2748 2893 aliquis
2780 2823 2989 2877 aliena:
3057 2823 3311 2885 mulieri,
3347 2840 3526 2894 quam
3560 2825 3619 2877 in

1982 2932 2087 2971 suo
2118 2915 2335 2969 lectulo
2367 2914 2665 2968 inventam
2699 2915 2923 2984 putavit
2962 2930 3090 2968 esse
3148 2914 3446 2985 prOpriam
3482 2931 3624 2968 uxo-

1980 3022 2105 3060 rem
2133 3022 2144 3058 :
2169 3005 2482 3060 absolvunt
2512 3020 2647 3058 eum
2674 3003 2950 3058 adulterii
2984 3003 3233 3058 crimine
3260 3004 3440 3076 leges,
3459 3004 3509 3058 si
3531 3020 3625 3058 res

1986 3095 2444 3149 demonstretur.

277 3186 591 3258 Ἀπόκριναι
623 3184 678 3239 δὲ
713 3207 826 3258 μοι,
856 3183 944 3240 διὰ
973 3185 1026 3241 τί
1060 3187 1150 3241 τὸν
1207 3185 1370 3257 ἣλιον
1403 3192 1789 3260 προσκυνεῖτες

2051 3201 2342 3254 Praeterea
2373 3197 2664 3268 responde
2699 3197 2863 3264 mihi,
2899 3215 3003 3253 cur
3034 3199 3217 3253 solem
3252 3198 3510 3253 adoretis
3532 3198 3559 3252 ?

283 3283 348 3329 Μ.
380 3276 507 3330 Ὀτι
535 3276 762 3351 φωστήρ
793 3272 904 3328 ἐστι
935 3281 1031 3329 τού
1063 3276 1296 3348 κόσμου,
1343 3281 1440 3330 τοῦ
1470 3276 1673 3352 ἀγαθοῦ
1733 3278 1871 3332 Θεοῦ

203 3362 262 3438 γὲ
295 3383 493 3433 ννημα.

290 3455 351 3508 Ο.
387 3450 560 3522 Σῶμά
585 3449 727 3504 ἐστιν
757 3452 792 3522 ἢ
838 3451 1130 3524 ἀσώματος
1156 3471 1168 3520 ;

283 3546 348 3594 Μ.
388 3541 400 3561 ’
419 3539 750 3609 Ασώματος,

291 3630 353 3686 Ο.
397 3632 515 3689 Πῶς
547 3629 575 3682 6
631 3627 919 3700 ἀσώματος
980 3633 1309 3700 σωματικῶς
1370 3631 1563 3702 ὁρᾶται
1601 3651 1613 3698 ;
1649 3632 1728 3688 Τὰ
1783 3634 1878 3705 μὲν

217 3718 317 3792 γὰρ
341 3717 602 3787 ἀσώματα
631 3721 841 3787 νοητῶς
876 3725 1176 3791 θεωρεῖται·
1216 3719 1242 3772 6
1275 3716 1333 3772 δὲ
1375 3717 1540 3786 ἥλιος
1596 3720 1874 3791 αἰσθητῶς

222 3805 553 3883 ὀφθαλμοῖς,
586 3806 672 3859 καὶ
718 3812 1107 3881 περιγραπτοῖς
1167 3808 1378 3878 σώμασι
1435 3807 1872 3881 καταλαμϐάνε-

217 3913 326 3948 ται·
361 3892 546 3954 ἂλλως
574 3895 633 3948 τέ
652 3892 763 3948 ἐστί
791 3915 842 3949 τι
873 3898 981 3948 τῶν
1027 3894 1331 3966 ἀσωμάτων
1390 3899 1712 3969 σωματικὰς
1746 3897 1877 3976 ἕχον

227 3983 521 4052 ποιότητας
549 4003 562 4052 ;

295 4076 372 4131 Μ.
405 4073 482 4130 Ού
515 4073 741 4145 νομίζω.

300 4164 344 4219 Ο
395 4161 572 4218 Ἀλλά
608 4164 713 4233 μὴν
743 4163 771 4216 6
804 4161 967 4230 ἣλιος
1000 4164 1315 4235 σωματικὰς
1371 4161 1488 4241 ἔχει
1547 4167 1850 4236 ποιότητας
1953 4174 1960 4183 ’

227 4249 429 4323 θερμός
459 4270 519 4304 τε
567 4251 670 4324 γάρ
725 4247 837 4304 ἐστι
896 4249 987 4304 καὶ
1043 4249 1228 4324 ξηρός·
1290 4252 1445 4307 αὗται
1502 4251 1559 4307 δὲ
1607 4257 1873 4326 σωμάτων

229 4338 541 4408 ποιότητες·
577 4342 735 4410 σῶμα
766 4336 867 4411 ἄρα
893 4337 1003 4392 ἐστὶ
1061 4339 1151 4393 καὶ
1209 4341 1237 4394 6
1295 4338 1481 4410 ἥλιος.
1517 4346 1636 4406 Πῶς
1694 4340 1748 4398 δὲ
1781 4344 1879 4400 οὐκ

213 4425 492 4501 ἐρυθριᾶτε
522 4419 764 4487 σέϐοντες
820 4424 879 4479 ὅν
941 4433 1117 4499 μισεῖν
1178 4427 1440 4507 ὠφείΛετε
1499 4431 1573 4494 ὡς
1628 4430 1867 4488 ἐναντίον

218 4518 489 4570 ποιοῦντα
516 4518 613 4569 τοῦ
645 4511 917 4588 δόγματος
941 4515 1092 4588 ὑμῶν
1128 4535 1142 4584 ;

297 4606 372 4660 M.
407 4602 505 4657 Διά
530 4601 584 4657 τί
616 4601 850 4657 ἐναντίον
877 4623 890 4672 ;

299 4696 365 4754 Ο,
395 4693 605 4749 Ὀτιτὰ
634 4693 881 4765 σώματα,
915 4689 950 4747 ἅ
1001 4700 1101 4762 τῆς
1159 4694 1346 4758 κακίας
1389 4699 1542 4770 ὑμεῖς
1603 4701 1733 4755 εἶναι
1775 4701 1864 4757 λέ-

215 4802 360 4855 τετε,
392 4780 573 4858 τρέφει
632 4801 691 4835 τι
746 4781 836 4836 καὶ
897 4787 1203 4856 συγκροτεῖ.
1266 4785 1362 4837 Καὶ
1419 4786 1637 4851 τούτοις
1680 4787 1864 4852 οὐδεὶς

210 4867 447 4946 ἀντερεῖ,
489 4870 564 4942 μὴ
595 4872 664 4944 τῇ
696 4871 861 4943 πείρᾳ
915 4869 1250 4944 μαχόμενος.
1317 4871 1450 4928 Εἰπὲ
1506 4871 1564 4929 δὲ
1624 4897 1717 4948 μοι
1774 4880 1861 4932 καὶ

219 4963 412 5030 τοῦτο,
442 4957 620 5035 κρίσιν
653 4958 952 5034 ὁμολογεῖς
987 4977 1003 5027 ;

296 5052 369 5109 Π.
403 5045 530 5104 Ναί.

293 5135 360 5195 Ο.
381 5133 480 5197 Τίς
507 5135 536 5189 6
557 5133 782 5210 κρίνων,
813 5135 906 5190 καὶ
935 5132 1020 5196 τίς
1053 5135 1080 5190 ὁ
1108 5136 1430 5209 κρινόμενος
1465 5156 1480 5207 ;

291 5241 369 5298 Μ.
404 5240 580 5314 Κρὶνει
617 5239 769 5313 μὶνὸ
829 5237 1051 5316 ἀγαθός,
1107 5240 1344 5315 κρίνεται
1406 5241 1463 5297 δὶ
1517 5245 1552 5314 ἡ
1610 5246 1862 5325 ἁμαρτῆ-

215 5347 361 5383 σασα
389 5329 533 5382 πᾶσα
561 5329 740 5402 ψυχή.

283 5419 351 5471 Ο.
381 5412 545 5502 Ἀλλ’
576 5415 764 5470 ἑαυτὸν
815 5417 1199 5490 ἀμαρτήσαντα
1254 5418 1503 5490 κολάζων
1563 5423 1860 5502 εὑρίσκεται

215 5503 249 5557 6
280 5503 432 5573 Θεὸς,
465 5501 614 5579 εἴπερ
647 5503 706 5559 ἐκ
733 5510 832 5574 τῆς
862 5503 1046 5568 οὐσίας
1080 5507 1246 5578 αὐτῆς
1279 5507 1417 5564 ἐστιν
1469 5515 1505 5583 ἡ
1563 5515 1857 5589 κρινομένη

213 5590 398 5666 ψυχή·
428 5596 545 5658 πῶς
575 5591 630 5648 δὲ
659 5591 1030 5667 κατακρίνεται
1088 5599 1122 5668 ἡ
1184 5599 1259 5672 μή
1320 5599 1576 5666 ἑκουσίως
1631 5603 1857 5681 ἐργασπ.

2051 3291 2120 3343 Μ.
2151 3289 2297 3354 Quia
2321 3288 2617 3343 luminare
2652 3287 2858 3342 mundi
2892 3294 3000 3356 est,
3030 3288 3168 3342 boni
3198 3288 3296 3342 Dei
3329 3287 3622 3360 genitura.

2052 3469 2112 3523 Ο.
2146 3467 2554 3537 Corporeusne
2593 3470 2699 3532 est,
2734 3483 2809 3521 an
2841 3466 3223 3538 incorporeus
3245 3466 3273 3520 ?

2051 3557 2119 3610 M.
2143 3557 2548 3627 Incorporeus.

2051 3647 2112 3700 Ο.
2149 3646 2452 3709 Quomodo
2487 3659 2866 3714 mcorporeus
2898 3643 3285 3714 corporaliter
3315 3644 3624 3698 cernitur?

1981 3736 2243 3802 Namque
2291 3733 2637 3801 incorporea
2671 3741 2868 3786 mente
2916 3732 3407 3802 contemplamur.
3437 3732 3618 3786 solem

1983 3823 2346 3878 sensibiliter
2402 3822 2589 3876 oculis
2651 3830 2706 3876 et
2759 3823 3220 3893 circumscriptis
3278 3823 3622 3893 corporibus

1981 3911 2559 3982 comprehendimus.
2598 3913 2816 3965 Prwter
2834 3929 3009 3982 quam
3026 3912 3182 3982 quod
3207 3919 3373 3965 estne
3396 3911 3622 3982 aliquid

1981 4001 2398 4071 incorporeum
2430 4017 2565 4054 cum
2597 4001 2894 4072 corporeis
2925 4001 3310 4072 qualitatibus
3341 4000 3368 4054 ‘I

2052 4091 2122 4144 M.
2157 4091 2278 4142 Non
2312 4094 2473 4159 puto.

2052 4178 2114 4232 Ο.
2150 4176 2324 4246 Atqui
2381 4176 2469 4230 sol
2521 4194 2836 4247 corporeas
2893 4177 3072 4231 habet
3111 4177 3475 4248 qualitates;
3536 4182 3625 4231 est

1981 4265 2142 4321 enim
2170 4265 2395 4319 calidus
2427 4265 2766 4334 aridusque,
2800 4282 2930 4336 quze
2963 4272 3103 4320 sunt
3133 4283 3444 4337 corporum
3477 4283 3624 4337 qua-

1980 4355 2216 4409 litates:
2253 4353 2540 4424 estigitur
2571 4369 2784 4425 corpus
2835 4355 2940 4408 sol.
2998 4356 3112 4409 Cur
3162 4373 3296 4409 vero
3359 4371 3478 4409 non
3522 4372 3622 4409 vos

1979 4442 2164 4515 pudet
2183 4441 2429 4496 adorare
2482 4459 2615 4496 eum
2648 4459 2822 4513 quem
2850 4443 3046 4498 odisse
3081 4443 3330 4509 debetis,
3363 4444 3502 4515 quia
3525 4460 3624 4498 ve-

1896 4514 1942 4578 D
1975 4514 2095 4587 stro
2119 4531 2376 4602 dogmati
2409 4531 2710 4586 contraria
2753 4531 2895 4587 facit
2922 4531 2950 4586 ‘I

2048 4621 2118 4674 M.
2145 4620 2260 4674 Cur
2291 4619 2590 4674 contraria
2619 4619 2646 4674 *Ρ

2046 4709 2107 4764 Ο.
2141 4708 2287 4774 Quia
2315 4725 2581 4780 corpora,
2621 4725 2752 4778 qua)
2784 4725 2885 4764 vos
2937 4709 3179 4764 malitiaa
3213 4726 3342 4764 esse
3401 4709 3620 4775 dicitis,

1974 4797 2163 4850 nutrit
2189 4803 2248 4850 et
2276 4799 2617 4869 compingit.
2650 4799 2841 4868 Atque
2891 4799 2982 4853 his
3039 4815 3214 4852 nemo
3246 4798 3618 4866 contradicit,

1975 4884 2120 4955 quin
2150 4885 2236 4938 rei
2268 4891 2522 4954 expertas
2555 4891 2860 4958 repugnet.
2897 4888 3016 4941 Hoc
3067 4886 3245 4940 etiam
3297 4886 3442 4943 mihi
3473 4886 3566 4941 dic
3601 4903 3615 4940 :

1966 4971 2264 5042 judicium
2295 4971 2417 5027 fore
2451 4974 2754 5030 conﬁteris
2785 4975 2813 5030 ‘I

2044 5060 2115 5116 M.
2149 5059 2458 5130 Equidem.

2044 5147 2110 5202 Ο.
2143 5147 2282 5213 Quis
2305 5148 2513 5220 judex,
2543 5155 2602 5205 et
2628 5151 2760 5221 quis
2781 5148 3086 5220 judicatus
3111 5149 3139 5205 ?

2044 5257 2115 5313 M.
2148 5257 2382 5314 Iudicat
2409 5259 2603 5316 bonus
2636 5259 2812 5330 Deus,
2837 5259 3144 5332 judicatur
3176 5262 3396 5334 quavis
3415 5263 3618 5320 anima

1971 5347 2286 5416 peccatrix.

2043 5436 2104 5490 Ο.
2140 5437 2314 5507 Atqui
2339 5438 2599 5509 seipsum
2654 5443 2997 5509 peccantem
3030 5441 3431 5512 comperietur
3464 5443 3614 5498 Deus

1971 5523 2203 5594 punire,
2242 5525 2288 5579 si
2320 5531 2476 5580 certe
2510 5542 2578 5580 ex
2610 5526 2817 5581 eadem
2837 5527 3169 5585 substantia
3199 5535 3290 5585 est
3311 5547 3441 5601 quae
3456 5530 3614 5602 judi-

1970 5615 2138 5666 catur
2167 5613 2382 5669 anima.
2407 5617 2520 5671 Cur
2545 5631 2682 5672 vero
2713 5616 3163 5687 condemnatur,
3185 5636 3316 5690 quas
3338 5619 3608 5674 involun-
