3964 6144
362 298 496 389 1331

1884 296 2253 383 mnium.

3617 331 3735 387 i332

359 459 512 515 taria
540 455 765 513 malum
798 458 1041 527 operata
1071 458 1159 509 est
1183 444 1462 509 ?Etenim
1519 449 1873 506 necessitate
1906 464 2009 502 na-

2138 448 2253 521 ,ιένη
2312 453 2373 507 τὸ
2429 454 2666 527 πονηρόν
2704 474 2718 525 ;
2753 454 2993 529 Ἀνάγκη
3035 452 3140 527 γὰρ
3191 453 3401 530 φύσεως
3432 453 3520 508 καὶ
3568 476 3735 530 προαι-

364 554 675 613 turaa,non
706 546 1006 599 voluntate
1040 544 1167 599 ﬁeri
1197 545 1356 599 mala
1376 540 1711 597 dicitis.Sed
1738 539 2020 608 quoniam

364 638 480 693 duo
531 633 825 706 principia
861 650 989 687 esse
1020 632 1238 703 dicitis,
1272 635 1456 686 Deum
1492 648 1558 685 ac
1590 627 1901 683 materiam
1927 644 1940 691 ;
1966 631 2023 678 et

373 728 558 780 Deum
592 723 832 794 quidem
864 722 1111 788 bonum,
1144 722 1455 776 materiam
1489 719 1707 773 malam
1735 733 1748 780 ;
1784 721 1841 768 et
1873 714 2019 767 utri-

367 831 481 885 que
512 818 737 867 naturze
772 815 1110 881 separatum
1152 810 1579 882 propriumque
1642 806 1835 859 locum
1869 803 2015 857 assi-

367 919 546 976 gnare
578 900 907 965 audetis,et
937 899 1083 954 alias
1098 900 1190 952 his
1223 898 1573 953 connectitis
1605 891 2020 961 fabulas,quod

370 1009 584 1063 nempe
615 991 888 1057 materia,
921 989 1053 1043 luce
1089 991 1189 1044 Dei
1219 989 1359 1053 visa,
1382 1004 1579 1042 amore
1610 984 1895 1039 exarserit
1929 986 2019 1035 at-

370 1097 484 1152 que
514 1080 587 1134 ad
620 1078 785 1133 illam
818 1078 1162 1144 accurrerit,
1220 1094 1399 1147 quam
1461 1078 1615 1130 Deus
1665 1087 1916 1126 cernens
1947 1068 2020 1122 ad

366 1174 667 1224 certamen
725 1172 1012 1237 paratam,
1076 1165 1422 1219 substantize
1483 1162 1737 1235 propriae
1788 1163 2015 1229 partem

370 1258 687 1311 dissectam
748 1255 834 1308 illi
893 1253 1169 1325 injecerit
1216 1271 1228 1320 ;
1274 1270 1391 1323 qua
1451 1256 1709 1321 recepta,
1773 1261 2022 1316 corpora

368 1352 582 1402 cuncta
601 1345 805 1417 genuit
826 1343 1104 1409 materia;
1130 1343 1411 1413 quoniam
1435 1341 1613 1413 igitur
1634 1340 1757 1391 haec
1802 1334 2020 1400 dicitis,

368 1436 787 1491 refutationem
820 1433 1056 1487 brevem
1088 1432 1434 1486 eorumdem
1478 1429 1786 1483 faciemus.
1822 1424 2022 1477 Primo

370 1525 549 1596 igitur
579 1521 1001 1595 perpendenda
1042 1525 1131 1574 est
1189 1521 1362 1583 actio,
1425 1525 1623 1572 utrum
1683 1526 2022 1568 consonans

2127 540 2265 613 ρέσει
2294 541 2533 611 γίνεσθαί
2564 565 2694 617 φατε
2723 544 2789 597 τὰ
2818 544 2974 597 κακά’
3036 540 3165 597 ἀλλ’
3222 540 3410 611 ἐπειδὴ
3444 540 3537 597 δύο
3592 544 3735 618 ἀρχὰς

2126 629 2262 682 εἷναί
2290 651 2421 707 φατε
2449 634 2603 705 Θεὸν,
2634 632 2723 686 καὶ
2757 631 2920 699 ὕλην,
2954 633 3042 685 καὶ
3074 633 3167 686 τὸν
3232 633 3323 705 μὲν
3385 632 3511 687 Θεὸν
3546 632 3734 708 ἀγαθὸν,

2122 718 2221 784 τήν
2253 715 2308 772 δὲ
2340 718 2475 789 ὕλην
2518 722 2789 796 πονηρὰν,
2820 720 2911 774 καὶ
2968 721 3165 794 ἑκάστῃ
3226 720 3377 797 φύσει
3428 722 3735 795 κεχωρισμέ-

2122 826 2212 860 νον
2244 807 2333 861 καὶ
2368 805 2642 876 ἰδιάζοντα
2671 809 2837 865 τόπον
2882 810 3156 887 ἀφορίζειν
3211 810 3473 883 τολμᾶτε,
3531 811 3612 864 καὶ
3640 811 3737 865 ἐτέ-

2127 914 2254 969 ρους
2288 893 2344 949 δέ
2374 896 2591 957 τούτοις
2638 896 3019 952 ἐπισυνάπτετε
3054 898 3278 970 μύθους,
3312 898 3395 952 ὅτι
3455 900 3738 971 θεωρήσασα

2124 985 2158 1052 ἡ
2194 982 2298 1053 ὕλη
2331 985 2394 1038 τὸ
2427 990 2542 1061 φῶς
2563 992 2659 1040 τοῦ
2688 992 2841 1059 Θεοῦ,
2877 987 2953 1049 εἷς
3013 986 3188 1059 ἔρωτα
3240 986 3397 1056 ἦλθε,
3431 987 3520 1041 καὶ
3547 986 3741 1061 ὥρμησε

2125 1072 2259 1146 πρὸς
2292 1074 2352 1126 τὸ
2386 1078 2519 1151 φῶς·
2556 1075 2622 1142 ἢν
2659 1071 2791 1129 ἰδὼν
2829 1077 2855 1129 6
2889 1077 3089 1149 ἀγαθὸς
3143 1077 3272 1137 Θεὸς
3330 1077 3468 1151 πρὸς
3529 1075 3740 1146 πόλεμον

2127 1165 2699 1234 παρασκευαζομένην,
2730 1171 2830 1231 τῆς
2877 1164 3077 1226 οἰκείας
3107 1164 3293 1226 οὐσίας
3358 1167 3521 1238 μέρος
3576 1166 3741 1218 ἀποτεο

2131 1248 2271 1320 μὼν,
2304 1245 2536 1305 ἐπέϐαλε
2564 1252 2758 1328 ταύτῃ·
2821 1254 2855 1321 ἢ
2920 1250 2977 1307 δὲ
3035 1248 3281 1307 λαϐοῦσα
3312 1252 3561 1327 ἐγέννησε
3604 1256 3743 1306 πάντα

2127 1339 2469 1411 τὰσώματα·
2524 1339 2638 1394 ἐπεὶ
2698 1338 2786 1394 οὖν
2845 1345 3013 1396 ταῦτά
3070 1362 3224 1419 φατε,
3280 1342 3587 1415 ἀνατροπὴν
3639 1339 3738 1395 τού-

2130 1447 2237 1480 των
2296 1428 2562 1501 σύντομον
2624 1431 2988 1503 ποιησόμεθα.
3050 1435 3273 1504 Πρῶτον
3335 1429 3431 1483 οῦν
3480 1430 3741 1499 ἐξεταστέον

2128 1517 2227 1583 τήν
2260 1516 2475 1590 πρᾶξιν,
2511 1516 2554 1570 εἰ
2586 1518 2933 1592 ἁρμόττουσα
2980 1519 3069 1572 καὶ
3131 1517 3488 1587 κατάλληλός
3543 1518 3643 1571 ἐστι

378 1628 830 1685 congruensque
864 1611 939 1664 sit
960 1610 1061 1663 Dei
1098 1616 1362 1663 naturze:
1393 1606 1607 1663 deinde
1634 1602 1883 1659 actionis
1901 1616 2027 1653 sco-

2138 1602 2288 1681 φύσει
2317 1609 2413 1658 τοῦ
2460 1610 2614 1660 Θεοῦ·
2651 1608 2765 1660 εἶτα
2803 1613 2903 1674 τῆς
2953 1608 3199 1682 πράξεως
3245 1607 3341 1660 τὸν
3395 1606 3608 1661 σκοπόνν
3654 1609 3743 1659 εἶτα

377 1720 486 1773 pus
522 1719 533 1755 :
563 1701 819 1770 denique
854 1698 1010 1753 finis.
1058 1698 1374 1751 Videamus
1406 1697 1607 1765 itaque
1662 1694 1723 1746 in
1755 1691 1874 1745 Deo
1906 1686 2031 1758 pri-

2138 1693 2195 1747 τὸ
2222 1691 2399 1756 τέλος.
2434 1692 2685 1767 Είίδωμεν
2719 1696 2899 1749 τοίνυν
2933 1695 3019 1749 έπὶ
3082 1699 3218 1749 Θεοῦ
3275 1700 3520 1770 πρῶτον,
3575 1695 3614 1749 εἱ
3662 1696 3743 1770 ἁρ-

381 1807 567 1857 mum,
600 1794 799 1843 utrum
833 1789 1201 1858 ejusnaturae
1236 1790 1519 1856 congruat
1542 1781 1841 1855 quodipse
1864 1776 2028 1831 facit.

2140 1781 2322 1853 μόττει
2352 1784 2420 1854 τῇ
2452 1786 2547 1835 τοῦ
2570 1787 2709 1837 Θεοῦ
2743 1783 2894 1860 φύσει
2930 1784 2992 1838 τὸ
3044 1785 3288 1857 πραχθὲν
3352 1784 3443 1838 ὑπ’
3473 1782 3645 1840 αὐτοῦ.
3693 1781 3745 1839 Τί

377 1888 528 1953 Quid
562 1892 650 1941 est
680 1885 1005 1941 secundum
1038 1885 1143 1940 Dei
1175 1890 1449 1939 naturam
1482 1882 1509 1934 ‘I
1566 1883 1785 1948 Nempe
1846 1881 1911 1929 ut
1956 1874 2034 1927 sit

379 1979 702 2041 increatus,
735 1974 1230 2044 incorruptibilis,
1264 1973 1457 2026 bonus
1517 1975 1692 2038 atque
1739 1966 1936 2030 etiam,
1969 1967 2033 2015 ut

380 2084 479 2121 vos
511 2066 709 2119 dicitis
742 2063 1072 2130 Manicbaai,
1098 2069 1163 2116 ut
1194 2063 1253 2115 in
1287 2060 1529 2132 proprio
1589 2058 1716 2110 loco
1776 2058 2031 2108 maneat.

379 2165 555 2234 Atqui
588 2164 766 2225 actio,
802 2163 863 2215 in
925 2166 1119 2214 vestra
1178 2158 1517 2229 hypothesi,
1577 2153 1874 2208 contraria
1930 2152 2031 2203 Dei

382 2258 611 2308 natura;
644 2255 905 2321 apparet.
938 2251 993 2302 Is
1017 2248 1177 2301 enim
1211 2261 1650 2317 quaqueversus
1673 2260 1707 2296 a
1736 2239 2033 2311 praedictis

385 2341 839 2396 damniﬁcatur:
900 2354 1094 2406 neque
1146 2337 1273 2407 jam
1306 2340 1509 2389 manet
1544 2350 1700 2387 unus
1736 2331 2034 2384 increatus

384 2431 603 2485 unicus
624 2428 724 2482 ille
751 2429 1071 2493 Deus,cum
1104 2426 1163 2479 in
1197 2425 1465 2492 duo,imo
1498 2426 1555 2477 et
1585 2420 2037 2492 pluraincreata

391 2520 705 2575 dividatur.
739 2520 939 2587 Neque
967 2516 1347 2585 incorruptus
1402 2516 1691 2575 remanet,
1714 2514 1916 2579 utpote
1948 2507 2036 2561 di-

388 2610 568 2663 visus.
602 2610 851 2677 Insuper
880 2622 953 2660 ne
985 2604 1175 2658 bonus
1221 2602 1459 2673 quidem
1496 2618 1507 2654 :
1561 2598 1853 2671 quomodo
1879 2597 2036 2650 enim

390 2698 581 2753 bonus
614 2696 709 2761 sit,
745 2695 844 2765 qui
879 2694 1141 2763 seipsum
1160 2691 1390 2757 odiens,
1424 2696 1653 2761 partem
1715 2688 1803 2741 sui
1849 2685 2033 2739 hosti-

390 2786 500 2840 bus
532 2783 1020 2855 prodit?Bursus
1054 2780 1352 2851 quomodo
1406 2779 1481 2833 sit
1528 2779 1740 2840 bonus,
1774 2774 1914 2829 dum
1947 2789 2038 2826 se—

390 2876 583 2945 ipsum
616 2872 855 2942 quidem
886 2870 1101 2924 liberat
1152 2870 1213 2923 in
1274 2867 1481 2922 mundi
1531 2866 1777 2934 factura,
1806 2878 2035 2916 verum-

389 2969 588 3019 tamen
621 2961 695 3015 ad
718 2961 803 3014 rei
834 2959 1001 3013 factaa
1032 2958 1357 3029 perniciem
1385 2956 1442 3009 id
1469 2955 1652 3009 efﬁcit
1676 2952 1825 3007 ?Sed
1843 2966 2039 3019 neque

390 3051 632 3124 proprio
666 3050 727 3102 in
751 3049 877 3103 loco
909 3063 1152 3119 prorsus
1178 3046 1437 3117 perstitit
1463 3062 1474 3111 ;
1510 3044 1728 3098 etenim
1754 3058 1888 3112 pars
1913 3038 2035 3109 ejus

2147 3037 2405 3114 Δεύτερον
2442 3042 2703 3111 ζητητέον
2744 3042 2793 3097 εἷ’
2821 3047 2899 3114 τῷ
2960 3047 3146 3115 σκοπῷ
3204 3043 3510 3105 ἀκόλουθός
3557 3039 3673 3095 ἐστιν
3716 3038 3738 3104 ἡ

388 3141 461 3196 ad
483 3140 745 3194 materiai
764 3139 960 3191 locum
979 3133 1591 3191 transilivit.Secundo
1616 3133 1742 3186 loco
1767 3144 2035 3199 quarren-

2154 3128 2365 3201 πρᾶξις.
2398 3129 2489 3193 Τίς
2514 3131 2605 3184 οὗν
2664 3133 2689 3185 6
2752 3131 3209 3201 σκοπόςςΔῆλον
3263 3133 3349 3187 ’ὁτι
3407 3136 3439 3202 ἡ
3498 3133 3631 3200 νίκη·
3659 3126 3742 3181 δεί-

392 3230 532 3285 dum
564 3234 878 3293 est,utrum
902 3227 1054 3281 actio
1088 3225 1294 3279 tendat
1323 3224 1393 3279 ad
1429 3240 1671 3294 scopum
1704 3198 1873 3277 :nam
1890 3223 2035 3273 certe

2157 3236 2341 3270 κνυται
2374 3214 2429 3271 δὲ
2459 3218 2546 3273 καὶ
2570 3219 2619 3274 ἐν
2664 3224 2741 3291 τῷ
2776 3225 2963 3293 σκοπῷ
3020 3219 3257 3276 ἐναντίον
3319 3217 3519 3295 ἔχουσα
3566 3222 3596 3287 ἡ
3638 3220 3739 3290 πρὶ-

393 3323 555 3389 patet
585 3333 709 3371 rem
736 3315 965 3370 unitam
997 3315 1304 3368 fortiorem
1345 3328 1474 3367 esse
1506 3310 1772 3382 partibus
1795 3309 1917 3363 suis
1942 3325 1955 3374 ;
1992 3320 2035 3366 et

2159 3304 2259 3374 ξις·
2323 3303 2491 3374 δῆλον
2541 3309 2641 3383 γὰρ
2699 3309 2780 3363 ’ὁτι
2840 3309 3232 3382 ὁεὴνωμένος,
3292 3314 3390 3365 τοῦ
3454 3308 3740 3382 μερισθέντος

396 3407 547 3461 109
570 3421 703 3459 eum
728 3404 827 3474 qui
861 3404 922 3457 in
955 3403 1198 3474 propria
1218 3407 1433 3456 natura
1449 3398 2035 3471 perstat,validiorem

2157 3392 2531 3469 ἰσχυρότερος·
2564 3396 2654 3450 καὶ
2688 3398 2714 3451 6
2740 3399 2875 3451 κατά
2906 3404 3082 3475 φύσιν,
3112 3403 3207 3452 τοῦ
3256 3399 3405 3473 παρὰ
3451 3398 3590 3474 φύσιν
3639 3412 3737 3466 19a-

400 3495 504 3550 illo
536 3509 664 3549 esse
687 3492 787 3563 qui
820 3510 890 3547 ex
912 3508 1019 3547 sua
1040 3496 1252 3545 natura
1281 3489 1461 3544 fuerit
1481 3488 1847 3543 demutatus:
1873 3486 2035 3540 deni-

2153 3485 2339 3546 πέντος
2372 3484 2760 3561 δυνατώτερος’
2792 3488 2880 3541 καὶ
2914 3489 2940 3542 6
2989 3487 3038 3541 έν
3106 3489 3183 3559 τῴ
3216 3486 3343 3560 ἰδίῳ
3392 3486 3537 3558 τόπῳ
3583 3482 3734 3558 μένων,

405 3600 518 3655 que
550 3583 650 3655 qui
684 3581 921 3654 propria
942 3581 1002 3635 in
1018 3580 1155 3635 sede
1188 3584 1409 3645 manet,
1436 3576 1877 3632 ﬂrmioremillo
1893 3592 2035 3645 esse,

2152 3578 2246 3626 τοῦ
2280 3574 2673 3646 μεταπεσόντος
2702 3575 2775 3637 εἷς
2798 3573 2979 3649 ἕτερον
3010 3577 3197 3632 τόπον.
3240 3578 3309 3633 Τί
3342 3576 3430 3631 οῦν
3486 3572 3732 3629 ἀκόλουθον

404 3684 501 3753 qui
521 3681 594 3737 ad
625 3681 803 3736 aliam
825 3678 1146 3734 translatus
1180 3674 1533 3741 fuerit.Quid
1558 3692 1693 3746 ergo
1719 3690 2043 3745 congruum

400 3771 878 3840 conveniensque
910 3785 1087 3839 scopo
1121 3767 1258 3822 est?
1287 3769 1505 3837 Nempe
1533 3764 1713 3818 robur
1741 3780 1911 3817 suum
1935 3781 2040 3834 po—

401 3861 517 3914 tius
549 3875 918 3925 conservare,
945 3874 1123 3927 quam
1155 3853 1538 3910 distrahendo
1573 3853 1869 3906 inﬁrmius
1916 3853 2044 3907 red-

402 3948 561 4003 dere.
596 3946 915 4000 Videamus
938 3950 991 3999 et
1027 3944 1287 4010 tertium,
1343 3948 1541 3996 utrum
1591 3957 1805 4009 nempe
1864 3956 2040 4010 scopo

403 4038 553 4092 actio
585 4034 960 4106 respondeat.
995 4034 1325 4096 Quamnam
1366 4031 1543 4101 igitur
1592 4028 1829 4081 ﬁnalem
1862 4027 2036 4081 victo-

400 4126 505 4180 riae
537 4126 860 4179 utilitatem
891 4138 1021 4177 esse
1055 4121 1250 4175 dicitis
1272 4120 1299 4173 ‘.’
1329 4121 1492 4171 Certe
1526 4123 1627 4171 aut
1648 4117 1919 4170 essentia:
1936 4117 2037 4170 Dei

397 4214 907 4269 conservationem
966 4228 1094 4265 esse
1127 4210 1239 4263 die.
1266 4210 1355 4261 Iis.
1394 4214 1493 4261 aut
1539 4224 1607 4259 ne
1640 4204 1877 4276 proprio
1909 4205 2037 4259 loco

398 4303 731 4368 decederet,
756 4305 859 4355 aut
886 4304 951 4353 ut
981 4299 1373 4353 destrueretm
1419 4296 1664 4349 materia
1692 4294 1779 4347 vel
1812 4295 1872 4347 in
1915 4311 2038 4348 me-

395 4392 511 4447 lius
544 4393 1002 4447 converteretur.
1020 4391 1295 4441 Attamen
1321 4384 1621 4439 contraria
1643 4384 1737 4437 his
1761 4389 2035 4453 reputare

2144 4386 2303 4434 νοεῖν.
2347 4376 2483 4437 Οῧτε
2513 4382 2615 4456 γὰρ
2639 4384 2672 4451 ἡ
2699 4382 2947 4444 σύστασις
2977 4387 3073 4437 τοῦ
3105 4387 3237 4437 Θεοῦ
3287 4383 3339 4437 ἐν
3384 4387 3457 4453 τῷ
3501 4377 3619 4433 κατὰ
3644 4372 3716 4451 οὗ·

392 4483 543 4536 actio
574 4480 801 4534 suadet.
839 4480 979 4531 Nam
1013 4492 1206 4547 neque
1238 4474 1341 4528 Dei
1391 4473 1651 4527 essentia
1702 4473 1762 4524 in
1795 4488 1900 4525 sua
1932 4490 2033 4526 na-

2146 4490 2225 4523 σιν
2261 4467 2514 4541 διέμεινε,
2546 4467 2907 4546 προδοθέντος
2934 4476 3028 4525 τοῦ
3054 4473 3268 4546 μέρουςσ
3334 4472 3450 4526 οὕτε
3478 4475 3509 4539 ἡ
3556 4464 3716 4521 ἐλευθε-

388 4575 516 4624 tura
556 4566 835 4638 perstitit,
883 4570 1047 4635 parte
1107 4562 1419 4632 projecta;
1484 4575 1679 4629 neque
1728 4558 2035 4613 incolumis

2149 4557 2258 4629 ρία,
2291 4556 2575 4613 ἐδούλευσε
2605 4560 2706 4633 γὰρ
2736 4563 2806 4632 τῇ
2843 4560 3044 4633 γενέσει
3096 4565 3193 4615 τοῦ
3224 4556 3451 4633 κόσμου,
3506 4557 3550 4626 ἐξ
3578 4552 3717 4609 ἑαυτοῦ

392 4658 635 4713 libertas
670 4656 802 4724 fuit,
835 4652 1044 4708 mundi
1104 4651 1263 4704 enim
1321 4648 1591 4702 inserviit
1646 4647 2034 4718 generationi,

2152 4647 2312 4721 μέρος
2344 4652 2459 4709 τοῖς
2489 4644 2974 4722 δημιουργηθεῖσιν
3007 4646 3193 4709 ἐνθείς·
3228 4648 3350 4703 οὕτε
3382 4646 3435 4702 δέ
3482 4647 3527 4700 έν
3554 4647 3620 4712 τῷ
3656 4637 3716 4689 οἰ-

384 4763 612 4828 partem
672 4755 763 4809 sui
798 4749 1087 4807 creaturis
1114 4747 1463 4817 impertiens
1498 4762 1509 4800 :
1547 4760 1743 4814 neque
1802 4744 2039 4798 demum

383 4847 442 4900 in
479 4844 715 4917 proprio
741 4858 803 4896 se
838 4837 1137 4895 continuit
1162 4836 1313 4902 loco,
1345 4840 1509 4905 parte
1535 4833 1720 4904 ipsius
1748 4832 1821 4887 ad
1852 4839 2038 4887 mate-

383 4935 535 4989 riam
564 4931 872 4987 translata.
912 4930 1110 4997 Neque
1142 4923 1404 4978 materia:
1464 4928 1677 4977 natura
1732 4928 2037 4993 perempta

383 5022 496 5077 fuit
533 5026 633 5075 aut
663 5024 927 5072 mutata:
962 5013 1183 5069 mansit
1214 5012 1373 5065 enim
1433 5010 1722 5087 quidquid
1781 5015 1907 5064 erat
1962 5010 2033 5065 ab

386 5112 556 5167 initio
588 5106 1055 5163 indemutabile:
1094 5104 1175 5158 ita
1204 5107 1271 5156 ut
1300 5118 1447 5156 vana
1496 5117 1936 5171 quaqueversus
1968 5117 2034 5155 ac

378 5202 540 5257 fatua
572 5202 855 5268 appareat
880 5196 1005 5249 bmc
1037 5211 1167 5263 quae
1201 5209 1233 5246 a
1265 5191 1424 5245 vobis
1457 5189 1667 5243 fabulae
1714 5190 1901 5243 instar
1922 5189 2031 5259 hy-

377 5291 519 5365 poth
536 5288 652 5343 esis
680 5285 973 5339 fabricata
1004 5289 1110 5336 est.
1146 5282 1305 5334 Licet
1328 5296 1461 5333 vero
1493 5279 1668 5331 etiam
1720 5296 1787 5331 ex
1822 5294 2035 5347 opera-

380 5378 665 5439 tionibus,
702 5381 759 5429 et
791 5390 857 5427 ex
889 5386 1088 5435 causa,
1124 5375 1180 5421 et
1210 5386 1277 5423 ex
1327 5368 1493 5432 locis,
1528 5384 1673 5436 quos
1718 5366 2031 5437 subjunge-

382 5486 536 5533 mus,
595 5468 803 5519 vestrm
860 5458 1318 5529 irreligiositatis
1377 5455 1803 5511 absurditatem
1871 5472 2030 5508 coar-

382 5574 579 5632 guere.
600 5557 679 5609 Ex
706 5549 1047 5623 operatione
1081 5545 1319 5615 quidem
1344 5546 1425 5600 sic
1443 5544 1706 5599 funditus
1726 5542 2022 5598 evertitur.

380 5650 436 5705 Si
470 5644 779 5704 contraria:
812 5644 951 5697 sunt
982 5641 1230 5702 naturaa,
1265 5634 1560 5689 contraria
1590 5650 1823 5704 quoque
1880 5648 2022 5704 ope-

2136 1878 2317 1933 τοίνυν
2346 1879 2480 1933 κατᾶ
2514 1880 2669 1956 φύσιν
2700 1879 2809 1935 ἐστὶ
2839 1886 2918 1953 τῷ
2951 1886 3065 1952 Θεῷ
3101 1901 3113 1950 ;
3148 1879 3425 1951 Δηλονότι
3479 1882 3538 1935 τὸ
3590 1880 3746 1954 ἀγένη-

2136 1988 2227 2021 τον
2262 1969 2351 2020 καὶ
2382 1968 2445 2021 τὸ
2468 1966 2875 2045 ἄφθαρτον,καὶ
2919 1972 2981 2023 τὸ
3042 1970 3267 2044 ἀγαθὸν,
3321 1970 3410 2025 καὶ
3470 1970 3580 2024 καθ’
3634 1970 3745 2039 ὑμᾶς

2141 2058 2507 2127 Μανιχαίους,
2541 2058 2628 2111 καὶ
2661 2057 2713 2113 ἐν
2744 2064 2821 2130 τῷ
2862 2058 3050 2131 οἰκείῳ
3083 2064 3264 2132 μεῖναι
3322 2058 3497 2132 τόπῳ.
3557 2058 3689 2114 Ἀλλ’
3719 2060 3743 2124 ἡ

2139 2157 2331 2227 πρᾶξις
2388 2155 2523 2209 κατᾶ
2580 2156 2680 2223 τὴν
2746 2158 2901 2228 ὑμῶν
2964 2157 3215 2220 ὑπόθεσιν
3267 2156 3484 2211 ἐναντία
3534 2159 3596 2229 τῇ
3625 2154 3743 2229 φύσει

2141 2239 2434 2296 δείκνυται’
2487 2244 2808 2316 λυμαίνεται
2894 2247 2996 2320 γὰρ
3077 2252 3207 2301 πᾶσι
3286 2252 3409 2307 τοῖς
3459 2243 3743 2318 εἰρημένοις·

2141 2331 2264 2385 οὕτε
2294 2332 2393 2405 γὰρ
2430 2334 2506 2393 εἷς
2559 2332 2816 2407 ἀγένητος
2878 2333 3116 2405 διαμένει
3164 2334 3191 2387 6
3241 2335 3320 2397 εἷς
3383 2333 3573 2407 ἀγαθὸς
3621 2332 3741 2400 Θεὸς,

2140 2421 2264 2474 ’ὁταν
2301 2420 2375 2481 εἷς
2410 2420 2507 2475 δύο
2557 2423 2591 2489 ἢ
2652 2424 2742 2476 καὶ
2802 2420 2976 2476 πλείω
3037 2418 3267 2498 ἀγένητα
3324 2420 3585 2496 διαιρεθῇ.
3636 2418 3742 2476 Οῧτε

2140 2508 2359 2582 ἀγαθός’
2390 2514 2496 2563 ποῦ
2545 2512 2643 2583 γὰρ
2677 2510 2874 2585 ἀγαθὸς
2935 2512 2962 2566 ὁ
3021 2511 3205 2565 ἑαυτὸν
3262 2510 3552 2585 ἰχθράνας,
3599 2510 3623 2563 6
3669 2506 3740 2580 μὲ-

2143 2619 2235 2672 ρος
2267 2618 2317 2652 τι
2351 2600 2540 2653 ἑαυτοῦ
2574 2599 2823 2674 προδοὺς
2848 2606 2966 2664 τοῖς
2989 2600 3283 2673 πολεμίοις
3314 2620 3328 2669 ;
3364 2606 3475 2655 Ποῦ
3507 2598 3549 2654 δ’
3600 2601 3649 2653 ἄν
3677 2597 3737 2664 εἴη

2143 2686 2366 2760 ἀγαθὸς,
2400 2689 2585 2743 ἑαυτὸν
2626 2691 2718 2761 μὶν
2777 2687 3073 2763 ἐλευθερῶν
3130 2688 3219 2743 διὰ
3274 2696 3377 2758 τῆς
3434 2693 3526 2743 τοῦ
3575 2686 3739 2759 κόσμου

2143 2778 2452 2844 ποιήσεως,
2484 2775 2565 2830 ἐπ’
2589 2776 2801 2851 ὀλέθρῳ
2843 2776 2899 2832 δὲ
2930 2782 3035 2832 τῶν
3069 2778 3587 2852 δημιουργηθέντων
3612 2779 3738 2829 τοῦτο

2143 2867 2318 2916 ποιῶν
2354 2884 2366 2932 ;
2401 2863 2527 2919 ἀλλ’
2554 2864 2675 2919 οὕτε
2705 2865 2754 2920 ἐν
2790 2866 2973 2937 οἰκείῳ
3003 2866 3157 2939 τόπῳ
3218 2865 3458 2940 διέμεινε
3486 2864 3739 2927 παντελῶς,

2150 2951 2406 3021 μετέπεσε
2432 2954 2531 3025 γὰρ
2558 2951 2721 3007 αὺτοῦ
2759 2956 2922 3028 μέρος
2982 2954 3067 3008 ἐπὶ
3121 2956 3210 3009 τὸν
3252 2956 3424 3009 τόπον
3476 2961 3567 3023 τῆς
3620 2950 3738 3018 ὕλης·

2152 3671 2239 3726 καὶ
2263 3670 2543 3747 πρεπῶδες
2565 3676 2643 3743 τῷ
2674 3678 2861 3745 σκοπῷ
2893 3696 2906 3744 ;
2933 3677 3167 3747 τηρῆσαι
3201 3673 3417 3746 μᾶλλον
3447 3675 3538 3741 τὴν
3588 3666 3733 3741 ἴσχὺνν

2150 3760 2238 3814 καὶ
2272 3762 2346 3832 μή
2370 3765 2437 3833 τῇ
2472 3758 2741 3815 διαστάσει
2772 3762 3148 3835 ἀσθενεστέραν
3207 3764 3407 3833 ταύτην
3464 3764 3638 3815 ποιεῖν.
3664 3754 3732 3810 Εἲ-

2152 3850 2329 3921 δωμεν
2372 3846 2429 3903 δῖε
2459 3850 2629 3904 καὶτὸ
2653 3849 2832 3923 τρίτον
2864 3850 2912 3904 εἴ
2939 3849 3296 3922 κατάλληλος
3318 3857 3396 3923 τῷ
3425 3849 3556 3905 τέλει
3584 3847 3731 3919 ἡττρᾶ-

2149 3940 2248 4009 ξις.
2284 3938 2351 3994 Τί
2384 3940 2473 3992 οὗν
2504 3938 2566 3993 τὸ
2597 3938 2655 3993 ἐκ
2681 3947 2783 4008 τῆς
2812 3938 2968 4009 νίκης
2995 3940 3153 4003 τέλος
3202 3940 3337 4012 φατέ
3366 3960 3378 4007 ;
3437 3939 3469 4007 ἢ
3521 3936 3609 4011 γὰρ
3654 3932 3729 3998 τὴν

2150 4025 2395 4102 φυλακην
2426 4034 2524 4095 τῆς
2558 4030 2859 4090 συστάσεως
2892 4033 2989 4082 τοῦ
3020 4034 3152 4083 Θεοῦ
3202 4029 3377 4102 ἐρεῖτε
3421 4016 3729 4089 παντελῶςνῆ

2145 4116 2244 4182 την
2279 4115 2580 4189 ἐλευθερίαν
2614 4114 2649 4184 ἤ
2681 4117 2742 4170 τὸ
2759 4120 2859 4170 τοῦ
2892 4116 3093 4171 οἰκείου
3125 4117 3298 4171 τόπου
3333 4114 3406 4191 μὴ
3436 4119 3725 4188 μεταστῆναι,

2146 4204 2180 4272 ἢ
2217 4201 2306 4256 ἵνα
2337 4204 2589 4277 ἀναιρεθῇ
2612 4207 2645 4273 ἡ
2680 4204 2809 4273 ὕλη,
2843 4206 2877 4273 ἢ
2907 4203 2999 4259 ’ίνα
3033 4201 3355 4279 μεταϐληθῇ
3388 4206 3469 4259 ἐπὶ
3498 4204 3552 4257 τὸ
3583 4202 3723 4274 κρεῖτ-

2143 4311 2253 4345 τον·
2289 4290 2414 4345 ἀλλ’
2452 4294 2485 4361 ἡ
2541 4296 2731 4367 πρᾶξις
2781 4293 2844 4347 τὸ
2904 4291 3142 4347 ἐναντίον
3191 4294 3409 4355 τούτοις
3463 4285 3720 4365 ὑπαγορεύει

2144 4742 2277 4816 κείῳ
2302 4741 2537 4815 διέμεινε
2561 4746 2736 4816 τόπῳ,
2766 4744 3121 4818 μεταστάντος
3149 4751 3246 4800 τοῦ
3280 4748 3473 4822 μέρους
3529 4742 3602 4797 ἐπὶ
3645 4737 3713 4801 τὴν

2146 4831 2306 4903 ὕλην,
2341 4830 2477 4889 Οῧτε
2510 4832 2566 4887 δὲ
2587 4836 2620 4902 ἡ
2655 4832 2810 4906 φύσις
2834 4841 2933 4903 τῆς
2962 4834 3099 4904 ὕλης
3121 4834 3349 4911 ἀνῃρέθη
3381 4832 3416 4903 ἤ
3442 4825 3711 4905 μετεϐλήθη

2145 4917 2323 4995 ἔμεινε
2351 4923 2451 4997 γὰρ
2486 4922 2515 4975 ὅ
2545 4924 2609 4991 ἦν
2635 4923 2685 4992 ἐξ
2717 4924 2897 4997 ἀρχῆς
2954 4923 3378 4998 ἀμετάτρεπτον·
3423 4922 3489 4983 ὥς
3522 4939 3574 4994 γε
3616 4934 3711 4988 μαν-

2142 5010 2372 5084 ταχόΟεν
2408 5008 2581 5065 ἕωλον
2635 5011 2722 5065 καὶ
2784 5016 2969 5082 μωρὰν
3020 5010 3322 5066 δείκνυσθαι
3351 5012 3447 5078 τήν
3498 5004 3708 5077 ὑπόθεσιν,

2143 5099 2208 5167 ἣν
2247 5097 2675 5171 μυθολογοῦντες
2734 5101 3078 5169 συνεθήκατε,
3138 5094 3247 5153 ἔστι
3307 5096 3363 5152 δὲ
3415 5096 3497 5151 καὶ
3549 5091 3598 5143 έκ
3634 5088 3710 5140 τῶν

2142 5185 2419 5261 ἐνεργειῶν
2452 5188 2541 5241 καὶ
2570 5193 2669 5255 τῆς
2702 5185 2877 5247 αίτίας
2909 5186 3011 5240 κᾶκ
3039 5192 3144 5240 τῶν
3181 5189 3378 5252 τόπων,
3412 5185 3479 5237 ὧν
3512 5176 3706 5236 ὑποτίθε-

2145 5297 2259 5346 μεν,
2291 5283 2388 5345 τῆς
2424 5270 2668 5336 ἀσεϐείας
2714 5276 2867 5347 ὑμῶν
2927 5274 3136 5349 ἐλέγξαι
3176 5277 3238 5329 τὸ
3290 5275 3499 5328 ἄτοπον.
3538 5268 3613 5323 Ἐγ
3641 5261 3707 5333 μὲν

2140 5364 2231 5419 οῦν
2261 5372 2361 5433 τῆς
2409 5364 2678 5439 ἐνεργείας
2728 5364 3133 5438 ἀνατρεπτικῶς
3182 5363 3371 5424 οὕτως.
3427 5359 3485 5416 Εἰ
3530 5347 3702 5410 ἐναντίαι

2137 5454 2191 5507 αἱ
2214 5453 2419 5530 φύσεις,
2453 5452 2663 5506 ἐναντία
2693 5450 2782 5505 καὶ
2838 5449 3096 5526 ἐνέργεια.
3150 5451 3215 5507 Εἴ
3271 5452 3358 5504 οὖν
3406 5451 3437 5516 ἡ
3492 5447 3572 5500 τοῦ
3610 5435 3705 5492 Θεοῦ

2141 5520 2377 5615 ἐνέργεια
2403 5520 2665 5611 ποιητικὴ
2702 5520 3084 5613 ὁμολογεῖται,
3134 5542 3168 5609 ἡ
3192 5546 3287 5608 τῆς
3339 5535 3468 5606 ὕλης
3490 5520 3700 5615 παθηξικῆ

2125 5630 2292 5685 ἔσται’
2324 5630 2367 5685 εί
2404 5628 2461 5685 δὲ
2490 5633 2671 5701 τοῦτο,
2714 5629 2991 5684 ὑπόκειται
3052 5627 3154 5704 ἂρα
3200 5626 3275 5702 τῷ
3330 5629 3440 5697 Θεῷ
3492 5618 3567 5676 καί
3613 5611 3701 5668 δου·
