3964 6144
284 301 425 362 1333

1053 305 1356 362 JOANNIS
1390 301 1802 359 ORTHODOXI
1839 299 1913 354 DI

2024 296 2274 353 ΤΤΔΤΙΟ
2309 298 2464 354 CUM
2501 296 2914 355 MANICHEO.

3547 298 3688 356 1334

272 428 441 485 λεύειο
475 428 576 484 οὐκ
604 427 705 503 ἄρα
756 426 1018 502 ἆγένητός
1075 426 1236 482 ἐστιν·
1284 423 1471 487 ἄλλῶς
1499 445 1558 479 τε
1588 421 1645 478 δὶ
1668 420 1704 491 ἥ
1736 423 1790 476 αἱ
1823 418 1913 476 δύο

2041 421 2212 477 ratio.
2247 421 2303 477 Si
2331 438 2466 494 ergo
2515 422 2619 478 Dei
2668 422 3075 493 operationem
3124 423 3372 479 activam
3404 423 3681 492 fatemur,

275 522 552 588 ποιοῦσιν,
585 517 620 586 ἢ
675 517 730 572 αἱ
789 515 884 571 δύο
942 515 1270 590 πάσχουσιν,
1304 516 1339 583 ἢ
1390 517 1424 584 ἡ
1461 514 1554 586 μὲν
1595 516 1764 579 ποιεῖ,
1797 512 1832 578 ἢ
1865 506 1924 564 δὲ

277 609 498 682 πάσχει,
531 606 567 675 ἢ
599 606 754 660 αὑταὶ
795 605 1075 680 πάσχουσι
1129 604 1219 658 καὶ
1268 608 1534 658 ποιοῦσιν·
1586 599 1713 656 ἀλλ’
1751 599 1800 654 εἷ’
1831 599 1924 671 μὶν

277 695 335 751 αἶ’
357 694 452 750 δύο
483 700 730 762 ποιοῦσι,
789 694 903 758 θεοὶ
960 691 1190 761 ἔσονται,
1248 692 1302 748 εἷ’
1352 713 1415 767 γε
1470 692 1530 746 τὸ
1582 694 1757 745 ποιεῖν
1789 691 1924 744 Θεοῦ

284 784 484 858 μελέτη
529 786 606 855 (1)
648 782 738 838 καὶ
797 781 935 852 ὕλης
989 781 1334 844 ἐπινοεῖςθαυ
1376 782 1423 836 εἰ
1481 778 1538 835 δὲ
1591 781 1920 853 ποέσχουσιν

280 873 603 950 ἀμφότεραι,
635 869 804 926 ἄλλαι
843 864 1054 924 ἔσονται
1103 870 1158 925 αἰ
1208 867 1324 941 δύο,
1355 870 1444 924 καὶ
1485 867 1665 944 ἕτερος
1701 870 1728 922 6
1757 887 1920 936 ποιη-

277 963 373 1029 τής
406 962 790 1030 ζητηθήσεται.
824 960 890 1015 Εἰ
948 958 1006 1014 δὲ
1057 962 1092 1028 ἡ
1147 959 1243 1031 μὶν
1275 960 1497 1033 πάσχει,
1529 961 1564 1026 ἠ
1599 955 1656 1011 δὲ
1686 960 1851 1010 ποιεῖ·
1885 956 1920 1024 ἠ

280 1049 373 1122 μὲν
423 1052 714 1123 πάσχουσα
765 1049 990 1122 γενητή,
1016 1051 1052 1117 ἡ
1085 1045 1144 1102 δὲ
1195 1051 1426 1102 ποιοῦσα
1477 1047 1751 1118 ἀγένητος
1786 1043 1831 1098 εἰ
1866 1041 1923 1097 δὶ

274 1138 328 1192 αἱ
357 1135 452 1192 δύο
484 1139 758 1212 πάσχουσι
807 1137 897 1190 καὶ
945 1140 1185 1205 ποιοῦσι,
1231 1137 1361 1190 καθὸ
1413 1136 1506 1208 μὶν
1539 1137 1777 1200 ποιοῦσι,
1811 1131 1922 1194 θεοὶ

273 1225 506 1294 ἔσονται,
538 1226 674 1290 καθὸ
706 1225 763 1280 δέ
795 1226 1122 1300 πάσχουσιν,
1172 1223 1319 1279 ὕλαι·
1362 1225 1417 1279 αἱ
1465 1221 1617 1278 αὑταὶ
1649 1219 1739 1276 οὖν
1773 1218 1922 1274 ἔσον-

273 1335 360 1370 ται
410 1314 522 1368 Θεοὶ
577 1313 668 1368 καὶ
725 1313 872 1385 ὕλαι,
930 1312 1150 1386 γενηταὶ
1207 1312 1296 1366 καὶ
1346 1311 1620 1386 ἆγένητοι.
1671 1311 1774 1366 Κδιν
1821 1311 1921 1372 τῆς

276 1402 455 1465 αἰτίας
487 1400 545 1456 δὲ
575 1401 791 1478 ἐλέγχει
820 1405 981 1456 τοῦτο
1015 1401 1176 1473 ὑμᾶς·
1234 1402 1287 1455 τί
1346 1401 1408 1456 τὸ
1458 1398 1630 1454 αἴτιον
1661 1402 1757 1452 τοῦ
1789 1398 1920 1452 εἶναι

275 1493 374 1562 τὴν
407 1491 545 1564 ὕλην
576 1494 746 1562 κακὴν
782 1491 1148 1564 ὑποτίθεμεν;
1209 1497 1278 1546 ’Ή
1334 1491 1437 1564 γὰρ
1483 1487 1624 1544 διότι
1662 1487 1922 1562 ἀγένητος

276 1583 364 1638 καὶ
403 1583 576 1657 ἀρχὴ,
625 1583 661 1652 ἢ
713 1579 853 1635 διότι
903 1578 1034 1649 ὕλη,
1080 1579 1116 1649 ἢ
1166 1578 1304 1635 διότι
1337 1584 1518 1652 σῶμα,
1547 1575 1583 1647 ἤ
1617 1575 1755 1633 διότι
1788 1575 1924 1632 διαι-

277 1677 449 1746 ρεῖται
478 1671 566 1726 καὶ
621 1665 1058 1743 μεταϐάλλεταις
1112 1666 1268 1727 ’Λλλ’
1293 1669 1340 1724 εἷ
1375 1669 1470 1742 μὲν
1517 1665 1654 1722 διότι
1687 1667 1775 1722 καὶ
1806 1667 1922 1740 ἀγέ-

274 1781 438 1831 νητος
463 1761 552 1814 καὶ
586 1759 754 1834 ἀρχὴ,
797 1759 884 1814 καὶ
921 1761 948 1813 6
979 1759 1108 1821 Θεὸς
1150 1762 1417 1819 τοιοῦτος·
1451 1756 1497 1811 εἰ
1529 1755 1586 1811 δὲ
1617 1754 1763 1847 διότι
1787 1754 1917 1826 ὕλη,
1950 1783 1996 1847 Β

273 1849 378 1920 ὅλη
413 1848 470 1905 δὶ
496 1849 946 1924 προσαγορεύεται
999 1847 1087 1904 διὰ
1131 1849 1193 1904 τὸ
1245 1849 1561 1911 ὑποκεῖσθαι
1607 1845 1680 1908 εἷς
1711 1845 1914 1919 ¹γένεσιν

271 1943 378 1992 τῶν
404 1939 454 2008 ἐξ
485 1937 672 2006 αὐτῆς,
705 1934 794 1991 διὰ
820 1941 981 1991 τοῦτο
1011 1936 1146 1991 κατὰ
1195 1937 1294 2004 τήν
1340 1935 1506 2003 αὐτὴν
1539 1934 1787 1989 ὑπόθεσιν
1820 1933 1920 1988 οὐκ

271 2026 466 2102 ἀγαθὸς
521 2027 548 2080 6
602 2026 754 2086 Θεόςο
818 2026 1098 2080 ὑπόκειται
1168 2023 1270 2098 γὰρ
1327 2023 1402 2084 εἰς
1449 2022 1654 2097 γένεσιν
1708 2025 1814 2074 τῶν
1865 2021 1915 2092 ἐξ

268 2114 431 2168 αὐτοῦ
461 2117 652 2189 ψυχῶν
710 2115 800 2168 καὶ
857 2112 1124 2188 ἀγγέλων,
1187 2113 1260 2173 ὡς
1316 2111 1472 2184 ὑμεῖς
1525 2111 1914 2184 οἷ’Μανιχαῖοι

272 2200 647 2278 δογματίζετε.
682 2201 748 2258 Εἴ
779 2198 836 2255 δὲ
862 2199 1003 2257 διότι
1059 2205 1238 2272 σῶμα,
1294 2200 1424 2274 οὐχί
1478 2199 1612 2267 αὐτή
1647 2197 1792 2251 αἰτία
1819 2195 1916 2251 τοῦ

275 2290 408 2346 εἶναι
442 2295 622 2362 σῶμα,
652 2287 780 2343 ἀλλ’
812 2289 839 2343 6
871 2287 1018 2348 Θεός’
1052 2285 1105 2342 εἷ’
1154 2307 1217 2360 γε
1246 2285 1352 2360 πρὸ
1382 2289 1478 2339 τοῦ
1509 2279 1804 2357 ἐμϐάλλειν
1853 2284 1916 2337 τὸ

273 2379 322 2453 ἐξ
351 2379 516 2434 αὐτοῦ
551 2379 714 2451 μέρος
741 2381 809 2450 τῇ
844 2376 972 2450 ὕλῃ,
1034 2377 1136 2430 οὐκ
1165 2375 1232 2444 ἦν
1279 2379 1458 2446 σῶμα·
1496 2374 1540 2428 εἰ
1582 2371 1638 2427 δὲ
1666 2371 1806 2426 διότι
1837 2369 1916 2425 δι-

275 2473 507 2544 αιρεῖται
535 2466 624 2522 καὶ
659 2461 1056 2539 μεταϐάλλεται
1087 2465 1114 2518 ὁ
1147 2465 1275 2525 Θεὸς
1327 2463 1445 2526 καθ’
1498 2463 1637 2533 ὑμᾶς
1676 2465 1792 2521 τοῖς
1823 2459 1916 2514 αὑ-

270 2562 387 2618 τοῖς
434 2553 760 2630 ἐνεχόμενος
807 2557 997 2615 κακοῖς
1049 2548 1223 2607 ἔσται·
1271 2549 1321 2605 εἴ
1372 2549 1474 2625 γὰρ
1520 2547 1808 2623 διαιρεῖται
1840 2547 1919 2611 εἷς

273 2643 506 2719 γενέσεις
553 2641 795 2718 ἀγγέλιυν
844 2641 936 2695 καὶ
987 2644 1204 2714 ψυχῶν,
1245 2637 1391 2706 πλὴν
1442 2636 1500 2692 δὲ
1546 2637 1597 2708 ἐξ
1649 2637 1813 2692 αὐτοῦ
1855 2635 1916 2691 οὗ

275 2733 410 2801 θεοὶ,
470 2729 640 2796 δῆλον
691 2732 775 2784 ’ὁτι
820 2729 882 2784 οὐ
935 2728 1097 2800 μόνον
1151 2725 1458 2802 διαιρεῖται,
1493 2725 1639 2780 ἀλλὰ
1667 2727 1756 2780 καὶ
1790 2747 1918 2797 μετ-

275 2817 507 2890 εϐΛήθη.
542 2821 605 2878 Εἰ
637 2818 694 2875 δὲ
723 2821 786 2874 οὗ
835 2819 994 2873 τοῦτό
1050 2838 1183 2894 φατε
1233 2817 1407 2872 αἶ’τιον
1457 2817 1592 2871 εἶναι
1622 2821 1719 2870 τοῦ
1748 2817 1918 2883 κακήν

279 2912 540 2986 ὑπάρχειν
599 2910 700 2977 τὴν
752 2907 915 2978 ὕλην,
966 2905 1114 2961 ἀλλὰ
1185 2907 1248 2960 τὸ
1314 2905 1514 2974 ταύτην
1572 2905 1915 2978 ἁμαρτάνειν,

275 2995 452 3054 ἰστέον
483 2999 557 3060 ὡς
588 2994 739 3052 οὐδὲν
798 3001 906 3050 τῶν
964 2994 1098 3050 κατᾶ
1150 2993 1304 3072 φύσιν
1337 2992 1386 3066 ἐξ
1431 2993 1666 3070 ἀνάγκης
1695 2993 1916 3067 γινομε-

271 3108 400 3154 νων,
449 3087 748 3160 ἁμάρτημα
793 3085 1074 3159 τυγχάνει·
1121 3088 1265 3137 πᾶσα
1300 3084 1401 3158 γάρ
1432 3081 1666 3156 ἁμαρτία
1699 3082 1758 3136 ἐκ
1786 3102 1916 3155 προ-

271 3139 798 3248 αιρέσεωςιγίνέται·
857 3139 1010 3242 ἧδδὲ
1065 3139 1382 3241 προαίρεσις
1437 3139 1497 3224 ei
1547 3139 1751 3244 ipuxﬁc-
1785 3139 1914 3238 ἡιδίε.
1945 3139 1989 3207 C

273 3266 426 3337 ψυχὴ
461 3261 614 3316 οὐσία
643 3265 776 3316 Θεοῦ
805 3262 920 3314 καθ’
973 3261 1133 3332 ὑμᾶς·
1186 3259 1246 3314 ἐκ
1293 3263 1426 3314 Θεοῦ
1456 3257 1559 3330 ἄρα
1586 3261 1622 3327 ἡ
1656 3257 1914 3332 ἁμαρτία,

277 3351 365 3406 καὶ
399 3350 498 3404 οὐκ
552 3348 608 3404 ἐκ
658 3353 757 3414 τῆς
814 3347 974 3417 ὕλης,
1034 3350 1168 3402 κατὰ
1217 3348 1278 3402 τὸ
1337 3348 1508 3420 ὑμῶν,
1568 3341 1918 3401 ἀσεϐεστατον

276 3440 472 3516 δόγμα.
509 3439 625 3496 Κάκ
652 3444 759 3494 τῶν
792 3438 972 3493 τόπων
1030 3436 1087 3492 δὲ
1141 3439 1213 3492 ὧν
1277 3440 1431 3509 ὑμεῖς
1477 3439 1793 3498 ὑποτίθεσθε
1822 3437 1911 3490 τὸν

277 3530 373 3601 μὲν
403 3533 482 3600 τῷ
513 3533 647 3596 Θεῷ,
677 3528 767 3581 τὸν
814 3524 872 3581 δὲ
916 3531 984 3599 τῇ
1035 3525 1139 3600 ὕλῃ
1195 3525 1612 3600 προσνὲμοντες,
1641 3526 1778 3594 ὑμᾶς
1811 3525 1916 3578 ἀπ-

259 3616 413 3690 ελέγξ
436 3645 462 3669 υ
500 3614 671 3688 μηδὲν
705 3614 1150 3690 δογματίζοντας.
1187 3615 1244 3670 Εἰ
1275 3615 1374 3689 γὰρ
1403 3615 1668 3686 ἀγένητος
1698 3615 1725 3666 ὸ
1759 3613 1908 3673 Θεὸς»

256 3706 349 3762 καὶ
383 3709 416 3774 ἠ
451 3702 579 3773 ὕλη·
636 3704 858 3765 ἕκαστος
908 3702 964 3759 δὲ
1021 3704 1072 3758 ἐν
1132 3705 1286 3775 τόπῳ
1314 3702 1572 3776 τυγχάνει
1605 3703 1720 3755 καθ’
1753 3703 1910 3772 ὑμᾶς’

265 3793 294 3848 6
326 3791 383 3846 δὲ
411 3792 580 3854 τόπος
609 3787 789 3861 ἕτερός
818 3791 929 3844 ἐστι
975 3793 1091 3845 κατ’
1141 3790 1320 3844 οὐσίαν
1352 3794 1458 3844 τῶν
1493 3789 1544 3843 ἐν
1579 3789 1724 3860 αὐτῷ
1757 3809 1911 3861 περι-

269 3883 570 3956 εχομένων,
606 3874 940 3951 συμϐήσεται
969 3880 1094 3939 τοὺς
1125 3878 1323 3938 τόπους
1356 3880 1744 3951 συναγενῆτους
1777 3878 1909 3931 εῖιαι

265 3975 383 4030 τοῖς
414 3969 504 4022 σὺν
536 3969 745 4026 αὐτοῖς.
806 3967 895 4021 καὶ
946 3966 1118 4027 οὕτως
1167 3967 1228 4020 οὐ
1269 3964 1362 4020 δύο
1393 3967 1459 4019 τὰ
1487 3967 1718 4040 ἀγένητα
1765 3965 1912 4020 ἀλλὰ

263 4059 514 4128 τίσσαρα,
547 4056 694 4121 Θεὸν,
741 4058 828 4110 καὶ
879 4054 1038 4123 ὕλην,
1081 4055 1170 4109 καὶ
1219 4053 1467 4128 ἑκάτερον
1497 4057 1588 4108 τὸν
1618 4055 1783 4108 τόπον
1817 4055 1904 4108 εὑ-

263 4149 469 4220 ρήσεις.
504 4146 567 4202 Εἰ
598 4144 656 4200 δὲ
698 4144 824 4206 τοὺς
876 4144 1076 4203 τόπους
1123 4139 1518 4217 πρεσϐυτέρους
1552 4143 1682 4218 φατὶ
1711 4148 1818 4197 τῶν
1853 4142 1906 4197 ἐν

261 4235 465 4301 αὑτοῖς,
499 4233 677 4288 οὑκέτι
705 4234 734 4287 6
765 4232 894 4295 Θεὸς
921 4231 1010 4286 καὶ
1042 4231 1147 4302 ὕλη
1195 4231 1452 4305 ἆγὲνητοι
1495 4226 1731 4302 ἔσονται,
1765 4230 1909 4285 ἀλλὰ

267 4322 479 4396 μᾶλλον
540 4323 592 4376 οἱ
646 4320 856 4376 τούτων
916 4321 1367 4394 προϋπάρχοντες
1419 4319 1600 4374 τόποι⁸
1648 4320 1694 4374 εἰ
1726 4317 1784 4374 δὲ
1812 4321 1904 4374 τὸν

266 4411 393 4466 Θεὸν
425 4411 514 4464 καὶ
557 4411 656 4477 τήν
707 4407 845 4478 ὅλην
895 4409 1003 4482 πρὸ
1059 4413 1167 4464 τῶν
1222 4410 1402 4462 τόπων
1454 4407 1588 4462 εἶναι
1619 4429 1772 4484 φατε,
1805 4409 1906 4481 ἄρα

2035 511 2297 565 materiae
2332 511 2596 582 operatio
2628 511 2859 582 passiva
2889 512 3020 568 erit.
3055 511 3112 565 Si
3157 512 3236 567 ita
3269 517 3378 580 est,
3411 513 3681 584 subjacet

2034 615 2169 671 ergo
2201 599 2319 654 Deo
2349 600 2643 671 servitque
2673 601 2942 655 materia.
2966 602 3091 655 Jam
3123 601 3171 654 si
3204 601 3472 672 subjacet
3499 609 3678 673 atque

2035 689 2236 756 servit,
2269 705 2391 743 non
2423 694 2512 744 est
2557 693 2714 744 certe
2764 689 3044 744 increata.
3079 691 3390 756 Praeterea,
3426 691 3514 746 vel
3546 693 3676 746 duae

2033 783 2258 833 naturae
2289 784 2491 850 agunt,
2524 778 2615 832 vel
2645 777 2776 832 dum
2831 778 3176 849 patiuntur;
3207 779 3300 834 ‘vel
3330 779 3447 834 alia
3476 781 3595 852 agit
3624 786 3683 836 et

2034 867 2150 922 alia
2179 868 2420 938 patitur,
2453 867 2542 922 vel
2591 867 2800 922 amba).
2829 868 3137 938 patiuntur
3167 873 3226 921 et
3253 874 3451 940 agunt.
3488 869 3596 925 Sed
3630 871 3680 925 si

2032 957 2163 1010 dum
2195 962 2396 1028 agunt,
2421 956 2500 1010 dii
2525 962 2735 1023 erunt;
2761 956 3057 1026 siquidem
3080 973 3250 1028 agere
3283 959 3384 1012 Dei
3415 959 3678 1014 officium

2031 1051 2141 1111 est,
2174 1045 2556 1114 materiaeque
2591 1062 2794 1099 curam
2825 1063 3049 1117 gerere.
3084 1047 3248 1112 Quod
3280 1047 3328 1102 si
3359 1047 3550 1102 ambae
3577 1066 3678 1120 pa-

2032 1133 2280 1200 tiuntur,
2315 1133 2559 1188 diversae
2609 1139 2786 1188 erunt
2833 1138 3104 1204 utraque,
3157 1140 3216 1193 et
3261 1135 3413 1191 alius
3451 1143 3682 1192 creator

2033 1226 2350 1292 quaeretur.
2386 1221 2442 1275 Si
2468 1221 2749 1293 vero;una
2778 1222 3000 1292 patitur
3030 1229 3088 1276 et
3116 1239 3238 1278 una
3275 1224 3412 1296 agit,
3445 1226 3678 1296 patiens

2033 1309 2276 1382 quidem
2307 1315 2524 1378 creata,
2575 1326 2754 1382 agens
2793 1310 3077 1366 increata.
3111 1313 3376 1382 Denique
3409 1313 3457 1368 si
3488 1314 3677 1369 amba)

2033 1404 2091 1453 et
2118 1404 2302 1471 agunt
2333 1404 2391 1453 et
2419 1399 2748 1469 patiuntur,
2780 1404 3078 1469 quatenus
3109 1406 3312 1472 agunt.
3344 1401 3424 1455 dii
3464 1409 3674 1470 erunt;

2033 1493 2325 1559 quatenus
2354 1488 2685 1559 patiuntur,
2716 1487 3000 1543 materize.
3033 1488 3268 1542 Eaadem
3310 1504 3445 1561 ergo
3479 1498 3673 1562 erunt,

2031 1576 2112 1632 dii
2145 1582 2202 1632 et
2221 1578 2724 1643 materiae,creataa
2749 1581 2808 1631 et
2828 1577 3215 1632 increatae.Ex
3240 1595 3418 1634 causa
3439 1596 3676 1651 quoque

2031 1665 2478 1738 redarguimini.
2537 1667 2720 1731 Quam
2781 1666 2855 1720 ob
2915 1683 3153 1721 causam
3201 1668 3513 1722 materiam
3545 1685 3675 1724 esse

2031 1755 2283 1810 dicimus
2314 1754 2532 1809 malam
2552 1754 2579 1808 ‘I
2626 1756 2846 1824 Nempe
2889 1754 2979 1809 vel
3028 1756 3168 1825 quia
3199 1757 3465 1810 increata
3497 1763 3589 1812 est
3619 1763 3678 1813 et

2028 1843 2408 1915 principium,
2442 1843 2529 1897 vel
2559 1844 2699 1914 quia
2726 1844 2999 1911 materia,
3028 1845 3118 1898 vel
3149 1845 3290 1914 quia
3315 1861 3549 1917 corpus,
3585 1847 3677 1902 vel

2027 1933 2167 2003 quia
2197 1932 2478 1986 dividitur
2498 1932 2943 1986 et’immutatur.
2968 1933 3144 2002 Atqui
3171 1933 3219 1987 si
3248 1933 3388 2003 quia
3413 1934 3677 1992 increata

2028 2027 2117 2075 est
2145 2027 2204 2075 et
2231 2021 2612 2091 principium,
2644 2021 2796 2074 Deus
2845 2037 3077 2092 quoque
3129 2021 3264 2076 talis
3305 2027 3409 2076 est.
3447 2023 3504 2076 Si
3536 2024 3677 2094 quia

2026 2109 2294 2172 materia,
2322 2108 2571 2163 materia
2595 2114 2793 2163 autem
2816 2109 3152 2179 appellatur
3180 2115 3496 2181 propterea
3516 2113 3673 2182 quod

2026 2197 2282 2252 obnoxia
2311 2202 2400 2251 est
2427 2197 2764 2268 generando
2784 2214 2854 2252 ex
2873 2214 2957 2258 se,
2981 2197 3113 2252 ideo
3144 2204 3386 2268 propter
3406 2201 3674 2256 eamdem

2026 2285 2403 2357 hypothesim
2452 2302 2526 2340 ne
2577 2286 2729 2340 Deus
2779 2285 3018 2355 quidem
3060 2285 3252 2340 bonus
3285 2287 3416 2353 erit,
3449 2289 3590 2357 quia
3619 2297 3678 2344 et

2027 2376 2150 2445 ipse
2183 2375 2472 2428 obnoxius
2508 2379 2596 2428 est
2625 2374 3006 2445 producendo
3041 2393 3110 2429 ex
3139 2392 3200 2430 se
3231 2376 3461 2431 animas
3485 2384 3544 2431 et
3563 2394 3673 2432 an-

2024 2463 2209 2535 gelos,
2240 2468 2306 2516 ut
2335 2468 2615 2526 vestrum,
2647 2480 2678 2517 o
2710 2464 3036 2524 Manicbzei,
3061 2464 3271 2535 dogma
3303 2471 3410 2520 est.
3444 2467 3499 2519 Si
3533 2467 3673 2537 quia

2027 2557 2116 2606 est
2143 2568 2376 2621 corpus,
2409 2568 2530 2605 non
2581 2555 2670 2605 est
2716 2551 2969 2621 ipsamet
3012 2569 3189 2607 causa
3219 2559 3285 2607 ut
3328 2571 3543 2625 corpus
3575 2557 3669 2620 sit,

2027 2640 2130 2694 sed
2176 2641 2368 2706 Deus;
2420 2639 2641 2693 etenim
2690 2647 3010 2710 antequam
3053 2641 3370 2710 projiceret
3409 2644 3674 2711 particu-

2026 2729 2144 2784 lam
2176 2730 2263 2783 sui
2298 2729 2358 2782 in
2391 2729 2723 2784 materiam.
2759 2745 2828 2784 ea
2868 2746 3080 2799 corpus
3111 2746 3230 2783 non
3263 2736 3406 2784 erat.
3443 2731 3499 2786 Si
3531 2733 3673 2803 quia

2026 2817 2307 2872 dividitur
2335 2824 2392 2871 et
2421 2818 2790 2882 immutatur,
2824 2819 2977 2872 Deus
3025 2818 3085 2872 in
3137 2819 3440 2874 sententia
3483 2828 3674 2876 vestra

2026 2907 2239 2963 iisdem
2271 2907 2444 2961 malis
2493 2906 2604 2960 erit
2647 2906 2976 2960 obnoxius:
3026 2922 3164 2961 nam
3206 2908 3254 2961 si
3296 2908 3578 2963 dividitur
3608 2911 3670 2964 in

2026 2995 2370 3067 angelorum
2401 3001 2578 3065 atque
2609 2995 2941 3050 animarum
2976 2997 3443 3066 procreationes,
3479 3015 3672 3070 neque

2027 3090 2225 3139 tamen
2259 3101 2329 3138 ex
2359 3101 2428 3138 eo
2459 3085 2816 3154 proveniunt
2863 3084 2964 3150 dii,
3009 3085 3379 3155 exploratum
3419 3092 3509 3141 est
3537 3105 3671 3143 cum

2029 3190 2148 3227 non
2199 3172 2392 3227 solum
2440 3171 2641 3238 dividi,
2692 3189 2893 3226 verum
2948 3173 3123 3227 etiam
3174 3189 3301 3227 esse
3363 3181 3668 3231 mutatum.

2025 3262 2189 3327 Quod
2221 3262 2266 3316 si
2301 3262 2558 3331 denique
2608 3261 2765 3316 haud
2804 3263 2966 3316 hanc
3010 3279 3139 3317 esse
3188 3280 3427 3318 causam
3474 3265 3670 3320 dicitis

2024 3368 2130 3406 cur
2161 3353 2316 3405 mala
2347 3351 2422 3406 sit
2454 3352 2718 3408 materia.
2751 3351 2852 3404 sed
2886 3352 3025 3421 quia
3058 3353 3180 3405 haec
3215 3361 3436 3422 peccat.
3471 3355 3655 3408 sciens

2024 3441 2164 3494 dum
2198 3446 2304 3498 est.
2339 3440 2490 3494 nihil
2522 3440 2677 3509 quod
2733 3441 2792 3493 in
2838 3457 3036 3494 rerum
3087 3450 3299 3495 natura
3331 3444 3665 3497 necessario

2027 3530 2146 3590 fiat,
2182 3545 2310 3584 esse
2346 3535 2673 3599 peccatum.
2709 3531 2971 3599 Namque
3025 3546 3200 3583 omne
3253 3540 3558 3600 peccatum
3594 3533 3666 3586 li-

2023 3617 2164 3672 bera
2193 3617 2480 3672 electione
2514 3618 2596 3672 ﬁt.
2634 3618 2850 3672 Electio
2903 3624 3103 3672 autem
3169 3617 3240 3672 ab
3292 3621 3492 3674 anima
3525 3627 3652 3687 est;

2022 3707 2220 3760 anima
2296 3712 2492 3759 autem
2539 3705 2868 3759 substantia
2919 3708 3039 3768 Dei,
3091 3713 3156 3760 ut
3193 3724 3292 3760 vos
3333 3707 3560 3764 dicitis:
3596 3726 3666 3764 ex

2027 3796 2138 3848 l)eo
2190 3793 2367 3864 igitur
2411 3801 2738 3863 peccatum,
2789 3799 2848 3848 et
2896 3811 3014 3848 non
3066 3811 3132 3848 ex
3187 3797 3453 3862 materia,
3498 3799 3667 3864 juxta

2019 3889 2277 3938 vestrum
2307 3884 2793 3938 scelestissimum
2823 3884 3032 3955 dogma
3083 3889 3196 3958 Age
3223 3903 3356 3941 vero
3389 3888 3564 3942 etiam
3598 3905 3666 3942 ex

2019 3973 2188 4031 locis.
2218 3989 2365 4042 quos
2397 3989 2496 4026 vos
2538 3973 2750 4042 partim
2804 3974 2916 4025 Deo
2969 3975 3183 4043 partim
3227 3976 3489 4029 materias
3520 3977 3662 4030 assi-

2019 4062 2229 4133 gnatis,
2263 4077 2575 4132 coarguam
2629 4079 2728 4115 vos
2777 4062 2923 4114 nihil
2971 4063 3214 4116 omnino
3267 4063 3481 4116 dicere.
3521 4065 3663 4118 Nam

2021 4150 2068 4204 si
2097 4150 2249 4204 Deus
2279 4149 2577 4203 increatus
2626 4156 2734 4215 est,
2766 4150 2906 4204 item
2940 4157 2998 4202 et
3027 4151 3313 4215 materia;
3347 4156 3662 4222 utrumque

2018 4243 2215 4292 autem
2247 4237 2307 4291 in
2340 4238 2468 4291 loco
2496 4255 2621 4301 suo,
2653 4243 2720 4290 ut
2766 4254 2866 4290 vos
2911 4237 3128 4303 dicitis,
3163 4244 3315 4303 stat;
3362 4239 3526 4294 locus
3558 4257 3665 4294 au-

2022 4332 2133 4381 tem
2169 4326 2397 4380 diversa
2427 4330 2639 4380 natura
2671 4330 2760 4380 est
2788 4325 2860 4380 ab
2892 4325 2964 4380 iis
3004 4326 3103 4396 qui
3150 4343 3217 4381 eo
3253 4329 3663 4397 continentur,

2018 4430 2391 4484 consequens
2413 4415 2525 4467 erit
2555 4419 2618 4467 ut
2642 4413 2755 4467 loci
2779 4414 2999 4484 pariter
3019 4415 3141 4468 sint
3167 4416 3413 4471 increati
3437 4435 3449 4470 :
3482 4423 3658 4488 atque

267 4501 368 4555 οὑκ
394 4501 530 4569 ἦσαν
563 4498 968 4573 κεχωρισμένοι
1023 4500 1151 4560 Θεὸς
1196 4499 1283 4554 καὶ
1323 4497 1453 4568 ὕλη,
1484 4497 1610 4553 ἀλλ’
1639 4497 1690 4552 ἐν
1725 4496 1897 4568 ὁιλλη⁸

2024 4504 2102 4558 ita
2130 4519 2251 4557 non
2281 4503 2418 4566 duo,
2452 4501 2556 4557 sed
2587 4508 2840 4572 quatuor
2878 4518 3007 4557 esse
3059 4504 3340 4567 increata,
3375 4506 3559 4559 Deum
3588 4521 3656 4560 ac

266 4587 388 4651 λοις
422 4589 696 4663 ὑπῆρχον.
731 4587 792 4641 οὐ
823 4587 925 4661 γὰρ
956 4587 1024 4654 ἦν
1059 4583 1210 4640 οὔπω
1238 4587 1411 4649 τύπος
1443 4589 1471 4642 6
1504 4585 1784 4661 διορίζων
1817 4587 1904 4641 καὶ

267 4676 439 4740 οὕτως
489 4679 518 4733 6
573 4683 674 4745 τῆς
724 4677 850 4751 παρ’
909 4676 1059 4748 ὑμῶν
1119 4674 1494 4745 ἐναντιότητος
1527 4677 1907 4747 διαλυθήσεται

266 4763 455 4840 λόγος.
488 4765 568 4822 Οὐ
599 4765 704 4840 γὰρ
766 4763 817 4819 ἐν
877 4763 1150 4832 ἀλλήλοις
1180 4767 1215 4833 ἠ
1247 4764 1404 4840 φύσις
1461 4765 1778 4842 ὑφίστασθαι
1811 4765 1905 4819 δύο

265 4877 416 4911 ναται
467 4863 574 4913 τῶν
619 4855 894 4910 ἐναντίων·
951 4853 1088 4908 ὥστε
1134 4855 1470 4928 πανταχόθεν
1517 4856 1666 4927 ὑμῶν
1702 4854 1911 4923 ἀπελή-

265 4943 491 5020 λεγκται
543 4947 578 5014 ἡ
641 4941 898 5013 μυθώδης
954 4941 1326 5018 τερατολογία·
1393 4944 1468 5014 μή
1519 4939 1657 5015 ὔμᾶς
1687 4941 1910 5004 ἑαυτούς

263 5054 324 5089 τε
350 5033 439 5088 καὶ
473 5034 690 5107 ἐτέρους
717 5037 833 5094 τοῖς
873 5037 974 5100 τῆς
1023 5026 1264 5093 ἀσεϐείας
1317 5030 1669 5106 περιπείρητε
1699 5027 1911 5105 δόγμα-

267 5141 375 5190 σιν,
418 5121 565 5178 ana
605 5119 1050 5197 προσδραμόντες
1075 5125 1156 5192 τῷ
1213 5119 1351 5197 φωτὶ
1376 5126 1475 5189 τῆς
1508 5118 1786 5190 ἀληθείας,
1816 5120 1908 5174 τὸν

268 5209 430 5288 ζόφον
457 5217 526 5281 τῆ
585 5211 799 5285 ἀγνοίας
859 5208 1188 5284 ἐκκαθάρατε
1241 5212 1349 5263 τῶν
1401 5211 1620 5284 ψυχῶν
1662 5208 1914 5282 αὐτεξου-

2019 4593 2352 4661 materiam,
2402 4598 2461 4647 et
2503 4598 2823 4664 utrumque
2877 4593 3095 4661 locum,
3129 4609 3258 4649 esse
3302 4597 3654 4666 comperies.

2018 4683 2180 4748 Quod
2213 4683 2261 4736 si
2308 4681 2470 4736 locos
2526 4681 2722 4736 dicitis
2780 4697 2908 4736 esse
2967 4683 3334 4752 antiquiores
3364 4683 3541 4737 rebus
3574 4683 3654 4737 ibi

2019 4771 2484 4842 comprehensis,
2519 4770 2674 4824 haud
2698 4770 2825 4841 jam
2859 4772 3009 4826 Deus
3042 4777 3100 4825 et
3131 4771 3378 4825 materia
3410 4772 3658 4826 increati

2021 4865 2213 4926 erunt,
2233 4859 2336 4914 sed
2366 4859 2406 4912 ii
2440 4859 2634 4929 potius
2656 4860 2757 4928 qui
2783 4866 2918 4914 ante
2942 4861 3100 4930 ipsos
3132 4858 3496 4913 exsistebant
3520 4859 3652 4917 loci.

2021 4948 2197 5001 Secus
2229 4963 2387 5011 vero,
2425 4947 2471 5000 si
2502 4948 2688 5001 Deum
2734 4963 2800 5002 ac
2848 4946 3158 5002 materiam
3191 4952 3328 5000 ante
3364 4946 3524 5002 locos
3558 4963 3657 5002 ex-

2021 5035 2239 5090 stitisse
2298 5035 2527 5102 dicatis,
2602 5052 2738 5109 ergo
2785 5052 2907 5090 non
2956 5038 3125 5089 erant
3199 5033 3345 5088 olim
3404 5036 3661 5108 separati

2020 5125 2174 5178 Deus
2206 5139 2271 5179 ac
2296 5124 2563 5192 materia,
2591 5125 2696 5180 sed
2737 5124 2987 5178 invicem
3034 5121 3504 5180 coexsistebant:
3535 5141 3657 5182 non

2020 5213 2177 5268 enim
2209 5213 2402 5269 adhuc
2459 5219 2585 5268 erat
2639 5212 3058 5269 discriminans
3113 5210 3300 5270 locus.
3351 5215 3664 5286 Atque‘ita

1842 5446 2067 5503 ΝΟΤᾹΞ.

338 5591 417 5666 (1)
449 5590 704 5650 Dubium
733 5590 796 5649 in
831 5591 964 5661 cod,
994 5591 1368 5652 vocabulum.
