3964 6144
386 262 525 320 1335
1930 265 2041 321 AD]

2175 268 2298 321 DA.
3621 270 3730 327 1336

383 393 577 445 vestra
622 390 693 446 de
742 408 956 447 rerum
1003 392 1398 465 repugnantia
1454 389 1724 446 doctrina
1792 390 2035 446 corruit.

2175 388 2360 459 ἰότητι
2416 390 2517 465 γὰρ
2576 390 2665 443 καὶ
2719 390 2820 444 οὐκ
2874 388 3079 465 ἀνάγκῃ
3126 387 3338 465 φύσεως
3389 387 3645 467 ἄνθρωποι
3683 398 3731 452 τὸ

390 482 626 535 Naturae
671 481 829 536 enim
880 482 1195 536 contrariae
1245 480 1497 535 invicem
1534 480 1891 534 coexsistere
1922 496 2025 534 ne-

2175 482 2331 531 οκοῦν
2366 478 2415 532 ἐν
2452 477 2649 552 αἱρέσει
2682 477 3008 549 ποιούμεθα.
3040 476 3233 539 Τὲλος.

385 572 628 638 queunt.
663 571 853 638 Atque
887 569 969 623 ita
998 573 1356 639 portentosa;
1406 572 1613 622 vestras
1658 567 1871 621 fabulae
1923 584 2363 637 quaqueversus
2405 568 2818 639 exploduntur.
2871 569 2950 622 Ne
3000 568 3199 637 itaque
3251 575 3469 623 vosmet
3511 571 3730 643 aliosque

382 658 584 728 impiis
614 658 983 730 dogmatibus
1015 676 1121 713 ceu
1155 660 1341 729 spinis
1395 658 1753 729 implicetis;
1808 657 1913 712 sed
1972 659 2044 712 ad
2104 659 2365 713 veritatis
2424 658 2616 713 lucem
2661 663 3071 729 properantes,
3125 658 3375 712 inscitiae
3415 660 3659 716 tenebras
3679 680 3732 718 ex

382 747 693 801 animabus
722 750 930 802 vestris
960 748 1184 820 pellite.
1238 747 1469 802 Etenim
1527 748 1713 802 libero
1775 748 2039 815 arbitrio,
2098 763 2222 802 non
2277 753 2502 802 naturae
2561 748 2937 814 necessitate,
2968 763 3078 801 nos
3111 747 3384 803 homines
3409 749 3555 818 quod
3580 750 3729 807 visum

380 834 579 907 tuerit,
612 835 951 892 faciendum
984 838 1276 909 eligimus.
1311 837 1583 908 Explicit.

741 1225 1536 1357 ΙΩΑΝΝΟΥ
1635 1228 1981 1357 ΤΟΥ
2081 1206 3418 1361 ΔΑΜΑΣΚΗΝΟΥ(⁸)

627 1511 1215 1606 ΔΙΑΛΕΞΙΣ
1263 1488 1341 1560 (δ)
1453 1512 2299 1609 ΣΑΡΡΑΚΗΝΟΥ
2413 1512 2627 1608 ΚΑΙ
2741 1516 3533 1613 ΧΡΙΣΤΙΑΝΟΥ.

1069 1758 1186 1888 S.
1288 1758 2003 1883 JOANNIS
2105 1757 3088 1883 DAMASCENI

936 2013 1611 2103 DISPUTATIO
1701 2014 2248 2104 SARACENI
2341 2015 2480 2104 ET
2579 2018 3248 2106 CHRISTIANI.

1538 2374 1641 2441 (Ex
1672 2370 1821 2426 Bibl.
1853 2370 2239 2427 Gallandiana
2269 2377 2307 2428 t.
2338 2375 2484 2448 XIII,
2514 2380 2660 2448 272.)

465 2764 868 2835 Interrogatus
918 2763 1288 2819 Christianus
1338 2780 1372 2818 a
1419 2763 1821 2819 SABACENO:
1854 2763 2038 2827 Quem
2066 2764 2114 2829 B

398 2852 486 2908 ais
513 2867 755 2906 causam
788 2868 915 2905 esse
946 2852 1082 2907 boni
1114 2852 1325 2907 malive
1346 2852 1373 2906 ‘I

466 2940 935 2995 CHRISTIANUS
961 2940 1269 3011 respondit
1292 2958 1303 2994 :
1329 2941 1604 2996 Omnium
1626 2940 1917 2995 bonorum
1945 2957 2044 2995 ne-

391 3028 617 3083 minem
648 3028 897 3083 dicimus
930 3046 1058 3083 esse
1092 3046 1332 3085 causam
1379 3035 1595 3101 praeter
1624 3045 1801 3100 quam
1833 3030 2036 3096 Deum,

389 3117 533 3173 mali
567 3134 700 3172 vero
732 3134 853 3172 non
885 3118 1049 3173 item.

459 3209 530 3261 Et
557 3207 930 3277 respondens
962 3208 1204 3263 SABAC.
1240 3207 1358 3262 ait:
1405 3208 1589 3272 Quem
1622 3205 1769 3261 dicis
1800 3221 2039 3261 causam

392 3312 522 3351 esse
554 3296 850 3350 malorum
869 3296 895 3349 ?

461 3384 730 3438 CHRIST.
763 3385 910 3437 Eum
943 3383 1171 3438 scilicet
1202 3384 1301 3454 qui
1344 3400 1415 3437 ex
1448 3383 1744 3438 sententia
1774 3398 1879 3438 sua
1910 3382 2036 3436 dia-

391 3472 564 3528 bolus
598 3476 709 3542 est,
742 3488 809 3527 ac
840 3489 950 3526 nos
980 3472 1158 3527 etiam
1186 3472 1477 3527 homines.

469 3563 717 3620 SABAC.
749 3562 929 3633 Cujus
961 3562 1046 3617 rei
1080 3562 1309 3634 gratia?

468 3652 737 3707 CHRIST.
772 3653 1019 3722 Propter
1048 3650 1303 3706 liberum
1335 3650 1668 3706 arbitrium.

470 3741 718 3795 SABAC.
755 3740 905 3806 Quid
930 3756 1065 3812 ergo
1090 3740 1116 3794 ?
1146 3740 1416 3795 Liberine
1441 3757 1501 3794 es
1524 3739 1775 3806 arbitrii,
1801 3743 2041 3809 et'quai-

397 3845 631 3897 cunque
663 3829 745 3882 vis
777 3845 948 3900 agere
982 3830 1141 3884 vales
1163 3829 1190 3883 ‘I

468 3918 736 3972 CHRIST.
774 3920 856 3971 Ex
886 3918 1117 3973 duobus
1148 3919 1309 3989 solis,
1347 3919 1409 3974 in
1440 3919 1554 3975 alio
1587 3919 1876 3974 formatus
1918 3936 2038 3974 non

396 4006 481 4060 fui
510 4023 544 4061 a
569 4008 686 4061 Deo
718 4006 872 4060 liber
901 4006 1165 4060 arbitrio.

470 4095 716 4150 SABAG.
751 4096 888 4160 Quaa
921 4099 1059 4149 sunt
1088 4095 1213 4149 haec
1234 4095 1260 4149 ?

472 4183 739 4238 CHRIST.
778 4185 937 4238 Bona
966 4201 1146 4256 agens
1178 4200 1296 4239 non
1335 4185 1507 4238 timeo
1532 4184 1739 4255 lvgcm,
1764 4184 1908 4254 quin
1934 4201 2041 4255 po-

398 4271 517 4326 tius
548 4276 605 4324 et
633 4272 971 4326 mercedem
1016 4278 1073 4326 et
1117 4274 1587 4328 misericordiam
1620 4290 1653 4326 a
1682 4274 1799 4327 Deo
1832 4289 2035 4327 conse-

404 4377 555 4431 quor
581 4378 593 4415 :
627 4361 785 4416 haud
817 4361 989 4416 aliter
1018 4363 1198 4416 etiam
1241 4363 1510 4418 diabolus
1548 4364 1761 4434 (fuisset
1789 4378 2041 4417 consecu-

406 4448 531 4520 tus).
565 4450 798 4504 Primus
848 4450 1023 4504 homo
1066 4451 1237 4505 liberi
1281 4451 1508 4505 arbitrii
1554 4452 1840 4505 formatus
1889 4457 1978 4505 est
2007 4469 2041 4505 a

408 4538 547 4603 Deo,
580 4544 638 4592 et
668 4540 964 4609 peccavit;
997 4548 1152 4594 Deus
1181 4558 1315 4595 vero
1367 4540 1437 4594 de
1482 4540 1720 4611 proprio
1753 4545 1905 4593 statu
1939 4539 2041 4593 de-

406 4626 664 4682 turbavit
694 4644 848 4682 eum.
890 4634 965 4682 At
992 4628 1239 4682 fortasse
1286 4628 1462 4682 etiam
1514 4627 1675 4681 dicas
1706 4628 1849 4680 mihi
1883 4627 2039 4698 obji-

409 4715 619 4771 ciendo
648 4733 659 4769 :
692 4718 970 4781 Quaenam
1004 4722 1144 4769 sunt
1174 4733 1302 4786 qua;
1337 4716 1482 4769 mihi
1511 4716 1774 4785 loqueris
1804 4716 1957 4771 bona
1986 4722 2045 4771 et

407 4804 611 4860 mala?
662 4807 805 4859 Ecce
856 4804 966 4873 sol,
1015 4805 1157 4859 luna
1207 4809 1265 4859 et
1312 4805 1499 4859 stellas
1548 4804 1718 4859 bonae
1749 4810 1924 4859 sunt:
1954 4806 2043 4860 fac

404 4909 592 4947 unum
624 4910 692 4949 ex
722 4894 834 4948 his.
861 4895 984 4948 Non
1014 4898 1327 4963 propterea
1354 4893 1597 4963 praedixi
1631 4894 1735 4947 tibi
1765 4893 2044 4949 adversus

406 4980 699 5047 homines,
733 4999 946 5052 operor
992 4982 1148 5036 bona
1192 4986 1249 5036 et
1290 4982 1464 5037 mala.
1516 4984 1674 5038 Bona
1705 4989 1843 5038 sunt
1870 4984 2046 5055 igitur

406 5069 510 5124 Dei
537 5069 884 5140 gloriﬁcatio
919 5076 976 5125 et
1005 5071 1191 5126 oratio
1218 5086 1228 5124 :
1260 5070 1417 5125 mala
1447 5076 1643 5125 autem
1690 5076 1828 5126 sunt
1856 5072 2042 5126 forni-

406 5156 580 5223 catio,
606 5156 850 5211 furtum.
867 5159 1355 5231 Quandoquidem
1379 5159 1672 5230 quomodo
1695 5160 1780 5215 ais
1802 5165 1867 5214 tu
1889 5159 2047 5215 mala

2217 2764 2556 2839 Ἐρωτισθεὶς
2598 2766 2625 2819 6
2656 2768 2981 2841 Χριστιανὸς
3031 2768 3175 2843 παρὰ
3236 2771 3737 2846 ΣΑΡΙΙΝΟΥΑΚ(‹;),

2144 2860 2267 2919 τινα
2296 2855 2477 2929 λέγεις
2500 2851 2668 2908 αἶ’τιον
2698 2855 2868 2910 καλοῦ
2890 2857 2978 2910 καὶ
3003 2862 3170 2911 κακοῦ
3197 2877 3210 2926 ;
3244 2858 3482 2934 Ἀπορία

2216 2954 2260 3005 0
2315 2946 2745 3003 ΧΡΙΣΤΙΑΝΟΣ
2833 2947 3000 3000 εἶπεν·
3087 2947 3305 3000 Πάντων
3390 2952 3495 3002 τῶν
3576 2947 3737 3022 ἀγαθῶν

2146 3035 2342 3093 οὐδένα
2398 3033 2568 3111 φαμὲν
2626 3031 2797 3087 αἷίτιον
2858 3034 2989 3088 εἶναι
3037 3035 3082 3088 εἰ
3134 3036 3210 3108 μή
3268 3035 3364 3090 τὸν
3422 3037 3562 3105 Θεὸν,
3611 3036 3735 3089 κακοῦ

2148 3124 2205 3181 δὲ
2235 3123 2318 3180 οὕ.

2223 3213 2324 3271 Καὶ
2385 3209 2700 3284 ἀποκριθεὶς
2759 3210 2786 3263 6
2847 3213 3094 3267 ΣΑΡΑΚ.
3170 3212 3338 3266 εἶπεν·
3425 3214 3553 3269 Τίνα
3602 3210 3733 3283 λέγει(

2146 3301 2319 3357 αἴτιον
2344 3302 2479 3355 εἴναι
2510 3302 2614 3353 τῶν
2646 3302 2825 3352 κακῶν
2854 3317 2866 3367 ;

2218 3392 2261 3447 0
2303 3391 2527 3445 ΧΡΙΣΤ.
2557 3386 2662 3442 Τὸν
2693 3386 2797 3441 ἀπὸ
2823 3387 3051 3461 γνώμης
3075 3382 3201 3442 ὄντα
3228 3383 3489 3443 διάϐολον
3509 3385 3736 3457 δηλονότι,

2146 3480 2235 3535 καὶ
2266 3482 2414 3551 ἡμᾶς
2444 3476 2571 3539 τοὺς
2594 3476 2930 3551 ἀνθρώπους,

2218 3570 2261 3625 0
2296 3572 2552 3624 ΣΑΡΑΚ.
2588 3566 2757 3640 Χάριν
2783 3563 2928 3625 τίνος
2955 3583 2968 3633 ;

2217 3661 2261 3713 0
2292 3658 2513 3712 ΧΡΙΣΤ.
2550 3655 2646 3707 Διὰ
2675 3653 2736 3707 τὸ
2766 3651 3127 3722 αὐτεξούσιον.

2217 3747 2260 3802 0
2293 3746 2543 3800 ΣΑΡΑΚ.
2598 3743 2661 3796 Τί
2710 3739 2841 3811 οὗν;
2895 3740 3234 3811 αὐτεξούσιος
3266 3744 3337 3812 εἴ,
3369 3741 3455 3797 καὶ
3487 3740 3574 3796 ὅσα
3602 3736 3737 3803 Θέλεις

2148 3832 2367 3889 δύνασαι
2397 3836 2569 3885 ποιεῖν
2600 3857 2613 3898 ;

2218 3925 2261 3979 0
2293 3924 2517 3977 ΧΡΙΣΤ.
2552 3920 2648 3974 Ἐκ
2707 3916 2801 3972 δύο
2860 3917 3060 3991 μόνων,
3095 3918 3148 3974 ἐν
3188 3917 3351 3993 ἄλλῳ
3383 3920 3443 3975 οὐ
3474 3917 3737 3987 πέπλασμαι

2151 4010 2253 4064 ὑπὸ
2285 4012 2421 4064 Θεοῦ
2451 4006 2847 4079 αὐτεξεούσιος,

2218 4102 2262 4155 Ο
2292 4101 2535 4153 ΣΑΡΑΚ.
2571 4100 2710 4149 Ποῖα
2731 4099 2899 4149 ταῦτα
2925 4114 2938 4165 ;

2221 4187 2264 4242 0
2294 4187 2526 4241 ΧΡΙΣΤ.
2561 4184 2643 4239 Τὰ
2673 4183 2812 4237 κακὰ
2846 4183 2939 4255 μὲν
2990 4184 3239 4258 πράττων
3276 4184 3339 4239 οὐ
3371 4181 3624 4261 φοϐοῦμαι
3668 4178 3733 4232 τὸν

2147 4274 2340 4346 νόμον,
2398 4270 2544 4327 ἀλλὰ
2599 4271 2689 4325 καὶ
2741 4275 3013 4343 τιμῶμαι,
3070 4272 3162 4326 καὶ
3227 4271 3485 4346 ἐλεοῦμαι
3534 4273 3621 4325 ὑπὸ
3666 4269 3733 4320 τοῦ

2151 4366 2304 4417 Θεοῦ.
2353 4359 2596 4432 Ὁμοίως
2648 4358 2734 4411 καὶ
2796 4359 2823 4411 6
2880 4352 3163 4420 διάϐολος.
3225 4364 3449 4432 Πρῶτος
3504 4356 3731 4431 ἄνθρωπος

2149 4448 2487 4522 αὐτεξούσιος
2536 4445 2838 4501 πέπλασται
2903 4446 3005 4501 ὑπὸ
3060 4444 3155 4500 τοῦ
3206 4452 3343 4502 Θεοῦ
3397 4447 3484 4502 καὶ
3534 4445 3728 4516 ἡμάρτη’

2151 4560 2255 4609 cev,
2311 4537 2401 4591 καὶ
2460 4537 2486 4590 6
2540 4535 2669 4595 Θεὸς
2723 4542 2821 4604 τῆς
2881 4532 3019 4596 ἰδίας
3070 4535 3270 4604 τάξεως
3331 4535 3541 4606 ἐξέωσεν
3590 4529 3725 4586 αὐτὸν.

2150 4625 2307 4683 Ἀλλ’
2338 4625 2465 4688 ἴσως
2507 4624 2595 4677 καὶ
2654 4622 2828 4698 λέγεις
2891 4644 2982 4694 μοι
3040 4621 3357 4697 ἀντιλέγων·
3422 4624 3553 4680 Ποῖά
3578 4615 3723 4675 εἰσινᾶ

2151 4714 2325 4790 λέγεις
2361 4735 2454 4787 μοι
2485 4711 2624 4767 καλὰ
2668 4712 2756 4766 καὶ
2811 4711 2987 4780 auxi;
3163 4710 3306 4768 Ἰδοὺ
3355 4711 3535 4783 ἥλιος,
3570 4706 3721 4790 σελήνη

2150 4788 2239 4859 καῖ
2266 4804 2480 4877 ἀστέρες
2509 4800 2668 4855 καλοί
2696 4800 2846 4853 εἰσιν
2880 4798 3109 4869 ποίησον
3137 4797 3189 4853 ἓν
3250 4800 3307 4854 ἐκ
3352 4800 3571 4855 τούτων’
3685 4788 3723 4843 οὖ

2149 4892 2344 4947 τούτου
2403 4892 2561 4965 χάριν
2638 4887 2894 4962 προλέγω
2975 4910 3057 4942 σοι
3134 4890 3270 4943 κατὰ
3320 4894 3428 4943 τῶν
3486 4886 3722 4960 ἀνθρώπων

2153 4980 2448 5056 ἐργάζομαι
2479 4977 2619 5032 χάλᾶ
2649 4976 2737 5031 καὶ
2767 4978 2903 5030 κακά
3109 4975 3320 5032 Καλλὸν
3359 4977 3476 5049 μὲν,
3507 4976 3607 5029 οἷόν
3633 4971 3724 5031 ἐστι,

2154 5067 2444 5143 δοξολογῖα
2501 5070 2634 5121 Θεοῦ
2689 5065 2776 5119 καὶ
2836 5067 3140 5140 προσευχή.
3200 5066 3352 5120 Κακά
3409 5061 3483 5132 δὲ,
3538 5056 3724 5134 πορνεία,

2152 5156 2369 5231 κλεψία·
2434 5155 2547 5210 ἐπεὶ
2602 5154 2675 5215 ὡς
2739 5153 2917 5228 λέγεις
2974 5152 3035 5206 σὺ
3091 5156 3227 5229 καγὰ
3278 5152 3367 5207 καὶ
3405 5152 3535 5207 κακὰ
3559 5148 3610 5204 ἐκ
3633 5143 3725 5200 Θεοῦ

1765 5303 1999 5356 VARUS
2041 5302 2435 5358 LECTIONES.

482 5416 556 5487 (a)
588 5417 752 5470 Hunc
784 5415 1039 5486 primum
1070 5434 1301 5471 versum
1335 5417 1405 5471 de
1456 5421 1656 5471 nostro
1707 5417 2090 5487 ascripsimus
2135 5419 2329 5471 Graece
2380 5422 2438 5471 et
2477 5414 2810 5487 Latine.r(h)
2840 5413 2939 5487 _Ex
2969 5411 3097 5487 cod.
3131 5429 3240 5487 ms.
3274 5407 3719 5487 Bibl._Yindo§0§;

436 5492 482 5558 c)
519 5487 659 5541 Vide
722 5487 1105 5557 Lequienium
1138 5504 1196 5540 n.
1233 5493 1283 5550 7,
1318 5505 1373 5558 p.

436 5492 482 5558 c)
519 5489 659 5541 Vide
722 5489 1105 5557 Lequienium
1138 5504 1196 5540 n.
1233 5493 1283 5550 7,
1363 5530 1373 5541 .
1407 5490 1529 5541 497.
1587 5489 1667 5556 (d)
1716 5490 1883 5541 Forte

411 5489 539 5614 ἕλιξ.
574 5560 644 5630 (g)
682 5558 866 5613 ΧΡΙΣ.
902 5559 1178 5628 Lequien.
1212 5560 1295 5627 (h)
1318 5505 1401 5613 El'b
1430 5558 1788 5630 ἀνθρώπινῠν.
1817 5558 1902 5613 Id.

1407 5490 1529 5561 497.
1586 5488 1667 5561 _(d)
1716 5472 1883 5561 Forte
1937 5486 2242 5561 ἀπόκρισις,
2294 5487 2620 5558 responsio.
2655 5472 2927 5555 (θ)’Κάλὰ.
2962 5484 3022 5554 (f)
3056 5484 3330 5553 Lequien.
3364 5482 3451 5535 καὶ
3481 5481 3505 5534 ὁ
3535 5472 3721 5533 ΣΑΡ.Ει
