3964 6144
269 297 402 354 1337

1257 307 1679 364 DISPUTATIO
1711 303 2072 361 SARACENI
2110 305 2204 358 ΕΤ
2239 305 2673 360 ΟΗΒῙΒΤῙΔΝΙ.

3507 301 3648 358 4338

267 420 431 491 εἴναις
468 421 826 493 Εὐρεθήσεται
858 425 886 478 6
918 425 1048 488 Θεὸς
1079 429 1212 480 κατὰ
1267 430 1324 483 σὲ
1380 427 1586 501 ἄδικος,
1640 430 1770 502 ὅπερ
1804 425 1902 480 οὐκ

2019 425 2285 498 bonaque
2318 445 2385 482 ex
2416 430 2532 484 Deo
2565 445 2690 484 esse
2711 428 2739 482 ?
2766 428 3102 483 Invenietur
3140 429 3291 483 Deus
3322 427 3647 484 secundum

270 503 432 565 ἔστιν.
469 507 619 563 Ἐπεὶ
650 510 753 582 γὰρ
813 511 839 564 6
896 512 1023 573 Θεὸς
1078 516 1422 588 προσέταξεν,
1481 519 1554 579 ὡς
1605 516 1666 570 σὺ
1715 516 1912 589 λέγεις,

265 595 360 650 τὸν
427 597 624 670 πόρνον
679 599 977 672 πορνεῦειν,
1033 601 1120 655 καὶ
1189 605 1280 657 τὸν
1337 604 1577 672 κλέπτην
1636 603 1911 669 κλέπτειν,

269 685 358 738 καῖ
405 684 495 738 τὸν
554 682 884 760 ἀνδροφόνον
943 687 1314 766 άνδροφονεῖν,
1376 693 1514 764 ἄξιοί
1562 695 1692 748 εἴσιν
1721 699 1911 764 τιμῆς.

268 773 333 826 τὸ
389 773 488 847 γὰρ
552 771 767 846 θέλημα
821 780 918 829 τοῦ
973 783 1105 832 Θεοῦ
1178 780 1456 851 ἐποίησαν.
1517 783 1913 856 Εὐρεθήσονται

269 860 360 914 καὶ
416 862 466 914 οἱ
525 861 808 933 νομοθέται
867 885 962 918 σου
1016 865 1251 938 ψευδεῖς,
1308 869 1400 924 καί
1453 871 1520 924 τὰ
1581 866 1768 944 βιϐλία
1819 889 1913 922 σου

270 945 700 1024 ψευδεπίγραφα,
761 950 947 1020 ἐπειδὴ
1007 957 1400 1025 προστάττουσι
1457 959 1548 1011 τὸν
1595 957 1793 1032 πόρνον
1825 955 1913 1010 καὶ

267 1035 362 1090 τὸν
419 1034 660 1105 κλέπτην
719 1034 962 1112 δέρεσθαι
1039 1045 1375 1112 ποιήσαντας
1427 1046 1489 1098 τὸ
1549 1044 1768 1115 Οέλημα
1819 1048 1915 1098 τοῦ

265 1128 421 1192 Θεοῦ,
479 1123 568 1177 καὶ
630 1125 722 1178 τὸν
798 1125 1126 1206 ἀνδροφόνον
1205 1131 1625 1200 ἀποκτανθῆναι,
1680 1132 1738 1186 ’ὸν
1799 1127 1906 1185 ἔδει

265 1215 590 1286 τιμηθῆναι,
621 1209 808 1282 ἐπειδή
839 1216 902 1269 τὸ
933 1215 1152 1290 θέλημα
1171 1223 1265 1272 τοῦ
1295 1223 1427 1274 Θεοῦ
1456 1219 1733 1288 ἐπτιτησεν.

342 1389 409 1446 Ὀ
440 1386 500 1445 δὲ
558 1394 815 1450 ΣΑΡΔΚ.
875 1392 972 1455 Τίς
1032 1415 1186 1468 φησι,
1235 1393 1459 1451 πλάττει
1511 1395 1578 1450 τὰ
1627 1395 1798 1472 βρέφη
1847 1394 1902 1450 έν

269 1474 514 1541 κοιλίαις
543 1485 650 1536 τῶν
693 1485 1000 1556 γυναικῶν;
1057 1483 1218 1537 τοῦτο
1264 1486 1368 1559 γὰρ
1416 1479 1825 1557 προϐάλλονται
1858 1484 1909 1536 οἱ

277 1565 620 1642 Σαρῥακηνοί
651 1571 787 1645 πρὸς
806 1572 953 1642 ἡμᾶς
977 1565 1193 1645 πρόϐλη
1206 1593 1280 1642 μα
1311 1570 1639 1641 δεινότατον,
1667 1571 1915 1635 θέλοντες

271 1653 551 1726 ἀποδεῖξαι
607 1658 696 1713 τὸν
757 1660 887 1714 Θεὸν
945 1659 1118 1716 αἷίτιον
1169 1666 1268 1716 τοῦ
1325 1667 1515 1720 κακοῦ.
1550 1662 1743 1737 Είγάρ
1774 1663 1912 1716 ἀπο-

2020 519 2075 568 te
2106 515 2360 585 injustus
2387 533 2398 570 :
2431 517 2588 586 quod
2620 517 2820 587 utique
2851 534 2970 571 non
3011 523 3118 572 est.
3151 517 3435 581 Quoniam
3489 519 3649 571 enim

2024 604 2174 656 Deus
2205 606 2504 674 praecepit,
2537 611 2602 658 ut
2633 611 2692 658 tu
2732 606 2952 676 inquis,
3001 606 3419 660 fornicatorem
3467 605 3651 658 forni-

2021 691 2144 744 cari
2178 697 2235 744 et
2263 692 2452 745 furem
2484 693 2666 747 furari
2700 699 2757 746 et
2787 693 3144 747 homicidam
3189 693 3410 747 caedem
3440 693 3651 758 facere,

2023 779 2293 834 mercede
2327 781 2484 851 digni
2518 788 2650 835 sunt
2693 782 3053 853 hujusmodi,
3104 783 3466 836 voluntatem
3501 782 3658 836 enim

2023 869 2124 921 Dei
2156 868 2442 922 fecerunt.
2478 870 2862 923 Invenientur
2891 885 3125 939 quoque
3176 869 3541 940 legislatores
3573 869 3658 923 tui

2024 955 2358 1021 mendaces,
2393 963 2449 1010 et
2474 957 2609 1010 libri
2641 959 2724 1010 tui
2773 957 2926 1024 falsi,
2979 957 3458 1028 quandoquidem
3490 974 3656 1012 man-

2024 1044 2166 1097 dant
2194 1044 2612 1098 fornicatorem
2657 1050 2715 1099 et
2761 1045 2950 1099 furem
2981 1046 3287 1111 excoriari,
3322 1046 3421 1115 qui
3454 1051 3652 1098 tamen

2023 1133 2124 1186 Dei
2152 1131 2511 1186 voluntatem
2551 1132 2854 1187 fecerunt:
2907 1132 3261 1187 homicidam
3295 1150 3528 1203 quoque
3560 1134 3655 1187 in-

2023 1222 2231 1289 terfici,
2267 1238 2442 1292 quem
2474 1221 2716 1292 praamio
2749 1221 3038 1275 cumulari
3070 1221 3397 1291 oportebat,
3440 1221 3655 1293 quippe

2025 1310 2124 1380 qui
2154 1310 2516 1364 voluntatem
2548 1310 2650 1364 Dei
2679 1310 2902 1364 fecerit.

2095 1399 2339 1452 SARAG.
2377 1399 2491 1465 Ait,
2521 1399 2652 1469 quis
2683 1399 2899 1452 format
2923 1396 3181 1452 infantes
3212 1397 3273 1452 in
3304 1399 3487 1453 uteris
3529 1416 3661 1453 mu-

2024 1485 2234 1540 lierum
2258 1487 2285 1540 ‘I
2314 1486 2471 1540 istud
2501 1503 2673 1557 porro
2732 1486 3020 1557 objiciunt
3059 1487 3332 1541 Saraceni
3382 1486 3658 1541 adversus

2024 1592 2132 1630 nos
2190 1579 2471 1646 tanquam
2528 1580 2942 1652 argumentum
2998 1575 3474 1642 invictissimum,
3538 1593 3654 1646 quo

2023 1663 2332 1719 ostendere
2363 1664 2654 1728 nituntur,
2687 1665 2870 1717 Deum
2902 1663 3040 1717 mali
3072 1680 3199 1718 esse
3243 1669 3562 1718 auctorem.
3599 1665 3655 1717 Si

266 1745 473 1843 κριθεὶς
507 1747 676 1821 Λέγω,
708 1747 792 1802 ὅτι
842 1749 870 1802 6
914 1749 1043 1810 Θεὸς
1095 1747 1319 1804 πλάττει
1377 1750 1443 1804 τά
1503 1751 1672 1827 βρέφη
1706 1751 1758 1805 έν
1790 1772 1906 1805 κοι-

2025 1753 2182 1807 enim
2237 1751 2604 1822 respondens
2655 1751 2836 1818 dicas,
2887 1753 3069 1806 Deum
3119 1768 3246 1806 esse
3296 1752 3397 1821 qui
3442 1752 3658 1806 format

266 1830 413 1896 λίαις
435 1839 721 1909 γυναικῶν,
771 1835 884 1910 έρεῖ
929 1838 956 1892 ὁ
1003 1840 1339 1914 Σαρακηνός·
1372 1837 1509 1896 Ἰδοὺ
1542 1841 1569 1894 6
1600 1840 1730 1903 Θεὸς
1781 1840 1901 1894 σύν-

264 1922 424 1996 εργός
454 1923 666 1996 ἐστιτῷ
696 1925 903 1999 πόρνῳ,
934 1926 1025 1980 καὶ
1053 1931 1130 1998 τῷ
1163 1932 1367 2002 μοιχῷ.

335 2012 380 2066 Ο
411 2011 626 2069 ΧΡΙΣΤ.
680 2014 822 2088 Πρὸς
874 2018 1042 2068 ταῦτα
1093 2016 1460 2090 ἀποκρίνεταν
1493 2014 1763 2089 Οὐδαμῶς
1813 2015 1898 2070 εὐ-

261 2096 429 2172 ρίσκω
464 2101 599 2172 μετά
625 2102 724 2168 τήν
773 2103 997 2177 πρώτην
1054 2097 1328 2175 ἑϐδομάδα
1381 2111 1481 2173 τῆς
1541 2105 1901 2177 κοσμοποιίας

258 2187 359 2255 τήν
417 2190 633 2265 Γραφήν
689 2188 951 2263 λέγουσαν
1011 2189 1267 2246 πλάττειν
1325 2197 1418 2246 τὸν
1475 2193 1602 2247 Θεὸν
1634 2193 1669 2261 ἢ
1703 2193 1900 2262 κτίζειν

259 2295 340 2332 τι.
380 2274 445 2331 Ei
494 2273 552 2330 δὲ
599 2273 888 2354 ἀμφιϐαλῄ
937 2278 1060 2352 περὶ
1102 2278 1320 2350 τούτου,
1370 2277 1515 2354 δείξῃ
1543 2283 1672 2354 [σοι]
1701 2281 1901 2354 κτίσμα

265 2363 300 2433 ἢ
334 2361 560 2438 πλάσμα
604 2363 994 2437 οἱονδηποτοῦν
1043 2369 1102 2440 (ι’)
1157 2369 1290 2440 μετὰ
1333 2370 1433 2438 τὴν
1480 2369 1702 2441 πρώτην
1744 2365 1900 2424 ἐϐδο-

271 2449 414 2524 μάδα
470 2453 790 2528 γιγνόμενον
853 2455 953 2509 ὑπό
1021 2460 1118 2510 τοῦ
1175 2461 1329 2510 Θεοῦ’
1388 2454 1648 2529 οὐδαμῶς
1703 2457 1899 2513 τούτου

268 2537 543 2612 ὑποδεῖξαι
750 2541 927 2597 Πάντα
980 2545 1084 2618 γὰρ
1138 2545 1205 2598 τὰ
1257 2545 1423 2619 ὁρατά
1477 2543 1745 2618 κτίσματα
1798 2547 1896 2614 τὴν

265 2630 491 2702 πρώτην
545 2626 822 2705 ἑϐδομάδα
870 2633 1174 2708 γεγόνασιν.
1229 2631 1496 2690 Ἐπλασεν
1545 2635 1643 2710 γὰρ
1694 2640 1722 2689 ὸ
1770 2635 1900 2696 Θεὸς

263 2718 356 2773 τὸν
389 2715 671 2796 ἄνθρωπον
713 2722 813 2789 τὴν
857 2721 1082 2794 πρώτην
1132 2716 1427 2794 ἑϐδομάδα,
1459 2723 1546 2777 καὶ
1577 2723 1900 2798 προσέταξεν

267 2805 422 2861 αὐτὸν
473 2813 658 2884 γεννᾷν
717 2809 806 2862 καὶ
877 2811 1180 2884 γεννᾶσθαι,
1241 2808 1429 2866 εῗπών.
1489 2835 1517 2862 ‹‹
1577 2810 1896 2882 Αὐξάνεσθε,

265 2895 355 2949 καὶ
411 2895 772 2967 πληθύνεσθε,
828 2897 918 2952 καὶ
976 2895 1308 2971 πληρώσατε
1377 2899 1478 2966 τήν
1534 2903 1654 2974 γῆν,
1712 2923 1741 2950 ››
1802 2899 1898 2954 Καὶ

266 2981 452 3054 ἐπειδὴ
511 2979 762 3060 ἔμψυχος
821 2985 886 3053 ἦν
947 2986 975 3040 6
1028 2984 1309 3060 ἄνθρωπος
1377 2983 1624 3062 ἔμψυχον
1686 2989 1900 3063 σπέρμα

267 3067 436 3145 ἔχων,
469 3071 519 3126 έν
572 3076 641 3147 τῇ
702 3070 815 3144 ῒδίᾳ
865 3075 1072 3147 γυναικὶ
1135 3074 1310 3146 σπορά
1357 3075 1590 3150 ἀνεφόει.
1621 3082 1778 3130 *Ωστε
1808 3074 1902 3130 ἄν-

268 3169 488 3234 θρωπος
539 3157 821 3236 ἄνθρωπον
869 3167 1044 3236 γεννᾷ,
1114 3163 1348 3237 καθάπερ
1395 3166 1429 3232 ἡ
1484 3166 1664 3240 Γραφή
1736 3165 1904 3240 λέγει.

273 3269 302 3298 ιι
331 3245 508 3319 Ἀδὰμ
557 3249 660 3321 γὰρ
717 3250 969 3324 ἐγέννησε
1015 3251 1108 3304 τὸν
1160 3252 1281 3320 Σέθ,
1330 3252 1420 3306 καὶ
1452 3253 1480 3306 6
1513 3253 1614 3316 Σέθ
1663 3252 1913 3326 έγέννησε

273 3335 364 3388 τὸν
420 3335 611 3404 Ἐνὼς,
680 3338 766 3390 καὶ
840 3339 1010 3400 Ἐνὼς
1074 3337 1321 3414 ἐγέννησε
1384 3340 1474 3394 τὸν
1543 3346 1766 3408 Καϊνὰν,
1821 3343 1909 3396 καὶ

276 3423 471 3478 Καῖνᾶν
504 3422 750 3497 ἐγέννησε
799 3425 890 3478 τὸν
941 3424 1269 3496 Μαλαλεήλ,
1301 3427 1388 3480 καὶ
1437 3425 1738 3495 ΜαΛαλεήλ
1773 3424 1914 3502 ἐγέν-

276 3531 406 3580 νησε
434 3512 523 3565 τὸν
560 3513 761 3586 Ἑνώχ.
798 3535 825 3562 ››
858 3512 958 3568 Καὶ
1000 3512 1098 3566 οὐκ
1145 3515 1312 3581 εἶπεν,
1346 3515 1402 3566 Ὀ
1446 3515 1572 3577 Θεὸς
1596 3509 1797 3569 ἔπλασε
1818 3505 1910 3570 τὸῖ

275 3602 412 3670 Σήθ,
464 3602 492 3672 ἢ
535 3602 626 3656 τὸν
671 3602 862 3671 Ἐνὼς,
911 3602 948 3672 ἢ
992 3601 1163 3659 ἄλλον
1206 3605 1343 3658 τινὰ·
1375 3605 1464 3658 καὶ
1495 3604 1726 3659 ἐντεῦθεν
1757 3606 1916 3680 γινώ-

276 3709 498 3761 σκομεν,
547 3690 630 3742 ὅτι
683 3690 991 3762 μονώτατος
1035 3690 1339 3744 πέπλασται
1395 3693 1422 3746 6
1475 3689 1648 3764 Ἀδάμ
1688 3693 1789 3747 ὑπὸ
1818 3697 1913 3747 τοῦ

274 3782 430 3845 Θεοῦ,
493 3778 544 3831 οἳ
609 3799 667 3832 τε
735 3779 849 3850 μετ’
912 3778 1114 3833 ἐκεῖνον
1183 3785 1442 3854 γεννῶται
1507 3781 1596 3835 καὶ
1654 3787 1909 3856 γεννῶσιν

271 3862 375 3927 ἓως
439 3870 537 3920 τοῦ
602 3866 892 3940 παρόντος.
961 3867 1064 3920 Καὶ
1128 3866 1298 3928 οὕτῶς
1363 3868 1547 3942 χάριτι
1598 3873 1695 3922 τοῦ
1725 3871 1912 3924 Θεοῦὸ

275 3955 482 4028 κόσμος
528 3954 855 4009 συνίσταται.
915 3951 1139 4022 Ἐπειδὴ
1216 3955 1305 4008 καὶ
1363 3962 1505 4009 πᾶσα
1563 3956 1761 4030 βοτάνη
1821 3960 1910 4012 καὶ

277 4044 438 4120 φυτὸν
471 4041 755 4116 προστάξει
807 4046 903 4096 τοῦ
961 4047 1094 4097 Θεοῦ
1161 4043 1266 4097 ἀπὸ
1318 4043 1438 4098 τότε
1466 4050 1623 4118 γεννᾷ
1651 4046 1741 4099 καὶ
1799 4067 1913 4121 γενο

272 4137 445 4194 νᾰται.
476 4135 616 4208 Ἔφη
651 4133 752 4208 γάρ
799 4134 826 4186 6
884 4132 1032 4195 Θεός·
1099 4157 1125 4183 ‹‹
1186 4131 1550 4202 Βλαστησάτω
1580 4137 1614 4204 ἡ
1649 4142 1720 4210 γῆ
1757 4137 1913 4210 βοτά.

271 4241 366 4290 νην
419 4216 644 4294 χόρτοο.
681 4244 708 4270 ››
759 4221 906 4276 Κατὰ
958 4221 1021 4275 τὸ
1078 4220 1396 4296 πρόσταγμα
1443 4221 1606 4276 αὐτοῦ
1650 4219 1911 4294 ἐϐλάστη-

277 4329 361 4363 σεν
393 4303 613 4362 ἕκαστον
644 4305 879 4384 δένδρον,
931 4307 1076 4370 εἶδος
1125 4313 1198 4382 (k)
1258 4309 1489 4384 βοτάνης
1537 4311 1626 4364 καὶ
1659 4316 1826 4388 φυτοῦ
1859 4311 1911 4366 ἐν

273 4397 445 4469 ἑαυτῷ
491 4392 608 4471 ἔχει
658 4399 1028 4472 περματικήν
1079 4395 1328 4470 δύναμιν.
1381 4403 1440 4454 Ἦ
1489 4400 1663 4473 σπορὰ
1693 4399 1749 4454 δέ
1777 4422 1903 4455 παν-

2021 1840 2278 1896 infantes
2326 1841 2385 1893 in
2413 1841 2597 1894 uteris
2627 1839 2967 1905 mulierum,
3016 1844 3246 1911 regeret
3293 1841 3656 1894 Saracenus:

2010 1931 2156 2000 Ergo
2191 1931 2344 1984 Deus
2376 1933 2728 1998 cooperatur
2756 1945 2889 1982 cum
2921 1927 3276 1982 fornicatore
3307 1934 3366 1982 et
3405 1929 3651 1984 moecho.

2077 2017 2354 2071 CHRIST.
2388 2016 2570 2086 Igitur
2603 2016 2677 2070 ad
2729 2017 2853 2070 haec
2884 2015 3241 2085 respondet:
3275 2016 3444 2070 Nullo
3477 2017 3652 2071 modo

2007 2100 2245 2159 invenio
2287 2110 2421 2174 post
2464 2105 2715 2174 primam
2763 2103 3196 2159 hebdomadam
3245 2120 3362 2173 qua
3390 2104 3650 2159 mundus

2007 2190 2196 2248 factus
2229 2198 2335 2259 est,
2383 2193 2745 2264 Scripturam
2795 2196 3179 2257 asserentem,
3234 2191 3392 2261 quod
3439 2192 3651 2247 formet

2005 2282 2159 2336 Deus
2189 2281 2277 2335 vel
2309 2286 2467 2335 creet
2496 2281 2839 2351 quidquam.
2874 2279 3039 2344 Quod
3072 2280 3119 2334 si
3142 2279 3242 2334 illc
3268 2296 3388 2334 non
3419 2281 3655 2350 acquie-

2007 2375 2132 2424 scat
2161 2371 2318 2424 circa
2356 2371 2488 2437 hoc,
2538 2369 2812 2425 ostendat
2858 2368 3266 2437 (Christianus)
3316 2373 3647 2423 creaturam

2006 2458 2096 2511 vel
2127 2458 2473 2529 figmentum
2514 2457 2909 2528 quodcunque
2941 2463 3075 2528 post
3121 2457 3373 2528 primam
3422 2456 3644 2512 hebdo-

2006 2545 2244 2601 madam
2297 2563 2330 2600 a
2377 2547 2494 2599 Deo
2550 2561 2678 2599 esse
2731 2545 3072 2599 nullatenus
3115 2545 3368 2599 ostendi.
3432 2546 3648 2600 Omnes

2009 2635 2169 2689 enim
2201 2633 2464 2688 visibiles
2495 2638 2780 2688 creaturae
2829 2633 3021 2703 prima
3069 2631 3440 2686 hebdomada
3472 2633 3649 2687 exsti-

2006 2728 2224 2777 terunt.
2260 2722 2553 2776 Formavit
2582 2722 2742 2775 enim
2775 2722 2926 2773 Deus
2957 2721 3260 2774 hominem
3293 2720 3484 2790 prima
3514 2721 3652 2774 heb-

2006 2809 2298 2872 domada;
2331 2810 2503 2880 eique
2544 2809 2843 2864 mandavit
2889 2813 2956 2862 ut
2983 2809 3247 2878 gigneret
3294 2813 3352 2861 et
3381 2809 3648 2879 gignere-

2007 2907 2123 2968 tur,
2183 2898 2498 2968 inquiens:
2542 2919 2569 2946 «
2621 2897 2875 2951 Crescite
2927 2902 2984 2949 et
3038 2895 3540 2966 multiplicamini,
3593 2901 3651 2950 et

2006 2987 2231 3058 replete
2263 2985 2526 3041 terram‘.
2556 3008 2582 3034 »
2615 2987 2684 3038 Et
2704 2985 2986 3054 quoniam
3018 2984 3296 3038 animalis
3328 2990 3452 3038 erat
3477 2985 3650 3039 homo

2017 3075 2274 3131 animale
2301 3091 2503 3129 semen
2534 3073 2849 3138 habens,in
2882 3073 3120 3143 propria
3149 3089 3331 3126 uxore
3373 3073 3653 3126 sementis

2019 3164 2407 3237 germinabat.
2449 3161 2843 3226 Quamobrem
2894 3161 3067 3214 homo
3117 3160 3418 3214 hominem
3450 3161 3656 3231 gignit,

2021 3260 2086 3308 ut
2111 3253 2410 3323 Scriptura
2437 3252 2616 3305 dicit:
2652 3271 2676 3302 ι
2711 3251 2896 3304 Adam
2930 3249 3088 3304 enim
3141 3249 3344 3320 genuit
3392 3249 3551 3316 Seth,
3601 3255 3660 3304 et

2021 3343 2156 3396 Seth
2213 3341 2416 3411 genuit
2469 3342 2643 3406 Enos,
2703 3345 2762 3392 et
2818 3341 2972 3392 Enos
3035 3337 3239 3409 genuit
3294 3337 3544 3400 Kainan,
3600 3341 3660 3391 et

2022 3431 2247 3484 Kainan
2298 3429 2492 3500 genuit
2530 3427 2816 3492 Malaleel,
2850 3433 2907 3480 et
2954 3425 3216 3480 Malaleel
3249 3426 3452 3496 genuit
3478 3427 3656 3491 Jaret,

2018 3518 2180 3572 Jaret
2208 3523 2403 3572 autem
2435 3517 2639 3588 genuit
2667 3515 2910 3569 Enocb’.
2949 3535 2973 3564 ι
3008 3517 3186 3568 Porro
3219 3531 3338 3567 non
3369 3514 3554 3567 dixit:
3589 3515 3659 3566 Et

2017 3611 2174 3661 Deus
2205 3605 2477 3659 formavit
2529 3605 2665 3658 Seth
2714 3603 2803 3656 vel
2852 3604 3025 3669 Enos,
3077 3601 3166 3655 vel
3213 3601 3396 3656 alium
3447 3616 3656 3670 quem-

2019 3695 2198 3766 piam.
2236 3695 2381 3748 Hinc
2411 3692 2784 3764 agnoscimus
2815 3707 3000 3745 unum
3045 3706 3286 3760 prorsus
3334 3689 3651 3743 formatum

2017 3783 2200 3838 fuisse
2232 3783 2418 3837 Adam
2450 3797 2484 3835 a
2508 3782 2664 3834 Deo:
2699 3779 2797 3849 qui
2831 3796 2963 3833 vero
2995 3784 3127 3849 post
3156 3778 3326 3832 illum
3360 3784 3516 3840 sunt,
3557 3794 3658 3848 ge-

2019 3876 2304 3926 nerantur
2355 3874 2413 3923 et
2458 3873 2745 3940 generant
2784 3883 2970 3936 usque
3017 3867 3077 3920 in
3110 3882 3371 3936 praesens
3401 3870 3654 3936 tempus,

2019 3966 2193 4029 atque
2209 3960 2317 4012 hoc
2332 3958 2505 4012 modo
2521 3973 2589 4010 ex
2617 3955 2715 4009 Dei
2748 3955 3036 4008 beneficio
3064 3953 3323 4008 mundus
3344 3970 3654 4007 conserva-

2017 4053 2131 4101 tur.
2165 4045 2439 4110 Quinimo
2472 4045 2649 4098 etiam
2679 4042 2872 4097 omnis
2911 4042 3093 4095 herba
3135 4046 3193 4095 et
3231 4040 3432 4110 planta
3473 4040 3648 4110 jussu

2017 4137 2118 4191 Dei
2151 4153 2216 4190 ex
2248 4152 2316 4190 eo
2351 4140 2609 4204 tempore
2638 4138 2880 4204 generat
2908 4137 2966 4186 et
2993 4135 3329 4202 generatur.
3362 4130 3458 4183 Ait
3488 4130 3646 4182 enim

2017 4227 2203 4279 Deus:
2259 4247 2286 4273 ‹‹
2343 4223 2644 4278 Germinet
2684 4227 2841 4275 terra
2889 4220 3134 4274 herbam
3183 4217 3301 4272 feni
3345 4216 3387 4283 ³,
3421 4239 3442 4264 ι
3478 4222 3653 4286 atque

2007 4316 2179 4387 juxta
2209 4317 2565 4384 praaceptum
2581 4310 2710 4380 ejus
2726 4309 3073 4380 germinavit
3089 4323 3325 4361 omnem
3357 4305 3648 4371 arborem,

2018 4412 2076 4460 et
2105 4403 2332 4475 species
2365 4399 2646 4470 quaelibet
2690 4397 2886 4451 herbas
2917 4396 3006 4451 vel
3056 4396 3294 4466 plantae,
3346 4394 3404 4448 in
3439 4397 3652 4448 semet-

270 4486 361 4547 τὸς
394 4491 562 4563 φυτοῦ
592 4485 680 4540 καὶ
734 4487 968 4561 βοτάνης
1011 4485 1260 4562 ἔμψυχός
1304 4487 1466 4557 ἐστιν,
1501 4488 1622 4557 ἥτις
1647 4488 1698 4543 έν
1726 4494 1796 4563 τῇ
1825 4495 1894 4566 γῇ

2019 4509 2137 4565 ipsa
2162 4490 2338 4544 habet
2367 4489 2480 4542 vim
2537 4486 2950 4541 sementinam.
3005 4483 3296 4537 Sementis
3329 4499 3502 4552 porro
3558 4496 3661 4534 cu-

272 4573 433 4630 πάλιν
485 4575 565 4650 ἐφ’
609 4575 802 4638 έαυτῆς
855 4573 1147 4644 πίπτουσα,
1191 4573 1227 4643 ἤ
1274 4577 1362 4630 καὶ
1413 4577 1513 4630 ὑπὸ
1551 4577 1726 4632 ἄλλου
1757 4601 1906 4634 σπει-

275 4665 502 4737 ρομένη,
540 4662 845 4738 βλαστάνει·
902 4662 978 4734 μή
1028 4662 1377 4735 πλαττομένη
1430 4662 1533 4719 ὑπό
1562 4686 1729 4733 τινος,
1761 4665 1906 4723 ἀλλὰ

273 4757 351 4824 τῷ
402 4753 605 4828 πρώτῳ
651 4749 1023 4824 προστάγματι
1071 4755 1166 4805 τοῦ
1213 4756 1344 4806 Θεοῦ
1396 4752 1792 4816 ὑπακούσαντος
1824 4758 1905 4825 (ί).

271 4839 414 4898 Ἰδοὺ
445 4841 572 4917 έγὼ,
622 4839 758 4894 καθὰ
805 4839 995 4914 πρώην
1045 4834 1200 4914 ἔφην,
1251 4839 1588 4910 αὐτεξούσιος
1638 4839 1710 4895 ὢν
1743 4842 1793 4896 ἐν
1827 4844 1908 4904 οἷς

280 4929 465 5004 μόνοις
515 4933 771 5004 προεῖπα,
841 4927 977 4980 ὅπου
1040 4925 1126 4981 ἐὰν
1196 4926 1420 5002 σπείρω,
1479 4927 1574 4982 κᾶν
1643 4929 1718 4990 εἰς
1769 4927 1906 4984 ἰδίαν

344 5107 365 5142 ί
396 5109 538 5164 Gen.
569 5123 611 5176 ι,
640 5107 728 5162 28.
759 5106 781 5141 ³
807 5107 949 5163 Gen.
981 5119 1033 5171 ν,
1067 5108 1098 5161 3
1131 5121 1296 5178 seqq.
1328 5104 1352 5140 ³
1382 5105 1523 5160 Gen.
1553 5122 1594 5176 ι,
1628 5110 1714 5163 11.

2009 4579 2196 4654 jusvis
2223 4578 2438 4649 plautas
2470 4575 2557 4628 vel
2602 4574 2796 4628 herbae
2842 4573 3118 4628 animalis
3168 4578 3294 4635 est;
3345 4587 3474 4640 quas
3523 4585 3652 4622 rur-

2018 4688 2117 4726 sus
2148 4669 2207 4722 in
2239 4673 2457 4721 terram
2491 4681 2595 4735 per
2625 4680 2685 4717 se
2730 4662 3030 4727 decidens,
3081 4661 3168 4715 vel
3219 4661 3394 4713 etiam
3428 4659 3498 4712 ab
3533 4656 3648 4710 alio

2019 4763 2144 4814 sata
2173 4756 2485 4829 germinat,
2513 4769 2632 4808 non
2663 4753 2914 4806 formata
2945 4767 2979 4806 ιι
3025 4765 3345 4821 quoquam.
3395 4746 3497 4800 sed
3525 4744 3646 4814 pri-

2017 4863 2129 4902 mm
2161 4845 2262 4898 Dei
2288 4841 2543 4914 jussioni
2575 4857 2800 4895 morem
2831 4856 3058 4911 gerens.
3092 4841 3236 4892 Ecce
3287 4851 3410 4906 ego,
3443 4848 3647 4903 quem-

2017 4931 2338 4988 admodum
2367 4934 2542 4984 antea
2571 4929 2856 4995 dixeram,
2879 4925 3065 4980 libero
3095 4922 3376 4995 prasditus
3405 4918 3649 4976 arbitrio

1619 5287 1854 5344 VARIE
1911 5289 2307 5345 LEC'I'IONES.

343 5440 405 5509 (ἰ)
437 5436 826 5512 Lequienius:
859 5433 905 5488 ei
936 5431 992 5488 δὲ
1021 5435 1241 5508 ἀπορεῖς
1269 5436 1408 5511 πρὸς
1449 5441 1632 5512 τοῦτο,
1684 5435 1854 5510 δεῖξον
1898 5439 2124 5512 πλάσμα

2250 5437 2422 5492 κτίσιν
2469 5437 2824 5490 οἱαντιναοῦν.
2859 5436 2959 5490 Sin
2988 5452 3121 5490 vero
3149 5435 3220 5490 de
3251 5436 3362 5490 hoc
3392 5434 3647 5501 dubitas,

279 5503 898 5594 ostendellgm‘entum
929 5503 1626 5594 aut‘creat‘urainoullam.
1653 5511 1726 5594 ρ)
1756 5503 2148 5594 Dequienius:
2179 5503 2324 5594 ᾇ).λὰ
2346 5507 2409 5594 ,δὲ
2435 5504 2832 5594 άποδειχθῆναι
2859 5506 3114 5594 τοῦτίοὶοέ
3146 5503 3385 5594 δόναται.
3419 5507 3490 5594 (Ις)
3513 5506 3648 5594 Leq.

279 5579 484 5656 ὁμοίως
513 5575 580 5649 δὴ
599 5575 701 5632 καὶ
737 5575 934 5651 βοτάνη
969 5577 1055 5632 καὶ
1095 5580 1258 5654 φυτὸν
1289 5580 1341 5651 ἐξ
1392 5579 1602 5638 ἑαυτοῦ.
1657 5575 1937 5639 Similiter
1976 5589 2036 5639 et
2081 5583 2265 5640 herba
2307 5587 2364 5637 et
2408 5581 2610 5653 planta
2635 5575 2708 5634 ’ἐκ
2739 5579 2953 5651 seipsa.
2980 5580 3042 5651 (ι)
3074 5575 3243 5634 Forte
3288 5575 3648 5630 ὑπακούσασα.
