3964 6144
372 287 511 345 1339
1882 291 1994 344 AD]

2126 289 2246 344 'DA.
3618 284 3739 340 1340

371 418 435 471 in
458 416 533 471 iis
563 415 851 471 duntaxat
876 431 1007 486 quas
1038 415 1314 487 praefatus
1360 431 1491 470 sum
1519 432 1531 481 ;
1582 413 1920 484 ubicunque
1955 431 1994 467 sc

2126 417 2373 485 γυναῖκα,
2430 413 2523 467 κᾶν
2585 413 2662 473 εἰς
2714 408 3010 485 ἀλλοτρίαν
3064 412 3134 482 τῇ
3188 405 3397 480 ἐξουσίᾳ
3448 429 3555 481 μου
3604 410 3734 484 χρώ-

377 505 622 570 minem,
656 505 771 558 sive
804 505 861 558 in
893 504 1192 575 propriam
1225 520 1466 558 uxorem
1498 504 1614 557 sive
1646 504 1706 556 in
1737 503 1993 556 alienam

2126 521 2303 571 μενος,
2365 497 2752 556 ἀναϐλαστάνει
2803 500 2891 553 καὶ
2940 498 3140 573 γίνεται
3192 502 3270 568 τῷ
3325 498 3529 571 πρώτῳ
3585 519 3737 568 προσ-

378 609 511 647 meo
541 609 686 647 usus
717 592 1315 655 arbitrio,succrescit
1345 598 1401 645 et
1429 592 1723 663 germinat
1752 600 1857 660 per
1877 590 1994 643 obe‘

2126 589 2354 661 τάγματι
2400 595 2495 645 τοῦ
2541 595 2671 645 Θεοῦ
2720 587 3017 644 ὑπακούσα.
3068 587 3186 659 Οὐχ
3230 584 3321 639 ὅτι
3368 587 3457 640 καὶ
3513 608 3599 640 νυν
3635 587 3738 650 καθ’

378 681 664 735 dientiam
693 681 897 750 primm
932 681 1032 733 Dei
1056 680 1333 748 jussioni.
1370 683 1494 734 Non
1527 680 1685 748 quod
1733 679 1824 732 vel
1857 695 1994 732 nunt

2126 678 2348 747 ἱκάστην
2408 678 2619 752 ἡμέραν
2693 676 2917 731 πλάττει
2996 676 3022 728 6
3103 675 3231 736 Θεὸς
3298 676 3383 728 καὶ
3456 674 3731 749 ἐργάζεται·

374 768 639 839 quotidie
661 768 877 821 formet
908 769 1058 821 Deus
1092 774 1149 821 et
1178 769 1763 838 operetur;quoniam
1805 769 1865 819 in
1896 767 1985 836 pri

2126 764 2306 833 ἐπειδὴ
2340 767 2389 820 ἐν
2419 771 2486 840 τῇ
2536 768 2726 841 πρώτῃ
2777 761 3038 835 ἒϐὃομάδι
3099 786 3125 813 ι(
3160 762 3406 831 ἐποίησεν
3441 764 3470 817 6
3503 763 3627 825 Θεὸς
3655 764 3734 816 τὸν

374 872 473 911 ma
520 856 889 910 hebdomada
946 855 1085 909 fecit
1123 858 1273 909 Deus
1322 857 1532 910 coelum
1563 862 1621 909 et
1654 862 1865 909 terram
1884 854 1994 907 uni-

2126 855 2345 925 οὐρανὸν
2399 858 2487 910 καὶ
2542 858 2641 924 τὴν
2691 863 2793 930 γῆς
2843 855 2931 908 καὶ
2981 855 3075 907 τὸν
3127 852 3409 924 σύμπαντα
3465 852 3664 924 κόσμον
3694 851 3735 924 ἕξ

376 958 728 1012 versumque
760 942 1049 996 mundum
1083 960 1185 996 sex
1220 943 1448 1011 diebus,
1480 944 1730 1012 septima
1758 958 1891 995 vero
1923 959 1994 995 re-

2126 944 2374 1017 ἡμέραις,
2433 945 2521 998 καὶ
2596 944 2663 1017 τῇ
2734 939 2941 1014 ἑϐδόμη
3000 942 3322 995 κατέπαυσεν
3383 942 3490 994 ἀπὸ
3542 942 3735 994 παντων

375 1032 595 1101 quievit
619 1032 689 1085 ab
722 1031 1001 1085 omnibus
1033 1032 1313 1101 Operibus
1361 1033 1481 1086 suis
1533 1049 1663 1100 qua)
1708 1048 1994 1102 aggressu:

2126 1036 2221 1085 τῶν
2281 1028 2452 1106 ἔργων
2513 1032 2696 1098 αὐτοῦ,
2755 1028 2953 1104 ᾔρξατο
2992 1034 3192 1083 ποιεῖν.
3238 1052 3266 1080 ››
3333 1030 3514 1090 καθὼς
3572 1029 3656 1083 καὶ
3706 1031 3735 1096 ἡ

372 1126 461 1176 est
508 1121 701 1175 facere
732 1119 773 1188 ⁴,
810 1142 837 1170 ››
873 1121 1375 1190 quemadmodum
1430 1136 1664 1190 quoque
1714 1120 2014 1190 Scriptura

370 1208 517 1263 mihi
552 1213 818 1263 testatur.

441 1297 793 1351 SABAC.Ait
826 1297 977 1350 Deus
1011 1296 1083 1349 ad
1108 1296 1443 1349 Jeremiam:
1477 1318 1503 1344 ‹‹
1533 1298 1864 1365 Antequam
1894 1295 2015 1349 for-

370 1400 597 1439 marem
630 1389 683 1437 te
716 1401 786 1438 ex
816 1390 982 1438 utero
1015 1384 1146 1438 novi
1179 1389 1256 1449 te,
1292 1390 1347 1437 et
1374 1401 1443 1438 ex
1473 1385 1717 1438 matrice
1751 1384 2010 1437 sanctifi-

370 1472 491 1528 cavi
518 1478 571 1526 te
602 1473 641 1525 ⁶.
678 1494 704 1521 ››

439 1561 706 1615 CHRIST.
740 1559 1070 1630 Cujuslibet
1099 1560 1358 1615 hominis
1410 1577 1479 1613 ex
1525 1565 1691 1614 utero
1740 1559 2015 1613 formavit

369 1650 522 1703 Deus
544 1647 863 1701 animalem
886 1663 952 1702 ac
969 1648 1363 1702 sementinam
1393 1647 1665 1702 virtutem
1694 1647 1765 1700 ab
1788 1646 2011 1702 Adamo

368 1742 543 1807 atque
572 1736 873 1807 deinceps.
908 1736 1093 1790 Adam
1124 1737 1282 1791 enim
1315 1738 1375 1791 in
1407 1742 1605 1791 ventre
1655 1736 1879 1791 habens
1912 1735 2007 1789 Se-

369 1825 535 1879 thum
567 1824 788 1896 genuit,
823 1829 888 1877 ut
920 1824 1199 1894 praafatus
1231 1841 1383 1891 sum,
1418 1825 1626 1878 Sethus
1670 1841 1804 1877 vero
1849 1825 2008 1877 Eno-

369 1930 519 1968 sum.
554 1915 623 1967 Et
650 1912 839 1983 quivis
872 1913 1046 1965 homo
1074 1929 1208 1967 cum
1250 1918 1387 1967 ante
1435 1912 1649 1966 habeat
1700 1913 1761 1965 in
1813 1917 2016 1967 ventre

368 2002 558 2057 illium
593 2018 763 2056 suum
795 2001 997 2072 gignit,
1036 2000 1310 2070 ﬁliusque
1343 2001 1519 2054 etiam
1552 2017 1739 2070 usque
1772 2001 1831 2054 in
1863 2018 2015 2070 prae-

369 2107 505 2145 sens
541 2096 792 2160 tempus.
824 2089 977 2143 Illud
1008 2106 1143 2143 vero
1172 2107 1182 2143 :
1215 2112 1241 2141 α
1267 2092 1347 2143 Ex
1376 2090 1621 2144 matrice
1657 2084 2014 2144 sanctiﬁcavi

368 2184 425 2232 te
453 2195 465 2231 :
498 2200 524 2227 n
561 2178 621 2231 in
652 2194 721 2232 eo
748 2178 937 2247 cogita
980 2176 1143 2230 illam
1197 2194 1328 2246 qua)
1360 2193 1562 2230 revera
1592 2183 1832 2246 generat
1862 2178 2015 2232 ﬁlios

369 2265 489 2328 dei,
515 2266 685 2335 juxta
727 2265 915 2318 sancti
963 2265 1259 2335 Evangelii
1291 2265 1697 2318 testimonium
1728 2282 1739 2317 :
1772 2287 1800 2313 «
1837 2267 2011 2330 Quot-

366 2357 510 2423 quot
540 2353 697 2406 enim
729 2358 1085 2422 receperunt
1110 2369 1266 2419 eum,
1300 2352 1514 2421 inquit,
1561 2352 1725 2406 dedit
1775 2353 1858 2406 eis
1907 2371 2013 2423 po-

366 2445 639 2495 testatem
673 2439 826 2494 filios
862 2439 960 2494 Dei
995 2440 1144 2494 ﬁeri.
1192 2441 1297 2504 Qui
1345 2440 1600 2495 credunt
1628 2441 1687 2494 in
1730 2457 1886 2507 eum,
1922 2442 2015 2495 in-

366 2530 531 2599 quit;
565 2528 665 2598 qui
692 2545 812 2582 non
844 2544 913 2582 ex
947 2528 1353 2599 sanguinibus,
1388 2544 1579 2597 neque
1608 2544 1678 2582 ex
1712 2528 2011 2583 voluntate

366 2617 496 2682 viri,
530 2617 632 2671 sed
663 2632 732 2670 ex
766 2618 881 2669 Deo
914 2615 1036 2669 nati
1069 2622 1207 2669 sunt
1235 2614 1257 2647 δ
1289 2636 1317 2663 ››
1350 2632 1455 2686 per
1483 2616 1864 2685 baptismum.

438 2704 946 2759 ADVERSARIUS.
982 2705 1208 2774 Ergone
1254 2710 1389 2756 ante
1422 2704 1720 2757 Christum
1752 2709 1879 2758 erat
1907 2704 2012 2758 ba-

370 2793 584 2863 ptisma
605 2796 631 2847 ?
660 2793 940 2847 Jeremias
973 2792 1132 2845 enim
1163 2797 1299 2845 ante
1348 2793 1643 2845 Christum
1694 2798 1867 2846 natus
1900 2799 2007 2848 est.

440 2882 711 2936 CHRIST.
746 2883 881 2935 Erat
908 2882 1115 2950 utique
1151 2882 1321 2951 juxta
1371 2882 1776 2935 testimonium
1821 2884 2007 2936 sancti

365 2969 628 3039 Apostoli
657 2968 906 3022 dicentis
945 2969 1090 3022 alios
1122 2986 1227 3038 per
1272 2969 1513 3031 nubem,
1547 2970 1694 3023 alios
1744 2986 1875 3022 vero
1907 2987 2011 3039 per

367 3072 529 3110 mare
560 3056 741 3109 fuisse
772 3056 1110 3127 baptizatos.
1147 3059 1215 3109 Et
1245 3058 1525 3111 Dominus
1567 3058 1626 3111 in
1680 3058 2005 3130 Evangeliis

2118 1121 2302 1196 Γραφὴ
2337 1125 2599 1195 μαρτυρεῖ
2631 1141 2744 1192 μοι.

2188 1295 2249 1351 Ὁ
2308 1293 2364 1349 δὲ
2422 1297 2863 1352 ΣΑΡΑΚΗΝΟΣ.
2918 1295 3089 1364 Φησὶν
3138 1295 3165 1347 6
3211 1294 3340 1355 Θεὸς
3399 1294 3539 1367 πρὸς
3598 1297 3736 1367 Ἰερε-

2122 1382 2269 1454 μίαν·
2311 1405 2331 1433 α
2366 1386 2476 1457 Πρὸ
2521 1389 2618 1438 τοῦ
2679 1385 2771 1456 μὲν
2824 1383 3025 1437 πλάσαι
3085 1403 3141 1437 σε
3185 1382 3243 1436 ἐκ
3285 1382 3499 1444 κοιλίας
3534 1382 3737 1438 ἐπίστα-

2121 1470 2217 1542 μαί
2248 1492 2324 1539 σε,
2356 1471 2443 1525 καὶ
2475 1470 2535 1525 ἐκ
2567 1473 2775 1544 μήτρας
2807 1468 3007 1545 ἡγίακαὶ
3037 1490 3112 1528 σε.
3149 1493 3177 1521 ››

2186 1560 2249 1615 Ὀ
2281 1562 2514 1615 ΧΡΙΣΤ.
2551 1560 2751 1620 Παντὸς
2781 1556 2974 1632 ἀνδρὸς
3006 1557 3066 1612 ἐκ
3094 1556 3310 1618 κοιλίας
3340 1556 3571 1612 ιπλασεν
3605 1559 3735 1630 (m)6

2116 1647 2245 1709 Θεὸς
2302 1648 2401 1716 τήν
2460 1641 2707 1721 ἔμψυχον
2767 1648 2857 1700 καὶ
2923 1646 3295 1719 σπερματικήν
3356 1644 3587 1718 δύναμιν
3643 1645 3734 1699 ἀπὸ

2119 1733 2297 1807 ’Δδὰμ
2325 1737 2410 1789 καὶ
2446 1737 2690 1804 καθεξῆς.
2754 1732 2933 1806 Ἀδὰμ
2984 1735 3083 1809 γὰρ
3146 1733 3196 1787 ἐν
3246 1732 3437 1803 κοιλίᾳ
3465 1728 3628 1808 ἔχων,
3656 1733 3731 1787 τὸν

2123 1824 2237 1891 Σὴθ
2280 1822 2554 1897 ἐγέννησεν
2589 1824 2661 1883 ὡς
2693 1828 2977 1897 προεῖπον,
3025 1822 3113 1876 καὶ
3160 1823 3274 1890 Σὴθ
3317 1823 3411 1876 τὸν
3447 1823 3633 1889 Ἐνὼς,
3659 1822 3733 1875 xui

2121 1908 2341 1971 ἕκαστος
2375 1909 2658 1985 ἅνθρωπος
2688 1912 2943 1984 προέχων
2993 1910 3045 1963 ἐν
3091 1913 3159 1982 τῇ
3208 1908 3394 1979 κοιλίᾳ
3425 1909 3588 1963 αὐτοῦ
3616 1908 3733 1980 υἱὸν,

2119 1999 2206 2052 καὶ
2240 2000 2266 2053 6
2297 2000 2412 2060 υἱὸς
2446 1999 2699 2072 ἐγέννησε
2727 2000 2815 2053 καὶ
2875 2002 2936 2051 νᾶ
2991 2004 3069 2060 (η)
3120 2000 3241 2070 (sic)
3295 1999 3467 2071 μέχρι
3496 2002 3591 2051 τοῦ
3618 2017 3732 2071 παρ-

2121 2087 2294 2150 όντος.
2326 2088 2398 2141 Τὸ
2447 2085 2523 2155 δὲ,
2577 2113 2603 2138 ‹‹
2637 2090 2732 2141 Ἐκ
2786 2089 2992 2160 μήτρας
3022 2086 3220 2161 ἡγίακᾶ
3251 2107 3328 2155 σε,
3366 2110 3394 2137 ››
3425 2087 3619 2156 νόησον
3650 2086 3730 2152 τὴν

2120 2173 2286 2238 ὅντως
2319 2182 2583 2250 γεννῶσαν
2642 2178 2706 2229 τὰ
2753 2176 2908 2230 τὲκνα
2961 2180 3058 2229 τοῦ
3115 2180 3270 2243 Θεοῦ,
3317 2176 3457 2229 κατό
3488 2177 3582 2244 τὴν
3616 2194 3733 2246 μαρ-

2115 2266 2303 2337 τυρίαν
2356 2269 2451 2319 τοῦ
2509 2264 2661 2339 ἁγίου
2718 2263 3078 2338 Εὐαγγελίου.
3146 2288 3173 2315 ‹‹
3204 2266 3361 2320 ’Ὁσοι
3414 2264 3517 2337 γὰρ
3558 2258 3728 2316 ἔλαϐον

2116 2353 2302 2421 αὐτὸν,
2360 2353 2543 2429 φησὶν,
2602 2350 2796 2407 ἔδωκεν
2855 2352 3038 2412 αὐτοῖς
3096 2350 3333 2423 ἐξουσίαν
3407 2352 3569 2406 τέκνα
3619 2354 3728 2404 Θεοῦ

2114 2441 2378 2513 γενέσθαι,
2426 2445 2541 2501 τοῖς
2598 2440 2936 2494 πιστεύουσιν
2989 2439 3062 2500 είς
3114 2440 3297 2508 αὐτὸν,
3356 2439 3546 2516 φησὶν,
3578 2437 3624 2493 οἳ
3650 2437 3729 2491 οὐκ

2117 2527 2166 2597 ἐξ
2198 2528 2465 2599 αἱμάτων,
2500 2525 2623 2581 οὐδὲ
2670 2526 2729 2581 ἐκ
2773 2526 3084 2599 θελήματος
3126 2525 3339 2601 ἀνδρὸς,
3374 2526 3506 2582 ἀλλ’
3540 2526 3593 2581 ἐκ
3618 2529 3727 2581 Θεοῦ

2116 2616 2471 2691 ἐγεννήθησαν
2507 2640 2533 2665 ››
2567 2614 2653 2669 διὰ
2682 2620 2779 2669 τοῦ
2815 2617 3209 2687 βαπτίσματος.

2183 2705 2244 2759 Ὀ
2276 2701 2331 2757 δὲ
2365 2705 2743 2771 ΕΝΑΝΤΙΟΣ,
2772 2704 2859 2756 καὶ
2920 2705 2987 2771 ἦν
3020 2705 3124 2776 πρὸ
3154 2707 3401 2775 Χριστοῦ
3436 2705 3725 2779 βάπτισμαε

2115 2793 2142 2844 6
2173 2793 2275 2865 γὰρ
2307 2791 2569 2864 Ἱερεμίας
2600 2791 2706 2865 πρὸ
2734 2795 2966 2865 Χριστοῦ
2986 2797 3252 2865 γεννᾶται.

2185 2883 2245 2937 ’0
2275 2884 2510 2937 ΧΡΙΣΤ.
2571 2884 2687 2949 Ἦν,
2746 2882 2883 2935 κατὰ
2936 2884 3035 2949 τὴν
3099 2880 3397 2955 μαρτυρίαν
3454 2886 3549 2936 τοῦ
3601 2879 3725 2954 ἁγίου

2114 2969 2452 3025 Ἀποστόλου
2484 2968 2799 3031 φάσκοντοςο
2848 2971 2931 3023 ὅτι
2974 2970 3025 3023 οἱ
3079 2972 3171 3041 μὲν
3223 2967 3312 3023 διὰ
3336 2965 3729 3045 νεφέλτ,ς,οἱδὶ

2116 3056 2204 3112 διὰ
2232 3056 2505 3126 θαλάσσης
2559 3053 2979 3126 ἐϐαπτίσθησαν.
3038 3057 3138 3114 Καὶ
3190 3058 3217 3111 6
3261 3057 3469 3132 Κύριος
3498 3056 3547 3111 ἐν
3581 3057 3725 3130 Εὐαγ-

363 3145 483 3199 ait:
508 3166 535 3192 υ
570 3146 686 3198 Nisi
721 3145 853 3214 quis
886 3151 1163 3198 nascatur
1204 3162 1272 3199 ea
1302 3162 1455 3215 aqua
1505 3152 1557 3199 et
1604 3146 1833 3215 spiritu,
1883 3164 1994 3200 non

2126 3144 2320 3220 γελίοις
2354 3145 2536 3222 φησίν·
2590 3170 2617 3196 ‹‹
2653 3146 2771 3200 Ἐὰν
2829 3147 2903 3217 μή
2954 3167 3037 3207 τις
3080 3150 3312 3219 γεννηθῇ
3345 3120 3421 3199 δι’
3452 3145 3632 3206 ὕδατος
3654 3144 3724 3198 καὶ

362 3234 727 3306 ingredietur
755 3251 998 3305 regnum
1019 3236 1343 3289 caelorum".
1366 3258 1393 3284 ››
1413 3236 1687 3305 Adeoque
1712 3236 2004 3291 Abraham

366 3329 425 3377 et
452 3326 610 3377 Isaac
643 3329 701 3375 et
730 3323 904 3376 Jacob
937 3324 1252 3392 caaterique
1298 3330 1433 3376 ante
1464 3324 1756 3377 Christum
1792 3326 2003 3387 sancti,

365 3411 464 3480 qui
498 3411 743 3481 ingressi
775 3416 913 3463 sunt
960 3428 1206 3482 regnum
1248 3412 1549 3471 cmlorum.
1585 3414 1697 3466 nisi
1732 3413 2001 3483 baptizati

360 3497 635 3564 fuissent,
668 3515 786 3551 non
836 3499 1039 3567 utique
1089 3500 1339 3553 salutem
1388 3499 1640 3553 fuissent
1679 3503 1998 3556 consecuti.

367 3587 635 3640 Testatur
664 3586 721 3639 id
749 3603 880 3640 vero
918 3587 990 3656 Sp
1019 3588 1165 3642 ritus
1216 3593 1453 3642 sanctus
1487 3589 1800 3658 inquiens:
1840 3611 1864 3639 ιι
1896 3590 2001 3643 Ab-

364 3673 604 3727 alienati
636 3680 773 3727 sunt
803 3681 1139 3743 peccatores
1170 3693 1202 3730 a
1229 3677 1476 3741 vulva3,n
1509 3678 1617 3731 hoc
1648 3684 1736 3729 est
1756 3693 1789 3729 a
1810 3677 2002 3747 bapti—

368 3768 574 3815 smate.
603 3761 997 3825 Quomobrem
1030 3764 1623 3828 confitemur,omnes
1654 3782 1753 3818 eos
1785 3766 1881 3834 qui
1913 3765 2000 3819 vel

366 3849 568 3902 salvati
602 3855 739 3901 sunt
769 3850 855 3902 vel
887 3850 1205 3915 salvantur,
1255 3870 1359 3921 per
1408 3853 1765 3923 baptismum
1798 3854 2001 3908 salvati

360 3941 501 3990 sunt
528 3936 616 3989 vel
651 3936 951 3990 salvantur
980 3939 1081 3992 Dei
1112 3940 1316 4009 gratia.

432 4112 679 4165 SARAC.
742 4113 1121 4183 Interrogavit
1168 4114 1405 4168 dicens:
1451 4115 1847 4170 Christianum
1899 4118 1998 4188 qui

352 4200 495 4254 facit
524 4200 880 4254 voluntatem
907 4202 1220 4271 ipsiusmet
1252 4204 1371 4269 Dei,
1403 4203 1706 4259 bonumne
1735 4223 1864 4260 esse
1911 4208 1997 4261 ais

356 4287 447 4341 vel
479 4287 700 4341 malum
721 4288 748 4342 ?

430 4378 768 4445 Agnoscens
798 4382 994 4431 autem
1026 4378 1316 4434 vafritiem
1375 4382 1524 4450 ejus,
1578 4382 1867 4451 CHRIST.,
1899 4383 1995 4438 in-

361 4464 527 4534 quit:
562 4464 711 4528 Quid
746 4464 845 4518 tibi
879 4466 1022 4520 velis
1056 4468 1197 4523 scio.

434 4551 682 4605 SABAC.
717 4552 917 4607 Indica
947 4553 1095 4607 illud
1125 4555 1289 4608 mihi°

430 4639 698 4693 CHRIST.
733 4641 937 4695 Dicere
986 4642 1069 4695 vis
1118 4643 1189 4696 ad
1239 4659 1371 4709 me;
1404 4644 1669 4697 Christus
1700 4644 1995 4700 voluntate

358 4741 567 4797 passus
599 4732 707 4794 est,
741 4744 815 4782 an
851 4728 1012 4781 non?
1051 4730 1216 4791 Quod
1265 4730 1311 4783 si
1355 4732 1458 4783 tibi
1505 4731 1742 4785 dixero:
1782 4732 1992 4786 Volun-

359 4819 475 4869 tate
508 4832 715 4885 passus
748 4822 873 4880 est;
908 4816 1053 4870 mihi
1105 4833 1395 4886 repones:
1446 4819 1574 4883 Abi,
1631 4836 1765 4891 ergo
1814 4821 1995 4875 adora

356 4904 609 4968 Iudaeos,
643 4906 926 4973 quoniam
957 4905 1317 4960 voluntatem
1343 4907 1445 4961 Dei
1478 4908 1556 4961 tui
1587 4908 1874 4963 fecerunt.

2111 3234 2436 3306 πνεύματος,
2470 3234 2530 3287 οὐ
2566 3235 2641 3305 μή
2677 3234 2891 3308 εἰσέλθῃ
2942 3234 3016 3295 εἰς
3064 3237 3160 3302 τὴν
3201 3233 3483 3308 βασιλείαν
3515 3240 3614 3288 τῶν
3640 3233 3720 3287 οὖ-

2112 3328 2306 3393 ρανῶν.
2344 3347 2369 3373 »
2421 3330 2577 3376 Ὥστε
2625 3324 2651 3376 6
2701 3319 2957 3395 Ἀϐραὰμ
3007 3323 3096 3376 καὶ
3143 3323 3323 3378 Ἰσαὰκ
3382 3327 3475 3378 καὶ
3533 3317 3717 3389 Ἰακὼϐ,

2109 3411 2197 3464 καὶ
2257 3412 2308 3463 0i
2367 3410 2554 3464 λοιποὶ
2608 3411 2712 3483 πρὸ
2766 3412 2997 3484 Χριστοῦ
3051 3412 3193 3484 ἅγιοι
3242 3412 3612 3487 εἰσερχόμενοι
3656 3410 3715 3467 εἷς

2108 3501 2206 3567 τὴν
2271 3496 2546 3572 βασιλείαν
2604 3503 2710 3551 τῶν
2770 3498 3034 3571 οὐρανῶν,
3089 3498 3139 3553 εἴ
3188 3502 3262 3569 μή
3306 3496 3716 3571 πιτοεὸαπτίσθη-

2110 3587 2351 3651 σαν,οὐκ
2406 3584 2464 3639 ἂν
2524 3587 2805 3654 ἐσώζοντο.
2871 3592 3141 3660 Μαρτυρεῖ
3197 3586 3254 3641 δὲ
3311 3592 3374 3643 τὸ
3435 3594 3635 3659 Πνεῦμα
3666 3585 3715 3637 τὸ

2110 3675 2279 3749 ἅγιον,
2308 3674 2489 3748 λὲγον-
2528 3699 2553 3724 ‹‹
2585 3674 3121 3748 Ἀπηλλοτρώθησαν
3184 3678 3235 3729 οἱ
3285 3677 3598 3752 ἁμαρτωλοὶ
3627 3674 3712 3727 ἀπὸ

2112 3766 2343 3834 μήτρας,
2379 3765 2581 3817 »τοῦτ’
2623 3761 2731 3817 ἔστι
2791 3766 2889 3830 τῆς
2947 3768 3042 3818 τοῦ
3101 3765 3494 3837 βαπτίσματος.
3550 3764 3715 3835 Χάριτι

2106 3851 2299 3905 τούτου
2332 3852 2737 3924 ὁμολογοῦμεν,
2790 3851 2871 3905 ὃτι
2930 3853 3120 3913 πάντες
3177 3854 3230 3905 οἱ
3288 3856 3539 3915 σωθέντες
3570 3849 3716 3905 καὶοἱ

2109 3941 2409 4009 σωζόμενοι
2460 3937 2549 3993 διὰ
2609 3940 2977 4012 βαπτίσματος
3035 3940 3310 4010 ἐσώθησαν
3363 3942 3454 3997 καὶ
3485 3944 3715 4009 σώζονται

2107 4027 2292 4101 χάριτι
2325 4031 2477 4084 Θεοῦ.

2115 4178 2133 4183 _
2175 4116 2235 4172 Ὀ
2313 4122 2471 4171 ΣΑΡ.
2550 4116 2737 4188 ἠρώτα
2812 4114 3004 4190 λέγων·
3081 4118 3183 4172 Τὸν
3260 4118 3573 4193 Χριστιανὸν
3636 4114 3709 4168 τὸν

2105 4209 2365 4258 ποιοῦντα
2422 4205 2483 4257 τὸ
2543 4203 2761 4276 θέλημα
2817 4204 2978 4259 αὑτοῦ
3033 4209 3130 4260 τοῦ
3186 4210 3344 4277 Θεοῦ,
3400 4206 3559 4261 καλὸν
3601 4203 3707 4257 εἶναι

2107 4296 2285 4366 Λέγεις
2317 4295 2350 4360 ἢ
2384 4291 2546 4346 κακόν
2576 4312 2590 4359 ;

2176 4380 2341 4443 Γνοὺς
2370 4379 2427 4435 δὲ
2455 4382 2552 4448 τὴν
2608 4383 2938 4455 πανουργίαν
2999 4382 3164 4438 αὐτοῦ
3222 4385 3250 4439 6
3310 4381 3703 4441 ΧΡΙΣΤῙΔΝΟΣ

2028 4477 2072 4539 D
2104 4463 2226 4545 ἔφη’
2259 4470 2325 4521 "tl
2357 4467 2529 4531 θέλεις
2562 4467 2734 4522 εἴπεῖν
2765 4468 3077 4542 ἐπίσταμαι.

2175 4557 2232 4612 '0
2262 4562 2415 4611 ΣΑΡ.
2450 4555 2771 4629 Φανέρωσόν
2808 4577 2900 4629 μοι
2932 4556 3084 4613 αὐτό.

2175 4644 2235 4699 Ὁ
2267 4645 2491 4699 ΧΡΙΣΤ.
2528 4643 2710 4698 Εἲπεῖν
2759 4645 2932 4706 θέλεις
2983 4647 3119 4719 πρὸς
3168 4645 3286 4718 ἐμὶ,
3337 4645 3418 4701 ὅτι
3451 4648 3478 4701 6
3508 4640 3700 4716 Χριστὸς

2103 4730 2270 4803 θέγων
2297 4726 2509 4800 ἔτιτοιθιὶν,
2541 4728 2577 4800 ἦ
2614 4733 2689 4803 μὴ
2724 4733 2933 4801 θὲλων;
2984 4734 3086 4789 Καὶ
3132 4732 3217 4787 ἐάν
3249 4755 3333 4788 σοι
3365 4733 3519 4788 εἷ’πω.
3550 4727 3697 4786 Θέλων

2102 4813 2314 4883 ἔπαθεν,
2367 4817 2458 4872 ἵνα
2519 4840 2610 4892 μοι
2671 4818 2847 4893 εἷ’πῃς,
2902 4820 3158 4887 Ἀπελθε,
3205 4823 3571 4891 προσκύνησον
3596 4815 3695 4873 τοὺς

2102 4903 2418 4978 Ἰουδαίους,
2452 4906 2639 4977 ἐπειδή
2672 4910 2731 4962 τὸ
2762 4907 2980 4982 θέλημα
3002 4915 3096 4964 τοῦ
3128 4915 3260 4965 Θεοῦ
3293 4910 3566 4981 ἐποίησαν.

428 5078 452 5112 ⁴
484 5081 623 5135 Gen.
657 5096 717 5147 II,
748 5084 771 5133 1
804 5084 859 5134 2.
891 5081 914 5114 ⁵
940 5082 1153 5136 Jerem.
1188 5099 1225 5147 ι,
1258 5085 1309 5136 5.
1340 5084 1362 5117 ⁸
1390 5085 1555 5140 Joan.
1588 5102 1624 5150 1,
1658 5090 1743 5153 12,
1778 5089 1862 5142 13.
1890 5088 1910 5122 ⁷
1941 5090 1994 5143 Jc

2137 5106 2223 5157 ιιι,
2256 5091 2308 5142 5.
2339 5089 2360 5122 ⁸
2390 5087 2544 5143 Psal.
2572 5105 2699 5156 Lvn,
2731 5091 2785 5143 4.

1702 5278 1937 5335 νΑΒΙᾸΞ
1996 5281 2398 5337 LECTIONES.

428 5422 527 5503 (νηὶ
553 5421 942 5507 ιθςολπάντξως
976 5422 1064 5507 οὖν
1098 5424 1148 5504 ἓν
1180 5427 1361 5507 μῄτρᾳ
1389 5424 2111 5507 ἔπλασε-νζλὶςξᾷἝμψυχον
2150 5429 2240 5483 xui
2289 5432 2659 5507 σπερματικήν
2710 5428 2931 5507 δύναμιν
2966 5430 3141 5507 ’Λδαμ
3169 5433 3221 5488 ἰν
3254 5437 3321 5507 τῇ
3352 5432 3526 5503 κοιλίᾳ
3551 5426 3686 5507 ἔχων.

358 5493 625 5566 Omnino
648 5493 915 5566 igituriin
944 5493 1187 5566 matrice
1218 5493 1506 5553 formavit.
1559 5500 1829 5554 CHRIST.
1884 5493 2213 5557 animalem
2260 5493 2652 5560 sementinam
2689 5493 2963 5562 virtutem
3008 5493 3267 5566 Adamus
3297 5493 3367 5565 'in
3395 5493 3685 5564 ventre'ba-

354 5562 522 5621 hens.
556 5564 634 5635 (n)
666 5565 896 5622 Voculis
924 5564 1014 5619 xui
1041 5569 1105 5619 νᾶ
1134 5568 1285 5624 nihil
1312 5570 1630 5642 respondet
1654 5571 1715 5626 in
1748 5573 2061 5643 Lequieno-
