3964 6144
238 321 376 379 1341

1225 329 1660 386 DISPUTA'I'IO
1695 318 2058 384 SABACENI
2092 327 2188 382 ΕΤ
2221 325 2659 380 CHRISTIANI.

3488 300 3626 382 isis

308 447 370 504 Ὁ
403 449 555 504 ΣΑΡ.
590 445 804 520 Οὕτως,
830 447 985 526 φησὶ,
1037 451 1119 504 σοὶ
1164 447 1363 520 ἤθελον
1415 451 1604 506 εἰπεῖν·
1655 447 1728 508 Ei’
1767 447 1878 504 ἐστί

2066 450 2311 505 SARAC.
2343 450 2460 504 Hoc
2486 449 2688 520 utique
2719 447 2823 504 tibi
2873 448 3067 504 dicere
3107 449 3413 519 volebam;
3448 455 3625 523 atque

252 555 338 590 σοι
370 533 561 610 λόγος,
595 535 922 611 ἀποκρίθητί
956 559 1068 610 μοι,

312 628 368 677 ‘0
427 625 648 680 ΧΡΙΣΤ.
711 623 785 678 Σὺ
840 623 1015 699 λέγεις
1071 626 1284 701 θέλημα
1337 627 1494 697 εἶναι,
1553 627 1660 703 ἐγὼ
1740 624 1884 700 λέγω

249 712 458 787 ἀνοχὴν
489 711 579 766 καὶ
617 711 1016 787 μακροθυμίαν,

317 801 380 857 Ὀ
414 803 568 857 ΣΑΡ.
605 801 770 858 Πόθεν
806 798 936 874 δύνῃ
963 806 1129 857 τοῦτο
1155 812 1528 880 παραστῆσαιε

316 889 373 941 '0
403 891 642 946 ΧΡΙΣΤ.
677 888 772 942 Διά
823 891 1159 965 πραγμάτων
1209 890 1306 971 ἔφη
1362 895 1497 970 πρὸς
1547 893 1882 969 Σαρακηνόν·

245 974 576 1050 Καθημένου
599 976 738 1050 ἐμοῦ
768 979 858 1031 καὶ
907 983 1027 1049 σοῦ,
1079 979 1115 1049 ἢ
1165 983 1479 1054 ἱσταμένου,
1529 980 1745 1035 δύναταί
1798 1000 1884 1041 τις

243 1065 296 1138 ἒξ
329 1068 488 1139 ἡμῶν
523 1063 646 1120 ἄνευ
674 1071 776 1134 τῆς
825 1064 1060 1138 ἐξουσίας
1106 1068 1194 1122 καὶ
1237 1067 1545 1132 δεσποτείας
1599 1073 1694 1124 τοῦ
1749 1070 1884 1124 Θεοῦ

247 1153 545 1223 ἀναστῆναι
575 1155 610 1224 ἢ
642 1155 927 1223 κινηθῆναι
954 1173 968 1223 ;

313 1241 414 1297 Καὶ
445 1243 473 1297 6
507 1249 660 1300 ΣΑΡ.
693 1240 788 1298 Οῦ.

313 1331 374 1388 Ὁ
407 1333 640 1388 ΧΡΙΣΤ.
671 1339 776 1388 Τοῦ
835 1338 969 1390 Θεοῦ
1027 1333 1295 1405 εἰπόντος,
1355 1335 1442 1402 Μή
1509 1334 1741 1408 κλέψῃς,
1804 1335 1879 1408 μὴ

246 1417 575 1493 πορνεύσῃς,
612 1422 686 1492 μὴ
723 1423 1011 1496 φονεύσῃς,
1043 1421 1106 1476 ού
1166 1420 1310 1486 θέλει
1356 1422 1444 1476 ἳνα
1473 1419 1766 1496 κλέψωμεν
1797 1421 1884 1476 καὶ

245 1506 627 1582 πυρνεύσωμεν
659 1511 748 1563 καὶ
780 1511 1152 1588 φονεύσωμεν.

317 1599 379 1655 Ὀ
415 1600 570 1655 ΣΑΡ.
605 1599 771 1674 Οὐχί.
826 1601 891 1658 Εἰ
951 1601 1055 1676 γὰρ
1105 1595 1308 1670 ἔθελεν,
1359 1597 1544 1658 ούκᾶν
1578 1602 1742 1671 εἶπεν,
1792 1603 1878 1671 Μὴ

246 1683 478 1761 κλέψῃς,
515 1689 590 1761 μὴ
623 1689 940 1764 πορνεύσῃς,
968 1692 1044 1762 μὴ
1077 1688 1360 1767 φονεύσῃς.

315 1864 374 1920 Ὁ
403 1864 632 1922 χΡιΣτ.
666 1866 804 1939 Δόξα
832 1866 910 1936 τῷ
933 1870 1069 1938 Θεῷ,
1101 1865 1183 1920 ὅτι
1214 1865 1276 1920 σὺ
1308 1866 1678 1942 ὡμολόγησας
1705 1866 1879 1942 λέγων

246 1952 279 2006 ἅ
311 1951 454 2016 θέλω
487 1951 678 2010 εἶπεῖν.
712 1952 854 2011 Ἰδοὺ
888 1955 1108 2018 συνέθου
1142 1977 1258 2028 μοι,
1300 1954 1382 2010 ὅτι
1430 1953 1612 2019 οὐδεὶς
1641 1957 1690 2026 ἐξ
1721 1958 1878 2027 ἡμῶν

246 2038 368 2094 ἃνευ
411 2044 509 2095 τοῦ
567 2047 700 2097 Θεοῦ
758 2041 978 2097 δύναται
1029 2041 1383 2112 ἀναστῆναιῆ
1414 2046 1720 2113 κινηθῆναι.
1781 2043 1878 2098 Καὶ

246 2129 328 2182 ὅτι
388 2128 449 2183 ού
505 2128 649 2185 ϐέλει
681 2131 863 2192 ὁΘεὸς
915 2129 1007 2184 ’ἱνα
1062 2129 1366 2204 κλήψωμεν
1417 2129 1882 2205 ἤπορνεύσωμεν.

245 2218 369 2274 Ἐάν
421 2215 539 2289 ἃρτι
598 2219 823 2282 ἀναστὰς
883 2218 1126 2285 ἀπέλθω,
1174 2220 1264 2274 καὶ
1318 2217 1506 2292 κλέψω
1537 2222 1572 2288 ἢ
1604 2220 1884 2292 πορνευώ-

252 2326 349 2359 σωο
409 2307 462 2360 τί
513 2306 643 2361 αὐτὸ
700 2306 920 2382 λέγειςς
979 2307 1208 2380 Θέλημα
1265 2312 1418 2376 Θεοῦ,
1451 2307 1485 2377 ἢ
1530 2310 1880 2383 συγχώρησιν

249 2391 341 2447 καὶ
372 2391 581 2469 ἀνοχὴν
613 2394 702 2449 καὶ
737 2396 1147 2471 μακροθυμίαν;

319 2571 376 2624 '0
409 2575 561 2627 ΣΑΡ.
600 2572 815 2642 Νοήσας
846 2572 936 2626 καὶ
988 2571 1263 2644 θαυμάσας
1311 2569 1434 2649 ἔφη·
1488 2571 1740 2642 Ἀληθῶς
1796 2568 1889 2627 οῦ-

247 2681 359 2722 τως
393 2656 534 2735 ἔχει,

318 2749 374 2801 '0
405 2750 631 2805 ΧΡΙΣΤ.
663 2747 878 2814 Νόησον
911 2747 1001 2802 καὶ
1035 2752 1217 2818 τοῦτο,
1275 2747 1357 2803 ὅτι
1409 2745 1709 2820 δυναμένου
1757 2752 1888 2802 Θεοῦ

249 2837 500 2907 πατάξαι,
532 2836 883 2911 ἀνεχώρησεν
914 2838 1050 2912 πρὸς
1093 2837 1186 2891 τὸν
1234 2838 1482 2911 σταυρόν·
1531 2839 1677 2892 τοῦτ’
1724 2834 1886 2897 ἔστιν.

248 2925 695 3001 έμακροθύμησεν
729 2925 961 2993 έπὶ,τὴν
1023 2925 1307 3000 ἁμαρτίανο
1369 2924 1525 2981 Ἀλλ’
1578 2927 1702 2980 ὅταν
1754 2922 1887 3000 θέλῃ

249 3013 379 3087 [ἴνα]
413 3015 759 3086 μετανοήσει),
823 3010 1127 3068 ἀποδίδωσί
1186 3035 1282 3087 μοι
1335 3016 1571 3088 καθάπερ
1630 3014 1718 3068 καὶ
1773 3019 1890 3076 τοῖς

256 3101 540 3163 Ἰουδαίοις
569 3102 840 3171 ἐποίησεν.
873 3102 1023 3158 Μετᾶ
1051 3103 1153 3178 γὰρ
1197 3100 1338 3176 [ἔτη]
1389 3103 1553 3177 ὀλίγα
1603 3103 1885 3172 ἀνέστησεν

1995 539 2042 594 si
2074 540 2302 592 hiscere
2335 540 2488 609 potis
2514 555 2596 603 es,
2629 539 2917 608 responde
2948 538 3115 592 mihi.

2064 627 2331 682 CHRIST.
2364 629 2445 682 Tu
2494 628 2580 682 ais
2611 627 2974 682 voluntatem
3017 645 3167 697 esse,
3217 645 3320 701 ego
3353 629 3482 687 dico
3537 636 3627 687 to-

1994 715 2307 770 lerantiam
2341 722 2399 770 et
2428 715 2958 784 longanimitatem.

2065 805 2312 859 SARAC.
2347 805 2510 858 Unde
2539 804 2698 858 vales
2728 803 2840 857 hoc
2874 803 3281 860 demonstrare
3302 806 3330 861 ‘I

2067 893 2334 947 CHRIST.
2368 893 2448 946 Ex
2494 891 2670 946 rebus
2701 892 2782 945 ait
2819 891 2892 946 ad
2940 892 3315 958 Saracenum,
3373 893 3623 951 Sedente

1993 996 2087 1034 me
2117 981 2206 1033 vel
2238 986 2312 1045 te,
2346 986 2447 1034 aut
2477 980 2652 1034 etiam
2702 984 2916 1047 stanto,
2967 986 3161 1050 potest
3207 982 3307 1051 qui
3353 999 3421 1036 ex
3452 983 3624 1039 nobis

1994 1067 2120 1123 sine
2149 1073 2437 1138 potestate
2471 1073 2528 1122 et
2556 1066 2797 1122 arbitrio
2829 1068 2930 1123 Dei
2958 1085 3193 1140 surgere
3235 1076 3335 1124 aut
3363 1064 3626 1128 moveri?

2066 1244 2311 1299 SABAC.
2359 1243 2843 1315 Haudquaquam.
3594 1317 3598 1320 ,

2062 1333 2329 1387 CHRIST.
2375 1333 2613 1388 Dicente
2647 1335 2802 1388 Deo:
2852 1334 2977 1388 Non
3020 1331 3332 1401 furaberis,
3364 1351 3483 1390 non
3503 1335 3622 1390 for-

1991 1420 2304 1487 nicaberis,
2339 1437 2459 1476 non
2490 1421 2722 1477 occides
2749 1441 2764 1488 ;
2797 1438 2937 1477 sane
2966 1438 3086 1477 non
3107 1422 3230 1476 vult
3248 1428 3313 1478 ut
3337 1423 3619 1493 furemur,

1988 1509 2351 1564 fornicemur
2374 1515 2475 1564 aut
2503 1509 2860 1564 occidamus.

2063 1599 2310 1654 SARAC.
2360 1600 2487 1652 Non
2535 1599 2758 1668 utique.
2811 1599 2867 1652 Si
2916 1598 3072 1652 enim
3123 1599 3279 1653 istud
3319 1591 3620 1666 voluisset,

1991 1689 2146 1743 haud
2178 1689 2478 1758 edixisset,
2509 1689 2634 1742 Non
2667 1688 2902 1756 fureris,
2954 1705 3074 1742 non
3121 1689 3452 1761 forniceris,
3503 1676 3624 1745 non

1911 1817 1959 1882 B
1992 1777 2243 1882 ⁰⁰Ξίέἒ³ῗῑ

2061 1867 2327 1922 CHRIST.
2359 1865 2445 1920 Sit
2481 1865 2667 1938 gloria
2697 1866 2835 1935 Deo,
2887 1865 3027 1936 quia
3078 1869 3140 1920 tu
3190 1863 3467 1920 convenis
3499 1882 3624 1920 me-

1988 1971 2121 2009 cum
2167 1971 2235 2009 ea
2281 1954 2503 2020 dicens,
2552 1971 2681 2024 qum
2723 1945 2918 2009 dicere
2961 1954 3110 2009 volo.
3158 1955 3305 2026 Ergo
3354 1943 3625 2009 convenit

1987 2043 2092 2096 tibi
2122 2059 2373 2104 mecum,
2409 2043 2565 2112 quod
2605 2048 2872 2097 nostrum
2903 2058 3075 2097 nemo
3106 2041 3328 2112 absque
3367 2041 3482 2096 Deo
3517 2031 3623 2112 po-

1991 2136 2104 2185 test
2134 2146 2370 2202 surgere
2403 2136 2504 2185 aut
2527 2131 2766 2200 moveri,
2809 2131 3082 2201 quodque
3126 2146 3246 2184 non
3294 2130 3417 2184 vult
3445 2130 3619 2198 Deus,

1989 2228 2054 2277 ut
2083 2222 2350 2276 furemur
2380 2227 2480 2276 aut
2505 2221 2885 2275 fornicemur.
2917 2221 2971 2275 Si
3025 2237 3160 2288 ergo
3201 2220 3327 2291 jam
3376 2236 3620 2292 surgens

1990 2309 2220 2374 abeam,
2253 2314 2428 2380 atque
2456 2309 2616 2364 furer
2645 2309 2733 2364 vel
2776 2309 3070 2364 fornicer:
3126 2308 3267 2378 quid
3316 2305 3473 2362 istud
3519 2323 3622 2379 ap-

1991 2398 2222 2470 pellas?
2277 2399 2457 2452 Deine
2495 2398 2856 2452 voluntatem
2912 2398 3000 2451 vel
3057 2396 3508 2468 indulgentiam,
3566 2399 3624 2450 et

1991 2487 2364 2541 tolerantiam
2395 2491 2570 2556 atque
2601 2486 3110 2558 longanimitatem
3130 2486 3158 2540 ?

2066 2575 2312 2629 SABAC.
2349 2575 2475 2628 Vim
2508 2575 2946 2645 persentiscens
2976 2575 3302 2630 admiratus
3345 2575 3462 2630 ait:
3514 2575 3623 2629 Re-

1994 2664 2121 2734 ipsa
2153 2663 2236 2716 sic
2266 2679 2327 2717 se
2357 2662 2555 2716 habet.

2063 2739 2330 2806 CHRIST.
2364 2751 2564 2821 Cogita
2593 2755 2650 2803 et
2679 2751 2809 2815 hoc,
2865 2749 3022 2820 quod
3061 2766 3194 2805 cum
3239 2753 3439 2821 posset
3468 2750 3620 2804 Deus

1996 2845 2324 2910 percutere,
2355 2839 2428 2893 ad
2459 2855 2692 2893 crucem
2723 2839 3028 2894 contendit
3054 2857 3065 2893 :
3097 2841 3206 2894 hoc
3238 2845 3326 2893 est
3351 2838 3628 2910 longani-

1996 2928 2198 2981 mitate
2229 2945 2371 2982 usus
2403 2934 2492 2982 est
2522 2943 2658 2998 erga
2687 2933 3004 2998 peccatam.
3040 2929 3114 2982 At
3143 2927 3380 2998 quando
3411 2926 3535 2980 vult
3564 2930 3634 2980 ut

1995 3031 2090 3070 me
2119 3016 2421 3086 poeniteat,
2455 3015 2650 3070 reddit
2680 3015 2823 3069 mihi
2850 3033 2862 3082 ;
2917 3033 3033 3086 quo
3082 3016 3256 3070 modo
3307 3015 3427 3086 agit
3455 3015 3634 3070 etiam

1999 3121 2133 3176 erga
2161 3104 2410 3159 Iudaeos.
2443 3106 2584 3158 Post
2611 3104 2979 3174 aliquantum
3005 3105 3163 3159 enim
3194 3103 3465 3159 excitavit
3493 3097 3631 3158 con-

251 3193 364 3245 κατ’
397 3189 570 3243 αὐτῶν
615 3190 706 3244 τὸν
761 3189 942 3258 Τίτον,
996 3191 1084 3245 καὶ
1143 3190 1562 3261 Οὐεσπασιανὸν,
1615 3193 1703 3245 καὶ
1759 3190 1883 3253 τοὺς

2009 3164 2094 3247 πεῖ
2117 3193 2250 3246 illos
2279 3193 2471 3246 Titum
2500 3199 2556 3246 et
2589 3164 3012 3262 Vespasianum
3042 3199 3100 3247 et
3132 3193 3380 3258 Graecos,
3414 3198 3473 3246 et
3519 3191 3628 3244 de-

257 3274 564 3346 Ἐλληνας,
595 3277 685 3330 καὶ
715 3277 961 3332 καθεῖλεν
992 3278 1058 3332 τὰ
1088 3280 1410 3355 φρυίγματα
1439 3281 1638 3336 αὐτῶν.

333 3365 455 3420 Ἐὰν
486 3363 767 3438 ἐρωτηθῇς
801 3365 945 3438 παρὰ
983 3371 1299 3440 Σαρακηνοῦ
1345 3366 1623 3440 λέγοντος·
1673 3366 1737 3424 Τί
1786 3366 1886 3422 λέ-

257 3474 372 3530 γεις
431 3453 563 3508 εἶναι
619 3454 710 3508 τὸν
767 3456 1042 3528 Χριστόνς
1103 3457 1219 3510 εἰπὲ
1265 3456 1428 3526 αὐτῷ·
1501 3455 1675 3529 Λόγον
1735 3461 1888 3513 Θεοῦ.

257 3539 440 3611 Μηδὲν
473 3539 728 3613 ἐντούτῳ
757 3543 969 3612 νομίζω
1018 3544 1363 3614 ἁμαρτάνειν,
1414 3541 1599 3611 ἐπειδή
1647 3544 1734 3598 καὶ
1786 3543 1889 3597 Λό-

256 3649 350 3705 γος
382 3630 593 3702 Λέγεται
623 3630 770 3702 παρὰ
796 3633 864 3702 τῇ
896 3634 1104 3706 Γραφῇ,
1135 3630 1223 3684 καὶ
1255 3631 1435 3707 σοφία,
1474 3631 1563 3685 καὶ
1625 3632 1889 3706 βραχίων,

257 3719 348 3772 καὶ
380 3713 606 3789 δυναμις
637 3721 793 3787 Θεοῦ,
823 3719 912 3772 καὶ
956 3717 1100 3773 ἄλλα
1149 3717 1334 3774 πολλά
1382 3724 1624 3791 τοιαῦτα,
1671 3719 1892 3775 πολυώ-

255 3826 424 3879 νυμος
453 3807 552 3880 γὰρ
585 3805 746 3862 ἐστιν.
782 3807 882 3862 Καὶ
933 3805 994 3859 σὺ
1051 3806 1424 3881 ἀντερώτησον
1477 3808 1632 3862 αὐτὸν
1693 3805 1888 3883 λέγων·

255 3893 322 3950 Τί
373 3893 592 3968 λέγεται
648 3893 795 3967 παρᾶ
847 3896 915 3966 τῇ
970 3899 1154 3970 Γραφῇ
1209 3897 1236 3949 6
1291 3897 1553 3969 Χριστός;
1611 3896 1740 3956 ἴσως
1794 3894 1888 3952 κᾶν

255 3980 463 4056 θελήσῃ
497 3980 769 4056 ἐρωτῆσαί
797 4000 852 4034 σε
883 3981 910 4034 6
945 3983 1257 4050 Σαρακηνὸς
1316 3981 1454 4036 ἄλλο
1501 4005 1574 4050 τι,
1631 3985 1706 4056 μὴ
1758 3985 1890 4039 ἀπο·

251 4071 442 4143 κρίνου
475 4070 648 4140 αὐτῷ,
678 4066 783 4129 ἕως
813 4065 872 4122 ἄν
903 4068 1054 4123 λύσει
1083 4070 1146 4123 τὸ
1179 4068 1438 4142 ἐρώτημά
1483 4092 1602 4127 σου.
1663 4074 1892 4148 Ἀνάγκῃ

251 4160 384 4229 ποίᾳ
417 4155 843 4230 ἀποκριθήσεταί
874 4176 961 4210 σοι
1021 4156 1214 4232 λέγων·
1268 4159 1416 4233 Παρᾶ
1443 4163 1511 4232 τῇ
1543 4162 1727 4236 Γραφῇ
1787 4183 1889 4232 μου

252 4251 474 4319 Πνεῦμα
501 4245 592 4300 καὶ
623 4244 800 4319 Λόγος
852 4249 986 4300 Θεοῦ
1033 4243 1245 4321 λέγεται
1273 4249 1300 4300 6
1334 4249 1582 4320 Χριστός.
1634 4249 1729 4304 Καὶ
1770 4249 1891 4304 τότε

252 4337 369 4391 εἶπε
432 4334 580 4406 αὐτῷ
638 4333 700 4388 σὺ
758 4334 944 4390 πάλιν·
1001 4333 1071 4389 Τὸ
1131 4334 1347 4408 Πνεῦμα
1401 4341 1497 4390 τοῦ
1554 4341 1686 4391 Θεοῦ
1743 4338 1828 4392 καὶ
1862 4340 1889 4394 6

250 4426 448 4500 Λόγος,
505 4422 651 4496 παρᾶ
707 4425 774 4496 τῇ
827 4427 1012 4501 Γραφῇ
1070 4446 1191 4492 σου,
1249 4425 1468 4479 ἄκτιστα
1549 4424 1790 4500 λέγονται

1987 3284 2136 3356 jecit
2164 3283 2551 3354 petulantiam
2579 3299 2802 3337 eorum.

2069 3372 2124 3425 Si
2158 3371 2560 3442 interrogeris,
2595 3371 2882 3426 Saraceno
2905 3371 3155 3436 dicente;
3175 3371 3357 3434 Quem
3389 3370 3475 3424 ais
3499 3383 3626 3422 esse

1997 3459 2339 3514 Christum?
2378 3459 2688 3530 Responde
2737 3459 2845 3528 illi,
2897 3457 3150 3512 Verbum
3195 3459 3316 3512 Dei.
3364 3456 3519 3512 Nihil
3567 3457 3629 3511 in

1997 3549 2106 3602 hoc
2137 3547 2409 3601 aberrare
2440 3547 2710 3613 arbitror,
2745 3547 3022 3616 quoniam
3047 3552 3104 3599 et
3132 3546 3386 3598 Verbum
3414 3545 3631 3598 dicitur

1999 3653 2033 3691 a
2079 3636 2396 3706 Scriptura,
2448 3641 2506 3688 et
2552 3636 2841 3705 sapientia
2887 3641 2944 3688 et
2990 3634 3296 3688 brachium
3347 3639 3404 3687 et
3447 3633 3630 3686 virtus

1999 3725 2122 3791 Dei,
2165 3730 2221 3777 et
2268 3724 2384 3778 alia
2432 3723 2490 3777 id
2532 3739 2714 3794 genus
2759 3722 2965 3776 multa.
3017 3721 3418 3775 Multinomius
3471 3721 3629 3775 enim

1998 3819 2105 3868 est.
2139 3814 2220 3865 Tu
2250 3828 2382 3866 vero
2412 3811 2668 3865 vicissim
2701 3812 2996 3882 interroga
3023 3825 3157 3863 eum
3206 3809 3446 3874 dicens;
3477 3806 3624 3872 Quid

1997 3905 2234 3964 vocatur
2264 3917 2298 3955 a
2327 3900 2625 3970 Scriptura
2654 3899 2948 3952 Christus?
2976 3900 3244 3952 Fortasse
3276 3894 3506 3950 etiamsi
3535 3911 3632 3949 ve-

1998 3988 2067 4043 lit
2091 3991 2453 4060 interrogare
2487 3993 2544 4040 te
2575 3988 2899 4042 Saracenus
2930 3987 3001 4040 de
3033 3985 3232 4056 aliqua
3262 3984 3378 4038 alia
3406 4001 3468 4037 re
3495 4000 3508 4048 ;
3554 3999 3629 4037 ne

1995 4078 2356 4148 respondeas
2377 4076 2465 4130 illi
2479 4082 2794 4146 antequam
2809 4073 3421 4144 solveritpostulatum
3441 4077 3628 4127 tuum.

1997 4169 2121 4233 Qua
2148 4165 2498 4219 necessitate
2517 4170 2752 4218 coactus
2783 4161 3164 4232 respondebit
3193 4159 3297 4213 tibi
3328 4159 3554 4214 dicens:
3584 4159 3634 4214 A

1997 4256 2296 4326 Scriptura
2315 4269 2446 4306 mea
2468 4251 2716 4322 Spiritus
2748 4255 2805 4303 et
2835 4249 3082 4303 Verbum
3115 4249 3215 4302 Dei
3246 4247 3462 4303 dicitur
3478 4247 3638 4301 Chri-

1997 4344 2220 4399 stus.Et
2248 4347 2387 4395 tunc
2429 4340 2522 4394 dic
2570 4339 2654 4392 illi
2704 4344 2767 4392 tu
2819 4354 3076 4408 quoque:
3129 4337 3376 4406 Spiritus
3426 4335 3528 4389 Dei
3577 4339 3635 4389 et

1999 4430 2250 4485 Verbum
2272 4446 2305 4484 a
2327 4427 2624 4498 Scriptura
2648 4433 2746 4481 tua
2777 4426 3037 4480 increata
3065 4424 3362 4487 dicuntur,
3396 4438 3471 4477 an
3496 4438 3632 4476 vero

248 4512 478 4581 κτιστᾶς
511 4512 608 4566 Καὶ
639 4511 766 4565 έπᾶν
806 4509 930 4585 εἷ’πῃ
985 4513 1069 4566 ’ὁτι
1129 4512 1349 4567 ἃκτιστά
1406 4514 1558 4579 εἶσιν,
1618 4516 1733 4569 εἰπὲ
1789 4515 1883 4569 αύ-

2009 4523 2195 4573 :reata
2214 4517 2242 4571 ?
2261 4519 2341 4571 Ac
2365 4515 2461 4570 ubi
2487 4514 2861 4585 responderit
2883 4519 3078 4568 creata
3111 4529 3260 4578 esse,
3284 4511 3377 4565 dic
3401 4511 3453 4565 ei
3477 4527 3489 4564 :
3522 4511 3632 4564 Ec-

245 4605 344 4672 τῷ·
380 4600 476 4654 Καὶ
505 4599 585 4662 τίς
640 4597 816 4653 ἔκτισε
871 4599 933 4652 τὸ
985 4604 1201 4671 Πνεῦμα
1259 4601 1348 4654 καὶ
1406 4603 1496 4656 τὸν
1562 4601 1729 4677 Λόγον
1786 4603 1882 4656 τοῦ

248 4692 417 4758 Θεοῦ;
479 4688 576 4742 Καὶ
631 4685 718 4741 ἐὰν
779 4685 830 4759 ἐξ
890 4686 1119 4761 ἀπορίας
1173 4685 1296 4760 εἷ’πῃ
1353 4709 1459 4757 σοι,
1527 4689 1608 4744 δτι
1668 4691 1696 4745 6
1752 4690 1880 4752 Θεὸς

246 4775 378 4832 αύτὰ
432 4773 656 4846 ἔκτισεν,
717 4774 852 4831 εἰπέ.
915 4771 1054 4827 Ἰδοὺ
1113 4773 1158 4828 εἶ
1219 4771 1401 4850 ἔλεγον
1461 4775 1566 4851 ἐγὼ
1635 4777 1768 4852 πρὸς
1825 4778 1882 4832 σε

243 4868 427 4934 τοῦτο,
461 4861 639 4938 ἔλεγες
673 4859 732 4916 ἄν
765 4862 901 4934 πρὸς
961 4863 1048 4934 μὶ,
1107 4861 1190 4916 ’ὁτι
1240 4862 1532 4935 ’Πφάνισας
1587 4865 1686 4932 τὴν
1745 4885 1878 4937 μαρο

244 4954 428 5030 τυρίαν
461 4971 577 5008 σου·
609 4952 700 5007 καὶ
743 4955 840 5006 τοῦ
887 4949 1086 5006 λοιποῦ
1137 4951 1198 5006 οὐ
1248 4951 1557 5006 πιστεύεστε
1585 4955 1661 5024 (0)
1692 4951 1789 5006 ὅσα
1817 4955 1877 5008 ἄν

246 5041 426 5118 εἶ’πῃς·
459 5044 648 5114 Ὅμως
679 5038 771 5094 οῦν
803 5039 894 5094 καὶ
921 5043 1081 5094 τοῦτο
1110 5039 1298 5109 ἐρωτω
1356 5061 1433 5108 σε,
1477 5041 1584 5114 πρὸ
1621 5044 1716 5094 τοῦ
1761 5040 1878 5095 κτί-

245 5153 329 5186 σαι
364 5132 393 5185 6
448 5131 580 5191 Θεὸς
635 5129 726 5183 τὸν
785 5127 960 5202 Λόγον
1014 5126 1103 5182 καὶ
1160 5127 1223 5181 τὸ
1280 5131 1517 5200 Πνεῦμα,
1579 5127 1675 5183 οὐκ
1729 5131 1876 5204 εἶχεν

243 5224 458 5290 Πνεῦμα
489 5215 612 5272 οὖδὶ
639 5216 852 5290 Λόγον;
888 5215 986 5269 Καὶ
1018 5215 1261 5292 φεύξεται
1307 5215 1414 5270 ἀπὸ
1463 5219 1559 5270 σοῦ
1603 5219 1679 5286 μή
1730 5214 1874 5293 ἔχων

242 5307 299 5364 τί-
326 5308 709 5380 ἀποκριθῆναι.
743 5302 1020 5378 Αἱρετικοὶ
1050 5305 1153 5377 γὰρ
1187 5303 1318 5358 εἰσιν
1357 5304 1410 5359 οἱ
1455 5309 1696 5360 τοιοῦτοι
1741 5307 1875 5362 κατά

1995 4606 2128 4676 quis
2160 4605 2376 4660 creavit
2408 4603 2508 4657 Dei
2554 4602 2834 4672 Spiritum
2867 4607 2925 4655 et
2953 4600 3205 4654 Verbum
3228 4599 3255 4654 ?
3284 4598 3448 4662 Quod
3480 4597 3527 4651 si
3559 4596 3634 4651 ad

1991 4693 2204 4748 incitas
2237 4693 2510 4747 redactus
2552 4690 2766 4746 dixerit
2811 4689 2939 4758 tibi,
2992 4690 3174 4742 Deum
3227 4687 3329 4740 illa
3359 4700 3631 4749 creasse;

1988 4799 2230 4855 regere:
2263 4782 2409 4835 Etsi
2459 4780 2739 4834 dixissem
2791 4795 2896 4852 ego
2947 4778 3051 4832 tibi
3095 4794 3220 4832 rem
3264 4771 3629 4843 hujusmodi,

1987 4871 2396 4942 respondisses
2425 4870 2686 4939 profecto
2717 4869 2862 4922 mihi
2892 4886 2904 4922 :
2937 4871 2979 4922 E
3013 4867 3204 4921 medio
3239 4862 3529 4917 sustulisti
3554 4867 3634 4916 te-

1989 4959 2336 5013 stimonium
2360 4963 2620 5021 tuum,ac
2633 4975 2808 5028 porro
2821 4955 2977 5011 haud
3001 4951 3442 5009 conﬁrmaveris
3464 4966 3633 5021 qum-

1987 5063 2218 5116 cunque
2242 5037 2882 5100 dixeris.Nihilominus
2932 5049 2990 5096 et
3018 5041 3174 5097 istud
3204 5046 3258 5095 te
3289 5040 3585 5111 interrogo

1983 5135 2320 5206 Antequam
2351 5139 2580 5190 crearet
2609 5136 2761 5189 Deus
2791 5131 3046 5186 Verbum
3074 5137 3133 5185 et
3162 5129 3464 5200 Spiritum,
3506 5144 3628 5184 non

1984 5201 2240 5277 habebat
2268 5223 2548 5293 Spiritum
2579 5238 2772 5291 neque
2804 5219 3089 5274 Verbum?
3112 5224 3287 5287 atque
3309 5216 3632 5272 declinabit

1991 5327 2026 5366 a
2051 5317 2132 5380 te,
2162 5328 2282 5368 non
2311 5311 2535 5368 habens
2567 5309 2710 5382 quid
2759 5309 3134 5380 respondeat.
3169 5305 3437 5364 Haretici
3469 5305 3630 5365 enim

1609 5477 1843 5533 VARIIE
1883 5473 2278 5536 LECTIONES.

316 5590 390 5662 (0)
420 5589 592 5646 Forte
621 5602 928 5640 πιστευεται
957 5589 1052 5644 vet
1077 5586 1510 5660 πιστευθήσεται.
