3964 6144
400 262 539 320 1343

409 393 548 445 sunt
572 389 671 460 qui
701 389 813 444 hoc
842 389 1141 444 afﬁrmant
1186 391 1341 462 apud
1382 393 1720 459 Saracenos,
1753 392 2038 447 maxime-

2156 387 2522 461 Σαρακηνοὺς,
2578 387 2667 442 καὶ
2724 389 2860 442 πάνυ
2918 384 3202 462 βδελυκτοὶ
3278 387 3363 440 καὶ

410 495 524 549 que
556 483 694 532 sunt
722 478 1151 532 abominabiles
1183 486 1238 532 et
1266 481 1627 549 propudiosi:
1649 486 1705 533 et
1736 482 1782 535 si
1815 482 2040 534 huncce

410 567 667 621 volueris
692 568 997 621 traducere
1029 568 1183 637 apud
1216 569 1474 638 reliquos
1506 571 1844 636 Saracenos,
1869 571 2037 623 time-

410 655 497 709 bit
529 661 582 709 te
613 654 951 709 admodum.
987 657 1149 719 Quod
1182 657 1228 708 si
1262 657 1703 727 interrogaverit
1728 664 1780 711 te
1812 660 2041 711 Sarace-

408 760 523 799 nus
554 744 847 812 inquiens:
883 744 1191 798 Sermones
1225 746 1323 798 Dei
1357 747 1535 799 creati
1570 752 1798 799 suntan
1822 747 2043 800 increa-

409 832 501 888 ti?
531 833 733 885 Solent
763 832 919 885 enim
953 832 1121 886 nobis
1152 833 1408 903 objicere
1442 835 1591 888 hanc
1631 836 2038 905 interrogatio-

407 939 542 977 nem
560 922 1135 976 vehementissimam
1147 923 1438 989 ,voluntes
1452 925 1761 978 ostendere
1776 931 2037 977 creatum

407 1028 534 1067 esse
570 1012 819 1065 Verbum
853 1012 975 1077 Dei,
1011 1012 1165 1081 quod
1198 1029 1340 1065 sane
1382 1030 1500 1066 non
1535 1019 1640 1066 est.
1676 1014 1837 1077 Quod
1871 1014 1916 1067 si
1953 1014 2037 1066 di-

402 1099 559 1154 xeris
588 1105 839 1165 creatos,
872 1100 1089 1169 regerit
1118 1105 1322 1152 contra
1353 1104 1428 1163 te,
1481 1101 1636 1169 quod
1669 1118 1800 1154 ecce
1833 1117 2038 1155 omnes

407 1186 490 1240 dii
518 1202 653 1240 vero
680 1203 800 1240 non
831 1191 987 1241 sunt.
1034 1189 1178 1241 Ecce
1211 1192 1271 1240 tu
1317 1188 1620 1242 confessus
1671 1206 1751 1255 es,
1788 1188 2037 1242 Verbum

406 1274 530 1340 Dei,
587 1290 721 1327 cum
780 1275 857 1328 sit
906 1275 1191 1343 Christus,
1246 1278 1427 1330 Deum
1478 1282 1673 1330 tamen
1723 1294 1841 1329 non
1886 1294 2034 1333 esse.

406 1362 819 1429 Quamobrem,
897 1379 1092 1432 neque
1171 1370 1396 1419 creatos
1481 1382 1671 1434 neque
1748 1366 2037 1420 increatos

408 1450 777 1504 Christianus
806 1452 1171 1522 respondens
1202 1452 1289 1505 illi
1321 1453 1581 1523 appellat
1622 1453 1887 1522 (dicens),
1922 1456 2035 1525 Ego

404 1554 590 1591 unum
637 1539 827 1592 solum
882 1540 1128 1593 Verbum
1182 1541 1283 1593 Dei
1315 1542 1375 1594 in
1420 1542 1718 1611 hypostasi
1751 1543 2037 1596 confiteor

404 1626 560 1696 quod
592 1626 668 1680 sit
696 1627 1044 1693 increatum,
1086 1629 1583 1697 quemadmodum
1615 1636 1673 1683 et
1704 1636 1763 1683 tu
1790 1631 2036 1684 confite-

1918 265 2283 318 LDDENDA.

3626 265 3735 321 1344

3446 383 3732 457 ἀπόϐλητοι·

2153 477 2241 532 καὶ
2274 478 2360 531 ἐὰν
2390 477 2547 531 αὐτὸν
2578 474 2736 550 Θέλῃς
2768 476 3122 549 δημοσιεῦσαι
3169 481 3286 537 τοῖς
3332 476 3544 537 λοιποῖς
3594 484 3735 554 Σαρα-

2150 572 2339 635 κηνοῖς
2373 561 2740 643 φοϐηθήσεταί
2774 586 2828 619 σε
2860 564 3001 619 πολύ
3032 567 3133 636 (p).
3170 565 3273 619 Καὶ
3307 564 3389 618 ἐὰν
3444 564 3670 640 ἐρωτήσῃ
3694 590 3735 622 σε

2151 655 2179 707 6
2212 654 2525 727 Σαρακτ,νὸ<
2561 652 2756 726 λέγων·
2789 653 2861 706 Τά
2895 653 3061 726 Λόγια
3090 656 3185 706 τοῦ
3231 657 3360 707 Θεοῦ
3406 656 3588 707 κτιστά
3634 656 3735 708 εἰσιν

2149 743 2184 809 ἢ
2246 740 2511 809 Exacta;
2571 746 2737 796 Τοῦτο
2793 743 2891 813 γὰρ
2972 737 3378 813 προϐάλλονται
3435 746 3566 815 πρὸς
3623 745 3739 814 ἡμᾶς

2152 830 2410 905 ἐρώτημα
2437 828 2737 884 δεινότατον
2772 830 3017 893 θέλοντες
3058 828 3331 899 ἀποδεῖξαι
3378 830 3585 883 κτιστὸν
3635 832 3739 885 εἶναι

2150 921 2238 974 τὸν
2273 921 2445 994 Λόγον
2475 924 2571 974 τοῦ
2603 922 2757 988 Θεοῦ,
2817 918 2947 987 ὅπερ
2996 917 3095 972 οὐκ
3150 917 3310 974 ἔστιν.
3368 918 3433 975 Εἰ
3492 916 3546 972 δέ
3593 916 3736 993 εἴπῃς·

2152 1008 2350 1064 Κτιστά
2382 1007 2536 1075 εἶσιν,
2574 1006 2715 1082 λέγει
2750 1028 2857 1071 σοι,
2886 1006 2965 1060 ὅτι
3002 1004 3119 1060 ἰδοὺ
3172 1010 3339 1060 ταῦτα
3397 1006 3563 1060 πάντα
3611 1006 3738 1080 λόγια

2147 1100 2243 1150 τοῦ
2269 1099 2400 1149 Θεοῦ
2434 1096 2767 1169 ὑπάρχοντα,
2802 1093 3022 1148 άκτιστα
3083 1092 3178 1166 μέν
3231 1093 3353 1163 εἶσι,
3403 1093 3525 1148 Θεοὶ
3576 1092 3625 1148 δὲ
3665 1092 3739 1149 οὔκ

2149 1183 2298 1239 εἰσιν.
2332 1181 2471 1239 Ἰδοὺ
2503 1182 2564 1237 σὺ
2596 1182 2986 1257 ὡμολόγησας,
3041 1182 3122 1236 ὅτι
3156 1184 3183 1236 6
3212 1183 3441 1257 Χριστὸς
3496 1184 3656 1257 Λόγος
3682 1182 3735 1237 ὣν

2146 1276 2241 1325 τοῦ
2274 1274 2427 1339 Θεοῦ,
2461 1271 2559 1325 οὐκ
2588 1266 2698 1325 ἔστι
2730 1271 2879 1332 Θεός.
2914 1272 3006 1324 Διὸ
3042 1268 3183 1342 μηδὲ
3210 1271 3397 1325 κτιστά
3455 1269 3590 1343 μηδὲ
3626 1270 3737 1325 ἄκτι-

2147 1381 2242 1414 στα
2274 1361 2300 1414 ὁ
2334 1361 2650 1433 Χριστιανὸς
2699 1359 3007 1431 ἀποκριθεὶς
3060 1359 3202 1431 αὐτῷ
3262 1358 3432 1433 λέγει·
3492 1360 3625 1433 Ἐγὼ
3672 1358 3739 1414 ἕνα

2150 1448 2311 1520 μόνον
2346 1449 2517 1522 Λόγον
2543 1452 2640 1502 τοῦ
2672 1452 2804 1502 Θεοῦ
2835 1447 2886 1502 ἐν
2921 1447 3205 1502 ὑποστάσει
3238 1446 3503 1521 ὁμολογῶ
3533 1447 3738 1501 ἅκτιστον

2146 1532 2292 1603 ὄντα,
2324 1538 2560 1611 καθάπερ
2610 1536 2698 1590 καὶ
2743 1536 2803 1590 σὺ
2861 1535 3245 1609 ὡμολόγησας·
3302 1536 3404 1603 τὴν
3454 1532 3510 1589 δί
3563 1536 3737 1589 ἃπασα-

2146 1627 2361 1702 Γραφήν
2395 1646 2521 1698 μου,
2573 1626 2636 1679 οὐ
2697 1624 2841 1699 λέγω
2899 1626 3088 1699 Λόγια,
3143 1623 3291 1679 ἀλλὰ
3347 1624 3565 1698 ῥήματα
3614 1630 3738 1678 Θεοῦ.

401 1714 522 1780 ris;
553 1715 704 1768 hanc
737 1721 915 1769 totam
948 1716 1309 1786 Scripturam
1344 1733 1533 1772 meam
1566 1734 1685 1771 non
1730 1718 1858 1772 dico
1910 1736 2028 1772 ser-

2145 1713 2245 1768 Καὶ
2280 1713 2364 1767 ἐὰν
2399 1712 2520 1787 εἶ’πῃ
2564 1714 2591 1767 6
2640 1712 2972 1787 Σαρακηνός·
3027 1714 3122 1767 Καὶ
3170 1716 3287 1774 πῶς
3350 1710 3492 1786 λέγει
3524 1714 3550 1766 6
3579 1708 3731 1767 Δαϐίδ·

403 1817 634 1871 mones,
663 1803 766 1857 sed
797 1803 1086 1857 dictiones
1119 1806 1239 1859 Dei.
1275 1806 1438 1869 Quod
1468 1806 1515 1859 si
1547 1807 1760 1860 dixerit
1798 1808 2035 1861 Sarace‘

406 1906 557 1945 nus:
589 1892 889 1955 Quomodo
924 1910 1057 1964 ergo
1086 1895 1167 1948 ait
1195 1895 1373 1949 David
1404 1912 1415 1947 :
1448 1916 1474 1945 ‹‹
1507 1896 1819 1949 Sermones
1852 1897 2040 1949 Domi-

411 1979 494 2045 ni,
525 1995 826 2034 sermones
856 1983 986 2051 puri
1018 1980 1078 2047 9;
1114 2006 1134 2033 ι
1173 1990 1231 2037 et
1272 2000 1391 2037 non
1418 2000 1429 2037 :
1462 1983 1752 2038 dictiones
1782 1985 2037 2051 Domini,

405 2066 696 2121 dictiones
755 2070 958 2138 puraa?
1013 2070 1114 2123 Dic
1144 2072 1235 2124 ei:
1297 2073 1466 2125 Vates
1514 2074 1759 2142 ﬁgurate
1810 2073 2040 2125 locutus

409 2161 518 2222 est,
552 2162 612 2211 at
641 2173 763 2210 non
792 2158 1048 2227 proprie.
1082 2158 1248 2221 Quod
1280 2159 1327 2212 si
1378 2158 1481 2212 tibi
1512 2159 1741 2214 dixerit.
1776 2160 1925 2223 Quid
1954 2167 2042 2214 est

409 2244 659 2314 figurata
692 2246 996 2316 pr0priave
1044 2246 1260 2300 locutio
1282 2246 1309 2299 ?
1353 2248 1433 2300 Tu
1476 2263 1709 2319 regeras
1739 2248 1863 2301 illi:
1898 2250 2041 2302 Pro-

405 2332 533 2401 pria
563 2332 779 2386 locutio
829 2339 918 2387 est
962 2339 1123 2389 certa
1165 2335 1589 2389 demonstratio
1638 2337 1745 2400 rei,
1793 2337 2041 2407 ﬁgurata

406 2433 539 2471 vero
572 2419 788 2473 locutio
849 2426 935 2474 est
980 2422 1178 2475 minus
1235 2428 1394 2477 certa
1449 2424 1533 2476 rei
1590 2423 2036 2477 demonstratio.

405 2507 568 2572 Quod
598 2508 645 2561 si
704 2514 961 2578 opponat
1004 2510 1107 2562 tibi
1155 2511 1518 2565 Saracenus:
1569 2512 1801 2565 Fierine
1850 2517 2041 2581 potest

403 2598 469 2652 ut
519 2597 807 2665 prepheta
854 2599 1123 2652 enuntiet
1148 2600 1343 2653 minus
1393 2606 1613 2653 certam
1644 2600 1727 2654 rei
1762 2600 2037 2654 demons-

404 2683 720 2737 trationem
742 2684 769 2739 ?
793 2686 893 2739 Dic
926 2686 976 2739 ei
1011 2688 1207 2740 statim
1234 2704 1246 2742 :
1281 2690 1343 2741 In
1380 2689 1682 2758 prophetis
1714 2688 2039 2742 inanimata

405 2788 689 2842 personas
720 2773 869 2837 fieri,
902 2774 1221 2845 oculosque
1254 2782 1310 2829 et
1338 2793 1439 2829 ora
1479 2777 1561 2830 eis
1595 2776 1767 2829 tribui
1801 2776 2033 2830 videris.

407 2861 792 2929 Quapropter,
841 2884 865 2908 «
915 2864 1066 2916 Mare
1118 2864 1261 2916 vidit
1309 2870 1365 2917 et
1410 2864 1558 2933 fugit
1589 2866 1649 2917 ¹⁰.
1685 2887 1713 2913 ››
1765 2867 2035 2917 Attamen

402 2964 564 3002 mare
594 2949 798 3004 oculos
830 2968 950 3005 non
983 2952 1177 3021 habet,
1225 2971 1415 3023 neque
1466 2955 1624 3007 enim
1676 2954 1895 3007 animal
1928 2960 2033 3007 est.

2146 1825 2174 1853 ιι
2206 1802 2377 1875 Λόγια
2408 1803 2627 1874 Κυρίου,
2664 1799 2822 1875 λόγια
2851 1802 3001 1877 ἁγνά·
3039 1826 3058 1851 ι
3096 1802 3185 1855 καὶ
3237 1799 3391 1874 οὐχὶ,
3434 1799 3508 1853 Τὰ
3558 1800 3734 1872 ῥήματα

2146 1890 2367 1963 Κυρίου,
2428 1889 2647 1964 ῥήματα
2712 1891 2881 1965 ἁγνά;
2957 1888 3071 1943 εἶπέ
3145 1889 3311 1961 αὐτῷ·
3370 1890 3429 1943 Ὀ
3487 1892 3735 1967 Προφήτης

2142 1976 2553 2053 τροπολογικῶς
2592 1977 2882 2048 ἐλάλησεν,
2939 1977 3027 2032 καὶ
3081 1976 3142 2031 οὐ
3201 1977 3616 2053 κυριολογικῶς.
3657 1980 3731 2033 Καὶ

2147 2065 2232 2119 έάν
2268 2065 2524 2140 σοιεῗπῃ·
2568 2066 2629 2121 Τί
2689 2066 2829 2120 ἐστιν
2881 2064 3217 2139 τροπολογία
3270 2066 3363 2121 καὶ
3422 2065 3735 2141 κυριολογία;

2146 2152 2261 2207 είπὶ
2290 2153 2454 2224 αὐτῷ·
2499 2152 2829 2229 Κυριολογία
2887 2154 2979 2226 μέν
3035 2152 3198 2223 ἐστιν,
3258 2150 3455 2229 βεϐάία
3510 2152 3735 2222 ἀπόδειξις

2145 2240 2488 2315 πράγματος·
2520 2240 2857 2315 τροπολογία
2889 2241 2945 2296 δέ
2976 2241 3116 2296 ἐστιν
3178 2239 3434 2304 ἀϐέϐαιος
3488 2240 3732 2310 ἀπόδειξις·

2148 2330 2246 2385 Καὶ
2279 2330 2365 2383 ἐάν
2412 2351 2495 2384 σοι
2544 2329 2666 2403 εἶ’τιῃ
2726 2332 2752 2384 6
2814 2332 3146 2405 Σαρακηνός·
3208 2329 3522 2406 Ἑνδέχεται
3559 2332 3731 2405 προφή-

2143 2438 2241 2486 την
2276 2418 2441 2471 είπεῖν
2504 2415 2756 2473 ἀϐέϐαιον
2814 2416 3125 2488 ἀπόδειξιν;
3187 2418 3303 2473 εΐπὶ
3359 2420 3505 2490 αὐτῷ
3559 2417 3731 2481 εὐθέως·

2146 2506 2266 2560 Ἐπὶ
2297 2514 2413 2571 τοῖς
2437 2510 2742 2584 προφήταις
2768 2509 2835 2562 τὰ
2883 2505 3067 2581 ἄψυχα
3123 2508 3392 2581 πρόσωπα
3448 2512 3632 2571 ποιεῖν,
3670 2506 3735 2559 καὶ

2146 2598 2463 2677 ὀφθαλμοὺς
2518 2598 2605 2651 καὶ
2658 2597 2898 2667 στόματα
2955 2598 3112 2667 θεάσῃ
3170 2597 3378 2657 αὐτοῖς·
3442 2595 3590 2665 ὥστε,
3642 2596 3728 2647 «Ἢ

2143 2687 2379 2743 θάλασσα
2410 2685 2564 2755 εἶδεν,
2595 2686 2683 2739 καὶ
2714 2682 2923 2761 ἔφυγεν.
2956 2706 2981 2735 ι
3021 2682 3160 2738 Ἰδοὺ
3191 2684 3281 2738 καὶ
3313 2683 3553 2747 θάλασσα
3574 2682 3733 2758 ὀφθαλ-

2149 2778 2281 2850 μοὺς
2310 2778 2410 2831 οὐκ
2442 2773 2580 2850 ἔχει,
2622 2774 2682 2828 οὐ
2731 2773 2830 2848 γάρ
2878 2773 3019 2827 ἐστιν
3062 2770 3333 2848 ἔμψυχος.
3396 2774 3497 2829 Καὶ
3549 2772 3727 2826 πάλινὸ

2144 2865 2299 2926 αὐτὸς
2326 2867 2618 2939 Προφήτης
2651 2865 2722 2923 ὡς
2753 2860 2999 2937 ἔμψυχον
3062 2862 3226 2929 αὐτὴν
3288 2860 3608 2936 διαλέγεται·
3639 2888 3660 2911 u
3686 2860 3731 2914 Τί

2143 2955 2225 3009 σοί
2255 2953 2386 3023 ἐστι,
2419 2953 2678 3019 Θάλασσα,
2722 2952 2804 3005 ὅτι
2848 2946 3072 3025 ἕφυγες;
3110 2974 3136 3000 ››
3183 2951 3272 3004 καὶ
3321 2951 3391 3004 τά
3440 2950 3574 3021 ἑξῆς.
3610 2974 3627 2999 ι
3656 2948 3730 3003 Καὶ

401 3037 624 3090 Rursus
683 3038 838 3092 idem
898 3041 1191 3110 Propheta
1257 3042 1414 3095 velut
1469 3043 1832 3097 animantem
1886 3040 2033 3095 illud

2146 3045 2180 3111 ἡ
2245 3043 2490 3115 μάχαιρα
2542 3042 2767 3115 φάγεται
2814 3040 2965 3112 κρέα,
2996 3062 3022 3091 ι
3060 3036 3202 3111 λέγει
3234 3041 3269 3107 ἡ
3304 3041 3513 3116 Γραφή.
3560 3037 3624 3092 Τὸ
3659 3036 3729 3109 γὰρ

404 3124 762 3194 alloquitur:
797 3150 822 3175 «
854 3128 1001 3192 Quid
1037 3129 1139 3181 tibi
1173 3135 1281 3195 est,
1314 3147 1494 3195 mare,
1530 3132 1667 3201 quia
1698 3131 1894 3201 fugisti
1928 3130 1965 3162 “
2006 3151 2033 3178 »

408 3219 466 3267 et
496 3230 625 3283 qua:
656 3222 1001 3284 sequuntur.
1036 3218 1185 3280 Quin
1229 3219 1405 3271 etiam
1442 3239 1467 3268 α
1516 3220 1753 3273 Gladius
1800 3220 2040 3272 devora-

405 3302 485 3355 vit
515 3318 721 3357 carnes
767 3325 793 3351 ιι
847 3304 989 3357 dicit
1036 3306 1403 3374 Scriptura”.
1456 3310 1527 3359 At
1576 3308 1731 3359 enim
1782 3307 2039 3360 devorare

407 3389 479 3443 de
512 3406 610 3443 ore
642 3391 856 3443 dicitur
883 3392 1039 3460 quod
1070 3393 1324 3446 comedit
1352 3410 1418 3447 ac
1449 3395 1617 3457 bibit,
1645 3395 1874 3464 gladius
1904 3412 2037 3448 vero

406 3478 581 3532 caadit
610 3478 870 3547 quidem,
906 3496 1023 3533 non
1058 3487 1254 3534 tamen
1296 3482 1561 3553 deglutit.
1611 3483 1701 3536 Sic
1745 3489 1799 3535 et
1832 3483 2039 3536 dictio-

403 3582 510 3620 nes
543 3568 789 3635 figurata
820 3569 1115 3622 locutione
1146 3586 1287 3623 usus
1339 3588 1642 3624 sermones
1674 3572 1914 3635 vocavit,
1943 3577 2037 3623 ta-

402 3654 576 3707 metsi
610 3671 727 3708 non
761 3656 879 3711 sint
910 3674 1212 3711 sermones
1244 3658 1347 3711 sed
1374 3660 1680 3712 dictiones.
1716 3659 1813 3712 Sin
1843 3664 2038 3711 autem

405 3742 736 3797 sciscitatus
792 3744 1005 3811 fuerit;
1057 3746 1357 3809 Quomodo
1416 3747 1723 3800 descendit
1776 3747 1925 3799 Deus
1980 3746 2040 3797 in

402 3832 640 3880 uterum
682 3830 998 3883 mulieris?
1048 3834 1417 3902 Respondeto
1468 3834 1598 3886 illi:
1642 3833 2040 3887 Adhibeamus

409 3917 760 3985 scripturam
794 3924 953 3971 tuam
1004 3926 1061 3971 et
1091 3938 1305 3975 meam.
1365 3923 1664 3992 Scriptura
1714 3929 1812 3977 tua
1859 3924 2037 3978 dicit:

411 4022 436 4055 ι
472 4004 742 4072 Purgavit
771 4006 925 4059 Deus
972 4008 1255 4078 virginem
1308 4010 1546 4063 Mariam
1597 4028 1774 4080 supra
1804 4029 2040 4067 omnem

405 4093 759 4147 muliebrem
790 4111 1048 4161 carnem,
1104 4097 1524 4168 descenditque
1574 4100 1823 4168 Spiritus
1854 4102 1954 4153 Dei
1987 4107 2045 4155 et

406 4181 661 4235 Verbum
715 4182 774 4236 in
834 4200 961 4238 eam
1020 4186 1113 4254 (2).
1168 4209 1185 4233 υ
1235 4187 1610 4258 Evangelium
1662 4204 1797 4241 vero
1843 4205 2042 4243 meum

406 4268 613 4323 dicit:
667 4292 693 4318 «
756 4271 1004 4341 Spiritus
1064 4280 1301 4329 sanctus
1367 4276 1739 4346 superveniet
1823 4277 1882 4330 in
1964 4283 2042 4344 te,

404 4364 464 4415 et
493 4359 673 4413 virtus
704 4360 987 4415 Altissimi
1035 4362 1411 4418 obumbrabit
1458 4367 1560 4419 tibi
1596 4367 1658 4420 '3.
1695 4388 1721 4415 »
1764 4370 1848 4420 En
1882 4367 2040 4420 idem

404 4449 683 4519 utrinque
715 4450 1023 4505 verborum
1075 4470 1252 4506 sonus
1304 4460 1359 4506 et
1409 4472 1635 4508 sensus.
1690 4454 1937 4510 Adverto
1986 4460 2043 4509 et

407 4536 585 4599 istud,
628 4538 781 4607 quod
833 4557 1043 4606 nempe
1093 4542 1418 4594 secundum
1468 4543 1885 4611 proprietatem
1937 4560 2042 4596 no-

409 4630 589 4680 stram
621 4626 779 4681 dicat
810 4628 1107 4697 Scriptura
1132 4630 1539 4683 ascensionem
1567 4632 1668 4683 Dei
1701 4636 1754 4683 et
1796 4631 2038 4684 descen-

409 4715 658 4782 sionem,
693 4716 936 4787 ﬁgurate
968 4716 1246 4770 nimirum
1279 4724 1337 4770 at
1364 4734 1481 4770 non
1515 4718 1769 4787 proprie.
1800 4720 2039 4788 Proprie

407 4804 568 4858 enim
599 4803 921 4858 descensus
949 4809 1005 4857 et
1034 4819 1315 4859 ascensus
1339 4806 1510 4877 juxta
1556 4806 1937 4877 philosophos
1968 4806 2038 4860 de

475 4972 499 5007 ⁹
526 4974 680 5029 Psal.
712 4991 789 5043 ιι,
818 4979 869 5030 7.
951 4976 995 5011 ί⁰
1024 4974 1178 5030 Psal.
1214 4990 1340 5045 cxv,
1374 4977 1425 5030 3.

2147 3135 2332 3208 φαγεῖν
2366 3130 2452 3183 ἐπὶ
2481 3128 2746 3199 στόματος
2796 3126 2940 3201 λέγει
2988 3130 3065 3199 (q)
3114 3125 3417 3200 τρώγοντες
3463 3127 3547 3180 καὶ
3592 3126 3730 3178 πίνον-

2140 3240 2253 3284 τος,
2287 3222 2321 3286 ἡ
2357 3216 2413 3271 δὲ
2474 3218 2715 3291 μάχαιρα
2767 3217 3014 3285 τέμνεται
3079 3215 3195 3286 μὲν,
3252 3215 3316 3269 οὗ
3368 3215 3629 3270 καταπίνει
3676 3209 3730 3265 δέ.

2143 3308 2326 3368 Οὕτως
2358 3307 2443 3359 καὶ
2474 3307 2540 3359 τά
2649 3326 2789 3375 ματα
2818 3304 3239 3377 τροπολογήσας
3273 3303 3512 3373 ὲλᾶλησε
3560 3301 3733 3375 λόγους,

2144 3397 2277 3467 ἅπερ
2312 3391 2410 3447 οῦκ
2466 3394 2594 3446 εἶσιν
2656 3390 2839 3465 λόγια,
2907 3389 3052 3446 ἀλλὰ
3109 3390 3348 3463 ῥήματα,
3415 3392 3507 3445 Καὶ
3558 3390 3632 3443 έάν
3671 3408 3733 3440 σοι

2144 3483 2291 3555 εἴπῃ,
2355 3486 2474 3541 Πῶς
2532 3480 2855 3548 κατῆλθενὸ
2887 3480 3015 3540 Θεὸς
3069 3478 3142 3539 ε’ς
3210 3477 3431 3533 κοιλίαν
3485 3477 3732 3551 γυταικόμ

2144 3570 2259 3624 εἰπὲ
2291 3567 2451 3639 αὐτῷ·
2491 3570 2828 3641 Χρησώμεθα
2876 3570 2943 3637 τῇ
2993 3570 3172 3640 γραφῇ
3226 3587 3343 3633 σου,
3402 3566 3486 3619 καὶ
3531 3569 3591 3637 τῇ
3633 3569 3733 3635 Γρα-

2146 3662 2219 3732 φῇ
2258 3678 2380 3728 μου·
2440 3660 2474 3724 ἡ
2525 3660 2703 3729 γραφή
2767 3677 2861 3709 σου
2919 3656 3088 3728 λέγει,
3150 3657 3229 3708 ὅτι
3291 3655 3542 3728 ἐκάθηρεν
3580 3652 3731 3709 ὁΘεὸς

2143 3747 2241 3812 τὴν
2298 3747 2567 3817 Παρθένον
2631 3744 2834 3818 Μαρίαν
2898 3744 3028 3816 ὑπὲρ
3101 3748 3270 3795 πᾶσαν
3350 3746 3517 3815 σάρκα
3580 3759 3733 3813 γυναι-

2145 3834 2307 3901 κείαν,
2341 3835 2428 3887 καὶ
2476 3830 2673 3902 κατέϐη
2722 3839 2784 3886 τὸ
2833 3836 3051 3903 Πνεῦμα
3096 3835 3191 3884 τοῦ
3240 3836 3376 3885 Θεοῦ
3419 3830 3503 3884 καὶ
3534 3831 3559 3883 6
3589 3826 3730 3897 Λόγος

2145 3922 2195 3978 ἐν
2229 3923 2387 3995 αὐτῇ,
2445 3923 2534 3975 καὶ
2592 3922 2654 3975 τὸ
2714 3917 3051 3994 Εὐαγγέλιόν
3113 3940 3215 3989 μου
3273 3919 3446 3992 λέγει·
3500 3918 3733 3984 «Πνεῦμα

2147 4015 2304 4086 ἅγιον
2335 4010 2671 4065 ἐπελεύσεται
2706 4008 2791 4063 ἐπὶ
2826 4009 2901 4073 σὶ,
2942 4008 3031 4061 καὶ
3086 4004 3311 4079 δύναμις
3356 4007 3593 4081 Ὑψίστου
3642 4004 3732 4057 ἐπι-

2147 4098 2352 4153 σκιάσει
2392 4119 2495 4152 σοι.
2536 4122 2561 4146 ››
2621 4094 2762 4154 Ἰδοὺ
2812 4096 2907 4168 μία
2965 4097 3116 4169 φωνὴ
3166 4095 3488 4173 ἀμφοτέρων
3530 4098 3624 4149 τῶν
3666 4089 3731 4143 λέ-

2148 4192 2299 4261 ξεων,
2331 4188 2417 4240 καὶ
2454 4185 2503 4240 ἔν
2536 4185 2737 4256 νόημα·
2770 4185 3027 4238 Γινώσκω
3060 4181 3117 4239 δὲ
3154 4184 3240 4239 καὶ
3291 4190 3472 4249 τοῦτο,
3524 4184 3591 4243 ὡς
3628 4178 3731 4253 πρὸς

2146 4277 2243 4343 τήν
2302 4275 2565 4346 ἡμετέραν
2630 4270 2875 4341 ἰδιότητα
2951 4271 3093 4348 λέγει
3151 4275 3186 4341 ἡ
3245 4275 3432 4350 Γραφή
3489 4264 3729 4325 κατάϐασιν

2149 4368 2281 4419 Θεοῦ
2329 4364 2415 4416 xvi
2474 4357 2750 4431 ἀνάϐασιν,
2808 4366 3217 4436 τροπογογικῶς
3274 4361 3364 4415 καὶ
3415 4360 3475 4415 οὗ
3521 4354 3728 4432 κυριολο-

2110 4440 2338 4526 ίγικῶε.
2396 4450 2610 4523 Κυρίως
2663 4450 2764 4523 γάρ
2835 4445 3125 4510 κατάϐασις
3196 4449 3285 4503 καὶ
3362 4445 3603 4507 ἀνάϐασις
3662 4442 3725 4498 ἐπὶ

2151 4542 2416 4613 σωμάτων
2477 4538 2687 4614 λέγεται
2746 4539 2881 4593 κατά
2923 4538 3278 4615 φιλοσόφους,
3339 4540 3367 4593 6
3416 4536 3471 4592 δὲ
3525 4536 3635 4595 Θεὸς
3681 4529 3725 4583 ti

2149 4630 2320 4682 πάντα
2351 4630 2615 4702 περιέχει,
2648 4628 2736 4680 καὶ
2782 4626 2845 4680 οὐ
2892 4628 3203 4700 περιέχεται
3255 4627 3356 4681 ὑπό
3400 4646 3540 4687 τινος
3572 4624 3722 4677 τόπου.

2148 4718 2289 4789 Ἒφη
2348 4717 2447 4788 γάρ
2495 4736 2577 4777 τις
2634 4719 2738 4768 τῶν
2799 4719 3116 4790 προφητῶν·
3177 4740 3204 4765 ‹‹
3238 4714 3335 4776 Τίς
3393 4713 3633 4787 ἐμέτρησε
3676 4709 3724 4777 τῇ

2149 4806 2294 4879 χειρὶ
2330 4805 2495 4858 αὐτοῦ
2554 4804 2652 4871 τήν
2703 4803 2996 4873 θάλασσαν,
3042 4802 3132 4858 καὶ
3176 4803 3302 4868 τοὺς
3349 4801 3599 4877 οὐρανοὺς
3634 4815 3721 4851 cm-

1506 4977 1547 5014 “
1579 4976 1727 5031 Ibid.
1769 4981 1821 5031 5.
1901 4976 1948 5012 ιε
1975 4977 2188 5031 Jerem.
2216 4993 2317 5045 xu,
2352 4979 2437 5035 12.
2516 4975 2571 5042 ⁸³,
2596 4976 2731 5032 Luc.
2763 4992 2803 5044 ι,
2838 4976 2922 5029 35.

1756 5159 1990 5214 VARLE
2030 5157 2430 5214 LECTIONES.

477 5280 559 5351 (p)
589 5278 759 5350 Apud
789 5279 1242 5351 Lequienjnum.
1274 5283 1330 5350 2,
1362 5295 1492 5353 pag.
1527 5281 1649 5336 466.
1727 5282 1799 5351 (q)
1833 5281 2076 5355 Λέγεται.

1971 5435 2191 5490 NOTAE.

475 5558 551 5630 (2)
582 5556 794 5613 Confer
820 5556 1265 5628 Guadagnolum
1296 5558 1537 5630 Apolog.
1566 5574 1697 5631 pag.
1731 5562 1851 5615 277.
1885 5560 2007 5613 Imo
2041 5564 2223 5614 totam
2255 5558 2498 5616 consule
2524 5558 2890 5632 Apologiam.
