3964 6144
238 303 381 361 1345

1228 304 1654 360 DISPUTATIO
1686 307 2044 363 SARACBNI
2081 312 2176 364 ET
2209 315 2661 386 CHRISTIANIJ,

3490 321 3628 376 1346

238 432 408 502 Θαμῇ,
442 433 615 484 πᾶσαν
646 431 744 498 τὴν
777 436 880 504 γῆν
915 428 1109 502 δρακί;
1146 451 1170 480 υ
1229 428 1329 484 Καὶ
1381 426 1544 497 ὅλως,
1595 430 1768 482 πάντα
1811 431 1877 484 τὰ

2016 438 2333 507 :orporibus
2391 444 2846 513 pronuntiatur;
2901 446 3051 499 Deus
3097 450 3292 499 autem
3351 446 3626 501 universa

244 517 412 574 ὕδατα
464 521 568 574 ὑπὸ
629 525 830 595 χειρῶν
883 519 1014 574 εἰσιν
1072 523 1171 573 τοῦ
1225 523 1358 572 Θεοῦ
1416 519 1523 592 [καὶ
1586 519 1613 572 6
1664 518 1885 591 οὐρανὸς

246 606 490 683 δρακίἿ.
527 613 651 670 Πῶς
708 607 978 684 ἐνδέχεται
1044 608 1203 670 αὐτὸς
1261 605 1372 678 ῗδίᾳ
1428 609 1576 682 χειρὶ
1629 611 1698 680 τῇ
1756 629 1886 662 κατ-

249 697 452 772 εχοόσῃ
479 699 546 752 τὰ
575 699 748 752 πάντα
777 694 1072 767 καταϐῆναι
1129 697 1218 751 καὶ
1266 692 1570 767 ἀναϐῆναις
1623 699 1745 752 Ἐάν
1795 696 1887 752 καί

248 785 497 860 ἐρωτήσῃ
534 807 591 841 σε
626 787 654 840 6
688 787 1002 861 Σαρακηνὸς
1056 785 1250 859 λέγων’
1313 785 1410 839 Καὶ
1469 785 1515 839 εί
1573 786 1702 847 Θεὸς
1757 786 1824 853 ἦν
1857 787 1884 840 6

245 875 496 946 Χριστὸς,
555 873 644 928 καὶ
702 872 893 950 ἔφαγεν
953 875 1041 928 καὶ
1100 868 1264 943 ἔπιεν,
1324 875 1412 928 καὶ
1471 871 1735 942 ὕπνωσεν,
1794 875 1881 928 καὶ

246 963 315 1017 τὰ
343 961 504 1033 ἐξῆς;
538 962 653 1017 εἰπὲ
694 961 859 1034 αὐτῷ,
918 961 1000 1017 ὅτι
1057 963 1118 1020 Ὀ
1172 963 1500 1036 προαιώνιος
1563 964 1736 1037 Λόγος
1788 966 1885 1016 τοῦ

250 1053 405 1119 Θεοῦ,
440 1051 468 1104 6
504 1049 690 1113 κτίσας
744 1051 812 1106 τὰ
867 1052 1171 1123 σύμπαντα,
1227 1052 1405 1113 καθὼς
1457 1049 1665 1124 λέγειή
1702 1053 1884 1127 Γραφή

253 1158 380 1210 μου,
407 1139 495 1193 καὶ
521 1140 555 1208 ἡ
587 1141 766 1217 γραφή
800 1160 915 1208 σου,
947 1139 1106 1201 αὐτὸς
1141 1139 1199 1194 ἐκ
1224 1146 1324 1208 τῆς
1357 1140 1550 1213 σαρκὸς
1577 1146 1676 1208 τῆς
1732 1139 1888 1213 ἁγίας

256 1225 531 1302 Παρθένου
563 1227 776 1302 Μαρίας
809 1226 1092 1302 ἅνθρωπος
1121 1227 1411 1302 γενόμενος
1442 1227 1670 1296 τέλειος,
1705 1227 1887 1291 ἔννους

245 1315 334 1369 καῖ
368 1313 638 1390 ἔμψυχος·
676 1317 876 1378 ἐκεῖνος
908 1314 1119 1393 ἔφαγεν,
1155 1316 1246 1370 καὶ
1277 1315 1446 1388 ἔπιεν,
1477 1317 1564 1371 καὶ
1599 1316 1888 1388 ὕπνιωσεν,

245 1405 274 1458 6
307 1401 364 1459 δὶ
389 1403 564 1480 Λόγος
590 1410 686 1460 τοῦ
709 1410 842 1460 Θεοῦ
859 1406 958 1461 οὐκ
982 1404 1169 1480 ἔφαγεν
1195 1402 1322 1460 οὐδὲ
1351 1400 1494 1459 ἔπιεν
1524 1402 1648 1459 οὐδὲ
1678 1403 1891 1460 ὕπνωσε

248 1489 373 1546 οὐδὲ
403 1491 739 1563 ἐσταυρώθη,
769 1494 860 1548 καὶ
888 1494 953 1548 τὰ
984 1494 1127 1564 ἑξῆς.
1162 1494 1396 1548 Γίνωσκε
1422 1491 1520 1562 ’δὶ,
1569 1494 1652 1548 δτι
1683 1494 1711 1548 6
1749 1501 1887 1569 Χρι-

250 1581 372 1643 στὸς
407 1579 636 1644 διπλοῦς
675 1584 770 1654 μὲν
829 1584 1039 1656 λέγεται
1095 1588 1215 1644 ταῖς
1274 1581 1512 1660 φύσεσιν,
1575 1585 1650 1643 εἷς
1708 1581 1764 1637 δὲ
1821 1587 1887 1656 τῇ

255 1671 563 1727 ὑποστάσει.
622 1674 716 1733 Εἷς
773 1674 873 1746 γὰρ
907 1675 933 1726 6
966 1672 1295 1745 προαιώνιος
1353 1671 1524 1742 Λόγος
1579 1675 1676 1724 τοῦ
1734 1676 1888 1739 Θεοῦ,

1989 530 2457 599 comprehendit,
2491 532 2594 586 sed
2645 550 2762 587 non
2814 534 3335 604 comprehenditur
3377 535 3449 589 ab
3498 535 3620 588 ullo

1988 615 2139 670 loco.
2175 619 2270 671 Ait
2307 636 2562 691 namque
2620 621 2860 691 quidam
2914 623 3372 693 prophetarum:
3432 644 3456 673 ι(
3483 623 3622 687 Quis

1992 720 2232 759 mensus
2263 711 2351 760 est
2379 723 2557 762 manu
2590 726 2696 764 sua
2726 727 2908 777 mare,
2943 716 3000 764 et
3031 711 3206 765 coelos
3236 711 3450 781 palmo,
3503 727 3620 780 pu-

1990 792 2128 863 gillo
2189 799 2404 849 terram
2461 797 2796 852 universam
2833 798 2921 852 l“I
2971 820 2997 846 ››
3043 801 3112 851 Ει
3162 800 3404 853 omnino
3454 814 3621 868 aqua)

1990 882 2278 936 universae
2313 884 2418 937 sub
2451 902 2632 939 manu
2663 887 2764 939 Dei
2797 890 3049 940 sunt.....
3101 887 3205 950 Qui
3259 887 3385 940 fieri
3434 890 3627 956 potest

1993 975 2056 1023 ut
2086 971 2134 1024 is
2158 987 2336 1025 mann
2371 989 2476 1026 sua
2506 973 2846 1028 continente
2877 974 3175 1040 universa,
3200 974 3518 1028 descendat
3538 973 3629 1029 vel

1993 1059 2318 1113 ascendat?
2347 1062 2416 1113 Et
2475 1062 2521 1113 si
2580 1061 3027 1132 interrogaverit
3084 1066 3137 1116 te
3179 1063 3503 1117 Saracenus
3549 1062 3631 1116 di-

1994 1161 2171 1200 cens:
2207 1147 2508 1217 Siquidem
2553 1151 2699 1204 Deus
2730 1157 2855 1204 erat
2904 1150 3188 1217 Christus,
3241 1167 3356 1220 qua
3401 1150 3632 1205 ratione

1994 1235 2251 1289 comedit
2279 1240 2338 1289 et
2361 1237 2512 1290 bibit
2570 1243 2627 1291 et
2667 1238 2960 1304 dormivit,
3012 1244 3119 1292 etc.
3168 1239 3268 1293 Dic
3311 1239 3396 1293 ei:
3443 1240 3630 1292 .Eter-

1993 1338 2137 1376 num
2181 1323 2435 1378 Verbum
2496 1325 2617 1392 Dei,
2673 1325 2831 1396 quod
2879 1327 3096 1381 creavit
3151 1326 3371 1391 omnia,
3429 1331 3495 1380 ut
3549 1325 3632 1380 ait

1995 1411 2294 1481 Scriptura
2323 1429 2456 1467 mea
2488 1419 2544 1467 et
2574 1419 2692 1478 tua,
2724 1415 3044 1485 ipsummet
3073 1431 3142 1468 ex
3185 1430 3361 1468 carne
3415 1419 3632 1468 sancta)

1997 1499 2250 1570 Virginis
2300 1502 2490 1554 Mariae
2549 1501 2736 1556 factus
2796 1503 2972 1556 homo
3029 1502 3346 1573 perfectus,
3404 1502 3635 1556 ratione

1998 1594 2054 1641 et
2083 1589 2282 1642 anima
2315 1588 2613 1658 prmditus,
2650 1590 2698 1644 is
2730 1595 2818 1643 est
2850 1591 2948 1659 qui
2990 1590 3246 1644 comedit
3274 1589 3538 1659 bibitque
3569 1605 3637 1643 ac

2006 1677 2297 1730 dormivit.
2324 1682 2397 1730 At
2421 1678 2674 1732 Verbum
2709 1679 2808 1732 Dei
2871 1696 2977 1732 nec
3025 1679 3283 1733 comedit
3324 1694 3434 1732 nec
3491 1677 3640 1731 bibit

253 1758 341 1812 καὶ
377 1759 510 1830 μετᾶ
539 1761 636 1828 τὴν
666 1761 943 1834 πρόληψιν
970 1769 1068 1830 τῆς
1123 1763 1316 1835 σαρκὸς
1385 1763 1752 1821 ὑποστατικῶς
1799 1761 1888 1815 καὶ

2016 1782 2111 1818 nec
2143 1764 2441 1829 dormivit,
2465 1783 2573 1819 nec
2601 1767 2758 1820 cruci
2791 1767 3032 1820 afﬁxum
3065 1771 3173 1833 est,
3225 1773 3334 1820 etc.
3387 1765 3636 1820 Adverte

253 1845 315 1900 οὗ
346 1852 606 1924 φυσικῶς’
641 1847 702 1902 οὐ
749 1851 848 1922 γάρ
902 1851 1198 1920 προσετέση
1257 1855 1324 1923 τῇ
1384 1847 1572 1922 Τριάδι
1632 1850 1881 1924 τέταρτον

2016 1859 2184 1906 ,utem
2215 1854 2511 1908 Christum
2542 1855 2838 1925 duplicem
2895 1855 3008 1908 dici
3063 1855 3218 1925 quod
3261 1854 3333 1909 ad
3383 1860 3628 1909 naturas

249 1933 542 2009 πρόσωπον
579 1938 710 2008 μετά
737 1939 837 2005 τὴν
868 1936 1103 2012 ἀῤῥητον
1137 1932 1326 1991 ἔνωσιν
1357 1945 1456 2007 τῆς
1489 1938 1703 2010 σαρκός.

1986 1943 2216 2009 attinet,
2272 1958 2454 1996 unum
2513 1959 2646 1996 vero
2708 1943 3030 2013 hypostasi.
3113 1945 3274 1997 Unus
3331 1943 3490 1997 enim
3548 1946 3637 1997 est

251 2031 538 2081 aaternum
570 2028 824 2083 Verbum
858 2029 959 2082 Dei
992 2029 1170 2084 etiam
1201 2033 1334 2100 post
1363 2034 1726 2100 assumptum
1757 2045 2017 2093 carnem,
2045 2030 2343 2100 hypostasi
2381 2036 2576 2084 tamen
2634 2047 2752 2084 non
2802 2037 3031 2086 natura.
3089 2033 3286 2101 Neque
3336 2031 3495 2086 enim
3546 2034 3638 2085 est

251 2114 483 2186 adjecta
513 2121 602 2171 est
629 2117 896 2172 Trinitati
929 2123 1141 2188 quarta
1171 2117 1441 2189 quaedam
1473 2134 1728 2189 persona
1758 2123 1890 2188 post
1919 2118 2284 2172 ineffabilem
2316 2119 2642 2173 unitionem
2676 2120 2891 2173 earnis.

321 2201 384 2259 Ὁ
436 2207 590 2259 ΣΑΡ.
649 2205 772 2261 ’Ότι
830 2205 896 2274 ἢν
956 2202 1135 2280 ἐγετελ
1193 2207 1256 2276 (3)
1317 2205 1492 2269 θεῖκὸν
1552 2203 1802 2258 ἀπέθανεν
1852 2201 1888 2273 ἤ

259 2293 362 2364 ζῇς

325 2379 462 2436 Εἰπὲ
517 2379 684 2452 αὐτῷ·
744 2380 844 2437 οὐκ
900 2379 1179 2451 ἀπέθανεν,
1240 2381 1454 2459 θαρρῶν
1508 2386 1577 2455 τῇ
1647 2385 1889 2458 Γραφικῇ

250 2467 539 2539 ἀποδείξει.
573 2471 731 2544 Λέφει
761 2471 862 2546 γὰρ
893 2475 926 2541 ἡ
960 2473 1146 2548 Γραφὴ
1178 2471 1532 2546 περὶτούτου·
1563 2495 1587 2522 ‹‹
1611 2470 1810 2534 Ἦλθεν
1831 2474 1892 2544 (ί)

249 2555 329 2610 ἐπ’
363 2559 528 2626 αὐτὴν
560 2559 588 2612 6
618 2561 841 2634 φυσικὸς
865 2563 972 2614 τῶν
1029 2560 1326 2634 ἀνθρώπων
1389 2561 1610 2620 θάνατος
1667 2561 1889 2630 μνήμην

250 2647 515 2721 καθάρξας
546 2648 580 2718 ἢ
616 2649 1022 2722 χειρωσάμενος
1051 2649 1186 2720 πρὸς
1213 2648 1264 2703 ἐν
1296 2651 1431 2719 ἡμῖν
1457 2645 1644 2723 ἂπαγε.
1670 2647 1892 2710 Ἄλλως

261 2737 385 2811 φέρε
417 2734 606 2792 εἰπεῖν.
640 2737 697 2789 Ὁ
723 2741 940 2811 πρῶτος
1000 2735 1282 2810 ἃνθρωπος
1338 2736 1600 2805 ὕπνωσεν,
1659 2739 1747 2792 καὶ
1791 2738 1892 2806 τὴν

259 2825 495 2899 πλευράν
529 2825 794 2898 ἀφῃρέθη.

327 2913 388 2969 Ὁ
420 2917 570 2970 ΣΑΡ.
608 2912 747 2970 Ἰδοὺ
778 2915 853 2986 (u)
885 2913 1206 2989 πέπληγμαι
1241 2911 1292 2968 ἔν
1318 2935 1424 2968 τινι
1454 2914 1608 2986 τόπῳ
1638 2920 1735 2981 τῆς
1770 2933 1897 2988 σαρ-

263 3001 352 3063 κός
390 3023 515 3074 μου,
549 3004 636 3057 καὶ
692 3003 963 3077 πληγεῖσα
993 3005 1027 3071 ἡ
1061 3004 1188 3079 σάρξ
1251 3000 1501 3076 μώλωπα
1557 3001 1895 3071 ἀπετέλεσεν,

2071 2207 2317 2261 ΞΑΠΑΟ.
2353 2207 2514 2271 Quod
2547 2207 2810 2262 divinum
2858 2207 3076 2275 dicitis,
3125 2213 3500 2263 mortuumne
3550 2209 3640 2262 est

2000 2311 2076 2349 an
2107 2294 2292 2348 vivit?

2071 2383 2380 2454 Responde
2407 2383 2494 2437 illi
2525 2400 2646 2438 non
2677 2384 2857 2438 fuisse
2901 2388 3199 2439 mortuum
3247 2384 3432 2439 fretus
3481 2381 3634 2437 Scri-

2001 2471 2216 2544 pturali
2275 2472 2800 2528 demonstratione.
2861 2474 2956 2527 Ait
3015 2474 3173 2528 enim
3222 2474 3293 2528 de
3335 2474 3444 2527 hoc
3489 2472 3636 2527 Scri-

2001 2566 2208 2631 ptura:
2238 2561 2436 2628 (Venit
2462 2561 2535 2615 ad
2566 2561 2753 2630 ipsam
2785 2561 3073 2616 naturalis
3102 2562 3432 2630 {hominum
3475 2577 3639 2615 mors

2003 2649 2349 2703 memoriam
2406 2649 2704 2702 lacessens
2753 2648 2840 2702 vel
2899 2649 3179 2720 subigens
3235 2649 3308 2703 ad
3356 2649 3418 2702 in
3467 2647 3638 2702 nobis

2003 2754 2203 2809 apage.
2239 2738 2424 2791 Aliter
2452 2742 2520 2790 ut
2547 2737 2629 2791 ita
2657 2736 2851 2791 dicam
2875 2738 2972 2805 (3).
3006 2738 3236 2791 Primus
3267 2736 3444 2790 homo
3503 2735 3641 2790 dor-

2005 2826 2188 2892 mivit,
2216 2831 2272 2878 et
2302 2829 2462 2879 costa
2494 2824 2564 2879 ab
2597 2841 2664 2880 eo
2696 2829 2866 2895 capta
2897 2830 3004 2879 est.

2080 2913 2326 2968 SARAC.
2358 2916 2503 2968 Ecce
2535 2914 2767 2985 plagam
2797 2913 2996 2984 accepi
3027 2917 3187 2968 certo
3237 2913 3493 2983 quodam
3516 2911 3646 2967 loco

2011 3004 2205 3058 carnis
2237 3019 2404 3068 mem,
2437 3002 2976 3074 plagaquefaﬂecta
3022 3019 3156 3056 caro
3204 3001 3453 3056 vibicem
3505 3017 3649 3056 con-

260 3091 349 3144 καὶ
382 3065 434 3144 έν
461 3065 540 3163 τῦξ)
576 3065 1050 3167 μώλωπιυέγένετο
1375 3089 1471 3152 Τίς
1523 3090 1682 3145 αὐτὸν
1733 3065 1894 3146 ἔπλαέ

2016 3093 2208 3160 traxit,
2242 3097 2299 3144 et
2327 3091 2386 3145 in
2417 3091 2602 3146 vibice
2651 3091 2866 3145 vermis
2911 3096 3120 3146 enatus
3171 3096 3277 3146 est.
3328 3091 3468 3155 Quis
3512 3105 3648 3144 eum

267 3199 351 3233 σεν
384 3199 398 3246 ;

343 3267 405 3323 Ὁ
461 3268 642 3323 ΧΡΙΣ.
704 3269 862 3342 Λέγει
919 3269 982 3322 τὸ
1037 3267 1124 3322 καὶ
1179 3267 1534 3344 προείπομενθ
1603 3268 1736 3341 μετά
1809 3267 1908 3336 τὴν

268 3354 492 3428 πρώτην
523 3349 807 3427 ἑϐδομάδα
849 3361 949 3425 τῆς
997 3355 1385 3428 κοσμοποιίας,
1438 3356 1545 3431 οὐχ
1591 3354 1908 3429 ὲὺρίσκομεν

273 3441 667 3514 οἱονδηποτοῦν
716 3451 940 3521 πρᾶγμα
994 3445 1274 3501 πλάσαντα
1323 3447 1414 3500 τὸν
1473 3447 1619 3512 Θεὸν,
1653 3446 1688 3515 ἢ
1738 3443 1909 3500 πλάτ-

267 3553 450 3587 τοντα·
485 3531 630 3588 ἀλλὰ
685 3537 765 3606 τῷ
821 3536 1194 3610 προστάγματι
1251 3538 1350 3588 τοῦ
1407 3539 1540 3589 Θεοῦ
1596 3535 1907 3609 προσετάγη

267 3619 419 3695 ἐντῇ
477 3623 667 3698 πρώτῃ
724 3616 1010 3694 ἐϐδομάδι,
1067 3625 1156 3678 καί
1213 3621 1457 3698 ἐγένοντο
1512 3622 1578 3677 τὰ
1632 3621 1907 3695 γινόμενα.

267 3710 416 3767 Μετὰ
442 3716 558 3772 τοῖς
617 3713 999 3786 προστάγμασι
1057 3711 1348 3786 κατεκρίθη
1409 3714 1479 3782 (υ)
1535 3711 1624 3766 καὶ
1684 3711 1912 3775 ἀκάνθας

267 3801 354 3854 καὶ
386 3795 680 3873 τριϐόλους
711 3804 786 3873 (ξε)
817 3801 948 3856 Τότε
976 3799 1033 3854 δὲ
1062 3801 1149 3854 καὶ
1184 3803 1217 3869 ἡ
1253 3801 1378 3875 σάρξ
1437 3802 1597 3874 ἡμῶν
1645 3805 1911 3875 κριθεῖσα,

272 3889 437 3964 μέχρι
492 3895 594 3958 τῆς
655 3891 896 3964 σήμερον
954 3893 1175 3966 φθεῖρας
1245 3888 1336 3942 καὶ
1417 3888 1709 3958 σκώληκας
1785 3889 1914 3942 ἀνα-

269 3981 466 4034 τελεῖν.

343 4067 404 4123 Ὁ
435 4070 587 4124 ΣΑΡ.
620 4067 832 4141 Ἐρωτᾷ
855 4065 947 4120 τὸν
995 4064 1337 4137 Χριστιανόν·
1400 4065 1606 4120 Λοιπὸυ
1660 4067 1744 4128 τίς
1801 4064 1915 4121 ἐστι

271 4154 420 4231 παρὰ
444 4154 528 4210 σοὶ
565 4155 761 4228 μείζων
796 4157 896 4228 (y),
926 4155 954 4208 6
987 4155 1192 4231 ἁγιάζω
1223 4151 1259 4224 ἤ
1294 4155 1321 4209 6
1352 4155 1743 4232 ἁγιαζόμενος;

339 4331 504 4394 Γνοὺς
537 4331 593 4387 δὲ
623 4334 651 4387 ὁ
682 4335 907 4390 ΧΡΙΣΤ.
955 4334 1056 4402 τὴν
1111 4331 1348 4388 ἔνοπλον
1405 4332 1569 4388 αὐτοῦ
1623 4330 1914 4408 ἐρώτησιν,

267 4422 432 4474 εἶπεν
459 4423 525 4474 Ὅ
555 4420 731 4484 θέλεις
762 4423 932 4478 εἰπεῖν
963 4424 1236 4500 γινώσκω.

342 4567 388 4602 ιι
413 4567 523 4624 Isa.
555 4584 636 4637 χι,
668 4571 753 4626 12.

2008 3182 2325 3237 formavit?

2081 3272 2238 3326 CHR.
2274 3271 2425 3325 Dicit
2457 3268 2612 3340 quod
2645 3273 2698 3323 et
2749 3268 2977 3340 praefati
3029 3284 3251 3323 sumus.
3301 3270 3441 3323 Post
3488 3267 3653 3338 prio-

2011 3376 2138 3414 rem
2169 3359 2600 3413 hebdomadam
2632 3357 2946 3413 creationis
2978 3357 3206 3424 mundi,
3257 3373 3377 3412 non
3422 3354 3651 3427 reperi-

2013 3465 2147 3502 mus
2175 3448 2361 3503 ullam
2390 3463 2516 3502 rem
2548 3447 2836 3501 formasse
2866 3452 2969 3501 aut
2996 3445 3253 3501 formare
3286 3447 3491 3500 Deum.
3538 3442 3652 3499 Sed

2014 3536 2291 3591 mandate
2327 3536 2422 3589 Dei
2456 3540 2814 3606 praeceptum
2850 3539 2939 3588 est
2977 3534 3037 3588 in
3067 3534 3259 3604 prima
3296 3533 3400 3588 illa
3427 3532 3656 3587 hebdo-

2016 3625 2210 3688 mada.
2243 3623 2599 3693 fueruntque
2630 3640 2759 3693 qum
2815 3627 2971 3677 sunt.
3020 3621 3242 3677 Deinde
3284 3620 3656 3693 jussionibus

2017 3713 2294 3768 damnata
2326 3717 2415 3766 est
2445 3717 2601 3765 terra
2629 3711 2999 3782 (germinare)
3027 3714 3084 3764 et
3141 3710 3342 3780 spinas
3382 3713 3440 3763 et
3467 3708 3658 3763 tribu-

2017 3801 2126 3854 los.
2160 3803 2319 3854 Tunc
2352 3800 2528 3854 etiam
2560 3815 2694 3852 caro
2750 3803 2956 3852 nostra
2999 3797 3300 3868 damnata,
3353 3813 3540 3868 usque
3593 3795 3659 3850 in

2017 3895 2373 3962 praesentem
2405 3888 2562 3942 diem
2593 3886 2899 3958 pediculos
2931 3891 2989 3940 et
3013 3903 3247 3941 vermes
3276 3886 3483 3959 gignit.

2091 4067 2335 4122 SABAC.
2417 4065 2744 4136 lnterrogat
2804 4065 3205 4119 Christianum
3270 4079 3283 4117 :
3370 4063 3659 4118 Caeterum

2020 4173 2152 4211 vero
2177 4157 2310 4226 quis
2340 4154 2495 4225 apud
2528 4159 2582 4208 te
2609 4154 2800 4224 major
2830 4158 2938 4219 est,
2972 4153 3071 4223 qui
3105 4151 3434 4207 sanctiﬁcat
3461 4167 3538 4206 an
3559 4149 3662 4221 qui

2023 4245 2429 4300 sanctificatur
2451 4243 2479 4297 ?

2093 4335 2434 4404 Agnoscens
2462 4345 2597 4384 vero
2658 4328 2926 4396 CHRIST,
2973 4328 3256 4384 hostilem
3304 4329 3432 4401 ejus
3483 4327 3667 4382 inter-

1953 4406 1994 4470 D
2027 4421 2396 4493 rogationem
2427 4418 2545 4473 ait:
2570 4417 2736 4483 Quod
2771 4416 2876 4472 tibi
2904 4416 3014 4484 vis,
3044 4416 3334 4489 intelligo.

1635 4667 1888 4724 νΑΒΙοΕ
1927 4664 2308 4722 LECTIONES

339 4809 404 4879 (ν)
437 4811 571 4866 Ηωο
601 4810 924 4866 oscitanter
954 4810 1196 4866 inserta.

269 4875 476 4949 Deum,
506 4881 1020 4951 mortuusne_est?
1091 4881 1152 4951 (ι)
1187 4875 1369 4951 Locus
1401 4875 1904 4951 corruptis's'imus,
1936 4885 1994 4935 et
2023 4875 2125 4949 qui
2157 4880 2216 4931 in
2251 4875 2569 4945 Lequienio
2601 4875 2784 4951 deest.

1274 4809 1339 4880 (ε)
1372 4809 1490 4864 ”Οτ’
1520 4808 1578 4861 ἂν
1612 4807 1748 4891 λέγῃ
1776 4808 1858 4864 τό.
1893 4810 1984 4891 In.
2013 4806 2331 4891 Lequienio
2389 4801 2447 4885 ὃν
2501 4803 2691 4891 λέγετε
2737 4803 2887 4891 Θεὸν,
2927 4801 3179 4891 ἀπέθανε.
3211 4804 3418 4891 Quem
3449 4801 3655 4891 idicﬁitis

2864 4874 2941 4943 (α)
2972 4874 3324 4943 Lequienius
3345 4889 3510 4928 num.
3535 4877 3590 4929 6.

267 4951 342 5021 (υ)
373 4943 653 5024 Lequien.
689 4952 823 5025 μετά
854 4948 912 5025 δὲ
942 4943 1590 5025 ςὴνᾼτξάράϐασιν-κατεκί
1617 4955 1756 5004 Post
1794 4943 2511 5025 transgressionem—vero,
2545 4951 2655 5000 etc.
2734 4947 2816 5017 (ac)
2855 4943 3196 4998 Ἀνατέλκειν
3240 4945 3375 5015 Leq.
3414 4950 3472 4998 et
3524 4961 3662 5000 mox

267 5020 700 5099 κατακρῖθεῖσα.’
747 5026 820 5094 (y)
857 5020 1198 5079 Ἀνατὲλλει.
1276 5023 1658 5095 (ιγνιείιιιίεῐι.
1687 5038 1851 5076 num.
1882 5023 1936 5089 8,
1966 5020 2101 5092 pag.
2134 5022 2267 5073 469.

1846 5208 2067 5264 NOTAE.

341 5344 414 5412 (3)
449 5345 504 5398 S.
540 5343 805 5400 Andreas
835 5346 1132 5401 Cretensis
1163 5349 1308 5400 orat.
1343 5345 1403 5400 in
1436 5345 1684 5400 Dormit.
1710 5343 1778 5412 S.
1799 5344 1915 5398 Ma-

267 5411 374 5487 ria)
403 5416 430 5482 §
464 5431 496 5487 ν
527 5415 700 5469 initio
729 5415 803 5487 _de
867 5423 1052 5487 morte
1113 5417 1380 5487 Deiparm
1433 5416 1604 5487 hahei
1632 5435 1646 5476 :
1703 5411 1917 5487 Μέχρις

269 5483 502 5560 αᾷτῆςὸ
560 5485 783 5560 φυσικὸς
841 5490 951 5560 τῶν
1006 5483 1306 5560 ἀνθρώπων
1365 5485 1616 5560 ἐχώρησε
1671 5483 1914 5560 θάνσίτὲος,

273 5553 334 5631 οὔ
395 5553 862 5631 μήνύκαθείρξας,
923 5557 998 5617 ὡς
1036 5557 1108 5631 ,ἐν
1175 5560 1333 5630 ἡμῖν,
1393 5553 1916 5631 ἦγχειρωσάμενος,

272 5625 472 5702 ἄπαγε.
503 5629 653 5686 Hinc
682 5625 851 5687 loeus
885 5625 1228 5689 omnimodo
1261 5625 1630 5700 emendatur,
1664 5625 1923 5701 explica-

2026 5345 2237 5408 turque
2262 5336 2403 5408 quid
2443 5337 2520 5390 sit
2540 5335 2900 5408 Scripturalis
2931 5332 3343 5408 demonstratio.
3377 5335 3671 5408 Praeterea

2026 5405 2216 5480 liquet
2245 5405 2578 5480 orationem
2637 5405 2800 5480 illam
2853 5405 3145 5480 Cretensi
3185 5405 3487 5468 tributam,
3529 5407 3668 5457 ante

2028 5475 2408 5552 scriptionem
2436 5478 2616 5552 hujus
2647 5477 3035 5552 dialogi_sat_is
3075 5475 3275 5552 tritam
3322 5488 3667 5552 magnmque

2028 5543 2396 5608 auctoritatis
2429 5543 2633 5615 fuisse,
2684 5543 2834 5603 cum
2870 5546 3244 5619 Scripturalis
3290 5543 3522 5601 audiret
3567 5543 3672 5598 de-

2027 5621 2400 5681 monstratio.
