3964 6144
461 267 600 324 1347

534 393 779 447 SARAC.
814 393 869 447 Si
901 392 1141 463 quidem
1171 392 1347 457 nosti,
1379 392 1575 446 indica
1604 390 1774 446 mihi.

533 482 805 535 CHRIST.
840 482 1072 551 Inquit:
1106 482 1161 535 Si
1214 481 1316 534 tibi
1368 482 1566 535 dixero
1629 478 2095 534 sanctiﬁcantem

462 585 590 623 esse
622 570 983 623 sanctificato
1018 570 1328 639 majorem,
1363 586 1594 641 regeres
1626 569 1935 623 adversum
1964 583 2054 620 me
2083 584 2096 629 ;

458 656 582 721 Abi,
617 657 796 710 adora
830 658 1148 727 Baptistam
1177 659 1484 719 Joannem,
1520 658 1737 727 quippe
1772 657 1871 726 qui
1904 654 2100 725 bapti-

456 745 602 799 zavit
634 745 1138 814 sanctificavitque
1172 746 1468 799 Christum
1504 751 1693 799 tuum.

533 834 777 888 SARAC.
810 834 971 887 Istud
1007 850 1147 887 sane
1179 834 1447 888 volebam
1481 834 1584 887 tibi
1617 834 1833 887 dicere.

530 921 910 991 rEnigmatice
943 922 1024 974 ait
1054 922 1319 976 CHRIST.
1356 922 1429 975 ad
1488 922 1866 976 Saracenum.
1913 918 2099 972 Profi—

459 1008 719 1063 ciscente
753 1014 805 1062 te
837 1008 909 1062 ad
939 1009 1220 1063 balneum
1248 1027 1380 1063 cum
1415 1027 1580 1063 servo
1618 1016 1714 1063 tuo
1748 1015 1813 1063 ut
1864 1006 2097 1072 laveris,

458 1094 767 1166 lavatoque
803 1095 873 1149 ab
908 1097 1033 1165 ipso
1066 1102 1124 1149 et
1154 1103 1421 1167 purgato,
1456 1113 1631 1166 quem
1675 1097 1963 1167 majorem
2012 1093 2099 1148 di-

457 1184 613 1237 xeris
634 1184 661 1237 ?
691 1186 839 1237 Num
875 1185 1157 1239 miserum
1190 1185 1355 1237 illum
1391 1190 1447 1238 et
1478 1185 1813 1254 emptitium
1842 1198 2097 1244 servum,

456 1271 548 1325 vel
580 1276 632 1325 te
680 1271 750 1325 ab
806 1271 909 1325 illo
970 1273 1327 1343 purgatum?
1381 1273 1543 1326 Haud
1602 1272 1775 1325 aliter
1830 1288 1985 1342 ergo,
2046 1274 2104 1324 et

459 1358 585 1430 ipse
614 1375 749 1414 cum
780 1360 1063 1414 Dominus
1094 1366 1251 1415 esset
1280 1377 1313 1415 a
1343 1377 1506 1415 servo
1538 1366 1818 1431 purgatus
1851 1364 1956 1413 est.

530 1537 693 1590 Mene
722 1553 892 1591 vocas
926 1537 1212 1608 majorem
1271 1538 1372 1608 qui
1427 1538 1563 1603 emi,
1614 1554 1688 1591 an
1736 1537 1905 1591 illum
1935 1552 1967 1591 a
1998 1550 2091 1589 me

459 1629 747 1696 emptum,
779 1626 861 1680 ait
892 1626 1221 1681 Saracenus
1252 1627 1325 1681 ad
1356 1625 1805 1681 Christianum?

528 1802 630 1855 Hic
662 1818 796 1857 vero
831 1803 1161 1873 respondit,
1194 1804 1515 1875 gratiisque
1547 1803 1711 1874 prius
1766 1804 1883 1857 Deo
1934 1802 2103 1856 actis.

1984 264 2349 319 ADDRNDA.

2143 397 2190 456 Α
2291 386 2350 442 Ὀ
2384 390 2534 442 ΣΑΡ.
2570 386 2670 442 Καὶ
2703 386 2790 440 ἐάν
2825 384 2973 447 οἶδας
3006 384 3179 457 δεῖξόν
3215 406 3326 458 μοι.

3689 270 3790 347 1,348

2278 476 2334 526 Ὀ
2376 478 2598 531 ΧΡΙΣΤ.
2659 476 2823 529 εἶπεν·
2886 476 3005 529 Ἐάν
3067 496 3150 529 σοι
3207 476 3339 530 εἷ’πω
3396 476 3479 530 ’ὀτι
3533 478 3557 530 6
3608 480 3787 552 ἁγιάζων

2211 563 2405 633 μείζων
2438 568 2532 617 τοῦ
2567 566 2950 637 άγιαζομένου,
2996 563 3133 637 ἐρεῖς
3196 585 3312 635 μοι,
3368 564 3621 632 ’¹Απελθε,
3672 571 3787 644 emi,

2206 650 2575 723 προσκύνησον
2632 654 2721 705 τὸν
2778 653 3084 719 Βαπτιστὴν
3144 652 3420 722 Ἰωάννην,
3506 654 3577 715 ὡς
3646 656 3789 729 βαπτί-

2207 761 2365 793 σαντά
2388 741 2476 794 καὶ
2507 740 2795 815 άγιάσαντα
2823 742 2912 795 τὸν
2946 740 3177 815 Χριστόν
3211 762 3327 798 σου.

2275 829 2335 882 Ὀ
2370 826 2425 881 δὲ
2458 835 2605 884 ΣΑΡ.
2642 828 2850 893 Οὕτως,
2879 828 3034 904 φησί,
3074 830 3154 881 σοὶ
3184 826 3372 891 ἔθελον
3408 829 3592 885 εἰπεῖν.

2279 914 2713 990 Αἶνιγματωδῶς
2734 912 2834 994 ἔφη
2865 918 2892 971 6
2922 919 3149 972 ΧΡΙΣΤ.
3167 920 3237 988 (α)
3260 918 3395 992 πρὸς
3416 919 3506 971 τὸν
3538 922 3788 992 Σαρακηνὸν

2208 1006 2616 1080 Ἀπερχομὲνου
2648 1028 2743 1060 σου
2775 1006 2826 1061 ἐν
2860 1011 2938 1078 τῷ
3000 1004 3275 1081 βαλανείῳ
3326 1007 3461 1078 μετά
3508 1012 3594 1063 τοῦ
3638 1008 3786 1064 δούλου

2207 1114 2303 1147 σου
2337 1094 2653 1162 λούσασθαι,
2694 1095 2782 1149 καὶ
2844 1092 3150 1167 λουόμενος
3208 1095 3298 1149 ὑπ’
3356 1094 3517 1149 αὐτοῦ
3570 1098 3647 1151 καὶ
3696 1110 3787 1160 καθ-

2206 1181 2528 1253 αιμὸμενος,
2559 1182 2681 1235 τίνα
2712 1181 2861 1257 ἔχεις
2919 1182 3087 1237 εἰπεῖν
3151 1182 3404 1254 μείζονα;
3467 1185 3681 1239 Ἐκεῖνον
3725 1187 3785 1239 τὸν

2207 1268 2420 1343 οἰκτρὸν
2455 1267 2650 1324 δοῦλον
2687 1270 2777 1323 καὶ
2810 1270 3220 1344 ἀργυρώνητον,
3253 1270 3287 1339 ἢ
3321 1270 3384 1324 σὺ
3416 1272 3444 1324 6
3472 1273 3785 1345 καθαρθεῖςξὸίῗ

2210 1358 2295 1411 ὑπ’
2328 1358 2531 1427 αὐττῦ;
2565 1357 2753 1419 Οὕτως
2787 1359 2877 1412 οὖν
2903 1359 2991 1412 καὶ
3051 1358 3212 1421 αὐτὸς
3272 1360 3542 1429 Δεσπότης
3588 1359 3670 1431 ὣν,
3716 1361 3785 1415 ὑπὸ

2202 1450 2300 1500 τοῦ
2333 1443 2540 1500 δούλου
2572 1445 2906 1521 ἐκαθαίρετο.

2284 1535 2548 1605 Ἐμαυτὸν
2579 1536 2757 1608 Αὲγεις
2796 1534 3019 1603 μείζονα
3066 1537 3160 1589 τὸν
3211 1538 3551 1608 κτισάμενεν,
3581 1535 3612 1605 ἢ
3640 1536 3785 1591 ἐκεῖνον

2212 1623 2302 1677 τὸν
2340 1624 2469 1697 ὑπὲρ
2502 1623 2637 1695 ἐμοῦ
2695 1626 2997 1692 κτισθέντα,
3060 1626 3200 1680 εἶπεν
3265 1628 3293 1679 6
3354 1627 3647 1697 Σαρακηνὸς
3694 1626 3786 1698 πρὸς

2138 1748 2186 1813 Β
2216 1712 2306 1765 τὸν
2340 1712 2701 1785 Χριστιανόν;

2286 1802 2346 1857 Ὀ
2379 1798 2435 1853 δὲ
2474 1800 2759 1875 ἀπεκρίθη,
2793 1800 3190 1875 εὐχαριστήσας
3246 1804 3509 1877 πρότερον
3557 1803 3639 1857 τὸν
3677 1803 3782 1869 Θεὸν,

458 1889 659 1959 inquit
689 1890 761 1945 ad
793 1892 1147 1948 Saracenum
1178 1910 1189 1946 :
1225 1892 1501 1946 Similiter
1534 1892 1724 1961 cogita
1756 1896 1817 1945 tu
1876 1890 2017 1944 mihi
2053 1905 2081 1943 e

2234 1890 2302 1943 ιαὶ
2337 1891 2479 1943 εἶπεν
2514 1888 2649 1963 πρὸς
2676 1889 2769 1942 τὸν
2814 1889 3147 1963 Σαρακηνὸν·
3207 1890 3397 1951 Οὕτως
3457 1912 3544 1963 μοι
3594 1892 3685 1943 νόει
3724 1892 3781 1942 καὶ

456 1978 744 2033 Joannem
786 1996 1020 2034 servum
1078 1986 1255 2051 atque
1313 1980 1603 2035 famulum
1669 1980 2085 2033 ministranten

2234 1978 2305 2032 :6v
2339 1979 2618 2047 Ἰωάννην,
2653 1975 2850 2031 δοῦλον
2874 1978 2964 2032 καὶ
3024 1977 3264 2047 οἰκέτην,
3322 1981 3700 2054 ὑπουργήσαντα
3734 1984 3784 2046 τῷ

453 2066 685 2121 Christo
715 2068 775 2121 in
805 2068 1081 2135 Jordane,
1117 2069 1177 2122 in
1236 2086 1350 2140 quo
1401 2068 1728 2138 baptizatus
1783 2067 2085 2137 Sospitato

2234 2068 2440 2142 Κριστῷ
2473 2066 2522 2122 ἐν
2555 2072 2633 2138 τῷ
2680 2064 2946 2144 Ἰορδάνῃ,
3002 2067 3053 2122 ἐν
3105 2069 3149 2140 ᾧ
3212 2069 3522 2144 βαπτισθεὶς
3574 2071 3598 2124 6
3644 2069 3781 2140 Σωτήρ

455 2170 627 2209 meus
658 2154 975 2210 latentium
1010 2156 1088 2210 ibi
1122 2157 1182 2209 in
1210 2156 1414 2211 lustris
1446 2156 1737 2210 malorum
1771 2155 2109 2209 daamonnm

456 2243 649 2311 capita
678 2242 990 2313 confregit.

531 2330 859 2384 Saracenus
893 2335 1091 2385 autem
1124 2330 1508 2385 vehementer
1547 2331 1892 2396 admiratus,
1939 2329 2111 2401 quid-

460 2433 575 2487 que
604 2418 992 2488 responderet
1022 2435 1141 2472 non
1174 2419 1397 2473 habens
1425 2420 1777 2486 Christiano,
1802 2419 1966 2488 abiit,
1991 2435 2108 2473 non

460 2505 717 2577 amplius
745 2523 882 2561 cum
917 2506 1019 2561 illo
1052 2523 1422 2579 congressus.

2221 2176 2347 2226 μου,
2400 2159 2508 2208 τῶν
2569 2154 2740 2209 ἐκεῖσε
2794 2153 3209 2232 ἐμφολευὸντων
3268 2162 3523 2233 πονηρῶν
3577 2152 3780 2229 δαιμόνων

2217 2242 2310 2302 τὰς
2341 2241 2579 2318 κεφαλάς
2613 2244 2948 2317 συνέτριψεν,

2288 2330 2347 2385 Ὁ
2390 2326 2446 2383 δὶ
2506 2331 2820 2403 Σαρακηνὸς
2879 2328 3086 2407 σφόδρα
3140 2332 3442 2403 θαυμάσας,
3504 2332 3583 2385 καὶ
3636 2330 3783 2401 ἀπορή-

2220 2436 2333 2483 σας,
2388 2417 2473 2470 καὶ
2534 2415 2587 2470 τί
2642 2416 3001 2490 ἀποκριθῆναι
3062 2419 3139 2490 μή
3198 2413 3345 2492 ἔχων
3403 2422 3481 2489 τῷ
3530 2418 3780 2490 Χριστιανῷ,

2218 2504 2568 2579 ἀνεχώρησεν
2602 2504 2793 2578 μηκέτι
2824 2500 3192 2579 προσϐάλλων
3224 2506 3394 2579 αὐτῷ.

1817 2632 2053 2685 VARUS
2094 2630 2384 2684 LECTION
2391 2630 2491 2685 ES.

527 2725 605 2797 (a)
634 2721 977 2801 Χριστιανός.

1082 2729 1156 2799 (b)
1189 2729 1468 2799 Lequien,
1503 2728 1694 2782 σαυτὸν
1726 2727 1818 2781 τὸν
1849 2724 2199 2801 καθαρθέντα.

459 2879 3001 2907 2m

1250 3006 1965 3128 JOANNIS
2072 3006 3053 3131 DAMASGENI

2091 3239 2225 3283 SlVE

923 3391 1061 3476 J0
1080 3388 1396 3476 ANNIS
1484 3388 1949 3477 PATBIAB
1971 3390 2223 3477 CHfE
2301 3392 3244 3485 HIEROSOLYMITA
3266 3396 3383 3484 NI

1912 3568 2389 3630 OPUSCULUM

1276 3740 1951 3834 ADVERSUS
2038 3739 3012 3838 IGONOCLASTAS.

1451 4057 1751 4126 (GALLAND.
1788 4056 1904 4110 Vel.
1938 4056 2167 4109 Patrum
2195 4054 2459 4109 Biblioth.
2492 4057 2640 4123 XIII,
2670 4058 2820 4129 352.)

830 4311 1292 4367 DISCEPTA'I‘IO
1330 4312 1401 4366 IN
1412 4312 1706 4365 VECTIVA

1205 4416 1335 4470 quae

443 4506 651 4561 Habita
681 4512 757 4560 est
797 4523 830 4560 a
899 4505 1110 4560 delibus
1143 4511 1193 4559 et
1233 4504 1572 4569 orthodoxis,
1631 4506 1978 4574 studiumque
2024 4522 2088 4559 ac

512 4577 685 4631 zelum
744 4577 1086 4640 habentibus,
1156 4577 1228 4629 ad
1313 4576 1679 4641 confutandos
1750 4578 2088 4631 adversarios

508 4648 638 4717 fidei
663 4654 712 4702 et
742 4649 1011 4702 doctrinm
1049 4653 1363 4701 sanctorum
1416 4645 1955 4717 orthodoxorumque
1979 4648 2086 4702 Pa-

510 4726 655 4773 trum
684 4726 995 4773 nostrorum
1017 4719 1108 4787 (2).

509 4838 561 4891 1.
593 4833 822 4889 Naboth
877 4831 1174 4889 Israelites
1230 4836 1295 4885 ut
1351 4847 1426 4887 ne
1486 4835 1800 4902 paternam
1856 4833 2087 4889 vineam

434 4922 717 4987 traderet,
769 4921 1066 4993 lapidatus
1118 4925 1225 4987 est,
1276 4936 1410 4974 cum
1460 4918 1741 4975 dixisset:
1806 4924 1926 4980 Non
1972 4930 2085 4977 tra-

440 5011 567 5064 dam
594 5011 969 5065 hwreditatem
990 5015 1219 5080 patrum
1240 5024 1481 5062 meorum
1512 5009 1609 5075 (a).
1642 5012 1716 5062 At
1743 5009 1839 5063 isti
1870 5012 2085 5081 quibus

437 5098 609 5153 licuit
636 5114 767 5152 esse
801 5098 1092 5170 episcopis
1123 5104 1182 5153 et
1226 5096 1567 5169 pastoribus
1615 5097 1808 5153 ovium
1857 5102 2084 5158 ratione

506 5224 580 5295 (a)
614 5224 691 5277 ΙΙΙ
720 5225 857 5294 Reg.
892 5241 1001 5295 xvx,
1036 5227 1091 5279 3-

2543 4324 2887 4380 ΔΙΑΛΟΙῸΣ
2941 4326 3488 4383 ΣΤΗΛΙΤΕΥΤΙΚΟΣ

2871 4414 3163 4486 γενόμενος

2198 4512 2587 4591 Πάράπιστῶν
2647 4514 2735 4591 καί
2788 4515 3098 4591 ᾀρθοδόξων
3156 4520 3259 4591 καὶ,
3302 4520 3465 4575 πόθον
3512 4515 3589 4571 καὶ
3639 4505 3747 4589 ζῆλῖν

2267 4579 2546 4662 ἐχόντων,-
2588 4588 2729 4662 πρὸς
2770 4579 3020 4662 ,ἔλεγχον
3078 4595 3185 4645 τῶν
3247 4590 3498 4662 ἐναντίων,
3536 4579 3747 4662 sic“?

2269 4608 2529 4656 εχοντων,
2588 4608 2726 4658 προς
2786 4608 2912 4662 εΛεγ
2963 4610 3019 4643 ον
3078 4612 3185 4645 των
3247 4608 3493 4646 εναντιων
3546 4608 3629 4652 της
3691 4608 3745 4630 7'"

2269 4674 2435 4740 ςτεευς
2460 4657 2549 4740 id?
2580 4665 2678 4740 τῆς
2709 4608 3058 4725 διδασκαγλίας
3089 4667 3197 4717 τῶν
3227 4663 3390 4737 ἁγίων
3422 4660 3506 4717 καὶ
3526 4651 3745 4733 ὀρθοδύξων

2273 4727 2428 4799 ἡμῶν
2462 4730 2738 4804 Πατὲρων.

2265 4846 2331 4902 α’.
2366 4842 2609 4912 Ναϐουθὲ
2643 4850 2671 4904 6
2704 4848 3050 4921 Ἰσραηλίτης
3073 4849 3167 4907 ἵνα
3198 4854 3275 4926 μὴ
3305 4853 3395 4909 τὸν
3427 4852 3644 4923 πατρῷον
3679 4838 3745 4926 ἆμξ

2194 4933 2419 4990 πελῶνα
2470 4936 2697 5013 παραδῷ
2777 4922 3285 5013 κατολιθοϐολήθη,
3359 4922 3545 5014 λέγων’
3594 4930 3653 4990 Οὖ
3694 4922 3739 4997 μὴ

2197 5020 2386 5095 προδῶ
2434 5023 2812 5102 κληρονομίαν
2878 5029 3126 5105 πατέρων
3184 5052 3311 5103 μου.
3367 5029 3520 5087 Οὗτοι
3572 5022 3632 5090 δὲ,
3676 5034 3741 5091 φη·

2201 5112 2306 5183 σὶν,
2340 5111 2651 5189 ἐπίσκοποι,
2682 5116 2771 5170 καὶ
2801 5104 3059 5190 ποιμένες
3107 5124 3215 5174 τῶν
3275 5117 3500 5195 λογικῶν
3553 5104 3740 5183 λαχόντες

2019 5332 2241 5392 NOTAE.

500 5455 576 5527 (1)
638 5453 972 5527 Verius_ex
1006 5452 1147 5527 _alio
1207 5454 1348 5527 Cod.
1409 5452 1609 5527 Regio,
1684 5455 2075 5527 Hierosolymi-

427 5524 952 5583 tani'Patriarchz.
1005 5525 1172 5579 Forte
1228 5524 1368 5595 quia
1418 5526 1679 5580 Joannes
1736 5524 2074 5597 patriarcha

2190 5463 2473 5520 Damasco
2506 5468 2797 5525 oriundus
2829 5476 2977 5535 erat,
3007 5472 3366 5531 Damascenus
3393 5472 3482 5527 hic
3506 5463 3689 5522 dicitur.

2253 5536 2328 5607 (2)
2361 5538 2441 5592 Ex
2473 5546 2677 5597 nostra
2705 5542 3229 5615 interpretatione.
