3964 6144
291 308 314 359 ι
323 303 430 359 349

1494 307 1876 360 ADVERSUS
1909 303 2461 359 ICONOCLASTAB.

3543 305 3682 362 1350

287 427 422 478 εἶναι
453 421 763 499 προϐάτων,
798 423 887 480 διὰ
917 424 1072 496 δόξαν
1099 427 1256 494 κενὴν
1288 426 1379 480 καὶ
1438 430 1625 498 μόνον,
1666 429 1773 478 τῶν
1807 426 1924 480 Ha-

2052 424 2443 496 praaditarum,
2469 424 2542 478 ob
2575 441 2784 481 vanam
2819 427 3108 483 duntaxat
3163 429 3436 500 gloriam,
3487 434 3680 499 pater-

287 513 458 586 τέρων
486 513 585 576 τὰς
643 515 824 591 φωνὰς
882 517 1292 590 παρωσάμενοι,
1351 515 1486 568 κατὰ
1539 520 1640 581 τῆς
1695 513 1930 574 πίστεως

290 601 513 664 ἑαυτοὺς
573 602 911 674 ὁπλίσαντες,
963 604 1031 657 τὰ
1084 605 1258 678 ὀρθῶς
1321 604 1409 657 ὑπ’
1466 603 1639 657 αὐτῶν
1700 599 1932 676 ῥηθέντα

296 685 638 764 στρεϐλοῦσι,
668 692 803 745 κατὰ
829 692 920 745 τὸν
945 689 1210 764 ἀδόκιμον
1257 691 1430 746 αὐτῶν
1481 691 1569 745 καὶ
1616 687 1934 760 τεθολωμέ-

299 797 389 830 νον
446 782 570 832 νοῦν
624 777 986 845 διδάσκοντες,
1061 783 1234 855 ’Ἃπερ
1313 779 1486 834 πάντα
1559 779 1763 833 ἐνώπια
1816 783 1932 838 τοῖς

299 863 560 935 συνιοῦσι,
618 867 708 922 καὶ
766 868 897 941 ὀρθά
949 874 1064 929 τοῖς
1122 869 1439 942 εὐρίσπονσι
1517 872 1738 943 γνῶσιν,
1799 866 1936 920 κατὰ

294 953 357 1006 τὸ
385 956 788 1028 γεγραμμένον.
822 957 890 1012 Οἱ
924 957 1018 1028 μὲν
1047 957 1152 1030 γάρ
1185 954 1312 1032 δόξῃ
1345 959 1417 1029 (3)
1446 957 1532 1010 καὶ
1587 957 1806 1028 καθαρῷ
1833 961 1933 1023 τῆς

300 1037 539 1104 διανοίας
572 1039 780 1114 ὄμματι
809 1049 928 1107 τοῖς
947 1046 1117 1118 ἱεροῖς
1173 1051 1271 1114 τῆς
1316 1043 1673 1108 θεοπνεύστου
1720 1048 1938 1119 Γραφῆς

295 1130 784 1205 περιτυγχάνοντες
841 1132 1050 1208 λόγοις,
1109 1129 1307 1210 ὄφελος
1355 1137 1524 1199 θεῖον,
1579 1129 1760 1204 ὣσπερ
1816 1130 1938 1185 τινὰ

295 1217 544 1291 οὐράνιον
573 1220 865 1295 θησαυρὸν,
896 1227 1016 1283 ταῖς
1075 1221 1250 1276 αὐτῶν
1307 1221 1654 1290 εἷσοικίζουσι
1705 1223 1932 1293 ψυχαῖςο

297 1306 352 1359 οἱ
385 1303 442 1360 δὶ
469 1307 560 1361 τὸν
594 1313 717 1362 νοῦν
768 1308 984 1384 ἔχοντες
1040 1314 1118 1381 τῷ
1165 1307 1346 1383 ψεύδει
1401 1308 1790 1384 προσνευκύτα,
1846 1307 1937 1360 καὶ

294 1400 395 1463 τῆς
421 1415 582 1450 τινων
614 1397 1016 1471 ἀθυροστομίας
1038 1399 1379 1470 ἡττώμενον,
1410 1398 1499 1453 καὶ
1528 1393 1768 1471 βεϐήλου
1794 1395 1940 1470 γνώ-

303 1502 437 1541 σεως
469 1484 722 1557 ἐραστὴν,
769 1485 985 1539 ἐκείνων
1041 1484 1249 1541 ἔσονται
1307 1485 1579 1555 κοινωνοὶ,
1626 1486 1748 1559 περὶ
1803 1485 1876 1537 ὧν
1910 1484 1938 1537 ὁ

309 1571 572 1646 μακάριος
656 1572 870 1634 Παῦλος
954 1573 1166 1651 γράφει·
1248 1576 1336 1630 Ἑν
1424 1575 1501 1638 οἷς
1557 1575 1583 1627 ὁ
1643 1574 1771 1634 Θεὸς
1843 1576 1939 1626 τοῦ

298 1659 496 1721 αἰῶνος
549 1660 745 1715 τούτου
824 1661 1105 1738 ἐτύφλωσε
1186 1663 1249 1717 τὰ
1301 1665 1547 1734 νοήματα
1625 1667 1732 1716 τῶν
1812 1660 1936 1715 ἀπί-

2039 535 2146 572 nas
2175 533 2346 572 voces
2376 518 2778 588 repudiantes,
2813 520 3212 590 adversusque
3261 521 3438 575 ﬁdem
3495 526 3683 575 semet

2039 606 2151 675 ipsi
2184 612 2504 672 armantes,
2538 623 2668 677 quae
2701 614 2856 662 recte
2890 608 2960 662 ab
2995 609 3114 662 illis
3150 609 3307 662 dicta
3353 614 3492 662 sunt
3537 625 3678 662 con-

2041 698 2321 764 torquent
2368 695 2557 764 (juxta
2615 696 2989 766 reprobatam
3043 714 3209 751 suam
3265 697 3680 766 turbidamque

2039 789 2300 838 mentem
2333 784 2658 851 docentes),
2686 788 2837 855 (Quae
2870 789 3194 841 omnimodis
3241 789 3307 842 ob
3356 789 3537 840 oculos
3578 803 3681 855 po-

2037 867 2149 925 sita
2178 879 2303 926 sunt
2352 875 2798 942 intelligentium,
2851 883 3108 944 rectaque
3155 878 3223 930 iis
3273 878 3368 946 qui
3416 877 3684 944 cognitio-

2037 976 2162 1014 nem
2191 963 2498 1022 inveniunt,
2532 967 2598 1014 ut
2620 962 2904 1032 scriptum
2932 968 3020 1016 est
3048 963 3144 1033 (b).
3183 963 3273 1016 Illi
3332 964 3484 1018 enim
3514 967 3686 1018 acuta

2040 1064 2304 1118 puraque
2345 1049 2562 1102 mentis
2617 1051 2741 1102 acie
2803 1067 2998 1104 sacras
3053 1051 3333 1105 divinitus
3382 1051 3683 1122 inspiratus

2042 1133 2355 1204 Scriptura}
2389 1134 2562 1188 verba
2594 1134 2876 1206 legentes,
2903 1135 3166 1191 divinum
3190 1137 3678 1205 emolumentum,

2041 1221 2208 1291 quasi
2241 1222 2554 1292 quemdam
2582 1223 2880 1277 cmlestem
2912 1225 3274 1289 thesaurum,
3301 1226 3388 1279 sui
3419 1225 3680 1296 ipsorum

2041 1310 2352 1365 animabus
2383 1310 2745 1365 recondunt:
2781 1311 2879 1364 isti
2911 1329 3046 1366 vero
3093 1319 3351 1367 mentem
3404 1330 3540 1368 cum
3584 1313 3684 1368 ha-

2043 1397 2220 1452 beant
2247 1400 2318 1454 ad
2351 1399 2728 1453 mendacium
2761 1417 3141 1470 propensam,
3163 1418 3230 1456 ac
3255 1401 3681 1456 nonnullorum

2041 1487 2466 1557 impotentibus
2544 1488 2945 1542 locutionibus
3034 1490 3344 1557 devictam,
3420 1491 3684 1560 profana)

2044 1576 2221 1630 etiam
2256 1577 2521 1630 scientiae
2575 1583 2894 1642 amantem,
2954 1578 3194 1632 illorum
3251 1580 3457 1648 utique
3501 1579 3688 1632 futuri

2044 1670 2184 1718 sunt
2215 1665 2546 1735 participes,
2583 1665 2653 1718 de
2695 1665 2909 1734 quibus
2946 1666 3153 1720 beatus
3175 1666 3390 1720 Paulus
3441 1666 3680 1720 scribit:

302 1769 465 1813 στων,
526 1749 602 1810 είς
657 1751 719 1804 τὸ
781 1752 856 1822 μὴ
918 1749 1196 1826 διαυγάσαι
1255 1751 1438 1813 αὐτοῖς
1494 1753 1584 1805 τὸν
1656 1750 1935 1822 φωτισμὸν

2052 1755 2107 1806 ln
2138 1753 2332 1821 quibus
2368 1755 2509 1807 Deus
2536 1755 2719 1807 saeculi
2751 1755 2910 1819 huius
2968 1758 3258 1809 exczecavit
3307 1758 3546 1824 cogitata
3591 1758 3683 1809 in-

299 1842 397 1891 τοῦ
441 1839 782 1912 Εὐαγγελίου
836 1847 937 1908 τῆς
998 1838 1159 1910 δόξης
1213 1846 1308 1895 τοῦ
1365 1844 1621 1917 Χριστοῦ,
1679 1841 1738 1904 ’ὸς
1793 1840 1936 1893 ἐστιν

299 1925 456 1980 εἰκὼν
487 1931 583 1980 τοῦ
613 1932 766 1983 Θεοῦ.
799 1927 1182 2005 Τυφλώττουσι
1241 1930 1365 2004 γὰρ,
1423 1931 1513 1983 καὶ
1561 1928 1693 1983 εἰσιν
1741 1925 1935 2000 ὁδηγοὶ

299 2011 543 2087 τυφλῶν·
573 2020 862 2090 τοιγαροῦν
895 2017 1045 2071 οὗτοι
1075 2018 1162 2072 καὶ
1209 2023 1326 2080 τοῖς
1369 2021 1467 2086 τῆς
1515 2017 1790 2077 ἀπωλείας
1839 2015 1936 2088 ἒμ-

300 2101 557 2157 πίπτουσι
598 2103 836 2179 βόθροις.
892 2110 980 2166 Ὡς
1033 2106 1133 2180 γὰρ
1191 2105 1350 2166 αὐτὸς
1409 2106 1437 2160 ὁ
1487 2109 1681 2178 Σωτὴρ
1731 2103 1933 2179 εἴρηκε.

298 2189 512 2267 Τυφλὸς
567 2191 770 2268 τυφλὸν
831 2191 918 2246 ἐὰν
977 2190 1176 2267 ὁδηγῆ,
1257 2193 1554 2272 ἀμφότεροι
1631 2193 1708 2254 εἷς
1783 2191 1936 2267 βόθυ-

299 2299 390 2332 τον
451 2278 832 2352 ἐμπεσοῦνται,
891 2279 1343 2355 Καταφλυαροῦσι
1400 2281 1578 2337 τοίνυν
1630 2281 1772 2341 τινες
1829 2284 1934 2334 τῶν

299 2373 401 2436 τῆς
433 2367 686 2442 ἄλρθείας
713 2370 962 2444 Πατέρων
1019 2370 1107 2423 καὶ
1170 2367 1532 2438 διδασκάλων,
1590 2370 1676 2423 καὶ
1731 2367 1797 2435 δὴ
1847 2367 1937 2422 καὶ

300 2455 622 2525 σκαιότητος
655 2452 979 2526 δίαϐολικῆς
1005 2459 1095 2512 τὸν
1130 2459 1334 2512 οἰκεῖον
1366 2456 1744 2531 ἐμπλήσαντες
1793 2460 1937 2522 νοῦν,

302 2545 738 2618 παραχαράττειν
823 2544 1126 2619 ἐπείγονται
1189 2547 1251 2600 τὸ
1307 2552 1408 2615 τῆς
1494 2544 1750 2615 ἀληθείας
1838 2566 1942 2616 μυ-

303 2634 549 2704 στήριον,
581 2639 683 2702 τῆς
738 2636 872 2705 μετὰ
928 2635 1124 2708 σαρκὸς
1187 2633 1502 2706 οἰκονομίας
1551 2638 1649 2687 τοῦ
1699 2635 1938 2706 Μονογε-

302 2725 426 2782 νοῦς
485 2719 547 2774 οὐ
610 2721 827 2794 μετρίαν
912 2727 1195 2783 ποιοῦντες
1279 2721 1608 2797 κατάρῥησιν
1687 2724 1783 2793 (4),
1862 2722 1936 2792 μὴ

299 2812 549 2869 νοοῦντες
611 2810 748 2881 μήτε
804 2805 839 2863 ἆ¹
885 2810 1132 2884 λέγουσι,
1195 2811 1334 2882 μήτε
1380 2809 1504 2885 περὶ
1577 2808 1740 2862 τίνων
1821 2804 1938 2863 δια·

310 2892 677 2962 ϐεϐαιοῦνται,
708 2899 844 2952 κατὰ
871 2899 933 2953 τὸ
964 2899 1356 2973 γεγραμμένον.

379 2986 445 3060 β’.
481 2985 706 3060 Εὐρεταὶ
739 2984 796 3040 δὲ
824 2993 924 3056 τῆς
953 2986 1212 3056 τοιαύτης
1240 2982 1484 3048 ἀσεϐείας
1511 2988 1759 3062 γεγόνασι
1799 2987 1940 3040 πολ-

302 3072 394 3129 λοῖ
429 3075 522 3146 μὲν
557 3075 645 3129 καὶ
677 3071 873 3150 ἕτεροι,
925 3075 1060 3130 κατὰ
1112 3075 1236 3136 σοὺς
1288 3074 1487 3129 ἄνωθεν
1541 3073 1944 3149 παρῳχηκότας

304 3161 550 3236 καιροὺς,
583 3167 674 3216 νῦν
709 3160 765 3218 δὲ
793 3166 891 3233 τῆς
921 3163 1136 3218 ἐκείνων
1168 3165 1522 3234 ἀνοσιότητος
1553 3163 1700 3218 οὗτοι
1728 3165 1781 3218 οἱ
1810 3183 1950 3239 προ-

311 3251 672 3326 φασιζόμενοι
703 3251 837 3305 κατᾶ
862 3251 990 3315 τοὺς
1020 3252 1170 3316 νέους
1217 3252 1563 3328 Φαρισαίους.
1611 3254 1811 3327 ’Ὠσπερ
1851 3253 1954 3328 γὰρ

314 3336 540 3404 ἀληθῶς
569 3336 720 3391 αὐτοὶ
766 3339 1073 3413 ἠρνήσαντο
1128 3341 1217 3396 τὸν
1275 3341 1399 3396 Υἱὸν
1454 3345 1551 3396 τοῦ
1608 3345 1740 3396 Θεοῦ
1798 3340 1954 3414 σαρκὶ

313 3416 648 3496 ἐληλυθότα,
699 3426 840 3482 οὕτω
897 3431 986 3484 καὶ
1041 3434 1128 3484 νῦν
1187 3434 1510 3506 νεοκήρυκες
1573 3433 1648 3503 μή
1710 3429 1954 3494 θέλοντες

315 3520 633 3588 προσκυνεῖν
660 3516 750 3570 καὶ
784 3511 1095 3586 σεϐάζεσθαι
1124 3525 1223 3588 τῆς
1257 3519 1513 3595 ἐνσάρκου
1564 3523 1660 3574 τοῦ
1716 3523 1955 3594 Χριστοῦ

316 3602 636 3677 παρουσίας,
694 3603 784 3658 καὶ
840 3613 940 3674 τῆς
996 3609 1133 3662 κατὰ
1188 3607 1360 3683 σάρκα
1441 3607 1605 3662 αὐτοῦ
1683 3607 1955 3682 άχράντου

305 3693 542 3766 Μητρὸς
572 3691 828 3748 καὶκατὰ
878 3695 1138 3766 ἀλήθειαν
1197 3697 1463 3751 Θεοτόκου
1515 3695 1604 3750 καὶ
1665 3696 1954 3771 ἀειπαρθὲ-

313 3800 409 3834 νου
447 3779 679 3856 Μαρίας,
712 3783 801 3837 καὶ
832 3783 1045 3838 πάντων
1078 3789 1184 3838 τῶν
1240 3784 1402 3860 ἁγίων
1446 3784 1610 3839 αὐτοῦ
1656 3784 1751 3846 τὰς
1798 3779 1954 3839 σεϐα-

313 3869 508 3941 σμίους
540 3869 630 3923 καὶ
664 3870 858 3932 σεπτὰς
892 3871 1124 3933 εἶ’κόνας.
1155 3870 1330 3928 Ἀλλά
1368 3873 1486 3927 νέαν
1536 3877 1958 3944 κενοτομοῦντες

310 3955 733 4028 ἐτεκτονήσαντο
791 3958 989 4030 πίστιν,
1047 3959 1196 4034 παρᾶ
1246 3960 1345 4028 τὴν
1429 3962 1665 4036 ἀρχῆθεν
1732 3961 1790 4016 ἐκ
1844 3964 1955 4016 τῶν

315 4048 484 4124 ἁγίων
514 4051 675 4122 ἡμῶν
709 4051 961 4125 Πατέρων
993 4050 1081 4104 καὶ
1117 4055 1374 4124 μαθητῶν
1404 4053 1491 4107 καὶ
1529 4050 1805 4127 διαδόχων
1848 4056 1956 4106 τῶν

313 4137 477 4212 ἁγίων
510 4137 834 4194 ἀποστόλων
883 4139 1376 4215 ὑπαρχόντων.Ὠς
1419 4141 1524 4214 γὰρ
1574 4139 1759 4204 αὐτοῖς
1807 4138 1958 4212 ἔδοξε

312 4229 401 4278 νῦν
435 4223 706 4301 λὲγοντες,
735 4225 903 4282 πλέον
933 4233 1039 4282 τῶν
1072 4229 1241 4302 ἁγίων
1305 4228 1552 4304 Ηατὲρων
1585 4229 1658 4281 ὧν
1710 4229 1766 4282 οἱ
1799 4228 1956 4302 λόγοι

310 4313 402 4368 καὶ
432 4314 489 4368 αἱ
522 4314 706 4388 ἀρεταὶ
740 4317 1014 4390 στήριγμα
1040 4317 1131 4371 καὶ
1163 4314 1342 4386 στήλη
1374 4323 1476 4386 τῆς
1514 4315 1816 4384 καθολικῆς
1865 4315 1955 4370 καὶ

313 4402 684 4473 ἀποπολικῆς
723 4403 1052 4474 Ἐκκλησίας
1107 4406 1468 4480 ὑπάρχουσιν,
1521 4405 1674 4459 οὗτοι
1728 4405 1827 4473 τήν
1860 4405 1951 4458 πί-

2044 1841 2307 1908 ﬁdelium,
2350 1847 2410 1894 ut
2465 1857 2573 1894 non
2632 1843 2976 1910 resplendeat
3019 1843 3132 1896 illis
3179 1844 3356 1897 lumen
3402 1841 3684 1910 Evangelii

2044 1929 2234 1997 gloriae
2265 1929 2484 1994 Christi,
2544 1931 2641 1998 qui
2695 1936 2773 1984 est
2829 1929 3013 1999 imago
3067 1932 3166 1984 Dei
3212 1932 3303 2000 (ο).
3360 1931 3686 1985 Οεθουιίυῐιι

2046 2017 2226 2080 enim,
2260 2022 2318 2070 et
2347 2023 2485 2070 sunt
2543 2017 2720 2070 duces
2769 2035 3098 2072 caecorum:
3155 2019 3538 2086 quamobrem
3578 2018 3687 2073 hu-

2037 2104 2303 2175 jusmodi
2336 2104 2514 2158 etiam
2568 2105 2628 2158 in
2677 2105 2903 2160 foveam
2956 2105 3228 2160 incidunt
3277 2106 3572 2160 interitus.
3622 2107 3692 2160 Ut

2047 2191 2206 2244 enim
2241 2191 2493 2261 ipsemet
2523 2191 2784 2246 Salvator
2813 2193 2935 2246 ait:
2969 2193 3149 2248 Cacus
3185 2209 3382 2247 czcum
3427 2195 3475 2248 si
3503 2193 3687 2258 ducat,

2046 2279 2202 2332 ambo
2229 2281 2287 2332 in
2316 2281 2530 2346 foveam
2561 2279 2752 2332 cadent
2784 2279 2880 2350 (ἀ).
2907 2280 3190 2334 Derident
3210 2280 3388 2352 igitur
3410 2279 3686 2334 nonnulli

2046 2367 2249 2420 Patres
2281 2382 2347 2420 ac
2403 2367 2714 2437 magistros
2774 2368 3077 2422 veritatis:
3137 2368 3258 2422 imo
3315 2384 3450 2423 vero
3505 2369 3686 2423 etiam

2047 2453 2339 2509 diabolica
2364 2455 2649 2524 pravitate
2679 2456 2984 2525 prOprium
3034 2456 3350 2527 implentes
3397 2456 3686 2521 animum.

2049 2542 2382 2596 adulterare
2415 2543 2690 2597 nituntur
2719 2544 2980 2598 veritatis
3003 2545 3373 2615 mysterium,
3400 2544 3549 2598 nihil
3568 2559 3689 2598 non

2050 2646 2080 2684 e
2113 2630 2306 2684 medio
2339 2630 2547 2686 tollere
2579 2630 2883 2685 studentes
2915 2632 3420 2702 dispensationem
3480 2632 3693 2704 Unige—

2048 2718 2157 2772 niti
2187 2719 2514 2772 secundum
2549 2735 2811 2781 carnem,
2859 2736 2967 2774 non
3015 2720 3383 2790 intelligentes
3429 2737 3525 2775 nec
3572 2736 3694 2790 qum

2049 2807 2260 2873 dicunt,
2294 2824 2391 2861 nec
2422 2808 2487 2862 de
2511 2808 2710 2877 quibus
2739 2811 3016 2877 afﬁrmem
3044 2811 3136 2880 (e),
3161 2809 3334 2880 juxta
3363 2808 3521 2880 quod
3543 2807 3697 2863 Scri-

2055 2902 2230 2968 ptura
2261 2897 2424 2953 dicit.

2121 2990 2172 3040 2.
2211 2987 2551 3040 lnventores
2602 3002 2777 3051 porro
2808 2986 3146 3058 hujusmodi
3201 2986 3525 3058 impietatis
3570 2985 3700 3040 fue-

2057 3079 2197 3128 runt
2226 3074 2466 3145 quidem
2501 3079 2560 3128 et
2586 3073 2686 3128 alii
2719 3074 2919 3145 plures
2936 3093 3043 3146 per
3065 3076 3369 3147 superiora
3389 3081 3656 3147 tempora
3679 3092 3694 3142 ;

2059 3180 2222 3218 nunc
2249 3179 2386 3217 vero
2421 3163 2661 3216 illorum
2692 3163 2970 3218 facinoris
3000 3164 3096 3218 isti
3127 3181 3307 3219 novas
3349 3164 3697 3235 proﬁtentes

2060 3267 2287 3318 causas,
2311 3251 2479 3320 quasi
2501 3250 2636 3304 novi
2667 3251 2969 3307 Pharisaei.
3003 3252 3514 3316 Quemadmodum
3535 3251 3698 3306 enim

2058 3355 2262 3394 revera
2291 3338 2379 3392 illi
2413 3343 2705 3410 negarunt
2733 3339 2946 3394 Filium
2977 3340 3080 3395 Dei
3110 3357 3287 3396 carne
3317 3339 3585 3407 venisse;
3616 3336 3700 3394 Sic

2060 3434 2119 3482 et
2149 3444 2307 3482 nunc
2337 3426 2470 3480 novi
2504 3426 2600 3480 isti
2631 3427 3072 3497 praedicatores,
3131 3428 3272 3483 dum
3321 3427 3534 3482 nolunt
3569 3425 3706 3481 ado-

2058 3532 2191 3571 rare
2221 3520 2280 3569 et
2308 3515 2501 3570 colere
2533 3515 2821 3570 adventus
2851 3516 3066 3570 Christi
3093 3516 3153 3570 in
3203 3532 3403 3583 carne,
3455 3515 3704 3586 ejusque

2061 3605 2389 3661 secundum
2409 3606 3056 3661 carnemimmaculataa
3081 3605 3279 3661 Matris
3300 3621 3553 3676 vereque
3575 3603 3705 3659 Dei-

2060 3712 2216 3766 paraa
2247 3712 2314 3750 ac
2345 3711 2580 3764 semper
2596 3695 2848 3765 Virginis
2879 3695 3094 3764 Maria),
3118 3697 3259 3750 item
3291 3695 3555 3750 omnium
3575 3709 3705 3748 san-

2061 3791 2290 3840 ctorum
2318 3785 2444 3854 ejus
2475 3783 2782 3856 religiosas
2837 3785 3332 3855 honorandasque
3390 3783 3702 3854 imagines.

2061 3875 2173 3931 Sed
2203 3890 2414 3929 novam
2445 3874 2610 3928 novis
2641 3874 2818 3929 rebus
2872 3875 3181 3930 studentes
3235 3875 3603 3931 adornarunt
3631 3873 3703 3928 ﬁ-

2061 3965 2218 4031 dem,
2251 3968 2458 4018 contra
2487 3967 2662 4032 atque
2696 3963 2768 4018 ab
2827 3964 2996 4019 initio
3047 3964 3384 4034 accepimus
3415 3979 3451 4018 a
3480 3961 3701 4018 sanctis

2061 4052 2281 4107 nostris
2301 4050 2598 4116 Patribus,
2631 4051 2939 4122 discipulis
2970 4069 3037 4108 ac
3060 4051 3502 4107 successoribus
3531 4066 3706 4121 apos-

2062 4142 2319 4196 tolorum
2350 4145 2710 4194 sanctorum.
2735 4140 3244 4205 Quemadmodum
3274 4140 3433 4194 enim
3464 4138 3610 4209 ipsis
3629 4137 3710 4192 vi-

2062 4247 2192 4284 sum
2227 4234 2316 4283 est
2343 4243 2504 4282 nunc
2535 4228 2751 4294 dicere,
2785 4229 3000 4283 melius
3031 4245 3209 4299 quam
3243 4228 3431 4284 sancti
3480 4229 3706 4295 Patres,

2063 4333 2316 4388 quorum
2347 4314 2524 4368 verba
2555 4319 2613 4368 et
2640 4316 2882 4371 virtutes
2913 4316 3166 4372 fulcrum
3200 4322 3340 4372 sunt
3367 4321 3545 4387 atque
3597 4332 3707 4370 co-

2063 4406 2269 4461 lumna
2297 4402 2601 4458 catholicae
2635 4409 2693 4458 et
2720 4405 3058 4476 apostolicae
3080 4406 3377 4473 Ecclesia,
3409 4405 3506 4459 isti
3527 4403 3707 4458 ﬁdem

309 4509 427 4544 στιν
458 4488 746 4567 φυλάττειν
803 4479 1418 4555 διαϐεϐαιοῦντεςζίτὰς
1468 4494 1571 4568 γὰρ
1621 4492 1795 4547 αὐτῶν
1845 4496 1942 4546 τῶν

2067 4512 2127 4549 se
2158 4509 2387 4549 servare
2419 4492 2795 4562 proﬁtentur.
2831 4497 2904 4548 At
2933 4495 3092 4549 enim
3152 4495 3416 4565 ipsorum
3467 4495 3707 4547 Patrum

309 4581 566 4652 Πατὲρων
598 4582 802 4657 φωνὰς,
831 4579 891 4642 ἅς
925 4581 1077 4636 αὐτοὶ
1121 4587 1328 4657 τρανῶς
1370 4584 1630 4656 ἐκήρυξαν
1675 4583 1799 4659 περὶ
1845 4587 1952 4638 τῶν

316 4664 625 4744 σεϐασμίων
649 4670 739 4725 καὶ
770 4676 1155 4745 προσκυνητῶν
1185 4673 1430 4741 εἷ’κόνων,
1467 4674 1616 4728 οὗτοι
1675 4674 1726 4728 0i
1769 4672 1953 4727 νεόσο-

309 4780 406 4832 φοι
438 4754 703 4820 λαϐόντες
733 4759 827 4823 τὰς
854 4757 1038 4822 καλῶς
1073 4761 1176 4815 ὑπὸ
1205 4766 1316 4816 τῶν
1357 4767 1655 4839 προφητῶν
1706 4761 1957 4836 ῥηθείσας

313 4847 525 4920 φωνὰς,
555 4847 693 4902 κατὰ
719 4849 815 4910 τὰς
851 4845 986 4910 ἰδίας
1019 4848 1305 4921 ἐπιθυμίας
1333 4851 1468 4924 πρὸς
1508 4850 1598 4904 τὸν
1648 4848 1788 4904 ἴδιον
1833 4854 1959 4904 νοῦν

317 4929 696 5008 στρεϐλοῦσιν.
755 4936 846 4997 Ὧς
902 4936 1004 5011 γὰρ
1064 4936 1215 4991 αὐτοὶ
1268 4938 1391 5013 περῖ
1457 4942 1564 4991 τῶν
1653 4936 1955 4992 εἶδωλικῶν

317 5025 518 5095 ξοάνων
550 5025 639 5079 καὶ
703 5022 1031 5096 δαιμονικῶν
1084 5023 1304 5091 στηλῶν
1364 5027 1659 5100 φράσαντες
1719 5025 1956 5100 εἴρηκαν,

315 5109 464 5166 οὗτοι
497 5111 574 5174 είς
606 5114 700 5174 τὰς
733 5113 887 5186 ἁγίας
938 5111 1150 5176 εἰκόνας
1197 5112 1553 5188 μετέστρεψαν
1603 5111 1729 5178 τοὺς
1775 5114 1958 5188 ἁγίους

314 5199 558 5276 Ηατὲρας
589 5203 680 5257 καὶ
725 5200 1088 5263 διδασκάλους
1137 5209 1238 5271 τῆς
1292 5201 1443 5278 ἁγίας
1500 5202 1589 5257 καὶ
1652 5204 1960 5276 ἀμωμήτου

385 5301 458 5372 (b)
492 5313 652 5358 Prov.
685 5319 799 5371 vui,
831 5305 885 5358 9.
964 5304 1032 5376 (ο)
1067 5303 1114 5358 II
1147 5303 1274 5357 Cor.
1308 5319 1384 5370 1v,
1414 5304 1466 5359 4.

1544 5304 1620 5375 (d)
1653 5304 1852 5359 Matth.
1885 5321 1975 5370 xv,
2010 5305 2094 5361 14.

2064 4599 2258 4651 voces,
2296 4596 2444 4651 quas
2491 4580 2604 4651 ipsi
2655 4582 2991 4637 luculenter
3035 4582 3510 4655 depraedicarunt
3555 4582 3714 4636 circa

2070 4672 2436 4728 venerandas
2467 4670 2918 4742 adorandasque
2961 4673 3270 4744 imagines,
3325 4670 3422 4724 isti
3454 4669 3588 4724 novi
3618 4685 3713 4723 sa-

2064 4765 2295 4836 pientes
2358 4764 2523 4834 (dum
2574 4762 2870 4832 arripiunt
2917 4779 3048 4832 qua;
3097 4760 3459 4829 caeteroquin
3502 4758 3652 4812 bene
3682 4773 3718 4812 a

2065 4853 2372 4924 prophetis
2406 4850 2774 4906 annuntiatm
2820 4856 2959 4904 sunt
3009 4850 3220 4917 voces),
3261 4847 3432 4917 juxta
3477 4845 3718 4916 propria

2068 4941 2362 4995 desideria
2384 4939 2455 4994 ad
2488 4939 2787 5010 propriam
2830 4943 3091 4992 mentem
3141 4939 3501 5006 pervertunt.
3548 4934 3716 4997 Quae-

2069 5046 2302 5099 cunque
2338 5029 2559 5083 etenim
2592 5027 2676 5080 illi
2714 5027 2784 5079 de
2815 5025 3108 5079 idolorum
3144 5022 3381 5078 statutis
3411 5039 3477 5077 ac
3501 5021 3720 5076 damo-

2070 5119 2260 5172 niacis
2295 5117 2480 5171 titulis
2511 5116 2693 5170 locuti
2754 5115 3048 5179 dixerunt,
3092 5113 3190 5166 isti
3243 5113 3522 5166 adversus
3576 5127 3718 5166 san-

2073 5213 2195 5261 ctas
2227 5207 2514 5277 imagines
2547 5205 2900 5272 detorquent
2927 5206 3162 5256 sanctos
3193 5203 3396 5257 Patres
3428 5206 3487 5256 et
3516 5200 3720 5256 docto-

2173 5306 2240 5376 (θ)
2271 5306 2296 5358 Ι
2325 5305 2473 5359 Tim.
2508 5319 2545 5371 ι,
2587 5305 2639 5355 7.

1900 5455 2124 5511 ΝΟΤᾹΞ.

385 5576 465 5651 (3)
493 5573 822 5655 Ὁξυὸερκεῖ.

2137 5579 2215 5652 (ι)
2245 5576 2586 5652 Καθαίρεσιν.
