3964 6144
439 272 572 328 1351

1952 271 2316 324 ADDENDA.

3660 272 3765 326 1352

438 411 533 449 res
565 401 781 451 sancta:
814 397 1059 451 sincerae
1106 403 1165 451 et
1217 395 1554 451 orthodoxae
1599 394 2055 449 Christianorum

2180 388 2270 441 καὶ
2303 385 2594 461 ὀρθοδόξου
2623 393 2729 442 τῶν
2787 392 3123 463 Χριστιανῶν
3183 387 3437 456 πίστεως,
3485 393 3765 465 παρωσάμε-

440 484 595 545 ﬁdei,
627 484 1005 554 repudiantes
1046 501 1248 539 eorum
1298 501 1466 538 voces
1515 489 1571 537 et
1617 482 1956 536 testimonia
2003 479 2075 533 de

438 572 759 627 incarnataz
791 576 1181 644 humanaeque
1212 575 1415 628 forma:
1449 573 1717 644 imrginis
1749 573 1875 641 ejus
1909 569 2077 638 depi—

444 660 552 713 ctis
586 662 805 715 sanctis
832 662 1119 725 iconibus,
1156 679 1300 732 quas
1332 662 1641 715 manifeste
1664 666 1728 713 ut
1748 659 2075 713 coleremus

446 763 511 802 ac
542 765 957 803 veneraremur
988 767 1096 803 nos
1146 750 1528 804 edocuerunt.
1579 747 1971 813 Quamobrem
2022 749 2078 799 et

442 853 580 890 mox
613 838 684 907 (ὅ)
720 838 1180 907 disputationem
1209 838 1487 892 adversus
1519 854 1695 891 novos
1727 836 1904 888 hosce
1928 850 2077 902 pra:-

443 925 733 979 dicatorcs
764 926 995 989 facturi,
1060 929 1175 980 Deo
1217 927 1388 981 nobis
1438 926 1708 995 spiritum
1770 923 2075 994 largiente,

440 1029 627 1084 pauca
658 1030 727 1067 ex
758 1015 959 1069 multis
992 1032 1379 1085 apponemus,
1415 1014 1645 1068 tametsi
1678 1013 1783 1065 viri
1818 1011 1913 1065 isti
1949 1016 2073 1063 tan-

441 1119 617 1173 quam
651 1102 807 1156 idola
836 1104 1172 1157 manufacta
1203 1104 1326 1158 haec
1359 1119 1593 1172 quoque
1625 1106 1986 1156 aversentur.

508 1193 559 1244 3.
594 1191 800 1245 Dicant
851 1192 1022 1246 nobis
1082 1192 1299 1245 turbidi
1345 1192 1439 1244 isti
1490 1191 1787 1260 sapientes
1832 1193 1891 1241 et
1930 1203 2072 1256 que-

434 1279 572 1346 ruli,
626 1296 861 1334 necnon
916 1286 1209 1334 amatores
1282 1280 1472 1341 malae.
1508 1280 1789 1348 profanw,
1838 1279 2072 1344 Deoque

436 1369 694 1423 inimicm
725 1370 932 1440 synodi
964 1370 1056 1439 (6),
1093 1386 1221 1439 quae
1282 1370 1397 1422 Deo
1446 1367 1823 1438 permittente
1875 1365 2074 1418 habita

438 1462 527 1509 est
556 1456 1064 1526 Constantinopoli
1086 1456 1144 1509 in
1177 1455 1305 1509 loco
1334 1455 1548 1510 Oneria
1569 1453 1864 1523 appellato
1890 1468 1902 1505 :
1928 1452 2073 1515 Quo-

442 1560 577 1598 nam
613 1545 784 1598 modo
818 1551 875 1598 et
923 1560 1098 1614 scopo
1148 1549 1425 1613 paternas
1476 1542 1831 1612 repellentes
1880 1554 2069 1613 voces,

438 1633 761 1687 secundum
789 1639 979 1687 vestra
1008 1650 1107 1685 vos
1136 1631 1427 1686 desideria
1452 1631 1811 1684 fascinantes
1843 1624 2069 1695 abrepti

2181 498 2262 529 νοι
2299 479 2393 536 τὰς
2422 476 2595 530 αὐτῶν
2658 480 2839 550 φωνάς
2896 478 2987 531 καὶ
3052 477 3344 550 μαρτυρίας
3402 477 3520 551 περὶ
3572 485 3660 546 τῆς
3704 480 3768 533 ἐν·

2182 564 2379 634 σὰρκου
2408 564 2496 617 καὶ
2528 564 2871 637 ἀνθρωπίνης
2929 564 3093 619 αὐτοῦ
3155 566 3487 641 μορφώσεως
3537 574 3765 640 χαρακτῆ-

2182 671 2273 723 ρος
2306 652 2676 726 ἱστορηθείσας
2710 655 2866 726 ἁγίας
2924 653 3157 715 εἰκόνας,
3208 653 3373 722 ἅσπερ
3422 656 3554 725 ἡμῖν
3604 660 3767 727 τρανῶς

2180 734 2351 793 σέϐειν
2385 741 2473 793 καὶ
2520 747 2837 813 προσκυνεῖν
2893 738 3158 810 ἐδίδαξαν.
3218 742 3293 793 Δι’
3324 742 3353 795 ὅ
3384 744 3471 795 καὶ
3523 743 3625 813 μετ’
3668 742 3765 795 ὀλί-

2177 848 2269 900 γον
2328 825 2609 882 διάλεκτον
2669 830 2803 902 πρὸς
2857 829 2983 889 τοὺς
3034 832 3364 902 νεοκηρυκας
3436 850 3764 901 ποιησομενοιζ

2179 920 2312 970 Θεοῦ
2345 913 2586 978 διδόντος
2620 920 2755 989 ἡμῖν
2787 919 2873 972 καὶ
2907 918 2968 971 τὸ
2999 918 3272 988 ἀναπνεῖν,
3309 917 3467 991 ὀλίγα
3497 917 3551 971 ἐκ
3590 918 3766 971 πολλῶν

2179 1007 2584 1077 παραθήσομεν,
2616 1004 2713 1059 κᾶν
2747 1006 2899 1061 οὗτοι
2952 1007 3025 1067 ὡς
3070 1006 3432 1081 χειροποίητα
3482 1003 3624 1074 δῆθεν
3665 1006 3764 1060 ἁπο-

2178 1093 2521 1167 στρέφονται.

2247 1183 2311 1255 γ’.
2346 1184 2652 1256 Λεγέτωσαν
2713 1186 2848 1255 ἡμῖν
2879 1184 2931 1237 οἱ
2961 1181 3255 1259 θολόσοφοι
3304 1184 3395 1238 καὶ
3441 1182 3751 1255 μεμψίμὸιροι

2176 1270 2263 1323 καὶ
2295 1269 2509 1342 ἁρεσταὶ
2540 1278 2639 1339 τῆς
2672 1272 2885 1349 φαύλης
2914 1272 3002 1326 καὶ
3057 1268 3296 1346 βεϐήλου
3348 1271 3439 1325 καὶ
3488 1272 3756 1346 ἐχθραινού-

2178 1378 2275 1426 σης
2308 1363 2425 1429 Θεῷ
2450 1358 2693 1429 συνόδου,
2728 1368 2824 1429 τῆς
2872 1362 3171 1436 γενομένης
3222 1361 3361 1415 κατὰ
3408 1364 3535 1415 Θεοῦ
3578 1380 3755 1434 σνγχω-

2178 1447 2368 1519 ρισμὸν
2401 1445 2452 1500 ἐν
2488 1448 3057 1503 Κωνσταντινουπόλει
3089 1448 3165 1510 εἷς
3192 1451 3283 1503 τὸν
3313 1449 3479 1503 τόπον
3508 1450 3591 1502 τὸν
3632 1447 3756 1521 λεγό-

2179 1555 2338 1604 μενον
2368 1533 2596 1609 Ὁνέρια,
2631 1536 2773 1609 ποίῳ
2799 1539 2987 1610 τρόπῳ
3016 1538 3103 1592 καὶ
3137 1543 3326 1609 σκοπῶ
3356 1539 3449 1598 τὰς
3477 1543 3577 1591 τῶν
3627 1538 3757 1590 Πατέ-

2177 1644 2281 1696 ρων
2316 1626 2781 1697 παρακρουόμενοι
2841 1627 3041 1702 φωνὰς,
3091 1627 3225 1680 κατὰ
3277 1628 3371 1686 τὰς
3421 1624 3553 1686 ἰδίας
3607 1627 3755 1680 ἐπιθυ-

435 1736 469 1773 a
500 1727 659 1775 recto
721 1722 973 1785 tramite,
1020 1738 1252 1791 quaque
1306 1736 1441 1774 esca
1493 1718 1742 1787 decepti,
1797 1716 2055 1785 deprava-

2180 1714 2301 1784 μίας
2356 1714 2575 1778 ἑαυτοὺς
2625 1717 2987 1788 ἐξαπατῶντες
3037 1716 3383 1789 ὲξελκόμενοι
3435 1717 3519 1772 καὶ
3560 1715 3757 1783 δελεαζό-

436 1810 629 1863 mini?
659 1810 842 1864 Dicite
872 1809 1043 1863 nobis
1075 1810 1171 1878 qui
1205 1826 1361 1862 nunc
1394 1807 1682 1860 innovatis
1714 1804 1969 1857 recentis
2002 1802 2070 1855 fi-

433 1898 527 1953 dei
560 1899 1010 1969 expositionem.
1045 1898 1327 1967 quidnam
1360 1898 1418 1949 in
1442 1896 1613 1949 terris
1644 1894 2067 1957 venerandum,

432 1987 776 2059 religiosum
810 1992 867 2041 et
897 1986 1198 2041 adorabile
1230 1991 1335 2045 est,
1370 1984 1527 2054 quod
1559 2000 1678 2036 non
1711 1983 1787 2036 sit
1810 1980 2069 2035 manufa-

434 2081 591 2129 ctum
616 2075 643 2129 ?
671 2076 821 2129 Crux
848 2075 874 2129 ?
903 2074 1100 2128 Altare
1127 2075 1153 2127 ‘?
1183 2074 1411 2128 Oblatio
1435 2074 1461 2127 ‘?
1492 2070 1863 2142 Evangelium
1889 2069 1915 2123 ?
1936 2068 2067 2123 Uni-

432 2180 599 2218 versa
628 2163 753 2217 haec
784 2162 1119 2216 manufacta
1148 2166 1318 2214 sunt:
1354 2162 1523 2214 nobis
1554 2157 1942 2213 nihilominus
1972 2172 2071 2210 ve-

434 2252 724 2306 nerabilia
749 2268 817 2305 ac
875 2250 1081 2304 salutis
1126 2249 1414 2321 symbola,
1465 2248 1964 2318 quemadmodum
2011 2249 2070 2298 et

433 2345 771 2393 sanctorum
802 2338 1106 2408 imagines,
1142 2343 1199 2391 et
1239 2337 1526 2391 incarnati
1571 2336 1784 2389 Christi
1829 2335 2069 2403 dispen-

430 2428 677 2483 sationis
702 2445 851 2482 veraa
900 2432 1075 2497 atque
1124 2427 1397 2480 humanae
1445 2426 1573 2495 ejus
1622 2424 1837 2488 carnis,
1889 2439 2063 2493 quam

427 2519 667 2585 propter
697 2520 957 2568 nostram
990 2513 1242 2567 salutem
1274 2513 1502 2583 accepit
1527 2512 1597 2565 de
1656 2510 1977 2581 purissima
2010 2514 2069 2562 et

424 2604 673 2673 Deipara
704 2602 900 2666 Maria,
935 2618 1064 2671 qua:
1094 2606 1232 2655 sunt
1263 2606 1465 2654 nostra
1496 2615 1806 2654 assumens
1840 2597 2060 2662 omnia,

423 2697 662 2761 excepto
696 2690 1249 2760 duntaxatpeccato.
1278 2690 1465 2752 Quare
1492 2694 1549 2741 et
1580 2687 1867 2757 imagines
1900 2684 2061 2738 illius

424 2781 667 2849 ejusque
701 2779 1095 2833 immaculataa
1126 2778 1324 2831 Matris
1342 2792 1691 2830 veneramur
1710 2774 2055 2827 etcolimus.

422 2872 494 2921 At
526 2884 623 2921 vos
656 2873 1055 2921 commentum
1087 2866 1279 2920 facitis
1314 2864 1655 2936 hujusmodi
1687 2862 2055 2932 mysterium.

418 2957 532 3009 Nos
561 2972 694 3010 vero
722 2956 822 3026 qui
851 2956 1155 3009 veritatem
1188 2960 1500 3018 sectamur,
1535 2970 1665 3022 quas
1696 2957 1785 3004 est
1816 2954 2057 3004 sancto-

416 3060 549 3097 rum
579 3044 981 3114 apostolorum
1014 3048 1466 3112 sanctorumque
1499 3057 1701 3095 eorum
1734 3038 2054 3109 discipulo-

2183 1823 2333 1873 μενοι
2367 1800 2709 1878 στρεϐλεῖτες
2745 1805 2943 1861 Εἶ’πατε
2974 1810 3131 1880 ἡμῖν,
3165 1809 3217 1861 οἱ
3248 1813 3337 1860 νῦν
3396 1811 3755 1877 κενοτομοῦντες

2177 1892 2295 1953 νέας
2325 1892 2555 1955 πίστεως
2590 1892 2815 1961 ἔκθεσιν,
2868 1901 3025 1949 ποῖον
3086 1895 3173 1950 ἐπὶ
3223 1903 3318 1965 εῆς
3366 1904 3465 1970 γῆς
3507 1916 3757 1969 προσκυνη-

2175 1982 2267 2033 τὸν
2298 1981 2387 2034 καὶ
2420 1977 2710 2054 σεϐάσμιον
2742 1985 2827 2038 καὶ
2891 1984 3178 2057 λατρευτόν
3241 1985 3386 2039 ἐστιν
3446 1984 3754 2058 ἀχειροποίη-

2176 2083 2305 2127 τονς
2340 2071 2367 2123 ὁ
2400 2070 2662 2145 σταυρός;
2715 2072 2777 2125 τὸ
2829 2074 3245 2146 θυσιαστήριον;
3280 2076 3315 2141 ἡ
3375 2073 3667 2147 προσφορά;
3712 2070 3755 2123 τὸ

2176 2156 2542 2233 Εὐαγγὲλιονς
2574 2158 2751 2213 Πάντα
2781 2162 3165 2234 χειροποίητα,
3220 2161 3350 2215 ἀλλ’
3399 2164 3529 2232 ἡμῖν
3576 2155 3754 2213 σεϐασσὰ

2174 2245 2263 2298 καὶ
2298 2247 2567 2318 σωσηρίας
2601 2243 2874 2319 σύμϐολα,
2909 2247 3086 2323 ὥσπερ
3117 2250 3207 2303 καὶ
3259 2251 3315 2303 αἱ
3363 2254 3467 2303 τῶν
3518 2248 3662 2320 ἁγίων
3698 2245 3755 2299 εί-

2173 2334 2347 2399 κόνες,
2376 2335 2465 2389 καὶ
2495 2342 2592 2404 τῆς
2623 2334 2877 2406 ἐνσάρκου
2924 2342 3021 2391 τοῦ
3071 2339 3310 2411 Χριστοῦ
3360 2335 3651 2408 οἰκονομίας
3685 2340 3755 2400 τῆς

2173 2420 2438 2491 ἀληθινῆς
2462 2422 2551 2477 καὶ
2583 2423 2929 2498 ἀνθρωπίνης
2973 2425 3137 2479 αὐτοῦ
3194 2426 3417 2499 σαρκὸς,
3468 2428 3528 2494 ἢν
3576 2422 3649 2477 διὰ
3683 2423 3752 2487 τὴν

2172 2513 2332 2582 ἡμῶν
2377 2512 2649 2586 σωτηρίαν
2706 2508 3075 2584 προσελάϐετο
3135 2513 3196 2568 ἐκ
3253 2522 3357 2582 τῆς
3406 2513 3648 2586 πανὰγνου
3690 2509 3753 2562 καὶ

2172 2599 2436 2653 Θεοτόκου
2469 2601 2699 2671 Μαρίας,
2730 2602 2900 2655 πάντα
2933 2604 3091 2672 ἡμῶν
3158 2597 3370 2670 λαϐὼν,
3428 2601 3587 2676 χωρὶς
3628 2597 3750 2671 μόνης

2169 2694 2267 2754 τῆς
2300 2688 2584 2759 ἁμαρτίας.
2631 2688 2723 2742 Διὸ
2779 2690 2867 2743 καὶ
2924 2692 3021 2757 την
3083 2690 3261 2745 εἰκόνα
3321 2692 3506 2757 αὐτοῦ,
3559 2689 3631 2742 καὶ
3681 2688 3746 2748 τῆς

2171 2776 2442 2849 ἀχρὰντου
2474 2776 2637 2831 αὐτοῦ
2679 2780 2903 2853 Μητρὸς
2959 2784 3375 2851 προσκυνοῦμεν
3420 2781 3503 2834 καὶ
3553 2771 3744 2845 σέϐομεν.

2170 2864 2263 2917 Καὶ
2303 2866 2456 2935 ὑμεῖς
2487 2862 2707 2934 δόκησιν
2740 2866 2801 2920 τὸ
2836 2869 3132 2938 μυστήριον
3182 2868 3556 2942 ἀπεργάζεσθε.
3603 2866 3745 2935 Ἡμεῖς

2168 2950 2225 3006 δὲ
2256 2954 2308 3005 οἱ
2337 2960 2437 3020 τῆς
2465 2952 2744 3023 ἀληθείας,
2799 2959 2899 3018 τῆς
2952 2960 3058 3009 τῶν
3111 2955 3280 3030 ἁγίων
3336 2954 3647 3015 ἀποστόλων.
3680 2947 3741 3003 καῖ

2164 3045 2267 3094 τῶν
2301 3041 2464 3114 ἁγίων
2499 3041 2672 3096 αὐτῶν
2706 3048 2962 3112 μαθητῶν
3021 3044 3110 3098 καὶ
3161 3041 3461 3121 διαδόχων,
3518 3041 3737 3115 ἡμετέρων

415 3149 547 3187 rum
579 3138 636 3187 et
666 3150 1092 3196 successorum,
1126 3132 1225 3201 qui
1258 3134 1458 3186 Patres
1480 3147 1547 3185 ac
1570 3130 1840 3183 doctores
1862 3127 2049 3181 nostri

2169 3126 2218 3183 δὲ
2251 3128 2498 3203 Ηατὲρων
2556 3130 2645 3183 καὶ
2701 3128 3059 3203 διδασκάλων,
3109 3134 3207 3201 τήν
3260 3134 3388 3206 παρ’
3432 3132 3587 3187 αὐτῶν
3636 3131 3733 3197 ἡμῖν

414 3220 675 3287 fuerunt,
709 3238 839 3276 eam
872 3238 1000 3291 qum
1032 3221 1103 3275 ab
1134 3220 1253 3274 illis
1284 3220 1454 3274 nobis
1489 3219 1703 3273 tradita
1751 3217 1861 3271 fuit
1905 3216 2051 3270 ﬁdes

414 3310 571 3365 circa
590 3316 852 3365 sanctam
876 3314 933 3363 et
949 3307 1515 3364 consubstantialem
1539 3306 2049 3375 venerandamque

417 3399 781 3458 Trinitatem,
812 3398 1064 3451 revelata
1096 3397 1264 3461 facie,
1300 3397 1575 3465 claraque
1624 3412 1760 3449 voce
1810 3396 2047 3464 proﬁte-

414 3503 568 3551 mur,
617 3491 971 3557 usurpantes
1020 3486 1167 3539 illud
1215 3485 1378 3539 Isaias
1419 3484 1757 3554 prophetaa:
1809 3484 2050 3537 Ascende

411 3578 508 3645 qui
538 3578 874 3644 evangelizas
902 3578 960 3629 in
990 3581 1223 3629 montem
1249 3574 1517 3628 emcelsum
1546 3573 1634 3641 (f).
1670 3574 1781 3626 Nos
1813 3588 2047 3641 quoque

413 3664 787 3719 ascendimus
809 3664 881 3719 ad
896 3680 1187 3719 summam
1211 3663 1457 3734 gloriam
1476 3662 1651 3715 trium
1666 3660 2047 3715 consubstan-

408 3752 639 3807 tialium
671 3770 1079 3823 personarum,
1138 3752 1598 3822 evangelizantes
1643 3750 1797 3806 bona
1845 3750 2047 3803 ortho-

411 3839 574 3894 doxa)
607 3841 767 3901 ﬁdei,
800 3847 857 3894 et
888 3841 1151 3895 dicentes
1178 3857 1190 3893 :

481 3929 533 3984 4.
569 3928 873 3983 Credimus
896 3930 956 3981 in
988 3930 1218 3982 Patrem
1266 3932 1324 3982 et
1385 3928 1596 3981 Filium
1655 3932 1712 3980 et
1764 3926 2044 3996 Spiritum

410 4021 698 4083 sanctum,
733 4034 863 4087 quae
894 4022 983 4071 est
1014 4024 1214 4071 sancta
1241 4017 1513 4080 Trinitas,
1550 4017 1829 4081 increata,
1863 4020 2041 4069 acter-

410 4122 507 4169 na,
536 4106 865 4169 inconfusa,
899 4106 1168 4171 indivisa,
1223 4104 1762 4170 consubstantialis,
1816 4103 1875 4156 in
1924 4119 2043 4156 una

408 4193 733 4260 divinitate,
766 4211 945 4266 regno
991 4201 1047 4249 et
1094 4196 1518 4262 dominatione,
1566 4211 1695 4264 qua:
1744 4193 1804 4247 in
1854 4192 2041 4246 tribus

406 4282 677 4352 personis
709 4283 826 4336 sive
868 4283 1281 4353 hypostasibus
1337 4289 1395 4337 et
1442 4281 1905 4353 proprietatibus
1938 4280 2040 4335 ad-

405 4375 627 4435 oratur,
662 4378 711 4439 et
762 4370 1139 4442 gloriﬁcatur.
1188 4373 1612 4441 Pr0prietatem
1659 4375 1859 4425 autem
1906 4385 2039 4423 cum

2160 3215 2551 3291 παραδοθεῖσαν
2584 3219 2763 3273 πίστιν
2820 3220 2941 3295 περὶ
2998 3228 3100 3290 τῆς
3155 3221 3311 3296 ἁγίας
3367 3223 3453 3276 καί
3496 3215 3732 3293 ὁμοουσίον

2160 3306 2247 3360 καὶ
2276 3315 2654 3381 προσκυνητῆς
2684 3307 2936 3382 Τριάδος,
2971 3310 3470 3385 ἀνακεκαλκμμένῳ
3518 3307 3733 3382 προσώπῳ

2160 3393 2386 3467 λαμπρᾷ
2415 3417 2473 3450 τε
2503 3400 2656 3471 φωνῇ
2690 3398 2916 3472 λὲγομεν
2962 3399 3028 3453 τὰ
3071 3400 3167 3453 τοῦ
3212 3403 3494 3477 προφήτου
3543 3392 3730 3451 Ἡσαΐαν

2161 3479 2420 3552 Ἀνάϐηθι
2454 3486 2480 3538 ὁ
2522 3484 3007 3559 εὐαγγελιζόμενος
3068 3487 3150 3543 ἐπ’
3208 3485 3337 3563 ὄρος
3395 3485 3606 3561 ὑψηλόν.
3662 3480 3731 3535 Kal

2156 3577 2320 3647 ἡμεῖς
2378 3576 2720 3651 ἁνερχόμεϐα
2779 3578 2856 3640 εἷς
2912 3580 3011 3647 τὴν
3083 3582 3506 3654 τρισυπόστατον
3573 3577 3729 3647 ὁμοθυ-

2158 3663 2477 3740 σιοκόρυφον
2516 3662 2691 3736 δόξαν,
2724 3666 3202 3741 εὐαγγελιζόμενοι
3229 3669 3300 3724 τὰ
3327 3668 3494 3743 ἀγαθὰ
3534 3668 3616 3728 τῆς
3661 3661 3729 3733 ὁρ-

2158 3750 2380 3822 θοδόξθυ
2400 3752 2655 3822 πίστεως,
2685 3752 2952 3829 λέγοντες·

2227 3927 2287 3983 δ’.
2353 3935 2679 4002 Πιστευομεν
2728 3930 2803 3992 εἷς
2867 3931 3078 4005 Πατέρα
3134 3933 3222 3987 καὶ
3287 3933 3407 3986 Υἱὸν
3483 3931 3558 3985 καὶ
3608 3926 3725 3998 ἃγιον

2155 4024 2390 4091 Πνεῦμα,
2424 4020 2545 4088 ἥτις
2578 4019 2718 4074 ἐστὶν
2773 4023 2808 4089 ἡ
2856 4022 2978 4095 ἁγία
3025 4022 3214 4095 Τριὰς,
3260 4022 3525 4089 ἃκτιστος,
3573 4014 3723 4080 ἀίδιος,

2156 4108 2476 4182 ἀσύγχυτος,
2509 4105 2834 4183 ἀδιαίρετος,
2869 4110 3185 4181 ὁμοούσιος,
3218 4110 3269 4165 ἐν
3305 4116 3399 4183 μ.ιᾷ
3427 4110 3614 4174 θεότητι
3658 4098 3722 4155 καὶ

2158 4195 2404 4269 βασιλεία
2433 4195 2521 4250 καί
2550 4197 2855 4271 κυριότητι,
2888 4197 2939 4251 ἐν
2967 4199 3112 4267 τρισὶ
3143 4202 3457 4272 προσώποις
3485 4198 3593 4265 ἦτοι
3621 4193 3719 4246 imo-

2153 4285 2365 4339 στάσεσι
2392 4284 2480 4339 καὶ
2527 4281 2761 4355 ἰδιότησι
2814 4288 3267 4360 προσκυνουμένη
3324 4309 3381 4343 τε
3424 4285 3506 4340 καὶ
3549 4277 3718 4350 δοξολοι

2150 4375 2415 4449 γουμένη.
2449 4372 2718 4445 ’ἰδιότητα
2746 4376 2846 4450 γὰρ
2878 4376 3001 4431 ὅταν
3034 4376 3192 4445 εἴπω,
3224 4380 3315 4433 τὸν
3357 4376 3551 4450 Πατέρα
3591 4364 3714 4425 Πατέ-

404 4457 556 4525 dico,
598 4460 830 4514 Patrem
888 4461 1120 4514 Patrem
1172 4461 1383 4531 cogita,
1433 4464 1491 4513 et
1545 4459 1757 4513 Filium
1803 4459 2039 4524 Filium,

2169 4485 2215 4517 ›α
2243 4465 2460 4534 νόησον,
2492 4463 2581 4518 καὶ
2609 4464 2700 4517 τὸν
2729 4464 2851 4518 Υἳὸν
2884 4466 3030 4532 my,
3060 4466 3149 4521 καὶ
3197 4468 3260 4521 τὸ
3302 4470 3497 4541 Πνεῦρα
3521 4462 3575 4517 τὸ
3602 4458 3711 4529 ἅγιον

405 4545 805 4618 Spiritumque
828 4553 1097 4602 sanctum
1119 4548 1400 4617 Spiritum
1419 4548 1855 4600 sanctusztm
1881 4545 2039 4599 enim

404 4637 793 4706 proprietates
851 4637 1306 4707 haudquaquam
1354 4640 1793 4689 convertuntur.
1842 4636 2041 4702 Neque

406 4725 562 4778 enim
597 4730 787 4795 potest
818 4726 917 4795 qui
951 4728 1121 4779 Pater
1152 4730 1240 4778 est
1287 4723 1467 4777 Filius
1522 4739 1671 4791 esse,
1722 4722 1812 4776 vel
1858 4722 2039 4777 Filius

402 4813 593 4879 Pater,
631 4814 717 4868 vel
748 4814 997 4885 Spiritus
1029 4818 1269 4866 sanctus
1302 4828 1429 4865 esse
1462 4814 1636 4866 Pater
1666 4811 1781 4866 sive
1815 4811 2036 4865 Filius:

405 4900 507 4954 sed
540 4901 1038 4971 quemadmodum
1072 4900 1212 4965 dixi,
1247 4901 1418 4953 Pater
1445 4907 1533 4955 est
1561 4902 1751 4967 Pater,
1776 4906 1833 4955 et
1856 4900 2037 4955 Filius

406 4986 607 5051 Filius,
637 4994 694 5041 et
723 4990 972 5058 Spiritus
1026 4992 1264 5041 sanctus
1314 4987 1563 5057 Spiritus
1604 4995 1862 5045 sanctus.
1914 4992 2037 5045 Non

404 5074 515 5128 fuit
548 5080 777 5145 tempus
809 5076 1043 5145 quando
1076 5092 1195 5130 non
1228 5080 1352 5129 erat
1407 5077 1598 5143 Pater,
1646 5094 1755 5132 nec
1806 5084 2038 5149 tempus

404 5163 517 5217 fuit
546 5164 780 5233 quando
812 5164 991 5219 Filius
1020 5182 1137 5219 non
1170 5170 1314 5234 erat,
1369 5164 1521 5219 sicut
1564 5182 1756 5236 neque
1804 5176 2035 5239 tempus

478 5278 546 5347 (ί)
576 5278 687 5332 Isa.
717 5294 807 5346 XL,
839 5281 891 5335 9.

2150 4555 2370 4622 Πνεῦμα
2400 4549 2574 4624 ἆγιον.
2608 4551 2775 4605 Αὗται
2802 4554 2903 4625 γὰρ
2935 4554 2989 4606 αἱ
3049 4552 3321 4623 ἴδιότητες
3368 4554 3464 4608 οὐκ
3488 4541 3714 4619 ςὰντιστρέ’

2147 4660 2353 4715 φονται.
2390 4638 2465 4695 Οὐ
2498 4636 2713 4693 δύναται
2736 4639 2835 4713 γὰρ
2867 4641 2895 4694 ὁ
2930 4643 3113 4715 Πατὴρ
3173 4642 3299 4704 Υἱὸς
3347 4643 3493 4708 εἶναι,
3522 4636 3553 4703 ἤ
3579 4636 3601 4687 ὁ
3626 4629 3711 4683 Υἱὸς

2148 4723 2414 4797 natam
2446 4725 2507 4780 τὸ
2542 4730 2761 4797 Πνεῦμα
2798 4728 2859 4781 τὸ
2910 4728 3061 4802 ἅγιον
3118 4728 3247 4783 εῖναι
3310 4729 3484 4801 [Ιὰτήρ
3534 4720 3565 4791 ἤ
3610 4716 3708 4802 n6;-

2149 4812 2274 4869 ἀλλ’
2306 4814 2379 4874 ὡς
2411 4814 2584 4882 εἶπον,
2619 4816 2803 4889 Πατὴρ
2836 4817 2863 4870 δ
2894 4800 3101 4891 nam,
3136 4817 3226 4872 καὶ
3258 4819 3378 4878 Υἱὸς
3404 4800 3465 4870 ηδί
3491 4811 3611 4875 Υἱὸς,
3646 4800 3705 4856 καὶ

2148 4906 2367 4976 Πνεῦμα
2398 4905 2549 4978 ἅγιον
2584 4903 2646 4957 τὸ
2680 4909 2895 4977 Πνεῦμα
2924 4906 2987 4960 τὸ
3041 4908 3211 4982 ἅγιεν.
3260 4908 3370 4965 Οὐκ
3404 4906 3464 4974 ἦν
3511 4918 3617 4955 ποτε
3646 4892 3707 4982 Sit

2149 4992 2250 5045 οὐκ
2277 4992 2346 5058 ἦν
2378 4992 2585 5062 Πατήρ,
2620 4991 2711 5046 καὶ
2746 4992 2843 5047 οὐκ
2871 4995 2936 5063 ἦν
2971 5016 3102 5067 ποτε
3132 4995 3219 5050 ὅτε
3248 4996 3345 5051 οὐκ
3384 4996 3446 5064 ἦν
3490 4990 3610 5052 Υἱὸς,
3646 4977 3704 5067 καί

2147 5079 2245 5133 οὐκ
2272 5080 2337 5146 ἦν
2370 5100 2505 5133 ποτε
2535 5080 2625 5135 ’ὀτε
2665 5081 2768 5135 οὐκ
2826 5082 2890 5150 ἧν
2948 5083 3009 5137 τὸ
3066 5089 3284 5157 Πνεῦμα
3342 5084 3399 5139 τὸ
3444 5081 3595 5155 ἅγιον.
3642 5063 3707 5123 Διὶ

2146 5172 2306 5222 τοῦτο
2337 5166 2721 5237 ἀκατάληπτος
2750 5168 2841 5224 καὶ
2899 5173 2933 5240 ἡ
2980 5171 3225 5246 γέννησις
3264 5176 3357 5229 τοῦ
3414 5158 3707 5239 Μονογενοῦς,

1979 5384 2197 5439 NOTAE.

468 5493 543 5569 (Et)
575 5493 744 5569 [forte
775 5491 1090 5569 respicitur
1128 5492 1201 5569 ad
1233 5500 1790 5569 sequentemquam
1822 5497 2037 5553 edituri
2071 5517 2277 5554 sumus
2318 5501 2673 5558 orationem.
2710 5503 2921 5559 Comb.
2963 5506 3112 5561 brevi
3144 5512 3389 5562 conserta
3418 5491 3709 5569 disputatione

472 5565 545 5633 (6)
576 5564 1111 5634 Copronymianam
1146 5564 1425 5636 intelligit
1452 5566 1767 5622 Combeﬁs.
