3964 6144
253 279 394 336 1353

1478 265 1859 322 ADVERSUS
1896 262 2446 320 IOONOCLABTAB.

3518 265 3655 322 1354

240 403 392 471 καὶή
429 400 750 473 έκπόρευσις
811 403 906 454 τοῦ
958 395 1112 472 ἁγίου
1170 395 1500 467 Πνεύματος.
1561 391 1876 462 Προσκυνεῖ‹

2005 389 2136 456 fuit,
2170 391 2408 461 quando
2466 407 2586 446 non
2637 396 2765 447 erat
2815 391 3067 463 Spiritus
3124 395 3386 449 sanctus.
3433 392 3661 457 Quam-

237 493 328 546 τὸν
362 491 574 562 Πατέρα
608 511 620 556 ς
645 487 695 543 ἐν
724 487 870 557 αὐτῷ
899 490 1275 561 προσκυνεῖται
1310 482 1337 536 6
1368 484 1492 543 Υἱὸς
1517 482 1606 534 καὶ
1637 479 1700 533 τὸ
1731 480 1885 551 ἅγιον

241 584 478 651 Πνεῦμα.
513 581 838 653 Προσκυνεῖς
867 576 958 630 τὸν
1019 575 1141 628 Υἱόν
1205 592 1218 640 ;
1273 571 1324 626 ἐν
1383 570 1528 642 αὐτῷ
1569 569 1890 642 προσκυνεῖς

236 669 329 722 τὸν
389 669 597 739 Πατέρα
656 665 742 719 καὶ
798 667 856 719 τὸ
919 665 1068 738 ἅγιον
1140 665 1375 732 Πνεῦμα.
1440 660 1768 734 Προσκυνεῖς
1824 655 1886 708 τὸ

242 761 463 828 Πνεῦμα
493 757 553 810 τὸ
585 754 738 829 ἅγίον
770 774 782 822 ;
816 752 866 806 ἐν
918 752 1064 823 αὐτῷ
1095 754 1416 826 προσκυνεῖς
1474 747 1563 803 καὶ
1622 745 1712 800 τὸν
1775 750 1884 798 ΙΙα-

240 847 369 917 τέρα
400 846 488 898 καὶ
521 846 610 898 τὸν
637 844 780 898 Υίόν.
807 841 883 899 Οὐ
946 839 1334 916 συγχεομένων
1391 842 1499 893 τῶν
1547 835 1878 912 προσώπων,

241 932 385 987 ἀλλὰ
438 931 526 986 διὰ
577 933 637 985 τὸ
686 931 880 985 ταύτὸν
935 933 1025 984 καί
1077 927 1497 1004 ἀπαράλλακτον
1541 927 1639 992 τῆς
1697 920 1881 980 οὐσίας

241 1019 382 1074 οὕτω
411 1024 573 1082 νοεῖς.
611 1021 754 1082 Μιᾶς
780 1019 879 1093 γὰρ
904 1017 1069 1087 οὔσης
1093 1025 1193 1085 τῆς
1226 1015 1434 1090 φύσεως
1489 1013 1580 1067 καὶ
1629 1017 1729 1078 τῆς
1789 1007 1882 1062 οὐ-

235 1106 352 1168 σίας
376 1107 463 1162 καὶ
492 1115 592 1175 τῆς
623 1108 901 1176 θεότητος,
966 1105 1062 1179 μία
1116 1105 1207 1159 καὶ
1261 1106 1296 1172 ἡ
1348 1098 1712 1175 προσκύνησίς
1769 1095 1880 1151 ἐστι

231 1202 332 1264 τῆς
355 1195 508 1270 ἁγίας
538 1197 629 1249 καὶ
659 1195 960 1263 όμοουσίου
991 1191 1247 1268 ’1³ριὰδος.
1283 1190 1436 1248 Ἀλλ’
1470 1185 1658 1254 ἐπειδὴ
1693 1186 1878 1258 Πατὴρ

233 1285 320 1338 καὶ
350 1286 474 1346 Γὶὸς
501 1284 591 1338 καὶ
624 1284 772 1358 ἅγιον
802 1287 1039 1355 Πνεῦμα,
1092 1281 1452 1354 ὀνομάζονται
1509 1278 1600 1332 καὶ
1653 1275 1754 1330 εἶσὶ
1810 1275 1879 1345 τῇ

236 1373 330 1446 μὲν
387 1373 545 1444 οὐσίᾳ
591 1373 727 1428 κατὰ
783 1374 956 1426 πάντα
1016 1369 1102 1425 ἷ¹σα
1157 1369 1224 1425 τὰ
1277 1369 1420 1442 τρία·
1465 1364 1709 1421 ἀπέδωκε
1741 1361 1797 1418 δὲ
1839 1365 1874 1432 ἡ

228 1463 582 1526 θεόπνευστος
615 1462 800 1539 Γραφή
831 1462 929 1529 τὴν
958 1460 1138 1534 ἀρχὴν
1165 1463 1244 1530 τῷ
1283 1456 1474 1531 Πατρὶ,
1528 1455 1617 1509 καὶ
1676 1453 1872 1508 λοιπὸν

227 1555 296 1625 τῇ
325 1555 422 1606 τοῦ
454 1551 665 1622 Πατρὸς
688 1549 905 1605 εὐδοκία
933 1551 1021 1604 καὶ
1056 1550 1083 1602 6
1113 1549 1236 1608 Υἱὸς
1294 1547 1362 1600 τὰ
1410 1544 1582 1600 πάντα
1625 1542 1871 1611 ἐποίησεο

227 1641 407 1695 καὶτὸ
442 1642 661 1711 Πνεῦμα
688 1640 751 1694 τὸ
809 1641 959 1712 ἅγιον
1016 1638 1083 1692 τὰ
1139 1636 1308 1690 πάντα
1368 1632 1868 1704 ἐτελεσιούργησεν·

2003 479 2206 533 obrem
2240 480 2866 552 incomprehensibilis
2898 481 3076 536 etiam
3111 486 3199 536 est
3229 481 3526 553 Unigeniti
3566 498 3658 553 ge-

1999 569 2537 639 neratio,itemque
2579 571 2880 641 processio
2915 570 3102 625 sancti
3157 571 3432 640 Spiritus.
3491 571 3650 624 Ado-

1998 673 2093 711 ras
2123 658 2403 712 Patrem?
2431 659 2494 712 in
2544 659 2671 728 ipso
2704 659 2984 714 adoratur
3041 659 3224 713 Filius
3281 664 3339 712 et
3398 659 3648 729 Spiritus

1997 750 2258 800 sanctus.
2289 746 2514 802 Adoras
2544 747 2759 801 Filium
2780 747 2807 801 ?
2837 748 2898 802 in
2923 748 3048 817 ipso
3080 747 3292 802 adoras
3329 749 3561 801 Patrem
3592 752 3649 802 et

1994 833 2278 904 Spiritum
2302 841 2596 890 sanctum.
2641 835 2863 890 Adoras
2914 835 3194 905 Spiritum
3227 841 3497 889 sanctum
3519 835 3545 888 ?
3577 835 3638 889 in

1994 921 2122 992 ipso
2158 923 2368 978 adoras
2413 929 2472 978 et
2525 925 2757 978 Patrem
2810 930 2868 977 et
2920 923 3154 977 Filium.
3209 926 3332 977 Non
3377 923 3642 977 confusis

1991 1011 2286 1078 personis,
2341 1010 2445 1064 sed
2481 1017 2722 1081 propter
2772 1011 3145 1066 identitatem
3194 1011 3645 1065 immutabilita-

1993 1102 2229 1168 temque
2261 1099 2534 1152 essentia)
2567 1097 2651 1153 sic
2695 1099 2937 1170 cogitas.
3002 1100 3148 1153 Cum
3207 1099 3367 1153 enim
3399 1116 3519 1154 una
3568 1100 3646 1153 sit

1989 1191 2201 1241 natura
2230 1191 2288 1241 et
2317 1187 2574 1242 essentia
2595 1192 2653 1241 et
2683 1187 3108 1251 divinitas,una
3159 1191 3249 1241 est
3304 1189 3482 1242 etiam
3535 1187 3638 1242 ad-

1990 1277 2174 1330 oratio
2191 1282 2408 1331 sanctae
2425 1283 2484 1332 et
2499 1276 3023 1332 consubstantialis
3037 1277 3483 1331 Trinitatis.Sed
3503 1294 3638 1347 quo-

1988 1366 2150 1420 niam
2176 1367 2367 1434 Pater,
2402 1367 2585 1440 Filius
2616 1383 2683 1421 ac
2729 1367 2981 1437 Spiritus
3005 1371 3266 1432 sanctus,
3325 1368 3639 1422 nominan-

1987 1460 2082 1509 tur
2111 1461 2171 1510 et
2199 1460 2337 1510 sunt
2356 1456 2614 1510 essentia
2635 1455 2876 1526 quidem
2901 1472 3007 1527 per
3027 1456 3498 1525 omniamquales
3523 1462 3641 1511 tres

1985 1544 2076 1598 has
2107 1561 2424 1615 personaa;
2471 1545 2773 1615 Scriptura
2830 1562 2965 1600 vero
3009 1545 3292 1600 divinitus
3350 1546 3640 1615 inspirata

1984 1633 2340 1704 principium
2370 1634 2640 1688 attribuit
2688 1635 2868 1699 Patri,
2901 1651 2968 1689 ac
3009 1635 3371 1705 ceteroquin
3401 1651 3469 1688 ex
3527 1635 3636 1689 Pa-

233 1727 372 1784 ἔστιν
429 1727 520 1784 οὖν
578 1728 706 1790 Θεὸς
767 1729 794 1782 ὁ
854 1727 1061 1800 Πατήρ,
1120 1724 1248 1785 Θεὸς
1315 1723 1341 1776 6
1394 1723 1545 1788 Υἱὸς,
1622 1720 1750 1780 Θεὸς
1809 1717 1872 1772 τὸ

1994 1721 2091 1776 tris
2123 1720 2496 1792 beneplacito
2547 1722 2729 1777 etiam
2760 1722 2944 1777 Filius
3003 1725 3281 1778 universa
3311 1724 3528 1786 effecit,
3580 1728 3640 1778 et

235 1822 455 1890 Πνεῦμα
484 1819 545 1872 τὸ
577 1817 750 1892 ἅγιον.
811 1813 968 1872 Ἀλλ’
1024 1810 1213 1879 ἐπειδὴ
1273 1811 1405 1872 Θεὸς
1453 1808 1544 1864 καὶ
1601 1807 1730 1869 Θεὸς
1783 1805 1872 1860 καὶ

233 1908 384 1976 Θεὸς,
417 1905 477 1960 οὐ
509 1903 727 1960 δύνασαι
761 1904 953 1969 εἰπεῖν,
985 1908 1129 1978 τρεῖς
1159 1901 1304 1958 Θεοί.
1340 1898 1513 1954 ’Λλλᾶ
1553 1898 1676 1972 τρία
1704 1895 1876 1971 πρόσ-

234 2016 355 2049 ωπα
428 1993 846 2067 ἐνθυμούμενος,
902 1989 1123 2047 ἕκαστον
1182 1989 1475 2062 πρόσωπον
1549 1983 1870 2060 ὁμολογῶν,

233 2086 310 2147 εἷς
339 2085 466 2145 Θεὸς
499 2081 742 2155 λέγεται,
775 2078 865 2135 διὰ
892 2082 953 2135 τὸ
1007 2075 1058 2133 ἔν
1119 2079 1210 2133 καὶ
1265 2077 1328 2132 τὸ
1382 2075 1576 2131 ταύτὸν
1624 2073 1724 2140 τῆς
1772 2071 1871 2146 φό-

232 2193 362 2234 σεως
397 2173 486 2227 καὶ
513 2179 613 2240 τῆς
647 2171 904 2240 θεότητος
935 2168 1025 2224 καὶ
1055 2174 1152 2237 τῆς
1197 2166 1380 2229 οὐσίας
1432 2164 1524 2219 καὶ
1553 2169 1654 2231 τῆς
1686 2166 1867 2216 συναῖ-

230 2259 501 2329 διότητος.
536 2260 628 2314 Διὸ
658 2261 748 2314 καὶ
778 2257 972 2322 ἑνικῶς
1003 2254 1298 2328 δοξάζομεν
1328 2255 1416 2309 καὶ
1459 2254 1868 2326 προσκυνοῦμεν

225 2351 323 2419 τήν
357 2350 506 2426 ἁγίαν
538 2346 760 2425 Τριάὃα.

303 2617 355 2672 ε’.
392 2616 700 2688 Ἐμάθομεν
742 2614 832 2668 καὶ
859 2610 1205 2682 πιστεύομεν,
1239 2609 1322 2663 ὅτι
1375 2607 1403 2660 6
1458 2605 1582 2668 Υἱὸς
1609 2609 1706 2659 τοῦ
1737 2607 1871 2658 Θεοῦ

233 2704 489 2779 ἐγεννήθη
546 2703 605 2758 έκ
660 2706 760 2756 τοῦ
809 2703 1018 2775 Πατρὸς
1075 2697 1344 2774 ἀρρήτως,
1398 2694 1672 2771 ἀχρόνως,
1727 2693 1873 2747 ἀσω-

239 2795 440 2865 ματως,
471 2793 576 2867 πρὸ
606 2792 820 2845 πάντων
852 2793 959 2844 τῶν
997 2787 1233 2844 αἰώνων.
1284 2785 1456 2845 Αὐτὸς
1515 2783 1604 2837 οῦν
1669 2781 1696 2835 6
1751 2780 1874 2847 Υἱὸς

231 2885 326 2935 τοῦ
355 2885 508 2947 Θεοῦ,
539 2881 601 2934 τὸ
631 2883 745 2957 φῶς
768 2877 820 2932 ἐν
847 2881 943 2932 τοῦ
973 2876 1172 2954 φωτὸς,
1233 2873 1260 2927 6
1318 2870 1580 2942 ἀληθινός
1638 2870 1766 2930 Θεὸς
1814 2868 1874 2924 ἐκ

230 2973 325 3024 τοῦ
357 2967 620 3039 ἀληθινοῦ
650 2971 784 3022 Θεοῦ
812 2965 902 3020 καὶ
935 2965 1168 3038 Πατρὸς,
1225 2966 1291 3034 τῇ
1349 2959 1566 3031 εὐδοκία
1620 2963 1715 3012 τοῦ
1764 2965 1872 3013 Ha-

229 3059 355 3131 τρὸς
387 3057 668 3131 έσαρκώθη
723 3055 781 3110 ἐκ
818 3058 886 3128 τῇ
941 3055 1199 3126 πανὰγνῳ
1247 3051 1335 3106 καὶ
1396 3051 1498 3104 ὐπὸ
1561 3048 1869 3119 Πνεύματος

231 3145 382 3220 ἁγίου
437 3145 876 3218 καθαγιαζομένῃ
936 3144 1194 3214 Παρθένῳ
1239 3143 1306 3213 τῇ
1358 3138 1484 3212 ἁγίᾳ
1541 3138 1740 3211 Μαρίᾳ,
1797 3134 1867 3208 τῇ
1898 3134 1942 3159 υ

227 3233 426 3306 κυρίως
476 3234 565 3286 καὶ
612 3235 726 3286 κατ’
783 3233 1039 3302 ἀλήθειαν
1091 3229 1360 3301 Θεοτόκῳ.
1421 3228 1521 3284 Καὶ
1575 3227 1756 3300 ὥσπερ
1814 3225 1875 3280 ἐκ

227 3325 324 3375 τοῦ
354 3321 570 3392 Πατρὸς
601 3323 635 3389 ἡ
672 3320 875 3395 γένεσις
933 3320 1096 3374 αὐτοῦ
1147 3323 1241 3373 τοῦ
1300 3319 1427 3371 Υἳοῦ
1487 3315 1871 3385 ἀκατάληπτός

227 3409 308 3472 τίς
339 3409 567 3463 ἐστικαὶ
599 3410 1018 3481 ἀνερμήνευτος,
1073 3410 1160 3461 καὶ
1197 3406 1286 3462 διὰ
1339 3410 1498 3460 τοῦτο
1549 3406 1726 3458 πίστει
1783 3404 1873 3457 καὶ

236 3501 416 3572 σιωπῇ
442 3503 848 3572 προσκυνοῦμεν
878 3498 965 3551 καὶ
1024 3494 1336 3569 δοξαζομεν⁶
1373 3494 1513 3549 οὕτω
1569 3498 1665 3548 τοῦ
1714 3492 1876 3546 αὐτοῦ

237 3588 365 3642 Υἱοῦ
393 3592 490 3642 τοῦ
520 3585 651 3643 Θεοῦ
681 3589 771 3641 καὶ
801 3589 835 3656 ἡ
871 3587 930 3641 έκ
957 3593 1056 3654 τῆς
1092 3586 1298 3661 μητρὸς
1357 3584 1447 3638 καὶ
1481 3583 1755 3657 Παρθένου
1804 3579 1876 3635 ἔν-

238 3696 432 3749 σαρκος
459 3675 727 3750 γέννησις,
762 3673 1029 3752 ἅφραστός
1049 3695 1158 3728 εστι
1189 3673 1278 3728 καὶ
1335 3669 1748 3745 ἀνεκδιήγητος.
1775 3668 1876 3726 Καὶ

243 3765 376 3837 μάθε
406 3769 542 3826 πῶς.

308 3855 371 3919 ς’.
403 3855 464 3911 Ὁ
487 3851 578 3908 οὗν
611 3853 914 3926 μονογενὴς
939 3851 1064 3913 Υἱὸς
1092 3853 1188 3903 τοῦ
1222 3853 1376 3915 Θεοῦ,
1443 3846 1469 3900 6
1527 3847 1633 3921 πρὸ
1664 3845 1874 3899 πάντων

234 3948 340 3998 τῶν
375 3941 587 3997 αἰώνων
623 3941 682 3996 ἐκ
709 3943 806 3994 τοῦ
858 3937 1068 4012 Πατρὸς
1116 3937 1414 4010 γεννηθεὶς,
1473 3934 1876 4010 ἀπερίγραπτός

236 4031 623 4100 ἐστι,καὶᾶνω
654 4028 764 4083 ἐστὶ
795 4027 883 4082 καὶ
933 4028 1104 4088 κάτω,
1154 4025 1242 4079 καὶ
1292 4025 1357 4078 τὰ
1411 4026 1582 4078 πάντα
1641 4022 1693 4078 ἐν
1729 4023 1877 4097 χειρὶ

234 4117 373 4195 ἔχει,
405 4119 581 4174 καὶτὰ
609 4120 782 4173 πάντα
804 4117 854 4170 έν
901 4117 1045 4186 αὐτῷ
1077 4113 1386 4183 συνέστηκε,
1442 4113 1533 4166 καὶ
1589 4115 1656 4167 τὰ
1708 4112 1880 4166 πάντα

234 4209 463 4281 πληροῖ,
520 4208 607 4262 καὶ
699 4207 831 4281 ὑπὲρ
916 4205 982 4259 τὰ
1047 4203 1225 4258 πάντα
1312 4201 1758 4276 ὐπερεκτείνεται,
1788 4201 1877 4254 καὶ

241 4300 488 4373 ὑπεράνω
542 4299 756 4352 πάντων
816 4295 1064 4366 οὐρανῶν
1141 4291 1274 4362 ἐστι,
1315 4291 1406 4346 καὶ
1453 4291 1548 4350 τὰς
1608 4284 1877 4351 ἀϐύσσους

235 4391 459 4460 καθορᾷ.
520 4385 622 4442 Καὶ
681 4385 782 4439 οὐκ
811 4379 920 4438 ἔστι
980 4382 1150 4444 κτίσις
1236 4381 1445 4456 ἀφανὴς
1492 4377 1724 4433 ἐνώπιον
1778 4377 1879 4432 αὐ-

1987 1810 2238 1880 Spiritus
2265 1815 2507 1866 sanctus
2535 1812 2810 1866 universa
2838 1811 3086 1883 perfecit
3119 1830 3130 1866 :
3163 1817 3252 1866 est
3269 1828 3638 1882 consequen-

1986 1900 2074 1951 ter
2103 1897 2256 1951 Deus
2297 1898 2488 1963 Pater,
2524 1899 2677 1953 Deus
2728 1899 2932 1968 Filius,
2992 1900 3144 1953 Deus
3197 1901 3447 1970 Spiritus
3499 1916 3634 1954 san-

1984 1990 2132 2039 ctus.
2168 1987 2240 2038 At
2269 1985 2408 2054 quia
2437 1987 2612 2054 Deus,
2644 1992 2702 2040 et
2731 1988 2906 2049 Deus,
2953 1992 3011 2041 et
3072 1989 3259 2041 Deus:
3312 2004 3431 2041 non
3464 1994 3634 2058 potes

1982 2082 2180 2132 tamen
2208 2077 2425 2138 dicere,
2453 2083 2570 2132 tres
2603 2077 2705 2133 dii.
2741 2080 2955 2132 Verum
3017 2084 3134 2133 tres
3186 2095 3470 2150 personas
3501 2081 3628 2135 ani-

1982 2182 2076 2220 mo
2109 2167 2393 2237 cogitans,
2427 2166 2755 2236 quamlibet
2775 2185 3092 2238 personam
3124 2169 3436 2235 confitens,
3471 2185 3625 2222 unus

1981 2258 2135 2312 Deus
2165 2256 2381 2312 dicitur
2410 2275 2423 2323 ;
2449 2264 2688 2328 propter
2716 2259 3003 2313 unitatem
3038 2265 3096 2312 et
3124 2259 3492 2313 identitatem
3517 2274 3628 2313 na-

1978 2350 2125 2400 turas
2158 2351 2215 2401 et
2250 2345 2575 2402 divinitatis
2633 2353 2691 2401 et
2747 2348 3019 2402 essentias
3069 2353 3128 2402 et
3173 2349 3617 2403 comternitatis.

1980 2435 2372 2498 Quamobrem
2405 2440 2463 2490 et
2492 2435 2774 2507 singulari
2811 2453 3060 2491 numero
3093 2437 3492 2509 gloriﬁcamus
3523 2451 3618 2490 ve-

1980 2538 2380 2593 neramurque
2411 2529 2675 2579 sanctam
2698 2525 3064 2582 Trinitatem.

2051 2614 2104 2665 5.
2139 2611 2463 2666 Didicimus
2495 2617 2551 2666 et
2587 2611 2906 2670 credimus.
2967 2613 3125 2684 quod
3185 2614 3364 2668 Filius
3392 2615 3491 2668 Dei
3524 2629 3626 2684 ge-

1983 2700 2143 2754 nitus
2175 2706 2264 2754 est
2294 2717 2362 2754 ex
2390 2702 2562 2755 Patre
2607 2701 3010 2766 ineﬂ‘abiliter,
3072 2702 3200 2756 sine
3250 2707 3517 2772 tempore
3568 2706 3627 2755 et

1982 2803 2247 2858 corpore,
2281 2794 2416 2843 ante
2449 2789 2649 2844 omnia
2680 2789 2916 2844 smcula.
2951 2791 3210 2861 Ipsemet
3258 2791 3438 2846 Filius
3497 2789 3622 2856 Dei,

1983 2877 2082 2946 qui
2117 2882 2207 2931 est
2237 2877 2439 2932 lumen
2469 2877 2541 2931 de
2569 2877 2818 2944 lumine,
2850 2880 3003 2934 Deus
3033 2897 3202 2934 verus
3234 2880 3305 2935 de
3341 2882 3454 2935 Deo
3490 2899 3621 2937 vero

1983 2969 2042 3018 et
2070 2966 2262 3027 Patre,
2297 2982 2366 3020 ex
2398 2966 2586 3020 Patris
2619 2965 2992 3036 beneplacito
3029 2968 3219 3023 factus
3252 2973 3342 3024 est
3366 2986 3502 3025 caro
3560 2971 3622 3026 in

1982 3053 2301 3122 purissima
2332 3059 2389 3108 et
2413 3071 2518 3125 per
2545 3055 2824 3124 Spiritum
2839 3061 3108 3111 sanctum
3123 3059 3488 3114 sanctiﬁcata
3504 3060 3628 3113 Vir-

1984 3141 2118 3212 gine
2153 3148 2355 3197 sancta
2385 3143 2582 3203 Maria.
2609 3160 2738 3213 quae
2797 3149 2888 3198 est
2925 3146 3162 3216 proprie
3205 3147 3627 3217 verissimeque

1984 3233 2252 3302 Deipara.
2285 3235 2364 3288 Ac
2397 3234 2899 3304 quemadmodum
2933 3252 3064 3304 quae
3096 3242 3185 3290 est
3215 3252 3284 3290 ex
3332 3239 3502 3292 Patre
3529 3255 3626 3309 ge-

1985 3321 2212 3374 neratio
2241 3321 2427 3392 ipsius
2456 3322 2585 3376 Filii
2618 3323 3244 3393 incomprehensibilis
3275 3330 3365 3379 est
3396 3327 3627 3380 etinex-

1985 3408 2303 3479 plicabilis,
2337 3416 2770 3481 proptereaque
2803 3412 2967 3465 illam
3003 3413 3118 3466 ﬁde
3148 3429 3215 3468 ac
3248 3415 3486 3469 silentio
3535 3414 3632 3469 ad-

1987 3514 2224 3552 oramus
2256 3503 2313 3552 et
2337 3499 2738 3570 gloriﬁcamus
2765 3517 2776 3553 :
2812 3501 2894 3555 sic
2925 3501 3190 3572 ejusdem
3220 3503 3349 3556 Filii
3395 3503 3494 3556 Dei
3529 3503 3632 3557 illa

1988 3586 2166 3641 etiam
2198 3604 2328 3657 quas
2362 3605 2432 3641 ex
2459 3593 2645 3643 matre
2677 3594 2766 3643 est
2795 3594 2854 3644 et
2880 3591 3113 3662 Virgine
3145 3592 3207 3645 in
3239 3607 3414 3646 carne
3453 3608 3632 3663 gene-

1988 3673 2160 3737 ratio,
2195 3673 2515 3727 ineﬂ‘abilis
2548 3680 2635 3728 est
2667 3680 2725 3729 et
2753 3675 3210 3746 inexplicabilis.
3254 3681 3332 3733 Ac
3364 3695 3479 3749 quo
3510 3695 3634 3733 mo-

1991 3763 2086 3827 do,
2111 3762 2292 3816 disce.

2060 3853 2111 3904 6.
2149 3851 2498 3922 Unigenitus
2530 3852 2709 3923 igitur
2740 3852 2923 3908 Filius
2953 3853 3076 3921 Dei,
3111 3855 3210 3925 qui
3250 3860 3386 3910 ante
3438 3857 3642 3914 omnia

1990 3939 2206 3994 saecula
2232 3957 2302 3994 ex
2329 3942 2500 3995 Patre
2540 3946 2713 3995 natus
2771 3945 2880 4008 est,
2941 3942 3496 4015 incircumscriptus
3526 3951 3635 4014 est,

1989 4045 2285 4098 supraque
2317 4034 2407 4082 est
2436 4033 2494 4082 et
2539 4029 2715 4094 infra,
2767 4030 3164 4101 universaque
3212 4031 3273 4085 in
3324 4049 3429 4087 sua
3476 4039 3639 4103 pote-

1989 4121 2136 4171 state
2165 4117 2362 4181 habet,
2389 4122 2446 4172 et
2475 4122 2688 4172 cuncta
2744 4118 2804 4172 in
2837 4118 2964 4188 ipso
3017 4124 3309 4187 constant,
3344 4126 3402 4175 et
3431 4121 3636 4176 omnia

1987 4205 2198 4276 replet,
2231 4211 2288 4260 et
2317 4206 2474 4260 ultra
2495 4206 2715 4276 quaevis
2763 4207 3301 4277 superextenditur,
3335 4225 3634 4281 supraque

1987 4310 2194 4352 omnes
2252 4293 2432 4348 C(BlOS
2489 4298 2598 4360 est,
2660 4299 2718 4348 et
2769 4293 3012 4364 abyssos
3070 4295 3352 4352 intuetur.
3400 4300 3468 4352 Et
3523 4315 3636 4354 non

1986 4389 2062 4437 est
2092 4382 2210 4437 ulla
2235 4389 2491 4437 creatura
2515 4382 2806 4437 invisibilis
2831 4385 2892 4437 in
2937 4392 3231 4454 conspectu
3289 4387 3406 4456 ejus
3439 4389 3533 4457 (g).
3570 4391 3635 4443 In

236 4454 474 4534 105."Ev
510 4472 761 4550 ἀγγέλοις
793 4471 959 4541 ἐστὶν,
993 4469 1122 4532 ὅλος
1157 4468 1267 4524 ἄνω
1299 4469 1465 4536 ἐστὶν,
1511 4467 1641 4529 ὅλος
1673 4486 1876 4520 παντα-

1994 4470 2210 4542 angelis
2264 4475 2373 4535 est,
2423 4475 2580 4525 totus
2638 4487 2817 4542 supra
2864 4477 2973 4540 est,
3039 4478 3197 4528 totus
3254 4454 3637 4546 ubique'est.

240 4570 351 4639 χοῦ
381 4564 544 4618 ἐστιν.
592 4561 766 4621 Αὐτὸς
811 4561 905 4614 οὗν
963 4561 990 4613 6
1043 4561 1166 4621 Υἱὸς
1215 4563 1312 4613 τοῦ
1363 4558 1495 4612 Θεοῦ
1554 4557 1582 4611 6
1629 4560 1877 4616 τοιυῦτος

239 4650 590 4722 τηλικοῦτος,
625 4649 652 4702 6
679 4647 954 4718 ἀπήλικος
990 4647 1078 4702 καὶ
1133 4647 1428 4721 ἀμεγέθης,
1485 4643 1674 4714 ἐπειδή
1708 4643 1881 4699 πάντα

242 4738 485 4806 δύναται,
529 4736 762 4807 ἐδυνήθη
819 4735 908 4790 καὶ
957 4733 1242 4810 ἄνθρωπος
1287 4735 1551 4807 γενέσθαι.
1605 4733 1709 4788 Καὶ
1765 4733 1884 4787 κατ’

243 4827 500 4898 ἀλήθειαν
559 4825 879 4899 σαρκωθεῖς,
927 4824 1016 4877 καὶ
1076 4822 1490 4894 ένανθρωπήσας
1525 4821 1584 4875 ἐκ
1635 4821 1882 4891 Πνεύμα-

242 4936 335 4977 τος
367 4915 524 4990 ἁγίου
554 4914 643 4969 καὶ
678 4913 887 4988 Μαρίας
918 4915 1016 4980 τῆς
1064 4906 1343 4984 Παρθένου
1400 4907 1511 4963 ἄνω
1539 4909 1638 4963 οὐκ
1677 4907 1882 4980 ἔλειψε,

244 5003 334 5058 καὶ
361 5005 508 5058 κάτω
535 5003 831 5077 σαρκωθεῖς
863 5001 889 5056 6
922 5000 1082 5062 αὐτὸς
1114 4998 1268 5061 ὅλος.
1328 4998 1535 5055 Οὐκοῦν
1585 4995 1667 5057 τίς
1726 4993 1886 5050 δύνα-

241 5114 328 5147 ται
363 5091 559 5168 φράσαι
592 5091 627 5160 ἢ
660 5092 803 5152 ὅλως
835 5088 1194 5164 διηγήσασθαι
1235 5086 1296 5141 τό
1349 5087 1646 5158 μυστήριον
1684 5103 1698 5152 ;
1728 5082 1882 5152 Ηλήν

243 5182 327 5236 ’ὁτι
357 5182 495 5255 πρὸς
521 5183 620 5250 τήν
653 5179 924 5235 εὐτέλειαν
953 5185 1052 5246 τῆς
1074 5175 1423 5248 ἀνθρωπίνης
1470 5173 1703 5251 φύσεως,
1748 5169 1884 5226 ἔδω-

243 5272 385 5340 κενή
420 5269 532 5334 θεία
555 5269 740 5346 Γραφὴ
775 5267 938 5342 ὀλίγα
973 5266 1092 5320 τινὰ
1123 5264 1365 5341 ῥήματα,
1419 5262 1488 5317 δι’
1543 5259 1614 5316 ὧν
1670 5262 1698 5315 6
1757 5265 1882 5324 νοῦς

244 5359 296 5416 έν
355 5359 653 5416 ἀπολαύσει
721 5356 1005 5427 δυνήσεται
1061 5355 1326 5432 γενέσθαι,
1407 5353 1496 5408 καὶ
1572 5351 1884 5430 ἀφθέγκτως

326 5588 403 5660 (g)
435 5586 611 5643 Hebr.
645 5603 721 5654 ιν,
748 5587 833 5640 13.

529 5697 797 5758 Ρλτειοι.
846 5694 955 5756 Gn.
1002 5690 1208 5754 XCVI.

1993 4559 2125 4631 Ipse
2164 4559 2342 4632 igitur
2371 4559 2553 4614 Filius
2587 4559 2688 4614 Dei
2740 4559 2876 4615 talis
2925 4566 3260 4636 tantusque,
3305 4565 3473 4636 cujus
3530 4581 3642 4620 nec

1993 4663 2180 4702 mvum
2211 4663 2320 4702 nec
2369 4647 2842 4719 magnitudinem
2895 4649 3199 4721 assignare
3235 4651 3375 4707 licet
3405 4670 3418 4718 ;
3452 4668 3642 4721 quan-

1994 4735 2312 4806 doquidem
2345 4735 2546 4790 omnia
2576 4740 2791 4806 potest,
2826 4738 3020 4807 potuit
3040 4739 3218 4793 etiam
3264 4739 3437 4792 homo
3486 4739 3636 4795 ﬁeri.

1993 4825 2182 4894 Atque
2215 4825 2276 4878 in
2308 4825 2551 4878 veritate
2585 4825 2930 4880 incarnatus
2991 4833 3049 4880 et
3105 4827 3281 4880 homo
3321 4826 3511 4880 factus
3571 4844 3641 4881 ex

1993 4911 2215 4981 Spiritu
2247 4918 2450 4966 sancto
2483 4917 2542 4966 et
2584 4913 2764 4968 Maria
2799 4914 3055 4986 Virgine,
3089 4915 3395 4984 superiora
3423 4932 3642 4986 nequa-

1995 5014 2175 5068 quam
2233 4997 2516 5064 deseruit,
2565 5006 2623 5054 et
2682 5002 2743 5056 in
2809 5001 3190 5056 inferioribus
3259 5019 3395 5057 caro
3451 5004 3642 5060 factus

1995 5086 2280 5140 idemmet
2309 5091 2465 5142 totus
2499 5093 2607 5144 est.
2642 5091 2782 5154 Quis
2815 5106 2953 5160 ergo
2985 5089 3173 5160 possit
3204 5090 3399 5147 dicere
3429 5098 3488 5147 et
3523 5111 3642 5148 om-

1995 5175 2137 5230 nino
2168 5191 2444 5232 enarrare
2488 5178 2838 5249 mysterium
2861 5177 2889 5231 ?
2945 5177 3065 5232 Nisi
3120 5180 3279 5249 quod
3309 5198 3414 5252 pro
3448 5183 3644 5237 tenui-

1993 5268 2111 5319 tate
2133 5264 2409 5320 humanaa
2440 5271 2666 5320 naturai
2699 5265 3092 5336 suppeditavit
3113 5268 3314 5325 divina
3344 5272 3644 5343 Scriptura

1993 5369 2180 5425 pauca
2210 5353 2485 5425 quaadam
2514 5353 2713 5423 verba,
2744 5370 2852 5425 per
2891 5372 3021 5427 qua;
3053 5374 3223 5414 mens
3254 5359 3316 5415 in
3360 5361 3642 5415 fruitione
