1982 3072
210 117 219 141 l
226 115 278 142 355

204 177 312 203 versari
330 177 449 211 poterit,
466 185 499 204 ac
516 171 587 212 quin
604 180 702 204 tamen
729 176 903 211 mysterium
915 176 1021 204 edisse-

1085 174 1253 212 ἒκπΛαγῆναι
1291 174 1335 202 καὶ

209 229 273 248 rere
289 225 388 255 queat.
405 222 530 248 revereri
548 222 621 248 illud
637 225 666 248 et
681 221 814 249 adorare.

243 267 268 291 7.
287 266 377 292 Filius
393 274 459 301 ergo
478 266 524 292 Dei
543 267 592 300 qui
609 266 746 300 nuspiam
768 266 831 301 capi
847 268 953 301 potest,
981 266 1027 292 in-

207 318 325 344 gressus
337 312 381 337 est
396 313 527 337 sanctam
555 310 713 346 Virginem,
749 310 968 345 assumpsitque
994 317 1028 336 ex

208 358 314 382 natura
326 355 423 382 carnis
450 355 541 388 illius,
568 355 720 390 univitque
755 356 881 390 propria)
911 355 1028 382 deitatis

208 400 358 434 hypostasi
375 408 494 427 carnem
512 403 620 427 nostra)
637 400 932 430 consubstantialem.
962 399 1027 426 ani-

208 452 255 471 ma
270 447 299 470 et
313 445 426 471 ratione
448 445 611 479 prasditam,
628 453 686 479 qua
713 445 774 480 ipse
805 445 885 472 solus
911 445 1027 471 ratione

206 489 295 515 novit.
313 488 454 515 Praefatus
471 489 549 515 enim
561 497 636 520 sum,
654 489 733 523 quod
749 497 844 524 neque
857 497 1028 516 menscom-

207 532 390 568 prehendere
414 533 498 564 valet,
525 541 621 568 neque
637 534 732 560 oratio
757 541 903 568 exponere
921 535 1025 568 potest,

206 585 303 612 neque
317 577 405 603 debet
421 578 508 604 homo
525 577 734 612 pernaturales
744 578 1027 612 modosinvestigare

206 622 285 656 quod
301 622 468 657 investigari
496 622 666 657 inquirique
684 622 865 657 impossibile
883 626 936 649 est.
955 623 1027 649 Cum

205 667 294 701 igitur
310 666 451 693 univisset
473 666 528 693 sibi
558 668 708 701 acceptam
737 675 771 693 ex
800 666 851 693 illa
878 669 1026 698 naturam,

205 711 296 737 crevit
311 711 360 745 qui
377 719 508 737 crescere
539 714 643 738 nactus
672 719 731 738 non
748 714 792 738 est
811 711 863 738 Dei
879 711 968 738 Filius
995 711 1026 737 in

206 755 324 790 propria
336 763 424 782 carne
441 756 572 782 animata
587 756 687 782 anima
712 755 848 783 ratlonali
866 759 895 782 et
910 755 1026 782 intelle-

206 799 289 827 tuali.
306 800 361 826 Nec
377 802 475 826 tamen
495 800 634 827 amittens
646 800 724 835 quod
754 803 816 827 erat
844 800 894 827 Dei
924 800 1024 834 Filius,

206 844 299 872 factus
315 847 360 872 est
375 845 474 872 infans
490 845 520 872 in
532 848 616 872 utero
633 845 965 880 matris.Completaque
982 847 1027 872 est

206 890 299 916 unitio
316 889 463 916 indivulsa
487 893 515 917 et
530 890 687 917 inconfusa
703 889 864 917 divinitatis
881 890 970 917 simul
999 892 1027 916 et

207 934 410 965 humanitatis,
428 938 547 970 propter
563 943 652 969 quam
672 943 739 962 ecce
768 935 818 969 qui
834 935 1027 969 incorporeus

206 981 251 1004 est
267 981 295 1005 et
309 979 504 1015 intangibilis,
530 987 689 1014 corporeus
716 979 811 1006 factus
827 981 872 1006 est
888 979 1026 1014 tangique

206 1025 318 1057 potest:
336 1026 365 1050 et
381 1024 430 1058 qui
446 1026 513 1050 ante
530 1024 631 1050 omnia
656 1024 763 1051 saecula
779 1032 814 1050 ex
838 1024 923 1050 Patre
939 1026 1026 1050 natus

206 1070 259 1099 est,
278 1076 344 1094 ecce
360 1067 503 1094 idemmet
518 1068 607 1094 etiam
622 1076 657 1094 ex
681 1070 783 1095 sancta
812 1067 929 1102 Virgine
958 1075 1025 1094 caro

204 1112 298 1139 factus
310 1114 458 1139 nascitur:
475 1113 585 1147 quique
602 1120 618 1138 a
630 1115 753 1148 paterno
777 1113 845 1139 sinu
870 1120 1025 1147 nunquam

204 1157 335 1189 recessit,
359 1157 554 1191 universaque
585 1156 745 1184 divinitatis
774 1157 880 1183 virtute
896 1157 1026 1192 comple-

204 1200 336 1234 ctitur,et
351 1201 451 1228 omnia
466 1201 660 1236 omnipotenti
675 1201 701 1228 vi
717 1200 949 1237 continet,}idem
963 1201 1025 1236 ipse

203 1245 297 1272 factus
313 1246 401 1273 homo
418 1254 452 1272 ex
465 1248 567 1273 sancta
598 1246 713 1281 Virgine
742 1254 777 1272 ex
803 1254 896 1280 eaque
925 1249 1023 1279 natus,

198 1290 279 1325 jacet
294 1290 324 1316 in
336 1290 479 1325 praasepio
494 1290 678 1325 puer,fascils
691 1290 955 1323 involutus,sancta
963 1289 1023 1317 Vir-

202 1335 280 1370 gine,
290 1334 403 1369 virgine
414 1334 633 1361 manenteﬂmc
645 1334 726 1361 enim
733 1333 831 1361 divina
838 1335 1025 1366 sunt.Quem-

202 1379 361 1406 admodum
378 1387 506 1414 namque
521 1379 617 1406 unitio
639 1379 736 1406 carnis
752 1381 780 1406 et
795 1378 957 1406 divinitatis
968 1379 1024 1406 im-

202 1423 439 1458 pervestigahilis
456 1426 509 1453 est.
523 1424 563 1450 sic
593 1426 622 1450 et
637 1423 783 1451 nativitas.
802 1424 898 1450 Potuit
926 1423 1023 1458 siqui-

202 1467 269 1493 dem
287 1466 416 1493 divinum
435 1467 560 1493 Verbum
582 1466 660 1501 quod
676 1467 865 1501 omnipotens
890 1469 1023 1493 estvera-

202 1511 275 1538 citer
291 1511 439 1538 incarnari
457 1514 485 1537 et
500 1511 588 1538 homo
619 1511 681 1538 ﬁeri
711 1511 742 1538 in
772 1511 895 1538 Domina
910 1513 1022 1543 nostra,

201 1555 342 1590 nascique
355 1564 389 1582 ex
406 1555 467 1587 illa,
489 1564 522 1583 ac
537 1556 736 1591 virginitatem
752 1556 816 1591 ejus
832 1555 916 1590 quasi
926 1555 1022 1591 sigillo

203 1600 347 1627 munitam
364 1608 555 1633 conservare;
583 1608 641 1635 quo
670 1603 755 1635 pacto
784 1600 898 1627 scilicet
923 1599 1024 1635 januis

202 1645 289 1671 etiam
307 1644 415 1671 clausis
433 1645 515 1671 stetit
530 1645 560 1671 in
578 1644 674 1671 medio
690 1644 915 1679 discipulorum.

236 1690 262 1714 8.
293 1688 489 1720 Quamobrem
520 1691 621 1715 sancta
645 1691 674 1715 et
701 1688 863 1723 apostolica
891 1688 1024 1715 Ecclesia

201 1740 265 1767 qum
282 1735 351 1759 sunt
365 1732 465 1759 divina
481 1732 582 1758 omnia
606 1735 740 1767 prompte
766 1732 899 1767 suscipit,
922 1732 1023 1759 omnia

199 1776 337 1810 ﬁdeliter,
355 1777 455 1804 omnia
471 1776 618 1803 incuriose
629 1779 786 1804 veneratur
814 1778 843 1803 et
870 1776 973 1803 adorat
993 1778 1023 1803 et

199 1820 279 1847 colit.
308 1821 373 1856 Ipse
401 1830 468 1857 ergo
491 1821 541 1847 Dei
572 1820 662 1848 Filius
685 1821 761 1848 Deus
775 1828 871 1854 verus,
901 1823 1022 1856 propter

199 1867 331 1892 nostram
361 1865 487 1893 salutem
517 1873 591 1901 puer
624 1868 711 1892 natus
747 1873 880 1892 crescere
911 1865 1020 1892 dicitur

198 1909 318 1944 propria
331 1918 430 1941 carne,
460 1910 570 1936 nostris
596 1909 755 1944 inculpatis
781 1909 941 1944 assumptis
956 1917 1020 1944 pas-

199 1952 342 1986 sionibus,
364 1962 396 1980 ac
408 1955 541 1988 proﬁcere
555 1955 691 1987 sapientia
707 1956 789 1988 atque
813 1956 892 1980 aetate
905 1953 954 1988 (ὴ),
984 1961 1018 1980 eo

198 1997 277 2032 quod
301 1997 443 2032 paulatim
468 1998 571 2024 isthmc
599 1997 779 2031 ostenderet,
806 2004 864 2032 quo
894 1996 1018 2024 demon-

197 2045 303 2068 straret
317 2043 434 2077 proprie
451 2050 577 2076 vereque
593 2041 684 2068 fuisse
701 2041 948 2068 incarnationem.
963 2042 1018 2068 De-

195 2085 309 2120 fatigari
337 2087 425 2113 etiam
455 2087 574 2118 dicitur,
602 2087 724 2120 esurire,
770 2087 863 2120 sitire,
903 2089 932 2114 et
956 2095 1017 2114 cum

195 2130 349 2158 hominibus
365 2134 535 2158 conversatus
550 2131 634 2165 fuisse
649 2131 692 2166 (ἱ),
709 2132 818 2158 docens
848 2140 882 2158 ac
909 2131 1015 2158 illumi-

194 2183 263 2201 nans
278 2183 381 2202 onmem
394 2175 528 2202 hominem
542 2177 692 2203 venientem
720 2177 750 2203 in
778 2176 920 2203 mundum.
950 2176 1016 2211 Ipse

195 2220 273 2247 enim
290 2222 335 2246 est
348 2220 397 2247 Ius;
411 2229 475 2247 vera
490 2220 538 2255 (Β).

228 2265 252 2290 9.
267 2265 410 2292 Caeterum
423 2267 544 2300 propter
568 2265 746 2292 immensam
776 2273 859 2292 suam
882 2263 1014 2299 benigni—

193 2311 282 2335 tatem
294 2317 397 2344 passus
414 2317 531 2344 quoque
547 2312 592 2336 est
602 2317 690 2336 carne
706 2309 835 2344 propria.
853 2309 917 2343 Ipse
931 2308 1012 2335 enim

191 2353 333 2380 Dominus
349 2354 449 2389 gloria:
466 2355 585 2388 propter
601 2361 654 2380 nos
666 2353 823 2380 cruciﬁxus
833 2355 877 2379 est
887 2359 1012 2387 vereque

191 2405 305 2431 passus.
328 2397 439 2424 Patitur
456 2405 542 2432 porro
560 2405 618 2423 non
645 2397 806 2429 divinitate,
842 2397 893 2424 sed
923 2404 1011 2424 carne

190 2442 309 2476 propria
324 2441 562 2476 inseparabiliter
577 2441 634 2468 sibi
661 2442 801 2476 adaptala
829 2441 1010 2477 praeditaqu

189 2486 290 2512 anima
302 2486 439 2513 rationali
459 2495 464 2512 :
479 2486 605 2512 moritur
620 2488 731 2519 autem,
749 2490 884 2521 separata
912 2486 1011 2513 videli-

188 2533 234 2556 cet
250 2530 350 2556 anima
364 2538 380 2556 a
395 2539 527 2566 corpore.
544 2530 685 2557 Divinitas
714 2538 842 2565 namque
858 2531 1011 2566 insepara-

188 2573 255 2600 bilis
271 2577 299 2600 et
311 2574 465 2601 inconfusa
481 2576 647 2609 animmque
664 2574 748 2601 unita
765 2577 827 2601 erat
843 2577 929 2610 atque
944 2584 1010 2602 cor-

187 2617 260 2652 pori.
279 2617 437 2644 Descendit
461 2626 528 2653 ergo
557 2619 608 2646 Dei
639 2618 729 2645 Filius
756 2618 861 2653 spiritu
890 2627 943 2645 suo
972 2619 1009 2646 ad

185 2663 355 2687 sanctorum
384 2661 515 2695 spiritus,
545 2670 722 2697 rursumque
762 2662 900 2695 surrexit,
924 2662 1009 2690 unita

220 2769 256 2803 (ἢ)
273 2769 338 2796 Luc.
357 2777 386 2804 ιι,
399 2769 442 2795 52.
461 2767 493 2802 (ί)
511 2767 624 2794 Baruch
640 2777 678 2801 ni,
695 2769 738 2795 38.
760 2767 798 2804 (Ic)
811 2767 893 2795 Joan.
911 2777 930 2803 ι,
948 2770 974 2796 9.

239 2985 420 3049 ing

972 114 1152 142 ADDENDA.

1822 118 1875 146 1356

1392 178 1552 211 προσκυνεῖν
1601 176 1632 203 τὸ
1683 177 1751 204 θεῖον
1791 181 1872 214 μυστή-

1085 229 1154 256 ριον.

1119 265 1149 299 ζ’.
1165 265 1196 292 Ὀ
1212 265 1258 291 οὗν
1275 266 1336 295 Υἱὸς
1350 267 1398 292 τοῦ
1414 267 1480 292 Θεοῦ
1511 266 1524 292 ὁ
1552 266 1697 303 ἀχώρητος
1717 266 1828 301 εἶσῆλθεν
1848 268 1874 299 είς

1082 308 1131 342 τὴν
1145 309 1222 345 ἁγίαν
1240 310 1385 346 Παρθένον,
1407 310 1451 336 xui
1467 307 1615 337 ἐπελάϐετο
1632 310 1660 337 ἐκ
1672 314 1721 344 τῆς
1738 311 1829 349 φύσεως
1838 316 1873 346 τῆς

1083 353 1181 390 σαρκὸς
1193 353 1290 387 αὐτῆς,
1306 353 1350 380 καὶ
1366 354 1456 388 ἢνωσε
1468 355 1501 389 τῇ
1518 352 1573 389 ἰδίᾳ
1599 357 1650 388 τῆς
1678 354 1798 389 θεότητος
1824 356 1874 382 ὑπο-

1083 399 1172 424 στάσει
1188 397 1272 434 σάρκα
1283 398 1332 431 τήν
1347 398 1416 433 ἡμῖν
1432 398 1593 433 ὁμοούσιον,
1611 397 1734 435 ἔμψυχόν
1745 409 1772 425 τε
1797 399 1833 426 καὶ
1846 399 1873 426 ἔν-

1081 451 1155 476 νουν,
1174 442 1211 473 ὡς
1227 441 1306 472 αὐτὸς
1339 442 1420 477 μόνος
1450 441 1517 469 οἶδε.
1550 444 1680 478 ΙΙροεῖπον
1697 442 1745 480 γὰρ
1768 444 1804 470 ὅτι
1829 444 1874 470 οὗτε

1081 488 1141 516 νοῦς
1164 483 1361 513 καταλαϐέσθαι
1389 486 1490 523 ΐσχύει,
1519 486 1580 514 οὕτε
1609 485 1692 524 λόγος
1732 488 1873 524 παραστῆσαι

1082 528 1201 564 δύναται,
1219 530 1280 557 οὕτε
1295 529 1399 568 ὀφείλει
1415 530 1556 567 ἃνθρωπος
1586 531 1755 569 φυσιολογεῖν
1778 531 1805 558 τὸ
1819 531 1872 566 ἀνεξ-

1083 575 1219 611 ιχνίαστον
1248 575 1291 602 καὶ
1323 574 1526 612 ἀνεξερεύνητον
1552 577 1675 612 πρᾶγμα.
1707 576 1816 607 Ἑνώσας
1839 576 1872 602 οὖν

1082 619 1167 654 ἑαυτῷ
1181 620 1229 653 τήν
1256 619 1281 654 ἐξ
1309 618 1392 653 αὐτῆς
1418 619 1566 657 ληφθεῖσαν
1597 619 1686 656 φύσιν,
1702 620 1774 654 ηὕξει
1788 621 1799 646 ὁ
1814 619 1873 646 ἀναυ-

1081 663 1128 697 ξὴς
1145 664 1204 694 Υἱὸς
1219 665 1269 690 τοῦ
1285 665 1351 690 Θεοῦ
1366 665 1400 700 τῇ
1417 662 1473 698 ῗόίᾳ
1488 664 1578 701 σαρκὶ,
1607 663 1791 701 ἑμψυχωμένῃ
1816 664 1873 700 ψυχῇ

1080 707 1180 744 λογικῇ
1193 718 1222 734 τε
1235 707 1278 734 καὶ
1294 710 1384 744 νοερᾷ.
1402 708 1453 735 Καὶ
1471 708 1509 743 μή
1538 708 1650 744 τραπεὶς
1667 708 1680 735 ὁ
1694 708 1753 739 Υἱὸς
1769 710 1813 735 τοῦ
1825 710 1874 735 Θεοῦ

1081 752 1146 789 ὅπερ
1161 753 1205 786 ἦν,
1222 751 1324 789 ἐγένετο
1356 751 1454 789 βρέφος
1484 751 1509 778 ἐν
1539 754 1572 788 τῇ
1599 751 1693 787 κοιλίᾳ
1721 756 1767 787 τῆς
1782 752 1873 789 μητρός·

1081 797 1132 824 Καὶ
1160 795 1323 830 ἀπετελέσθη
1353 795 1450 827 ἕνωσις
1480 795 1632 833 ἀδιαίρετος
1661 798 1707 824 καὶ
1749 798 1874 834 ἀσόγχυτος

1081 841 1209 875 θεότητός
1223 851 1252 867 τε
1266 840 1310 868 καὶ
1326 840 1546 878 ἀνθρωπότητος·
1572 841 1617 868 καὶ
1635 841 1697 868 ἰδοὺ
1723 842 1735 868 ὁ
1757 842 1875 877 ἀσώματος

1080 885 1124 911 καὶ
1137 885 1319 924 ἀψηλάφητος
1336 885 1531 921 σεσωμάτωται
1546 886 1591 912 καὶ
1615 886 1780 924 ψηλαφᾶται*
1807 885 1843 912 καὶ
1864 885 1874 911 ὁ

1081 930 1133 965 πρὸ
1149 931 1254 957 πάντων
1270 932 1322 957 τῶν
1354 929 1459 956 αἰώνων
1489 929 1518 957 ἐκ
1542 932 1590 956 τοῦ
1619 930 1727 967 Ματρὸς
1750 929 1874 967 γεννηθεὶς,

1081 972 1140 1000 ἰδοὺ
1156 974 1235 1004 αὐτὸς
1250 974 1295 1001 καὶ
1317 973 1347 1001 ἐκ
1361 976 1410 1006 τῆς
1439 973 1516 1010 ἁγίας
1532 974 1668 1008 Παρθένου
1698 973 1874 1010 σεσαρκωμένος

1081 1020 1215 1055 γεννᾶται·
1232 1018 1302 1045 καὶὸ
1321 1018 1375 1045 τῶν
1391 1017 1502 1045 κόλπων
1518 1020 1572 1045 τῶν
1588 1021 1728 1055 πατρικῶν
1746 1019 1781 1054 μὴ
1807 1027 1874 1054 χωρι-

1081 1062 1163 1095 σθεὶς,
1188 1062 1233 1089 καὶ
1258 1063 1292 1089 τὰ
1315 1062 1456 1099 σύμπαντα
1481 1064 1515 1099 τῇ
1545 1061 1655 1099 ’δυνάμει
1697 1066 1746 1098 τῆς
1773 1062 1874 1097 θεότητος

1080 1107 1214 1143 συνέχων,
1229 1107 1274 1134 καί
1299 1107 1354 1134 τῶν
1369 1106 1474 1134 πάντων
1503 1108 1535 1143 τῇ
1564 1109 1799 1145 παντοκρατορικῇ
1813 1105 1873 1134 δυνά.-

1082 1160 1126 1186 μει
1140 1149 1397 1188 περιδραττόμενος,
1414 1151 1428 1177 ὁ
1444 1150 1525 1182 αὐτὸς
1555 1151 1766 1188 ἑνανθρωπήσας
1791 1151 1817 1178 ἐκ
1838 1154 1874 1184 τῆς

1079 1194 1155 1232 ἁγίας
1173 1193 1307 1232 Παρθένου
1322 1194 1366 1221 καὶ
1390 1195 1538 1232 γεννηθεὶς,
1565 1198 1653 1222 κεῖται
1679 1196 1705 1222 ἐν
1730 1196 1808 1233 eam“
1830 1205 1874 1221 παι-

1080 1237 1137 1265 δίον
1153 1238 1410 1276 ἐσπαργανωμὲνον,
1425 1242 1474 1274 τῆς
1496 1239 1572 1276 ἁγίας
1598 1240 1738 1277 Παρθένου
1768 1239 1873 1277 παρθένου

1081 1283 1220 1318 μεινάσης.
1237 1284 1276 1311 Τὰ
1303 1284 1353 1320 γὰρ
1385 1285 1443 1315 θεῖα
1471 1284 1582 1310 τοιαῦτά
1603 1283 1672 1312 ἐστι.
1689 1285 1785 1320 Ὥσπερ
1798 1285 1840 1320 γὰρ
1861 1283 1872 1316 ἧ

1079 1326 1175 1358 ἕνωσις
1185 1331 1237 1361 τῆς
1252 1327 1350 1365 σαρκὸς
1374 1327 1419 1354 καὶ
1448 1331 1499 1362 τῆς
1528 1329 1658 1363 θεότητος
1683 1329 1872 1365 ἆνεξερεύνητος,

1079 1371 1149 1398 οὕτω
1164 1372 1208 1399 καὶ
1225 1373 1242 1406 ἡ
1257 1372 1392 1409 γέννησις,
1411 1370 1543 1407 Ἐδυνήθη
1561 1373 1613 1409 γὰρ
1630 1373 1643 1399 ὁ
1676 1373 1746 1404 θεῖος
1770 1373 1842 1410 Δόγος
1863 1371 1872 1397 ὁ

1078 1415 1286 1452 παντοδύναμος
1300 1416 1369 1443 κατᾶ
1398 1415 1527 1451 ἀλήθειαν
1556 1418 1734 1453 σαρκωθῆναι
1760 1417 1800 1443 xui
1817 1416 1872 1443 ἐναν-

1078 1461 1221 1496 θρωπῆσαι
1235 1460 1261 1488 ἐν
1277 1462 1311 1497 τῇ
1326 1461 1470 1498 Δεσποίνῃ,
1483 1461 1527 1488 xui
1552 1462 1718 1498 γεννηθῆναὶ
1747 1462 1770 1497 ἐξ
1798 1461 1872 1494 αὐτῆς,

1078 1505 1122 1532 καὶ
1137 1506 1186 1540 τήν
1201 1506 1344 1542 παρθενίαν
1361 1506 1579 1544 ἐσφραγισμένην
1610 1505 1780 1543 διαφυλάξαι,
1804 1506 1872 1541 ὣσπερ

1038 1538 1059 1571 C
1078 1550 1125 1577 οὗν
1137 1538 1292 1586 ἀμέλει-καὶ
1306 1552 1360 1577 τῶν
1482 1538 1685 1587 κεκλεισμένων
1701 1538 1762 1586 ἔστη
1775 1538 1801 1578 ’ἐν

1075 1597 1128 1622 τῶν
1147 1597 1287 1631 μαθητῶν.

1110 1685 1145 1719 η’.
1164 1685 1212 1711 Διὰ
1234 1687 1315 1711 τοῦτο
1343 1686 1360 1719 ἡ
1391 1684 1453 1722 ἁγία
1479 1685 1524 1712 καὶ
1550 1685 1723 1720 ἀποστολική
1752 1682 1873 1718 Ἐκκλησία

1074 1738 1160 1756 παντα
1175 1729 1307 1759 εὐπειθῶς
1322 1729 1355 1756 τὰ
1383 1730 1440 1756 θεῖα
1468 1728 1645 1766 ἀποδέχεται,
1671 1730 1756 1758 πάντα
1782 1730 1874 1764 πιστῶς,

1074 1774 1161 1801 πάντα
1176 1773 1434 1812 ἀπολυπραγμόνως
1458 1773 1529 1802 σέϐει
1557 1775 1600 1803 καὶ
1626 1778 1772 1813 προσκυνεῖ
1791 1775 1827 1802 καὶ
1841 1784 1871 1800 τι-

1075 1820 1120 1853 μᾷ.
1139 1818 1224 1849 Αὐτὸς
1239 1817 1285 1845 οὖν
1302 1818 1316 1845 ὀ
1331 1819 1394 1849 Υἱὸς
1409 1821 1476 1846 Θεοῦ
1493 1820 1506 1846 ὂ
1530 1819 1662 1854 ἀληθινὸς
1692 1821 1766 1854 Θεὸς,
1782 1819 1820 1846 διὰ
1831 1819 1869 1851 τήν

1072 1863 1207 1900 ἡμετέραν
1222 1862 1357 1899 σωτηρίαν
1387 1862 1494 1890 παιδίον
1522 1864 1675 1901 γεννηθεὶς,
1705 1865 1785 1899 αὕξειν
1807 1863 1870 1898 λὲγε-

1069 1917 1113 1934 ται
1126 1909 1160 1944 τῇ
1177 1906 1234 1943 ῒδίᾳ
1247 1907 1337 1942 σαργὶ,
1349 1908 1383 1934 τὰ
1396 1907 1518 1945 ἡμέτερα
1539 1909 1727 1944 οἰκειούμενος
1742 1905 1870 1941 eadem

1070 1951 1154 1986 πάθη,
1183 1952 1227 1978 xui
1255 1951 1418 1989 προκόπτειν
1450 1952 1531 1991 σοφίᾳ
1569 1953 1613 1979 xui
1641 1952 1739 1989 ἡλικίᾳ
1770 1951 1809 1979 διὶ
1831 1952 1868 1984 τὴν

1069 1996 1137 2023 κατὰ
1153 1996 1235 2032 μέρος
1256 1995 1401 2031 ἀνάδειξιν,
1431 1997 1506 2028 ὃπως
1536 1996 1608 2034 δείξῃ
1629 1998 1731 2035 κυρίως
1753 1997 1793 2024 καὶ
1818 1994 1870 2022 κατὰ

1069 2040 1197 2075 ἂλήθειαν
1208 2041 1273 2068 εἶναι
1296 2041 1345 2074 τήν
1375 2040 1591 2079 ἐνανθρώπησιν.
1621 2043 1677 2070 Καὶ
1703 2045 1785 2077 κοπᾷν
1810 2040 1869 2076 λέγε-

1067 2095 1122 2119 τειι⁷
1138 2084 1183 2112 καὶ
1194 2086 1289 2119 πεινῆν
1304 2085 1348 2112 καὶ
1372 2083 1462 2122 διψῇν,
1486 2086 1531 2113 xxi
1560 2089 1618 2117 τοῖς
1647 2087 1799 2124 ἀνθρώποις
1819 2094 1867 2111 συν-

1068 2132 1280 2167 αναστραφῆναι,
1323 2128 1429 2164 διδάξαι
1477 2131 1522 2158 καὶ
1566 2131 1687 2169 φωτίσας
1725 2131 1804 2158 πάντα
1832 2128 1865 2155 ἂν·

1068 2174 1176 2210 θρωπον
1192 2171 1344 2210 ἐρχόμενον
1362 2174 1400 2205 εἷς
1432 2175 1478 2201 τὸν
1508 2175 1622 2211 κόσμον.
1638 2175 1727 2206 Αὐτὸς
1755 2176 1802 2212 γάρ
1824 2172 1863 2200 ἔπι

1029 2223 1053 2252 ι)
1066 2218 1098 2244 τὸ
1109 2220 1166 2255 φῶς
1179 2217 1210 2244 τὸ
1225 2217 1367 2251 ἀληθινόν.

1102 2262 1138 2289 θ’.
1154 2261 1258 2288 Λοιπὸν
1274 2260 1303 2288 δὲ
1325 2260 1369 2288 διὰ
1397 2262 1445 2297 τὴν
1472 2261 1587 2300 ἄμετρον
1618 2263 1700 2291 αὐτοῦ
1729 2262 1862 2300 φιλανθρω-

1066 2305 1128 2333 πίαν
1139 2306 1183 2332 καὶ
1199 2303 1280 2337 ἔπαθε
1294 2307 1328 2342 τῇ
1345 2304 1401 2341 ἰδίᾳ
1423 2307 1512 2343 σαρκί.
1543 2307 1628 2338 Αὐτὸς
1658 2307 1711 2345 γὰρ
1741 2307 1755 2334 ό
1782 2305 1861 2341 Κύριος

1066 2353 1115 2385 τῆς
1129 2348 1210 2385 δόξης
1222 2350 1286 2386 ὑπὲρ
1303 2351 1383 2386 ἡμῶν
1400 2350 1568 2389 ἐσταυρώθη,
1583 2352 1627 2379 καὶ
1649 2353 1749 2389 πάσχει
1765 2350 1860 2384 ἀληθῶς.

1068 2394 1169 2431 Πάσχει
1184 2395 1235 2431 γὰρ
1251 2395 1282 2421 οὑ
1295 2396 1328 2430 τῇ
1350 2392 1458 2429 θεότητι
1484 2395 1556 2423 ἀλλὰ
1580 2398 1613 2433 τῇ
1635 2395 1791 2434 ἀδιαιρέτως
1815 2403 1861 2420 συν-

1065 2439 1177 2476 αφθείσῃ
1194 2438 1267 2474 αὐτῷ
1285 2437 1342 2473 ἰδίᾳ
1357 2440 1435 2476 σαρκὶ
1462 2439 1663 2478 ὲμψυχωμὲνῃ,
1692 2441 1735 2468 καὶ
1766 2437 1861 2470 ἀποθνή-

1064 2493 1132 2517 σκει,
1148 2486 1197 2517 τῆς
1211 2482 1302 2519 φυλῆς
1320 2482 1448 2517 δηλονότι
1461 2485 1645 2521 χωρισθείσης
1673 2487 1722 2512 τοῦ
1747 2484 1859 2520 σώματος.

1063 2528 1095 2556 ἹΙ
1111 2527 1161 2564 γὰρ
1178 2526 1273 2561 θεότης
1291 2525 1445 2564 ἀδιαίρετος
1461 2529 1505 2556 καὶ
1521 2529 1675 2566 ἀσύγχυτος
1692 2530 1735 2557 καὶ
1756 2530 1787 2564 τῇ
1801 2525 1860 2563 ψυχῇ

1063 2571 1191 2607 ἡνωμένη
1208 2571 1241 2605 ἦν
1259 2572 1303 2598 καὶ
1318 2574 1356 2607 τῷ
1382 2573 1498 2608 σώματι.
1531 2574 1671 2608 Κατῆλθεν
1703 2573 1748 2601 οὖν
1774 2572 1787 2599 ὀ
1812 2570 1859 2598 Υἱὸς

1061 2618 1109 2643 τοῦ
1124 2617 1191 2643 Θεοῦ
1206 2616 1240 2651 τῇ
1256 2614 1312 2651 ἰδίᾳ
1327 2617 1404 2653 ψυχῇ
1432 2618 1499 2653 πρὸς
1524 2618 1573 2649 τὰς
1595 2620 1648 2645 τῶν
1669 2619 1751 2655 ἁγίων
1778 2614 1858 2652 ψυχάς,

1061 2660 1106 2688 xui
1121 2659 1203 2687 πάλιν
1220 2660 1328 2694 ἀνέστη,
1345 2664 1396 2696 τῆς
1411 2662 1503 2698 ψυχῆς
1525 2661 1669 2697 ἐνωθείσης
1698 2664 1736 2697 τῷ
1763 2659 1858 2694 σώματι.
