3964 6144
268 319 384 376 135³7

1451 318 1833 374 sumasne
1868 305 2423 373 IOONOCLASTAS.

3516 313 3653 369 1358

263 441 467 510 Ἀνέστη
528 440 620 494 οὗν
670 440 698 493 ὁ
745 439 908 500 αὐτὸς
971 441 1268 513 μονογενὴς
1325 442 1448 502 Υἱὸς
1505 443 1601 495 τοῦ
1657 442 1790 494 Θεοῦ
1818 440 1887 510 τῇ

2020 441 2235 511 :orpori
2266 443 2484 497 anima.
2517 441 2862 497 Resurrexit
2889 445 3088 498 autem
3117 439 3276 496 idem
3307 440 3648 512 unigenitus

265 527 359 599 ίδίᾳ
404 526 648 598 δυνάμει·
711 528 990 600 Ἐξουσίαν
1048 529 1153 602 γὰρ
1209 525 1348 602 ἔχω,
1410 529 1600 605 φησὶν,
1657 528 1758 594 τήν
1794 530 1894 598 ψυ-

267 620 357 692 χήν
409 637 512 688 μου
567 621 782 686 θεῖναι,
842 617 928 670 καὶ
991 614 1227 686 ἐξουσίαν
1288 616 1402 692 ἔχω
1460 617 1626 672 πάλιν
1705 610 1892 671 λαϐεῖν

270 706 415 773 αὐτὴν
427 750 440 764 ,

333 795 378 850 ι’.
430 794 688 854 ἈΛαστάς
743 791 919 847 τοίνυν
964 793 990 847 6
1022 793 1144 855 Υἱὸς
1203 798 1304 848 τοῦ
1364 798 1501 849 Θεοῦ
1559 792 1618 848 ἐκ
1668 812 1894 867 νεκρων.

271 887 328 956 τῇ
358 881 468 952 ἰδίᾳ
525 882 928 956 ἐνανθρωπήσει
987 881 1266 959 ἀνελήφθη
1327 883 1404 946 εἷς
1432 882 1557 946 τοὺς
1609 880 1895 954 οὐρανούς.

271 974 319 1025 Ὀ
366 973 426 1026 τὸ
483 974 609 1048 πρὶν
671 974 981 1044 ἀσώματος,
1042 977 1134 1026 νῦν
1173 974 1201 1026 6
1255 972 1412 1034 αὐτὸς
1464 971 1895 1046 σεσαρκωμὲνος⁶

272 1061 373 1116 ὁτὸ
402 1061 526 1134 πρὶν
589 1059 823 1128 ἁπλοῦς,
857 1065 949 1115 νῦν
981 1063 1008 1116 6
1038 1062 1200 1122 αὐτὸς
1255 1059 1528 1128 σύνθετος,
1571 1061 1700 1120 Θεὸς
1757 1059 1898 1130 ὁμοῦ

270 1149 343 1204 καὶ
389 1147 694 1222 ἅνθρωπος.
749 1149 912 1206 Μὲνει
969 1149 1068 1222 γὰρ
1127 1149 1179 1203 ἐν
1230 1150 1377 1222 αὐτῷ
1425 1150 1514 1203 καὶ
1543 1151 1576 1217 ἡ
1610 1147 1765 1224 φύσις
1796 1153 1897 1214 τῆς

269 1240 526 1308 θεότητος·
561 1240 653 1294 καὶ
685 1241 710 1293 ὁ
741 1240 801 1293 τὸ
833 1239 962 1313 πρὶν
1022 1237 1229 1300 ἁπλοῦς
1263 1237 1336 1293 ὢν
1385 1239 1475 1292 καὶ
1508 1240 1584 1298 εἷς
1611 1244 1712 1306 τῆς
1741 1236 1898 1308 ἁγίας

263 1324 500 1400 Τριάδος,
532 1328 622 1380 καί
663 1331 752 1381 νῦν
789 1328 816 1380 6
848 1326 1006 1388 αὐτὸς
1041 1327 1113 1387 εἶς
1167 1326 1276 1381 ἐστι
1333 1334 1433 1396 τῆς
1490 1325 1641 1399 ἁγίας
1668 1322 1898 1400 Τριάδος

264 1415 656 1490 σεσαρκωμὲνος
690 1461 702 1485 ,
764 1416 853 1470 καὶ
913 1413 1334 1487 ἐνανθρωπήσας
1371 1460 1381 1471 .
1443 1415 1541 1468 Καὶ
1610 1413 1741 1487 ὅπερ
1800 1411 1898 1466 ούκ

262 1501 513 1574 ἠδύναντο
544 1504 715 1558 πάσαι
747 1505 801 1556 αἱ
836 1503 1080 1579 ούρᾶνιαι
1140 1501 1395 1576 δύναμεις
1453 1505 1744 1575 θεωρῆσαγ
1777 1500 1898 1555 θεό-

264 1613 388 1661 τητα
416 1592 518 1667 γὰρ
571 1598 671 1660 τῆς
701 1599 1085 1664 προσκυνητῆς
1113 1589 1344 1664 Τριάδος
1403 1588 1535 1644 ἰδεῖν
1586 1587 1764 1650 οὐδεὶς
1804 1587 1898 1643 δύ-

264 1698 422 1736 ναταιο
454 1685 546 1733 νῦν
595 1681 686 1735 τὸν
743 1677 837 1735 ἕνα
892 1687 990 1748 τῆς
1037 1679 1188 1753 ἁγίας
1219 1677 1467 1754 Τριάδος,
1501 1679 1593 1732 τὸν
1629 1684 1894 1752 μονογενῆ

2005 530 2186 584 Filius
2222 532 2321 584 Dei
2353 532 2564 585 virtute
2595 531 2869 602 propria:
2905 533 3231 586 Potestatem
3272 533 3415 585 enim
3456 530 3647 597 habeo,

2006 620 2222 690 inquit,
2267 619 2512 674 animam
2552 637 2726 675 meam
2767 637 2993 690 ponere,
3027 627 3077 675 et
3103 626 3430 690 potestatem
3478 619 3647 673 habeo

2005 711 2204 764 iterum
2233 725 2442 764 sumere
2471 709 2628 764 illam
2648 710 2736 781 (1),

2078 799 2162 852 lO.
2207 798 2351 852 Cum
2400 798 2579 869 igitur
2631 798 2986 852 surrexisset
3033 797 3216 852 Filius
3243 797 3345 851 Dei
3377 813 3448 851 ex
3481 813 3649 851 mor-

2006 885 2142 949 tuis,
2182 887 2412 940 ratione
2469 903 2588 941 suaa
2639 885 3027 941 humanitatis
3068 890 3409 956 assumptus
3463 889 3552 940 est
3588 885 3650 939 in

2007 974 2204 1028 cmlos.
2237 976 2290 1027 Is
2321 991 2537 1045 nempe
2568 975 2667 1044 qui
2703 976 2867 1045 prius
2904 976 3456 1046 eratincorporeus,
3493 990 3650 1028 nunc

2007 1061 2164 1114 idem
2197 1063 2323 1132 ipse
2355 1079 2489 1117 caro
2530 1063 2739 1118 factus.
2776 1064 2881 1128 Qui
2942 1064 3105 1134 prius
3161 1063 3430 1133 simplex,
3491 1079 3651 1117 nunc

2007 1149 2162 1204 idem
2193 1151 2318 1222 ipse
2351 1153 2734 1222 compositus,
2760 1154 2914 1207 Deus
2946 1151 3123 1206 simul
3157 1156 3214 1205 et
3236 1153 3433 1206 homo.
3459 1153 3655 1206 Manet

2007 1237 2166 1292 enim
2197 1239 2257 1292 in
2296 1239 2399 1293 illo
2440 1243 2654 1294 natura
2701 1241 2878 1294 etiam
2934 1239 3258 1294 divinitatis
3294 1255 3307 1292 :
3358 1244 3416 1292 et
3469 1239 3520 1293 is
3552 1238 3653 1308 qui

2007 1325 2171 1396 prius
2194 1326 2445 1397 simplex
2487 1333 2613 1382 erat
2656 1343 2928 1398 unusque
2974 1327 3045 1382 de
3092 1331 3296 1382 sancta
3345 1327 3649 1393 Trinitate,

2004 1415 2372 1471 nuncetiam
2409 1415 2566 1470 idem
2626 1417 2750 1487 ipse
2804 1433 2957 1471 unus
3011 1416 3084 1470 de
3142 1419 3344 1470 sancta
3369 1415 3652 1470 Trinitate

2007 1508 2097 1558 est
2125 1503 2487 1571 incarnatus,
2513 1510 2571 1559 et
2600 1504 2789 1560 factus
2829 1505 3026 1560 homo.
3061 1504 3345 1574 Quodque
3396 1519 3515 1558 non
3546 1520 3652 1575 po-

2007 1596 2202 1646 terant
2236 1609 2444 1648 omnes
2475 1593 2743 1648 ccelestes
2774 1594 3020 1647 virtutes
3071 1592 3363 1662 speculari
3395 1610 3406 1659 ;
3445 1592 3655 1646 divini-

2007 1683 2188 1734 tatem
2220 1679 2377 1734 enim
2406 1680 2723 1736 adoranda;
2754 1681 3055 1735 Trinitatis
3085 1681 3281 1734 videre
3314 1697 3488 1734 nemo
3539 1697 3652 1751 po-

266 1770 375 1823 Υἱὸν
406 1772 502 1823 τοῦ
539 1773 671 1823 Θεοῦ
706 1766 965 1842 βλέπουσι
996 1769 1133 1822 κατὰ
1187 1769 1279 1822 τὸν
1333 1769 1649 1842 φαινόμενον
1682 1767 1892 1841 ἄνθρω-

2020 1773 2157 1834 test;
2191 1785 2349 1823 nunc
2380 1786 2564 1824 unum
2595 1769 2666 1824 de
2700 1774 2905 1824 sancta
2933 1769 3216 1824 Trinitate
3275 1769 3646 1841 unigenitum

268 1877 380 1924 πον,
410 1856 710 1917 ἐννοοῦντες
766 1857 828 1910 τὸ
858 1855 1222 1931 απερίγραφον
1278 1863 1379 1925 τῆς
1410 1856 1576 1910 αὐτοῦ
1621 1854 1900 1923 θεότητος.

267 1948 427 2000 Τοῦτο
481 1945 585 2018 γὰρ
645 1943 784 1998 ἐστιν
817 1944 844 1998 ὃ
876 1947 1021 1998 εἶπεν
1067 1945 1094 1997 ὁ
1126 1963 1387 2016 μακαριος
1440 1943 1674 2004 Ηαῦλος.
1724 1945 1899 2016 ’Ὡφθῃ

262 2032 521 2108 ἆγγὲλοις.
585 2028 964 2107 Πρρσελάϐετο
1020 2032 1198 2086 τοίνυν
1241 2032 1270 2086 ὃ
1301 2033 1403 2086 οὐκ
1460 2031 1597 2105 εἶχε,
1638 2031 1728 2086 καὶ
1762 2025 1897 2105 ἔχει,

263 2121 392 2197 λέγω
426 2118 494 2190 δὴ
527 2122 628 2190 τήν
659 2119 928 2195 ἡμετέραν
981 2122 1162 2196 φύσιν,
1221 2119 1296 2181 είς
1358 2120 1559 2182 αἰῶνας
1600 2124 1707 2173 τῶν
1765 2119 1900 2172 αἰώ-

259 2231 354 2264 νων
391 2256 403 2266 .
469 2209 567 2262 Καὶ
625 2207 791 2263 πάλιν
829 2228 841 2240 ·
919 2208 1256 2284 Ἐρχόμενον
1310 2211 1445 2279 μετά
1502 2205 1662 2276 δόξης
1720 2212 1903 2281 κρῖναι

262 2301 453 2366 ζῶντας
482 2297 571 2350 καὶ
617 2295 858 2370 νεκροὺς,
917 2293 1043 2364 ἤτοι
1104 2293 1344 2357 δικαίους
1393 2296 1482 2350 καὶ
1515 2293 1898 2370 ἁμαρτωλούς,

258 2386 386 2449 Τοὺς
451 2389 542 2458 μὲν
603 2390 804 2460 κρῖναι,
865 2386 978 2440 ἀντὶ
1022 2390 1118 2440 τοῦ
1162 2384 1468 2454 δικαιῶσαι,
1503 2383 1592 2440 διὰ
1643 2387 1712 2440 τὰ
1761 2383 1905 2439 καλά

258 2475 424 2530 αὐτῶν
483 2473 634 2550 ἔργα,
692 2475 820 2537 τοὺς
874 2473 930 2529 δὲ
987 2480 1304 2548 κατακρῖναι
1355 2472 1444 2528 διὰ
1497 2475 1598 2542 τὴν
1653 2473 1900 2528 ἀπιστίαν

264 2563 456 2632 αὐτῶν,
489 2565 578 2618 καὶ
607 2565 702 2625 τὰς
729 2565 828 2632 τῆς
856 2562 1045 2624 κακίας
1076 2561 1251 2616 αὐτῶν
1283 2561 1524 2637 πράξεις.

337 2831 418 2887 ια’.
455 2827 703 2884 Διδάσκει
735 2831 885 2901 ἡμᾶς
933 2828 994 2882 τὸ
1042 2825 1322 2901 σύμϐολον
1367 2827 1658 2883 πιστεύεινο
1693 2828 1791 2884 Καὶ
1826 2826 1902 2889 εἷς

268 2919 386 2992 μίαν
446 2918 598 2994 ἀγίαν
664 2915 964 2985 καθολικὴν
1021 2916 1110 2971 καὶ
1187 2915 1554 2984 ἀποπολικήν
1621 2920 1719 2970 τοῦ
1769 2920 1905 2970 Θεοῦ

270 3009 621 3078 Ἐκκλησίαν.
683 3007 762 3064 Οὐ
822 3004 1040 3060 δύναται
1089 3003 1386 3074 Ἐκκλησία
1425 3008 1460 3074 ἡ
1492 3003 1764 3073 καθολικὴ
1803 3005 1906 3076 μό-

259 3118 344 3152 νον
411 3099 676 3172 ὑπάρχειν
758 3093 1093 3165 ἀποστολική
1127 3140 1140 3152 .
1198 3097 1260 3151 ἸΙ
1313 3093 1414 3168 γὰρ
1490 3091 1904 3166 παντοδύναμος

259 3185 468 3258 ἐξουσία
525 3193 624 3255 τῆς
678 3185 940 3262 κεφαλῆς,
999 3187 1120 3254 ἣτις
1175 3183 1315 3238 ἐστίν
1351 3185 1659 3256 ὁΧριστὸς,
1714 3184 1904 3259 ἴσχυσε

255 3273 342 3328 διὰ
395 3277 502 3328 τῶν
558 3273 879 3328 ἀποστόλων
939 3275 1029 3328 τὸν
1104 3273 1344 3336 καθόλου
1415 3275 1621 3344 κόσμον
1685 3277 1900 3328 σῶσαι.

251 3363 437 3419 Ἔστιν
461 3360 552 3416 οὖν
582 3365 616 3431 ἡ
653 3362 775 3436 ἁγία
812 3366 908 3415 τοῦ
966 3365 1102 3416 Θεοῦ
1159 3359 1428 3431 καθολινή
1492 3360 1811 3432 Ἐκκλησία,
1841 3361 1905 3415 τὸ

253 3453 506 3523 σύστημα
549 3454 657 3505 τῶν
714 3451 804 3504 ἀπ’
861 3451 1054 3511 αἰῶνος
1112 3450 1280 3524 ἁγίων
1336 3449 1605 3524 Πατὲρων,
1639 3469 1904 3524 πατριαρ·

257 3545 398 3615 χῶν,
457 3544 754 3617 προφητῶν
813 3539 1132 3594 ἀποστόλων
1165 3583 1179 3608 ,
1231 3537 1645 3614 εύαγγελιστῶν,
1703 3537 1906 3612 μαρτύ-

261 3648 370 3701 ρων
428 3631 511 3689 οἷς
558 3629 852 3701 προσετέθη
914 3627 1267 3682 πιστεύσαντα
1339 3625 1688 3699 ὁμοθυμαδὸν
1733 3628 1906 3681 πάντα

259 3718 330 3771 τὰ
385 3711 533 3786 ἔθνη.
593 3718 890 3790 Ἐθεώρουν
950 3718 1051 3792 γὰρ
1106 3715 1189 3770 ὅτι
1221 3715 1504 3777 ἐκπαντὸς
1549 3719 1738 3790 γένους
1793 3720 1901 3770 τῶν

251 3806 360 3860 ὑπὸ
405 3810 510 3861 τῶν
572 3805 814 3878 οὐρανῶν
876 3807 964 3861 καὶ
1019 3807 1118 3874 τὴν
1179 3804 1346 3872 αὐτὴν
1404 3810 1511 3859 τῶν
1571 3807 1904 3878 Χριστιανῶν

248 3894 434 3950 πίστιν
467 3892 710 3969 ἔχουσιν.
757 3893 918 3951 Ἀνευ
975 3896 1074 3968 γὰρ
1125 3898 1221 3948 τοῦ
1281 3893 1438 3967 ἁγίου
1497 3894 1812 3966 Πνεύματος
1840 3894 1904 3948 ού

250 3981 479 4038 δύναται
511 3980 796 4054 πάνδημον
841 3982 930 4036 καὶ
967 3979 1386 4054 μυριόγλωσσον
1439 3982 1712 4054 ἄθροισμα
1743 3981 1818 4042 εἷς
1851 3975 1904 4034 ἕν

183 4087 186 4090 ’
240 4073 508 4148 φρόνημα
569 4074 670 4139 τῆς
722 4069 1099 4140 ἂληθεστάτης
1156 4069 1389 4133 πίστεως
1444 4069 1618 4124 ἐλθεῖν
1655 4113 1668 4126 .
1732 4068 1902 4124 Πάλιν

240 4161 348 4236 γὰρ
385 4162 548 4234 λέγω,
579 4160 664 4214 ὅτι
719 4158 990 4228 καθολική
1038 4160 1182 4233 παρά
1208 4159 1369 4213 τοῦτό
1403 4158 1512 4212 ἐστί
1543 4179 1600 4212 τε
1627 4159 1717 4213 καὶ
1750 4157 1906 4231 λὲγε-

240 4270 359 4319 ται,
393 4247 482 4304 διά
505 4251 566 4304 τὸ
596 4249 876 4305 ἀλλόκοτα
924 4249 1014 4304 καὶ
1053 4247 1369 4324 πολυσχιδῆ
1399 4250 1486 4303 καὶ
1542 4247 1700 4324 ἄγρια
1730 4248 1906 4316 πάσης

237 4345 351 4408 τῆς
409 4339 646 4412 ὑφηλίου
709 4337 1098 4414 μυριόγλωσσά
1124 4359 1182 4392 τε
1214 4338 1362 4406 ἔθνη,
1396 4336 1472 4399 εἷς
1535 4336 1660 4410 μίαν
1703 4333 1907 4411 ε’ίρηνιο

241 4428 351 4496 κήν
382 4428 471 4481 καὶ
505 4428 776 4503 σωτήριον
808 4425 986 4481 πίστιν
1017 4446 1077 4481 τε
1105 4426 1195 4481 καὶ
1227 4425 1550 4501 θεογνωσίαν
1579 4426 1735 4482 εἶναι.

329 4604 423 4677 ιβ’.
457 4603 790 4676 Πιστεύομεν
847 4609 1133 4679 τοῖγαροῦν
1180 4605 1256 4668 εἲς
1315 4604 1439 4678 μίαν
1495 4605 1647 4680 ἁγίαν
1680 4603 1908 4668 καθολι-

248 4693 362 4759 κήν
387 4693 477 4745 καὶ
532 4689 903 4761 ἀποπολικήν
963 4697 1058 4746 τοῦ
1117 4697 1254 4748 Θεοῦ
1312 4694 1623 4762 Ἑκκησίαν,
1655 4691 1706 4747 ἐν
1807 4713 1907 4765 μα-

254 4781 593 4850 θητευθῆναι
650 4780 706 4835 ἐν
753 4785 821 4853 τῇ
879 4782 1207 4854 κατηχήσει.
1269 4781 1370 4836 Καὶ
1426 4781 1764 4853 γινώσκομεν
1801 4787 1908 4834 Πα-

249 4869 392 4944 τὲρα
437 4870 530 4923 καὶ
584 4867 707 4923 Υὶὸν
737 4869 827 4923 καὶ
886 4870 1035 4943 ἅγιον
1098 4870 1340 4940 Πνεῦμα,
1396 4867 1486 4922 καὶ
1539 4869 1912 4943 βαπτιζόμεθα

249 4957 336 5019 εἰς
395 4958 457 5013 τὸ
519 4953 696 5029 ὄνομα
741 4961 838 5012 τοῦ
908 4957 1138 5031 Πατρὸς,
1179 4957 1270 5011 καὶ
1319 4961 1416 5011 τοῦ
1474 4957 1624 5026 Υἱοῦ,
1668 4959 1760 5010 καὶ
1814 4960 1910 5010 τοῦ

249 5045 419 5121 ἁγίου
481 5046 822 5118 Πνεύματος,
875 5047 962 5101 καὶ
1024 5040 1514 5118 μεταλαμϐάνομεν
1576 5048 1675 5099 τοῦ
1735 5063 1915 5114 σωτη-

252 5135 390 5210 ρίου
437 5137 692 5210 σώματος
745 5137 830 5190 καὶ
892 5134 1120 5206 α’ίματος
1170 5139 1267 5189 τοῦ
1315 5134 1444 5188 Υἱοῦ
1494 5137 1591 5188 τοῦ
1622 5138 1774 5203 Θεοῦ,
1819 5137 1915 5188 τοῦ

255 5226 339 5279 δι’
371 5228 522 5298 ἡμᾶς
561 5229 630 5297 τῇ
688 5229 785 5279 τοῦ
843 5225 1051 5300 Πατρὸς
1109 5221 1327 5294 εὐδοκία
1378 5223 1915 5298 ἐνανθρωπήσαντος,

245 5314 357 5369 καὶ
420 5313 752 5377 ἀπθανόντος
823 5313 952 5386 ὑπὲρ
1033 5315 1193 5386 ἡμῶν
1230 5355 1242 5369 .
1307 5309 1660 5366 Λιδάσκεσθαι
1723 5309 1914 5367 δὲκαὶ

251 5405 526 5480 πράττειν
553 5405 650 5466 τὰς
699 5402 845 5468 θείας
899 5401 1064 5459 αὐτοῦ
1118 5402 1208 5457 καὶ
1263 5400 1612 5478 εὒαγγελικάς
1665 5401 1919 5473 ἐντολὰς,

333 5624 402 5695 (ι)
432 5624 597 5679 Joan.
631 5640 686 5693 χ,
724 5623 808 5678 18.
851 5620 994 5693 (m)I
1026 5619 1172 5674 Tim.
1206 5631 1291 5686 tu,
1326 5619 1412 5673 16.

2012 1856 2226 1911 Filium
2249 1859 2350 1911 Dei
2373 1858 2940 1929 continenturjuxta
2958 1857 3302 1912 sensibilem
3328 1858 3656 1924 hominem,

2011 1945 2210 2000 animo
2242 1946 2633 2018 imaginantes
2675 1947 3250 2016 incircumscriptam
3283 1946 3410 2016 ejus
3442 1945 3657 1999 divini-

2011 2039 2213 2089 tatem.
2239 2036 2355 2090 Hoc
2383 2035 2528 2089 illud
2561 2040 2650 2090 est
2678 2035 2836 2105 quod
2862 2035 2942 2089 ait
2963 2035 3171 2088 beatus
3205 2034 3453 2088 Paulus:
3496 2035 3652 2087 Visus

2011 2129 2086 2177 est
2117 2124 2324 2191 angelis
2354 2123 2456 2194 (m)
2487 2125 2824 2194 Assumpsit
2862 2139 2997 2195 ergo
3039 2121 3198 2192 quod
3219 2138 3340 2176 non
3371 2122 3646 2186 habebat,

2012 2216 2070 2265 et
2103 2211 2300 2279 habet,
2333 2219 2618 2278 nostram,
2667 2215 2935 2283 inquam,
2988 2218 3283 2279 naturam,
3317 2213 3378 2266 in
3435 2211 3652 2266 saacula

2014 2300 2385 2355 saeculorum.
2415 2303 2786 2372 Rursmnque
2811 2319 2823 2356 :
2865 2303 3166 2356 Venturum
3197 2317 3320 2355 cum
3349 2303 3530 2369 gloria
3549 2301 3653 2369 ju-

2013 2387 2200 2442 dicare
2245 2391 2393 2443 vivos
2422 2396 2473 2444 et
2519 2396 2780 2456 mortuos,
2835 2390 2956 2444 sive
2979 2390 3175 2461 justos
3208 2394 3266 2444 et
3291 2394 3653 2461 peccatores.

2015 2479 2094 2531 Ac
2169 2477 2303 2531 illos
2377 2477 2618 2547 quidem
2686 2479 2964 2547 judicare,
3016 2479 3130 2533 hoc
3185 2483 3293 2547 est,
3343 2479 3658 2547 justiﬁcare

2012 2569 2254 2635 propter
2282 2564 2440 2618 bona
2484 2581 2688 2619 eorum
2719 2582 2918 2635 opera,
2947 2565 3054 2619 hos
3083 2583 3219 2620 vero
3261 2564 3658 2620 condemnare

2013 2658 2254 2723 propter
2301 2651 2715 2708 infidelitatem
2755 2653 3042 2724 ipsorum,
3079 2658 3137 2707 et
3185 2653 3487 2723 pravitatis
3538 2670 3658 2708 suas

2011 2740 2296 2796 facinora.

2087 2834 2170 2883 Η.
2205 2831 2383 2884 Docet
2411 2845 2521 2884 nos
2562 2830 2904 2901 Symbolum
2952 2828 3194 2885 credere
3223 2846 3235 2884 :
3270 2831 3333 2885 Et
3384 2830 3446 2885 in
3485 2845 3657 2885 unam

2011 2925 2256 2973 sanctam
2314 2919 2639 2974 catholicam
2696 2925 2859 2988 atque
2920 2920 3277 2989 apostolicam
3326 2919 3422 2974 Dei
3471 2920 3653 2975 Eccle-

2011 3006 2169 3062 siam.
2230 3009 2355 3062 Non
2404 3012 2597 3078 potest
2653 3007 2914 3062 Ecclesia
2972 3007 3263 3062 catholica
3299 3008 3491 3063 solum
3526 3024 3654 3063 esse

2014 3096 2350 3166 apostolica.
2389 3098 2776 3167 Omnipotens
2825 3097 2988 3150 enim
3032 3097 3116 3150 vis
3167 3097 3374 3167 captis,
3425 3098 3524 3168 qui
3567 3101 3656 3150 est

2015 3185 2303 3252 Christus,
2327 3186 2519 3257 potuit
2547 3201 2653 3256 per
2678 3185 2978 3256 apostolos
3004 3185 3291 3239 mundum
3313 3187 3653 3240 universum

2011 3275 2255 3330 salvare.
2289 3278 2390 3329 Est
2436 3291 2572 3346 ergo
2622 3281 2827 3329 sancta
2883 3275 2984 3328 Dei
3034 3275 3326 3330 catholica
3371 3274 3654 3337 Ecclesia.

2011 3369 2195 3418 castus
2227 3367 2568 3418 sanctorum
2617 3365 2858 3418 Patrum
2893 3364 2992 3434 qui
3026 3379 3059 3418 a
3088 3364 3304 3418 saaculo
3355 3369 3509 3428 sunt,
3555 3379 3659 3434 pa-

2013 3453 2436 3520 triarcharum,
2488 3454 2914 3523 prophetarum
2949 3495 2962 3519 ,
3017 3455 3442 3524 apostolorum,
3486 3469 3658 3507 evan-

2010 3541 2378 3612 gelistarum,
2412 3547 2760 3612 martyrum,
2796 3541 3012 3611 quibus
3062 3543 3305 3612 adjectaa
3339 3547 3476 3597 sunt
3518 3558 3660 3597 con-

2012 3631 2267 3685 ecrditer
2333 3630 2644 3684 credentes
2706 3635 2910 3701 gentes
2978 3631 3305 3686 universae.
3373 3630 3660 3685 Videbant

2012 3720 2174 3773 enim
2198 3719 2355 3789 quod
2385 3735 2455 3772 ex
2485 3719 2648 3772 omni
2675 3734 2889 3789 genere
2918 3719 3225 3773 hominum
3249 3720 3348 3789 qui
3373 3719 3479 3774 sub
3509 3719 3658 3774 caelo

2013 3812 2151 3861 sunt
2177 3805 2445 3860 eamdem
2479 3822 2611 3860 cum
2642 3805 2989 3860 Christianis
3022 3806 3200 3860 ﬁdem
3245 3806 3484 3861 habent.
3519 3805 3656 3860 Sine

2014 3900 2215 3950 sancto
2239 3894 2398 3948 enim
2419 3894 2638 3964 Spiritu
2671 3894 2880 3964 nequit
2907 3895 3259 3950 universalis
3283 3911 3350 3950 ac
3392 3895 3654 3949 inﬁnita-

2013 4000 2144 4038 rum
2184 3984 2520 4055 linguarum
2552 3983 2822 4038 collectio
2855 3984 2914 4037 in
2958 4000 3139 4038 unam
3171 3985 3527 4038 sententiam
3559 4000 3654 4038 ve-

2013 4073 2264 4127 rissimas
2292 4073 2430 4127 ﬁdei
2477 4073 2812 4126 convenire.
2870 4073 3091 4126 Iterum
3143 4073 3303 4127 enim
3335 4071 3487 4138 dico,
3521 4072 3653 4126 ideo

2014 4161 2366 4216 catholicam
2407 4177 2535 4215 esse
2587 4161 2994 4231 appelarique,
3039 4161 3196 4230 quod
3243 4165 3447 4232 gentes
3478 4160 3657 4215 dissi-

2015 4249 2403 4303 millimorum
2443 4264 2696 4314 morum,
2758 4247 3127 4303 multimodaa
3174 4253 3350 4318 atque
3399 4251 3658 4320 agrestes

2015 4338 2193 4392 totius
2221 4337 2400 4404 orbis,
2448 4336 2938 4407 inﬁnitarumque
2985 4337 3346 4410 linguarum,
3379 4337 3440 4392 in
3478 4352 3660 4392 unam

2014 4425 2322 4497 paciﬁcam
2341 4441 2408 4480 ac
2439 4425 2758 4481 salutarem
2782 4425 2961 4481 ﬁdem
2987 4431 3046 4480 et
3068 4427 3168 4481 Dei
3199 4426 3660 4498 cognitationem

1937 4498 1986 4560 Ῑ)
2015 4514 2370 4571 coalescant.

2089 4607 2175 4658 l2.
2208 4602 2516 4658 Credimus
2547 4603 2726 4675 igitur
2771 4603 2832 4658 in
2875 4619 3055 4659 unam
3097 4602 3362 4660 sanctam
3411 4602 3662 4658 catholi-

2017 4711 2146 4749 cam
2190 4699 2250 4749 et
2299 4693 2685 4764 apostolicam
2748 4693 2848 4748 Dei
2905 4693 3252 4759 Ecclesiam,
3297 4693 3358 4747 in
3393 4708 3510 4761 qua
3556 4701 3664 4761 per

2020 4783 2454 4839 institutionem
2478 4781 2802 4838 erudimur.
2835 4783 3254 4855 Cognoscimus
3285 4795 3520 4851 quoque
3552 4781 3661 4834 Pa-

2022 4879 2172 4926 trem
2219 4877 2280 4924 et
2324 4870 2536 4924 Filium
2568 4874 2625 4924 et
2654 4871 2935 4942 Spiritum
2986 4876 3277 4934 sanctum,
3309 4874 3368 4923 et
3396 4868 3660 4939 baptizaa

2024 4971 2158 5014 mur
2183 4960 2243 5013 in
2275 4959 2515 5012 nomine
2555 4958 2744 5013 Patris
2775 4965 2833 5014 et
2873 4959 3003 5014 Filii
3049 4965 3107 5013 et
3148 4957 3396 5030 Spiritus
3450 4958 3660 5027 sancti,

2026 5054 2201 5119 atque
2239 5049 2747 5104 communicamus
2804 5049 3066 5104 salvifico
3127 5049 3360 5119 corpori
3411 5052 3468 5103 et
3518 5063 3664 5103 san-

2027 5138 2189 5211 guini
2219 5137 2350 5191 Filii
2399 5137 2522 5206 Dei,
2583 5138 2685 5208 qui
2713 5144 2954 5208 propter
2992 5153 3101 5192 nos
3135 5154 3204 5192 ex
3249 5138 3439 5193 Patris
3485 5137 3666 5192 bene“

2028 5227 2240 5297 placito
2286 5225 2478 5280 factus
2535 5231 2625 5280 est
2671 5227 2872 5290 homo,
2919 5230 2978 5279 et
3030 5241 3136 5297 pro
3183 5226 3354 5281 nobis
3403 5231 3672 5280 mortuus

2031 5321 2138 5371 est.
2173 5316 2464 5370 Docemur
2487 5319 2684 5368 autem
2735 5314 2913 5368 etiam
2963 5314 3156 5370 facere
3215 5316 3411 5370 divina
3459 5315 3588 5384 ejus
3619 5317 3678 5366 et

1976 5423 1981 5428 ’
2032 5403 2367 5476 evangelica
2399 5401 2697 5468 mandata,
2730 5401 3042 5458 admittere
3067 5421 3302 5475 quoque
3348 5402 3677 5458 certissime
