3964 6144
355 286 498 341 1359

1890 280 2259 332 ADDENDA.

3626 292 3744 346 1360

356 412 639 467 divinitus
697 411 1015 482 inspiratas
1070 410 1401 480 Scripturas
1472 406 1695 461 Veteris
1752 403 2017 475 Novique

2134 401 2575 478 παραλαμϐάνειν
2604 431 2665 465 τε
2704 410 2963 485 ἀσφαλῶς
3005 412 3099 473 τὰς
3139 411 3521 475 θεοπνεύστους
3553 415 3738 487 Γραφὰς

356 502 739 565 Testamenti,
776 518 879 570 per
916 517 1063 570 quas
1116 500 1338 570 jugiter
1379 498 1440 552 in
1473 496 1586 551 [ide
1618 510 1883 550 crescere
1913 492 2012 546 bo-

358 607 554 660 naque
600 590 962 643 conscientia
1012 589 1061 641 is
1093 588 1305 660 dignus
1339 587 1423 649 ﬁt,
1472 586 1573 655 qui
1624 584 1884 639 studiose
1936 580 2010 636 ad

360 680 494 733 illas
551 679 749 733 animo
806 677 1103 732 incumbit
1159 693 1263 747 pro
1318 691 1425 730 sua
1477 674 1846 743 aliorumque
1888 670 2010 725 uti-

365 767 556 821 litate.

436 858 520 909 l3.
549 858 836 909 Cmterum
870 855 971 925 qui
1004 855 1129 910 haec
1164 853 1423 908 ﬁdeliter
1452 856 1732 921 recteque
1762 862 2014 919 perpen-

366 944 579 998 derant
628 945 813 999 sancti
863 946 1066 999 Patres
1117 942 1303 997 nostri
1344 958 1412 997 ac
1466 939 1774 1013 religionis
1826 935 2014 1008 magi-

363 1033 468 1087 stri
500 1033 830 1087 docuerunt
859 1049 969 1087 nos
1020 1047 1278 1102 quonam
1333 1028 1507 1084 modo
1559 1028 1882 1082 debeamus
1915 1039 2014 1078 co-

361 1120 482 1174 lere
516 1125 573 1173 et
601 1120 867 1174 venerari
905 1118 1191 1173 salutaria
1242 1116 1378 1171 fidei
1429 1114 1715 1186 symbola.
1767 1114 2015 1167 Crucem

362 1209 638 1263 videlicet
666 1209 903 1273 Christi,
941 1212 1254 1278 propterea
1298 1204 1458 1276 quod
1512 1205 1573 1258 in
1612 1202 1717 1258 illa
1747 1200 2017 1257 confixus

368 1298 545 1352 fuerit
574 1297 755 1352 clavis
785 1296 1065 1361 Salvator,
1103 1300 1388 1365 tanquam
1420 1293 1517 1363 qui
1570 1309 1674 1363 per
1726 1290 1890 1345 illam
1923 1303 2018 1342 re—

2117 499 2217 561 τῆς
2249 495 2494 558 Παλαιᾶς
2544 499 2633 552 καὶ
2673 507 2774 569 τῆς
2834 504 3038 569 Καινῆς
3095 502 3385 569 Διαθήκης,
3421 498 3492 554 δι’
3550 501 3621 554 ὧν
3672 503 3736 555 ἀει

2120 578 2293 652 αὔξειν
2326 584 2401 647 εἲς
2435 586 2610 641 πίστιν
2661 589 2750 643 καὶ
2801 589 3007 664 ἀγαθὴν
3061 586 3392 659 συνείδησιν,
3426 591 3455 642 6
3494 588 3739 661 ἐπιμελῶς

2119 678 2409 748 προσὲχων
2464 675 2650 739 αὐταῖς
2708 681 3052 751 καταξιοῦται
3112 678 3250 754 πρός
3315 699 3372 732 τε
3431 679 3619 732 ἑαυτοῦ
3666 679 3739 732 καὶ

2121 756 2307 815 ἄλλων
2341 761 2636 841 ὠφέλειαν.

2196 852 2259 926 ιγ’
2316 854 2518 907 Λοιπὸν
2576 859 2743 910 ταῦτα
2797 856 2851 910 οἱ
2902 876 3109 918 πιστως
3163 855 3253 911 καὶ
3313 855 3488 931 ὀρθῶς
3546 855 3738 929 ἐρευνή-

2124 958 2304 1003 σαντες
2336 941 2390 996 οἱ
2421 942 2568 1016 ἅγιοι
2607 946 2767 1016 ἡμῶν
2803 945 3035 1019 Πατὲρες
3084 946 3172 999 καὶ
3225 947 3325 1015 τῆς
3374 939 3638 1007 εὐσεϐείας
3675 941 3738 996 δι-

2124 1024 2404 1097 δάσκαλοι,
2455 1028 2700 1102 ἐδίδαξαν
2734 1034 2882 1106 ἡμᾶς
2914 1032 3057 1106 ποίῳ
3086 1034 3276 1108 τρόπῳ
3330 1031 3623 1109 ὀφείλομεν
3667 1030 3739 1085 σί-

2124 1111 2236 1170 6ειν
2266 1117 2355 1172 καὶ
2413 1125 2734 1192 προσκυνεῖν
2787 1120 2857 1176 τὰ
2913 1123 3159 1196 σωτήρια
3211 1116 3469 1194 σύμϐολα
3524 1127 3618 1189 τῆς
3665 1119 3741 1172 πί⁶

2126 1224 2312 1271 στεως,
2350 1208 2458 1263 Τὸν
2520 1208 2746 1282 σταυρὸν
2801 1213 2898 1264 τοῦ
2958 1212 3220 1284 Χριστοῦ,
3276 1208 3366 1264 διὰ
3420 1210 3512 1263 τὸν
3543 1207 3594 1263 ἐν
3623 1207 3741 1277 αύτῷ

2125 1293 2555 1368 προσηλωθὲντα
2604 1303 2858 1373 Σωτῆρα,
2892 1298 2966 1360 ὡς
3011 1295 3079 1353 δι’
3122 1298 3285 1353 αὐτοῦ
3316 1300 3456 1370 ⁴ἡμῖν
3506 1297 3741 1371 λύτρωσιν

369 1387 774 1456 demptionem
823 1385 996 1439 nobis
1048 1384 1304 1456 gratiose
1359 1382 1697 1447 indulserit,
1734 1385 1792 1433 et
1835 1395 1870 1433 a
1899 1392 2018 1431 ma-

2134 1402 2520 1457 χαρισαμενου,
2549 1387 2637 1440 καὶ
2667 1393 2770 1456 τῆς
2804 1385 2862 1442 ἑκ
2915 1391 3013 1442 τοῦ
3072 1387 3237 1458 ξύλου
3293 1389 3533 1459 κατάρας
3562 1383 3743 1449 ἐλευθε-

374 1475 690 1531 ledictione
723 1492 853 1545 qum
887 1491 954 1529 ex
1006 1474 1167 1546 ligno
1223 1473 1353 1535 fuit,
1388 1471 1743 1526 liberaverit.
1796 1468 2019 1531 Altare,

374 1570 657 1634 tanquam
681 1563 1057 1617 Dominicum
1076 1562 1649 1631 immaculatumque
1672 1572 2023 1615 monumen-

376 1658 520 1707 tum.
573 1652 979 1716 Oblationem,
1028 1657 1312 1722 tanquam
1364 1667 1579 1722 corpus
1629 1648 1862 1703 Domini
1913 1661 2019 1700 no-

376 1742 479 1795 stri
507 1746 649 1795 Jesu
678 1741 917 1807 Christi,
954 1741 1071 1795 veri
1113 1741 1211 1794 Dei
1246 1745 1306 1795 et
1334 1739 1649 1794 Salvatoris
1683 1738 2020 1792 animarum
2053 1769 2099 1834 Β

374 1835 733 1886 nostrarum.
761 1831 1073 1902 Evangelia
1097 1846 1252 1896 vero,
1279 1834 1563 1899 tanquam
1597 1844 1727 1897 qua:
1758 1826 1829 1881 ab
1860 1825 2022 1896 ipso-

375 1925 499 1974 met
529 1920 645 1973 Deo
681 1919 866 1974 Verbo
905 1918 1287 1990 pronuntiata
1325 1917 1547 1972 fuerint
1593 1922 1652 1971 et
1693 1913 2031 1971 actionibus

376 2011 653 2066 exercita.
687 2011 980 2083 Imagines
1029 2015 1227 2064 autem
1286 2008 1446 2079 quod
1502 2008 1748 2072 attinet;
1798 2004 2030 2076 quoties

380 2115 510 2153 eam
543 2115 673 2169 qum
706 2104 795 2153 est
829 2099 1059 2153 Domini
1093 2099 1281 2152 nostri
1330 2098 1467 2151 Jesu
1498 2094 1713 2150 Christi
1763 2094 2031 2149 intacta:-

382 2204 497 2258 que
537 2204 604 2242 ac
642 2186 1210 2242 immaculatissimaa
1256 2186 1384 2256 ejus
1433 2182 1748 2257 genetricis
1798 2187 1858 2237 et
1903 2180 2031 2235 dei-

383 2292 541 2347 parae
572 2277 765 2330 Marias
789 2275 1047 2339 intueor,
1071 2274 1271 2328 statim
1316 2277 1494 2343 atque
1539 2272 1701 2327 illico
1759 2287 1866 2342 per
1895 2268 2031 2325 illas

387 2370 647 2419 mentem
675 2364 833 2435 erigo
862 2363 935 2418 ad
967 2368 1292 2417 extremam
1325 2361 1453 2432 ejus
1484 2366 1725 2432 propter
1753 2376 1863 2414 nos
1893 2374 2034 2430 pau-

386 2457 677 2526 pertatem
708 2469 776 2507 ac
820 2452 1285 2515 demissionem;
1337 2448 1635 2520 siquidem
1686 2465 1819 2504 cum
1876 2448 2031 2503 Deus

386 2547 542 2598 esset
570 2542 821 2596 formam
879 2541 1028 2595 servi
1092 2539 1340 2611 accepit,
1399 2554 1687 2609 suamque
1749 2536 2031 2594 ancillam

386 2634 626 2686 Matrem
665 2631 881 2698 effecit,
938 2634 1118 2700 atque
1176 2629 1249 2683 ab
1310 2627 1414 2683 illa
1470 2628 1689 2699 quippe
1746 2624 2032 2698 puerulus

384 2720 781 2792 bajulabatur,
816 2736 882 2774 ac
913 2736 983 2773 ex
1014 2718 1291 2790 virgineis
1322 2716 1600 2771 mammis
1630 2715 1720 2770 lac
1766 2713 2030 2787 sugebat.

385 2810 530 2864 Cum
597 2809 776 2880 igitur
831 2806 1131 2862 sensibilis
1184 2806 1391 2861 oculus
1441 2805 1761 2877 imaginem
1804 2803 2033 2857 intente

386 2898 651 2968 respicit,
684 2895 1153 2950 intellectualem
1204 2895 1398 2950 cordis
1448 2892 1688 2949 oculum
1719 2893 1781 2947 in
1812 2896 2034 2963 myste-

389 2986 545 3041 rium
577 2987 895 3041 incarnataa
928 2983 1393 3055 dispensationis
1418 2998 1659 3051 exacuo,
1692 2987 1868 3052 atque
1898 2995 2033 3052 gra-

389 3075 767 3130 vissimorum
819 3073 1261 3142 multorumque
1320 3077 1696 3143 peccatorum
1762 3084 2031 3124 meorum

378 3166 611 3220 veniam
642 3162 930 3234 deprecor
952 3178 987 3216 a
1015 3161 1279 3216 bonitate
1319 3166 1377 3215 et
1405 3158 1815 3216 misericordia
1842 3157 2029 3225 illius,

380 3254 625 3310 dicens:
670 3254 862 3310 Gloria
920 3253 1038 3319 tibi,
1091 3254 1268 3306 Deus:
1328 3251 1586 3306 Salvator
1638 3252 1736 3317 mi,
1776 3250 2032 3303 miserere

2129 1471 2422 1545 ρώσαντος.
2454 1474 2525 1528 Τὸ
2584 1471 2643 1529 δὲ
2700 1478 3109 1552 θυσιαστήριον,
3172 1477 3247 1538 ὡς
3277 1476 3341 1531 τὸ
3371 1474 3620 1549 κυριακὸν
3666 1475 3740 1527 καὶ

2127 1557 2398 1636 ἄχραντον
2433 1569 2645 1637 μνῆμα.
2677 1565 2785 1633 Τὴν
2818 1561 2875 1619 δὲ
2905 1566 3216 1642 προσφορὰν
3243 1609 3257 1634 ,
3292 1564 3368 1626 ὡς
3397 1565 3461 1618 τὸ
3494 1568 3642 1635 σῶμα
3666 1565 3741 1617 τοῦ

2136 1648 2332 1721 Κυρίου
2389 1652 2554 1724 ἡμῶν
2613 1653 2794 1721 Ἰησοῦ
2850 1656 3109 1728 Χριστοῦ,
3159 1658 3259 1709 τοῦ
3318 1651 3583 1721 ἀληθινοῦ
3634 1647 3743 1705 Θεοῦ

2128 1739 2218 1792 καὶ
2249 1737 2506 1811 Σωτῆρος
2552 1744 2661 1795 τῶν
2711 1741 2993 1815 ἡμετέρων
3044 1745 3262 1818 ψυχῶν.
3296 1742 3383 1798 Τὰ
3434 1737 3493 1795 δὲ
3538 1738 3740 1813 Εὐαγγέ-

2131 1825 2250 1899 λια,
2281 1826 2357 1889 ὡς
2416 1828 2506 1882 ὑπ’
2549 1829 2717 1885 αὐτοῦ
2771 1835 2869 1884 τοῦ
2922 1835 3056 1885 Θεοῦ
3114 1830 3292 1906 Λόγου
3354 1826 3651 1899 λαληθὲντα
3673 1828 3744 1881 καὶ

2130 1918 2464 1992 πραχθέντα.
2523 1918 2633 1982 Τὰς
2689 1916 2746 1974 δὶ
2812 1918 3049 1988 εἰκόνας,
3107 1921 3210 1988 τὴν
3271 1919 3369 1992 μὲν
3428 1922 3526 1974 τοῦ
3581 1916 3743 1989 Κυρίου

2130 2007 2292 2078 ἡμῶν
2339 2007 2521 2077 Ἰησοῦ
2572 2012 2810 2072 Χριστοῦ
2862 2009 2953 2063 καὶ
3008 2010 3108 2077 τῆς
3163 2007 3446 2083 ἀχράντου
3497 2007 3581 2061 καὶ
3634 2026 3742 2059 παν-

2131 2092 2369 2148 ασπίλου
2426 2094 2590 2150 αὐτοῦ
2650 2096 2860 2170 μητρὸς
2899 2096 2991 2151 καὶ
3048 2097 3319 2151 Θεοτόκου
3379 2096 3590 2171 Μαρίας
3641 2092 3739 2147 ὅταν

2133 2180 2255 2250 ἴδω,
2295 2182 2490 2247 εὐθέως
2530 2184 2620 2240 καὶ
2678 2185 2803 2258 παρ’
2843 2183 2978 2239 αύτά
3026 2184 3117 2240 τὸν
3148 2188 3275 2239 νοῦν
3337 2181 3518 2258 ἀνᾶγω
3571 2182 3638 2245 είς
3660 2182 3737 2249 τήν

2133 2272 2298 2347 ἄκραν
2338 2272 2504 2328 αὐτοῦ
2554 2273 2690 2347 πρὸς
2745 2275 2894 2347 ἡμᾶς
2946 2274 3229 2349 πτωχείαν
3280 2274 3372 2328 καὶ
3435 2264 3737 2347 συγκατάῦα·

2134 2382 2238 2429 σιν,
2269 2364 2351 2417 δτι
2383 2365 2511 2426 Θεὸς
2558 2361 2632 2419 ὢν
2695 2366 2910 2443 μορφὴν
2961 2362 3164 2421 δούλου
3222 2360 3414 2433 ἔλαϐε,
3444 2385 3533 2419 και
3559 2362 3646 2430 τήν
3673 2360 3734 2414 οἱ⁴

2133 2451 2279 2506 κείαν
2336 2449 2540 2523 δούλην
2604 2454 2813 2528 μητέρα
2869 2452 3126 2524 ἐποίησε,
3183 2454 3274 2508 καὶ
3336 2455 3427 2508 ὑπ’
3481 2450 3635 2520 αὐτῆς
3682 2448 3737 2506 ὡς

2134 2541 2329 2608 νήπιος
2359 2537 2701 2611 ἐϐαστάζετο,
2748 2541 2839 2596 καὶ
2897 2539 2958 2597 ἐκ
2998 2545 3339 2616 παρθενικῶν
3396 2544 3576 2614 μαζῶν
3624 2534 3736 2611 γάλα

2134 2626 2387 2698 ἐθήλασε·
2437 2629 2527 2683 καὶ
2584 2627 2780 2685 λοιπὸν
2837 2632 2900 2685 τὸ
2957 2629 3213 2701 αἰσθητόν
3273 2628 3436 2703 ὅμμα
3492 2628 3618 2702 πρὸς
3659 2625 3733 2691 τήν

2135 2716 2316 2771 εἰκόνα
2363 2718 2566 2781 ἀτεκῶς
2606 2714 2845 2793 βλέπων,
2875 2718 2939 2773 τὸ
2990 2719 3188 2787 νοητὸν
3217 2725 3318 2787 τῆς
3374 2713 3591 2792 καρδίας
3617 2708 3737 2786 ὄμμα

2135 2803 2228 2857 σὺν
2267 2808 2347 2877 τῷ
2374 2808 2454 2878 νῷ
2481 2804 2556 2867 εἷς
2584 2806 2648 2860 τὸ
2688 2809 2986 2881 μυστήριον
3017 2813 3116 2875 τῆς
3164 2805 3428 2879 ἐνσάρκου
3466 2799 3735 2872 οἰκονομίας

2135 2892 2424 2963 ἀκοντίζω,
2467 2894 2557 2949 καὶ
2614 2894 2738 2968 περὶ
2793 2900 2901 2951 τῶν
2962 2895 3362 2970 ἀσυγγνώστων
3420 2893 3507 2949 καὶ
3552 2889 3734 2947 πολλῶν

2140 3002 2247 3054 μου
2302 2983 2711 3056 ἁμαρτημάτων
2773 2980 2966 3057 δέομαι
3030 2985 3128 3052 τήν
3189 2983 3501 3058 ἀγαθότητα
3551 2979 3631 3035 καὶ
3670 2976 3734 3031 εὖ·

2140 3070 2483 3145 σπλαγγνίαν
2517 3070 2702 3141 αὐτοῦ,
2764 3071 2959 3147 λέγων·
3023 3073 3163 3144 Δόξα
3221 3094 3329 3143 σοι,
3365 3074 3393 3127 6
3420 3073 3565 3133 Θειῖς’
3595 3069 3732 3123 621w-

2139 3161 2243 3228 τήρ
2288 3181 2414 3233 μου,
2465 3159 2688 3231 ἐλέησόν
2753 3182 2825 3234 μο
2870 3161 2961 3216 τὸν
3019 3159 3353 3236 ἁμαρτωλὸν
3419 3159 3507 3215 καὶ
3551 3154 3731 3232 συγχώ-

2140 3269 2306 3323 ρησον
2333 3250 2428 3311 τᾶς
2471 3246 2687 3312 πολλὰς
2724 3270 2829 3323 μου
2882 3251 3173 3326 ἁμαρτίας,
3224 3250 3252 3304 6
3298 3246 3373 3305 δι’
3421 3249 3515 3323 in}
3553 3246 3608 3302 τὸ
3645 3240 3731 3299 κατ’

380 3346 485 3397 mei
510 3345 839 3413 peccatoris,
898 3346 950 3395 et
998 3340 1226 3409 indulge
1281 3340 1460 3393 multa
1509 3344 1736 3409 peccata
1785 3353 1904 3392 mea
1932 3339 2032 3406 qui

366 3448 478 3501 pro
507 3448 590 3485 me
636 3436 896 3485 naturam
943 3445 1118 3484 meam
1156 3429 1415 3498 portasti,
1449 3443 1560 3481 uno
1609 3426 1887 3482 duntaxat
1936 3441 2028 3481 ea:-

375 3527 531 3591 cepto
557 3524 806 3589 peccato.

439 3610 522 3665 14.
556 3608 797 3674 Quoties
828 3623 964 3663 vero
1010 3604 1276 3677 Deiparaa
1328 3603 1581 3677 Virginis
1632 3602 1825 3659 Marias
1872 3602 2025 3657 ima-

370 3699 568 3771 ginem
598 3696 992 3767 contemplor,
1027 3694 1227 3749 statim
1286 3692 1416 3747 dico
1449 3710 1461 3747 :
1507 3690 1880 3748 Immaculata
1925 3692 2024 3747 Dei

374 3789 642 3857 genitrix,
699 3789 877 3841 Mater
929 3784 1130 3838 Christi
1178 3783 1292 3848 Dei,
1345 3798 1445 3836 ora
1501 3782 1702 3836 Filium
1760 3787 1916 3836 tuum
1956 3798 2022 3837 ac

367 3877 539 3929 Deum
566 3889 760 3937 meum,
794 3878 855 3926 ut
894 3873 1220 3926 misereatur
1266 3872 1373 3924 mei
1419 3885 1519 3923 sua
1551 3869 1795 3923 bonitate
1844 3875 1896 3923 et
1920 3872 2024 3924 mi-

364 3962 682 4019 sericordia.
738 3961 970 4017 Multum
1036 3962 1181 4013 enim
1232 3959 1378 4013 valet
1431 3958 1763 4027 supplicatio
1821 3956 2018 4012 Matris

2139 3336 2237 3411 ἰμὶ
2262 3336 2512 3415 φορέσας,
2546 3336 2681 3414 δίχα
2712 3339 2883 3412 μόνης
2905 3345 3006 3408 τῆς
3037 3338 3328 3415 ἁμαρτίας.

2207 3601 2291 3661 ιδ’.
2322 3607 2487 3663 Ὅταν
2523 3603 2580 3661 δὲ
2606 3611 2706 3675 τῆς
2743 3604 3012 3662 Θεοτύκου
3071 3608 3350 3684 Παρθένου
3410 3606 3607 3682 Μαρίας
3650 3600 3729 3666 τήν

2131 3692 2313 3748 εἰκόνα
2370 3693 2691 3767 θεάσωμαι,
2747 3694 2949 3759 εύθὲως
3000 3695 3165 3773 λέγω·
3229 3702 3474 3772 Αχραντε
3525 3690 3723 3754 Θεοτόκει

2129 3787 2314 3857 Μῆτερ
2370 3787 2603 3857 Χριστοῦ
2657 3787 2754 3838 τοῦ
2812 3787 2981 3853 Θεοῦ,
3040 3779 3304 3860 πρὲσϐευε
3359 3786 3451 3840 τὸν
3506 3782 3611 3836 ι”ίόν
3653 3796 3725 3831 σου

2127 3869 2216 3925 καὶ
2266 3870 2394 3925 Θεόν
2452 3892 2578 3944 μου,
2648 3870 2799 3933 ὅπως
2858 3871 3060 3948 ἐλεήσῃ
3124 3893 3191 3946 με
3247 3874 3319 3945 τῇ
3371 3872 3527 3930 αὐτοῦ
3566 3860 3721 3942 ἀγαθό-

367 4054 442 4107 ad
466 4051 822 4106 obtinendam
880 4046 1281 4117 benignitatem
1335 4045 1571 4100 Domini.
1622 4048 1699 4100 Ne
1752 4045 2019 4115 despicias

362 4142 715 4213 peccantium
763 4154 971 4209 preces,
1007 4153 1037 4192 ο
1065 4134 1555 4203 venerabilissima,
1595 4133 1859 4204 quoniam
1914 4136 2016 4189 mi-

366 4234 594 4286 sericors
627 4236 702 4283 est
735 4235 784 4283 et
814 4228 1027 4282 salvare
1077 4232 1288 4297 potest,
1348 4226 1447 4294 qui
1496 4226 1659 4279 etiam
1698 4240 1806 4294 pro
1862 4225 2016 4280 nobis

362 4321 491 4391 pati
522 4318 784 4388 dignatus
814 4323 908 4371 est.

439 4412 524 4462 l5.
559 4407 803 4473 Quando
836 4411 1036 4462 autem
1069 4404 1367 4475 conspicio
1398 4404 1717 4475 imaginem
1758 4403 2012 4477 alicujus

2124 3977 2250 4028 τητι
2298 3957 2386 4013 καὶ
2443 3956 2868 4034 εὐσπλαγχνίᾳ·
2931 3958 3117 4016 πολλὰ
3194 3962 3297 4036 γὰρ
3355 3960 3526 4035 ἱσχύει
3577 3954 3721 4022 δέησις

2126 4047 2351 4121 Μητρὸς
2425 4048 2562 4122 πρὸς
2644 4047 2921 4121 εὐμένειαν
2994 4048 3265 4104 Δεσπότου
3298 4093 3312 4107 .
3396 4051 3483 4118 Μὴ
3536 4039 3723 4118 παρίδῃς

2122 4134 2465 4210 ἁμαρτωλῶν
2524 4134 2724 4191 ἱκεσίαν
2763 4179 2777 4205 ,
2830 4140 2865 4206 ὴ
2940 4138 3246 4210 πάνσεμνος
3281 4180 3296 4205 ,
3382 4139 3462 4193 ὃτι
3514 4135 3716 4201 ἐλεήμων

2124 4222 2234 4278 ἐστὶ
2264 4223 2353 4279 καὶ
2384 4226 2574 4293 σώζειν
2607 4223 2900 4299 δυναμενος
2931 4269 2945 4299 ,
2998 4227 3026 4281 6
3077 4226 3167 4281 καὶ
3215 4229 3405 4281 παθεῖν
3451 4224 3568 4297 ὑπὲρ
3595 4220 3715 4292 ἡμῶν

2122 4308 2381 4381 καταδεξά
2389 4333 2481 4385 μεν
2490 4333 2568 4374 ος.

2200 4402 2277 4458 ιε’.
2308 4408 2468 4457 Ὅταν
2504 4399 2561 4456 δὲ
2590 4399 2691 4456 ἴδω
2751 4401 2933 4456 εἰκόνα
2980 4402 3303 4459 ἀποστόλου
3335 4405 3371 4473 ἢ
3409 4388 3711 4477 μαρτυρος,ἧ

365 4464 615 4569 apostoli
659 4501 761 4551 aut
819 4494 1096 4567 martyris
1149 4464 1239 4548 vel
1298 4464 1552 4547 alterius
1585 4493 1792 4558 sancti,
1828 4464 2015 4549 his'to-

2134 4509 2271 4552 τινος
2316 4494 2425 4544 τῶν
2484 4488 2675 4564 άγίων,
2707 4491 2950 4566 ἱστορίαν
3003 4495 3111 4545 τῶν
3172 4491 3509 4565 παθημάτων
3560 4486 3709 4546 αὐτῶν»

364 4589 513 4642 riam
559 4603 775 4658 nempe
835 4586 1181 4657 passionum
1241 4597 1468 4647 eorum,
1532 4597 1678 4650 quas
1734 4598 2018 4651 generose

360 4693 464 4748 pro
498 4676 730 4730 Christo
776 4672 1176 4745 pertulerunt,
1232 4669 1396 4723 dico:
1454 4668 1645 4724 Gloria
1700 4670 1824 4738 tibi,
1858 4673 2016 4739 Deus,

366 4766 531 4834 hujus
571 4764 807 4834 apostoli
852 4762 935 4815 rel
986 4760 1149 4828 hujus
1186 4759 1377 4812 sancti.
1415 4760 1605 4827 Atque
1636 4757 1761 4812 haec
1793 4758 1877 4813 sic
1927 4759 2016 4814 di-

370 4870 539 4919 cens,
596 4852 843 4925 gloriam
896 4851 1012 4903 Deo
1069 4846 1288 4900 tribuo.
1320 4847 1406 4899 Ita
1434 4845 1546 4900 hoc
1575 4846 1749 4901 modo
1780 4848 2013 4919 accepi-

372 4958 505 4995 mus
537 4958 567 4994 a
601 4940 822 4995 sanctis
854 4936 1145 4995 Patribus,
1178 4950 1431 5005 quorum
1470 4936 1647 4989 etiam
1691 4936 1937 4993 nomina
1958 4941 2014 4992 et

370 5029 548 5082 verba
582 5029 643 5081 in
676 5028 825 5080 libro
874 5028 948 5097 (7)
998 5022 1481 5096 consignabimus
1513 5024 1561 5078 si
1609 5024 1712 5079 Dei
1743 5026 2013 5082 voluntas

370 5134 437 5172 ac
470 5115 837 5187 providentia
864 5115 1087 5169 tulerit.

437 5207 520 5259 16.
548 5208 621 5258 At
651 5220 751 5258 vos
774 5203 906 5257 novi
938 5203 1353 5273 praedicatores
1386 5206 1445 5257 et
1474 5201 1685 5257 inanes
1716 5204 2008 5278 theologi:

362 5296 477 5349 Vos
509 5293 611 5363 qui
644 5291 901 5347 assecuti
924 5291 1064 5345 estis
1093 5291 1581 5362 praedicationem
1605 5293 2009 5361 apostolorum

2127 4579 2200 4632 ὧν
2257 4575 2345 4633 διά
2399 4577 2625 4653 Χριστὸν
2692 4580 2981 4652 ὑπέμειναν
3038 4578 3342 4653 γενναίως,
3412 4579 3562 4652 λέγω·
3608 4569 3707 4636 Δόξα

2126 4686 2231 4736 σοι,
2292 4668 2320 4721 6
2368 4668 2495 4729 Θεὸς
2550 4665 2708 4722 τοῦδε
2763 4667 3073 4723 ἀποστόλου
3128 4665 3164 4736 ἤ
3212 4664 3376 4723 τοῦδε
3432 4670 3525 4721 τοῦ
3573 4658 3706 4733 ἁγίου-

2126 4754 2227 4810 Καὶ
2258 4759 2424 4810 ταῦτα
2482 4754 2626 4811 οὕτω
2683 4754 2874 4831 λέγων,
2908 4757 2985 4820 εἲς
3040 4759 3168 4813 Θεὸν
3196 4758 3295 4827 τὴν
3347 4754 3495 4827 δόξαν
3526 4746 3710 4831 ἀναπέμί

2123 4863 2231 4901 πω.
2269 4846 2451 4900 Ταῦτα
2509 4844 2653 4900 οὕτω
2684 4841 3066 4921 παρελάϐομεν
3123 4846 3181 4900 ἐκ
3235 4851 3340 4900 τῶν
3374 4845 3530 4919 αγίων
3582 4829 3707 4921 Πατξο

2124 4953 2255 5007 ρων,
2288 4934 2361 4987 ὧν
2392 4933 2482 4988 καὶ
2511 4935 2578 4989 τὰ
2608 4935 2851 5007 ὁνοματα
2888 4934 2980 4989 καὶ
3008 4934 3137 4997 τοὺς
3170 4933 3367 5010 λόγους
3399 4933 3449 4988 ἐν
3506 4932 3574 4999 τῷ
3620 4917 3708 4976 τε¹³⁶

2121 5040 2211 5097 χει
2241 5022 2832 5096 παρασημειωσόμεθα,
2878 5027 3010 5079 Θεοῦ
3064 5008 3325 5099 βουλήσει
3377 5022 3458 5077 καὶ
3510 5008 3704 5092 προνοίᾳ·

2195 5200 2275 5269 ιζ’.
2311 5200 2496 5273 Ὑμεῖς
2547 5196 2605 5254 δὲ
2656 5200 2707 5255 οἳ
2766 5202 3091 5275 νεοκήρυκες
3144 5201 3234 5256 καὶ
3299 5197 3439 5255 κενοὶ
3483 5187 3702 5275 Θεολόγοι.

2122 5293 2279 5365 ὑμεῖς
2316 5291 2369 5346 οἱ
2397 5291 2660 5366 τυχόντες
2693 5290 2755 5347 τὸ
2782 5274 3046 5366 κήρυγμα
3094 5295 3203 5346 τῶν
3254 5290 3414 5366 ἁγίων
3442 5274 3698 5341 ἀποστόλων

1952 5471 2177 5527 NOTAE.

440 5596 518 5664 (7]
550 5591 764 5647 Confer
794 5588 1125 5645 orationem
1154 5588 1681 5645 demonstrativam
1713 5591 1784 5647 de
1812 5595 1995 5651 sacris
2022 5593 2408 5670 Imaginibus,
2450 5598 2490 5649 t.
2528 5595 2688 5663 XCV,
2720 5595 2825 5650 309
2857 5609 2981 5665 seq.
