3964 6144
323 346 452 403 1364

1542 349 1931 403 ADVERSUS
1964 346 2513 405 IOONOCLABTAB.

3582 344 3719 398 1363

321 470 544 528 καὶτῶν
596 468 771 524 αὐτῶν
817 466 1092 543 διαδόχων
1138 467 1227 523 καὶ
1277 470 1556 541 μαθήτῶν,
1597 465 1937 541 ἡμετέρωνδ

2084 469 2442 542 illorumque
2474 486 2881 526 successorum
2912 485 2979 524 ac
3010 468 3459 538 discipulorum,
3481 472 3718 525 Patrum

322 567 367 616 Π
439 558 459 591 ι
682 558 695 576 \
730 555 758 612 ὃ
787 555 815 612 ὃ
937 556 947 573 1
1262 558 1275 574 \
1415 555 1429 577 ,
1511 558 1524 574 \
1656 562 1678 573 υ

372 579 575 634 ατιρων
608 579 697 612 και
768 580 782 611 ι
820 562 1090 629 ασκαλων,
1145 559 1324 619 καθως
1373 578 1527 612 αυτοι
1568 559 1704 629 ἧμιν
1736 553 1970 630 παραδε-

325 647 557 705 δώκασιν
616 645 713 701 ἐπὸ
767 650 865 701 τοῦ
920 650 1182 717 κυριακοῦ
1242 647 1452 709 πάθους
1508 647 1598 700 καὶ
1645 652 1745 714 τῆς
1793 665 1971 715 σωτη-

323 736 445 813 ρίου
503 735 859 804 ἀναστάσεως,
914 735 1081 809 μέχρι
1139 741 1240 804 τῆς
1299 733 1579 809 παρούσης
1631 733 1971 796 ἷνδικτιῶνος

324 822 544 899 ὀγδόης,
580 821 671 894 ἔτη
716 822 1011 878 ἑπτακόσια
1063 824 1142 896 με’
1197 820 1448 897 λέγουσιν
1482 823 1637 894 εἶναι,
1668 821 1760 877 καὶ
1790 821 1974 878 ἔκτοτε

320 915 412 969 καὶ
459 910 565 973 ἕως
627 913 792 987 μέχρι
847 913 937 967 xui
994 915 1085 965 νῦν
1147 911 1200 966 αἱ
1259 907 1553 984 σεϐάσμιαι
1601 911 1803 973 εἰκόνες
1834 911 1970 980 ἦσαν

322 1002 408 1060 καὶ
439 1002 571 1057 εἷσὶν
606 1002 710 1056 ὑπὸ
756 1006 863 1056 τῶν
922 1005 1152 1071 πιστῶν,
1214 1002 1289 1062 ὡς
1340 1001 1704 1074 προείπομεν,
1734 1021 1969 1075 προσκυ-

321 1091 594 1164 νούμεναι·
652 1088 884 1160 ἐδείξατε
940 1090 1023 1145 ὃτι
1081 1090 1149 1145 τὰ
1222 1090 1519 1144 ἑπτακόσια
1573 1093 1740 1144 ταῦτα
1790 1086 1882 1159 ἔτη
1936 1091 1970 1157 ἡ

318 1177 591 1247 καθολικὴ
637 1179 729 1232 καὶ
771 1177 1114 1248 ἀποστολικὴ
1173 1176 1499 1247 Ἐκκλησία,
1556 1177 1649 1232 καὶ
1707 1178 1758 1232 οἱ
1810 1175 1971 1232 διδά-

316 1266 509 1323 σκαλοι
539 1266 631 1321 καὶ
689 1267 742 1320 οἱ
797 1267 1056 1338 ποιμένες
1116 1267 1290 1335 αὐτῆς
1346 1264 1682 1336 ἐπλανῶντο,
1713 1265 1803 1321 καὶ
1844 1267 1970 1339 ὑμῖν

314 1361 433 1418 τοῖς
462 1355 782 1430 νεοκήρυξιν
811 1355 1167 1432 ἀπεκαλύφθη
1214 1357 1249 1425 ἡ
1300 1355 1527 1424 ἀλήθεια
1553 1362 1655 1424 τῆς
1697 1355 1930 1418 πίστεως
1955 1358 1972 1410 ἶ

316 1445 403 1516 Ἐξ
437 1443 569 1500 ὅτου
625 1445 727 1520 γὰρ
784 1445 885 1512 τὴν
947 1439 1168 1519 ἔρευναν
1226 1445 1429 1514 ταύτην
1485 1442 1682 1518 ἤρξατε
1722 1450 1971 1514 ποιῆσαι,

317 1535 455 1591 εἰσὶν
509 1531 602 1605 ἔτη
660 1534 854 1590 πλεῖον
908 1535 944 1605 ἢ
1001 1531 1232 1589 ἔλασσον
1282 1540 1381 1606 με’.
1444 1535 1579 1591 Ἀπὸ
1609 1535 1712 1609 γὰρ
1746 1533 1970 1609 ἐννάτης

315 1622 688 1696 ἐπινεμήσεως
766 1621 968 1697 ἤρξατε
1044 1626 1114 1695 τῇ
1196 1622 1428 1693 ἀληθείᾳ
1483 1608 1819 1677 ἀντιπίπτειν
1879 1608 1971 1678 καἱ

315 1710 524 1785 ἐρευνᾷν
554 1712 617 1766 τὸ
675 1715 794 1772 πῶς
849 1708 1200 1784 διαστρέψετε
1256 1710 1323 1765 τὰ
1379 1707 1732 1788 ἀδιάστροφα.
1787 1712 1969 1767 Ἐπει-

2074 575 2145 614 ac
2179 562 2599 632 magistrorum
2650 565 3011 621 nostrorum.
3062 558 3357 628 quomodo
3408 559 3517 628 ipsi
3552 560 3722 612 nobis

2076 647 2451 703 tradiderunt
2494 652 2555 715 (a
2610 654 2876 718 tempore
2943 646 3266 701 Dominicas
3324 646 3618 717 passionis
3667 655 3723 700 et

2080 736 2401 792 salutiferae
2452 736 2908 792 resurrectionis
2981 749 3170 805 usque
3238 733 3314 788 ad
3364 741 3719 805 praesentem

2078 830 2341 881 octavam
2375 825 2782 890 indictionem,
2806 840 2995 879 annos
3025 840 3154 878 esse
3185 822 3352 876 aiunt
3380 824 3714 894 septingen-

2076 918 2169 968 tos
2203 913 2592 986 quadraginta
2639 914 2926 984 quinque,
2975 917 3173 982 atque,
3228 910 3301 965 ab
3351 927 3417 965 eo
3453 916 3718 981 tempore

2077 1017 2265 1072 usque
2296 1002 2586 1056 hactenus
2626 1000 2996 1055 venerabiles
3049 999 3337 1069 imagines
3393 999 3637 1052 fuerunt
3666 1005 3724 1053 et

2079 1094 2219 1144 sunt
2239 1094 2533 1144 veneratae
2566 1106 2599 1144 a
2625 1088 2901 1144 fidelibus
2950 1087 3445 1159 quemadmodum
3494 1088 3722 1158 praefati

2079 1180 2326 1248 sumus).
2386 1180 2501 1233 Vos
2558 1176 2922 1243 ostendistis,
2956 1176 3113 1247 quod
3161 1192 3267 1247 per
3315 1177 3719 1248 septingentos

2076 1265 2255 1321 hosce
2286 1282 2477 1321 annos
2517 1265 2806 1321 catholica
2859 1271 2918 1319 et
2957 1264 3281 1336 apostolica
3322 1265 3585 1319 Ecclesia
3615 1265 3718 1320 do-

2078 1360 2386 1425 ctoresque
2426 1361 2485 1410 et
2526 1359 2792 1426 pastores
2837 1354 2966 1425 ejus
3014 1353 3356 1417 erraverint,
3390 1353 3552 1407 vobis
3585 1371 3717 1408 vero

2076 1443 2415 1499 recentibus
2465 1442 2955 1515 praedicatoribus
3010 1441 3266 1496 revelata
3295 1442 3474 1495 fuerit
3503 1443 3716 1497 veritas

2080 1532 2214 1588 ﬁdei
2237 1533 2264 1588 ‘I
2284 1535 2364 1587 Ex
2387 1550 2501 1603 quo
2524 1532 2684 1587 enim
2708 1532 3156 1603 inquisitionem
3177 1531 3331 1585 hanc
3353 1531 3714 1597 instituistis,

2077 1626 2215 1677 sunt
2243 1622 2382 1677 anni
2423 1622 2557 1692 plus
2611 1621 2810 1676 minus
2867 1621 3133 1691 quinque
3192 1626 3250 1674 et
3305 1620 3713 1691 quadraginta.

2076 1711 2345 1781 Cmpistis
2377 1726 2635 1781 namque
2689 1726 2724 1764 a
2777 1725 2937 1764 nona
2990 1708 3316 1763 indictione
3350 1710 3578 1763 veritati
3612 1709 3713 1764 ad-

314 1797 379 1867 δὴ
437 1797 523 1852 ἐπὶ
581 1800 679 1867 τήν
740 1799 938 1871 πὲτραν
988 1803 1088 1866 τῆς
1166 1796 1424 1867 ἀληθείας
1478 1795 1840 1870 ᾠκοδόμησαν
1900 1800 1937 1853 ο⁴

2072 1801 2291 1855 versari
2351 1799 2616 1870 illudque
2675 1799 3000 1869 inquirere,
3061 1813 3320 1868 quonam
3379 1802 3548 1867 pacto
3581 1814 3712 1867 quea

312 1885 455 1963 ἆγιοι
511 1889 672 1959 ἡμῶν
731 1887 984 1960 Πατὲρες,
1039 1886 1130 1941 καὶ
1186 1884 1357 1940 πύλαι
1415 1883 1548 1956 ’ᾁδου
1596 1884 1657 1941 οὗ
1687 1887 1949 1962 κατισχύ-

309 1996 491 2030 σουσιν
525 1975 715 2045 αὐτῆς,
775 1976 909 2049 ἅπερ
960 1975 1059 2030 εἶσὶ
1118 1975 1186 2030 τὰ
1236 1972 1393 2030 ἄδικα
1440 1975 1529 2030 καὶ
1576 1976 1794 2050 πονηρᾶ
1835 1979 1943 2031 τῶν

292 2065 575 2140 αἱρετικῶν
637 2063 899 2135 στόματα.
964 2064 1329 2133 Ἦπιστήσάτε
1378 2070 1497 2125 τοῖς
1554 2064 1782 2137 πατράσι
1853 2053 1942 2119 καἶ

287 2158 368 2225 τῷ
428 2152 782 2228 βαπτίσματι,
837 2153 866 2207 ’ὁ
925 2153 1057 2226 παρ’
1132 2151 1308 2207 αὐτῶν
1364 2151 1640 2230 είλήφατι,
1694 2152 1786 2207 καὶ
1845 2151 1945 2207 ούκ

292 2239 539 2314 ἐδέξασθε
581 2240 754 2296 αὐτῶν
805 2242 906 2309 τὴν
965 2240 1145 2295 πίστιν
1200 2241 1288 2295 καὶ
1347 2239 1474 2302 τοὺς
1509 2239 1730 2314 λόγους.
1768 2237 1942 2298 Ἐδείο

291 2331 410 2403 ξατε
436 2333 648 2403 τρανῶς
702 2328 863 2383 τίνων
926 2326 1165 2401 μαθηταί
1224 2327 1342 2383 ἐστε
1396 2328 1485 2383 καὶ
1544 2325 1819 2403 διάδοχοι.
1852 2329 1940 2391 Ὠς

289 2419 455 2492 γάρὴ
490 2414 648 2473 ἄνοια
699 2418 851 2490 ὑμῶν
900 2414 1185 2491 πρόδηλος
1236 2417 1575 2493 γενησομένη
1636 2416 1825 2493 ἐφάνη,
1857 2415 1940 2471 ὅτι

295 2505 510 2562 ἐκείνων
566 2505 681 2561 ἐστέ
741 2508 1006 2578 μαθηταὶ,
1065 2508 1173 2559 τῶν
1250 2503 1560 2580 κραξάντων
1621 2504 1711 2558 σὺν
1771 2506 1943 2577 ’Ἂννᾳ

288 2597 374 2651 καὶ
410 2596 632 2672 Καϊάφᾳ
685 2595 825 2669 πρὸς
882 2591 1147 2663 Πιλᾶτον,
1203 2593 1477 2669 λέγουσιν’
1535 2594 1725 2666 Ἡμεῖς
1785 2596 1941 2669 βασι-

291 2684 390 2739 λέα
447 2683 546 2739 οὒκ
596 2678 799 2755 ἔχομεν
867 2683 915 2736 εἳ
978 2682 1053 2756 μὴ
1114 2681 1377 2757 Καίσαρα,
1438 2681 1615 2737 εἶκαὶ
1664 2677 1940 2757 προϐάτου

293 2770 453 2849 δορὰν
514 2771 737 2846 ἐπὲχετε
791 2770 881 2825 xui
953 2769 1212 2843 ποιμένος
1289 2768 1489 2840 στολὴν
1562 2771 1937 2846 ἀμφιέννυσθε.

291 2864 380 2926 Ὠς
426 2863 529 2939 γάρ
580 2861 778 2917 ἐκεῖνοι
825 2860 920 2916 τὸν
969 2866 1205 2933 Σωτῆρα
1242 2860 1545 2934 ἠρνήσαντο
1584 2859 1721 2913 κατά
1769 2860 1938 2933 πρόσ-

294 2973 442 3007 ωπον
503 2948 763 3019 Πιλάτου,
824 2950 912 3005 καὶ
995 2952 1185 3004 τοῦτον
1263 2952 1477 3021 σταυρῷ
1534 2947 1938 3022 προσπήξαντες

296 3041 610 3111 ἀνήλωσαν·
638 3039 799 3101 αὐτὸς
832 3035 889 3092 δὲ
934 3040 1002 3111 τῇ
1048 3040 1201 3110 θεϊκῇ
1262 3035 1424 3091 αὐτοῦ
1464 3033 1689 3107 δυνάμει
1718 3035 1932 3104 ἀνέστη,

2056 1890 2389 1946 rectissima
2420 1893 2557 1943 sunt
2584 1891 2916 1959 pervertere
2948 1886 3206 1957 possitis.
3232 1888 3304 1939 At
3325 1886 3485 1940 enim
3520 1903 3699 1957 supra

2055 1984 2283 2052 petram
2306 1977 2572 2033 veritatis
2593 1976 3032 2031 asdiﬁcaverunt
3052 1975 3237 2029 sancti
3257 1977 3460 2029 Patres
3483 1976 3693 2043 nostri,

2054 2075 2108 2123 et
2139 2074 2321 2137 portae
2361 2067 2532 2134 inferi
2574 2081 2683 2119 non
2724 2064 3100 2135 praevalebunt
3148 2064 3403 2119 adversus
3446 2081 3563 2118 eam
3594 2064 3693 2133 (η),

2054 2173 2185 2228 quas
2240 2154 2515 2209 videlicet
2565 2158 2705 2208 sunt
2758 2153 2963 2222 iniqua
3009 2157 3068 2206 et
3122 2152 3698 2207 consceleratissima

2052 2245 2467 2302 haereticorum
2524 2259 2648 2299 ora.
2693 2242 2897 2297 Fidem
2948 2241 3211 2313 praebere
3269 2242 3553 2296 renuistis
3591 2244 3697 2297 Pa-

2052 2334 2240 2390 tribus
2268 2338 2342 2403 “et
2388 2331 2702 2403 baptismo,
2737 2346 2912 2401 quem
2962 2330 3035 2384 ab
3076 2329 3196 2383 illis
3227 2331 3553 2400 recepistis,
3587 2346 3697 2385 nec

2051 2438 2256 2478 eorum
2289 2420 2468 2476 ﬁdem
2501 2434 2922 2489 sermonesque
2947 2418 3309 2489 suscepistis.
3339 2419 3697 2473 Ostendistis

2049 2509 2280 2583 liquido
2314 2523 2710 2580 quorumnam
2742 2506 3016 2577 discipuli
3041 2506 3170 2560 sitis
3201 2523 3268 2560 ac
3300 2522 3692 2562 successores.

2049 2598 2325 2656 Amentia
2383 2597 2543 2651 enim
2601 2600 2795 2650 vestra
2841 2594 3156 2649 manifesta
3204 2593 3401 2649 futura
3430 2595 3552 2649 visa
3584 2601 3693 2663 est,

2049 2687 2209 2761 quod
2238 2702 2451 2757 nempe
2484 2701 2689 2740 eorum
2725 2683 2853 2738 sitis
2894 2682 3191 2753 discipuli,
3225 2683 3324 2753 qui
3358 2698 3493 2736 eum
3522 2691 3693 2739 Anna

2048 2783 2107 2833 et
2131 2776 2352 2847 Caipha
2382 2773 2455 2830 ad
2488 2773 2745 2828 Pilatum
2803 2771 3129 2826 clamantes
3183 2770 3423 2824 dicunt:
3473 2773 3578 2826 Nos
3604 2788 3690 2827 re-

2045 2882 2165 2937 gem
2194 2880 2304 2919 non
2354 2863 2611 2917 habemus
2661 2863 2770 2915 nisi
2829 2859 3084 2915 Caasarem
3144 2858 3238 2928 (0),
3298 2860 3531 2913 tametsi
3566 2861 3689 2914 ovis

2045 2954 2265 3027 pellem
2324 2950 2576 3017 hebetis,
2638 2955 2697 3004 et
2752 2949 3006 3020 pastoris
3082 2947 3295 3002 stolam
3343 2947 3685 3002 induimini.

2045 3038 2554 3108 Quemadmodum
2612 3036 2770 3092 enim
2830 3037 2916 3091 illi
2975 3036 3333 3091 Salvatorem
3398 3042 3692 3109 negarunt

289 3127 378 3183 καί
409 3127 638 3197 ἀνῆλθεν
696 3126 748 3182 ἐν
808 3131 923 3189 τοῖς
981 3125 1248 3199 ὑψίστοις,
1298 3124 1386 3179 καὶ
1417 3122 1674 3195 ἐκάθησεν
1706 3123 1757 3179 ἐν
1792 3122 1936 3197 δεξιᾷ

2053 3146 2248 3187 coram
2279 3127 2427 3184 facie
2460 3127 2630 3181 Pilati
2701 3132 2878 3195 atque
2927 3126 3086 3180 hunc
3124 3126 3319 3195 ipsum
3359 3126 3519 3180 cruci
3558 3126 3687 3180 affi-

298 3223 397 3284 τῆς
458 3212 847 3290 μεγαλωσύνης
922 3216 1020 3269 τοῦ
1093 3217 1227 3268 Θεοῦ
1282 3211 1373 3267 καὶ
1430 3212 1660 3287 Πατρός*
1713 3213 1782 3270 Ὅ
1836 3212 1938 3288 γάρ

299 3298 491 3366 ἔπαθεν
549 3302 678 3376 ὑπὲρ
752 3305 909 3375 ἡμῶν
987 3300 1165 3375 σαρκὶ,
1243 3295 1434 3356 ἔπαθεν
1505 3300 1728 3378 ἐφάπαξ,
1781 3302 1944 3356 θάνα-

299 3413 393 3456 τος
448 3391 611 3446 αὐτοῦ
667 3390 846 3445 οὐκὲτι
893 3391 1152 3465 κυριεύει,
1208 3392 1305 3446 κᾶν
1365 3392 1522 3464 ὑμεῖς
1568 3389 1941 3469 φιλοπόλεμοι

302 3481 453 3542 ὀντες
486 3479 624 3554 πρὸς
681 3481 830 3551 ἡμᾶς
886 3477 1271 3556 φιλονεικεῖτε·
1333 3478 1592 3541 ὡσαύτως
1638 3479 1726 3534 καὶ
1762 3481 1941 3552 ὑμεῖς,

300 3567 352 3624 ἐν
379 3571 459 3640 τῷ
486 3568 577 3622 τὸν
612 3573 843 3641 Σωτῆρα
888 3567 963 3638 μή
1013 3566 1296 3642 ἰσχύοντες
1329 3565 1387 3621 ἐκ
1418 3563 1668 3640 δευτέρου
1701 3572 1939 3642 σταυρῶ-

299 3678 408 3725 σαι,
459 3654 538 3717 εἷς
583 3653 711 3717 τοὺς
760 3661 862 3724 τῆς
904 3653 1162 3729 ἐνσαρκου
1208 3653 1527 3728 οἰκονομίας
1577 3653 1740 3710 αὐτοῦ
1771 3674 1941 3730 χαρα-

290 3747 497 3819 κτῆρας
556 3743 644 3798 καὶ
705 3742 803 3804 τὰς
886 3744 1246 3815 ὑπομνήσεις,
1307 3741 1399 3797 σὺν
1456 3746 1525 3816 τῇ
1581 3742 1716 3798 κατὰ
1772 3745 1942 3819 σάρκα

294 3832 458 3888 αὐτοῦ
522 3832 714 3906 μητρὶ,
772 3833 860 3886 καὶ
920 3837 1038 3893 τοῖς
1096 3830 1271 3905 ἁγίοις
1324 3832 1491 3886 αὐτοῦ
1551 3837 1818 3904 μαθηταῖς
1851 3834 1941 3887 καὶ

294 3920 628 3983 ἀποστόλοις
656 3925 826 3973 πᾶσαν
883 3920 982 3986 τήν
1034 3918 1221 3973 κακίαν
1274 3920 1421 3991 ὑμῶν
1470 3916 1766 3994 προδήλως
1796 3917 1939 3975 ἐδεί-

294 4012 433 4082 ξατε.
496 4007 593 4063 Καί
655 4007 758 4083 γὰρ
819 4005 872 4062 ἐν
928 4007 1057 4078 πυρὶ
1131 4005 1221 4060 καὶ
1279 4005 1331 4060 ἐν
1390 4006 1607 4081 μυρίαις
1665 4014 1942 4083 μηχαναῖς

292 4096 598 4172 ἐχρήσασθε
656 4096 792 4149 κατὰ
842 4100 951 4149 τῶν
1013 4093 1175 4170 ἁγίων
1223 4093 1466 4163 εἰκόνων,
1498 4093 1811 4167 νομίζοντες
1837 4097 1936 4165 τὴν

297 4187 520 4257 μνήμην
574 4182 747 4238 αὐτῶν
799 4180 1002 4244 τελέως
1047 4180 1430 4258 ἆπαλειφῆναι,
1465 4182 1601 4238 κατά
1627 4187 1733 4238 τῶν
1761 4204 1938 4261 χαρα-

290 4276 505 4343 κτήρων
532 4279 632 4342 τῆς
685 4271 1143 4347 χρωματουργίας
1188 4270 1363 4326 αὐτῶν
1403 4271 1761 4342 ἀναμνήσεως
1812 4295 1940 4346 μαι-

289 4363 531 4433 νόμενοι.
565 4358 724 4416 Ἀλλ’
761 4359 914 4432 ὅμως
940 4359 1031 4415 καὶ
1061 4363 1229 4414 ταῦτα
1258 4358 1606 4432 πράττοντες,
1629 4362 1747 4424 καθ’
1783 4362 1935 4435 ὑμῶν

290 4449 465 4503 αὐτῶν
498 4449 726 4502 ἀκονᾶτε
770 4469 832 4502 το
890 4448 1042 4524 ξίφος
1096 4455 1196 4517 τῆς
1230 4445 1619 4524 δικαιοκρισίας
1653 4453 1748 4504 τοῦ
1776 4455 1936 4523 Θεοῦ,

2050 3225 2254 3293 gentes
2304 3234 2334 3271 e
2386 3216 2581 3271 medio
2636 3214 3046 3281 sustulerunt;
3101 3215 3227 3284 ipse
3266 3221 3463 3269 tamen
3495 3214 3692 3270 divina

2051 3326 2159 3365 sua
2185 3308 2397 3362 virtute
2445 3304 2788 3371 resurrexit,
2835 3303 3219 3374 ascenditque
3268 3303 3331 3357 in
3378 3304 3556 3358 caelos
3588 3321 3689 3359 se-

2051 3397 2254 3469 ditque
2312 3394 2385 3451 ad
2442 3394 2745 3449 dexteram
2797 3392 3126 3463 majestatis
3183 3393 3283 3446 Dei
3346 3398 3405 3447 et
3458 3393 3686 3461 Patris;

2048 3487 2203 3552 Quod
2232 3487 2377 3540 enim
2401 3500 2595 3555 passus
2623 3486 2695 3538 sit
2723 3499 2827 3553 pro
2877 3483 3030 3537 nobis
3076 3498 3239 3536 carne
3268 3482 3369 3551 (ρ),
3391 3497 3584 3550 passus
3614 3489 3689 3535 est

2046 3574 2248 3637 semel;
2277 3590 2420 3628 mors
2450 3575 2500 3626 ei
2548 3572 2785 3641 amplius
2824 3587 2935 3625 non
2975 3571 3291 3625 dominatur
3323 3571 3417 3639 (q),
3452 3570 3685 3624 tametsi

2046 3681 2147 3718 vos
2176 3660 2493 3718 adversarii
2526 3664 2733 3713 contra
2762 3676 2869 3713 nos
2900 3658 3077 3713 rixari
3110 3657 3485 3712 contenditis.
3518 3658 3683 3713 Haud

2046 3752 2220 3806 aliter
2249 3755 2307 3803 et
2335 3766 2455 3811 vos,
2507 3763 2641 3802 cum
2697 3747 3006 3816 nequeatis
3059 3746 3414 3801 Salvatorem
3467 3746 3681 3800 iterum

2046 3839 2203 3893 cruci
2237 3837 2498 3909 afﬁgere,
2531 3836 2592 3890 in
2649 3835 2937 3907 imagines
2994 3840 3053 3890 et
3102 3834 3470 3888 monimenta
3499 3834 3684 3904 ipsius

2043 3944 2150 3999 per
2199 3942 2441 3981 carnem
2489 3924 2966 3996 dispensationis,
3022 3939 3155 3978 cum
3204 3923 3467 3978 humana
3497 3928 3682 3977 matre

2044 4016 2194 4087 ejus,
2229 4019 2287 4068 et
2333 4013 2556 4069 sanctis
2604 4013 2765 4067 illius
2805 4012 3113 4083 discipulis
3160 4017 3336 4082 atque
3375 4011 3681 4081 apostolis,

2042 4104 2375 4158 universam
2423 4101 2710 4156 malitiam
2760 4106 3012 4156 vestram
3070 4100 3373 4154 evidenter
3421 4099 3681 4153 ostendi-

2043 4193 2169 4248 stis.
2201 4193 2339 4262 Igne
2397 4190 2554 4244 enim
2611 4194 2670 4243 et
2724 4189 2976 4242 inﬁnitis
3025 4187 3564 4242 machinationibus
3593 4188 3682 4241 usi

2043 4282 2184 4337 estis
2215 4279 2493 4335 adversus
2541 4283 2775 4331 sanctas
2816 4277 3103 4348 imagines
3150 4279 3282 4341 (rati
3333 4277 3682 4330 memoriam

2042 4385 2249 4425 eorum
2281 4366 2548 4422 funditus
2581 4365 2981 4420 oblitteratum
3008 4366 3124 4436 iri),
3149 4371 3355 4419 contra
3385 4365 3679 4419 characte-

2038 4475 2135 4513 res
2158 4457 2403 4528 depictaa
2449 4471 2655 4510 eorum
2701 4455 3002 4508 memoriae
3050 4454 3269 4508 furiose
3312 4453 3675 4507 debacchati.

290 4544 380 4592 καί
414 4534 633 4604 πολλῆς
667 4537 1043 4610 μακροθυμίας
1101 4537 1190 4592 καὶ
1248 4537 1605 4611 ἀγαθότητος.
1640 4541 1731 4594 Διὸ
1759 4560 1933 4613 παρα-

2053 4545 2436 4601 Nihilominus
2481 4544 2571 4598 vel
2622 4544 2705 4598 sic
2753 4549 3012 4615 agentes,
3063 4543 3341 4598 adversus
3372 4559 3473 4596 vos
3520 4543 3678 4612 ipsos

288 4622 445 4678 καλῶ
496 4624 634 4694 ὑμᾶς
688 4623 985 4697 ἀπορῥίψαι
1035 4625 1132 4691 τὴν
1183 4627 1341 4695 κενὴν
1376 4625 1723 4683 διδασκαλίαν
1756 4630 1928 4701 ὑμῶν,

290 4712 377 4765 καὶ
444 4710 726 4783 μέμψασθε
784 4711 993 4772 ἑαυτοῖς
1048 4710 1252 4780 καλῶς,
1311 4712 1390 4788 ἐφ’
1449 4717 1532 4778 οἷς
1587 4713 1934 4789 διεπράξασθε

292 4802 495 4861 κακῶς.
554 4800 926 4868 Ἀνορθώσατε
982 4800 1050 4854 τὰ
1094 4798 1388 4873 παρειμένα
1443 4802 1645 4877 γόνατα
1688 4812 1789 4873 τῆς
1830 4810 1932 4878 ψυ-

292 4893 421 4961 χῆς.
482 4886 570 4940 καὶ
628 4888 889 4959 τραχείας
947 4886 1107 4960 ὀρθάς
1164 4889 1444 4955 ποιήσατε·
1505 4889 1595 4944 καὶ
1650 4893 1741 4952 τὰς
1785 4891 1937 4967 ἁγίας

292 4973 468 5047 φωνάς
502 4977 606 5026 τῶν
642 4975 894 5047 Πατέρων
954 4973 1046 5027 σὺν
1106 4976 1240 5046 ἡμῖν
1297 4981 1416 5037 ταῖς
1469 4977 1644 5051 ἁγίαις
1677 4978 1843 5032 εἰκόσι
1873 4983 1935 5034 τὸ

292 5057 451 5122 σέϐας
508 5059 880 5132 ἀναπέμψατε,
927 5060 1078 5124 ὅπως
1127 5067 1284 5136 κοινῇ
1337 5067 1405 5136 τῇ
1437 5068 1592 5142 φωνῇ
1625 5063 1777 5136 δόξαν
1812 5069 1938 5122 ἀνα-

290 5149 597 5222 πέμψωμεν
654 5152 732 5220 τῷ
791 5148 970 5223 Κυρίῳ
1026 5152 1185 5222 ἡμῶν
1250 5152 1430 5220 Ἰησοῦ
1469 5158 1692 5227 Χριστῷ
1720 5159 1799 5227 τῷ
1826 5156 1938 5227 Υἱῷ

289 5241 387 5291 τοῦ
418 5241 573 5303 Θεοῦ,
606 5236 699 5291 σὺν
730 5241 810 5309 τῷ
857 5237 1082 5312 ἀνάρχῳ
1134 5240 1302 5295 αὐτοῦ
1351 5242 1541 5316 Πατρὶ,
1573 5243 1662 5296 xui
1690 5248 1769 5314 τῷ
1801 5248 1939 5312 ζωο-

292 5329 437 5395 ποιῷ
495 5325 663 5379 αὐτοῦ
724 5323 1020 5399 Ηνεύματι,
1077 5332 1168 5381 νῦν
1222 5326 1314 5383 xui
1369 5328 1477 5399 ἀεὶ,
1534 5330 1623 5384 καὶ
1684 5331 1759 5393 εἷς
1807 5331 1936 5394 τοὺς

289 5413 494 5477 αἰῶνας
520 5417 627 5466 τῶν
653 5411 887 5470 αἶ’ώνων.
922 5416 1122 5487 Ἀμήν.

2041 4634 2299 4709 gladium
2333 4633 2619 4688 exacuitis
2641 4632 2789 4702 justi
2815 4632 3024 4703 judicii
3065 4633 3187 4699 Dei,
3221 4629 3278 4686 et
3317 4631 3516 4685 multm
3550 4632 3678 4700 ejus

2041 4722 2506 4794 longanimitatis
2566 4727 2623 4774 et
2677 4721 2976 4775 bonitatis.
3037 4720 3429 4785 Quamobrem
3477 4719 3678 4771 hortor

2040 4829 2160 4873 vos,
2194 4816 2259 4864 ut
2289 4810 2579 4879 abjiciatis
2624 4826 2831 4863 novam
2881 4810 3211 4863 doctrinam
3260 4813 3534 4872 vestram,
3568 4806 3677 4859 be-

2042 4915 2235 4968 neque
2268 4897 2517 4951 doleatis
2575 4914 2677 4967 pro
2736 4899 2809 4951 iis
2841 4915 2971 4968 qua)
3030 4898 3184 4951 mole
3213 4896 3430 4964 egistis.
3466 4895 3681 4966 Erigite

2045 4986 2332 5041 dissoluta
2361 5002 2552 5056 genua
2600 4987 2832 5051 animae,
2887 4992 2943 5039 et
2984 4992 3175 5039 rectos
3225 5000 3459 5055 gressus
3488 4984 3682 5053 facite,

2046 5074 2371 5129 secundum
2430 5080 2782 5145 sanctasque
2852 5076 3089 5129 Patrum
3149 5090 3317 5127 voces
3375 5074 3683 5128 nobiscum

2048 5162 2270 5217 sanctis
2320 5162 2589 5216 iconibus
2639 5162 2860 5216 cultum
2914 5160 3193 5216 tribuite:
3243 5178 3357 5231 quo
3388 5162 3684 5216 communi

2044 5267 2183 5304 voce
2214 5250 2459 5322 gloriam
2511 5251 2713 5303 demus
2762 5249 3010 5303 Domino
3059 5256 3259 5304 nostro
3290 5252 3425 5304 Jesu
3457 5252 3687 5319 Christo

2048 5339 2153 5394 Dei
2185 5339 2353 5401 Filio,
2394 5356 2527 5395 cum
2575 5344 2797 5393 esterno
2849 5337 2977 5407 ejus
3032 5339 3201 5393 Patre
3253 5344 3311 5391 et
3357 5340 3687 5394 viviﬁcante

2048 5427 2178 5499 ejus
2211 5427 2452 5497 Spiritu,
2476 5441 2636 5479 nunc
2686 5429 2744 5479 et
2789 5441 3044 5495 semper,
3076 5431 3133 5479 et
3162 5426 3224 5480 in
3256 5426 3473 5481 saecula
3502 5441 3690 5482 saecu-

2048 5514 2263 5570 lorum.
2296 5516 2504 5569 Amen.

362 5646 444 5717 (n)
476 5645 677 5702 Matth.
710 5661 824 5718 xvi,
859 5648 946 5703 18.
979 5647 1056 5721 (ο)
1085 5649 1251 5708 Joan.
1283 5665 1398 5724 xu,
1432 5651 1522 5710 15.
1562 5653 1641 5727 (p)
1670 5654 1696 5709 Ι
1721 5655 1880 5717 Petr.
1906 5671 1937 5713 ιε

2053 5695 2069 5713 .
2101 5656 2178 5730 (q)
2207 5658 2376 5714 Rom.
2407 5672 2485 5728 v1,
2512 5658 2564 5713 9.
