3964 6144
417 270 438 322 1
449 269 553 324 363

1957 281 2198 335 ADUEN
2209 283 2319 336 DA.

3642 292 3745 348 1364

447 421 3742 470 W

1461 574 1554 665 S.
1616 574 2081 660 JOANNIS
2153 576 2779 662 DAMASCENI

1842 767 2401 902 HYMNI.

626 1095 814 1152 Canon
864 1099 918 1152 in
963 1100 1356 1154 Domitionem
1386 1099 1488 1154 Dei
1524 1099 1836 1154 Genitricis.

483 1203 525 1254 Ι.
561 1203 837 1272 Aperiam
893 1221 957 1258 os
1016 1221 1214 1260 meum
1270 1211 1329 1260 et
1386 1205 1599 1275 spiritu
1660 1204 1943 1275 implebo,
1999 1209 2058 1258 et

412 1289 655 1345 verbum
683 1293 917 1363 Reginaa
965 1295 1128 1348 Matri
1175 1294 1475 1361 eructabo,
1527 1301 1585 1347 et
1629 1309 1758 1348 eam
1789 1293 2059 1348 hilariter

414 1381 699 1451 aspiciam
730 1381 1018 1450 laudans;
1056 1384 1304 1454 ejusque
1354 1383 1641 1440 miracula
1686 1383 2059 1438 laetabundus

416 1470 750 1524 concinam.

486 1560 554 1612 ΙΙ.
587 1559 923 1614 Juvenculm
959 1561 1243 1633 Virgines,
1293 1579 1454 1622 nunc
1503 1561 1679 1616 simul
1717 1579 1851 1616 cum
1882 1562 2061 1617 Maria

415 1648 793 1718 prophetissa
822 1649 1128 1704 Canticum
1178 1653 1254 1706 De
1305 1653 1458 1705 exitu
1486 1651 1761 1706 alacriter
1790 1650 2017 1705 fundite
2044 1668 2056 1717 ;

417 1737 588 1808 Virgo
618 1737 776 1791 enim
806 1743 864 1791 et
893 1739 1068 1793 unica
1116 1740 1368 1811 Deipara
1415 1739 1490 1794 ad
1540 1740 1840 1795 ccelestem
1870 1741 2060 1795 haere—

414 1827 658 1885 ditatem
694 1829 1133 1884 transmittitur.

484 1918 576 1970 III.
611 1919 686 1971 Te
722 1918 933 1972 merito
966 1919 1228 1989 quidem,
1280 1937 1312 1974 ο
1364 1919 1684 1990 purissima
1732 1925 1789 1973 et
1831 1920 2056 1986 Divina,

415 2009 696 2076 tanquam
729 2008 1057 2061 animatum
1105 2008 1342 2070 caelum,
1374 2009 1635 2063 caelestia
1681 2008 2060 2063 tabernacula

416 2101 811 2163 exceperunt;
847 2096 1104 2165 Regique
1136 2112 1203 2150 ac
1244 2097 1383 2162 Deo,
1443 2114 1476 2150 ο
1535 2096 1709 2165 plane
1761 2096 2060 2165 inculpata

417 2183 662 2252 (Virgo),
697 2189 907 2236 ornata
937 2183 1117 2238 veluti
1150 2185 1395 2253 Sponsa,
1429 2185 1697 2238 hilariter
1727 2185 1984 2239 astitisti.

487 2271 740 2322 Tuarum
801 2269 1044 2324 laudum
1103 2276 1396 2336 cantores,
1449 2287 1481 2324 0
1535 2271 1802 2340 Deipara,
1849 2272 1971 2325 vive
2003 2278 2061 2327 et

418 2357 756 2427 incorrupte
805 2357 957 2424 fons,
1020 2359 1345 2428 spiritalem
1401 2359 1557 2412 inter
1596 2374 1658 2412 se
1687 2359 1932 2414 chorum
1963 2377 2056 2415 ce-

2081 1100 2134 1165 Α

2310 1097 2491 1151 Κανὼν
2526 1095 2604 1158 εἷς
2633 1097 2731 1164 τὴν
2764 1095 3027 1169 κοίμησιν
3056 1104 3156 1168 τῆς
3190 1100 3534 1172 Θεομήτορος
3562 1103 3640 1173 (α).

2238 1203 2316 1257 A"
2409 1201 2638 1272 Ἀνοίξω
2720 1203 2783 1256 τὸ
2841 1202 3016 1274 στόμα
3077 1224 3181 1276 μου
3238 1204 3326 1258 καὶ
3370 1203 3745 1278 πληρωθήτομαι

2169 1291 2478 1362 πνεύματος
2526 1294 2618 1346 καὶ
2666 1292 2831 1364 λόγον
2885 1293 3168 1367 ἐρεύξομαι
3217 1298 3284 1366 τῇ
3339 1291 3567 1367 βασιλίδι
3605 1297 3743 1369 μητρί·

2169 1383 2260 1434 καὶ
2307 1380 2617 1453 ὀφθήσομαι
2673 1379 2914 1455 φαιδρῶς
2968 1384 3373 1456 πανηγυρίζων,
3428 1382 3512 1438 καὶ
3558 1380 3652 1453 ᾅσω
3674 1407 3746 1458 γης

2168 1467 2394 1540 θόμενος
2421 1469 2622 1538 ταύτης
2650 1469 2716 1524 τὰ
2747 1471 3014 1542 θαύματα.

2240 1563 2314 1612 B’.
2354 1559 2612 1631 Παρθένοι
2664 1556 2921 1623 νεάνιδες,
2979 1558 3070 1614 σὺν
3127 1559 3353 1632 Μαριὰμ
3403 1564 3469 1633 τῇ
3507 1559 3744 1636 προφήτιδι

2168 1642 2317 1717 ᾠδήν
2370 1647 2469 1713 τὴν
2523 1643 2727 1716 ἐξόδιον
2783 1650 2872 1699 νῦν
2931 1645 3253 1720 ἀλαλάξατε·
3311 1651 3346 1716 ἡ
3407 1648 3649 1720 Παρθένος
3674 1650 3744 1721 γὰρ

2167 1732 2257 1786 καὶ
2309 1734 2448 1806 μόνη
2502 1735 2761 1795 Θεοτόκος
2817 1736 2951 1808 πρὸς
2998 1735 3151 1806 λῆξιν
3211 1735 3462 1810 οὐράνιον
3501 1731 3745 1805 διαϐιϐάζε-

2166 1840 2276 1878 ται.

2241 1917 2309 1966 Γ¹.
2345 1911 2534 1982 Ἀξίως
2586 1913 2659 1974 ὡς
2703 1909 2952 1987 ἔμψυχόν
3000 1932 3058 1966 σε
3104 1912 3330 1988 οὐρανὸν
3387 1911 3646 1983 ὑπεδέξατο
3684 1914 3746 1968 οὐ·

2170 2001 2346 2076 ράνια,
2403 1999 2660 2074 πάναγνε,
2721 2003 2838 2055 Θεῖα
2904 2000 3259 2073 σκηνώματα,
3315 2002 3405 2055 καὶ
3459 2005 3746 2077 παρέστεικαε

2169 2086 2408 2166 φαιδρῶς
2439 2089 2774 2160 ὡραϊσμένη,
2807 2090 2880 2151 ὡς
2914 2088 3004 2162 [ὦ]
3036 2090 3223 2166 νύμφη
3257 2089 3558 2164 πανάμιυμε
3592 2095 3656 2161 τῷ
3681 2091 3749 2165 βσ-

2169 2176 2311 2232 σιλεῖ
2340 2177 2428 2231 καὶ
2462 2182 2594 2249 Θεῷ.

2239 2266 2380 2326 Τοὺς
2421 2265 2548 2326 σοὺς
2599 2263 2960 2341 ὑμνολόγους,
3012 2266 3259 2332 Θεοτόκε,
3293 2270 3328 2336 ἡ
3363 2272 3504 2337 ζῶσα
3530 2270 3604 2322 καὶ
3633 2266 3746 2342 ἄφθε-

2165 2375 2260 2416 τος
2305 2357 2483 2428 πηγή,
2546 2354 2726 2408 θίασον
2787 2357 3251 2430 συγκροτήσαντας
3307 2357 3644 2429 πνευματικὸν
3669 2375 3744 2408 στι·

417 2444 718 2500 lebrantes
761 2445 1086 2513 conﬁrma;
1139 2451 1198 2501 et
1250 2447 1311 2500 in
1360 2447 1560 2501 divina
1616 2447 1904 2502 memoria
1958 2455 2049 2504 tua

2190 2443 2392 2498 rémcov'
2435 2441 2522 2496 καὶ
2558 2441 2608 2496 ἐν
2663 2446 2731 2516 τῇ
2795 2445 2911 2514 θείᾳ
2972 2445 3165 2518 μνήμῃ
3221 2465 3316 2498 σου
3351 2446 3600 2522 στεφάνων
3629 2442 3744 2513 δόξης

417 2533 618 2602 glorias
650 2534 883 2588 coronis
905 2534 1164 2606 dignare.

492 2625 570 2676 Ex
602 2623 835 2678 mortali
868 2630 1034 2678 utero
1085 2624 1371 2694 producta
1401 2625 1732 2682 secundum
1764 2631 2057 2696 naturam,

418 2713 866 2768 convenientem
917 2730 1064 2784 pura
1093 2714 1316 2768 exitum
1368 2715 1708 2783 absolvisti;
1743 2733 2060 2787 veramque

417 2801 591 2854 enixa
629 2801 828 2864 vitam,
881 2801 953 2854 ad
1003 2801 1262 2856 divinam
1314 2802 1853 2875 subsistentemque
1880 2807 2058 2860 vitam

416 2888 703 2956 migrasti.

487 2977 913 3049 Theologorum
946 2977 1120 3032 turba
1161 2994 1190 3033 e
1223 2978 1440 3033 ﬁnibus
1489 2985 1679 3047 terrae,
1711 2982 2058 3053 angelorum

417 3065 734 3120 multitudo
787 3066 858 3119 ab
885 3066 1025 3133 alto,
1060 3066 1456 3136 omnipotenti
1489 3074 1637 3124 nutu
1668 3076 2062 3140 properarunt

415 3155 476 3208 in
509 3155 670 3221 Sion,
723 3161 858 3221 tum,
909 3154 1228 3210 laudabilis
1284 3156 1547 3225 Domina,
1597 3158 1918 3228 sepulturae
1947 3159 2058 3214 mi-

415 3243 742 3296 nistraturi.

493 3332 580 3385 1V.
614 3329 907 3392 Divinum,
963 3329 1369 3401 investigabile
1424 3332 1739 3386 consilium
1787 3334 2061 3391 incarna-

420 3419 601 3472 tionis
633 3435 701 3472 ex
742 3423 797 3470 te
841 3418 1072 3489 Virgine
1121 3418 1545 3488 obstupescens
1575 3420 1862 3475 Altissimi
1916 3440 2058 3494 pro-

422 3507 600 3578 pheta
626 3506 914 3573 Habacuc,
977 3506 1324 3561 exclamavit
1351 3523 1364 3560 :
1425 3507 1612 3563 Gloria
1634 3513 1898 3578 potentia:
1931 3519 2058 3578 tum,

419 3597 658 3650 Domine.

493 3684 701 3738 Mirum
734 3701 875 3740 sane
906 3683 1018 3738 fuit
1046 3685 1309 3755 aspicere
1354 3686 1522 3757 Regis
1554 3687 1905 3742 universalis
1937 3689 2062 3744 ani-

2165 2533 2420 2603 ἀξιωσον.

2235 2627 2446 2690 Θνητῆς
2501 2618 2550 2693 ἐξ
2613 2620 2811 2697 ὀσφύος
2871 2626 3210 2695 προαχθεῖσα
3264 2623 3367 2690 τήν
3424 2622 3568 2699 φύσιν
3595 2617 3740 2675 κατάλ-

2164 2705 2337 2776 ληλον
2398 2708 2534 2782 ἀγνή
2592 2709 2692 2776 τήν
2747 2705 2926 2780 ἔξοδον
2984 2705 3260 2778 διήνυσας·
3327 2714 3544 2764 τεκοῦσα
3596 2705 3642 2763 δέ
3677 2709 3740 2772 τήν

2164 2798 2333 2857 ὅντως
2397 2797 2540 2865 ζωὴν
2597 2796 2733 2872 πρὸς
2788 2797 2886 2864 τήν
2951 2797 3095 2865 ζωήν
3160 2800 3494 2869 μεθέστηκας
3529 2798 3616 2868 τήν
3641 2795 3738 2859 θείαν

2162 2886 2250 2939 καὶ
2283 2884 2660 2940 ἐνυπόστατὸν.

2235 2977 2420 3045 Δῆμος
2476 2972 2747 3046 θεολόγων
2809 2973 2868 3027 ἐκ
2925 2973 3194 3046 περάτων,
3248 2973 3299 3047 ἐξ
3362 2976 3523 3048 ὕψους
3552 2970 3738 3049 ἀγγέλων

2164 3059 2220 3116 δέ
2246 3061 2456 3128 πληθὺς
2512 3061 2648 3134 πρὸς
2703 3063 2802 3131 τήν
2863 3063 3006 3116 Σιὼν
3065 3063 3361 3137 ἠπείγοντο
3409 3060 3738 3132 παντοδυνὰμφ

2161 3151 2408 3222 νεύματι,
2441 3151 2765 3226 ἀξιόχρεως,
2818 3151 3103 3222 Δέσποινα,
3147 3155 3216 3224 τῇ
3266 3155 3335 3226 σῇ
3376 3157 3515 3230 ταφῇ
3547 3152 3737 3218 λειτουρ-

2161 3242 2229 3314 γή
2237 3261 2436 3304 σαντες.

2235 3336 2304 3384 Δ’.
2363 3330 2475 3400 Τὴν
2530 3329 2929 3404 ἀνεξιχνίαστον
2989 3329 3131 3392 θείαν
3195 3330 3404 3400 βουλὴν
3462 3332 3552 3398 τήν
3596 3329 3642 3382 ἐκ
3672 3333 3738 3392 τῆς

2165 3416 2436 3491 Παρθένου
2496 3416 2814 3492 σαρκώσεώς
2871 3437 2965 3470 σου
3041 3421 3136 3471 τοῦ
3209 3418 3460 3491 Ὑψίστου
3512 3418 3736 3492 προφήτης

2166 3501 2445 3578 Ἀϐακουμ
2513 3504 2810 3578 ἐξεστηκὼς
2877 3504 3186 3578 ἐκραύγαζε,
3265 3507 3405 3578 Δόξα
3457 3511 3520 3580 τῇ
3570 3503 3740 3574 δυνάμει

2167 3616 2283 3665 σου,
2312 3598 2489 3668 Κύριε.

2238 3679 2456 3756 Θάμϐος
2511 3685 2575 3752 ἦν
2626 3685 2907 3746 θεάσασθαι
2964 3684 3054 3738 τὸν
3110 3683 3338 3757 οὐρανὸν
3391 3689 3483 3739 τοῦ
3523 3677 3740 3754 παμϐασι-

417 3781 639 3829 matum
673 3775 882 3829 coelum
915 3780 1086 3828 terra;
1119 3776 1285 3830 sinus
1315 3776 1673 3846 ingrediens.
1699 3779 1883 3843 Quam
1912 3781 2049 3834 mira

2190 3773 2310 3833 ιέως
2345 3767 2590 3846 ἔμερυχον
2640 3771 2765 3831 τοὺς
2823 3776 3082 3833 κενεῶνας
3142 3772 3515 3848 ὑπερχόμενον
3542 3778 3624 3838 τῆς
3648 3775 3739 3841 γῆς·

415 3878 595 3932 opera
626 3868 725 3918 tua
755 3862 766 3914 Ι
801 3862 992 3918 Gloria
1014 3863 1280 3932 potentiae
1305 3871 1430 3931 tuae,
1456 3867 1700 3920 Domine.

485 4040 787 4110 Siquidem
873 4039 1496 4110 incomprehensibilis
1583 4041 1759 4113 hujus
1810 4042 2056 4111 fructus,

414 4144 519 4199 per
550 4144 728 4198 quam
760 4128 970 4183 caelum
1005 4127 1360 4198 locupletius
1391 4128 1609 4184 factum
1644 4134 1752 4195 est,
1790 4131 2053 4202 sepultu-

414 4232 562 4281 ram,
586 4221 651 4270 ut
681 4215 967 4282 mortalis,
995 4217 1149 4270 ultro
1182 4217 1462 4270 sustin'iil.
1490 4236 1503 4282 ;
1538 4219 1833 4287 quomodo
1866 4220 2058 4290 sepul-

413 4310 607 4358 turam
633 4303 758 4358 sine
781 4303 930 4356 virili
957 4305 1250 4358 consortio
1275 4306 1446 4360 enixa
1471 4307 1638 4376 Virgo
1663 4307 2013 4363 detrectabit
2031 4309 2057 4363 ?

491 4394 548 4446 In
607 4398 728 4457 tuo,
787 4391 888 4445 Dei
949 4392 1242 4454 Genetrix,
1304 4394 1558 4448 transitu
1616 4397 2052 4465 amplissimum

414 4488 598 4538 tuum.
631 4480 728 4533 Dei
761 4495 944 4549 capax
976 4496 1188 4550 corpus
1219 4480 1565 4551 angelorum
1595 4484 1828 4552 agmina
1857 4500 2051 4539 sacra-

415 4570 657 4624 tissimis
687 4568 798 4623 alis
829 4585 960 4622 cum
993 4575 1248 4622 tremore
1282 4573 1338 4622 et
1365 4569 1578 4639 gaudio
1610 4577 1942 4627 contexere.

487 4661 546 4713 V.
580 4659 805 4712 Cuncta
833 4657 896 4712 in
937 4655 1136 4711 divina
1169 4663 1268 4710 tua
1315 4657 1606 4713 memoria
1655 4657 2049 4729 Obstupuere;

412 4754 475 4802 tu
505 4748 682 4808 enim.
715 4747 1021 4816 inexperta
1074 4744 1182 4797 viri
1238 4745 1428 4816 Virgo,
1481 4761 1510 4799 e
1562 4750 1735 4813 terra,
1773 4753 2050 4818 tanquam

413 4854 548 4892 arca
577 4837 726 4902 vitae,
752 4835 824 4889 ad
855 4833 1091 4888 cmleste
1123 4832 1490 4887 domicilium
1524 4834 1831 4897 transiisti,
1865 4839 2053 4892 omni—

411 4926 521 4980 bus
552 4931 608 4978 te
640 4922 1089 4978 concinentibus
1112 4936 1316 4990 pacem
1344 4939 1448 4991 pro
1475 4924 1740 4978 mercede
1772 4924 2048 4995 largiens.

481 5012 905 5081 Theologorum
966 5009 1142 5063 hodie
1196 5015 1556 5078 concrepent
1612 5011 1789 5076 tuba},
1851 5013 2049 5067 multi-

413 5117 558 5154 sona
589 5099 893 5152 hominum
924 5114 1080 5151 nunc
1104 5097 1306 5168 lingua
1335 5097 1652 5166 praedicet;
1686 5115 1786 5152 aer
1818 5101 2048 5155 infinito

413 5189 710 5244 cellucens
742 5185 986 5248 lumine,
1019 5186 1453 5251 circumsonet;
1493 5185 1686 5254 angeli
1719 5187 2050 5255 purissima)

413 5275 829 5330 dormitionem
862 5272 1097 5341 hymnis
1131 5273 1568 5328 concelebrent.

485 5427 560 5494 (α)
590 5426 829 5486 lauare,
867 5420 1115 5494 Catelog.
1147 5423 1264 5477 cod.
1299 5423 1470 5478 Grazc.
1522 5424 1758 5488 Mat-rit,

2171 3862 2256 3921 Ὡς
2316 3861 2595 3932 θαυμαστά
2645 3859 2712 3913 τά
2768 3857 2898 3932 ἔργα
2956 3861 3088 3915 σουῘ
3151 3862 3288 3932 Δόξα
3335 3865 3403 3935 τῇ
3436 3858 3632 3931 δυνάμει
3657 3877 3739 3918 σου,

2169 3948 2351 4022 Κύριε.

2236 4036 2300 4092 Εἰ
2333 4037 2360 4090 ὁ
2390 4035 2775 4104 ἀκατάληπτος
2817 4034 3018 4104 ταύτης
3064 4037 3271 4099 καρπὸς
3331 4034 3402 4092 δι’
3455 4037 3517 4104 ἢν
3567 4030 3737 4107 οὐρανὸς

2164 4122 2504 4199 ἐχρημάτισε
2540 4126 2714 4199 ταφὴν
2778 4124 2980 4190 ὑπέστη
3040 4123 3302 4185 ἑκουσίως
3336 4126 3412 4186 ὡς
3440 4123 3628 4191 Θνητὸς,
3655 4121 3735 4174 πῶς

2162 4214 2259 4281 τήν
2291 4214 2465 4288 ταφὴν
2497 4212 2782 4287 ἀρνήσεται
2814 4213 2848 4280 ἡ
2883 4210 3263 4286 ἁπειρογάμως
3293 4217 3563 4283 mirﬁcum;

2233 4393 2322 4448 Ἐν
2352 4395 2418 4463 τῇ
2483 4391 2801 4462 μεταστάσει
2862 4411 2981 4458 σου,
3042 4396 3212 4462 μῆτερ
3271 4394 3426 4458 Θεοῦ,
3481 4381 3732 4463 εὐρυχωρὸ-

2159 4501 2316 4535 τατον
2374 4485 2533 4552 σῶμα
2586 4501 2681 4533 σου
2759 4477 3019 4553 θεοδόχον
3081 4484 3189 4533 τῶν
3249 4479 3494 4554 ἀγγέλων
3548 4468 3726 4548 στρατιπῖ

2163 4571 2472 4645 ἰερωτάταις
2503 4572 2718 4643 πτέρυξι
2749 4568 2940 4641 τρόμῳ
2970 4571 3056 4623 καὶ
3092 4574 3236 4644 χαρᾷ
3265 4569 3652 4624 συνεκάλυπτον.

2231 4665 2303 4715 Ε¹.
2341 4661 2552 4729 Ἐξέστη
2597 4658 2662 4712 τὰ
2709 4658 2992 4730 σύμπαντα
3045 4658 3128 4710 ἐπὶ
3179 4661 3246 4730 τῇ
3299 4659 3415 4728 θείᾳ
3461 4658 3624 4728 μνήμῃ
3647 4669 3725 4704 σω-

2163 4746 2236 4801 Σὺ
2266 4749 2386 4821 γάρ»
2424 4746 2760 4820 ἀπειρόγαμε
2809 4747 3066 4820 Παρθένε,
3115 4753 3278 4820 γῆθεν
3329 4743 3572 4818 μετέστης
3597 4740 3724 4805 ὥσπερ

2161 4840 2304 4904 ζωῆς
2333 4831 2567 4895 κιϐωτὸς
2617 4835 2751 4904 πρὸς
2798 4835 2897 4902 τὴν
2947 4833 3260 4906 ἐπουράνιον
3301 4835 3488 4904 μονὴν,
3517 4828 3724 4884 πᾶσιτοῖς

2163 4924 2389 4994 ὑμνοῦσί
2423 4945 2478 4976 σε
2506 4924 2605 4990 τὴν
2635 4922 2857 4995 εἰρήνην
2891 4917 3247 4995 βραϐεύουσα.

2232 5013 2593 5084 Κροτείτωσαν
2655 5010 2948 5083 σάλπιγγες
3029 5014 3136 5063 τῶν
3198 5009 3473 5083 θεολόγων
3525 5009 3722 5075 σήμερον

2158 5100 2383 5173 γλῶσσα
2414 5098 2469 5154 δέ
2512 5098 2900 5172 πολύφθογγος
2959 5099 3258 5168 ἀνθρώπων
3313 5103 3402 5150 νῦν
3460 5091 3722 5171 εὐφημείτωο

2164 5188 2510 5261 Περιηχείτω
2564 5188 2690 5257 ἀὴρ,
2749 5185 2954 5260 ἀπείρῳ
3012 5184 3364 5256 λαμπόμενος
3409 5181 3724 5260 φωτί.”Αγγε-

2163 5273 2252 5329 λοι
2285 5275 2614 5347 ὑμνείτωσαν
2645 5281 2746 5343 τῆς
2777 5275 3047 5348 πανάγνου
3077 5275 3175 5344 τὴν
3204 5273 3478 5346 κοίμησιν.

1813 5441 1867 5492 ρ.
2065 5455 2146 5504 _-—
2181 5426 2257 5479 De
2305 5426 2416 5504 hoc
2457 5442 2680 5480 canone
2713 5425 2833 5479 sive
2865 5424 3082 5504 hymno
3116 5423 3280 5504 nulla
3308 5412 3720 5504 prorsus'mejltltlif

414 5483 1174 5565 in'Lequinianaeditio'ne.
1200 5494 1352 5546 Duos
1386 5483 1940 5565 tamenhuju'smodi
1967 5494 2036 5549 ab
2057 5497 2278 5550 Joanne
2303 5498 2661 5552 Damasceno
2695 5483 3060 5565 conscriptos
3093 5483 3363 5565 operibus
3397 5495 3515 5565 ejus
3538 5483 3718 5543 ineditis

413 5561 770 5623 annumerat
799 5561 1097 5618 Fabricius
1125 5577 1375 5631 quorum
1405 5562 1556 5616 alter
1587 5561 1710 5633 ipse
1742 5569 1831 5621 est
1851 5565 1922 5618 de
1953 5582 2066 5636 quo
2097 5567 2306 5640 agitur.
