3964 6144
246 346 384 404 1365

1181 343 1422 399 CANON
1462 343 1538 396 IN
1574 338 2076 395 DORMITIONEM
2120 340 2237 393 DEI
2278 340 2708 395 GENITBICIS.

3506 332 3529 385 1
3540 332 3645 387 366

314 470 385 524 Τὸ
414 469 601 527 σκεῦος
631 463 887 539 διέπρεπε
940 470 1042 533 τῆς
1100 465 1337 539 ὶκλογῆς
1381 466 1498 523 τοῖς
1545 459 1737 533 ὕμνοις
1768 475 1885 513 σου·

2076 461 2185 515 Vas
2215 460 2526 517 electionis
2580 461 2735 516 inter
2791 460 2938 515 alios
2985 459 3200 514 claruit
3258 458 3394 523 tuis,
3449 457 3639 527 Virgo,

243 556 374 618 ὅλος
406 554 768 626 ἐξιστάμενος,
804 553 1057 628 Παρθένε’
1102 549 1344 624 ἔκδημος
1402 549 1532 611 ὅλος
1585 548 1885 624 ἱερώμενος

241 650 356 718 Θεῷ
382 648 500 706 τοῖς
531 648 661 698 πᾶσι
694 642 999 712 θεόΛηπτος
1055 641 1146 697 καὶ
1193 639 1268 696 ὢν
1327 637 1497 702 ὅντως
1554 642 1646 694 καί
1677 634 1882 692 δεικνύ-

244 755 425 810 μενος,
457 733 686 789 Θεοτόκε
714 729 1052 804 πανύμνητε.

308 909 388 968 3".
444 912 554 980 Τὴν
611 910 753 965 θείαν
838 908 1041 979 ταύτην
1101 907 1191 964 καὶ
1249 905 1537 978 πάνδημον
1595 902 1880 962 τελοῦντες

244 1001 459 1075 ἑορτὴν,
493 1000 545 1053 οἱ
576 998 884 1072 θεόφρονες,
914 1004 1016 1067 τῆς
1048 998 1402 1069 Θεομήτορος
1442 991 1591 1048 δεῦτε
1635 990 1730 1053 τὰς
1763 994 1882 1064 χεῖ·

244 1109 337 1164 ρας
367 1089 724 1164 κροτήσωμεν
755 1087 848 1142 τὸν
881 1084 931 1156 ἐξ
961 1084 1128 1155 αὐτῆς
1157 1086 1418 1160 τεχθέντα
1464 1085 1677 1137 πιστοῖς
1726 1077 1883 1149 δοξά-

245 1183 443 1248 ζοντες.

312 1264 406 1320 Ἐκ
436 1264 531 1317 σοῦ
567 1261 683 1330 ζωή
715 1258 1041 1316 ἀνατέταλκε
1094 1260 1190 1320 τὰς
1245 1258 1395 1321 κλεῖς
1449 1264 1550 1326 τῆς
1592 1252 1881 1331 παρθενίας

243 1352 317 1425 μὴ
348 1349 577 1406 λύσασα.
613 1350 740 1412 Πῶς
771 1348 863 1404 οὖν
895 1348 958 1404 τὸ
1010 1346 1281 1422 ἄχραντον
1340 1346 1647 1421 ζωαρχικόν
1678 1344 1737 1399 τέ
1786 1364 1882 1398 σου

244 1441 503 1510 σκήνωμα
572 1440 673 1507 τῆς
725 1440 823 1492 τοῦ
907 1438 1143 1501 θανάτου
1199 1435 1389 1511 πείρας
1471 1433 1697 1510 γέγονας
1755 1432 1881 1505 μέτ-

243 1547 376 1603 οχος
409 1546 422 1597 ;

310 1621 463 1686 Ζωῆς
495 1615 769 1688 ὑπάρξασα
818 1613 1073 1686 τέμενος,
1134 1618 1280 1683 ζωῆς
1339 1618 1442 1680 τῆς
1495 1608 1675 1666 ἀϊδίου
1727 1607 1883 1665 τετύ-

244 1721 439 1780 χηκας·
473 1701 563 1758 διὰ
591 1701 944 1780 θανάτουσγὰρ
974 1702 1110 1775 πρὸς
1136 1702 1235 1769 τήν
1296 1701 1441 1770 ζωὴν
1509 1692 1881 1772 μεταϐέϐηκας

242 1796 274 1864 ἡ
308 1795 406 1862 τὴν
440 1794 583 1862 ζωήν
615 1795 843 1847 τεκοῦσα
869 1791 971 1858 τὴν
996 1790 1377 1846 ἐνυπόστατον.

303 1882 376 1939 Ζ’.
408 1880 522 1938 Οὐκ
546 1879 865 1952 ἐλάτρευσαν
918 1882 987 1953 τῇ
1041 1879 1211 1934 κτίσει
1271 1878 1322 1933 οἱ
1380 1876 1665 1953 θεόφρονες
1722 1874 1871 1947 παρᾶ

235 1972 323 2025 τὸν
357 1969 645 2026 Κτίσανταο
678 1965 824 2024 ἆλλᾶ
863 1969 1034 2042 πυρὸς
1089 1964 1319 2035 ἀπειλὴν
1381 1962 1639 2038 ἀνδρείως
1694 1963 1872 2031 πατή-

234 2079 437 2127 σαντες,
523 2054 746 2132 ἔχαιρον
830 2054 1155 2130 ψάλλοντες,
1231 2055 1602 2128 Ὑπερύμνητε
1677 2052 1705 2105 ὁ
1760 2055 1867 2106 τῶν

239 2148 490 2222 Πατέρων
526 2145 720 2220 Κύριος
749 2144 840 2201 καὶ
872 2145 1023 2211 Θεὸς,
1056 2143 1352 2217 εὐλογητὸς
1382 2144 1450 2197 εἴ.

303 2250 583 2307 Νεανίσκοι
640 2250 729 2305 καὶ
786 2250 1039 2320 παρθένοι
1103 2255 1202 2319 τῆς
1289 2247 1557 2321 Παρθένου
1639 2265 1698 2300 τε
1777 2243 1870 2300 καὶ

237 2342 587 2414 Θεομήτρρος
642 2341 741 2407 τήν
797 2340 1020 2411 μνήμην
1080 2331 1349 2405 σέϐοντες,
1407 2329 1702 2411 πρεσϐύται
1780 2333 1871 2388 καὶ

233 2427 493 2504 ἄρχοντες
547 2427 637 2483 καὶ
709 2427 955 2503 βασιλεῖς
1028 2424 1120 2481 σὺν
1198 2428 1407 2500 κριταῖς
1494 2419 1872 2496 μελῳδήσατε,

230 2518 291 2575 Ὀ
354 2520 463 2571 τῶν
552 2516 799 2590 πατέρων
880 2514 1082 2589 Κύριος
1161 2514 1251 2569 καὶ
1335 2512 1487 2582 Θεὸς,
1571 2508 1872 2584 εὐλογητὸς

232 2608 297 2661 εἴ.

302 2691 729 2749 Σαλπισατωσαν
786 2696 856 2766 τῇ
906 2690 1164 2767 σάλπιγγι
1236 2694 1333 2745 τοῦ
1404 2688 1709 2760 πνεύματος
1770 2684 1869 2763 ὄρη

234 2782 502 2858 οὐράνια,
562 2779 1013 2855 ἂγαλλιάσθωσαν
1079 2778 1265 2855 βουνοί
1320 2777 1410 2832 καὶ
1480 2777 1870 2844 σκιρτάτωσαν·

235 2879 368 2937 θεῖοι
400 2869 722 2939 ἀπόστολοι,
745 2872 780 2940 ἡ
810 2871 1109 2943 πανήγυρις
1158 2874 1259 2938 τῆς
1308 2866 1599 2933 Θεοτόκου,
1633 2867 1873 2939 σήμερον

239 2962 509 3032 μυστικῶς
535 2978 637 3012 παν
646 2956 886 3033 ηγυρίσω
894 2977 988 3028 μεν
999 2999 1011 3013 .

302 3045 365 3103 Ἡ
417 3045 672 3118 πανίερος
721 3045 1041 3117 μετάστασις
1103 3050 1204 3113 τῆς
1264 3040 1411 3106 θείας
1458 3060 1553 3093 σου
1602 3038 1691 3093 καὶ
1740 3037 1873 3109 ἄκη-

238 3134 406 3207 ράτου
468 3134 676 3205 μητρὸς
722 3133 789 3187 τὰ
847 3131 1190 3205 ὑπερκόσμια
1240 3134 1349 3185 τῶν
1427 3126 1539 3182 ἄνω
1594 3123 1873 3200 δυνάμεων

235 3221 461 3294 ¹ἤθροισε
488 3222 758 3293 τάγματα’
821 3218 1262 3295 συνευφραίνεσθε
1316 3222 1431 3280 τοῖς
1489 3214 1577 3270 ἐπὶ
1631 3221 1734 3291 γῆς
1792 3230 1876 3270 σοι

248 3306 568 3382 μέλπουσιν·
602 3309 664 3365 Ὀ
694 3315 846 3377 Θεος,
871 3307 1167 3382 εὐλογητὸς
1197 3308 1263 3364 εἴ.

312 3398 386 3453 H'.
450 3395 655 3457 Ηαῖδας
710 3394 920 3471 εὐαγεῖς
974 3396 1027 3450 ἐν
1085 3400 1155 3470 τῇ
1203 3395 1417 3469 καμίνῳ
1488 3397 1516 3451 δ
1572 3395 1733 3456 τόκος
1782 3399 1881 3462 τῆς

241 3485 508 3541 Θεοτόκου
541 3482 856 3539 διεσώσατο·
906 3484 1029 3539 τότε
1090 3485 1183 3558 μὲν
1240 3485 1604 3557 τυπούμενος,
1688 3486 1778 3537 νῦν
1824 3479 1882 3536 δὲ

248 3572 654 3649 ἐνεργούμενος,
713 3574 813 3640 τὴν
865 3571 1190 3646 οἰκουμένην
1242 3570 1685 3647 ἅπασανξζῆγειρε
1741 3568 1881 3644 ψάλ-

244 3660 470 3733 λουσαν,
503 3662 609 3718 Τὸν
646 3660 836 3736 Κύριον
874 3661 1106 3734 ὑμνεῖτε,
1134 3663 1201 3716 τὰ
1229 3656 1375 3736 ἔργα.

312 3770 417 3835 Τὴν
455 3770 677 3841 μνήμην
708 3788 825 3837 σου,
855 3763 1092 3842 ἄχραντε
1123 3766 1373 3841 Παρθένε,
1431 3768 1633 3843 Ἀρχαί
1677 3788 1736 3823 τε
1789 3769 1879 3823 καὶ

245 3857 513 3927 Ἐξουσίαι
596 3856 687 3911 καὶ
746 3856 1033 3927 Δυνάμεις,
1117 3854 1408 3930 νΑγγελοι,
1492 3855 1879 3931 Ἀρχάγγελοι,

243 3945 840 4021 Θρόνοι,Κυριότητες,
897 3945 965 3997 τὰ
1011 3938 1638 4017 Χερουϐἰμιδοξάζουσιο
1669 3943 1759 3999 καὶ
1814 3944 1880 3998 τὰ

244 4034 440 4111 φρικτὰ
471 4033 736 4110 Σεραφίμ·
788 4032 1088 4105 ἀνθρώπων
1145 4028 1314 4105 δὲδξτὸ
1370 4029 1526 4106 γένος
1585 4031 1878 4105 ὑμνοῧμεν,

244 4122 335 4177 καὶ
368 4123 744 4197 ὁπερυψοῢμεν
777 4119 852 4182 εἷς
881 4118 1082 4182 πάντας
1113 4119 1239 4182 τοὺς
1276 4118 1496 4182 αἰῶνας.

317 4301 377 4358 Ὀ
408 4301 570 4372 ξένως
598 4298 823 4367 οἰκήσας
854 4296 906 4352 έν
964 4300 1032 4371 τῇ
1088 4296 1343 4371 ἆχράντῳ
1401 4317 1496 4350 σου
1551 4294 1713 4367 νηδύϊ
1728 4298 1880 4371 Ξσαρ-

242 4389 509 4461 κούμενος
539 4386 701 4448 οὗτος
742 4387 805 4439 τὸ
868 4384 1119 4459 πανίερον
1147 4387 1361 4459 πνεῦμά
1416 4407 1510 4441 σου
1567 4383 1880 4459 δεξάμενος,

246 4477 300 4532 ἐν
335 4478 508 4548 ἑαυτῷ
536 4476 863 4529 κατέπαυσεν
893 4476 965 4536 ὡς
1000 4474 1288 4550 ὀφειλέτης
1336 4474 1476 4538 Υἱός.
1513 4476 1605 4529 Διό
1664 4495 1722 4529 σε
1774 4476 1874 4544 τήν

245 4567 513 4639 Παρθένον
546 4563 817 4633 ὑμνοῦμεν
849 4562 939 4615 καὶ
972 4563 1369 4636 ὑπεροψοῦμεν.

311 4655 379 4707 ’Ὠ
426 4656 529 4704 τῶν
586 4650 716 4722 ὑπὲρ
777 4646 981 4702 ἔννοιαν
1041 4652 1326 4721 θαυμάτων
1376 4657 1478 4720 τῆς
1508 4651 1875 4726 ξᾶειπαρθένου

242 4741 333 4797 καὶ
367 4739 712 4809 Θεομήτορος
748 4738 760 4791 ί
792 4735 974 4812 Τάφον
1016 4736 1119 4810 γὰρ
1177 4737 1439 4805 οἷκήσασα
1498 4735 1661 4811 ἔδειξε
1703 4739 1879 4815 παρά-

246 4829 421 4886 δεισον
454 4828 499 4899 ᾧ
529 4829 868 4899 παρεστῶτες
908 4827 1144 4897 σήμερον
1208 4823 1510 4898 χαίροντες,
1567 4826 1873 4899 ψάλλομεν.

243 4919 345 4973 Τὸν
377 4917 580 4989 Κύριον
611 4915 837 4983 ἡμνεῖτε
865 4910 956 4964 καὶ
993 4910 1345 4983 ὑπερυψοῦτε.

317 5013 390 5060 8‘.
444 5009 618 5062 ’Ἅπας
667 5000 900 5073 γηγενὴς
960 4999 1227 5073 σκιρτᾶτω
1282 5003 1361 5069 τῷ
1412 4999 1675 5071 πνεύματι
1735 5000 1879 5073 λαμ-

238 5090 711 5166 παδουχούμενος.
748 5088 1165 5161 Πανηγυριζὲτω
1197 5084 1253 5141 δὲ
1301 5084 1480 5141 ἀΰλων
1539 5087 1677 5142 νόων
1724 5088 1878 5166 φύσις

239 5182 570 5260 γεραίρουσα
618 5179 716 5247 τήν
773 5175 919 5252 ἱερᾶν
983 5175 1301 5248 μετάστασιν
1357 5183 1457 5245 τῆς
1505 5179 1874 5251 Θεομήτοροςο

235 5272 329 5328 καὶ
364 5270 565 5345 βοάτω,
617 5263 865 5340 Χαίροις,
925 5266 1347 5340 παμμακάριστε
1403 5273 1648 5335 Θεοτοκε,
1716 5268 1874 5342 ἆγνὴ,

240 5358 576 5432 ἀειπάρθετε.
939 5368 947 5376 ”

316 5452 475 5502 Δεῦτε
495 5444 549 5498 έν
585 5444 728 5498 Σιὼν
757 5445 836 5512 τῷ
868 5440 999 5513 θείῳ
1030 5442 1120 5496 καὶ
1176 5441 1323 5496 πίονι
1381 5437 1497 5518 ὄρει
1550 5447 1645 5498 τοῦ
1674 5449 1873 5514 ζῶντος

240 5540 377 5593 Θεοῦ
431 5530 890 5609 ἀγαλλιασώμεθα
936 5531 1035 5601 τήν
1097 5531 1356 5586 Θεοτόκον
1410 5531 1872 5606 ένοπτριζόμενοι·

238 5626 376 5700 πρὸς
405 5622 504 5697 γὰρ
537 5622 636 5691 τὴν
693 5617 813 5674 λίαν
864 5619 1145 5694 κρείττονα
1198 5619 1288 5675 καὶ
1346 5622 1616 5697 θειοτέραν
1672 5624 1873 5693 σκηνὴν

1993 550 2261 615 canticis,
2298 555 2454 605 totus
2486 550 2547 604 in
2579 549 3032 605 admirationem
3092 552 3328 615 raptus;
3386 545 3641 617 peregri-

1991 654 2105 694 nus
2137 638 2332 694 omnis
2365 638 2710 695 sacriﬁcans
2768 639 2907 704 Deo,
2965 643 3024 692 et
3062 637 3401 707 quicunque
3432 635 3632 689 omni-

1990 726 2101 782 bus
2135 732 2243 798 est,
2278 733 2337 783 et
2367 744 2497 783 vere
2527 727 2862 783 ostenditur
2880 725 3077 781 divino
3101 725 3345 780 numine
3374 723 3630 790 afﬂatus,

1993 831 2025 871 o
2058 816 2228 889 Virgo
2260 818 2426 872 omni
2460 834 2706 888 prorsus
2742 820 2917 871 cantu
2948 814 3316 886 dignissima.

2066 906 2155 961 VI.
2192 906 2457 961 Divinam
2490 907 2643 961 hanc
2675 911 2733 960 et
2762 904 3061 977 publicam
3120 902 3222 958 Dei
3280 900 3485 956 matris
3538 916 3637 954 co—

1994 991 2188 1047 lentes
2244 994 2644 1060 festivitatem,
2705 1010 2736 1047 ο
2797 993 3002 1046 Divina
3057 992 3373 1062 sapientes,
3460 989 3632 1059 agite,

1993 1080 2269 1137 manibus
2302 1081 2678 1152 plaudamus,
2712 1097 2784 1136 ex
2804 1080 2908 1134 illa
2936 1085 3142 1135 natum
3172 1079 3446 1133 ﬁdelibus
3477 1076 3633 1132 cele-

1989 1167 2251 1225 brantes.

2062 1260 2144 1315 Ex
2176 1263 2231 1312 te
2262 1263 2392 1315 orta
2424 1263 2512 1315 est
2556 1259 2672 1314 vita
2733 1256 3094 1330 Virginitatis
3151 1255 3340 1310 claves
3384 1254 3631 1309 minime

1991 1347 2247 1403 solvens.
2278 1348 2581 1412 Quomodo
2604 1348 2801 1418 igitur,
2821 1362 2955 1402 cum
2987 1344 3434 1401 immaculatum
3455 1348 3629 1413 atque

1990 1436 2053 1490 in
2085 1436 2294 1506 primis
2309 1437 2483 1492 vitale
2516 1436 2964 1492 tabernaculum
2994 1440 3160 1490 tuum
3190 1433 3388 1499 fuerit,
3424 1431 3629 1486 mortis

1992 1524 2375 1595 experientia;
2404 1524 2559 1579 facta
2586 1541 2649 1579 es
2680 1523 2973 1595 particeps
3002 1522 3030 1577 ?

2065 1614 2207 1669 Vitae
2238 1616 2368 1685 ipsa
2398 1615 2708 1686 templum,
2741 1615 2919 1669 vitam
2952 1617 3125 1668 nacta
3156 1628 3217 1666 es
3246 1614 3624 1683 perpetuam;

1989 1718 2098 1775 per
2127 1709 2380 1758 mortem
2414 1704 2573 1758 enim
2596 1703 2668 1758 ad
2716 1703 2894 1758 vitam
2948 1701 3260 1769 transiisti,
3294 1717 3423 1771 quae
3451 1700 3629 1754 vitam

1909 1823 1956 1888 B
1989 1807 2123 1846 vero
2148 1791 2569 1847 subsistentem
2595 1790 2917 1863 pepereris.

2057 1881 2173 1934 VII.
2208 1879 2414 1934 Divina
2445 1879 2745 1951 sapientes
2774 1879 2880 1933 viri
2908 1883 3241 1933 creaturam
3291 1893 3395 1948 pro
3452 1875 3622 1930 Crea-

1979 1971 2106 2021 tore
2136 1982 2257 2020 non
2291 1966 2733 2033 adoraverunt;
2776 1965 2879 2020 sed
2934 1965 3088 2037 ignis
3137 1965 3329 2019 minas
3378 1963 3625 2017 viriliter

1978 2054 2293 2126 patientes,
2354 2053 2728 2121 laatabantur,
2760 2059 3080 2109 canentes:
3122 2055 3338 2109 Summe
3371 2052 3619 2107 laudabi-

1982 2145 2047 2199 lis
2078 2145 2308 2197 Patrum
2329 2144 2558 2197 Domine
2588 2159 2652 2198 ac
2684 2143 2840 2210 Deus,
2870 2144 3180 2197 benedictus
3211 2158 3281 2196 es.

2050 2249 2354 2306 Juvenculi
2387 2254 2445 2304 et
2500 2249 2775 2322 virgines,
2832 2253 2960 2304 tum
3010 2249 3284 2322 Virginis,
3344 2255 3467 2303 tum
3519 2248 3618 2303 Dei

1980 2339 2178 2394 Matris
2201 2338 2548 2394 memoriam
2579 2342 2947 2406 venerantes,
2980 2354 3151 2392 senes
3211 2342 3269 2391 et
3323 2336 3622 2407 principes

1982 2432 2047 2498 et
2068 2443 2236 2499 reges
2266 2443 2399 2481 cum
2424 2426 2728 2498 judicibus
2768 2432 3001 2482 cantate
3056 2443 3068 2481 :
3119 2432 3346 2482 Patrum
3399 2426 3623 2480 Domine

1981 2532 2044 2571 ac
2072 2517 2230 2584 Deus,
2258 2516 2569 2577 benedictus
2594 2530 2666 2569 es.

2054 2692 2213 2748 Tuba
2243 2691 2486 2763 spiritus
2517 2697 2751 2748 montes
2782 2691 3052 2746 caelestes
3109 2690 3405 2763 clangant,
3439 2691 3622 2747 colles

1984 2781 2279 2855 gaudeant
2303 2785 2363 2836 et
2389 2780 2704 2834 exsultent.
2742 2779 2944 2845 Hodie,
2968 2779 3219 2849 apostoli
3251 2780 3451 2843 divini,
3488 2781 3622 2835 Dei-

1985 2886 2144 2942 paraa
2167 2869 2430 2924 laudatio
2463 2886 2477 2935 ;
2510 2867 2758 2939 mystice
2794 2868 3125 2923 laudemus.

2059 3047 2479 3102 Sanctissimus
2512 3046 2724 3100 divinae
2785 3050 2843 3100 et
2895 3045 3253 3116 incorruptae
3285 3046 3485 3101 Matris
3510 3051 3624 3101 tuae

1987 3136 2272 3191 transitus
2302 3135 2565 3190 cmlestia
2595 3150 2981 3205 supernarum
2999 3136 3358 3188 Potestatum
3392 3136 3627 3206 agmina

1988 3223 2336 3280 tremefecit.
2364 3224 2506 3278 Cum
2541 3222 2661 3277 illis
2691 3221 3089 3293 gaudendum,
3117 3223 3217 3293 qui
3246 3223 3347 3277 tibi
3379 3224 3440 3277 in
3474 3229 3627 3278 terra

1988 3318 2209 3369 canunt
2234 3329 2246 3366 ε
2278 3313 2599 3367 Benedictus
2629 3328 2701 3378 es,
2730 3312 2882 3367 Deus.

2062 3403 2203 3455 Vlll.
2240 3402 2485 3456 Sanctos
2541 3416 2757 3472 pueros
2802 3400 3051 3455 servavit
3099 3400 3162 3455 in
3217 3400 3457 3457 fornace
3523 3402 3627 3456 Dei

1991 3490 2304 3546 Genitricis
2329 3495 2553 3561 partus,
2593 3494 2733 3543 tunc
2791 3490 3075 3561 figuratus
3125 3490 3362 3560 quidem
3399 3507 3412 3554 ;
3468 3507 3629 3545 nunc

1989 3596 2124 3635 vero
2156 3578 2457 3650 impletus,
2490 3578 2828 3632 universum
2870 3577 3073 3633 orbem
3107 3578 3378 3632 excitavit
3410 3594 3624 3632 canen-

1991 3673 2110 3723 tem
2147 3684 2160 3721 :
2192 3667 2461 3733 Laudate,
2494 3682 2677 3735 opera,
2703 3665 3014 3720 Dominum.

2060 3776 2264 3839 Tuam,
2296 3771 2679 3826 immaculata
2708 3771 2900 3844 Virgo,
2955 3771 3303 3826 memoriam
3322 3772 3625 3843 Principa-

1989 3866 2105 3925 tus,
2140 3862 2467 3917 Potestates
2511 3876 2578 3914 ac
2619 3860 2876 3915 Virtutes
2910 3877 2922 3926 ;
2975 3860 3201 3931 Angeli,
3252 3862 3624 3934 Archangeli,

1988 3950 2229 4013 Throni,
2292 3948 2758 4013 Dominationes,
2827 3949 3142 4003 Cherubim
3202 3965 3269 4004 ac
3319 3952 3627 4006 tremenda

1989 4039 2296 4109 Seraphim
2326 4037 2603 4093 laudibus
2631 4036 3089 4104 concelebrant;
3151 4038 3458 4093 hominum
3490 4056 3623 4094 vero

1987 4143 2174 4200 genus
2206 4126 2474 4183 canimus
2508 4130 2565 4179 et
2614 4125 3134 4196 superextollimus
3181 4126 3242 4179 in
3273 4127 3474 4182 omnia
3515 4145 3625 4183 saa-

1985 4217 2138 4274 cula.

2060 4305 2167 4370 Qui
2197 4305 2259 4359 in
2288 4309 2389 4359 tuo
2422 4302 2802 4357 immaculato
2857 4307 3058 4356 ventre
3102 4303 3452 4374 hospitatus,
3506 4323 3627 4361 car-

1987 4411 2125 4449 nem
2159 4393 2370 4455 induit,
2396 4393 2448 4446 is
2480 4391 2918 4446 sanctissimum
2979 4391 3251 4462 spiritum
3313 4399 3477 4448 tuum
3522 4413 3622 4450 ex-

1988 4484 2237 4555 cipiens,
2272 4482 2334 4536 in
2364 4481 2513 4551 ipso,
2547 4486 2829 4551 tanquam
2878 4480 3112 4535 debitor
3136 4481 3337 4540 Filius.
3390 4486 3623 4554 requie-

1987 4572 2087 4628 vit.
2110 4571 2247 4626 Ideo
2272 4577 2326 4624 te
2358 4569 2653 4641 Virginem
2693 4570 2963 4624 canimus
2994 4575 3052 4623 et
3081 4572 3620 4640 superextollimus.

2057 4662 2099 4715 O
2159 4659 2466 4714 intellectu
2530 4657 2743 4712 altiora
2791 4674 3025 4728 semper
3084 4660 3335 4728 Virginis
3397 4675 3463 4714 ac
3524 4661 3621 4714 Dei

1987 4748 2296 4803 Genitricis
2345 4746 2661 4802 miracula!
2696 4748 3011 4816 Postquam
3071 4748 3229 4801 enim
3288 4748 3624 4818 sepulcrum

1986 4836 2288 4900 habitavit,
2323 4836 2664 4906 paradisum
2697 4836 2975 4893 ostendit.
3023 4837 3113 4889 cui
3149 4842 3407 4889 astantes
3450 4837 3621 4892 hodie

1987 4924 2104 4978 laeti
2140 4924 2442 4978 canimus:
2473 4925 2701 4977 Cantate
2725 4930 2779 4977 et
2796 4924 3211 4993 supereatmllite
3246 4924 3547 4978 Dominum.

2057 5013 2153 5065 1X.
2217 5010 2531 5081 Terrigena
2570 5011 2762 5065 omnis
2829 5012 3038 5080 spiritu
3098 5011 3371 5077 exsultet,
3433 5014 3620 5067 facem

1984 5098 2202 5154 ferens.
2237 5098 2517 5153 Mentium
2549 5115 2683 5153 vero
2728 5100 2990 5153 materim
3041 5100 3354 5154 exsortium
3410 5107 3623 5157 natura

1985 5189 2047 5243 in
2078 5187 2283 5243 laudes
2314 5192 2426 5254 eat,
2485 5195 2753 5243 sanctum
2804 5187 2903 5241 Dei
2953 5188 3265 5242 Genitricis
3305 5191 3619 5244 transitum

1982 5293 2304 5341 venerans;
2339 5280 2397 5330 et
2426 5276 2713 5330 exclamet
2748 5266 2973 5345 :‘Salve,
3024 5276 3332 5333 beatissima
3365 5279 3616 5349 Deipara,

1976 5382 2144 5436 pura,
2168 5379 2377 5434 semper
2400 5365 2587 5432 Virgo.

2054 5454 2241 5524 Agite,
2274 5452 2337 5505 in
2380 5451 2540 5516 Sion,
2598 5450 2794 5505 divino
2853 5456 2910 5505 et
2965 5453 3167 5525 pingui
3216 5455 3315 5509 Dei
3374 5455 3618 5509 viventis

1982 5547 2184 5597 monte
2238 5539 2685 5604 exsultabimus,
2755 5540 3065 5612 Deiparam
3135 5543 3294 5597 velut
3345 5544 3404 5597 in
3486 5560 3614 5613 spe-

1983 5630 2117 5689 culo
2139 5630 2441 5686 intuentes
2465 5644 2480 5697 ;
2503 5628 2658 5684 hanc
2688 5629 2847 5684 enim
2874 5629 2998 5698 ille,
3031 5635 3313 5702 tanquam
3343 5637 3612 5689 matrem.
