3964 6144
415 330 551 383 1367

417 453 491 508 ad
523 451 902 524 praestantius
933 449 1306 520 diviniusque
1338 448 1788 505 tabernaculum
1822 448 1882 502 in
1913 448 2061 503 San-

419 547 516 596 cta
540 545 883 596 sanctorum
917 539 1241 594 transtulit.

493 631 681 701 Agite,
715 646 747 684 o
782 629 1010 695 fideles,
1043 628 1115 682 ad
1174 627 1275 681 Dei
1338 627 1652 682 Genitricis
1721 627 2058 698 sepulcrum

427 717 801 786 accedemus,
834 718 1103 788 illudque
1134 716 1848 788 amplectemur,pectora,
1873 717 2061 782 labra,

421 807 645 874 oculos,
677 808 934 861 frontem
967 808 1195 861 sincere
1245 807 1591 878 afﬁgentes;
1625 805 1880 876 indeque
1915 807 2060 860 hau-

417 897 642 951 riemus
673 896 912 966 copiosa
949 895 1414 950 medicaminum
1447 911 1714 964 munera,
1749 911 1778 949 e
1808 894 2060 966 perenni

413 985 577 1040 fonte
621 986 949 1040 manantia.

484 1074 699 1144 Accipe
730 1090 762 1128 a
795 1074 989 1140 nobis,
1035 1073 1134 1126 Dei
1183 1073 1435 1127 viventis
1492 1074 1692 1141 Mater,
1761 1073 2055 1126 canticum

414 1167 486 1218 De
507 1165 660 1216 accitu
691 1179 711 1224 ;
742 1178 971 1232 nosque
1004 1161 1266 1215 luciferas
1298 1177 1365 1216 ac
1421 1161 1634 1215 divina:
1689 1165 1800 1214 tum
1858 1161 2059 1231 gratia)

416 1251 524 1306 sub
555 1250 769 1305 umbra
799 1255 1037 1322 protege
1070 1267 1082 1316 ;
1116 1250 1236 1321 regi
1288 1250 1642 1320 triumphos,
1693 1248 2058 1302 Christicolae

415 1339 634 1411 populo
666 1355 891 1409 pacem,
926 1339 1276 1393 canentibus
1319 1338 1553 1392 veniam
1607 1338 2060 1408 animarumque

421 1425 673 1480 salutem
707 1424 1018 1496 elargiens.

1926 328 2294 378 ADDENDA.

3642 331 3743 385 1368

2091 455 2140 514 Α
2173 445 2248 509 ὡς
2276 446 2484 521 μητέρα
2512 445 2713 516 ταύτην
2741 445 2818 510 εἰς
2854 446 2920 501 τὰ
2978 449 3148 522 Ἀγια
3199 453 3309 504 τῶν
3364 448 3526 523 ἁγίων
3583 473 3745 524 μετατι-

2171 545 2318 604 θησι.

2246 629 2429 693 Δεῦτε,
2463 625 2516 679 οἱ
2539 625 2744 693 πιστοὶ,
2773 626 2852 696 τῷ
2874 625 3027 698 τάφῳ
3054 625 3440 700 προσέλθωμεν
3463 634 3555 696 τῆς
3573 633 3743 700 Θεομή-

2166 734 2349 788 τορος⁹
2383 715 2472 768 καὶ
2506 715 2980 787 περιπτυξώμεθα,
3013 713 3257 788 καρδίας,
3307 716 3496 790 χείλη,
3551 714 3741 788 ὄμματα,

2172 803 2396 873 μέτωπα
2480 801 2790 876 εἰλικρινῶς
2857 801 3276 876 προσάπτοντες⁹
3333 806 3418 859 καὶ
3479 805 3742 879 ἀρυσώμεθα

2170 889 2412 962 ἰαμάτων
2437 887 2645 966 ἄφθονα
2670 891 2985 966 χαρίσματα
3045 889 3103 946 ἐκ
3158 899 3338 968 πηγῆς
3396 893 3600 947 ἀεννάου
3645 893 3742 966 βλα-

2170 999 2442 1036 στανοντα.

2242 1067 2415 1142 Δέχου
2445 1069 2572 1142 παρ’
2603 1070 2762 1140 ἡμῶν
2822 1066 2970 1140 ᾠδὴν
3027 1071 3126 1138 τὴν
3184 1067 3411 1140 ἐξόδιον,
3468 1076 3633 1143 Μῆτερ
3676 1077 3742 1125 τοῦ

2172 1161 2373 1225 ζῶντος
2404 1162 2561 1223 Θεοῦ,
2617 1157 2706 1211 καὶ
2753 1161 2820 1230 τῇ
2877 1159 3180 1236 φωτοφόρῳ
3229 1181 3323 1213 σου
3376 1161 3463 1214 καὶ
3509 1159 3612 1230 θείᾳ
3656 1159 3743 1214 ἐπι·

2171 1245 2385 1299 σκίασον
2414 1248 2620 1320 χάριτι’
2673 1250 2752 1317 τῷ
2809 1245 3025 1319 βασιλεῖ
3077 1249 3144 1301 τὰ
3200 1249 3453 1323 ορόπαια,
3508 1248 3579 1318 τῴ
3621 1256 3742 1324 φιλο-

2169 1333 2381 1408 Χρίστῳ
2413 1331 2529 1405 λαῷ
2557 1336 2656 1403 τήν
2686 1334 2928 1406 εἰρήνην,
2978 1332 3162 1408 ἄφεσιν
3219 1342 3336 1397 τοῖς
3389 1334 3637 1410 μέλπουσι
3681 1339 3741 1389 καὶ

2170 1427 2362 1498 ψυχῶν
2395 1424 2662 1500 σωτηρίαν
2700 1420 3053 1496 βραϐεύουσα.

672 1793 930 1846 Carmina
947 1792 1020 1845 ad
1039 1792 1435 1846 exodiasticum
1452 1792 1810 1859 pertinentia.

422 1900 701 1964 Quaenam
733 1897 864 1951 vitae
894 1897 1182 1968 voluptas,
1217 1904 1442 1969 perstat
1472 1897 1692 1952 doloris
1726 1916 1954 1969 expers,

424 1988 563 2051 Quae
597 1987 784 2057 gloria
814 1990 1162 2057 permansit,
1198 1988 1259 2040 in
1301 1992 1457 2041 terra
1499 1987 1599 2041 diu
1633 1988 1914 2043 duratura
1945 1989 1971 2043 ‘?

427 2079 648 2134 Umbra
678 2081 890 2131 cuncta
917 2076 1040 2129 haec
1073 2082 1212 2129 sunt
1242 2076 1590 2141 infirmiora,
1650 2084 1862 2131 cuncta
1920 2095 2070 2132 som-

1504 2166 1642 2235 [niis
1671 2166 1991 2222 fallaciora.

435 2257 492 2311 Si
565 2255 654 2310 vel
703 2270 887 2308 unum
970 2258 1338 2307 momentum
1385 2252 1570 2308 fluat:
1623 2261 1836 2310 cuncta
1883 2256 2067 2310 letum

1717 2345 1995 2418 [colliget.

439 2437 646 2488 Verum
681 2434 741 2488 in
773 2433 999 2486 lumine
1029 2431 1225 2487 vultus
1257 2432 1358 2497 tui,
1393 2433 1640 2488 Christe.

437 2526 508 2578 Et
537 2525 596 2576 in
629 2521 1094 2593 pulchritudinis
1127 2527 1241 2575 tum
1266 2522 1572 2586 suavitate,

435 2613 499 2666 Ei
523 2628 698 2681 quem
729 2611 976 2682 elegisti,
1011 2610 1086 2664 da
1112 2611 1399 2680 requiem,
1429 2617 1494 2665 ut
1521 2611 1833 2685 benignus.

436 2703 560 2756 Heu
591 2700 966 2770 melqualem
997 2699 1214 2754 luctam
1247 2700 1446 2755 anima
1474 2717 1504 2755 e
1527 2717 1771 2772 corpore
1803 2710 2074 2775 separata

1670 2790 1949 2861 [sustinet
1975 2793 2003 2848 ?

436 2879 558 2932 Heu
590 2893 684 2931 me
721 2877 731 2929 l
768 2881 1055 2947 quantum
1078 2876 1289 2947 plorat,
1324 2894 1432 2932 nec
1467 2884 1554 2932 est
1585 2881 1684 2950 qui
1720 2881 2075 2937 misereatur

1824 2971 1998 3040 [ejus.

436 3054 523 3108 Ad
552 3054 796 3125 angelos
829 3055 877 3108 si
901 3058 1203 3108 convertat
1230 3054 1453 3122 oculos,
1486 3055 1651 3110 irrite
1685 3056 2076 3128 deprecatur?

436 3232 491 3285 Si
520 3231 592 3286 ad
615 3231 892 3285 homines
925 3230 1130 3285 tendat
1155 3246 1392 3297 manus,
1427 3248 1598 3301 opem
1623 3234 1723 3303 qui
1767 3233 1937 3300 ferat,
1962 3253 2081 3294 non

1744 3325 2006 3389 [invenit.

440 3409 686 3474 Idcirco,
720 3409 919 3463 dilecti
949 3409 1182 3474 fratres,
1228 3408 1572 3464 brevitatem
1629 3412 1759 3466 vitae
1817 3421 2080 3470 contem-

445 3587 728 3656 Requiem
762 3586 1038 3641 defuncto
1080 3586 1239 3652 huic,
1273 3603 1305 3640 a
1335 3586 1564 3641 Christo
1597 3502 2007 3659 deprecglirliiiitrl‘.’

442 3767 510 3818 Et
542 3782 816 3836 magnam
849 3765 1161 3819 animabus
1193 3767 1412 3820 nostris
1445 3768 1935 3826 misericordiam.

443 3856 585 3909 Vani
598 3861 682 3907 tas
699 3860 836 3907 sunt
861 3857 1124 3908 humana
1139 3860 1370 3922 cuncta,
1397 3873 1528 3924 quae
1543 3863 1677 3926 post
1695 3864 1943 3912 mortem
1959 3876 2075 3913 non

1360 3945 1638 4014 [amplius
1670 3947 2002 4000 exstabunt.

437 4031 662 4086 Divitias
694 4047 986 4102 nusquam
1042 4036 1379 4101 supersunt,
1431 4048 1540 4086 nec
1598 4049 1707 4087 nos
1767 4035 2080 4090 comitatur

1775 4122 2002 4194 [gloria.

439 4211 700 4278 Repente
731 4225 988 4279 namque
1019 4211 1441 4280 super\'(_-;.E;)ns
1475 4226 1654 4277 mors,
1685 4213 1810 4267 haec
1866 4218 2078 4268 cuncta

1707 4300 2000 4372 [dissipat.

605 4413 834 4466 Christo
867 4417 1181 4482 propterea
1209 4413 1530 4466 immortali
1559 4415 1904 4471 clamemus.

439 4518 502 4570 Ei
536 4517 635 4586 qui
669 4534 701 4570 a
734 4517 905 4569 nobis
939 4517 1209 4586 migravit
1236 4517 1311 4570 da
1339 4517 1628 4586 requiem,

435 4605 543 4660 Ubi
576 4605 902 4658 laetantium
926 4604 1194 4658 omnium
1225 4610 1315 4658 est
1344 4605 1648 4660 habitatio.

437 4693 542 4748 Ubi
578 4693 782 4748 mundi
818 4697 907 4747 est
935 4693 1179 4746 affectus
1201 4691 1228 4746 ?

439 4783 544 4837 Ubi
580 4799 777 4836 rerum
815 4781 1084 4835 inanium
1130 4780 1405 4850 species?

439 4871 545 4925 Ubi
577 4888 786 4925 aurum
819 4876 876 4924 et
906 4874 1215 4940 argentum
1245 4868 1272 4922 ?

439 4958 544 5013 Ubi
577 4959 748 5014 turba
778 4965 835 5012 et
867 4957 1158 5013 tumultus
1189 4957 1547 5012 famulorum
1583 4959 1610 5013 ?

439 5046 650 5101 Omnia
678 5047 889 5116 pulvis,

437 5131 649 5187 Omnia
679 5133 850 5199 cinis,

436 5220 645 5274 Omnia
675 5226 812 5274 sunt
832 5221 1077 5275 umbrae.

435 5307 651 5359 Verum
681 5305 937 5360 accedite
971 5313 1028 5361 et
1054 5308 1375 5364 immortali
1412 5309 1534 5382 regi
1567 5309 1932 5366 clamemus:

513 5539 587 5606 (α)
618 5539 790 5591 Anam.
823 5538 994 5609 ApAL.
1030 5537 1262 5605 DANIEL,
1297 5540 1598 5594 Thesaurus
1629 5541 2074 5609 hymmologicus,

435 5609 476 5661 Ι.
517 5610 665 5663 Goar
699 5624 711 5661 :
746 5607 1135 5675 Euchologium
1165 5610 1274 5663 sive
1299 5609 1514 5665 Rituale
1544 5607 1858 5666 Hrazrorum
1891 5607 1983 5666 ed.
2017 5615 2068 5670 2.

2093 1793 2138 1855 Β

2315 1785 2590 1861 Ἰδιόμελα
2622 1787 2673 1842 ἐν
2697 1789 2990 1860 ἀκοΛουθίᾳ
3031 1795 3128 1844 τοῦ
3169 1788 3532 1860 έξοδιαστικοῦ
3557 1794 3643 1865 (α).

2172 1894 2309 1950 Ποία
2338 1900 2436 1948 τοῦ
2473 1894 2593 1970 βίου
2614 1898 2790 1972 τρυφὴ
2825 1894 3057 1968 διαμένει
3108 1895 3287 1965 λύπης
3326 1898 3613 1972 ἀμέτοχος,

2172 1981 2309 2036 Ποία
2341 1980 2464 2055 δόξα
2487 1982 2704 2054 ἔστηκεν
2733 1983 2819 2037 ἐπέ
2852 1987 2951 2059 γῆς
2986 1986 3308 2056 ἀμετάθετος
3333 2006 3347 2054 ;

2178 2070 2354 2126 Πάντα
2399 2078 2550 2136 σκιᾶς
2620 2074 2987 2148 ἀσθενέστερα,
3064 2076 3238 2128 πάντα
3301 2075 3518 2149 ὀνείρων
3588 2076 3745 2145 ἀπατη-

3495 2163 3696 2237 [λότερα.

2175 2248 2291 2305 Μία
2321 2249 2486 2324 ῥοπὴ,
2519 2251 2608 2305 καὶ
2637 2255 2803 2305 ταῦτα
2830 2251 3002 2306 πάντα
3033 2251 3255 2316 θάνατος
3284 2250 3601 2328 διαδέχεται.

2173 2427 2335 2484 Ἀλλ’
2363 2427 2415 2482 ἐν
2445 2433 2523 2499 τῷ
2553 2429 2714 2506 φωτὶ,
2747 2431 2967 2503 Χριστὲ,
2998 2434 3099 2484 τοῦ
3129 2431 3431 2503 προσώπου
3463 2451 3571 2498 σου,

2177 2517 2280 2573 Καὶ
2307 2515 2386 2588 τῷ
2408 2517 2712 2591 γλυκασμῷ
2731 2525 2830 2580 τίς
2855 2525 2953 2588 σῆς
2974 2519 3342 2593 ὡραιότητος,

2176 2607 2276 2662 ’Ὀν
2317 2605 2558 2676 ἐξελέξω,
2593 2609 2917 2675 ἀνάπαυσον,
2941 2607 3016 2668 ὡς
3046 2606 3454 2684 φιλάνθρωπος.

2178 2691 2364 2766 Οἴμοι,
2398 2695 2508 2749 οἷον
2537 2695 2722 2769 ἀγῶνα
2781 2694 2897 2769 ἔχει
2929 2698 2962 2764 ἡ
3003 2697 3154 2770 ψυχὴ
3190 2698 3538 2772 χωριζομένη
3588 2696 3636 2751 ἐκ
3678 2698 3742 2748 τοῦ

3449 2788 3700 2859 [σώματος.

2178 2870 2369 2944 Οῗμοι,
2401 2874 2524 2927 τότε
2553 2872 2695 2927 πόσα
2725 2870 2965 2948 δακρύει,
2995 2874 3084 2928 καὶ
3117 2873 3222 2948 οὐχ
3280 2875 3510 2951 ὑπάρχει
3563 2875 3588 2928 6
3625 2872 3744 2927 ἐλεῶν

3529 2962 3698 3036 [αὐτήν.

2180 3050 2324 3125 Πρὸς
2360 3049 2488 3112 τοὺς
2538 3047 2799 3125 ἀγγέλους
2855 3052 2920 3104 τὰ
2987 3046 3210 3124 ὄμματα
3249 3050 3505 3128 ῥέπουσα,
3561 3054 3742 3126 ἄπρακτα

2099 3152 2142 3216 C
3377 3139 3699 3214 [καθικετεῦει.

2191 3227 2333 3298 Πρὸς
2390 3225 2516 3287 τοὺς
2570 3226 2888 3300 ἀνθρώπους
2931 3225 3026 3289 τὰς
3083 3232 3271 3301 χεῖρας
3354 3227 3649 3293 ἐκτείνουσα,
3685 3222 3749 3278 οὐκ

3101 3312 3238 3389 [ἔχει
3294 3317 3389 3371 τὸν
3426 3319 3701 3391 βοηθοῦντα.

2189 3403 2302 3471 Διὸ,
2357 3402 2625 3476 ἀγαπητοί
2682 3425 2788 3476 μου
2841 3401 3088 3480 ἀδελφοὶ,
3149 3401 3494 3474 ἐννοήσαντες
3542 3407 3672 3475 ἡμῶν
3711 3399 3751 3451 τὸ

3211 3495 3420 3570 [βραχὺ
3452 3499 3542 3558 τῆς
3572 3499 3703 3562 ζωῆς.

2185 3583 2279 3652 Τῷ
2311 3584 2629 3654 μεταστάντι
2660 3583 2756 3651 τήν
2819 3585 3112 3639 ἂνάπαυσιν
3168 3588 3318 3661 παρὰ
3370 3589 3588 3661 Χριστοῦ
3637 3580 3748 3645 αἴτη-

3483 3674 3698 3748 [σώμεθα,

2186 3759 2287 3814 Καὶ
2309 3766 2430 3822 ταῖς
2456 3763 2659 3835 ψυχαῖς
2690 3763 2851 3833 ἡμῶν
2874 3763 2936 3816 τὸ
2971 3762 3108 3838 μέγα
3137 3759 3312 3824 ἕλεος.

2186 3850 2365 3903 Πάντα
2419 3849 2712 3920 ματαιότης
2754 3851 2819 3903 τὰ
2875 3851 3207 3924 ἀνθρώπινα,
3257 3852 3362 3907 ὅσα
3417 3851 3517 3926 οὐχ
3569 3849 3748 3921 ὑπάρχει

3312 3942 3466 4015 [μετᾶ
3494 3940 3698 4003 θάνατον,

2186 4027 2265 4082 Οὐ
2298 4028 2587 4100 παραμένει
2621 4028 2648 4081 ὁ
2679 4026 2937 4096 πλοῦτος,
2973 4027 3034 4082 οὔ
3059 4027 3337 4084 συνοδευει
3358 4033 3392 4098 ἡ
3426 4027 3555 4094 δόξα.

2184 4201 2459 4266 Ἐπελθὼν
2490 4204 2588 4277 γὰρ
2622 4204 2650 4257 6
2680 4205 2907 4263 θάνατος
2954 4208 3119 4258 ταῦτα
3150 4205 3322 4260 πάντα
3351 4204 3669 4282 ἐξηφάνισται,

2470 4409 2562 4462 Διὸ
2591 4409 2810 4482 Χριστῷ
2837 4413 2916 4480 τῷ
2948 4408 3195 4481 ἀθανάτῳ
3234 4411 3534 4483 βοῆσωμεν.

2107 4515 2152 4575 Il
2181 4517 2285 4570 Τὸν
2325 4516 2654 4588 μεταστάντα
2685 4515 2735 4584 ἐξ
2765 4517 2922 4585 ἡμῶν
2957 4515 3285 4574 ἀνάπαυσον,

2182 4606 2348 4667 "Eva:
2379 4605 2590 4657 πάντων
2620 4601 2759 4656 ἐστὶν
2802 4603 3242 4679 εὐφραινομένων
3271 4606 3306 4672 ἡ
3338 4602 3583 4658 κατοικία.

2181 4697 2291 4746 Ποῦ
2323 4692 2460 4746 ἐστιν
2495 4694 2527 4760 ἡ
2557 4694 2651 4745 τοῦ
2679 4691 2888 4762 κόσμου
2911 4691 3247 4764 προσπάθεια
3279 4712 3291 4760 ;

2182 4785 2292 4834 Ποῦ
2327 4779 2465 4832 ἐττιν
2498 4783 2531 4846 ἡ
2564 4783 2671 4832 τῶν
2705 4779 3047 4853 προσκαίρων
3081 4780 3342 4854 φαντασία
3377 4799 3390 4848 ;

2181 4873 2292 4922 Ποῦ
2317 4867 2456 4922 ἐστιν
2492 4869 2518 4920 ὁ
2552 4867 2754 4940 χρυσὸς
2789 4868 2875 4919 καὶ
2910 4868 2936 4918 ὁ
2970 4868 3206 4941 ἄργυρος
3237 4888 3251 4934 ς

2182 4959 2294 5012 Ποῦ
2325 4955 2462 5010 ἐστιν
2495 4959 2600 5008 τῶν
2635 4953 2856 5008 οἰκετῶν
2886 4957 2919 5022 ἡ
2953 4953 3269 5028 πλημμυρα
3298 4957 3385 5010 καὶ
3417 4945 3688 5028 όθόρυῧοςς

2181 5044 2359 5100 Πάντα
2388 5043 2556 5111 κόνις,

2181 5129 2358 5187 Πάντα
2387 5132 2579 5207 τέφρα,

2180 5223 2362 5278 Πάντα
2388 5222 2526 5278 σκιά.

2183 5308 2357 5366 Ἀλλὰ
2389 5306 2559 5379 δεῦτε,
2592 5311 2878 5385 βοήσωμεν
2904 5315 2984 5383 τῷ
3015 5309 3263 5383 ἀθανάτῳ
3291 5308 3516 5386 βασιλεῖ.

2107 5543 2202 5616 ill,
2244 5545 2328 5616 96,
2365 5544 2594 5614 Legitur
2623 5545 2799 5599 etiam
2832 5546 2894 5600 in
2925 5547 3130 5602 Ofﬁcio
3190 5545 3575 5616 exsequiarum
3621 5527 3726 5605 ει)ηά

2107 5613 2382 5681 Venetiis,
2427 5613 2581 5682 {730,
2609 5617 2712 5673 428
2753 5633 2767 5683 ;
2801 5618 2893 5674 ed.
2927 5619 3112 5674 Paris.
3141 5620 3262 5673 532.
